  <div class='ocr_page' id='page_1' title='image "/cluster/home/n/w/nwhite01/storage/ocr_20150623/115/uva.x004215515/364.png"; bbox 0 0 4158 6494; ppageno 0'>
   <div class='ocr_carea' id='block_1_1' title="bbox 226 438 334 499">
    <p class='ocr_par' dir='ltr' id='par_1_1' title="bbox 226 438 334 499">
     <span class='ocr_line' id='line_1_1' title="bbox 226 438 334 499; baseline 0.028 -5"><span class='ocrx_word' id='word_1_1' title='bbox 226 438 334 499; x_wconf 73' lang='grc'><strong>669</strong></span> 
     </span>
    </p>
   </div>
   <div class='ocr_carea' id='block_1_2' title="bbox 1155 427 2532 493">
    <p class='ocr_par' dir='ltr' id='par_1_2' title="bbox 1155 427 2532 493">
     <span class='ocr_line' id='line_1_2' title="bbox 1155 427 2532 493; baseline -0.002 0"><span class='ocrx_word' id='word_1_2' title='bbox 1155 430 1331 493; x_wconf 69' lang='lat' dir='ltr'><strong>VITA</strong></span> <span class='ocrx_word' id='word_1_3' title='bbox 1371 429 1432 491; x_wconf 90' lang='lat' dir='ltr'><strong>S.</strong></span> <span class='ocrx_word' id='word_1_4' title='bbox 1469 428 1904 488; x_wconf 62' lang='lat' dir='ltr'><strong>THEODORAS</strong></span> <span class='ocrx_word' id='word_1_5' title='bbox 1938 427 2532 490; x_wconf 76' lang='lat' dir='ltr'><strong>ALEXANDRlN/E.</strong></span> 
     </span>
    </p>
   </div>
   <div class='ocr_carea' id='block_1_3' title="bbox 3353 435 3464 498">
    <p class='ocr_par' dir='ltr' id='par_1_3' title="bbox 3353 435 3464 498">
     <span class='ocr_line' id='line_1_3' title="bbox 3353 435 3464 498; baseline 0.018 -2"><span class='ocrx_word' id='word_1_6' title='bbox 3353 435 3464 498; x_wconf 85' lang='lat'><strong>670</strong></span> 
     </span>
    </p>
   </div>
   <div class='ocr_carea' id='block_1_4' title="bbox 217 528 1777 621">
    <p class='ocr_par' dir='ltr' id='par_1_4' title="bbox 217 545 1777 621">
     <span class='ocr_line' id='line_1_4' title="bbox 217 545 1777 621; baseline -0.001 -19"><span class='ocrx_word' id='word_1_7' title='bbox 217 551 594 621; x_wconf 74' lang='grc' dir='ltr'><strong>προσανάθου,</strong></span> <span class='ocrx_word' id='word_1_8' title='bbox 627 548 682 601; x_wconf 83' lang='grc' dir='ltr'><strong>τί</strong></span> <span class='ocrx_word' id='word_1_9' title='bbox 705 549 766 602; x_wconf 75' lang='grc' dir='ltr'><strong>τὸ</strong></span> <span class='ocrx_word' id='word_1_10' title='bbox 793 547 991 601; x_wconf 79' lang='grc' dir='ltr'>δάκνον</span> <span class='ocrx_word' id='word_1_11' title='bbox 1024 564 1117 600; x_wconf 87' lang='grc' dir='ltr'><strong>σου</strong></span> <span class='ocrx_word' id='word_1_12' title='bbox 1149 551 1247 614; x_wconf 75' lang='grc' dir='ltr'><strong>τὴν</strong></span> <span class='ocrx_word' id='word_1_13' title='bbox 1279 545 1494 616; x_wconf 73' lang='grc' dir='ltr'>ψυχὴν,</span> <span class='ocrx_word' id='word_1_14' title='bbox 1526 548 1622 600; x_wconf 71' lang='grc' dir='ltr'><strong>καὶ</strong></span> <span class='ocrx_word' id='word_1_15' title='bbox 1664 548 1777 606; x_wconf 63' lang='grc' dir='ltr'>ἴσως</span> 
     </span>
    </p>
   </div>
   <div class='ocr_carea' id='block_1_5' title="bbox 1878 528 3466 621">
    <p class='ocr_par' dir='ltr' id='par_1_5' title="bbox 1899 545 3466 619">
     <span class='ocr_line' id='line_1_5' title="bbox 1899 545 3466 619; baseline 0.004 -21"><span class='ocrx_word' id='word_1_16' title='bbox 1899 545 2054 610; x_wconf 85' lang='lat' dir='ltr'><strong>Quod</strong></span> <span class='ocrx_word' id='word_1_17' title='bbox 2096 545 2318 614; x_wconf 84' lang='lat' dir='ltr'><strong>quidem</strong></span> <span class='ocrx_word' id='word_1_18' title='bbox 2351 559 2476 600; x_wconf 90' lang='lat' dir='ltr'><strong>cum</strong></span> <span class='ocrx_word' id='word_1_19' title='bbox 2501 547 2736 614; x_wconf 89' lang='lat' dir='ltr'><strong>primum</strong></span> <span class='ocrx_word' id='word_1_20' title='bbox 2766 545 3080 612; x_wconf 85' lang='lat' dir='ltr'><strong>evolvisset,</strong></span> <span class='ocrx_word' id='word_1_21' title='bbox 3116 547 3278 602; x_wconf 80' lang='lat' dir='ltr'><strong>simul</strong></span> <span class='ocrx_word' id='word_1_22' title='bbox 3302 556 3466 619; x_wconf 84' lang='lat' dir='ltr'><strong>atque</strong></span> 
     </span>
    </p>
   </div>
   <div class='ocr_carea' id='block_1_6' title="bbox 205 637 1787 712">
    <p class='ocr_par' dir='ltr' id='par_1_6' title="bbox 205 637 1787 712">
     <span class='ocr_line' id='line_1_6' title="bbox 205 637 1787 712; baseline -0.004 -15"><span class='ocrx_word' id='word_1_23' title='bbox 205 644 306 697; x_wconf 69' lang='grc' dir='ltr'>οὒκ</span> <span class='ocrx_word' id='word_1_24' title='bbox 354 643 711 712; x_wconf 79' lang='grc' dir='ltr'><strong>ἀπορήσομεν</strong></span> <span class='ocrx_word' id='word_1_25' title='bbox 756 639 1076 712; x_wconf 77' lang='grc' dir='ltr'>θεραπείας.</span> <span class='ocrx_word' id='word_1_26' title='bbox 1135 639 1200 689; x_wconf 86' lang='lat' dir='ltr'><strong>&#39;H</strong></span> <span class='ocrx_word' id='word_1_27' title='bbox 1223 639 1304 701; x_wconf 80' lang='grc' dir='ltr'><strong>δὲ,</strong></span> <span class='ocrx_word' id='word_1_28' title='bbox 1337 642 1400 708; x_wconf 82' lang='grc' dir='ltr'>τῇ</span> <span class='ocrx_word' id='word_1_29' title='bbox 1454 640 1647 710; x_wconf 80' lang='grc' dir='ltr'>μνήμῃ</span> <span class='ocrx_word' id='word_1_30' title='bbox 1691 637 1787 691; x_wconf 85' lang='grc' dir='ltr'>τοῦ</span> 
     </span>
    </p>
   </div>
   <div class='ocr_carea' id='block_1_7' title="bbox 206 732 1788 805">
    <p class='ocr_par' dir='ltr' id='par_1_7' title="bbox 206 732 1788 805">
     <span class='ocr_line' id='line_1_7' title="bbox 206 732 1788 805; baseline 0.005 -16"><span class='ocrx_word' id='word_1_31' title='bbox 206 738 491 805; x_wconf 79' lang='grc' dir='ltr'>γεγονότος</span> <span class='ocrx_word' id='word_1_32' title='bbox 544 735 834 805; x_wconf 75' lang='grc' dir='ltr'>κινηθεῖσα</span> <span class='ocrx_word' id='word_1_33' title='bbox 885 732 1021 804; x_wconf 82' lang='grc' dir='ltr'>πρὸς</span> <span class='ocrx_word' id='word_1_34' title='bbox 1097 733 1334 803; x_wconf 84' lang='grc' dir='ltr'>δάκρυα,</span> <span class='ocrx_word' id='word_1_35' title='bbox 1395 734 1453 785; x_wconf 81' lang='grc' dir='ltr'>τὸ</span> <span class='ocrx_word' id='word_1_36' title='bbox 1505 733 1567 798; x_wconf 77' lang='grc' dir='ltr'><strong>ἐξ</strong></span> <span class='ocrx_word' id='word_1_37' title='bbox 1612 734 1788 803; x_wconf 70' lang='grc' dir='ltr'>ἀρχῆς</span> 
     </span>
    </p>
   </div>
   <div class='ocr_carea' id='block_1_8' title="bbox 203 825 1776 898">
    <p class='ocr_par' dir='ltr' id='par_1_8' title="bbox 203 825 1776 898">
     <span class='ocr_line' id='line_1_8' title="bbox 203 825 1776 898; baseline 0.001 -18"><span class='ocrx_word' id='word_1_38' title='bbox 203 828 434 894; x_wconf 78' lang='grc' dir='ltr'>οίτηθὲν</span> <span class='ocrx_word' id='word_1_39' title='bbox 463 829 556 881; x_wconf 71' lang='grc' dir='ltr'>καὶ</span> <span class='ocrx_word' id='word_1_40' title='bbox 592 825 745 890; x_wconf 76' lang='grc' dir='ltr'>αὖθις</span> <span class='ocrx_word' id='word_1_41' title='bbox 782 828 960 898; x_wconf 76' lang='grc' dir='ltr'>ἐζήτει</span> <span class='ocrx_word' id='word_1_42' title='bbox 1006 826 1100 879; x_wconf 82' lang='grc' dir='ltr'><strong>τοῦ</strong></span> <span class='ocrx_word' id='word_1_43' title='bbox 1149 827 1388 895; x_wconf 76' lang='grc' dir='ltr'>Χριστοῦ</span> <span class='ocrx_word' id='word_1_44' title='bbox 1427 827 1776 895; x_wconf 77' lang='grc' dir='ltr'>Εὑαγγὲλιον.</span> 
     </span>
    </p>
   </div>
   <div class='ocr_carea' id='block_1_9' title="bbox 209 918 1789 990">
    <p class='ocr_par' dir='ltr' id='par_1_9' title="bbox 209 918 1789 990">
     <span class='ocr_line' id='line_1_9' title="bbox 209 918 1789 990; baseline 0.001 -17"><span class='ocrx_word' id='word_1_45' title='bbox 209 921 388 990; x_wconf 82' lang='grc' dir='ltr'>’Ὅπερ</span> <span class='ocrx_word' id='word_1_46' title='bbox 421 921 582 983; x_wconf 68' lang='grc' dir='ltr'>εὖθὺς</span> <span class='ocrx_word' id='word_1_47' title='bbox 616 922 904 986; x_wconf 80' lang='grc' dir='ltr'>άνελίξασα</span> <span class='ocrx_word' id='word_1_48' title='bbox 940 918 1058 986; x_wconf 71' lang='grc' dir='ltr'><strong>ἅμα</strong></span> <span class='ocrx_word' id='word_1_49' title='bbox 1090 921 1152 988; x_wconf 79' lang='grc' dir='ltr'>τῇ</span> <span class='ocrx_word' id='word_1_50' title='bbox 1186 919 1410 990; x_wconf 73' lang='grc' dir='ltr'>ἐπιϐολῇ</span> <span class='ocrx_word' id='word_1_51' title='bbox 1441 919 1551 972; x_wconf 86' lang='grc' dir='ltr'><strong>τῶν</strong></span> <span class='ocrx_word' id='word_1_52' title='bbox 1593 919 1789 986; x_wconf 64' lang='grc' dir='ltr'>ὀφθαλ-</span> 
     </span>
    </p>
   </div>
   <div class='ocr_carea' id='block_1_10' title="bbox 209 1005 1781 1080">
    <p class='ocr_par' dir='ltr' id='par_1_10' title="bbox 209 1005 1781 1080">
     <span class='ocr_line' id='line_1_10' title="bbox 209 1005 1781 1080; baseline 0.001 -18"><span class='ocrx_word' id='word_1_53' title='bbox 209 1011 327 1080; x_wconf 77' lang='grc' dir='ltr'><strong>μῶν</strong></span> <span class='ocrx_word' id='word_1_54' title='bbox 350 1015 527 1064; x_wconf 85' lang='grc' dir='ltr'>ἐκεῖνο</span> <span class='ocrx_word' id='word_1_55' title='bbox 551 1005 707 1076; x_wconf 67' lang='grc' dir='ltr'>εὗρεν</span> <span class='ocrx_word' id='word_1_56' title='bbox 727 1011 1064 1078; x_wconf 78' lang='grc' dir='ltr'>ἐγκείμενον,</span> <span class='ocrx_word' id='word_1_57' title='bbox 1091 1011 1146 1062; x_wconf 69' lang='grc' dir='ltr'>τὸ</span> <span class='ocrx_word' id='word_1_58' title='bbox 1169 1010 1196 1061; x_wconf 87' lang='grc' dir='ltr'><strong>δ</strong></span> <span class='ocrx_word' id='word_1_59' title='bbox 1221 1011 1470 1080; x_wconf 80' lang='grc' dir='ltr'>γέγραρα</span> <span class='ocrx_word' id='word_1_60' title='bbox 1503 1011 1781 1079; x_wconf 76' lang='grc' dir='ltr'>γέγραφα.</span> 
     </span>
    </p>
   </div>
   <div class='ocr_carea' id='block_1_11' title="bbox 207 1102 1786 1176">
    <p class='ocr_par' dir='ltr' id='par_1_11' title="bbox 207 1102 1786 1176">
     <span class='ocr_line' id='line_1_11' title="bbox 207 1102 1786 1176; baseline -0.002 -19"><span class='ocrx_word' id='word_1_61' title='bbox 207 1106 319 1157; x_wconf 75' lang='grc' dir='ltr'>Καὶ</span> <span class='ocrx_word' id='word_1_62' title='bbox 351 1106 560 1158; x_wconf 80' lang='grc' dir='ltr'>αὐτίκα</span> <span class='ocrx_word' id='word_1_63' title='bbox 590 1104 738 1176; x_wconf 81' lang='grc' dir='ltr'>λύπῃ</span> <span class='ocrx_word' id='word_1_64' title='bbox 774 1103 966 1173; x_wconf 68' lang='grc' dir='ltr'>βαρείᾳ</span> <span class='ocrx_word' id='word_1_65' title='bbox 1000 1103 1098 1172; x_wconf 81' lang='grc' dir='ltr'><strong>τὴν</strong></span> <span class='ocrx_word' id='word_1_66' title='bbox 1131 1102 1313 1171; x_wconf 70' lang='grc' dir='ltr'>ψυχὴν</span> <span class='ocrx_word' id='word_1_67' title='bbox 1337 1104 1633 1172; x_wconf 74' lang='grc' dir='ltr'>πληγεῖσα,</span> <span class='ocrx_word' id='word_1_68' title='bbox 1665 1105 1786 1165; x_wconf 84' lang='grc' dir='ltr'>ταῖς</span> 
     </span>
    </p>
   </div>
   <div class='ocr_carea' id='block_1_12' title="bbox 205 1194 1784 1266">
    <p class='ocr_par' dir='ltr' id='par_1_12' title="bbox 205 1194 1784 1266">
     <span class='ocr_line' id='line_1_12' title="bbox 205 1194 1784 1266; baseline 0.001 -19"><span class='ocrx_word' id='word_1_69' title='bbox 205 1197 364 1264; x_wconf 85' lang='grc' dir='ltr'>χερσί</span> <span class='ocrx_word' id='word_1_70' title='bbox 388 1215 446 1250; x_wconf 86' lang='grc' dir='ltr'><strong>τε</strong></span> <span class='ocrx_word' id='word_1_71' title='bbox 469 1197 567 1266; x_wconf 80' lang='grc' dir='ltr'><strong>τὴν</strong></span> <span class='ocrx_word' id='word_1_72' title='bbox 586 1197 708 1262; x_wconf 69' lang='grc' dir='ltr'>ὄψιν</span> <span class='ocrx_word' id='word_1_73' title='bbox 728 1194 1036 1258; x_wconf 71' lang='grc' dir='ltr'>πατάξασα,</span> <span class='ocrx_word' id='word_1_74' title='bbox 1072 1195 1210 1249; x_wconf 71' lang='grc' dir='ltr'>Οὐαί</span> <span class='ocrx_word' id='word_1_75' title='bbox 1239 1213 1329 1264; x_wconf 88' lang='grc' dir='ltr'><strong>μοι</strong></span> <span class='ocrx_word' id='word_1_76' title='bbox 1347 1197 1413 1266; x_wconf 76' lang='grc' dir='ltr'>τῇ</span> <span class='ocrx_word' id='word_1_77' title='bbox 1440 1196 1620 1266; x_wconf 77' lang='grc' dir='ltr'>ἀθλία,</span> <span class='ocrx_word' id='word_1_78' title='bbox 1644 1195 1784 1263; x_wconf 81' lang='grc' dir='ltr'>μέγα</span> 
     </span>
    </p>
   </div>
   <div class='ocr_carea' id='block_1_13' title="bbox 207 1287 1783 1358">
    <p class='ocr_par' dir='ltr' id='par_1_13' title="bbox 207 1287 1783 1358">
     <span class='ocr_line' id='line_1_13' title="bbox 207 1287 1783 1358; baseline 0.001 -21"><span class='ocrx_word' id='word_1_79' title='bbox 207 1289 404 1357; x_wconf 66' lang='grc' dir='ltr'>ἐϐόησε</span> <span class='ocrx_word' id='word_1_80' title='bbox 429 1306 442 1320; x_wconf 77' lang='grc' dir='ltr'><strong><em>ο</em></strong></span> <span class='ocrx_word' id='word_1_81' title='bbox 483 1287 586 1358; x_wconf 82' lang='grc' dir='ltr'><strong>φεῦ</strong></span> <span class='ocrx_word' id='word_1_82' title='bbox 621 1289 717 1357; x_wconf 78' lang='grc' dir='ltr'>τῆς</span> <span class='ocrx_word' id='word_1_83' title='bbox 751 1288 982 1356; x_wconf 81' lang='grc' dir='ltr'>πλάνης,</span> <span class='ocrx_word' id='word_1_84' title='bbox 1021 1288 1123 1356; x_wconf 71' lang='grc' dir='ltr'><strong>φεῦ</strong></span> <span class='ocrx_word' id='word_1_85' title='bbox 1154 1287 1250 1342; x_wconf 79' lang='grc' dir='ltr'>τοῦ</span> <span class='ocrx_word' id='word_1_86' title='bbox 1277 1289 1668 1358; x_wconf 71' lang='grc' dir='ltr'>τολμήματοςὲ</span> <span class='ocrx_word' id='word_1_87' title='bbox 1702 1289 1783 1350; x_wconf 78' lang='grc' dir='ltr'>εἰς</span> 
     </span>
    </p>
   </div>
   <div class='ocr_carea' id='block_1_14' title="bbox 210 1361 1784 1447">
    <p class='ocr_par' dir='ltr' id='par_1_14' title="bbox 210 1361 1784 1447">
     <span class='ocr_line' id='line_1_14' title="bbox 210 1361 1784 1447; baseline 0.001 -20"><span class='ocrx_word' id='word_1_88' title='bbox 210 1379 322 1444; x_wconf 71' lang='grc' dir='ltr'><strong>γὰρ</strong></span> <span class='ocrx_word' id='word_1_89' title='bbox 372 1377 470 1445; x_wconf 78' lang='grc' dir='ltr'>τὴν</span> <span class='ocrx_word' id='word_1_90' title='bbox 517 1377 612 1428; x_wconf 79' lang='grc' dir='ltr'><strong>τού</strong></span> <span class='ocrx_word' id='word_1_91' title='bbox 666 1377 861 1446; x_wconf 71' lang='grc' dir='ltr'>ἀνδρὸς</span> <span class='ocrx_word' id='word_1_92' title='bbox 907 1376 1172 1447; x_wconf 77' lang='grc' dir='ltr'>ἐξύϐρισα</span> <span class='ocrx_word' id='word_1_93' title='bbox 1219 1378 1428 1446; x_wconf 77' lang='grc' dir='ltr'><strong>κοίτην.</strong></span> <span class='ocrx_word' id='word_1_94' title='bbox 1456 1361 1660 1429; x_wconf 21' lang='grc' dir='ltr'>’Ταῦτα</span> <span class='ocrx_word' id='word_1_95' title='bbox 1691 1376 1784 1429; x_wconf 83' lang='grc' dir='ltr'><strong>λέ-</strong></span> 
     </span>
    </p>
   </div>
   <div class='ocr_carea' id='block_1_15' title="bbox 210 1469 1782 1540">
    <p class='ocr_par' dir='ltr' id='par_1_15' title="bbox 210 1469 1782 1540">
     <span class='ocr_line' id='line_1_15' title="bbox 210 1469 1782 1540; baseline 0.001 -20"><span class='ocrx_word' id='word_1_96' title='bbox 210 1485 411 1534; x_wconf 84' lang='grc' dir='ltr'>γουσα,</span> <span class='ocrx_word' id='word_1_97' title='bbox 445 1469 541 1523; x_wconf 79' lang='grc' dir='ltr'>καὶ</span> <span class='ocrx_word' id='word_1_98' title='bbox 594 1469 907 1540; x_wconf 85' lang='grc' dir='ltr'>συγχύσεως</span> <span class='ocrx_word' id='word_1_99' title='bbox 952 1471 1053 1540; x_wconf 79' lang='grc' dir='ltr'><strong>μὲν</strong></span> <span class='ocrx_word' id='word_1_100' title='bbox 1087 1471 1184 1539; x_wconf 77' lang='grc' dir='ltr'>τὴν</span> <span class='ocrx_word' id='word_1_101' title='bbox 1221 1471 1453 1540; x_wconf 75' lang='grc' dir='ltr'>καρδίαν</span> <span class='ocrx_word' id='word_1_102' title='bbox 1481 1510 1497 1534; x_wconf 92' lang='grc'><strong>,</strong></span> <span class='ocrx_word' id='word_1_103' title='bbox 1528 1469 1782 1538; x_wconf 78' lang='grc' dir='ltr'>δακρύων</span> 
     </span>
    </p>
   </div>
   <div class='ocr_carea' id='block_1_16' title="bbox 205 1563 1782 1634">
    <p class='ocr_par' dir='ltr' id='par_1_16' title="bbox 205 1563 1782 1634">
     <span class='ocr_line' id='line_1_16' title="bbox 205 1563 1782 1634; baseline 0.001 -20"><span class='ocrx_word' id='word_1_104' title='bbox 205 1563 261 1615; x_wconf 79' lang='grc' dir='ltr'><strong>δὲ</strong></span> <span class='ocrx_word' id='word_1_105' title='bbox 310 1563 597 1632; x_wconf 79' lang='grc' dir='ltr'>πληροῦσα</span> <span class='ocrx_word' id='word_1_106' title='bbox 646 1565 707 1617; x_wconf 81' lang='grc' dir='ltr'>τὸ</span> <span class='ocrx_word' id='word_1_107' title='bbox 760 1565 980 1634; x_wconf 80' lang='grc' dir='ltr'>ἔδαφος,</span> <span class='ocrx_word' id='word_1_108' title='bbox 1017 1565 1113 1618; x_wconf 79' lang='grc' dir='ltr'>καὶ</span> <span class='ocrx_word' id='word_1_109' title='bbox 1164 1565 1300 1634; x_wconf 75' lang='grc' dir='ltr'>μηδὲ</span> <span class='ocrx_word' id='word_1_110' title='bbox 1343 1564 1405 1616; x_wconf 86' lang='grc' dir='ltr'>τὸ</span> <span class='ocrx_word' id='word_1_111' title='bbox 1433 1563 1586 1632; x_wconf 77' lang='grc' dir='ltr'>δμμα</span> <span class='ocrx_word' id='word_1_112' title='bbox 1643 1563 1782 1632; x_wconf 67' lang='grc' dir='ltr'>πρὸς</span> 
     </span>
    </p>
   </div>
   <div class='ocr_carea' id='block_1_17' title="bbox 203 1657 1781 1728">
    <p class='ocr_par' dir='ltr' id='par_1_17' title="bbox 203 1657 1781 1728">
     <span class='ocr_line' id='line_1_17' title="bbox 203 1657 1781 1728; baseline 0.001 -22"><span class='ocrx_word' id='word_1_113' title='bbox 203 1657 474 1725; x_wconf 80' lang='grc' dir='ltr'>οὐρανοὺς</span> <span class='ocrx_word' id='word_1_114' title='bbox 504 1659 686 1728; x_wconf 78' lang='grc' dir='ltr'>αἴρειν</span> <span class='ocrx_word' id='word_1_115' title='bbox 738 1658 1019 1728; x_wconf 84' lang='grc' dir='ltr'>τολμῶσα,</span> <span class='ocrx_word' id='word_1_116' title='bbox 1052 1658 1189 1710; x_wconf 84' lang='grc' dir='ltr'><strong>ἀλλά</strong></span> <span class='ocrx_word' id='word_1_117' title='bbox 1219 1659 1313 1711; x_wconf 77' lang='grc' dir='ltr'><strong>καὶ</strong></span> <span class='ocrx_word' id='word_1_118' title='bbox 1356 1658 1549 1710; x_wconf 87' lang='grc' dir='ltr'>τούτου</span> <span class='ocrx_word' id='word_1_119' title='bbox 1589 1658 1781 1726; x_wconf 83' lang='grc' dir='ltr'>ἀπείρ-</span> 
     </span>
    </p>
   </div>
   <div class='ocr_carea' id='block_1_18' title="bbox 1893 635 3465 711">
    <p class='ocr_par' dir='ltr' id='par_1_18' title="bbox 1893 635 3465 711">
     <span class='ocr_line' id='line_1_18' title="bbox 1893 635 3465 711; baseline 0.004 -22"><span class='ocrx_word' id='word_1_120' title='bbox 1893 635 2085 704; x_wconf 82' lang='lat' dir='ltr'><strong>injecit</strong></span> <span class='ocrx_word' id='word_1_121' title='bbox 2112 637 2320 699; x_wconf 88' lang='lat' dir='ltr'><strong>oculos,</strong></span> <span class='ocrx_word' id='word_1_122' title='bbox 2354 636 2712 691; x_wconf 89' lang='lat' dir='ltr'><strong>invenitillud</strong></span> <span class='ocrx_word' id='word_1_123' title='bbox 2733 639 2996 708; x_wconf 87' lang='lat' dir='ltr'><strong>scriptum</strong></span> <span class='ocrx_word' id='word_1_124' title='bbox 3032 655 3046 692; x_wconf 89' lang='lat'><strong>:</strong></span> <span class='ocrx_word' id='word_1_125' title='bbox 3071 639 3226 704; x_wconf 88' lang='lat' dir='ltr'><strong>Quod</strong></span> <span class='ocrx_word' id='word_1_126' title='bbox 3240 643 3465 711; x_wconf 79' lang='lat' dir='ltr'><strong>scripsi,</strong></span> 
     </span>
    </p>
   </div>
   <div class='ocr_carea' id='block_1_19' title="bbox 1891 727 3459 797">
    <p class='ocr_par' dir='ltr' id='par_1_19' title="bbox 1891 727 3459 797">
     <span class='ocr_line' id='line_1_19' title="bbox 1891 727 3459 797; baseline 0.004 -17"><span class='ocrx_word' id='word_1_127' title='bbox 1891 727 2086 796; x_wconf 87' lang='lat' dir='ltr'><strong>scripsi</strong></span> <span class='ocrx_word' id='word_1_128' title='bbox 2122 727 2166 781; x_wconf 71' lang='grc'><strong>⁸.</strong></span> <span class='ocrx_word' id='word_1_129' title='bbox 2212 745 2230 779; x_wconf 73' lang='grc' dir='ltr'><strong>ι</strong></span> <span class='ocrx_word' id='word_1_130' title='bbox 2270 728 2337 782; x_wconf 85' lang='grc' dir='ltr'>Ει</span> <span class='ocrx_word' id='word_1_131' title='bbox 2386 727 2548 781; x_wconf 85' lang='lat' dir='ltr'><strong>simul</strong></span> <span class='ocrx_word' id='word_1_132' title='bbox 2587 729 2738 797; x_wconf 81' lang='lat' dir='ltr'><strong>gravi</strong></span> <span class='ocrx_word' id='word_1_133' title='bbox 2772 729 2939 783; x_wconf 88' lang='lat' dir='ltr'><strong>animi</strong></span> <span class='ocrx_word' id='word_1_134' title='bbox 2967 730 3158 786; x_wconf 93' lang='lat' dir='ltr'><strong>dolore</strong></span> <span class='ocrx_word' id='word_1_135' title='bbox 3189 734 3459 797; x_wconf 88' lang='lat' dir='ltr'><strong>sauciata,</strong></span> 
     </span>
    </p>
   </div>
   <div class='ocr_carea' id='block_1_20' title="bbox 1891 818 3464 888">
    <p class='ocr_par' dir='ltr' id='par_1_20' title="bbox 1891 818 3464 888">
     <span class='ocr_line' id='line_1_20' title="bbox 1891 818 3464 888; baseline 0.006 -18"><span class='ocrx_word' id='word_1_136' title='bbox 1891 827 1949 871; x_wconf 88' lang='lat' dir='ltr'><strong>ct</strong></span> <span class='ocrx_word' id='word_1_137' title='bbox 1977 818 2226 872; x_wconf 88' lang='lat' dir='ltr'><strong>manibus</strong></span> <span class='ocrx_word' id='word_1_138' title='bbox 2255 834 2412 873; x_wconf 89' lang='lat' dir='ltr'><strong>suam</strong></span> <span class='ocrx_word' id='word_1_139' title='bbox 2458 821 2681 888; x_wconf 78' lang='lat' dir='ltr'><strong>pulsans</strong></span> <span class='ocrx_word' id='word_1_140' title='bbox 2717 820 2908 876; x_wconf 82' lang='lat' dir='ltr'><strong>faciem</strong></span> <span class='ocrx_word' id='word_1_141' title='bbox 2945 839 2958 875; x_wconf 92' lang='lat'>:</span> <span class='ocrx_word' id='word_1_142' title='bbox 2991 821 3090 876; x_wconf 89' lang='lat' dir='ltr'><strong>Hei</strong></span> <span class='ocrx_word' id='word_1_143' title='bbox 3125 824 3256 878; x_wconf 86' lang='lat' dir='ltr'><strong>mihi</strong></span> <span class='ocrx_word' id='word_1_144' title='bbox 3297 824 3464 879; x_wconf 84' lang='lat' dir='ltr'><strong>mise-</strong></span> 
     </span>
    </p>
   </div>
   <div class='ocr_carea' id='block_1_21' title="bbox 1891 912 3458 981">
    <p class='ocr_par' dir='ltr' id='par_1_21' title="bbox 1891 912 3458 981">
     <span class='ocr_line' id='line_1_21' title="bbox 1891 912 3458 981; baseline 0.006 -19"><span class='ocrx_word' id='word_1_145' title='bbox 1891 926 1988 975; x_wconf 71' lang='lat' dir='ltr'><strong>rm,</strong></span> <span class='ocrx_word' id='word_1_146' title='bbox 2016 926 2209 981; x_wconf 80' lang='lat' dir='ltr'><strong>magna</strong></span> <span class='ocrx_word' id='word_1_147' title='bbox 2236 927 2372 966; x_wconf 83' lang='lat' dir='ltr'><strong>voce</strong></span> <span class='ocrx_word' id='word_1_148' title='bbox 2407 912 2726 966; x_wconf 74' lang='lat' dir='ltr'><strong>exclamavit</strong></span> <span class='ocrx_word' id='word_1_149' title='bbox 2761 931 2775 980; x_wconf 90' lang='lat'>;</span> <span class='ocrx_word' id='word_1_150' title='bbox 2836 930 2868 968; x_wconf 88' lang='grc' dir='ltr'><strong>ο</strong></span> <span class='ocrx_word' id='word_1_151' title='bbox 2917 930 3182 977; x_wconf 87' lang='lat' dir='ltr'><strong>errorem,</strong></span> <span class='ocrx_word' id='word_1_152' title='bbox 3215 931 3247 968; x_wconf 85' lang='grc' dir='ltr'><strong>ο</strong></span> <span class='ocrx_word' id='word_1_153' title='bbox 3282 917 3458 971; x_wconf 80' lang='lat' dir='ltr'><strong>audax</strong></span> 
     </span>
    </p>
   </div>
   <div class='ocr_carea' id='block_1_22' title="bbox 1889 1002 3458 1073">
    <p class='ocr_par' dir='ltr' id='par_1_22' title="bbox 1889 1002 3458 1073">
     <span class='ocr_line' id='line_1_22' title="bbox 1889 1002 3458 1073; baseline 0.004 -18"><span class='ocrx_word' id='word_1_154' title='bbox 1889 1002 2137 1056; x_wconf 79' lang='lat' dir='ltr'><strong>facinus!</strong></span> <span class='ocrx_word' id='word_1_155' title='bbox 2183 1003 2380 1057; x_wconf 79' lang='lat' dir='ltr'><strong>violavi</strong></span> <span class='ocrx_word' id='word_1_156' title='bbox 2432 1003 2533 1059; x_wconf 82' lang='lat' dir='ltr'><strong>viri</strong></span> <span class='ocrx_word' id='word_1_157' title='bbox 2575 1005 2771 1058; x_wconf 81' lang='lat' dir='ltr'><strong>cubile.</strong></span> <span class='ocrx_word' id='word_1_158' title='bbox 2833 1005 2959 1060; x_wconf 59' lang='lat' dir='ltr'><strong>llmc</strong></span> <span class='ocrx_word' id='word_1_159' title='bbox 3010 1007 3223 1073; x_wconf 86' lang='lat' dir='ltr'><strong>dicens,</strong></span> <span class='ocrx_word' id='word_1_160' title='bbox 3267 1017 3323 1062; x_wconf 91' lang='lat' dir='ltr'><strong>et</strong></span> <span class='ocrx_word' id='word_1_161' title='bbox 3366 1024 3458 1062; x_wconf 80' lang='lat' dir='ltr'><strong>eor</strong></span> 
     </span>
    </p>
   </div>
   <div class='ocr_carea' id='block_1_23' title="bbox 1888 1092 3454 1169">
    <p class='ocr_par' dir='ltr' id='par_1_23' title="bbox 1888 1092 3454 1169">
     <span class='ocr_line' id='line_1_23' title="bbox 1888 1092 3454 1169; baseline 0.006 -25"><span class='ocrx_word' id='word_1_162' title='bbox 1888 1092 2108 1161; x_wconf 84' lang='lat' dir='ltr'><strong>quidem</strong></span> <span class='ocrx_word' id='word_1_163' title='bbox 2148 1094 2491 1158; x_wconf 77' lang='lat' dir='ltr'><strong>confusione,</strong></span> <span class='ocrx_word' id='word_1_164' title='bbox 2529 1097 2704 1150; x_wconf 78' lang='lat' dir='ltr'><strong>solum</strong></span> <span class='ocrx_word' id='word_1_165' title='bbox 2729 1107 2910 1152; x_wconf 90' lang='lat' dir='ltr'><strong>autem</strong></span> <span class='ocrx_word' id='word_1_166' title='bbox 2941 1099 3157 1168; x_wconf 83' lang='lat' dir='ltr'><strong>replens</strong></span> <span class='ocrx_word' id='word_1_167' title='bbox 3180 1100 3454 1169; x_wconf 84' lang='lat' dir='ltr'><strong>lacrymls,</strong></span> 
     </span>
    </p>
   </div>
   <div class='ocr_carea' id='block_1_24' title="bbox 1885 1185 3457 1255">
    <p class='ocr_par' dir='ltr' id='par_1_24' title="bbox 1885 1185 3457 1255">
     <span class='ocr_line' id='line_1_24' title="bbox 1885 1185 3457 1255; baseline 0.004 -17"><span class='ocrx_word' id='word_1_168' title='bbox 1885 1195 2076 1239; x_wconf 88' lang='lat' dir='ltr'><strong>etnec</strong></span> <span class='ocrx_word' id='word_1_169' title='bbox 2123 1185 2188 1238; x_wconf 91' lang='lat' dir='ltr'><strong>ad</strong></span> <span class='ocrx_word' id='word_1_170' title='bbox 2231 1187 2426 1240; x_wconf 73' lang='lat' dir='ltr'><strong>cmlum</strong></span> <span class='ocrx_word' id='word_1_171' title='bbox 2465 1188 2686 1255; x_wconf 85' lang='lat' dir='ltr'><strong>quidem</strong></span> <span class='ocrx_word' id='word_1_172' title='bbox 2722 1191 2929 1244; x_wconf 86' lang='lat' dir='ltr'><strong>audens</strong></span> <span class='ocrx_word' id='word_1_173' title='bbox 2975 1191 3161 1245; x_wconf 86' lang='lat' dir='ltr'><strong>oculos</strong></span> <span class='ocrx_word' id='word_1_174' title='bbox 3187 1191 3457 1254; x_wconf 82' lang='lat' dir='ltr'><strong>attollere,</strong></span> 
     </span>
    </p>
   </div>
   <div class='ocr_carea' id='block_1_25' title="bbox 1882 1273 3456 1348">
    <p class='ocr_par' dir='ltr' id='par_1_25' title="bbox 1882 1273 3456 1348">
     <span class='ocr_line' id='line_1_25' title="bbox 1882 1273 3456 1348; baseline 0.003 -22"><span class='ocrx_word' id='word_1_175' title='bbox 1882 1273 1981 1327; x_wconf 88' lang='lat' dir='ltr'><strong>sed</strong></span> <span class='ocrx_word' id='word_1_176' title='bbox 2011 1277 2176 1326; x_wconf 91' lang='lat' dir='ltr'><strong>etiam</strong></span> <span class='ocrx_word' id='word_1_177' title='bbox 2201 1275 2268 1327; x_wconf 86' lang='lat' dir='ltr'><strong>ab</strong></span> <span class='ocrx_word' id='word_1_178' title='bbox 2294 1276 2395 1329; x_wconf 86' lang='lat' dir='ltr'><strong>hoc</strong></span> <span class='ocrx_word' id='word_1_179' title='bbox 2436 1275 2625 1330; x_wconf 86' lang='lat' dir='ltr'><strong>dicens</strong></span> <span class='ocrx_word' id='word_1_180' title='bbox 2650 1292 2708 1331; x_wconf 90' lang='lat' dir='ltr'><strong>se</strong></span> <span class='ocrx_word' id='word_1_181' title='bbox 2746 1281 2943 1341; x_wconf 82' lang='lat' dir='ltr'><strong>arceri,</strong></span> <span class='ocrx_word' id='word_1_182' title='bbox 2976 1289 3036 1333; x_wconf 90' lang='lat' dir='ltr'><strong>ut</strong></span> <span class='ocrx_word' id='word_1_183' title='bbox 3084 1296 3202 1348; x_wconf 67' lang='lat' dir='ltr'><strong>quae</strong></span> <span class='ocrx_word' id='word_1_184' title='bbox 3245 1280 3456 1332; x_wconf 74' lang='lat' dir='ltr'><strong>nefario</strong></span> 
     </span>
    </p>
   </div>
   <div class='ocr_carea' id='block_1_26' title="bbox 1889 1364 3458 1439">
    <p class='ocr_par' dir='ltr' id='par_1_26' title="bbox 1889 1364 3458 1439">
     <span class='ocr_line' id='line_1_26' title="bbox 1889 1364 3458 1439; baseline 0.004 -21"><span class='ocrx_word' id='word_1_185' title='bbox 1889 1379 1987 1418; x_wconf 91' lang='lat' dir='ltr'><strong>suo</strong></span> <span class='ocrx_word' id='word_1_186' title='bbox 2018 1364 2221 1434; x_wconf 86' lang='lat' dir='ltr'><strong>ﬂagitio</strong></span> <span class='ocrx_word' id='word_1_187' title='bbox 2257 1367 2432 1434; x_wconf 80' lang='lat' dir='ltr'><strong>ipsum</strong></span> <span class='ocrx_word' id='word_1_188' title='bbox 2480 1368 2641 1422; x_wconf 89' lang='lat' dir='ltr'><strong>etiam</strong></span> <span class='ocrx_word' id='word_1_189' title='bbox 2707 1385 2885 1423; x_wconf 88' lang='lat' dir='ltr'><strong>aerem</strong></span> <span class='ocrx_word' id='word_1_190' title='bbox 2942 1371 3213 1439; x_wconf 88' lang='lat' dir='ltr'><strong>polluerit.</strong></span> <span class='ocrx_word' id='word_1_191' title='bbox 3269 1371 3458 1425; x_wconf 85' lang='lat' dir='ltr'><strong>statuit</strong></span> 
     </span>
    </p>
   </div>
   <div class='ocr_carea' id='block_1_27' title="bbox 1890 1453 3457 1526">
    <p class='ocr_par' dir='ltr' id='par_1_27' title="bbox 1890 1453 3457 1526">
     <span class='ocr_line' id='line_1_27' title="bbox 1890 1453 3457 1526; baseline 0.004 -18"><span class='ocrx_word' id='word_1_192' title='bbox 1890 1453 2276 1523; x_wconf 72' lang='lat' dir='ltr'><strong>deincepsnon</strong></span> <span class='ocrx_word' id='word_1_193' title='bbox 2303 1459 2540 1526; x_wconf 82' lang='lat' dir='ltr'><strong>amplius</strong></span> <span class='ocrx_word' id='word_1_194' title='bbox 2589 1475 2813 1513; x_wconf 90' lang='lat' dir='ltr'><strong>manere</strong></span> <span class='ocrx_word' id='word_1_195' title='bbox 2853 1460 2907 1513; x_wconf 90' lang='lat' dir='ltr'><strong>in</strong></span> <span class='ocrx_word' id='word_1_196' title='bbox 2941 1462 3168 1526; x_wconf 79' lang='lat' dir='ltr'><strong>munde,</strong></span> <span class='ocrx_word' id='word_1_197' title='bbox 3200 1471 3255 1515; x_wconf 93' lang='lat' dir='ltr'><strong>et</strong></span> <span class='ocrx_word' id='word_1_198' title='bbox 3287 1463 3340 1514; x_wconf 91' lang='lat' dir='ltr'><strong>in</strong></span> <span class='ocrx_word' id='word_1_199' title='bbox 3393 1462 3457 1516; x_wconf 90' lang='lat' dir='ltr'><strong>iis</strong></span> 
     </span>
    </p>
   </div>
   <div class='ocr_carea' id='block_1_28' title="bbox 1891 1548 3461 1624">
    <p class='ocr_par' dir='ltr' id='par_1_28' title="bbox 1891 1548 3461 1624">
     <span class='ocr_line' id='line_1_28' title="bbox 1891 1548 3461 1624; baseline 0.006 -29"><span class='ocrx_word' id='word_1_200' title='bbox 1891 1561 2014 1614; x_wconf 71' lang='lat' dir='ltr'><strong>qua:</strong></span> <span class='ocrx_word' id='word_1_201' title='bbox 2046 1551 2175 1599; x_wconf 81' lang='lat' dir='ltr'><strong>sunt</strong></span> <span class='ocrx_word' id='word_1_202' title='bbox 2204 1548 2414 1612; x_wconf 87' lang='lat' dir='ltr'><strong>mundi,</strong></span> <span class='ocrx_word' id='word_1_203' title='bbox 2445 1549 2536 1602; x_wconf 87' lang='lat' dir='ltr'><strong>sed</strong></span> <span class='ocrx_word' id='word_1_204' title='bbox 2565 1551 2989 1616; x_wconf 75' lang='lat' dir='ltr'><strong>sapientissimis</strong></span> <span class='ocrx_word' id='word_1_205' title='bbox 3019 1553 3268 1624; x_wconf 79' lang='lat' dir='ltr'><strong>cogitatis</strong></span> <span class='ocrx_word' id='word_1_206' title='bbox 3328 1567 3461 1622; x_wconf 85' lang='lat' dir='ltr'><strong>sup-</strong></span> 
     </span>
    </p>
   </div>
   <div class='ocr_carea' id='block_1_29' title="bbox 1891 1636 2728 1708">
    <p class='ocr_par' dir='ltr' id='par_1_29' title="bbox 1891 1636 2728 1708">
     <span class='ocr_line' id='line_1_29' title="bbox 1891 1636 2728 1708; baseline 0.013 -22"><span class='ocrx_word' id='word_1_207' title='bbox 1891 1636 2133 1705; x_wconf 86' lang='lat' dir='ltr'><strong>plantare</strong></span> <span class='ocrx_word' id='word_1_208' title='bbox 2157 1653 2280 1692; x_wconf 90' lang='lat' dir='ltr'><strong>eum</strong></span> <span class='ocrx_word' id='word_1_209' title='bbox 2303 1639 2391 1708; x_wconf 89' lang='lat' dir='ltr'><strong>qui</strong></span> <span class='ocrx_word' id='word_1_210' title='bbox 2416 1640 2728 1708; x_wconf 85' lang='lat' dir='ltr'><strong>deceperat.</strong></span> 
     </span>
    </p>
   </div>
   <div class='ocr_carea' id='block_1_30' title="bbox 206 1748 3457 1832">
    <p class='ocr_par' dir='ltr' id='par_1_30' title="bbox 206 1748 3457 1832">
     <span class='ocr_line' id='line_1_30' title="bbox 206 1748 3457 1832; baseline 0.005 -32"><span class='ocrx_word' id='word_1_211' title='bbox 206 1748 403 1813; x_wconf 86' lang='grc' dir='ltr'>γεσθαι</span> <span class='ocrx_word' id='word_1_212' title='bbox 443 1749 700 1818; x_wconf 78' lang='grc' dir='ltr'>λέγουσα,</span> <span class='ocrx_word' id='word_1_213' title='bbox 749 1750 824 1813; x_wconf 85' lang='grc' dir='ltr'>ὡς</span> <span class='ocrx_word' id='word_1_214' title='bbox 875 1752 971 1804; x_wconf 68' lang='grc' dir='ltr'><strong>καὶ</strong></span> <span class='ocrx_word' id='word_1_215' title='bbox 1021 1750 1099 1818; x_wconf 84' lang='grc' dir='ltr'>τῷ</span> <span class='ocrx_word' id='word_1_216' title='bbox 1143 1751 1264 1820; x_wconf 82' lang='grc' dir='ltr'>ἀέρι</span> <span class='ocrx_word' id='word_1_217' title='bbox 1337 1750 1611 1818; x_wconf 79' lang='grc' dir='ltr'>μολυσμὸν</span> <span class='ocrx_word' id='word_1_218' title='bbox 1669 1749 1834 1803; x_wconf 79' lang='grc' dir='ltr'>δοῦσα</span> <span class='ocrx_word' id='word_1_219' title='bbox 1867 1754 1930 1818; x_wconf 76' lang='grc' dir='ltr'>τῇ</span> <span class='ocrx_word' id='word_1_220' title='bbox 1986 1751 2185 1822; x_wconf 79' lang='grc' dir='ltr'>ἀτοπία</span> <span class='ocrx_word' id='word_1_221' title='bbox 2245 1753 2338 1806; x_wconf 80' lang='grc' dir='ltr'>τοῦ</span> <span class='ocrx_word' id='word_1_222' title='bbox 2392 1757 2826 1826; x_wconf 75' lang='grc' dir='ltr'>ἐγχειρήματος,</span> <span class='ocrx_word' id='word_1_223' title='bbox 2880 1758 2953 1830; x_wconf 76' lang='grc' dir='ltr'>μὴ</span> <span class='ocrx_word' id='word_1_224' title='bbox 2994 1761 3313 1832; x_wconf 82' lang='grc' dir='ltr'>προσθεῖναι</span> <span class='ocrx_word' id='word_1_225' title='bbox 3363 1760 3457 1814; x_wconf 71' lang='grc' dir='ltr'>τὸν</span> 
     </span>
    </p>
   </div>
   <div class='ocr_carea' id='block_1_31' title="bbox 205 1843 3455 1928">
    <p class='ocr_par' dir='ltr' id='par_1_31' title="bbox 205 1843 3455 1928">
     <span class='ocr_line' id='line_1_31' title="bbox 205 1843 3455 1928; baseline 0.005 -35"><span class='ocrx_word' id='word_1_226' title='bbox 205 1843 398 1896; x_wconf 67' lang='grc' dir='ltr'>λοιπὸν</span> <span class='ocrx_word' id='word_1_227' title='bbox 444 1846 585 1911; x_wconf 76' lang='grc' dir='ltr'>ἔγνω</span> <span class='ocrx_word' id='word_1_228' title='bbox 625 1847 819 1913; x_wconf 79' lang='grc' dir='ltr'>κόσμῳ</span> <span class='ocrx_word' id='word_1_229' title='bbox 853 1848 1183 1912; x_wconf 74' lang='grc' dir='ltr'>προσμεῖναι</span> <span class='ocrx_word' id='word_1_230' title='bbox 1215 1845 1453 1906; x_wconf 75' lang='grc' dir='ltr'>καὶτοῖς</span> <span class='ocrx_word' id='word_1_231' title='bbox 1504 1847 1560 1896; x_wconf 86' lang='grc' dir='ltr'><strong>ὲν</strong></span> <span class='ocrx_word' id='word_1_232' title='bbox 1617 1849 1830 1915; x_wconf 78' lang='grc' dir='ltr'>κόσμῳ,</span> <span class='ocrx_word' id='word_1_233' title='bbox 1880 1845 2018 1898; x_wconf 70' lang='grc' dir='ltr'>ἀλλὰ</span> <span class='ocrx_word' id='word_1_234' title='bbox 2050 1848 2391 1916; x_wconf 81' lang='grc' dir='ltr'>σοφωτάταις</span> <span class='ocrx_word' id='word_1_235' title='bbox 2436 1852 2712 1915; x_wconf 73' lang='grc' dir='ltr'><strong>ἐπινοίαις</strong></span> <span class='ocrx_word' id='word_1_236' title='bbox 2774 1859 3066 1924; x_wconf 84' lang='grc' dir='ltr'>πτερνίσαι</span> <span class='ocrx_word' id='word_1_237' title='bbox 3107 1857 3198 1909; x_wconf 77' lang='grc' dir='ltr'>τὸν</span> <span class='ocrx_word' id='word_1_238' title='bbox 3237 1857 3455 1928; x_wconf 73' lang='grc' dir='ltr'>ἀπατή-</span> 
     </span>
    </p>
   </div>
   <div class='ocr_carea' id='block_1_32' title="bbox 207 1952 402 1988">
    <p class='ocr_par' dir='ltr' id='par_1_32' title="bbox 207 1952 402 1988">
     <span class='ocr_line' id='line_1_32' title="bbox 207 1952 402 1988; baseline -0.005 0"><span class='ocrx_word' id='word_1_239' title='bbox 207 1952 402 1988; x_wconf 80' lang='grc' dir='ltr'>σαντα.</span> 
     </span>
    </p>
   </div>
   <div class='ocr_carea' id='block_1_33' title="bbox 278 2023 1859 2100">
    <p class='ocr_par' dir='ltr' id='par_1_33' title="bbox 278 2023 1859 2100">
     <span class='ocr_line' id='line_1_33' title="bbox 278 2023 1859 2100; baseline 0.004 -24"><span class='ocrx_word' id='word_1_240' title='bbox 278 2024 354 2080; x_wconf 83' lang='lat' dir='ltr'><strong>A&#39;.</strong></span> <span class='ocrx_word' id='word_1_241' title='bbox 379 2023 491 2077; x_wconf 76' lang='grc' dir='ltr'><strong>Καὶ</strong></span> <span class='ocrx_word' id='word_1_242' title='bbox 514 2023 756 2095; x_wconf 88' lang='grc' dir='ltr'>ἀνδρεῖον</span> <span class='ocrx_word' id='word_1_243' title='bbox 782 2024 983 2080; x_wconf 78' lang='grc' dir='ltr'>αὐτίκα</span> <span class='ocrx_word' id='word_1_244' title='bbox 1021 2025 1209 2096; x_wconf 77' lang='grc' dir='ltr'>σχῆμα</span> <span class='ocrx_word' id='word_1_245' title='bbox 1234 2029 1568 2100; x_wconf 72' lang='grc' dir='ltr'>περιθεμένη</span> <span class='ocrx_word' id='word_1_246' title='bbox 1587 2070 1599 2090; x_wconf 88' lang='grc'><strong>.</strong></span> <span class='ocrx_word' id='word_1_247' title='bbox 1633 2029 1784 2082; x_wconf 80' lang='grc' dir='ltr'>ὡσάν</span> <span class='ocrx_word' id='word_1_248' title='bbox 1819 2035 1859 2090; x_wconf 82' lang='grc' dir='ltr'><strong>Β</strong></span> 
     </span>
    </p>
   </div>
   <div class='ocr_carea' id='block_1_34' title="bbox 203 2118 1780 2193">
    <p class='ocr_par' dir='ltr' id='par_1_34' title="bbox 203 2118 1780 2193">
     <span class='ocr_line' id='line_1_34' title="bbox 203 2118 1780 2193; baseline 0.004 -24"><span class='ocrx_word' id='word_1_249' title='bbox 203 2118 348 2170; x_wconf 68' lang='grc' dir='ltr'>οὕτω</span> <span class='ocrx_word' id='word_1_250' title='bbox 373 2120 500 2181; x_wconf 85' lang='grc' dir='ltr'>τοὺς</span> <span class='ocrx_word' id='word_1_251' title='bbox 531 2119 828 2183; x_wconf 83' lang='grc' dir='ltr'>διώκοντας</span> <span class='ocrx_word' id='word_1_252' title='bbox 861 2119 1008 2190; x_wconf 78' lang='grc' dir='ltr'>λάθῃ</span> <span class='ocrx_word' id='word_1_253' title='bbox 1035 2121 1173 2192; x_wconf 75' lang='grc' dir='ltr'>(ᾔδει</span> <span class='ocrx_word' id='word_1_254' title='bbox 1211 2123 1319 2191; x_wconf 84' lang='grc' dir='ltr'>γὰρ</span> <span class='ocrx_word' id='word_1_255' title='bbox 1357 2123 1433 2186; x_wconf 83' lang='grc' dir='ltr'>ὡς</span> <span class='ocrx_word' id='word_1_256' title='bbox 1464 2125 1668 2193; x_wconf 73' lang='grc' dir='ltr'>σφόδρα</span> <span class='ocrx_word' id='word_1_257' title='bbox 1702 2125 1780 2191; x_wconf 83' lang='grc' dir='ltr'>τῷ</span> 
     </span>
    </p>
   </div>
   <div class='ocr_carea' id='block_1_35' title="bbox 207 2210 1779 2287">
    <p class='ocr_par' dir='ltr' id='par_1_35' title="bbox 207 2210 1779 2287">
     <span class='ocr_line' id='line_1_35' title="bbox 207 2210 1779 2287; baseline 0.003 -24"><span class='ocrx_word' id='word_1_258' title='bbox 207 2211 367 2280; x_wconf 79' lang='grc' dir='ltr'>ἀνδρὶ</span> <span class='ocrx_word' id='word_1_259' title='bbox 402 2210 629 2280; x_wconf 84' lang='grc' dir='ltr'>μελήσει</span> <span class='ocrx_word' id='word_1_260' title='bbox 666 2215 794 2282; x_wconf 65' lang='grc' dir='ltr'>περὶ</span> <span class='ocrx_word' id='word_1_261' title='bbox 827 2214 1000 2282; x_wconf 83' lang='grc' dir='ltr'>αὐτῆς</span> <span class='ocrx_word' id='word_1_262' title='bbox 1035 2217 1128 2268; x_wconf 75' lang='grc' dir='ltr'><strong>καὶ</strong></span> <span class='ocrx_word' id='word_1_263' title='bbox 1161 2217 1219 2268; x_wconf 83' lang='grc' dir='ltr'><strong>ού</strong></span> <span class='ocrx_word' id='word_1_264' title='bbox 1259 2218 1523 2270; x_wconf 78' lang='grc' dir='ltr'>παύσεται</span> <span class='ocrx_word' id='word_1_265' title='bbox 1575 2218 1779 2287; x_wconf 87' lang='grc' dir='ltr'>ταύτην</span> 
     </span>
    </p>
   </div>
   <div class='ocr_carea' id='block_1_36' title="bbox 204 2304 1783 2380">
    <p class='ocr_par' dir='ltr' id='par_1_36' title="bbox 204 2304 1783 2380">
     <span class='ocr_line' id='line_1_36' title="bbox 204 2304 1783 2380; baseline 0.006 -27"><span class='ocrx_word' id='word_1_266' title='bbox 204 2304 524 2375; x_wconf 78' lang='grc' dir='ltr'>ἐπιζητῶν),</span> <span class='ocrx_word' id='word_1_267' title='bbox 551 2305 760 2374; x_wconf 83' lang='grc' dir='ltr'>ἀνδρῶν</span> <span class='ocrx_word' id='word_1_268' title='bbox 784 2307 1035 2374; x_wconf 87' lang='grc' dir='ltr'>πρόσεισι</span> <span class='ocrx_word' id='word_1_269' title='bbox 1059 2310 1328 2376; x_wconf 75' lang='grc' dir='ltr'>κοινοδίῳ,</span> <span class='ocrx_word' id='word_1_270' title='bbox 1350 2329 1414 2380; x_wconf 90' lang='grc' dir='ltr'><strong>ση</strong></span> <span class='ocrx_word' id='word_1_271' title='bbox 1426 2310 1783 2378; x_wconf 72' lang='grc' dir='ltr'>μείοιςόκτωο</span> 
     </span>
    </p>
   </div>
   <div class='ocr_carea' id='block_1_37' title="bbox 210 2398 1780 2471">
    <p class='ocr_par' dir='ltr' id='par_1_37' title="bbox 210 2398 1780 2471">
     <span class='ocr_line' id='line_1_37' title="bbox 210 2398 1780 2471; baseline 0.002 -18"><span class='ocrx_word' id='word_1_272' title='bbox 210 2399 444 2453; x_wconf 85' lang='grc' dir='ltr'>καίδεκα</span> <span class='ocrx_word' id='word_1_273' title='bbox 498 2401 597 2467; x_wconf 74' lang='grc' dir='ltr'>τῆς</span> <span class='ocrx_word' id='word_1_274' title='bbox 647 2398 1051 2468; x_wconf 79' lang='grc' dir='ltr'>Ἀλεξανδρέων</span> <span class='ocrx_word' id='word_1_275' title='bbox 1107 2402 1412 2471; x_wconf 76' lang='grc' dir='ltr'>ἀπέχοντι·</span> <span class='ocrx_word' id='word_1_276' title='bbox 1443 2405 1536 2457; x_wconf 72' lang='grc' dir='ltr'><strong>καὶ</strong></span> <span class='ocrx_word' id='word_1_277' title='bbox 1563 2403 1642 2456; x_wconf 78' lang='grc' dir='ltr'>ἔτι</span> <span class='ocrx_word' id='word_1_278' title='bbox 1687 2403 1780 2458; x_wconf 82' lang='grc' dir='ltr'>τοῦ</span> 
     </span>
    </p>
   </div>
   <div class='ocr_carea' id='block_1_38' title="bbox 204 2490 1780 2564">
    <p class='ocr_par' dir='ltr' id='par_1_38' title="bbox 204 2490 1780 2564">
     <span class='ocr_line' id='line_1_38' title="bbox 204 2490 1780 2564; baseline 0.002 -20"><span class='ocrx_word' id='word_1_279' title='bbox 204 2492 451 2552; x_wconf 77' lang='grc' dir='ltr'>πυλῶνος</span> <span class='ocrx_word' id='word_1_280' title='bbox 503 2490 606 2553; x_wconf 77' lang='grc' dir='ltr'><strong>ἔξω</strong></span> <span class='ocrx_word' id='word_1_281' title='bbox 662 2491 1048 2558; x_wconf 78' lang='grc' dir='ltr'>τυγχάνουσα,</span> <span class='ocrx_word' id='word_1_282' title='bbox 1087 2494 1433 2562; x_wconf 79' lang='grc' dir='ltr'>εἰσδεχθῆναί</span> <span class='ocrx_word' id='word_1_283' title='bbox 1491 2513 1551 2548; x_wconf 80' lang='grc' dir='ltr'><strong>τε</strong></span> <span class='ocrx_word' id='word_1_284' title='bbox 1611 2496 1780 2564; x_wconf 81' lang='grc' dir='ltr'>αὐτὴν</span> 
     </span>
    </p>
   </div>
   <div class='ocr_carea' id='block_1_39' title="bbox 201 2581 1774 2654">
    <p class='ocr_par' dir='ltr' id='par_1_39' title="bbox 201 2581 1774 2654">
     <span class='ocr_line' id='line_1_39' title="bbox 201 2581 1774 2654; baseline 0.003 -18"><span class='ocrx_word' id='word_1_285' title='bbox 201 2585 388 2653; x_wconf 68' lang='grc' dir='ltr'><strong>⁴ὴξίου,</strong></span> <span class='ocrx_word' id='word_1_286' title='bbox 423 2582 520 2635; x_wconf 75' lang='grc' dir='ltr'><strong>καὶ</strong></span> <span class='ocrx_word' id='word_1_287' title='bbox 562 2581 658 2635; x_wconf 75' lang='grc' dir='ltr'><strong>τοῦ</strong></span> <span class='ocrx_word' id='word_1_288' title='bbox 693 2583 932 2652; x_wconf 85' lang='grc' dir='ltr'>ἀριθμοῦ</span> <span class='ocrx_word' id='word_1_289' title='bbox 968 2585 1220 2651; x_wconf 79' lang='grc' dir='ltr'>γενέσθαι</span> <span class='ocrx_word' id='word_1_290' title='bbox 1259 2585 1370 2637; x_wconf 83' lang='grc' dir='ltr'><strong>τῶν</strong></span> <span class='ocrx_word' id='word_1_291' title='bbox 1396 2586 1774 2654; x_wconf 82' lang='grc' dir='ltr'>ἀσκουμένων.</span> 
     </span>
    </p>
   </div>
   <div class='ocr_carea' id='block_1_40' title="bbox 213 2673 1777 2745">
    <p class='ocr_par' dir='ltr' id='par_1_40' title="bbox 213 2673 1777 2745">
     <span class='ocr_line' id='line_1_40' title="bbox 213 2673 1777 2745; baseline 0.001 -18"><span class='ocrx_word' id='word_1_292' title='bbox 213 2677 277 2728; x_wconf 83' lang='lat' dir='ltr'><strong>Ol</strong></span> <span class='ocrx_word' id='word_1_293' title='bbox 333 2673 392 2726; x_wconf 79' lang='grc' dir='ltr'>δὲ</span> <span class='ocrx_word' id='word_1_294' title='bbox 441 2674 501 2726; x_wconf 82' lang='grc' dir='ltr'>οὺ</span> <span class='ocrx_word' id='word_1_295' title='bbox 561 2673 828 2745; x_wconf 82' lang='grc' dir='ltr'>πρότερον</span> <span class='ocrx_word' id='word_1_296' title='bbox 877 2674 1086 2743; x_wconf 79' lang='grc' dir='ltr'>ἔφησαν</span> <span class='ocrx_word' id='word_1_297' title='bbox 1132 2675 1306 2745; x_wconf 78' lang='grc' dir='ltr'>αὐτὴν</span> <span class='ocrx_word' id='word_1_298' title='bbox 1354 2675 1777 2738; x_wconf 79' lang='grc' dir='ltr'>εἰσοικίσασθαι,</span> 
     </span>
    </p>
   </div>
   <div class='ocr_carea' id='block_1_41' title="bbox 201 2765 1781 2840">
    <p class='ocr_par' dir='ltr' id='par_1_41' title="bbox 201 2765 1781 2840">
     <span class='ocr_line' id='line_1_41' title="bbox 201 2765 1781 2840; baseline 0.003 -21"><span class='ocrx_word' id='word_1_299' title='bbox 201 2765 387 2821; x_wconf 88' lang='grc' dir='ltr'>καίτοι</span> <span class='ocrx_word' id='word_1_300' title='bbox 441 2766 614 2836; x_wconf 80' lang='grc' dir='ltr'>ἄνδρα</span> <span class='ocrx_word' id='word_1_301' title='bbox 653 2768 868 2830; x_wconf 73' lang='grc' dir='ltr'>τούτοις</span> <span class='ocrx_word' id='word_1_302' title='bbox 913 2767 1007 2819; x_wconf 70' lang='grc' dir='ltr'>καὶ</span> <span class='ocrx_word' id='word_1_303' title='bbox 1044 2768 1165 2836; x_wconf 79' lang='grc' dir='ltr'>ούχὶ</span> <span class='ocrx_word' id='word_1_304' title='bbox 1204 2770 1442 2835; x_wconf 82' lang='grc' dir='ltr'>γυναῖκα</span> <span class='ocrx_word' id='word_1_305' title='bbox 1489 2768 1781 2840; x_wconf 77' lang='grc' dir='ltr'>νομιζομέ-</span> 
     </span>
    </p>
   </div>
   <div class='ocr_carea' id='block_1_42' title="bbox 203 2856 1780 2929">
    <p class='ocr_par' dir='ltr' id='par_1_42' title="bbox 203 2856 1780 2929">
     <span class='ocr_line' id='line_1_42' title="bbox 203 2856 1780 2929; baseline 0.005 -23"><span class='ocrx_word' id='word_1_306' title='bbox 203 2874 327 2925; x_wconf 86' lang='grc' dir='ltr'>νην,</span> <span class='ocrx_word' id='word_1_307' title='bbox 365 2859 415 2909; x_wconf 77' lang='lat' dir='ltr'><strong>ei</strong></span> <span class='ocrx_word' id='word_1_308' title='bbox 464 2856 536 2924; x_wconf 80' lang='grc' dir='ltr'>μὴ</span> <span class='ocrx_word' id='word_1_309' title='bbox 586 2858 719 2925; x_wconf 80' lang='grc' dir='ltr'>παρ’</span> <span class='ocrx_word' id='word_1_310' title='bbox 742 2857 871 2927; x_wconf 76' lang='grc' dir='ltr'>ὅλην</span> <span class='ocrx_word' id='word_1_311' title='bbox 923 2859 1042 2909; x_wconf 79' lang='grc' dir='ltr'>ἐκεῖ</span> <span class='ocrx_word' id='word_1_312' title='bbox 1071 2858 1172 2929; x_wconf 76' lang='grc' dir='ltr'>τὴν</span> <span class='ocrx_word' id='word_1_313' title='bbox 1201 2859 1372 2912; x_wconf 89' lang='grc' dir='ltr'>νύκτα</span> <span class='ocrx_word' id='word_1_314' title='bbox 1406 2860 1617 2929; x_wconf 76' lang='grc' dir='ltr'>αἴθριος</span> <span class='ocrx_word' id='word_1_315' title='bbox 1661 2862 1780 2914; x_wconf 87' lang='grc' dir='ltr'>δια-</span> 
     </span>
    </p>
   </div>
   <div class='ocr_carea' id='block_1_43' title="bbox 202 2948 1781 3023">
    <p class='ocr_par' dir='ltr' id='par_1_43' title="bbox 202 2948 1781 3023">
     <span class='ocr_line' id='line_1_43' title="bbox 202 2948 1781 3023; baseline 0.004 -21"><span class='ocrx_word' id='word_1_316' title='bbox 202 2950 394 3020; x_wconf 82' lang='grc' dir='ltr'>μείνῃ,</span> <span class='ocrx_word' id='word_1_317' title='bbox 427 2948 522 3000; x_wconf 78' lang='grc' dir='ltr'>καὶ</span> <span class='ocrx_word' id='word_1_318' title='bbox 556 2949 804 3017; x_wconf 77' lang='grc' dir='ltr'>δοκίμιον</span> <span class='ocrx_word' id='word_1_319' title='bbox 849 2949 993 3002; x_wconf 74' lang='grc' dir='ltr'>οὕτω</span> <span class='ocrx_word' id='word_1_320' title='bbox 1016 2951 1319 3022; x_wconf 78' lang='grc' dir='ltr'>καρτερίας</span> <span class='ocrx_word' id='word_1_321' title='bbox 1353 2954 1616 3023; x_wconf 85' lang='grc' dir='ltr'>παράσχῃ</span> <span class='ocrx_word' id='word_1_322' title='bbox 1669 2958 1781 3018; x_wconf 85' lang='grc' dir='ltr'>τοῖς</span> 
     </span>
    </p>
   </div>
   <div class='ocr_carea' id='block_1_44' title="bbox 197 3041 1778 3115">
    <p class='ocr_par' dir='ltr' id='par_1_44' title="bbox 197 3041 1778 3115">
     <span class='ocr_line' id='line_1_44' title="bbox 197 3041 1778 3115; baseline 0.004 -22"><span class='ocrx_word' id='word_1_323' title='bbox 197 3041 478 3106; x_wconf 70' lang='grc' dir='ltr'>ἀδελφοῖς.</span> <span class='ocrx_word' id='word_1_324' title='bbox 578 3041 643 3094; x_wconf 84' lang='grc' dir='ltr'><strong>Ἥ</strong></span> <span class='ocrx_word' id='word_1_325' title='bbox 722 3042 778 3094; x_wconf 78' lang='grc' dir='ltr'>δὲ</span> <span class='ocrx_word' id='word_1_326' title='bbox 842 3044 903 3096; x_wconf 77' lang='grc' dir='ltr'><strong>ού</strong></span> <span class='ocrx_word' id='word_1_327' title='bbox 976 3043 1136 3110; x_wconf 84' lang='grc' dir='ltr'>μόνον</span> <span class='ocrx_word' id='word_1_328' title='bbox 1208 3043 1380 3115; x_wconf 76' lang='grc' dir='ltr'>ἡδέως</span> <span class='ocrx_word' id='word_1_329' title='bbox 1440 3045 1658 3112; x_wconf 76' lang='grc' dir='ltr'>ἐδέξατο</span> <span class='ocrx_word' id='word_1_330' title='bbox 1716 3047 1778 3100; x_wconf 76' lang='grc' dir='ltr'>τὸ</span> 
     </span>
    </p>
   </div>
   <div class='ocr_carea' id='block_1_45' title="bbox 198 3129 1780 3204">
    <p class='ocr_par' dir='ltr' id='par_1_45' title="bbox 198 3129 1780 3204">
     <span class='ocr_line' id='line_1_45' title="bbox 198 3129 1780 3204; baseline 0.008 -25"><span class='ocrx_word' id='word_1_331' title='bbox 198 3129 414 3202; x_wconf 77' lang='grc' dir='ltr'>λεχθὲν,</span> <span class='ocrx_word' id='word_1_332' title='bbox 475 3131 567 3184; x_wconf 75' lang='grc' dir='ltr'><strong>καὶ</strong></span> <span class='ocrx_word' id='word_1_333' title='bbox 611 3133 784 3186; x_wconf 73' lang='grc' dir='ltr'>ταῦτα</span> <span class='ocrx_word' id='word_1_334' title='bbox 832 3134 904 3204; x_wconf 77' lang='grc' dir='ltr'>μὴ</span> <span class='ocrx_word' id='word_1_335' title='bbox 957 3135 1236 3202; x_wconf 78' lang='grc' dir='ltr'>ἀγνοοῦσα</span> <span class='ocrx_word' id='word_1_336' title='bbox 1272 3138 1355 3190; x_wconf 83' lang='grc' dir='ltr'>ὅτι</span> <span class='ocrx_word' id='word_1_337' title='bbox 1393 3135 1560 3204; x_wconf 82' lang='grc' dir='ltr'>θηρία</span> <span class='ocrx_word' id='word_1_338' title='bbox 1609 3137 1780 3192; x_wconf 82' lang='grc' dir='ltr'>πολλὰ</span> 
     </span>
    </p>
   </div>
   <div class='ocr_carea' id='block_1_46' title="bbox 200 3222 1778 3298">
    <p class='ocr_par' dir='ltr' id='par_1_46' title="bbox 200 3222 1778 3298">
     <span class='ocr_line' id='line_1_46' title="bbox 200 3222 1778 3298; baseline 0.005 -24"><span class='ocrx_word' id='word_1_339' title='bbox 200 3222 304 3290; x_wconf 77' lang='grc' dir='ltr'>τῆς</span> <span class='ocrx_word' id='word_1_340' title='bbox 327 3222 526 3285; x_wconf 77' lang='grc' dir='ltr'>νυκτὸς</span> <span class='ocrx_word' id='word_1_341' title='bbox 557 3225 887 3290; x_wconf 72' lang='grc' dir='ltr'>προσϐάλλει</span> <span class='ocrx_word' id='word_1_342' title='bbox 920 3226 1008 3278; x_wconf 72' lang='grc' dir='ltr'>διὰ</span> <span class='ocrx_word' id='word_1_343' title='bbox 1053 3227 1112 3278; x_wconf 82' lang='grc' dir='ltr'>τὸ</span> <span class='ocrx_word' id='word_1_344' title='bbox 1147 3227 1242 3279; x_wconf 84' lang='grc' dir='ltr'>τοῦ</span> <span class='ocrx_word' id='word_1_345' title='bbox 1278 3229 1445 3279; x_wconf 82' lang='grc' dir='ltr'>τόπου</span> <span class='ocrx_word' id='word_1_346' title='bbox 1483 3223 1692 3298; x_wconf 82' lang='grc' dir='ltr'>ἔρημόν</span> <span class='ocrx_word' id='word_1_347' title='bbox 1720 3247 1778 3282; x_wconf 85' lang='grc' dir='ltr'><strong>τε</strong></span> 
     </span>
    </p>
   </div>
   <div class='ocr_carea' id='block_1_47' title="bbox 199 3315 1774 3391">
    <p class='ocr_par' dir='ltr' id='par_1_47' title="bbox 199 3315 1774 3391">
     <span class='ocr_line' id='line_1_47' title="bbox 199 3315 1774 3391; baseline 0.005 -23"><span class='ocrx_word' id='word_1_348' title='bbox 199 3316 300 3368; x_wconf 76' lang='grc' dir='ltr'><strong>καὶ</strong></span> <span class='ocrx_word' id='word_1_349' title='bbox 326 3315 524 3386; x_wconf 80' lang='grc' dir='ltr'>κομιδῇ</span> <span class='ocrx_word' id='word_1_350' title='bbox 557 3315 775 3384; x_wconf 78' lang='grc' dir='ltr'>ἄγριον,</span> <span class='ocrx_word' id='word_1_351' title='bbox 825 3316 966 3369; x_wconf 78' lang='grc' dir='ltr'>ἀλλὰ</span> <span class='ocrx_word' id='word_1_352' title='bbox 999 3319 1094 3371; x_wconf 76' lang='grc' dir='ltr'>καὶ</span> <span class='ocrx_word' id='word_1_353' title='bbox 1125 3320 1205 3381; x_wconf 79' lang='grc' dir='ltr'>εἰς</span> <span class='ocrx_word' id='word_1_354' title='bbox 1236 3319 1397 3389; x_wconf 80' lang='grc' dir='ltr'>ἔργον</span> <span class='ocrx_word' id='word_1_355' title='bbox 1432 3322 1493 3373; x_wconf 76' lang='grc' dir='ltr'>τὸ</span> <span class='ocrx_word' id='word_1_356' title='bbox 1533 3339 1774 3391; x_wconf 83' lang='grc' dir='ltr'>προστα-</span> 
     </span>
    </p>
   </div>
   <div class='ocr_carea' id='block_1_48' title="bbox 1963 2029 3453 2098">
    <p class='ocr_par' dir='ltr' id='par_1_48' title="bbox 1963 2029 3453 2098">
     <span class='ocr_line' id='line_1_48' title="bbox 1963 2029 3453 2098; baseline 0.011 -15"><span class='ocrx_word' id='word_1_357' title='bbox 1963 2029 2053 2085; x_wconf 78' lang='grc' dir='ltr'>ιν.</span> <span class='ocrx_word' id='word_1_358' title='bbox 2086 2029 2235 2086; x_wconf 74' lang='lat' dir='ltr'><strong>Virili</strong></span> <span class='ocrx_word' id='word_1_359' title='bbox 2277 2041 2459 2088; x_wconf 88' lang='lat' dir='ltr'><strong>autem</strong></span> <span class='ocrx_word' id='word_1_360' title='bbox 2512 2033 2699 2090; x_wconf 90' lang='lat' dir='ltr'><strong>induta</strong></span> <span class='ocrx_word' id='word_1_361' title='bbox 2748 2036 2953 2098; x_wconf 87' lang='lat' dir='ltr'><strong>babitu,</strong></span> <span class='ocrx_word' id='word_1_362' title='bbox 3008 2048 3067 2092; x_wconf 92' lang='lat' dir='ltr'><strong>ut</strong></span> <span class='ocrx_word' id='word_1_363' title='bbox 3113 2037 3305 2095; x_wconf 88' lang='lat' dir='ltr'><strong>lateret</strong></span> <span class='ocrx_word' id='word_1_364' title='bbox 3355 2057 3453 2098; x_wconf 89' lang='lat' dir='ltr'><strong>eos</strong></span> 
     </span>
    </p>
   </div>
   <div class='ocr_carea' id='block_1_49' title="bbox 1883 2123 3453 2203">
    <p class='ocr_par' dir='ltr' id='par_1_49' title="bbox 1883 2123 3453 2203">
     <span class='ocr_line' id='line_1_49' title="bbox 1883 2123 3453 2203; baseline 0.011 -30"><span class='ocrx_word' id='word_1_365' title='bbox 1883 2123 1971 2190; x_wconf 91' lang='lat' dir='ltr'><strong>qui</strong></span> <span class='ocrx_word' id='word_1_366' title='bbox 2003 2136 2120 2175; x_wconf 90' lang='lat' dir='ltr'><strong>eam</strong></span> <span class='ocrx_word' id='word_1_367' title='bbox 2149 2136 2604 2194; x_wconf 82' lang='lat' dir='ltr'><strong>persequerentur</strong></span> <span class='ocrx_word' id='word_1_368' title='bbox 2627 2128 2858 2195; x_wconf 80' lang='lat' dir='ltr'><strong>(sciebat</strong></span> <span class='ocrx_word' id='word_1_369' title='bbox 2896 2129 3040 2183; x_wconf 86' lang='lat' dir='ltr'><strong>enim</strong></span> <span class='ocrx_word' id='word_1_370' title='bbox 3085 2130 3219 2197; x_wconf 85' lang='lat' dir='ltr'><strong>fore,</strong></span> <span class='ocrx_word' id='word_1_371' title='bbox 3251 2142 3307 2187; x_wconf 91' lang='lat' dir='ltr'><strong>ut</strong></span> <span class='ocrx_word' id='word_1_372' title='bbox 3337 2136 3453 2203; x_wconf 86' lang='lat' dir='ltr'><strong>ipsa</strong></span> 
     </span>
    </p>
   </div>
   <div class='ocr_carea' id='block_1_50' title="bbox 1883 2214 3454 2286">
    <p class='ocr_par' dir='ltr' id='par_1_50' title="bbox 1883 2214 3454 2286">
     <span class='ocr_line' id='line_1_50' title="bbox 1883 2214 3454 2286; baseline 0.011 -22"><span class='ocrx_word' id='word_1_373' title='bbox 1883 2214 2077 2267; x_wconf 88' lang='lat' dir='ltr'><strong>marito</strong></span> <span class='ocrx_word' id='word_1_374' title='bbox 2128 2229 2336 2286; x_wconf 76' lang='lat' dir='ltr'><strong>magna:</strong></span> <span class='ocrx_word' id='word_1_375' title='bbox 2386 2228 2531 2273; x_wconf 82' lang='lat' dir='ltr'><strong>esset</strong></span> <span class='ocrx_word' id='word_1_376' title='bbox 2575 2233 2743 2282; x_wconf 64' lang='lat' dir='ltr'><strong>curre.</strong></span> <span class='ocrx_word' id='word_1_377' title='bbox 2780 2230 2834 2274; x_wconf 87' lang='lat' dir='ltr'><strong>et</strong></span> <span class='ocrx_word' id='word_1_378' title='bbox 2881 2237 2998 2274; x_wconf 88' lang='lat' dir='ltr'><strong>eam</strong></span> <span class='ocrx_word' id='word_1_379' title='bbox 3049 2238 3158 2276; x_wconf 90' lang='lat' dir='ltr'><strong>non</strong></span> <span class='ocrx_word' id='word_1_380' title='bbox 3214 2239 3454 2282; x_wconf 82' lang='lat' dir='ltr'><strong>cessaret</strong></span> 
     </span>
    </p>
   </div>
   <div class='ocr_carea' id='block_1_51' title="bbox 1881 2305 3453 2380">
    <p class='ocr_par' dir='ltr' id='par_1_51' title="bbox 1881 2305 3453 2380">
     <span class='ocr_line' id='line_1_51' title="bbox 1881 2305 3453 2380; baseline 0.008 -25"><span class='ocrx_word' id='word_1_381' title='bbox 1881 2306 2164 2372; x_wconf 63' lang='lat' dir='ltr'><strong>quaerere)</strong></span> <span class='ocrx_word' id='word_1_382' title='bbox 2213 2305 2421 2360; x_wconf 86' lang='lat' dir='ltr'><strong>accedit</strong></span> <span class='ocrx_word' id='word_1_383' title='bbox 2475 2308 2542 2361; x_wconf 88' lang='lat' dir='ltr'><strong>ad</strong></span> <span class='ocrx_word' id='word_1_384' title='bbox 2603 2308 2842 2362; x_wconf 83' lang='lat' dir='ltr'><strong>virorum</strong></span> <span class='ocrx_word' id='word_1_385' title='bbox 2913 2310 3247 2372; x_wconf 75' lang='lat' dir='ltr'><strong>coenobium.</strong></span> <span class='ocrx_word' id='word_1_386' title='bbox 3305 2314 3453 2380; x_wconf 89' lang='lat' dir='ltr'><strong>quod</strong></span> 
     </span>
    </p>
   </div>
   <div class='ocr_carea' id='block_1_52' title="bbox 1883 2395 3452 2460">
    <p class='ocr_par' dir='ltr' id='par_1_52' title="bbox 1883 2395 3452 2460">
     <span class='ocr_line' id='line_1_52' title="bbox 1883 2395 3452 2460; baseline 0.006 -10"><span class='ocrx_word' id='word_1_387' title='bbox 1883 2395 2072 2450; x_wconf 89' lang='lat' dir='ltr'><strong>decem</strong></span> <span class='ocrx_word' id='word_1_388' title='bbox 2103 2404 2158 2452; x_wconf 89' lang='lat' dir='ltr'><strong>et</strong></span> <span class='ocrx_word' id='word_1_389' title='bbox 2193 2407 2317 2454; x_wconf 89' lang='lat' dir='ltr'><strong>octo</strong></span> <span class='ocrx_word' id='word_1_390' title='bbox 2359 2399 2609 2454; x_wconf 87' lang='lat' dir='ltr'><strong>milliaria</strong></span> <span class='ocrx_word' id='word_1_391' title='bbox 2636 2401 2800 2456; x_wconf 89' lang='lat' dir='ltr'><strong>distat</strong></span> <span class='ocrx_word' id='word_1_392' title='bbox 2829 2401 3173 2457; x_wconf 77' lang='lat' dir='ltr'><strong>Alexandria.</strong></span> <span class='ocrx_word' id='word_1_393' title='bbox 3218 2404 3284 2458; x_wconf 88' lang='lat' dir='ltr'><strong>Et</strong></span> <span class='ocrx_word' id='word_1_394' title='bbox 3326 2420 3452 2460; x_wconf 86' lang='lat' dir='ltr'><strong>cum</strong></span> 
     </span>
    </p>
   </div>
   <div class='ocr_carea' id='block_1_53' title="bbox 1882 2493 3452 2565">
    <p class='ocr_par' dir='ltr' id='par_1_53' title="bbox 1882 2493 3452 2565">
     <span class='ocr_line' id='line_1_53' title="bbox 1882 2493 3452 2565; baseline 0.004 -23"><span class='ocrx_word' id='word_1_395' title='bbox 1882 2499 2028 2544; x_wconf 88' lang='lat' dir='ltr'><strong>esset</strong></span> <span class='ocrx_word' id='word_1_396' title='bbox 2083 2500 2233 2545; x_wconf 81' lang='lat' dir='ltr'><strong>extra</strong></span> <span class='ocrx_word' id='word_1_397' title='bbox 2284 2493 2633 2560; x_wconf 81' lang='lat' dir='ltr'><strong>vestibulum,</strong></span> <span class='ocrx_word' id='word_1_398' title='bbox 2676 2495 2898 2565; x_wconf 79' lang='lat' dir='ltr'><strong>rogabat</strong></span> <span class='ocrx_word' id='word_1_399' title='bbox 2952 2503 3012 2549; x_wconf 90' lang='lat' dir='ltr'><strong>ut</strong></span> <span class='ocrx_word' id='word_1_400' title='bbox 3050 2496 3195 2549; x_wconf 91' lang='lat' dir='ltr'><strong>intro</strong></span> <span class='ocrx_word' id='word_1_401' title='bbox 3250 2497 3452 2554; x_wconf 86' lang='lat' dir='ltr'><strong>admit-</strong></span> 
     </span>
    </p>
   </div>
   <div class='ocr_carea' id='block_1_54' title="bbox 1863 2588 3451 2656">
    <p class='ocr_par' dir='ltr' id='par_1_54' title="bbox 1863 2588 3451 2656">
     <span class='ocr_line' id='line_1_54' title="bbox 1863 2588 3451 2656; baseline 0.004 -22"><span class='ocrx_word' id='word_1_402' title='bbox 1863 2591 2108 2647; x_wconf 51' lang='lat' dir='ltr'><strong>‘teretur,</strong></span> <span class='ocrx_word' id='word_1_403' title='bbox 2169 2593 2223 2638; x_wconf 91' lang='lat' dir='ltr'><strong>et</strong></span> <span class='ocrx_word' id='word_1_404' title='bbox 2271 2595 2414 2638; x_wconf 90' lang='lat' dir='ltr'><strong>esset</strong></span> <span class='ocrx_word' id='word_1_405' title='bbox 2452 2601 2514 2638; x_wconf 80' lang='lat' dir='ltr'><strong>ex</strong></span> <span class='ocrx_word' id='word_1_406' title='bbox 2556 2602 2788 2640; x_wconf 91' lang='lat' dir='ltr'><strong>numero</strong></span> <span class='ocrx_word' id='word_1_407' title='bbox 2841 2600 3027 2640; x_wconf 90' lang='lat' dir='ltr'><strong>eorum</strong></span> <span class='ocrx_word' id='word_1_408' title='bbox 3087 2588 3177 2656; x_wconf 92' lang='lat' dir='ltr'><strong>qui</strong></span> <span class='ocrx_word' id='word_1_409' title='bbox 3227 2602 3451 2643; x_wconf 83' lang='lat' dir='ltr'><strong>exerce-</strong></span> 
     </span>
    </p>
   </div>
   <div class='ocr_carea' id='block_1_55' title="bbox 1880 2672 3448 2746">
    <p class='ocr_par' dir='ltr' id='par_1_55' title="bbox 1880 2672 3448 2746">
     <span class='ocr_line' id='line_1_55' title="bbox 1880 2672 3448 2746; baseline 0.004 -20"><span class='ocrx_word' id='word_1_410' title='bbox 1880 2672 2100 2726; x_wconf 83' lang='lat' dir='ltr'><strong>bantur.</strong></span> <span class='ocrx_word' id='word_1_411' title='bbox 2177 2673 2259 2728; x_wconf 91' lang='lat' dir='ltr'><strong>llli</strong></span> <span class='ocrx_word' id='word_1_412' title='bbox 2295 2686 2478 2746; x_wconf 70' lang='lat' dir='ltr'><strong>autem</strong></span> <span class='ocrx_word' id='word_1_413' title='bbox 2528 2675 2801 2740; x_wconf 79' lang='lat' dir='ltr'><strong>dixerunt,</strong></span> <span class='ocrx_word' id='word_1_414' title='bbox 2858 2692 2916 2731; x_wconf 90' lang='lat' dir='ltr'><strong>se</strong></span> <span class='ocrx_word' id='word_1_415' title='bbox 2966 2692 3075 2730; x_wconf 92' lang='lat' dir='ltr'><strong>non</strong></span> <span class='ocrx_word' id='word_1_416' title='bbox 3130 2679 3278 2746; x_wconf 86' lang='lat' dir='ltr'><strong>prius</strong></span> <span class='ocrx_word' id='word_1_417' title='bbox 3329 2693 3448 2732; x_wconf 90' lang='lat' dir='ltr'><strong>eam</strong></span> 
     </span>
    </p>
   </div>
   <div class='ocr_carea' id='block_1_56' title="bbox 1879 2755 3452 2832">
    <p class='ocr_par' dir='ltr' id='par_1_56' title="bbox 1879 2755 3452 2832">
     <span class='ocr_line' id='line_1_56' title="bbox 1879 2755 3452 2832; baseline 0.004 -14"><span class='ocrx_word' id='word_1_418' title='bbox 1879 2777 2001 2819; x_wconf 89' lang='lat' dir='ltr'><strong>esse</strong></span> <span class='ocrx_word' id='word_1_419' title='bbox 2059 2755 2489 2832; x_wconf 67' lang='lat' dir='ltr'><strong>intromissuros,</strong></span> <span class='ocrx_word' id='word_1_420' title='bbox 2535 2767 2635 2822; x_wconf 80' lang='lat' dir='ltr'><strong>etsi</strong></span> <span class='ocrx_word' id='word_1_421' title='bbox 2683 2768 2767 2822; x_wconf 84' lang='lat' dir='ltr'><strong>vir</strong></span> <span class='ocrx_word' id='word_1_422' title='bbox 2813 2770 2882 2824; x_wconf 89' lang='lat' dir='ltr'><strong>ab</strong></span> <span class='ocrx_word' id='word_1_423' title='bbox 2917 2770 2996 2824; x_wconf 91' lang='lat' dir='ltr'><strong>eis</strong></span> <span class='ocrx_word' id='word_1_424' title='bbox 3044 2770 3452 2826; x_wconf 71' lang='lat' dir='ltr'><strong>existimaretur</strong></span> 
     </span>
    </p>
   </div>
   <div class='ocr_carea' id='block_1_57' title="bbox 1879 2859 3451 2925">
    <p class='ocr_par' dir='ltr' id='par_1_57' title="bbox 1879 2859 3451 2925">
     <span class='ocr_line' id='line_1_57' title="bbox 1879 2859 3451 2925; baseline 0.002 -13"><span class='ocrx_word' id='word_1_425' title='bbox 1879 2871 2020 2920; x_wconf 88' lang='lat' dir='ltr'><strong>esse.</strong></span> <span class='ocrx_word' id='word_1_426' title='bbox 2057 2867 2111 2913; x_wconf 87' lang='lat' dir='ltr'><strong>et</strong></span> <span class='ocrx_word' id='word_1_427' title='bbox 2155 2874 2263 2913; x_wconf 91' lang='lat' dir='ltr'><strong>non</strong></span> <span class='ocrx_word' id='word_1_428' title='bbox 2299 2859 2521 2925; x_wconf 84' lang='lat' dir='ltr'><strong>femina,</strong></span> <span class='ocrx_word' id='word_1_429' title='bbox 2561 2860 2666 2914; x_wconf 84' lang='lat' dir='ltr'><strong>nisi</strong></span> <span class='ocrx_word' id='word_1_430' title='bbox 2711 2869 2820 2914; x_wconf 87' lang='lat' dir='ltr'><strong>t0ta</strong></span> <span class='ocrx_word' id='word_1_431' title='bbox 2865 2869 3024 2915; x_wconf 91' lang='lat' dir='ltr'><strong>nocte</strong></span> <span class='ocrx_word' id='word_1_432' title='bbox 3065 2861 3174 2915; x_wconf 89' lang='lat' dir='ltr'><strong>illic</strong></span> <span class='ocrx_word' id='word_1_433' title='bbox 3209 2871 3451 2915; x_wconf 87' lang='lat' dir='ltr'><strong>maneret</strong></span> 
     </span>
    </p>
   </div>
   <div class='ocr_carea' id='block_1_58' title="bbox 1871 2950 3451 3021">
    <p class='ocr_par' dir='ltr' id='par_1_58' title="bbox 1871 2950 3451 3021">
     <span class='ocr_line' id='line_1_58' title="bbox 1871 2950 3451 3021; baseline -0.001 -16"><span class='ocrx_word' id='word_1_434' title='bbox 1871 2952 1982 3005; x_wconf 73' lang='lat' dir='ltr'><strong>sub</strong></span> <span class='ocrx_word' id='word_1_435' title='bbox 2018 2952 2129 3014; x_wconf 88' lang='lat' dir='ltr'><strong>dio,</strong></span> <span class='ocrx_word' id='word_1_436' title='bbox 2168 2960 2221 3004; x_wconf 88' lang='lat' dir='ltr'><strong>et</strong></span> <span class='ocrx_word' id='word_1_437' title='bbox 2255 2950 2552 3005; x_wconf 66' lang='lat' dir='ltr'><strong>tolerantiae</strong></span> <span class='ocrx_word' id='word_1_438' title='bbox 2591 2952 3023 3019; x_wconf 80' lang='lat' dir='ltr'><strong>experimentum</strong></span> <span class='ocrx_word' id='word_1_439' title='bbox 3070 2951 3148 3006; x_wconf 91' lang='lat' dir='ltr'><strong>sic</strong></span> <span class='ocrx_word' id='word_1_440' title='bbox 3189 2952 3451 3021; x_wconf 68' lang='lat' dir='ltr'><strong>praeberet</strong></span> 
     </span>
    </p>
   </div>
   <div class='ocr_carea' id='block_1_59' title="bbox 1878 3041 3447 3110">
    <p class='ocr_par' dir='ltr' id='par_1_59' title="bbox 1878 3041 3447 3110">
     <span class='ocr_line' id='line_1_59' title="bbox 1878 3041 3447 3110; baseline 0 -16"><span class='ocrx_word' id='word_1_441' title='bbox 1878 3041 2155 3095; x_wconf 76' lang='lat' dir='ltr'><strong>fratribus.</strong></span> <span class='ocrx_word' id='word_1_442' title='bbox 2189 3041 2274 3093; x_wconf 86' lang='lat' dir='ltr'><strong>illa</strong></span> <span class='ocrx_word' id='word_1_443' title='bbox 2305 3051 2486 3096; x_wconf 89' lang='lat' dir='ltr'><strong>autem</strong></span> <span class='ocrx_word' id='word_1_444' title='bbox 2518 3041 2752 3094; x_wconf 86' lang='lat' dir='ltr'><strong>libenter</strong></span> <span class='ocrx_word' id='word_1_445' title='bbox 2786 3043 3018 3110; x_wconf 74' lang='lat' dir='ltr'><strong>accepit,</strong></span> <span class='ocrx_word' id='word_1_446' title='bbox 3053 3043 3198 3110; x_wconf 88' lang='lat' dir='ltr'><strong>quod</strong></span> <span class='ocrx_word' id='word_1_447' title='bbox 3241 3042 3447 3096; x_wconf 87' lang='lat' dir='ltr'><strong>dictum</strong></span> 
     </span>
    </p>
   </div>
   <div class='ocr_carea' id='block_1_60' title="bbox 1881 3131 3448 3202">
    <p class='ocr_par' dir='ltr' id='par_1_60' title="bbox 1881 3131 3448 3202">
     <span class='ocr_line' id='line_1_60' title="bbox 1881 3131 3448 3202; baseline 0 -16"><span class='ocrx_word' id='word_1_448' title='bbox 1881 3131 2078 3192; x_wconf 82' lang='lat' dir='ltr'><strong>fuerat;</strong></span> <span class='ocrx_word' id='word_1_449' title='bbox 2134 3131 2295 3202; x_wconf 87' lang='lat' dir='ltr'><strong>idque</strong></span> <span class='ocrx_word' id='word_1_450' title='bbox 2353 3147 2476 3187; x_wconf 92' lang='lat' dir='ltr'><strong>cum</strong></span> <span class='ocrx_word' id='word_1_451' title='bbox 2547 3147 2653 3185; x_wconf 90' lang='lat' dir='ltr'><strong>non</strong></span> <span class='ocrx_word' id='word_1_452' title='bbox 2708 3133 3005 3202; x_wconf 81' lang='lat' dir='ltr'><strong>ignoraret,</strong></span> <span class='ocrx_word' id='word_1_453' title='bbox 3061 3132 3206 3200; x_wconf 91' lang='lat' dir='ltr'><strong>quod</strong></span> <span class='ocrx_word' id='word_1_454' title='bbox 3281 3134 3448 3186; x_wconf 82' lang='lat' dir='ltr'><strong>noctu</strong></span> 
     </span>
    </p>
   </div>
   <div class='ocr_carea' id='block_1_61' title="bbox 1879 3223 3446 3292">
    <p class='ocr_par' dir='ltr' id='par_1_61' title="bbox 1879 3223 3446 3292">
     <span class='ocr_line' id='line_1_61' title="bbox 1879 3223 3446 3292; baseline -0.002 -14"><span class='ocrx_word' id='word_1_455' title='bbox 1879 3225 2061 3278; x_wconf 62' lang='lat' dir='ltr'><strong>multae</strong></span> <span class='ocrx_word' id='word_1_456' title='bbox 2105 3224 2292 3278; x_wconf 67' lang='lat' dir='ltr'><strong>bestiae</strong></span> <span class='ocrx_word' id='word_1_457' title='bbox 2335 3223 2780 3292; x_wconf 79' lang='lat' dir='ltr'><strong>ingrediebantur</strong></span> <span class='ocrx_word' id='word_1_458' title='bbox 2819 3239 2916 3292; x_wconf 88' lang='lat' dir='ltr'><strong>per</strong></span> <span class='ocrx_word' id='word_1_459' title='bbox 2955 3225 3135 3278; x_wconf 87' lang='lat' dir='ltr'><strong>locum</strong></span> <span class='ocrx_word' id='word_1_460' title='bbox 3168 3223 3446 3278; x_wconf 88' lang='lat' dir='ltr'><strong>desertum</strong></span> 
     </span>
    </p>
   </div>
   <div class='ocr_carea' id='block_1_62' title="bbox 1879 3315 3446 3386">
    <p class='ocr_par' dir='ltr' id='par_1_62' title="bbox 1879 3315 3446 3386">
     <span class='ocr_line' id='line_1_62' title="bbox 1879 3315 3446 3386; baseline 0 -18"><span class='ocrx_word' id='word_1_461' title='bbox 1879 3325 1934 3369; x_wconf 92' lang='lat' dir='ltr'><strong>et</strong></span> <span class='ocrx_word' id='word_1_462' title='bbox 1968 3315 2258 3369; x_wconf 87' lang='lat' dir='ltr'><strong>admodum</strong></span> <span class='ocrx_word' id='word_1_463' title='bbox 2295 3325 2583 3386; x_wconf 79' lang='lat' dir='ltr'><strong>agrestem,</strong></span> <span class='ocrx_word' id='word_1_464' title='bbox 2620 3316 2715 3370; x_wconf 91' lang='lat' dir='ltr'><strong>sed</strong></span> <span class='ocrx_word' id='word_1_465' title='bbox 2761 3317 2923 3374; x_wconf 88' lang='lat' dir='ltr'><strong>etiam</strong></span> <span class='ocrx_word' id='word_1_466' title='bbox 2955 3315 3176 3369; x_wconf 76' lang='lat' dir='ltr'><strong>deduxit</strong></span> <span class='ocrx_word' id='word_1_467' title='bbox 3210 3316 3274 3370; x_wconf 91' lang='lat' dir='ltr'><strong>ad</strong></span> <span class='ocrx_word' id='word_1_468' title='bbox 3311 3330 3446 3382; x_wconf 81' lang='lat' dir='ltr'><strong>Opus</strong></span> 
     </span>
    </p>
   </div>
   <div class='ocr_carea' id='block_1_63' title="bbox 200 3381 1777 3483">
    <p class='ocr_par' dir='ltr' id='par_1_63' title="bbox 200 3407 1772 3483">
     <span class='ocr_line' id='line_1_63' title="bbox 200 3407 1772 3483; baseline 0.007 -27"><span class='ocrx_word' id='word_1_469' title='bbox 200 3407 332 3473; x_wconf 75' lang='grc' dir='ltr'>χθὲν</span> <span class='ocrx_word' id='word_1_470' title='bbox 355 3409 533 3478; x_wconf 67' lang='grc' dir='ltr'>ἤγαγε</span> <span class='ocrx_word' id='word_1_471' title='bbox 559 3425 573 3439; x_wconf 77' lang='grc' dir='ltr'><strong>ο</strong></span> <span class='ocrx_word' id='word_1_472' title='bbox 607 3411 702 3462; x_wconf 74' lang='grc' dir='ltr'><strong>καὶ</strong></span> <span class='ocrx_word' id='word_1_473' title='bbox 733 3409 1185 3479; x_wconf 79' lang='grc' dir='ltr'>διενυκτέρευσεν</span> <span class='ocrx_word' id='word_1_474' title='bbox 1216 3409 1357 3464; x_wconf 75' lang='grc' dir='ltr'>οὕτω</span> <span class='ocrx_word' id='word_1_475' title='bbox 1382 3414 1772 3483; x_wconf 81' lang='grc' dir='ltr'>προσμένουσα</span> 
     </span>
    </p>
   </div>
   <div class='ocr_carea' id='block_1_64' title="bbox 1878 3381 3441 3483">
    <p class='ocr_par' dir='ltr' id='par_1_64' title="bbox 1880 3407 3441 3478">
     <span class='ocr_line' id='line_1_64' title="bbox 1880 3407 3441 3478; baseline 0 -16"><span class='ocrx_word' id='word_1_476' title='bbox 1880 3408 1931 3462; x_wconf 90' lang='lat' dir='ltr'><strong>id</strong></span> <span class='ocrx_word' id='word_1_477' title='bbox 1978 3409 2120 3478; x_wconf 83' lang='lat' dir='ltr'><strong>quod</strong></span> <span class='ocrx_word' id='word_1_478' title='bbox 2191 3410 2513 3477; x_wconf 79' lang='lat' dir='ltr'><strong>imperatum</strong></span> <span class='ocrx_word' id='word_1_479' title='bbox 2568 3407 2787 3462; x_wconf 86' lang='lat' dir='ltr'><strong>fuerat:</strong></span> <span class='ocrx_word' id='word_1_480' title='bbox 2837 3415 2890 3462; x_wconf 86' lang='lat' dir='ltr'><strong>et</strong></span> <span class='ocrx_word' id='word_1_481' title='bbox 2944 3408 3024 3462; x_wconf 88' lang='lat' dir='ltr'><strong>sic</strong></span> <span class='ocrx_word' id='word_1_482' title='bbox 3084 3409 3441 3478; x_wconf 85' lang='lat' dir='ltr'><strong>pernoctavit,</strong></span> 
     </span>
    </p>
   </div>
   <div class='ocr_carea' id='block_1_65' title="bbox 197 3501 1775 3576">
    <p class='ocr_par' dir='ltr' id='par_1_65' title="bbox 197 3501 1775 3576">
     <span class='ocr_line' id='line_1_65' title="bbox 197 3501 1775 3576; baseline 0.005 -24"><span class='ocrx_word' id='word_1_483' title='bbox 197 3501 276 3572; x_wconf 81' lang='grc' dir='ltr'><strong>τῷ</strong></span> <span class='ocrx_word' id='word_1_484' title='bbox 301 3501 536 3554; x_wconf 76' lang='grc' dir='ltr'>πυλῶνι.</span> <span class='ocrx_word' id='word_1_485' title='bbox 559 3501 648 3553; x_wconf 78' lang='grc' dir='ltr'><strong>Διὸ</strong></span> <span class='ocrx_word' id='word_1_486' title='bbox 676 3505 768 3553; x_wconf 77' lang='grc' dir='ltr'><strong>καὶ</strong></span> <span class='ocrx_word' id='word_1_487' title='bbox 793 3505 818 3555; x_wconf 85' lang='grc' dir='ltr'>ὁ</span> <span class='ocrx_word' id='word_1_488' title='bbox 843 3503 920 3571; x_wconf 83' lang='grc' dir='ltr'><strong>τῷ</strong></span> <span class='ocrx_word' id='word_1_489' title='bbox 946 3504 1144 3572; x_wconf 80' lang='grc' dir='ltr'>Δανιὴλ</span> <span class='ocrx_word' id='word_1_490' title='bbox 1170 3504 1336 3557; x_wconf 81' lang='grc' dir='ltr'>πάλαι</span> <span class='ocrx_word' id='word_1_491' title='bbox 1366 3505 1775 3576; x_wconf 80' lang='grc' dir='ltr'>καθημερὼσας</span> 
     </span>
    </p>
   </div>
   <div class='ocr_carea' id='block_1_66' title="bbox 194 3593 1773 3667">
    <p class='ocr_par' dir='ltr' id='par_1_66' title="bbox 194 3593 1773 3667">
     <span class='ocr_line' id='line_1_66' title="bbox 194 3593 1773 3667; baseline 0.004 -21"><span class='ocrx_word' id='word_1_492' title='bbox 194 3593 295 3663; x_wconf 81' lang='grc' dir='ltr'>τὴν</span> <span class='ocrx_word' id='word_1_493' title='bbox 341 3594 620 3644; x_wconf 78' lang='grc' dir='ltr'>λεοντείοιν</span> <span class='ocrx_word' id='word_1_494' title='bbox 662 3593 949 3662; x_wconf 83' lang='grc' dir='ltr'>ὠμότητα,</span> <span class='ocrx_word' id='word_1_495' title='bbox 1003 3594 1169 3657; x_wconf 80' lang='grc' dir='ltr'>αὐτὸς</span> <span class='ocrx_word' id='word_1_496' title='bbox 1209 3597 1304 3648; x_wconf 72' lang='grc' dir='ltr'><strong>καὶ</strong></span> <span class='ocrx_word' id='word_1_497' title='bbox 1352 3596 1445 3647; x_wconf 79' lang='grc' dir='ltr'>νῦν</span> <span class='ocrx_word' id='word_1_498' title='bbox 1493 3599 1592 3667; x_wconf 79' lang='grc' dir='ltr'><strong>τὴν</strong></span> <span class='ocrx_word' id='word_1_499' title='bbox 1622 3600 1773 3652; x_wconf 81' lang='grc' dir='ltr'>ὁσίαν</span> 
     </span>
    </p>
   </div>
   <div class='ocr_carea' id='block_1_67' title="bbox 198 3682 1771 3763">
    <p class='ocr_par' dir='ltr' id='par_1_67' title="bbox 198 3682 1771 3763">
     <span class='ocr_line' id='line_1_67' title="bbox 198 3682 1771 3763; baseline 0.006 -27"><span class='ocrx_word' id='word_1_500' title='bbox 198 3685 476 3754; x_wconf 82' lang='grc' dir='ltr'>προειδὼς</span> <span class='ocrx_word' id='word_1_501' title='bbox 507 3687 585 3747; x_wconf 87' lang='grc' dir='ltr'><strong>είς</strong></span> <span class='ocrx_word' id='word_1_502' title='bbox 618 3682 731 3738; x_wconf 73' lang='grc' dir='ltr'>οἷον</span> <span class='ocrx_word' id='word_1_503' title='bbox 760 3686 895 3756; x_wconf 72' lang='grc' dir='ltr'>ὕψος</span> <span class='ocrx_word' id='word_1_504' title='bbox 955 3687 1356 3759; x_wconf 84' lang='grc' dir='ltr'>ἀναδραμεῖται</span> <span class='ocrx_word' id='word_1_505' title='bbox 1407 3690 1505 3758; x_wconf 82' lang='grc' dir='ltr'><strong>τῆς</strong></span> <span class='ocrx_word' id='word_1_506' title='bbox 1549 3694 1771 3763; x_wconf 78' lang='grc' dir='ltr'>ἀρετῆς,</span> 
     </span>
    </p>
   </div>
   <div class='ocr_carea' id='block_1_68' title="bbox 195 3779 1774 3855">
    <p class='ocr_par' dir='ltr' id='par_1_68' title="bbox 195 3779 1774 3855">
     <span class='ocr_line' id='line_1_68' title="bbox 195 3779 1774 3855; baseline 0.004 -24"><span class='ocrx_word' id='word_1_507' title='bbox 195 3780 290 3831; x_wconf 74' lang='grc' dir='ltr'>καὶ</span> <span class='ocrx_word' id='word_1_508' title='bbox 318 3779 518 3848; x_wconf 78' lang='grc' dir='ltr'>θηρσὶν</span> <span class='ocrx_word' id='word_1_509' title='bbox 544 3779 786 3851; x_wconf 82' lang='grc' dir='ltr'>ἄληπτον</span> <span class='ocrx_word' id='word_1_510' title='bbox 827 3782 1150 3853; x_wconf 71' lang='grc' dir='ltr'>διετήρησεν</span> <span class='ocrx_word' id='word_1_511' title='bbox 1179 3796 1193 3811; x_wconf 92' lang='grc'><strong>·</strong></span> <span class='ocrx_word' id='word_1_512' title='bbox 1225 3782 1251 3833; x_wconf 81' lang='grc' dir='ltr'><strong>δ</strong></span> <span class='ocrx_word' id='word_1_513' title='bbox 1296 3788 1389 3836; x_wconf 68' lang='grc' dir='ltr'>καὶ</span> <span class='ocrx_word' id='word_1_514' title='bbox 1427 3785 1562 3852; x_wconf 82' lang='grc' dir='ltr'>αὐτῇ</span> <span class='ocrx_word' id='word_1_515' title='bbox 1610 3786 1774 3855; x_wconf 73' lang='grc' dir='ltr'>πείρᾳ</span> 
     </span>
    </p>
   </div>
   <div class='ocr_carea' id='block_1_69' title="bbox 199 3868 1774 3938">
    <p class='ocr_par' dir='ltr' id='par_1_69' title="bbox 199 3868 1774 3938">
     <span class='ocr_line' id='line_1_69' title="bbox 199 3868 1774 3938; baseline 0.004 -16"><span class='ocrx_word' id='word_1_516' title='bbox 199 3868 625 3938; x_wconf 78' lang='grc' dir='ltr'>καταμαθόντες</span> <span class='ocrx_word' id='word_1_517' title='bbox 659 3873 706 3920; x_wconf 81' lang='grc' dir='ltr'>οἱ</span> <span class='ocrx_word' id='word_1_518' title='bbox 742 3872 970 3938; x_wconf 78' lang='grc' dir='ltr'>μοναχο“ι</span> <span class='ocrx_word' id='word_1_519' title='bbox 1022 3873 1080 3922; x_wconf 86' lang='grc' dir='ltr'><strong>τὸ</strong></span> <span class='ocrx_word' id='word_1_520' title='bbox 1136 3874 1378 3924; x_wconf 82' lang='grc' dir='ltr'>συνεῖναι</span> <span class='ocrx_word' id='word_1_521' title='bbox 1417 3872 1627 3936; x_wconf 80' lang='grc' dir='ltr'>τούτοις</span> <span class='ocrx_word' id='word_1_522' title='bbox 1658 3873 1774 3929; x_wconf 85' lang='grc' dir='ltr'>θεο-</span> 
     </span>
    </p>
   </div>
   <div class='ocr_carea' id='block_1_70' title="bbox 197 3950 1774 4040">
    <p class='ocr_par' dir='ltr' id='par_1_70' title="bbox 197 3950 1774 4040">
     <span class='ocr_line' id='line_1_70' title="bbox 197 3950 1774 4040; baseline 0.008 -29"><span class='ocrx_word' id='word_1_523' title='bbox 197 3950 352 4025; x_wconf 67' lang='grc' dir='ltr'>φιλὲς</span> <span class='ocrx_word' id='word_1_524' title='bbox 381 3959 625 4027; x_wconf 85' lang='grc' dir='ltr'>ἔκριναν.</span> <span class='ocrx_word' id='word_1_525' title='bbox 687 3960 966 4031; x_wconf 81' lang='grc' dir='ltr'>Ἀσμένως</span> <span class='ocrx_word' id='word_1_526' title='bbox 1021 3958 1114 4014; x_wconf 75' lang='grc' dir='ltr'>οὖν</span> <span class='ocrx_word' id='word_1_527' title='bbox 1146 3963 1546 4036; x_wconf 87' lang='grc' dir='ltr'>εἰσδεχθείσης,</span> <span class='ocrx_word' id='word_1_528' title='bbox 1599 3971 1626 4022; x_wconf 81' lang='grc' dir='ltr'>ὁ</span> <span class='ocrx_word' id='word_1_529' title='bbox 1674 3971 1774 4040; x_wconf 84' lang='grc' dir='ltr'>τῆς</span> 
     </span>
    </p>
   </div>
   <div class='ocr_carea' id='block_1_71' title="bbox 199 4050 1771 4129">
    <p class='ocr_par' dir='ltr' id='par_1_71' title="bbox 199 4050 1771 4129">
     <span class='ocr_line' id='line_1_71' title="bbox 199 4050 1771 4129; baseline 0.008 -29"><span class='ocrx_word' id='word_1_530' title='bbox 199 4050 372 4120; x_wconf 81' lang='grc' dir='ltr'>μονῆς</span> <span class='ocrx_word' id='word_1_531' title='bbox 395 4050 705 4120; x_wconf 75' lang='grc' dir='ltr'>προεστὼς,</span> <span class='ocrx_word' id='word_1_532' title='bbox 758 4053 1000 4123; x_wconf 73' lang='grc' dir='ltr'>ἐντυχὼν</span> <span class='ocrx_word' id='word_1_533' title='bbox 1035 4055 1172 4126; x_wconf 82' lang='grc' dir='ltr'>αὐτῇ</span> <span class='ocrx_word' id='word_1_534' title='bbox 1223 4059 1366 4112; x_wconf 81' lang='grc' dir='ltr'><strong>κατά</strong></span> <span class='ocrx_word' id='word_1_535' title='bbox 1415 4061 1606 4129; x_wconf 80' lang='grc' dir='ltr'>μόνας,</span> <span class='ocrx_word' id='word_1_536' title='bbox 1653 4063 1771 4113; x_wconf 76' lang='grc' dir='ltr'>ἐπιο</span> 
     </span>
    </p>
   </div>
   <div class='ocr_carea' id='block_1_72' title="bbox 198 4141 1770 4222">
    <p class='ocr_par' dir='ltr' id='par_1_72' title="bbox 198 4141 1770 4222">
     <span class='ocr_line' id='line_1_72' title="bbox 198 4141 1770 4222; baseline 0.007 -27"><span class='ocrx_word' id='word_1_537' title='bbox 198 4145 381 4213; x_wconf 83' lang='grc' dir='ltr'>μελῶς</span> <span class='ocrx_word' id='word_1_538' title='bbox 419 4145 632 4212; x_wconf 72' lang='grc' dir='ltr'>ἠρώτα,</span> <span class='ocrx_word' id='word_1_539' title='bbox 667 4141 749 4207; x_wconf 77' lang='grc' dir='ltr'><strong>τίς</strong></span> <span class='ocrx_word' id='word_1_540' title='bbox 775 4163 833 4198; x_wconf 83' lang='grc' dir='ltr'><strong>τε</strong></span> <span class='ocrx_word' id='word_1_541' title='bbox 865 4147 972 4214; x_wconf 77' lang='grc' dir='ltr'>εἴη,</span> <span class='ocrx_word' id='word_1_542' title='bbox 1034 4150 1127 4200; x_wconf 75' lang='grc' dir='ltr'>καὶ</span> <span class='ocrx_word' id='word_1_543' title='bbox 1169 4151 1309 4202; x_wconf 80' lang='grc' dir='ltr'><strong>κατά</strong></span> <span class='ocrx_word' id='word_1_544' title='bbox 1364 4152 1522 4204; x_wconf 82' lang='grc' dir='ltr'>ποίαν</span> <span class='ocrx_word' id='word_1_545' title='bbox 1559 4153 1621 4222; x_wconf 79' lang='grc' dir='ltr'><strong>δὴ</strong></span> <span class='ocrx_word' id='word_1_546' title='bbox 1670 4155 1770 4222; x_wconf 77' lang='grc' dir='ltr'><strong>τὴν</strong></span> 
     </span>
    </p>
   </div>
   <div class='ocr_carea' id='block_1_73' title="bbox 193 4221 1771 4319">
    <p class='ocr_par' dir='ltr' id='par_1_73' title="bbox 193 4221 1771 4319">
     <span class='ocr_line' id='line_1_73' title="bbox 193 4221 1771 4319; baseline 0.008 -32"><span class='ocrx_word' id='word_1_547' title='bbox 193 4237 405 4300; x_wconf 81' lang='grc' dir='ltr'>αἰτίαν,</span> <span class='ocrx_word' id='word_1_548' title='bbox 463 4237 603 4306; x_wconf 76' lang='grc' dir='ltr'>πρὸς</span> <span class='ocrx_word' id='word_1_549' title='bbox 648 4235 716 4287; x_wconf 81' lang='grc' dir='ltr'>τὰ</span> <span class='ocrx_word' id='word_1_550' title='bbox 764 4221 896 4289; x_wconf 61' lang='grc' dir='ltr'><strong>τῶν’</strong></span> <span class='ocrx_word' id='word_1_551' title='bbox 929 4241 1181 4308; x_wconf 86' lang='grc' dir='ltr'>μοναχῶν</span> <span class='ocrx_word' id='word_1_552' title='bbox 1237 4243 1622 4312; x_wconf 69' lang='grc' dir='ltr'>παραγένοιτο.</span> <span class='ocrx_word' id='word_1_553' title='bbox 1680 4248 1771 4319; x_wconf 83' lang='grc' dir='ltr'>Μὴ</span> 
     </span>
    </p>
   </div>
   <div class='ocr_carea' id='block_1_74' title="bbox 193 4327 1770 4412">
    <p class='ocr_par' dir='ltr' id='par_1_74' title="bbox 193 4327 1770 4412">
     <span class='ocr_line' id='line_1_74' title="bbox 193 4327 1770 4412; baseline 0.006 -28"><span class='ocrx_word' id='word_1_554' title='bbox 193 4327 531 4398; x_wconf 84' lang='grc' dir='ltr'>δανείσμασι</span> <span class='ocrx_word' id='word_1_555' title='bbox 604 4329 804 4398; x_wconf 83' lang='grc' dir='ltr'>χρεῶν,</span> <span class='ocrx_word' id='word_1_556' title='bbox 878 4330 1034 4402; x_wconf 73' lang='grc' dir='ltr'>φησὶ.</span> <span class='ocrx_word' id='word_1_557' title='bbox 1086 4331 1472 4405; x_wconf 82' lang='grc' dir='ltr'>βαρυνόμενος,</span> <span class='ocrx_word' id='word_1_558' title='bbox 1528 4336 1560 4408; x_wconf 69' lang='grc' dir='ltr'>ἢ</span> <span class='ocrx_word' id='word_1_559' title='bbox 1625 4339 1770 4412; x_wconf 74' lang='grc' dir='ltr'>φόνῳ</span> 
     </span>
    </p>
   </div>
   <div class='ocr_carea' id='block_1_75' title="bbox 192 4420 1772 4502">
    <p class='ocr_par' dir='ltr' id='par_1_75' title="bbox 192 4420 1772 4502">
     <span class='ocr_line' id='line_1_75' title="bbox 192 4420 1772 4502; baseline 0.002 -31"><span class='ocrx_word' id='word_1_560' title='bbox 192 4421 342 4483; x_wconf 81' lang='grc' dir='ltr'>τινὸς</span> <span class='ocrx_word' id='word_1_561' title='bbox 368 4420 554 4488; x_wconf 84' lang='grc' dir='ltr'>ἁλοὺς,</span> <span class='ocrx_word' id='word_1_562' title='bbox 587 4422 619 4490; x_wconf 78' lang='grc' dir='ltr'>ἢ</span> <span class='ocrx_word' id='word_1_563' title='bbox 646 4425 867 4491; x_wconf 76' lang='grc' dir='ltr'>τρέφειν</span> <span class='ocrx_word' id='word_1_564' title='bbox 904 4427 1100 4484; x_wconf 79' lang='grc' dir='ltr'>παῖδας</span> <span class='ocrx_word' id='word_1_565' title='bbox 1127 4427 1452 4496; x_wconf 75' lang='grc' dir='ltr'>ἠπορηκὼς,</span> <span class='ocrx_word' id='word_1_566' title='bbox 1489 4432 1549 4484; x_wconf 86' lang='grc' dir='ltr'><strong>τὸ</strong></span> <span class='ocrx_word' id='word_1_567' title='bbox 1580 4450 1772 4502; x_wconf 77' lang='grc' dir='ltr'>κοσμι-</span> 
     </span>
    </p>
   </div>
   <div class='ocr_carea' id='block_1_76' title="bbox 194 4511 1761 4592">
    <p class='ocr_par' dir='ltr' id='par_1_76' title="bbox 194 4511 1761 4592">
     <span class='ocr_line' id='line_1_76' title="bbox 194 4511 1761 4592; baseline 0.008 -29"><span class='ocrx_word' id='word_1_568' title='bbox 194 4514 289 4563; x_wconf 72' lang='grc' dir='ltr'><strong>κδν</strong></span> <span class='ocrx_word' id='word_1_569' title='bbox 334 4511 640 4563; x_wconf 75' lang='grc' dir='ltr'>ἀποϐαλεῖν</span> <span class='ocrx_word' id='word_1_570' title='bbox 694 4513 881 4582; x_wconf 80' lang='grc' dir='ltr'>σχῆμα</span> <span class='ocrx_word' id='word_1_571' title='bbox 916 4515 1168 4584; x_wconf 78' lang='grc' dir='ltr'>προείλου</span> <span class='ocrx_word' id='word_1_572' title='bbox 1197 4533 1211 4580; x_wconf 89' lang='lat'><strong>;</strong></span> <span class='ocrx_word' id='word_1_573' title='bbox 1245 4521 1321 4571; x_wconf 80' lang='grc' dir='ltr'><strong>Δι’</strong></span> <span class='ocrx_word' id='word_1_574' title='bbox 1358 4521 1509 4575; x_wconf 78' lang='grc' dir='ltr'>οὐδὲν</span> <span class='ocrx_word' id='word_1_575' title='bbox 1533 4525 1761 4592; x_wconf 76' lang='grc' dir='ltr'>τούτων,</span> 
     </span>
    </p>
   </div>
   <div class='ocr_carea' id='block_1_77' title="bbox 193 4599 1766 4684">
    <p class='ocr_par' dir='ltr' id='par_1_77' title="bbox 193 4599 1766 4684">
     <span class='ocr_line' id='line_1_77' title="bbox 193 4599 1766 4684; baseline 0.011 -29"><span class='ocrx_word' id='word_1_576' title='bbox 193 4606 228 4673; x_wconf 79' lang='grc' dir='ltr'><strong>ἡ</strong></span> <span class='ocrx_word' id='word_1_577' title='bbox 257 4603 516 4673; x_wconf 80' lang='grc' dir='ltr'>Θεοδώρα</span> <span class='ocrx_word' id='word_1_578' title='bbox 539 4600 713 4666; x_wconf 80' lang='grc' dir='ltr'>εἶπεν,</span> <span class='ocrx_word' id='word_1_579' title='bbox 745 4599 788 4657; x_wconf 80' lang='grc' dir='ltr'>ὦ</span> <span class='ocrx_word' id='word_1_580' title='bbox 825 4606 1023 4676; x_wconf 84' lang='grc' dir='ltr'>πάτερ,</span> <span class='ocrx_word' id='word_1_581' title='bbox 1062 4607 1196 4662; x_wconf 83' lang='grc' dir='ltr'><strong>ἀλλά</strong></span> <span class='ocrx_word' id='word_1_582' title='bbox 1233 4612 1382 4680; x_wconf 87' lang='grc' dir='ltr'><strong>παρά</strong></span> <span class='ocrx_word' id='word_1_583' title='bbox 1415 4613 1474 4666; x_wconf 84' lang='grc' dir='ltr'><strong>τὸ</strong></span> <span class='ocrx_word' id='word_1_584' title='bbox 1505 4616 1766 4684; x_wconf 82' lang='grc' dir='ltr'>σχολάσαι</span> 
     </span>
    </p>
   </div>
   <div class='ocr_carea' id='block_1_78' title="bbox 197 4696 1841 4786">
    <p class='ocr_par' dir='ltr' id='par_1_78' title="bbox 197 4696 1841 4786">
     <span class='ocr_line' id='line_1_78' title="bbox 197 4696 1841 4786; baseline 0.009 -37"><span class='ocrx_word' id='word_1_585' title='bbox 197 4716 264 4766; x_wconf 78' lang='grc' dir='ltr'><strong>με</strong></span> <span class='ocrx_word' id='word_1_586' title='bbox 304 4697 476 4767; x_wconf 79' lang='grc' dir='ltr'>μόνον</span> <span class='ocrx_word' id='word_1_587' title='bbox 507 4696 601 4749; x_wconf 76' lang='grc' dir='ltr'>τοῦ</span> <span class='ocrx_word' id='word_1_588' title='bbox 657 4699 924 4770; x_wconf 82' lang='grc' dir='ltr'>κοσμικοῦ</span> <span class='ocrx_word' id='word_1_589' title='bbox 977 4700 1232 4769; x_wconf 74' lang='grc' dir='ltr'>θορύϐου.</span> <span class='ocrx_word' id='word_1_590' title='bbox 1276 4707 1371 4758; x_wconf 76' lang='grc' dir='ltr'>καὶ</span> <span class='ocrx_word' id='word_1_591' title='bbox 1415 4705 1512 4768; x_wconf 77' lang='grc' dir='ltr'><strong>τὰς</strong></span> <span class='ocrx_word' id='word_1_592' title='bbox 1559 4711 1761 4772; x_wconf 81' lang='grc' dir='ltr'>οἰκείας</span> <span class='ocrx_word' id='word_1_593' title='bbox 1801 4733 1841 4786; x_wconf 79' lang='lat' dir='ltr'><strong>D</strong></span> 
     </span>
    </p>
   </div>
   <div class='ocr_carea' id='block_1_79' title="bbox 193 4789 1771 4869">
    <p class='ocr_par' dir='ltr' id='par_1_79' title="bbox 193 4789 1771 4869">
     <span class='ocr_line' id='line_1_79' title="bbox 193 4789 1771 4869; baseline 0.008 -27"><span class='ocrx_word' id='word_1_594' title='bbox 193 4789 651 4845; x_wconf 71' lang='grc' dir='ltr'>ἀποκλαύσασθαι</span> <span class='ocrx_word' id='word_1_595' title='bbox 697 4791 994 4862; x_wconf 83' lang='grc' dir='ltr'>ἁμαρτίας.</span> <span class='ocrx_word' id='word_1_596' title='bbox 1054 4796 1177 4857; x_wconf 82' lang='grc' dir='ltr'><strong>Πῶς</strong></span> <span class='ocrx_word' id='word_1_597' title='bbox 1211 4797 1266 4849; x_wconf 79' lang='grc' dir='ltr'>δὲ</span> <span class='ocrx_word' id='word_1_598' title='bbox 1310 4797 1424 4860; x_wconf 74' lang='grc' dir='ltr'>καὶ,</span> <span class='ocrx_word' id='word_1_599' title='bbox 1473 4799 1771 4869; x_wconf 74' lang='grc' dir='ltr'>ἀνθυπέφεο</span> 
     </span>
    </p>
   </div>
   <div class='ocr_carea' id='block_1_80' title="bbox 195 4882 1772 4959">
    <p class='ocr_par' dir='ltr' id='par_1_80' title="bbox 195 4882 1772 4959">
     <span class='ocr_line' id='line_1_80' title="bbox 195 4882 1772 4959; baseline 0.01 -27"><span class='ocrx_word' id='word_1_600' title='bbox 195 4901 290 4950; x_wconf 74' lang='grc' dir='ltr'><strong>ρεν</strong></span> <span class='ocrx_word' id='word_1_601' title='bbox 319 4883 346 4932; x_wconf 75' lang='grc' dir='ltr'><strong>ό</strong></span> <span class='ocrx_word' id='word_1_602' title='bbox 381 4882 578 4949; x_wconf 81' lang='grc' dir='ltr'>μέγας,</span> <span class='ocrx_word' id='word_1_603' title='bbox 603 4883 764 4952; x_wconf 77' lang='grc' dir='ltr'>καλῇ;</span> <span class='ocrx_word' id='word_1_604' title='bbox 805 4885 911 4936; x_wconf 76' lang='grc' dir='ltr'><strong>Καὶ</strong></span> <span class='ocrx_word' id='word_1_605' title='bbox 943 4887 974 4953; x_wconf 85' lang='grc' dir='ltr'><strong>ή</strong></span> <span class='ocrx_word' id='word_1_606' title='bbox 1006 4887 1250 4952; x_wconf 76' lang='grc' dir='ltr'>γενναία,</span> <span class='ocrx_word' id='word_1_607' title='bbox 1285 4889 1579 4959; x_wconf 76' lang='grc' dir='ltr'>Θεόδωρος,</span> <span class='ocrx_word' id='word_1_608' title='bbox 1599 4889 1772 4957; x_wconf 78' lang='grc' dir='ltr'>εἶπεν,</span> 
     </span>
    </p>
   </div>
   <div class='ocr_carea' id='block_1_81' title="bbox 196 4973 1770 5056">
    <p class='ocr_par' dir='ltr' id='par_1_81' title="bbox 196 4973 1770 5056">
     <span class='ocr_line' id='line_1_81' title="bbox 196 4973 1770 5056; baseline 0.007 -30"><span class='ocrx_word' id='word_1_609' title='bbox 196 4977 318 5041; x_wconf 73' lang='grc' dir='ltr'>ἐμοὶ</span> <span class='ocrx_word' id='word_1_610' title='bbox 374 4974 438 5027; x_wconf 72' lang='grc' dir='ltr'><strong>τὸ</strong></span> <span class='ocrx_word' id='word_1_611' title='bbox 486 4973 682 5042; x_wconf 77' lang='grc' dir='ltr'>ὄνομα.</span> <span class='ocrx_word' id='word_1_612' title='bbox 737 4975 794 5028; x_wconf 85' lang='grc' dir='ltr'>Ὀ</span> <span class='ocrx_word' id='word_1_613' title='bbox 826 4976 924 5041; x_wconf 85' lang='grc' dir='ltr'>δὲ,</span> <span class='ocrx_word' id='word_1_614' title='bbox 962 4977 1055 5030; x_wconf 81' lang='grc' dir='ltr'>καὶ</span> <span class='ocrx_word' id='word_1_615' title='bbox 1093 4979 1168 5050; x_wconf 81' lang='grc' dir='ltr'>μὴ</span> <span class='ocrx_word' id='word_1_616' title='bbox 1207 4981 1558 5051; x_wconf 76' lang='grc' dir='ltr'>ὑπολάμϐανε</span> <span class='ocrx_word' id='word_1_617' title='bbox 1586 5025 1599 5042; x_wconf 83' lang='lat'><em>.</em></span> <span class='ocrx_word' id='word_1_618' title='bbox 1641 4988 1770 5056; x_wconf 76' lang='grc' dir='ltr'>ἔφη,</span> 
     </span>
    </p>
   </div>
   <div class='ocr_carea' id='block_1_82' title="bbox 193 5066 1774 5150">
    <p class='ocr_par' dir='ltr' id='par_1_82' title="bbox 193 5066 1774 5150">
     <span class='ocr_line' id='line_1_82' title="bbox 193 5066 1774 5150; baseline 0.006 -30"><span class='ocrx_word' id='word_1_619' title='bbox 193 5066 396 5136; x_wconf 68' lang='grc' dir='ltr'>ἀδέλφὲ</span> <span class='ocrx_word' id='word_1_620' title='bbox 469 5067 735 5135; x_wconf 74' lang='grc' dir='ltr'>Θεόδωρε,</span> <span class='ocrx_word' id='word_1_621' title='bbox 818 5070 898 5123; x_wconf 80' lang='grc' dir='ltr'><strong>ὅτι</strong></span> <span class='ocrx_word' id='word_1_622' title='bbox 947 5070 1104 5133; x_wconf 78' lang='grc' dir='ltr'>ἐκτὸς</span> <span class='ocrx_word' id='word_1_623' title='bbox 1164 5073 1313 5125; x_wconf 81' lang='grc' dir='ltr'>ἔσται</span> <span class='ocrx_word' id='word_1_624' title='bbox 1381 5091 1460 5126; x_wconf 82' lang='grc' dir='ltr'><strong>σοι</strong></span> <span class='ocrx_word' id='word_1_625' title='bbox 1531 5078 1774 5150; x_wconf 73' lang='grc' dir='ltr'>πόνωνὴ</span> 
     </span>
    </p>
   </div>
   <div class='ocr_carea' id='block_1_83' title="bbox 195 5160 1769 5238">
    <p class='ocr_par' dir='ltr' id='par_1_83' title="bbox 195 5160 1769 5238">
     <span class='ocr_line' id='line_1_83' title="bbox 195 5160 1769 5238; baseline 0.005 -25"><span class='ocrx_word' id='word_1_626' title='bbox 195 5160 438 5214; x_wconf 73' lang='grc' dir='ltr'>ἐνταῦθα</span> <span class='ocrx_word' id='word_1_627' title='bbox 490 5161 737 5232; x_wconf 81' lang='grc' dir='ltr'>διαγωγή</span> <span class='ocrx_word' id='word_1_628' title='bbox 769 5177 781 5191; x_wconf 93' lang='grc'><strong>·</strong></span> <span class='ocrx_word' id='word_1_629' title='bbox 815 5162 930 5214; x_wconf 83' lang='grc' dir='ltr'>ἀλλ’</span> <span class='ocrx_word' id='word_1_630' title='bbox 965 5164 1013 5215; x_wconf 77' lang='grc' dir='ltr'>εξ</span> <span class='ocrx_word' id='word_1_631' title='bbox 1046 5163 1225 5234; x_wconf 80' lang='grc' dir='ltr'>βούλει</span> <span class='ocrx_word' id='word_1_632' title='bbox 1270 5165 1346 5233; x_wconf 81' lang='grc' dir='ltr'>τῷ</span> <span class='ocrx_word' id='word_1_633' title='bbox 1388 5167 1501 5219; x_wconf 78' lang='grc' dir='ltr'>ὄντι</span> <span class='ocrx_word' id='word_1_634' title='bbox 1529 5168 1618 5220; x_wconf 66' lang='grc' dir='ltr'>τὸν</span> <span class='ocrx_word' id='word_1_635' title='bbox 1671 5170 1769 5238; x_wconf 71' lang='grc' dir='ltr'><strong>τῆς</strong></span> 
     </span>
    </p>
   </div>
   <div class='ocr_carea' id='block_1_84' title="bbox 194 5251 1767 5327">
    <p class='ocr_par' dir='ltr' id='par_1_84' title="bbox 194 5251 1767 5327">
     <span class='ocr_line' id='line_1_84' title="bbox 194 5251 1767 5327; baseline 0.004 -23"><span class='ocrx_word' id='word_1_636' title='bbox 194 5251 453 5318; x_wconf 79' lang='grc' dir='ltr'>ὑπακοῆς</span> <span class='ocrx_word' id='word_1_637' title='bbox 510 5252 674 5319; x_wconf 78' lang='grc' dir='ltr'>ζυγὸν</span> <span class='ocrx_word' id='word_1_638' title='bbox 756 5251 1047 5318; x_wconf 79' lang='grc' dir='ltr'>ὑπελθεῖν,</span> <span class='ocrx_word' id='word_1_639' title='bbox 1115 5253 1317 5318; x_wconf 83' lang='grc' dir='ltr'>πάσαις</span> <span class='ocrx_word' id='word_1_640' title='bbox 1375 5255 1520 5309; x_wconf 82' lang='grc' dir='ltr'>τσθι·</span> <span class='ocrx_word' id='word_1_641' title='bbox 1557 5257 1767 5327; x_wconf 80' lang='grc' dir='ltr'>χρείαις</span> 
     </span>
    </p>
   </div>
   <div class='ocr_carea' id='block_1_85' title="bbox 194 5342 1764 5420">
    <p class='ocr_par' dir='ltr' id='par_1_85' title="bbox 194 5342 1764 5420">
     <span class='ocr_line' id='line_1_85' title="bbox 194 5342 1764 5420; baseline 0.004 -26"><span class='ocrx_word' id='word_1_642' title='bbox 194 5342 570 5413; x_wconf 70' lang='grc' dir='ltr'>ὑπηρετήσων</span> <span class='ocrx_word' id='word_1_643' title='bbox 625 5343 732 5395; x_wconf 80' lang='grc' dir='ltr'><strong>τῶν</strong></span> <span class='ocrx_word' id='word_1_644' title='bbox 790 5343 1060 5410; x_wconf 75' lang='grc' dir='ltr'>ἀδελφῶν,</span> <span class='ocrx_word' id='word_1_645' title='bbox 1119 5347 1182 5398; x_wconf 81' lang='grc' dir='ltr'>οὐ</span> <span class='ocrx_word' id='word_1_646' title='bbox 1235 5349 1355 5408; x_wconf 84' lang='grc' dir='ltr'>ταῖς</span> <span class='ocrx_word' id='word_1_647' title='bbox 1403 5348 1460 5399; x_wconf 78' lang='grc' dir='ltr'>ὲν</span> <span class='ocrx_word' id='word_1_648' title='bbox 1504 5349 1567 5416; x_wconf 81' lang='grc' dir='ltr'>τῇ</span> <span class='ocrx_word' id='word_1_649' title='bbox 1627 5351 1764 5420; x_wconf 81' lang='grc' dir='ltr'>μονῇ</span> 
     </span>
    </p>
   </div>
   <div class='ocr_carea' id='block_1_86' title="bbox 197 5429 1760 5506">
    <p class='ocr_par' dir='ltr' id='par_1_86' title="bbox 197 5429 1760 5506">
     <span class='ocr_line' id='line_1_86' title="bbox 197 5429 1760 5506; baseline 0.002 -21"><span class='ocrx_word' id='word_1_650' title='bbox 197 5439 387 5501; x_wconf 68' lang='grc' dir='ltr'>μόνον,</span> <span class='ocrx_word' id='word_1_651' title='bbox 411 5429 524 5487; x_wconf 75' lang='grc' dir='ltr'>οἷον</span> <span class='ocrx_word' id='word_1_652' title='bbox 549 5435 656 5485; x_wconf 78' lang='grc' dir='ltr'>τῶν</span> <span class='ocrx_word' id='word_1_653' title='bbox 686 5435 865 5503; x_wconf 77' lang='grc' dir='ltr'>φυτῶν</span> <span class='ocrx_word' id='word_1_654' title='bbox 901 5436 995 5488; x_wconf 79' lang='grc' dir='ltr'><strong>καὶ</strong></span> <span class='ocrx_word' id='word_1_655' title='bbox 1026 5435 1272 5505; x_wconf 80' lang='grc' dir='ltr'>λαχάνων</span> <span class='ocrx_word' id='word_1_656' title='bbox 1311 5437 1760 5506; x_wconf 75' lang='grc' dir='ltr'>ἐπιμελούμενος,</span> 
     </span>
    </p>
   </div>
   <div class='ocr_carea' id='block_1_87' title="bbox 196 5527 1762 5601">
    <p class='ocr_par' dir='ltr' id='par_1_87' title="bbox 196 5527 1762 5601">
     <span class='ocr_line' id='line_1_87' title="bbox 196 5527 1762 5601; baseline 0.003 -21"><span class='ocrx_word' id='word_1_657' title='bbox 196 5529 394 5590; x_wconf 74' lang='grc' dir='ltr'>ἱδατός</span> <span class='ocrx_word' id='word_1_658' title='bbox 461 5543 521 5580; x_wconf 81' lang='grc' dir='ltr'><strong>τε</strong></span> <span class='ocrx_word' id='word_1_659' title='bbox 580 5529 919 5598; x_wconf 75' lang='grc' dir='ltr'>μετακομιδῆ</span> <span class='ocrx_word' id='word_1_660' title='bbox 980 5527 1446 5597; x_wconf 74' lang='grc' dir='ltr'>λειτουργῶνκαὶ</span> <span class='ocrx_word' id='word_1_661' title='bbox 1497 5529 1762 5601; x_wconf 66' lang='grc' dir='ltr'>ἀμελλητὶ</span> 
     </span>
    </p>
   </div>
   <div class='ocr_carea' id='block_1_88' title="bbox 189 5619 1758 5693">
    <p class='ocr_par' dir='ltr' id='par_1_88' title="bbox 189 5619 1758 5693">
     <span class='ocr_line' id='line_1_88' title="bbox 189 5619 1758 5693; baseline 0.004 -22"><span class='ocrx_word' id='word_1_662' title='bbox 189 5619 394 5692; x_wconf 75' lang='grc' dir='ltr'>ἄρδων,</span> <span class='ocrx_word' id='word_1_663' title='bbox 426 5619 564 5672; x_wconf 84' lang='grc' dir='ltr'>ἀλλὰ</span> <span class='ocrx_word' id='word_1_664' title='bbox 587 5619 651 5689; x_wconf 80' lang='grc' dir='ltr'><strong>δη</strong></span> <span class='ocrx_word' id='word_1_665' title='bbox 677 5619 770 5669; x_wconf 67' lang='grc' dir='ltr'>καὶ</span> <span class='ocrx_word' id='word_1_666' title='bbox 790 5624 910 5684; x_wconf 80' lang='grc' dir='ltr'>ταῖς</span> <span class='ocrx_word' id='word_1_667' title='bbox 940 5620 1044 5685; x_wconf 78' lang='grc' dir='ltr'><strong>ἔξω</strong></span> <span class='ocrx_word' id='word_1_668' title='bbox 1071 5619 1273 5689; x_wconf 81' lang='grc' dir='ltr'>ταύτης</span> <span class='ocrx_word' id='word_1_669' title='bbox 1319 5622 1758 5693; x_wconf 83' lang='grc' dir='ltr'>διακονούμενος,</span> 
     </span>
    </p>
   </div>
   <div class='ocr_carea' id='block_1_89' title="bbox 196 5711 1757 5787">
    <p class='ocr_par' dir='ltr' id='par_1_89' title="bbox 196 5711 1757 5787">
     <span class='ocr_line' id='line_1_89' title="bbox 196 5711 1757 5787; baseline -0.001 -17"><span class='ocrx_word' id='word_1_670' title='bbox 196 5714 290 5771; x_wconf 68' lang='grc' dir='ltr'><strong>καὶ</strong></span> <span class='ocrx_word' id='word_1_671' title='bbox 325 5713 417 5766; x_wconf 84' lang='grc' dir='ltr'>ὅτε</span> <span class='ocrx_word' id='word_1_672' title='bbox 448 5713 607 5779; x_wconf 82' lang='grc' dir='ltr'>χρεία</span> <span class='ocrx_word' id='word_1_673' title='bbox 640 5711 826 5782; x_wconf 85' lang='grc' dir='ltr'>καλοίη</span> <span class='ocrx_word' id='word_1_674' title='bbox 870 5715 1002 5783; x_wconf 62' lang='grc' dir='ltr'>πρὸς</span> <span class='ocrx_word' id='word_1_675' title='bbox 1043 5713 1138 5783; x_wconf 69' lang='grc' dir='ltr'>τὴν</span> <span class='ocrx_word' id='word_1_676' title='bbox 1177 5712 1330 5766; x_wconf 76' lang='grc' dir='ltr'>πόλιν</span> <span class='ocrx_word' id='word_1_677' title='bbox 1379 5715 1637 5783; x_wconf 78' lang='grc' dir='ltr'>ἀπιέναι,</span> <span class='ocrx_word' id='word_1_678' title='bbox 1685 5716 1757 5787; x_wconf 78' lang='grc' dir='ltr'>μὴ</span> 
     </span>
    </p>
   </div>
   <div class='ocr_carea' id='block_1_90' title="bbox 264 5842 1329 5945">
    <p class='ocr_par' dir='ltr' id='par_1_90' title="bbox 264 5842 1329 5945">
     <span class='ocr_line' id='line_1_90' title="bbox 264 5842 1329 5945; baseline 0 -21"><span class='ocrx_word' id='word_1_679' title='bbox 264 5869 289 5904; x_wconf 74' lang='grc'>⁸</span> <span class='ocrx_word' id='word_1_680' title='bbox 319 5868 480 5927; x_wconf 74' lang='lat' dir='ltr'><strong>Joan.</strong></span> <span class='ocrx_word' id='word_1_681' title='bbox 508 5885 616 5927; x_wconf 73' lang='lat' dir='ltr'><strong>xix.</strong></span> <span class='ocrx_word' id='word_1_682' title='bbox 646 5869 732 5921; x_wconf 63' lang='grc' dir='ltr'><strong>υ.</strong></span> <span class='ocrx_word' id='word_1_683' title='bbox 802 5867 840 5900; x_wconf 80' lang='grc'><em>’⁸</em></span> <span class='ocrx_word' id='word_1_684' title='bbox 861 5868 990 5928; x_wconf 75' lang='lat' dir='ltr'><strong>Dm.</strong></span> <span class='ocrx_word' id='word_1_685' title='bbox 1020 5842 1088 5931; x_wconf 66' lang='lat' dir='ltr'><strong>Vi,</strong></span> <span class='ocrx_word' id='word_1_686' title='bbox 1129 5870 1148 5922; x_wconf 89' lang='grc'><strong>1</strong></span> <span class='ocrx_word' id='word_1_687' title='bbox 1179 5886 1329 5945; x_wconf 82' lang='lat' dir='ltr'><strong>seqq.</strong></span> 
     </span>
    </p>
   </div>
   <div class='ocr_carea' id='block_1_91' title="bbox 1881 3499 3448 3570">
    <p class='ocr_par' dir='ltr' id='par_1_91' title="bbox 1881 3499 3448 3570">
     <span class='ocr_line' id='line_1_91' title="bbox 1881 3499 3448 3570; baseline -0.001 -15"><span class='ocrx_word' id='word_1_688' title='bbox 1881 3515 2110 3555; x_wconf 83' lang='lat' dir='ltr'><strong>manens</strong></span> <span class='ocrx_word' id='word_1_689' title='bbox 2162 3510 2287 3554; x_wconf 87' lang='lat' dir='ltr'><strong>ante</strong></span> <span class='ocrx_word' id='word_1_690' title='bbox 2341 3502 2690 3554; x_wconf 84' lang='lat' dir='ltr'><strong>vestibulum.</strong></span> <span class='ocrx_word' id='word_1_691' title='bbox 2751 3499 3117 3565; x_wconf 87' lang='lat' dir='ltr'><strong>Quamobrem</strong></span> <span class='ocrx_word' id='word_1_692' title='bbox 3178 3502 3266 3570; x_wconf 86' lang='lat' dir='ltr'><strong>qui</strong></span> <span class='ocrx_word' id='word_1_693' title='bbox 3317 3501 3448 3554; x_wconf 82' lang='lat' dir='ltr'><strong>olim</strong></span> 
     </span>
    </p>
   </div>
   <div class='ocr_carea' id='block_1_92' title="bbox 1879 3592 3446 3662">
    <p class='ocr_par' dir='ltr' id='par_1_92' title="bbox 1879 3592 3446 3662">
     <span class='ocr_line' id='line_1_92' title="bbox 1879 3592 3446 3662; baseline 0 -16"><span class='ocrx_word' id='word_1_694' title='bbox 1879 3593 2084 3646; x_wconf 89' lang='lat' dir='ltr'><strong>Danieli</strong></span> <span class='ocrx_word' id='word_1_695' title='bbox 2124 3592 2391 3647; x_wconf 84' lang='lat' dir='ltr'><strong>lconinam</strong></span> <span class='ocrx_word' id='word_1_696' title='bbox 2440 3592 2799 3647; x_wconf 89' lang='lat' dir='ltr'><strong>mansuefecit</strong></span> <span class='ocrx_word' id='word_1_697' title='bbox 2851 3592 3228 3646; x_wconf 87' lang='lat' dir='ltr'><strong>crudelitatem</strong></span> <span class='ocrx_word' id='word_1_698' title='bbox 3254 3594 3302 3655; x_wconf 83' lang='lat'><strong>&#39;,</strong></span> <span class='ocrx_word' id='word_1_699' title='bbox 3333 3592 3446 3662; x_wconf 87' lang='lat' dir='ltr'><strong>ipse</strong></span> 
     </span>
    </p>
   </div>
   <div class='ocr_carea' id='block_1_93' title="bbox 1878 3683 3446 3756">
    <p class='ocr_par' dir='ltr' id='par_1_93' title="bbox 1878 3683 3446 3756">
     <span class='ocr_line' id='line_1_93' title="bbox 1878 3683 3446 3756; baseline -0.001 -17"><span class='ocrx_word' id='word_1_700' title='bbox 1878 3701 2095 3755; x_wconf 90' lang='lat' dir='ltr'><strong>quoque</strong></span> <span class='ocrx_word' id='word_1_701' title='bbox 2126 3685 2303 3742; x_wconf 83' lang='lat' dir='ltr'><strong>sciens</strong></span> <span class='ocrx_word' id='word_1_702' title='bbox 2345 3687 2410 3739; x_wconf 88' lang='lat' dir='ltr'><strong>ad</strong></span> <span class='ocrx_word' id='word_1_703' title='bbox 2443 3696 2699 3756; x_wconf 88' lang='lat' dir='ltr'><strong>quantam</strong></span> <span class='ocrx_word' id='word_1_704' title='bbox 2738 3684 2953 3740; x_wconf 80' lang='lat' dir='ltr'><strong>virtutis</strong></span> <span class='ocrx_word' id='word_1_705' title='bbox 2995 3683 3339 3738; x_wconf 85' lang='lat' dir='ltr'><strong>altitudinem</strong></span> <span class='ocrx_word' id='word_1_706' title='bbox 3375 3685 3446 3738; x_wconf 88' lang='lat' dir='ltr'><strong>sit</strong></span> 
     </span>
    </p>
   </div>
   <div class='ocr_carea' id='block_1_94' title="bbox 1876 3773 3442 3844">
    <p class='ocr_par' dir='ltr' id='par_1_94' title="bbox 1876 3773 3442 3844">
     <span class='ocr_line' id='line_1_94' title="bbox 1876 3773 3442 3844; baseline -0.002 -13"><span class='ocrx_word' id='word_1_707' title='bbox 1876 3786 2060 3831; x_wconf 77' lang='lat' dir='ltr'><strong>Sancta</strong></span> <span class='ocrx_word' id='word_1_708' title='bbox 2114 3786 2464 3844; x_wconf 90' lang='lat' dir='ltr'><strong>perventura,</strong></span> <span class='ocrx_word' id='word_1_709' title='bbox 2518 3777 2864 3830; x_wconf 76' lang='lat' dir='ltr'><strong>conservavit</strong></span> <span class='ocrx_word' id='word_1_710' title='bbox 2920 3791 3061 3836; x_wconf 86' lang='lat' dir='ltr'><strong>eam.</strong></span> <span class='ocrx_word' id='word_1_711' title='bbox 3111 3791 3180 3829; x_wconf 90' lang='lat' dir='ltr'><strong>ne</strong></span> <span class='ocrx_word' id='word_1_712' title='bbox 3227 3790 3256 3827; x_wconf 93' lang='lat' dir='ltr'><strong>a</strong></span> <span class='ocrx_word' id='word_1_713' title='bbox 3314 3773 3442 3828; x_wconf 91' lang='lat' dir='ltr'><strong>feris</strong></span> 
     </span>
    </p>
   </div>
   <div class='ocr_carea' id='block_1_95' title="bbox 1876 3867 3445 3938">
    <p class='ocr_par' dir='ltr' id='par_1_95' title="bbox 1876 3867 3445 3938">
     <span class='ocr_line' id='line_1_95' title="bbox 1876 3867 3445 3938; baseline -0.004 -12"><span class='ocrx_word' id='word_1_714' title='bbox 1876 3879 2182 3938; x_wconf 87' lang='lat' dir='ltr'><strong>caperetur.</strong></span> <span class='ocrx_word' id='word_1_715' title='bbox 2245 3868 2400 3936; x_wconf 86' lang='lat' dir='ltr'><strong>Quod</strong></span> <span class='ocrx_word' id='word_1_716' title='bbox 2452 3885 2572 3925; x_wconf 88' lang='lat' dir='ltr'><strong>cum</strong></span> <span class='ocrx_word' id='word_1_717' title='bbox 2625 3869 2877 3924; x_wconf 80' lang='lat' dir='ltr'><strong>monachi</strong></span> <span class='ocrx_word' id='word_1_718' title='bbox 2933 3869 3051 3937; x_wconf 88' lang='lat' dir='ltr'><strong>ipsa</strong></span> <span class='ocrx_word' id='word_1_719' title='bbox 3128 3867 3445 3922; x_wconf 89' lang='lat' dir='ltr'><strong>didicissent</strong></span> 
     </span>
    </p>
   </div>
   <div class='ocr_carea' id='block_1_96' title="bbox 1875 3961 3444 4030">
    <p class='ocr_par' dir='ltr' id='par_1_96' title="bbox 1875 3961 3444 4030">
     <span class='ocr_line' id='line_1_96' title="bbox 1875 3961 3444 4030; baseline -0.004 -14"><span class='ocrx_word' id='word_1_720' title='bbox 1875 3961 2229 4030; x_wconf 65' lang='lat' dir='ltr'><strong>experientia,</strong></span> <span class='ocrx_word' id='word_1_721' title='bbox 2271 3962 2592 4028; x_wconf 74' lang='lat' dir='ltr'><strong>iudicarunt</strong></span> <span class='ocrx_word' id='word_1_722' title='bbox 2625 3976 2746 4014; x_wconf 88' lang='lat' dir='ltr'><strong>esse</strong></span> <span class='ocrx_word' id='word_1_723' title='bbox 2801 3962 2911 4014; x_wconf 91' lang='lat' dir='ltr'><strong>Deo</strong></span> <span class='ocrx_word' id='word_1_724' title='bbox 2953 3969 3190 4029; x_wconf 81' lang='lat' dir='ltr'><strong>gratum,</strong></span> <span class='ocrx_word' id='word_1_725' title='bbox 3224 3968 3284 4011; x_wconf 91' lang='lat' dir='ltr'><strong>ut</strong></span> <span class='ocrx_word' id='word_1_726' title='bbox 3323 3969 3444 4011; x_wconf 87' lang='lat' dir='ltr'><strong>cum</strong></span> 
     </span>
    </p>
   </div>
   <div class='ocr_carea' id='block_1_97' title="bbox 1874 4048 3446 4120">
    <p class='ocr_par' dir='ltr' id='par_1_97' title="bbox 1874 4048 3446 4120">
     <span class='ocr_line' id='line_1_97' title="bbox 1874 4048 3446 4120; baseline -0.002 -15"><span class='ocrx_word' id='word_1_727' title='bbox 1874 4053 1954 4106; x_wconf 87' lang='lat' dir='ltr'><strong>eis</strong></span> <span class='ocrx_word' id='word_1_728' title='bbox 1982 4059 2302 4105; x_wconf 81' lang='lat' dir='ltr'><strong>versaretur.</strong></span> <span class='ocrx_word' id='word_1_729' title='bbox 2334 4051 2408 4104; x_wconf 88' lang='lat' dir='ltr'><strong>Ea</strong></span> <span class='ocrx_word' id='word_1_730' title='bbox 2435 4066 2565 4120; x_wconf 82' lang='lat' dir='ltr'><strong>ergo</strong></span> <span class='ocrx_word' id='word_1_731' title='bbox 2591 4051 2823 4104; x_wconf 88' lang='lat' dir='ltr'><strong>libenter</strong></span> <span class='ocrx_word' id='word_1_732' title='bbox 2863 4050 3118 4110; x_wconf 84' lang='lat' dir='ltr'><strong>admissa,</strong></span> <span class='ocrx_word' id='word_1_733' title='bbox 3154 4048 3446 4118; x_wconf 73' lang='lat' dir='ltr'><strong>pnnfectus</strong></span> 
     </span>
    </p>
   </div>
   <div class='ocr_carea' id='block_1_98' title="bbox 1876 4143 3444 4213">
    <p class='ocr_par' dir='ltr' id='par_1_98' title="bbox 1876 4143 3444 4213">
     <span class='ocr_line' id='line_1_98' title="bbox 1876 4143 3444 4213; baseline -0.001 -16"><span class='ocrx_word' id='word_1_734' title='bbox 1876 4143 2186 4198; x_wconf 83' lang='lat' dir='ltr'><strong>monasterii</strong></span> <span class='ocrx_word' id='word_1_735' title='bbox 2222 4157 2341 4197; x_wconf 83' lang='lat' dir='ltr'><strong>eam</strong></span> <span class='ocrx_word' id='word_1_736' title='bbox 2392 4143 2621 4197; x_wconf 88' lang='lat' dir='ltr'><strong>seorsim</strong></span> <span class='ocrx_word' id='word_1_737' title='bbox 2661 4143 2953 4206; x_wconf 85' lang='lat' dir='ltr'><strong>allocutus,</strong></span> <span class='ocrx_word' id='word_1_738' title='bbox 2990 4144 3278 4213; x_wconf 76' lang='lat' dir='ltr'><strong>diligenter</strong></span> <span class='ocrx_word' id='word_1_739' title='bbox 3325 4156 3444 4195; x_wconf 88' lang='lat' dir='ltr'><strong>eam</strong></span> 
     </span>
    </p>
   </div>
   <div class='ocr_carea' id='block_1_99' title="bbox 1875 4235 3444 4305">
    <p class='ocr_par' dir='ltr' id='par_1_99' title="bbox 1875 4235 3444 4305">
     <span class='ocr_line' id='line_1_99' title="bbox 1875 4235 3444 4305; baseline -0.001 -16"><span class='ocrx_word' id='word_1_740' title='bbox 1875 4236 2080 4302; x_wconf 69' lang='lat' dir='ltr'><strong>rogavit</strong></span> <span class='ocrx_word' id='word_1_741' title='bbox 2104 4237 2352 4305; x_wconf 76' lang='lat' dir='ltr'><strong>Quisnam</strong></span> <span class='ocrx_word' id='word_1_742' title='bbox 2380 4244 2544 4296; x_wconf 88' lang='lat' dir='ltr'><strong>esset,</strong></span> <span class='ocrx_word' id='word_1_743' title='bbox 2577 4243 2632 4290; x_wconf 89' lang='lat' dir='ltr'><strong>et</strong></span> <span class='ocrx_word' id='word_1_744' title='bbox 2658 4251 2893 4303; x_wconf 84' lang='lat' dir='ltr'><strong>quanam</strong></span> <span class='ocrx_word' id='word_1_745' title='bbox 2914 4235 2984 4288; x_wconf 88' lang='lat' dir='ltr'><strong>de</strong></span> <span class='ocrx_word' id='word_1_746' title='bbox 3015 4249 3177 4288; x_wconf 88' lang='lat' dir='ltr'><strong>causa</strong></span> <span class='ocrx_word' id='word_1_747' title='bbox 3205 4235 3444 4287; x_wconf 85' lang='lat' dir='ltr'><strong>venisset</strong></span> 
     </span>
    </p>
   </div>
   <div class='ocr_carea' id='block_1_100' title="bbox 1872 4325 3440 4398">
    <p class='ocr_par' dir='ltr' id='par_1_100' title="bbox 1872 4325 3440 4398">
     <span class='ocr_line' id='line_1_100' title="bbox 1872 4325 3440 4398; baseline -0.003 -14"><span class='ocrx_word' id='word_1_748' title='bbox 1872 4329 1938 4384; x_wconf 88' lang='lat' dir='ltr'><strong>ad</strong></span> <span class='ocrx_word' id='word_1_749' title='bbox 1991 4327 2396 4384; x_wconf 80' lang='lat' dir='ltr'><strong>monasterium.</strong></span> <span class='ocrx_word' id='word_1_750' title='bbox 2450 4326 2615 4392; x_wconf 84' lang='lat' dir='ltr'><strong>Num,</strong></span> <span class='ocrx_word' id='word_1_751' title='bbox 2678 4327 2871 4398; x_wconf 90' lang='lat' dir='ltr'><strong>inquit,</strong></span> <span class='ocrx_word' id='word_1_752' title='bbox 2907 4325 3116 4384; x_wconf 63' lang='lat' dir='ltr'><strong>faenore</strong></span> <span class='ocrx_word' id='word_1_753' title='bbox 3165 4334 3440 4397; x_wconf 72' lang='lat' dir='ltr'><strong>gravatus,</strong></span> 
     </span>
    </p>
   </div>
   <div class='ocr_carea' id='block_1_101' title="bbox 1871 4419 3443 4481">
    <p class='ocr_par' dir='ltr' id='par_1_101' title="bbox 1871 4419 3443 4481">
     <span class='ocr_line' id='line_1_101' title="bbox 1871 4419 3443 4481; baseline -0.003 -4"><span class='ocrx_word' id='word_1_754' title='bbox 1871 4432 1967 4478; x_wconf 85' lang='lat' dir='ltr'><strong>aut</strong></span> <span class='ocrx_word' id='word_1_755' title='bbox 2009 4423 2162 4477; x_wconf 68' lang='lat' dir='ltr'><strong>facta:</strong></span> <span class='ocrx_word' id='word_1_756' title='bbox 2198 4422 2358 4478; x_wconf 71' lang='lat' dir='ltr'><strong>cmdis</strong></span> <span class='ocrx_word' id='word_1_757' title='bbox 2398 4423 2698 4481; x_wconf 81' lang='lat' dir='ltr'><strong>convictus,</strong></span> <span class='ocrx_word' id='word_1_758' title='bbox 2735 4435 2828 4474; x_wconf 87' lang='lat' dir='ltr'><strong>aut</strong></span> <span class='ocrx_word' id='word_1_759' title='bbox 2867 4436 2992 4474; x_wconf 90' lang='lat' dir='ltr'><strong>cum</strong></span> <span class='ocrx_word' id='word_1_760' title='bbox 3059 4436 3169 4473; x_wconf 92' lang='lat' dir='ltr'><strong>non</strong></span> <span class='ocrx_word' id='word_1_761' title='bbox 3215 4419 3443 4472; x_wconf 81' lang='lat' dir='ltr'><strong>haberes</strong></span> 
     </span>
    </p>
   </div>
   <div class='ocr_carea' id='block_1_102' title="bbox 1874 4509 3440 4577">
    <p class='ocr_par' dir='ltr' id='par_1_102' title="bbox 1874 4509 3440 4577">
     <span class='ocr_line' id='line_1_102' title="bbox 1874 4509 3440 4577; baseline -0.004 -9"><span class='ocrx_word' id='word_1_762' title='bbox 1874 4515 2014 4569; x_wconf 90' lang='lat' dir='ltr'><strong>unde</strong></span> <span class='ocrx_word' id='word_1_763' title='bbox 2079 4514 2215 4567; x_wconf 81' lang='lat' dir='ltr'><strong>filios</strong></span> <span class='ocrx_word' id='word_1_764' title='bbox 2259 4513 2453 4574; x_wconf 86' lang='lat' dir='ltr'><strong>aleres,</strong></span> <span class='ocrx_word' id='word_1_765' title='bbox 2500 4513 2734 4565; x_wconf 81' lang='lat' dir='ltr'><strong>statuisti</strong></span> <span class='ocrx_word' id='word_1_766' title='bbox 2785 4511 3117 4563; x_wconf 90' lang='lat' dir='ltr'><strong>mundanum</strong></span> <span class='ocrx_word' id='word_1_767' title='bbox 3166 4509 3440 4577; x_wconf 86' lang='lat' dir='ltr'><strong>deponere</strong></span> 
     </span>
    </p>
   </div>
   <div class='ocr_carea' id='block_1_103' title="bbox 1871 4598 3441 4674">
    <p class='ocr_par' dir='ltr' id='par_1_103' title="bbox 1871 4598 3441 4674">
     <span class='ocr_line' id='line_1_103' title="bbox 1871 4598 3441 4674; baseline -0.004 -14"><span class='ocrx_word' id='word_1_768' title='bbox 1871 4605 2154 4660; x_wconf 85' lang='lat' dir='ltr'><strong>habitum?</strong></span> <span class='ocrx_word' id='word_1_769' title='bbox 2202 4602 2428 4674; x_wconf 80' lang='lat' dir='ltr'><strong>Propter</strong></span> <span class='ocrx_word' id='word_1_770' title='bbox 2487 4603 2692 4657; x_wconf 89' lang='lat' dir='ltr'><strong>nullum</strong></span> <span class='ocrx_word' id='word_1_771' title='bbox 2754 4602 2972 4665; x_wconf 83' lang='lat' dir='ltr'><strong>horum.</strong></span> <span class='ocrx_word' id='word_1_772' title='bbox 3006 4617 3040 4656; x_wconf 95' lang='lat' dir='ltr'><strong>o</strong></span> <span class='ocrx_word' id='word_1_773' title='bbox 3085 4601 3261 4663; x_wconf 82' lang='lat' dir='ltr'><strong>Pater,</strong></span> <span class='ocrx_word' id='word_1_774' title='bbox 3308 4598 3441 4654; x_wconf 75' lang='lat' dir='ltr'><strong>dixit</strong></span> 
     </span>
    </p>
   </div>
   <div class='ocr_carea' id='block_1_104' title="bbox 1872 4691 3437 4763">
    <p class='ocr_par' dir='ltr' id='par_1_104' title="bbox 1872 4691 3437 4763">
     <span class='ocr_line' id='line_1_104' title="bbox 1872 4691 3437 4763; baseline -0.006 -11"><span class='ocrx_word' id='word_1_775' title='bbox 1872 4697 2176 4759; x_wconf 80' lang='lat' dir='ltr'><strong>&#39;l&#39;lieodora,</strong></span> <span class='ocrx_word' id='word_1_776' title='bbox 2227 4699 2320 4750; x_wconf 76' lang='lat' dir='ltr'><strong>sed</strong></span> <span class='ocrx_word' id='word_1_777' title='bbox 2354 4707 2411 4749; x_wconf 88' lang='lat' dir='ltr'><strong>ut</strong></span> <span class='ocrx_word' id='word_1_778' title='bbox 2449 4694 2596 4749; x_wconf 85' lang='lat' dir='ltr'><strong>solus</strong></span> <span class='ocrx_word' id='word_1_779' title='bbox 2631 4696 2868 4763; x_wconf 88' lang='lat' dir='ltr'><strong>quietem</strong></span> <span class='ocrx_word' id='word_1_780' title='bbox 2913 4710 3065 4763; x_wconf 78' lang='lat' dir='ltr'><strong>agam</strong></span> <span class='ocrx_word' id='word_1_781' title='bbox 3099 4708 3127 4746; x_wconf 89' lang='lat' dir='ltr'><strong>a</strong></span> <span class='ocrx_word' id='word_1_782' title='bbox 3161 4691 3437 4745; x_wconf 79' lang='lat' dir='ltr'><strong>mundano</strong></span> 
     </span>
    </p>
   </div>
   <div class='ocr_carea' id='block_1_105' title="bbox 1874 4784 3436 4856">
    <p class='ocr_par' dir='ltr' id='par_1_105' title="bbox 1874 4784 3436 4856">
     <span class='ocr_line' id='line_1_105' title="bbox 1874 4784 3436 4856; baseline -0.008 -11"><span class='ocrx_word' id='word_1_783' title='bbox 1874 4789 2128 4850; x_wconf 87' lang='lat' dir='ltr'><strong>tumultu,</strong></span> <span class='ocrx_word' id='word_1_784' title='bbox 2162 4799 2215 4842; x_wconf 88' lang='lat' dir='ltr'><strong>et</strong></span> <span class='ocrx_word' id='word_1_785' title='bbox 2249 4804 2364 4843; x_wconf 81' lang='lat' dir='ltr'><strong>mea</strong></span> <span class='ocrx_word' id='word_1_786' title='bbox 2396 4787 2620 4840; x_wconf 85' lang='lat' dir='ltr'><strong>defleam</strong></span> <span class='ocrx_word' id='word_1_787' title='bbox 2647 4795 2886 4856; x_wconf 83' lang='lat' dir='ltr'><strong>peccata.</strong></span> <span class='ocrx_word' id='word_1_788' title='bbox 2917 4784 3199 4850; x_wconf 84' lang='lat' dir='ltr'><strong>Quomodo</strong></span> <span class='ocrx_word' id='word_1_789' title='bbox 3229 4793 3436 4844; x_wconf 83' lang='lat' dir='ltr'><strong>autem,</strong></span> 
     </span>
    </p>
   </div>
   <div class='ocr_carea' id='block_1_106' title="bbox 1874 4875 3438 4949">
    <p class='ocr_par' dir='ltr' id='par_1_106' title="bbox 1874 4875 3438 4949">
     <span class='ocr_line' id='line_1_106' title="bbox 1874 4875 3438 4949; baseline -0.004 -15"><span class='ocrx_word' id='word_1_790' title='bbox 1874 4881 2156 4949; x_wconf 76' lang='lat' dir='ltr'><strong>subjuuxit</strong></span> <span class='ocrx_word' id='word_1_791' title='bbox 2215 4894 2443 4948; x_wconf 79' lang='lat' dir='ltr'><strong>magnus</strong></span> <span class='ocrx_word' id='word_1_792' title='bbox 2509 4878 2820 4948; x_wconf 81' lang='lat' dir='ltr'><strong>praefectus,</strong></span> <span class='ocrx_word' id='word_1_793' title='bbox 2891 4875 3244 4947; x_wconf 71' lang='lat' dir='ltr'><strong>appellat-is?</strong></span> <span class='ocrx_word' id='word_1_794' title='bbox 3298 4875 3438 4929; x_wconf 78' lang='lat' dir='ltr'><strong>Dixit</strong></span> 
     </span>
    </p>
   </div>
   <div class='ocr_carea' id='block_1_107' title="bbox 1873 4968 3433 5041">
    <p class='ocr_par' dir='ltr' id='par_1_107' title="bbox 1873 4968 3433 5041">
     <span class='ocr_line' id='line_1_107' title="bbox 1873 4968 3433 5041; baseline -0.006 -13"><span class='ocrx_word' id='word_1_795' title='bbox 1873 4983 2055 5028; x_wconf 88' lang='lat' dir='ltr'><strong>autem</strong></span> <span class='ocrx_word' id='word_1_796' title='bbox 2110 4974 2196 5027; x_wconf 88' lang='lat' dir='ltr'><strong>illa</strong></span> <span class='ocrx_word' id='word_1_797' title='bbox 2251 4987 2509 5041; x_wconf 82' lang='lat' dir='ltr'><strong>generosa</strong></span> <span class='ocrx_word' id='word_1_798' title='bbox 2577 4973 2829 5027; x_wconf 83' lang='lat' dir='ltr'><strong>mulier:</strong></span> <span class='ocrx_word' id='word_1_799' title='bbox 2880 4971 2975 5024; x_wconf 87' lang='lat' dir='ltr'><strong>Est</strong></span> <span class='ocrx_word' id='word_1_800' title='bbox 3040 4968 3176 5023; x_wconf 82' lang='lat' dir='ltr'><strong>milii</strong></span> <span class='ocrx_word' id='word_1_801' title='bbox 3235 4982 3433 5021; x_wconf 85' lang='lat' dir='ltr'><strong>nomen</strong></span> 
     </span>
    </p>
   </div>
   <div class='ocr_carea' id='block_1_108' title="bbox 1874 5060 3426 5130">
    <p class='ocr_par' dir='ltr' id='par_1_108' title="bbox 1874 5060 3426 5130">
     <span class='ocr_line' id='line_1_108' title="bbox 1874 5060 3426 5130; baseline -0.005 -10"><span class='ocrx_word' id='word_1_802' title='bbox 1874 5064 2216 5120; x_wconf 83' lang='lat' dir='ltr'><strong>Theodorus.</strong></span> <span class='ocrx_word' id='word_1_803' title='bbox 2266 5062 2358 5118; x_wconf 90' lang='lat' dir='ltr'><strong>llle</strong></span> <span class='ocrx_word' id='word_1_804' title='bbox 2415 5074 2596 5117; x_wconf 89' lang='lat' dir='ltr'><strong>autem</strong></span> <span class='ocrx_word' id='word_1_805' title='bbox 2639 5103 2654 5126; x_wconf 94' lang='lat'><strong>,</strong></span> <span class='ocrx_word' id='word_1_806' title='bbox 2695 5062 2773 5116; x_wconf 84' lang='lat' dir='ltr'><strong>Ne</strong></span> <span class='ocrx_word' id='word_1_807' title='bbox 2803 5063 3102 5126; x_wconf 74' lang='lat' dir='ltr'><strong>existimes,</strong></span> <span class='ocrx_word' id='word_1_808' title='bbox 3163 5060 3359 5130; x_wconf 86' lang='lat' dir='ltr'><strong>inquit,</strong></span> <span class='ocrx_word' id='word_1_809' title='bbox 3393 5073 3426 5112; x_wconf 91' lang='grc' dir='ltr'><strong>ο</strong></span> 
     </span>
    </p>
   </div>
   <div class='ocr_carea' id='block_1_109' title="bbox 1877 5154 3432 5221">
    <p class='ocr_par' dir='ltr' id='par_1_109' title="bbox 1877 5154 3432 5221">
     <span class='ocr_line' id='line_1_109' title="bbox 1877 5154 3432 5221; baseline -0.005 -8"><span class='ocrx_word' id='word_1_810' title='bbox 1877 5159 2042 5215; x_wconf 87' lang='lat' dir='ltr'><strong>frater</strong></span> <span class='ocrx_word' id='word_1_811' title='bbox 2078 5157 2386 5221; x_wconf 85' lang='lat' dir='ltr'><strong>Theodore,</strong></span> <span class='ocrx_word' id='word_1_812' title='bbox 2420 5157 2557 5210; x_wconf 84' lang='lat' dir='ltr'><strong>citra</strong></span> <span class='ocrx_word' id='word_1_813' title='bbox 2593 5156 2833 5210; x_wconf 87' lang='lat' dir='ltr'><strong>laborem</strong></span> <span class='ocrx_word' id='word_1_814' title='bbox 2879 5156 2974 5210; x_wconf 89' lang='lat' dir='ltr'><strong>tibi</strong></span> <span class='ocrx_word' id='word_1_815' title='bbox 3026 5154 3264 5207; x_wconf 88' lang='lat' dir='ltr'><strong>futuram</strong></span> <span class='ocrx_word' id='word_1_816' title='bbox 3310 5167 3432 5206; x_wconf 86' lang='lat' dir='ltr'><strong>eam</strong></span> 
     </span>
    </p>
   </div>
   <div class='ocr_carea' id='block_1_110' title="bbox 1867 5245 3433 5322">
    <p class='ocr_par' dir='ltr' id='par_1_110' title="bbox 1867 5245 3433 5322">
     <span class='ocr_line' id='line_1_110' title="bbox 1867 5245 3433 5322; baseline -0.004 -17"><span class='ocrx_word' id='word_1_817' title='bbox 1867 5267 1985 5322; x_wconf 61' lang='lat' dir='ltr'><strong>qua:</strong></span> <span class='ocrx_word' id='word_1_818' title='bbox 2061 5261 2145 5306; x_wconf 87' lang='lat' dir='ltr'><strong>est</strong></span> <span class='ocrx_word' id='word_1_819' title='bbox 2229 5251 2317 5305; x_wconf 83' lang='lat' dir='ltr'><strong>hic</strong></span> <span class='ocrx_word' id='word_1_820' title='bbox 2387 5250 2861 5303; x_wconf 81' lang='lat' dir='ltr'><strong>conversationem</strong></span> <span class='ocrx_word' id='word_1_821' title='bbox 2919 5265 2933 5300; x_wconf 90' lang='lat'><strong>:</strong></span> <span class='ocrx_word' id='word_1_822' title='bbox 2992 5247 3085 5301; x_wconf 89' lang='lat' dir='ltr'><strong>sed</strong></span> <span class='ocrx_word' id='word_1_823' title='bbox 3159 5248 3200 5300; x_wconf 91' lang='lat' dir='ltr'><strong>si</strong></span> <span class='ocrx_word' id='word_1_824' title='bbox 3299 5245 3433 5300; x_wconf 82' lang='lat' dir='ltr'><strong>velis</strong></span> 
     </span>
    </p>
   </div>
   <div class='ocr_carea' id='block_1_111' title="bbox 1867 5337 3431 5412">
    <p class='ocr_par' dir='ltr' id='par_1_111' title="bbox 1867 5337 3431 5412">
     <span class='ocr_line' id='line_1_111' title="bbox 1867 5337 3431 5412; baseline -0.005 -14"><span class='ocrx_word' id='word_1_825' title='bbox 1867 5358 2052 5398; x_wconf 83' lang='lat' dir='ltr'><strong>revera</strong></span> <span class='ocrx_word' id='word_1_826' title='bbox 2087 5342 2268 5396; x_wconf 87' lang='lat' dir='ltr'><strong>subire</strong></span> <span class='ocrx_word' id='word_1_827' title='bbox 2319 5340 2506 5412; x_wconf 74' lang='lat' dir='ltr'><strong>iugum</strong></span> <span class='ocrx_word' id='word_1_828' title='bbox 2561 5339 2906 5399; x_wconf 59' lang='lat' dir='ltr'><strong>obedientiam</strong></span> <span class='ocrx_word' id='word_1_829' title='bbox 2960 5340 3099 5392; x_wconf 81' lang='lat' dir='ltr'><strong>scias</strong></span> <span class='ocrx_word' id='word_1_830' title='bbox 3151 5346 3202 5391; x_wconf 92' lang='lat' dir='ltr'><strong>te</strong></span> <span class='ocrx_word' id='word_1_831' title='bbox 3257 5337 3431 5391; x_wconf 85' lang='lat' dir='ltr'><strong>inser-</strong></span> 
     </span>
    </p>
   </div>
   <div class='ocr_carea' id='block_1_112' title="bbox 1865 5431 3430 5498">
    <p class='ocr_par' dir='ltr' id='par_1_112' title="bbox 1865 5431 3430 5498">
     <span class='ocr_line' id='line_1_112' title="bbox 1865 5431 3430 5498; baseline -0.003 -9"><span class='ocrx_word' id='word_1_832' title='bbox 1865 5435 2099 5489; x_wconf 76' lang='lat' dir='ltr'><strong>viturum</strong></span> <span class='ocrx_word' id='word_1_833' title='bbox 2155 5433 2410 5487; x_wconf 85' lang='lat' dir='ltr'><strong>fratribus</strong></span> <span class='ocrx_word' id='word_1_834' title='bbox 2471 5433 2522 5485; x_wconf 89' lang='lat' dir='ltr'><strong>in</strong></span> <span class='ocrx_word' id='word_1_835' title='bbox 2567 5431 2821 5485; x_wconf 86' lang='lat' dir='ltr'><strong>omnibus</strong></span> <span class='ocrx_word' id='word_1_836' title='bbox 2898 5445 3018 5498; x_wconf 76' lang='lat' dir='ltr'><strong>qua:</strong></span> <span class='ocrx_word' id='word_1_837' title='bbox 3062 5439 3190 5483; x_wconf 85' lang='lat' dir='ltr'><strong>sunt</strong></span> <span class='ocrx_word' id='word_1_838' title='bbox 3237 5445 3430 5484; x_wconf 86' lang='lat' dir='ltr'><strong>neces-</strong></span> 
     </span>
    </p>
   </div>
   <div class='ocr_carea' id='block_1_113' title="bbox 1867 5525 3424 5595">
    <p class='ocr_par' dir='ltr' id='par_1_113' title="bbox 1867 5525 3424 5595">
     <span class='ocr_line' id='line_1_113' title="bbox 1867 5525 3424 5595; baseline -0.004 -9"><span class='ocrx_word' id='word_1_839' title='bbox 1867 5533 2026 5593; x_wconf 81' lang='lat' dir='ltr'><strong>saria,</strong></span> <span class='ocrx_word' id='word_1_840' title='bbox 2095 5544 2204 5583; x_wconf 90' lang='lat' dir='ltr'><strong>non</strong></span> <span class='ocrx_word' id='word_1_841' title='bbox 2249 5530 2421 5583; x_wconf 87' lang='lat' dir='ltr'><strong>solum</strong></span> <span class='ocrx_word' id='word_1_842' title='bbox 2504 5527 2557 5582; x_wconf 87' lang='lat' dir='ltr'><strong>in</strong></span> <span class='ocrx_word' id='word_1_843' title='bbox 2635 5527 2988 5591; x_wconf 88' lang='lat' dir='ltr'><strong>monasterio,</strong></span> <span class='ocrx_word' id='word_1_844' title='bbox 3074 5536 3130 5580; x_wconf 89' lang='lat' dir='ltr'><strong>ut</strong></span> <span class='ocrx_word' id='word_1_845' title='bbox 3179 5525 3271 5595; x_wconf 86' lang='lat' dir='ltr'><strong>qui</strong></span> <span class='ocrx_word' id='word_1_846' title='bbox 3348 5525 3424 5579; x_wconf 86' lang='lat' dir='ltr'><strong>sis</strong></span> 
     </span>
    </p>
   </div>
   <div class='ocr_carea' id='block_1_114' title="bbox 1867 5617 3426 5691">
    <p class='ocr_par' dir='ltr' id='par_1_114' title="bbox 1867 5617 3426 5691">
     <span class='ocr_line' id='line_1_114' title="bbox 1867 5617 3426 5691; baseline -0.006 -11"><span class='ocrx_word' id='word_1_847' title='bbox 1867 5630 2153 5680; x_wconf 83' lang='lat' dir='ltr'><strong>curaturus</strong></span> <span class='ocrx_word' id='word_1_848' title='bbox 2213 5621 2423 5691; x_wconf 81' lang='lat' dir='ltr'><strong>plautas</strong></span> <span class='ocrx_word' id='word_1_849' title='bbox 2469 5631 2524 5676; x_wconf 88' lang='lat' dir='ltr'><strong>et</strong></span> <span class='ocrx_word' id='word_1_850' title='bbox 2575 5621 2743 5686; x_wconf 89' lang='lat' dir='ltr'><strong>olera,</strong></span> <span class='ocrx_word' id='word_1_851' title='bbox 2795 5629 2848 5674; x_wconf 88' lang='lat' dir='ltr'><strong>et</strong></span> <span class='ocrx_word' id='word_1_852' title='bbox 2908 5619 3312 5673; x_wconf 83' lang='lat' dir='ltr'><strong>ministraturus</strong></span> <span class='ocrx_word' id='word_1_853' title='bbox 3371 5617 3426 5670; x_wconf 92' lang='lat' dir='ltr'><strong>in</strong></span> 
     </span>
    </p>
   </div>
   <div class='ocr_carea' id='block_1_115' title="bbox 1868 5708 3426 5786">
    <p class='ocr_par' dir='ltr' id='par_1_115' title="bbox 1868 5708 3426 5786">
     <span class='ocr_line' id='line_1_115' title="bbox 1868 5708 3426 5786; baseline -0.006 -14"><span class='ocrx_word' id='word_1_854' title='bbox 1868 5731 2004 5786; x_wconf 87' lang='lat' dir='ltr'><strong>aqua</strong></span> <span class='ocrx_word' id='word_1_855' title='bbox 2072 5714 2428 5784; x_wconf 81' lang='lat' dir='ltr'><strong>exportanda,</strong></span> <span class='ocrx_word' id='word_1_856' title='bbox 2506 5722 2557 5766; x_wconf 85' lang='lat' dir='ltr'><strong>et</strong></span> <span class='ocrx_word' id='word_1_857' title='bbox 2621 5714 2835 5767; x_wconf 86' lang='lat' dir='ltr'><strong>hortum</strong></span> <span class='ocrx_word' id='word_1_858' title='bbox 2922 5711 3260 5781; x_wconf 74' lang='lat' dir='ltr'><strong>irrigaturus,</strong></span> <span class='ocrx_word' id='word_1_859' title='bbox 3331 5708 3426 5765; x_wconf 78' lang='lat' dir='ltr'><strong>sed</strong></span> 
     </span>
    </p>
   </div>
  </div>
