4158 6492
731 394 834 456 671

1954 408 2243 469 ΜΕΝὸΙὸ
2281 404 2749 468 SEPTEMBEB.

3862 399 3963 462 672

724 509 859 566 foris
899 512 1059 567 etiam
1114 518 1434 583 serviturus,
1485 529 1538 575 et
1587 523 1803 590 quando
1856 537 1987 579 usus
2035 523 2299 593 exegerit,

2407 526 2868 593 παραιτοῦμενος.
2915 519 2989 573 Οὐ
3040 516 3148 589 μὴν
3177 517 3329 572 ἔσται
3364 533 3449 570 σοι
3476 513 3649 568 ταῦτα
3690 511 3963 582 πρόφασις

726 610 785 656 ut
836 618 930 658 eas
981 606 1037 659 in
1086 607 1384 675 civitatem,
1427 612 1649 668 minime
1696 624 2068 671 recusaturus.
2102 616 2294 686 Neque

726 702 908 748 tamen
963 697 1063 752 hoc
1110 713 1374 769 praetextu
1427 709 1759 774 contemptui
1807 708 2034 764 habebis
2075 709 2293 765 labores

726 788 1150 856 exercitationis,
1208 796 1300 849 sed
1378 808 1589 867 oportet
1664 800 2019 858 nihilosecius
2095 818 2294 858 vacare

720 877 930 947 jejunio
974 893 1030 935 et
1070 884 1329 949 orationi,
1373 898 1426 943 et
1460 891 1527 945 de
1581 906 1731 947 more
1782 895 2035 963 psallere,
2074 910 2290 964 vesper-

727 968 1011 1038 tinamque
1061 982 1116 1027 et
1173 980 1496 1033 matutinam
1546 980 1993 1051 gloriﬁcationem
2047 986 2296 1054 quotidie

725 1072 1029 1127 peragere;
1086 1077 1351 1132 praeterea
1410 1079 1590 1124 autem
1656 1089 1759 1127 nec
1818 1075 2097 1141 horarum,
2170 1092 2291 1145 quae

726 1162 1009 1219 vocantur,
1076 1156 1237 1210 ullam
1312 1163 1776 1230 praetermittere;
1837 1167 1967 1235 quin
2018 1168 2183 1222 etiam
2239 1170 2295 1223 in

724 1246 955 1310 genibus
1011 1245 1294 1303 ﬂectendis
1340 1250 1605 1319 laborare,
1659 1264 1713 1309 et
1767 1256 1844 1312 sic
1905 1272 2104 1329 corpus
2162 1258 2295 1313 allii-

726 1348 853 1400 gere
909 1347 1131 1405 propter
1179 1341 1405 1397 insidias
1451 1358 1638 1398 eorum
1689 1347 1781 1416 qui
1831 1348 2028 1403 bellum
2077 1359 2293 1421 gerunt.

724 1423 901 1492 Atque
944 1428 1097 1483 beata
1137 1432 1385 1500 quidem,
1431 1449 1554 1489 cum
1596 1438 1707 1492 haec
1747 1439 1930 1493 omnia
1970 1440 2083 1495 suis
2135 1456 2296 1495 acce-

727 1517 896 1584 pisset
967 1522 1210 1587 auribus,
1274 1533 1327 1578 et
1404 1541 1465 1580 ea
1525 1542 1646 1583 esse
1718 1539 1985 1600 putasset,
2038 1542 2297 1601 tanquam

727 1610 938 1677 aliquas
1004 1614 1198 1670 anima
1272 1618 1515 1686 delicias,
1569 1638 1692 1676 cum
1772 1640 1970 1695 magno
2020 1635 2076 1680 et
2135 1626 2298 1681 alacri

725 1698 893 1752 animi
950 1703 1129 1756 studio
1193 1721 1252 1761 se
1303 1723 1365 1762 ea
1418 1724 1537 1763 esse
1596 1710 1860 1767 facturam
1908 1722 1991 1769 est
2039 1715 2297 1784 pollicita.

733 1788 801 1844 Et
854 1790 932 1845 sic
997 1794 1303 1851 admittitur
1373 1801 1430 1854 in
1507 1803 1759 1857 eumdem
1839 1805 2085 1861 ordinem
2170 1824 2295 1863 cum

726 1884 948 1954 egregio
993 1886 1083 1942 illo
1121 1891 1291 1946 choro
1342 1894 1762 1951 monachorum.

799 1975 859 2029 V.
891 1977 1158 2043 Quoniam
1191 1992 1372 2039 autem
1397 1988 1515 2057 ejus
1547 2003 1669 2046 cum
1709 1991 1817 2047 Deo
1846 2002 2001 2063 pacta
2052 2010 2298 2051 conven-

728 2074 778 2118 ta
815 2066 993 2122 futura
1026 2082 1181 2127 erant
1207 2092 1351 2140 vera,
1386 2088 1440 2133 et
1469 2094 1500 2133 a
1524 2081 1808 2136 mendacio
1872 2085 2068 2149 aliena,
2119 2087 2300 2142 valere

721 2158 925 2226 jubens
955 2176 1175 2221 omnem
1213 2168 1392 2223 carnis
1427 2171 1791 2240 prudentiam,
1824 2189 1883 2229 se
1910 2176 2095 2231 statim
2149 2179 2301 2234 exuit

727 2250 795 2301 ad
828 2254 1149 2321 certamina,
1183 2258 1386 2313 nullam
1445 2278 1675 2329 moram,
1753 2281 1929 2337 neque
1975 2280 2299 2339 prretextum

730 2341 898 2395 ullum
930 2345 1190 2412 aifereus,
1223 2365 1330 2418 quo
1356 2353 1535 2407 minus
1574 2356 1925 2413 ministraret.
1986 2358 2123 2413 Cum
2172 2377 2301 2431 ergo

729 2442 853 2486 octo
904 2451 1081 2491 annos
1151 2441 1392 2509 quotidie
1446 2457 1821 2514 perseveraret
1875 2448 1927 2503 in
1988 2450 2300 2522 irrigatione

729 2524 1035 2592 plantarum
1101 2540 1154 2585 et
1210 2533 1438 2601 olerum,
1492 2550 1610 2607 que
1672 2555 1826 2595 nsum
1866 2542 2175 2611 prebebant
2236 2546 2301 2601 iis

729 2618 823 2686 qui
861 2622 1096 2676 erantin
1134 2630 1488 2694 monasterio,
1536 2632 1884 2702 molendique
1942 2645 1996 2689 et
2046 2637 2295 2707 pinsendi

732 2707 1068 2766 frumentum
1098 2726 1154 2769 et
1184 2717 1247 2770 ad
1276 2734 1469 2786 panem
1503 2725 1843 2791 praeparandi
1872 2740 2071 2780 munus
2095 2728 2299 2782 nihilo-

730 2803 913 2854 secius
935 2817 1348 2873 exsequeretur,
1371 2818 1425 2864 et
1459 2822 1721 2881 coqueret
1751 2813 1871 2868 olus
1923 2832 2029 2885 quo
2076 2832 2134 2872 se
2186 2818 2300 2873 ale-

732 2890 864 2946 bant
895 2896 984 2962 qui
1037 2911 1236 2967 corpus
1290 2904 1583 2958 studebant
1624 2905 1970 2977 rnortilicare,
2023 2924 2299 2979 nunquam

734 2992 914 3037 tamen
933 2987 1107 3042 abfuit
1134 3008 1162 3042 a
1195 2994 1404 3061 synaxi,
1431 3010 1551 3063 quae
1579 2998 1941 3068 peragebatur
1967 3001 2020 3055 in
2046 3002 2297 3069 ecclesia,

732 3077 829 3129 sed
861 3079 908 3129 in
935 3094 995 3131 ea
1027 3097 1242 3151 quoque
1270 3084 1418 3153 pium
1462 3102 1620 3139 suum
1679 3090 2001 3144 ostendebat
2034 3095 2299 3147 animum.

2402 611 2540 682 πρὸς
2578 613 2706 674 τοὺς
2744 608 3080 680 άσκητικοὺς
3116 608 3316 671 πόνους
3346 607 3653 675 ὀλιγωρεῖν,
3700 602 3840 656 ἀλλὰ
3872 606 3965 656 καὶ

2396 701 2539 756 οὕτω
2577 703 2776 772 μᾶλλον
2821 701 3245 770 ἀπαραλείπτως
3292 701 3516 770 νηστείᾳ.
3575 698 3655 750 δεῖ
3698 713 3759 749 σε
3795 712 3965 765 προσο

2393 793 2609 863 ανέχειν
2660 794 2754 847 καὶ
2799 794 3101 862 προσευχῇ,
3140 790 3420 860 ψάλλαντα
3459 788 3702 857 συνήθως
3737 788 3834 840 καὶ
3871 786 3966 856 τὴν

2398 882 2697 951 έσπερινὴν
2780 882 3055 951 ὁσημέραι
3133 882 3230 935 καὶ
3304 878 3565 951 ὀρθρινήν
3649 878 3962 944 δοξολογίαν

2396 972 2668 1026 ἐπιτελεῖν
2702 991 2717 1005 ·
2795 974 2931 1046 πρὸς
2983 973 3040 1026 δὲ
3099 973 3196 1025 καὶ
3250 973 3356 1026 τῶν
3400 971 3759 1040 καλουμένων
3811 969 3964 1039 ὡρῶν

2403 1064 2679 1135 μηδεμίαν
2742 1065 3228 1138 παραλιμπάνειν,
3279 1064 3713 1134 προσπονεῖσθαι
3762 1062 3822 1114 δὲ
3874 1062 3965 1114 καὶ

2396 1157 2643 1223 γονάτων
2690 1158 2888 1224 κλίσει,
2946 1160 3040 1212 καὶ
3100 1159 3243 1211 οὕτω
3287 1156 3512 1226 τρύχειν
3561 1154 3623 1207 τὸ
3664 1154 3829 1224 σῶμα
3878 1155 3962 1206 διὰ

2396 1248 2498 1311 τὰς
2549 1248 2759 1304 ἐκεῖθεν
2818 1249 2925 1303 τῶν
2973 1249 3362 1319 πολεμούντων
3397 1246 3715 1309 ἐπιϐουλάς.
3763 1245 3830 1299 Ἠ
3866 1260 3967 1313 μαι

2400 1337 2569 1407 καρία
2614 1339 2712 1407 μὲν
2769 1334 2886 1404 οὖν,
2915 1339 3074 1393 ταυτὶ
3116 1338 3293 1393 πάντα
3338 1336 3558 1392 ἐνθεῖσα
3603 1338 3723 1398 ταῖς
3755 1336 3963 1402 ἀκοαῖς,

2401 1431 2498 1483 καὶ
2527 1430 2716 1501 ὥσπερ
2740 1448 2792 1484 τι
2818 1431 2998 1501 ψυχῆς
3038 1428 3180 1485 εἶναι
3228 1428 3563 1499 λογισαμένη
3616 1426 3966 1497 ὲντρύφημα.

2405 1523 2544 1591 μετὰ
2605 1522 2811 1592 πολλῆς
2868 1522 3011 1576 αύτὰ
3064 1523 3164 1593 τῆς
3218 1521 3535 1592 προθυμίας
3601 1518 3967 1586 ἐπηγγείλατο

2401 1614 2705 1684 πράττειν,
2771 1615 2868 1668 καὶ
2924 1613 3097 1677 οὕτως
3151 1612 3418 1685 ὁμοτελὴς
3468 1612 3548 1683 τῷ
3591 1609 3742 1681 καλῷ
3778 1608 3967 1678 ἐκείνῳ

2403 1704 2514 1756 τῶν
2543 1704 2793 1775 μοναχῶν
2848 1705 2997 1776 χορῷ
3022 1705 3257 1773 γίνεται.

2475 1974 2550 2030 E'.
2603 1977 2758 2028 Ἐπεὶ
2792 1976 2849 2029 δὲ
2893 1978 2949 2029 αἱ
2994 1976 3127 2047 πρὸς
3176 1976 3311 2031 Θεὸν
3366 1978 3543 2049 αὐτῆς
3585 1979 3856 2049 συνθῆκαι
3914 1982 3973 2034 τὸ

2402 2069 2631 2137 ἀψευδὲς
2657 2071 2804 2137 ἕξειν
2837 2070 3064 2139 ἔμελλον
3088 2113 3103 2137 ,
3138 2072 3274 2126 πᾶσι
3304 2073 3414 2136 τοῖς
3446 2074 3550 2141 τῆς
3594 2075 3799 2142 σαρκὸς
3846 2091 3971 2145 φρο-

2404 2165 2612 2234 νήμασι
2668 2164 2881 2234 χαίρειν
2931 2163 3201 2229 εἰποῦσα,
3253 2163 3416 2228 εὐθὺς
3467 2164 3777 2219 ἀπεδύσατο
3837 2167 3971 2236 πρὸς

2402 2255 2780 2329 τοὺςοπόνους,
2811 2257 3018 2326 μηδένα
3043 2256 3211 2311 ὄκνον
3243 2255 3379 2327 μηδὲ
3434 2256 3715 2327 πρόφασιν
3753 2258 3836 2318 εἰς
3860 2257 3971 2309 δια-

2403 2346 2591 2399 κονίαν
2639 2348 3076 2419 προϐαλλομένη.
3123 2351 3274 2403 Είσιν
3326 2343 3417 2402 οὖν
3462 2350 3609 2403 ὀκτὼ
3644 2351 3709 2418 τῇ
3769 2366 3831 2401 τε
3866 2349 3973 2401 τῶν

2406 2435 2589 2506 φυτῶν
2630 2436 2821 2508 ἀρδείᾳ
2852 2438 2944 2490 καὶ
2980 2438 3090 2491 τῶν
3134 2437 3383 2508 λαχάνων
3420 2438 3460 2492 ἃ
3502 2441 3614 2501 τοῖς
3646 2441 3705 2491 έν
3736 2441 3804 2509 τῇ
3836 2432 3968 2508 μονῇ

2404 2529 2502 2596 τὴν
2532 2529 2723 2599 χρείαν
2754 2531 3038 2601 παρεῖχεν,
3064 2531 3185 2583 ὅσαι
3214 2529 3414 2600 ἡμέραι
3458 2532 3967 2602 προσκαρτεροῦσιν

2402 2620 2496 2675 τοῦ
2533 2638 2591 2673 τε
2622 2620 2845 2691 άλήθειν
2871 2623 2963 2675 τὸν
2991 2625 3135 2676 σῖτον
3177 2624 3270 2675 καὶ
3305 2626 3518 2694 τρυγᾷν
3555 2624 3614 2677 τὸ
3654 2623 3969 2693 ἀλούμενον,

2404 2715 2500 2767 καὶ
2530 2716 2847 2785 είςάρτους
2882 2712 3352 2784 παρασκευάζειν,
3412 2714 3513 2785 οὐχ
3567 2714 3929 2785 ὑστερίζουσα
3952 2757 3966 2777 ,

2404 2803 2614 2872 ἓψουσά
2651 2821 2710 2857 τε
2746 2803 2806 2857 τὸ
2844 2803 3075 2875 λάχανον
3105 2797 3149 2873 ᾧ
3180 2804 3275 2857 καὶ
3317 2804 3629 2876 άπὲτρεφον
3664 2806 3969 2897 έαυτοὺςκοὶ

2406 2895 2634 2967 νεκροῦν
2664 2897 2723 2950 τὸ
2755 2897 2912 2968 σῶμα
2954 2898 3371 2964 σπουδάζοντες,
3397 2900 3522 2952 οὐδὲ
3544 2900 3644 2968 τῆς
3676 2902 3734 2952 ὲν
3775 2895 3971 2971 ἐκκλη-

2406 2990 2498 3061 σίᾳ
2523 2990 2857 3061 τελουμένης
2895 2992 3167 3056 συνάξεως
3198 2990 3504 3060 ἀπελείφθη
3532 2992 3686 3056 ποτὶ,
3711 2992 3851 3044 ἀλλὰ
3884 2995 3975 3047 καὶ

2413 3082 2614 3155 μᾶλλον
2645 3084 2703 3136 ὲν
2740 3084 2916 3155 ταύτῃ
2943 3089 3041 3153 τῆς
3074 3085 3252 3154 ψυχῆς
3296 3083 3547 3151 ἐνέφαινε
3600 3084 3662 3136 τὸ
3704 3084 3971 3153 φιλόθεον.

732 3165 839 3220 Sed
872 3169 996 3223 licet
1027 3171 1099 3225 ita
1131 3149 1375 3243 degeret,
1408 3186 1463 3231 et
1502 3179 1665 3233 vitam
1696 3180 1951 3252 elegisset
1984 3191 2093 3237 tam
2146 3184 2299 3241 labo-

2418 3149 2584 3227 una
2625 3175 2719 3228 καὶ
2761 3149 2936 3237 οὕτως
2970 3149 3218 3244 ἔχουσαν
3234 3149 3484 3245 ἀγωγῆς,
3544 3176 3638 3229 καὶ
3688 3149 3807 3251 βίον
3838 3180 3972 3245 ἄγαν

735 3261 1543 3332 riosam,prmcedentisdelicti
1611 3273 1869 3342 cogitatio
1929 3289 2041 3329 non
2091 3276 2304 3334 sinebat

735 3365 855 3402 eam
888 3356 1110 3407 omnino
1136 3358 1456 3424 quiescere;
1494 3364 1588 3416 sed
1620 3363 1800 3427 nocte,
1848 3378 1967 3433 quae
2038 3368 2306 3437 sequeba-

737 3436 826 3494 tur
858 3442 973 3497 hazc
1019 3445 1211 3500 diurna
1264 3449 1585 3517 ministeria,
1640 3454 1858 3522 quando
1897 3467 1953 3510 et
2004 3436 2195 3511 somno
2251 3466 2307 3511 et

737 3535 995 3588 tuediocri
1030 3539 1315 3606 oportebat
1344 3541 1528 3609 quiete
1558 3544 1684 3607 frui,
1722 3556 1915 3612 pectus
1955 3546 2197 3615 pulsans,
2251 3555 2307 3602 et

736 3623 973 3675 animam
1008 3641 1231 3681 movens
1254 3630 1319 3682 ad
1344 3630 1611 3700 lacrymas
1644 3649 1657 3684 :
1687 3632 1946 3689 Condona
1988 3637 2121 3690 mihi
2181 3653 2306 3707 pec-

736 3724 943 3782 catum,
979 3716 1213 3783 dicebat,
1248 3717 1499 3786 Domine,
1531 3724 1676 3793 quod
1712 3726 1952 3794 perdidit
1977 3729 2146 3787 decus
2169 3748 2305 3787 meae

736 3809 1118 3861 continentiae.
1161 3808 1297 3863 Cum
1336 3814 1619 3866 monachis
1656 3825 1837 3868 autem
1863 3818 2151 3885 aliquando
2213 3824 2306 3877 de-

739 3898 956 3954 fecisset
998 3900 1206 3967 oleum,
1262 3902 1489 3973 jubetur
1546 3913 1606 3960 ut
1659 3906 1892 3977 accipiat
1944 3912 2199 3977 camelos,
2252 3924 2307 3971 et

738 3995 961 4046 veniens
990 3994 1043 4047 in
1071 3996 1369 4063 civitatem,
1404 3999 1485 4053 eis
1509 3999 1912 4069 atl'eratoleum,
1933 4019 2039 4073 quo
2065 4006 2166 4061 sibi
2193 4019 2310 4065 erat

737 4100 896 4155 opus.
922 4084 1059 4140 Cum
1084 4097 1265 4140 autem
1305 4089 1550 4156 jam.iter
1602 4102 1752 4145 esset
1799 4094 2064 4162 ingressa,
2112 4098 2309 4154 accidit

740 4184 799 4231 ut
821 4186 1017 4246 prater
1042 4180 1503 4248 exspectationem
1530 4182 1784 4236 maritum
1811 4185 2098 4253 aspiceret,
2127 4190 2308 4243 divina

739 4269 868 4323 huic
900 4271 1123 4323 omnino
1146 4286 1306 4339 Opem
1333 4271 1543 4326 ferente
1572 4273 1939 4333 Providentia.
1995 4276 2128 4331 Nam
2186 4294 2309 4333 cum

740 4360 982 4427 seipsum
1014 4360 1285 4415 consolari
1311 4380 1419 4418 non
1452 4375 1637 4433 posset
1670 4367 1790 4437 ejus
1823 4372 2071 4437 maritus,
2136 4375 2309 4444 utqui

741 4462 889 4505 esset
917 4472 945 4505 a
973 4453 1062 4506 tali
1100 4455 1332 4526 conjuge
1354 4468 1659 4527 separatus,
1692 4469 1744 4515 et
1775 4476 1838 4515 ea
1874 4461 1940 4516 de
1981 4478 2141 4518 causa
2186 4466 2307 4520 abs-

739 4558 844 4613 que
867 4544 1272 4602 intermissione
1311 4548 1613 4605 ellunderet
1640 4550 1924 4622 lacrymas,
1953 4565 2008 4608 et
2039 4570 2136 4609 nec
2170 4566 2309 4612 tem-

742 4651 874 4705 pore
890 4637 1109 4706 quidem
1134 4648 1317 4708 posset
1347 4642 1694 4713 exstinguere
1714 4644 1879 4697 animi
1904 4647 2304 4716 aegritudinem,

741 4729 939 4793 petiita
968 4729 1096 4794 Deo,
1144 4730 1235 4800 qui
1284 4744 1504 4786 noverat
1574 4736 1763 4800 telum,
1820 4738 1961 4807 quod
2024 4740 2143 4808 ejus
2211 4758 2305 4797 cor

740 4821 1039 4887 sauciabat,
1080 4830 1138 4875 ut
1168 4823 1268 4876 sibi
1298 4826 1641 4880 manifestum
1663 4827 1835 4894 fieret,
1891 4845 1957 4883 an
2020 4831 2306 4888 Theodora

742 4916 997 4967 statuerit
1035 4914 1199 4967 alium
1265 4916 1441 4969 virum
1495 4918 1667 4986 sequi.
1739 4919 1849 4974 lloc
1921 4921 2063 4975 enim
2132 4926 2307 4993 suspi-

739 5003 988 5067 cabatur,
1049 5012 1105 5060 et
1148 5017 1434 5076 propterea
1489 5008 1661 5078 major
1698 5009 1913 5065 ﬂamma
1957 5014 2139 5069 cordis
2193 5016 2306 5070 ale-

741 5096 921 5152 batur.

818 5276 907 5332 γι.
940 5281 1041 5346 Qui
1090 5286 1342 5341 contritis
1400 5302 1530 5359 ergo
1581 5291 1829 5345 medetur
1858 5292 2054 5347 animis
2089 5294 2152 5348 ad
2182 5312 2305 5349 eum

750 5371 921 5426 mittit
959 5375 1230 5443 angelum,
1290 5379 1382 5445 qui
1450 5382 1572 5450 ejus
1633 5385 1959 5451 suspicionis
2014 5386 2311 5455 depelleret

749 5464 1089 5518 molestiam:
1117 5466 1170 5521 Si
1206 5469 1357 5537 velis,
1396 5469 1667 5541 inquiens,
1707 5476 1891 5531 venire
1942 5477 1994 5529 in
2022 5477 2141 5547 ejus
2179 5478 2310 5533 con-

752 5567 1019 5626 spectum,
1058 5558 1143 5612 fac
1169 5570 1225 5613 ut
1255 5578 1413 5619 mane
1442 5581 1649 5639 surgas,
1667 5577 1720 5623 et
1741 5571 1902 5624 vadas
1919 5578 2062 5625 recta
2082 5571 2147 5625 ad
2174 5588 2312 5625 mar-

752 5656 946 5721 tyrium
1012 5651 1151 5708 Petri
1209 5658 1464 5723 apostoli,
1510 5672 1563 5713 et
1630 5660 1883 5713 attendas
1928 5664 2131 5718 vultum
2193 5666 2327 5735 ejus,

749 5744 843 5823 qui
884 5744 975 5798 tibi
1006 5746 1181 5814 primo
1222 5756 1305 5802 est
1344 5764 1693 5817 occursurus,
1723 5761 1777 5808 et
1817 5761 1867 5807 te
1916 5758 2309 5826 contemplatu-

757 5852 871 5892 rus.
910 5835 997 5894 Sic
1040 5839 1182 5895 enim
1244 5840 1355 5910 ﬁet,
1407 5852 1463 5898 ut
1514 5859 1855 5915 nequaquam
1918 5845 2191 5905 frustreris
2248 5866 2312 5906 eo

2406 3268 2669 3321 ἐπίπονον
2702 3267 2988 3338 ἑλομένην,
3040 3270 3068 3322 ό
3107 3267 3203 3321 τοῦ
3252 3267 3621 3337 προλαϐόντος
3656 3269 3969 3338 σφάλματος

2406 3356 2667 3426 λογισμὸς
2700 3359 2801 3410 οὐκ
2823 3359 3023 3426 ἀνῆκεν
3054 3358 3189 3420 ὅλως
3218 3358 3389 3427 αὐτὴν
3419 3360 3674 3428 ἠρεμεῖν,
3703 3360 3843 3413 ἀλλὰ
3861 3362 3974 3423 ταῖς

2409 3448 2755 3519 πανημέροις
2794 3448 3021 3512 ταύταις
3066 3448 3368 3513 διακονίαις
3397 3449 3500 3518 τῆς
3546 3450 3741 3514 νυκτὸς
3789 3452 3974 3505 ἐπιού-

2410 3558 2530 3613 σης,
2585 3542 2672 3594 ὅτε
2722 3543 2818 3595 καὶ
2854 3541 3024 3595 ὕπνου
3074 3542 3168 3595 καὶ
3210 3541 3437 3613 μετρίας
3484 3542 3595 3596 ἔδει
3649 3542 3974 3615 μεταλαχεῖν

2408 3631 2796 3695 ἀναπαύσεως,
2833 3633 3148 3700 πλήττουσα
3176 3634 3237 3684 τδ
3267 3633 3488 3703 στῆθος,
3538 3636 3633 3689 καὶ
3669 3637 3772 3708 τὴν
3797 3639 3973 3710 ψυχήν

2409 3723 2638 3778 κινοῦσα
2672 3725 2808 3793 πρὸς
2836 3723 3071 3795 δάκρυα,
3121 3724 3490 3794 Συγχὼρησόν
3528 3742 3621 3796 μοι
3662 3727 3761 3798 τὴν
3798 3730 3974 3799 ἀμαρ-

2410 3816 2552 3879 τίαν,
2585 3816 2762 3881 ἔλεγε,
2792 3816 2990 3886 Κύριε,
3040 3814 3074 3887 ἦ
3112 3816 3173 3869 τὸ
3214 3815 3491 3887 εὔσχημον
3528 3820 3621 3889 τῆς
3654 3819 3798 3889 έμῆς
3830 3822 3979 3876 dmit-

2410 3906 2549 3961 λεσε·
2588 3908 2972 3980 σωφροσύνης.
3023 3909 3232 3963 Ἐλαίου
3278 3910 3333 3963 δέ
3368 3928 3501 3964 ποτε
3541 3914 3667 3975 τοὺς
3709 3918 3977 3985 μοναχοὺς

2410 4002 2776 4068 ἐπιλιπόντος,
2807 4003 3162 4073 ἐπιτρέπεται
3186 4002 3323 4072 αὐτὴ
3342 4003 3439 4065 τὰς
3465 4004 3749 4074 καμήλους
3772 4007 3973 4073 λαϐεῖν,

2411 4092 2496 4162 ἐφ’
2544 4086 2589 4161 ᾦ
2646 4096 2780 4165 πρὸς
2815 4093 2913 4166 τὴν
2971 4093 3124 4147 πόλιν
3178 4093 3489 4167 ἀφικομένη
3539 4095 3600 4149 τὸ
3655 4099 3738 4161 είς
3788 4101 3976 4169 χρείαν

2416 4187 2812 4256 μετακομίσειν
2869 4188 3053 4251 αἰετοῖς
3115 4188 3314 4241 ἔλαιον.
3376 4190 3464 4252 Ὧς
3516 4189 3609 4244 οὖν
3662 4193 3846 4262 εἴχετο
3877 4194 3977 4264 τῆς

2412 4278 2748 4347 ὁδοιπορίας,
2802 4281 2882 4341 είς
2941 4280 3069 4333 θέαν
3123 4280 3400 4349 ἀδοκήτως
3447 4280 3545 4333 τοῦ
3596 4284 3793 4353 ἀνδρὸς
3822 4301 3979 4355 περι.

2414 4371 2625 4435 πίπτει,
2658 4369 2755 4440 τῆς
2806 4370 2956 4434 θείας
2991 4373 3073 4433 είς
3117 4371 3276 4425 τοῦτο
3325 4372 3545 4436 πάντως
3598 4378 3981 4448 συναραμένης

2414 4462 2693 4532 προνοίας.
2752 4463 3097 4533 Παρηγορεῖν
3136 4462 3244 4532 γὰρ
3287 4463 3481 4516 ἑαυτὸν
3529 4464 3626 4534 οὐχ
3673 4463 3787 4529 οἷός
3818 4483 3877 4519 τε
3906 4466 3979 4520 ὣν

2416 4557 2444 4607 ὁ
2472 4555 2673 4625 ταύτης
2700 4554 2840 4624 ἀνὴρ
2865 4556 3119 4624 τοιαύτης
3151 4555 3385 4621 συζύγου
3425 4555 3772 4628 διατμηθεὶς,
3807 4561 3981 4613 άπαυο

2416 4648 2541 4699 στόν
2577 4662 2632 4698 τε
2666 4646 2726 4697 τὸ
2752 4648 2844 4699 ἐπὶ
2871 4650 3045 4719 ταύτῃ
3102 4646 3366 4710 σταλάζον
3396 4647 3662 4718 δάκρυον,
3708 4652 3804 4703 καὶ
3850 4652 3981 4719 μηδὲ

2416 4737 2492 4807 τῷ
2522 4737 2696 4808 χρόνῳ
2718 4736 3017 4803 δυνάμενος
3048 4735 3244 4787 σϐέσαι
3267 4738 3365 4803 τὴν
3394 4737 3653 4804 ἀθυμίαν,
3684 4739 3776 4790 τὸν
3806 4741 3980 4795 εἰδότα

2416 4830 2526 4886 οἷον
2560 4830 2704 4900 αὐτῷ
2729 4832 2789 4884 τὸ
2821 4830 2976 4901 βέλος
3020 4827 3317 4899 έτίτρωσκε
3349 4828 3445 4897 τὴν
3476 4828 3705 4900 καρδίαν
3737 4830 3861 4902 ᾔτει
3893 4832 3981 4887 τὸν

2417 4927 2547 4980 Θεὸν
2608 4927 2841 4995 φανερὸν
2887 4924 3034 4995 αὺτῷ
3077 4923 3353 4992 γενέσθαι,
3387 4923 3436 4975 εἱ
3469 4923 3722 4994 Θεοδὼρα
3753 4926 3981 4994 προσεί-

2416 5021 2539 5073 λετο
2578 5020 2733 5087 ἀνδρὶ
2762 5018 2936 5086 ἑτέρῳ
2964 5014 3280 5069 ἀκολουθεῖν
3306 5029 3321 5042 ·
3365 5012 3523 5066 τοῦτο
3565 5016 3674 5084 γὰρ
3707 5015 3861 5085 αὐτῷ
3891 5018 3982 5071 καὶ

2420 5110 2819 5178 ὑπονοούμενον
2853 5104 2939 5175 ἦν,
2980 5107 3073 5161 καὶ
3106 5104 3194 5159 διὰ
3223 5103 3383 5158 τοῦτο
3417 5104 3619 5175 μείζων
3646 5105 3680 5175 ἠ
3720 5103 3822 5175 τῆς
3849 5125 3981 5178 xop-

2417 5204 2535 5265 δίας
2571 5200 2832 5271 ἐτρέφετο
2864 5199 3018 5267 φλόξ.

2489 5290 2580 5360 (τ’.
2623 5290 2679 5343 '0
2706 5290 2886 5343 τοίνυν
2914 5290 3139 5359 ἰώμενος
3177 5287 3277 5353 τὰς
3304 5287 3775 5359 συντετριμμένας
3808 5289 3981 5361 ψυχὰς

2418 5387 2651 5456 ἄγγελον
2685 5384 2835 5454 αὐτῷ
2867 5383 3176 5449 ἐπιπέμπει
3227 5382 3286 5434 τὸ
3315 5382 3560 5454 λυπηρὸν
3589 5386 3687 5453 τῆς
3721 5384 3981 5448 ὁπονοίας

2418 5479 2840 5541 διασκεδάζοντα
2872 5492 2885 5507 ·
2930 5476 2991 5529 Et
3025 5474 3271 5544 βούλοιτο
3318 5476 3395 5540 δὲ,
3440 5477 3597 5547 φησὶ,
3627 5476 3723 5528 καὶ
3751 5476 3833 5541 είς
3866 5478 3982 5545 ϐψιν

2420 5572 2557 5639 αὐτῇ
2599 5570 2937 5637 προσελθεῖν,
2994 5565 3358 5637 ὀρθριώτερον
3389 5568 3690 5636 ἀναστῆναι
3724 5570 3821 5623 καὶ
3856 5568 3978 5621 εὐθὺ

2422 5661 2638 5731 βαδίσαι
2700 5660 2793 5713 τοῦ
2859 5657 3165 5727 μαρτυρίου
3222 5658 3431 5729 Πέτρου
3485 5656 3578 5709 τοῦ
3633 5660 3976 5722 ἀποστόλου,

2424 5752 2713 5825 προσέχειν
2738 5769 2799 5804 τε
2822 5752 2888 5820 τῇ
2920 5749 3041 5820 ὕψει
3074 5748 3165 5803 τοῦ
3191 5748 3407 5821 πρώτου
3434 5748 3581 5820 αὐτῷ
3620 5752 3979 5819 συναντήσονο

2427 5862 2518 5910 τος
2552 5845 2644 5899 καὶ
2686 5841 3224 5914 προσαγορεύσοντας
3279 5840 3434 5896 Οὕτω
3476 5842 3605 5912 γὰρ,
3662 5837 3836 5905 εἶπεν,
3883 5839 3977 5893 οὐκ
