4158 6522
177 498 273 562 673

1089 480 1270 543 VITA
1313 479 1373 539 s.
1411 470 1843 535 Timonem
1893 421 2497 529 ΑιΕΧἈΝοιιιΝιιι.

3317 460 3424 524 674

184 608 445 681 ἰποτεύξῃ
501 603 598 659 τοῦ
652 598 1012 674 ζητουμένου.
1054 598 1328 650 Ἤκουσεν
1376 592 1605 654 ἐκεῖνος,
1658 588 1782 641 καὶ.

1891 581 1996 636 uod
2027 582 2248 652 quaeris.
2281 581 2502 637 Audivit
2536 579 2646 645 ille,
2678 587 2732 634 et
2757 570 2884 634 fecit
2912 581 3055 635 sicut
3087 578 3273 649 jussus
3316 579 3434 633 fue-

186 703 314 759 κατά
350 700 419 753 τὰ
453 693 847 767 ἐπηγγελμένα
878 691 1045 753 ποιεῖ,
1080 689 1174 740 καὶ
1205 684 1452 738 συνίασιν
1501 681 1751 749 αλλήλοις

182 794 603 863 ἀντιπρόσωπον
659 789 752 841 καὶ
812 784 937 839 κατ’
988 778 1326 850 ὀφθαλμούς.
1375 776 1534 830 Ἀλλὰ
1588 772 1753 826 πόθεν

181 891 245 942 ἂν
271 886 471 955 ἐκείνῳ
504 881 811 953 συμϐαλεῖν
835 879 934 947 τὴν
957 875 1233 943 ὁμόζυγον
1266 868 1431 935 εἶναι,
1480 867 1651 922 ἄνδρα
1696 864 1755 916 τὸ

186 978 515 1047 φαινόμενον
565 970 899 1041 καθορῶντι,
941 968 1033 1020 καὶ
1065 966 1191 1018 κατ’
1223 962 1427 1031 ἄνδρας
1467 956 1756 1025 ἐνδεδυμέ-

186 1090 292 1136 νον,
329 1069 423 1122 καὶ
452 1067 631 1128 ἄλλως
677 1064 899 1132 ἐσθῆτος
936 1058 1104 1128 οὔσης
1171 1055 1498 1127 μοναχικῆς,
1552 1050 1653 1122 ἥδη
1701 1047 1758 1100 δὲ

188 1166 280 1218 καὶ
311 1163 415 1231 τῆς
451 1160 605 1230 ὧρας
659 1151 1145 1225 ύπομαρανθείσης
1198 1151 1338 1217 αὐτῇ
1421 1149 1487 1216 τῇ
1532 1142 1760 1213 ἀμέτρῳ

190 1254 534 1325 κακοπαθείᾳ
572 1253 665 1304 καὶ
694 1248 771 1320 τῷ
827 1248 1017 1318 τραχεῖ
1047 1246 1143 1314 τῆς
1172 1242 1461 1312 ἀσκήσεως
1487 1256 1501 1304 ;
1544 1237 1759 1305 Ἐκείνη

195 1349 377 1419 μέντοι
430 1346 509 1416 τῷ
566 1344 728 1414 μόνον
779 1340 941 1392 αὐτὸν
1002 1338 1148 1402 ίδεῖν,
1191 1335 1287 1389 καὶ
1334 1332 1434 1403 τὴν
1464 1330 1586 1399 ζψιν
1621 1329 1758 1398 αὐτῇ

193 1443 430 1512 μηνύσαι
463 1440 543 1502 τίς
569 1442 596 1492 ὁ
623 1435 957 1507 βλεπόμενος
1014 1430 1207 1502 (ἔσωζε
1269 1430 1377 1498 γὰρ
1406 1428 1432 1479 ὁ
1476 1422 1761 1497 χαρακτὴρ

191 1535 397 1588 ἐκείνου
423 1531 730 1599 ἀτρέστατα
756 1528 823 1581 τὰ
852 1523 1252 1595 γνωρίσματα),
1279 1521 1585 1588 ἀνάμνησιν
1605 1514 1766 1575 εὐθὺς

194 1620 467 1691 ἐλάμϐανε
493 1618 588 1672 τοῦ
617 1618 700 1679 είς
734 1615 896 1670 αὐτὸν
929 1614 1155 1683 φίλτρου
1191 1613 1287 1665 καὶ
1340 1608 1763 1679 ἁμαρτήματος,

194 1716 288 1766 καὶ
323 1712 396 1767 Οἵ
428 1711 557 1781 μοιῖ
597 1711 754 1781 ἄνερ,
816 1707 1206 1762 ἁνακλαύσασα
1248 1697 1423 1767 εἶπεν,
1487 1703 1567 1763 είς
1623 1699 1768 1760 οῖους

196 1804 390 1867 πόνους
427 1802 701 1856 ἐκδέδωκα
756 1800 999 1869 ἐμαυτὴν
1039 1794 1341 1865 θεραπείαν
1400 1792 1768 1863 μηχανωμένη

194 1895 285 1949 τοῦ
313 1896 451 1964 πρὸς
482 1897 540 1947 σὲ
563 1893 899 1960 σφάλματος,
936 1888 1030 1941 καὶ
1057 1887 1321 1956 δάκρυσιν
1350 1885 1527 1938 έκεῖνο
1553 1882 1769 1941 πολλοῖς

194 1988 488 2053 ἀναλεῖψαι
523 1982 925 2045 σπουδάζουσα.
970 1980 1081 2032 Καὶ⁵
1107 1979 1170 2049 δὴ
1203 1977 1298 2030 καὶ
1340 1976 1567 2047 πλησίον
1601 1972 1767 2027 αὑτοῦ

196 2079 497 2148 γενομένη,
537 2076 711 2143 Χαῖρε
744 2090 804 2126 τε
839 2070 988 2139 αύτῷ
1023 2070 1488 2141 προσφωνήσασα,
1523 2067 1580 2118 τὸ
1606 2068 1769 2133 τάχος

200 2170 667 2239 ἁντιπαρήρχετο.
711 2164 770 2217 ὐ
805 2163 860 2216 δὲ
883 2165 949 2232 τῇ
978 2163 1139 2230 ὁμοίᾳ
1174 2161 1272 2229 μὲν
1307 2160 1399 2211 καὶ
1434 2157 1595 2217 αὐτὸς
1621 2159 1771 2207 ἀντι-

199 2260 602 2331 προσαγορεύει
666 2258 842 2327 φωνῇ.
923 2252 1171 2325 Παρῆλθε
1229 2250 1285 2303 δὲ
1337 2247 1445 2301 τῶν
1502 2246 1772 2317 ῥηθέντων

199 2353 349 2424 αὐτῷ
384 2352 526 2421 πρὸς
555 2350 651 2403 τοῦ
676 2349 913 2417 ἀγγέλου
942 2346 1199 2415 καθάπερ
1237 2341 1651 2412 ἐπιλαθόμενος,
1698 2341 1775 2402 ὡς

200 2448 265 2516 τῇ
303 2444 582 2514 μεταϐολῇ
619 2458 680 2493 τε
731 2440 827 2493 τοῦ
866 2441 1147 2508 σχήματος
1178 2440 1273 2490 καὶ
1303 2435 1379 2505 τῷ
1403 2435 1641 2505 ἀνομοίῳ
1675 2433 1778 2504 τῆς

200 2538 375 2607 ὂψεως
419 2535 482 2586 τὸ
514 2533 781 2601 παράπαν
815 2531 1146 2600 ἀπατηθείς.

266 2628 345 2682 Z'.
379 2627 557 2695 Πολλῇ
622 2625 715 2677 οὖν
763 2626 828 2692 τῇ
879 2622 1089 2693 ἀθυμίᾳ
1147 2622 1484 2692 βαλλόμενος
1530 2614 1620 2673 οἶα
1663 2620 1781 2672 διας

200 2721 423 2791 ψευθεὶς
441 2721 539 2789 τὴν
560 2717 913 2785 ἐπαγγελίαν,
935 2715 1107 2767 Ἵνατί
1130 2714 1490 2784 με,δέσποτα,
1514 2710 1777 2783 παριδὼν,

204 2816 381 2883 ἔλεγε,
433 2811 510 2881 μὴ
534 2813 614 2873 εἰς
669 2810 824 2869 τέλος
855 2808 921 2860 τὰ
976 2807 1365 2876 ἐπηγγελμένα
1420 2807 1778 2876 προήγαγες;

215 2906 363 2961 Ἀλλ’
382 2901 545 2966 αὖθις
570 2905 596 2956 ὁ
619 2904 807 2972 φανεὶς
836 2900 982 2970 αύτῷ
1004 2901 1310 2971 παραστὰς,
1337 2900 1451 2952 Οὐκ
1478 2901 1781 2969 ἠπάτησαι,

204 2996 383 3051 εἶπεν.
415 2996 480 3046 '0
502 2998 566 3064 τῇ
592 2995 898 3064 προτεραίᾳ
920 2996 1028 3063 γὰρ
1063 2994 1399 3063 συναντήσας
1430 3009 1511 3045 σοι
1549 2993 1785 3061 μοναχδς

204 3094 299 3145 καὶ
330 3087 511 3158 Χαῖρέ
545 3103 627 3139 σοι
656 3086 998 3157 προσειπὼν,
1036 3088 1199 3151 αὐτὸς
1224 3083 1314 3159 ἦν,
1356 3088 1567 3148 ἐκεῖνος
1598 3087 1782 3150 αὐτὸς,

205 3186 329 3257 ﬂuet
358 3181 667 3240 σπουδαίως
720 3178 1062 3247 ἑπιζητεῖται
1120 3182 1283 3251 γυνή.
1336 3181 1443 3233 Καὶ
1488 3178 1631 3231 οὕτω
1686 3177 1786 3247 μὲν

1858 685 1963 729 rat.
1994 674 2060 729 Ει
2080 674 2420 729 conveniunt
2450 674 2694 728 adversis
2733 672 3027 736 frontibus,
3085 684 3139 729 et
3190 689 3249 729 se
3292 673 3437 727 invi-

1858 782 1977 822 cem
2014 767 2373 838 aspicientes;
2410 767 2504 820 sed
2535 768 2808 821 undenam
2868 776 3050 835 posset
3104 767 3196 820 ille
3267 768 3438 838 conji-

1857 872 1981 913 cere
2012 872 2130 912 eam
2162 873 2284 912 esse
2317 874 2471 913 suam
2526 860 2837 929 conjugem,
2897 870 3019 912 eum
3076 859 3129 912 id
3188 860 3330 928 quod
3389 859 3439 912 ei

1858 953 2155 1021 apparebat
2186 953 2391 1009 videret
2422 967 2544 1005 esse
2578 954 2781 1017 virum,
2810 960 2865 1006 et
2905 952 3044 1005 virili
3083 962 3237 1006 veste
3278 952 3440 1010 indu-

1860 1054 1999 1108 tum,
2030 1047 2265 1100 maxime
2299 1061 2426 1099 cum
2467 1049 2637 1099 vestis
2661 1058 2811 1100 esset
2843 1048 3165 1109 monastiea,
3239 1054 3294 1099 et
3331 1046 3440 1115 jam

1862 1137 1911 1191 ei
1942 1138 2301 1191 emarcuisset
2353 1139 2565 1207 species
2598 1138 2888 1191 immodica
2932 1138 3231 1192 afﬂictione
3263 1148 3317 1190 et
3355 1154 3442 1191 as-

1864 1231 2091 1300 peritate
2107 1231 2548 1285 exercitationis?
2567 1231 2654 1285 Illa
2673 1242 2851 1285 autem
2875 1246 2996 1284 cum
3013 1246 3136 1285 eum
3168 1234 3338 1283 solum
3365 1231 3445 1282 vi-

1865 1324 2055 1389 disset,
2087 1324 2209 1377 etei
2242 1325 2509 1378 indicaret
2544 1326 2747 1389 vultus,
2777 1326 3031 1394 quisnam
3061 1334 3209 1377 esset
3240 1323 3330 1392 qui
3361 1322 3446 1375 vi-

1867 1416 2102 1470 debatur
2159 1417 2431 1488 (servabat
2454 1418 2599 1471 enim
2636 1418 2783 1471 illius
2840 1418 3010 1487 figura
3085 1417 3286 1471 indicia
3341 1415 3449 1468 im-

1870 1507 2197 1574 tnutabilia),
2244 1509 2526 1562 recordata
2557 1517 2641 1561 est
2669 1509 2917 1576 protinus
2941 1508 3023 1561 sui
3057 1507 3111 1560 in
3140 1522 3263 1560 eum
3301 1520 3448 1558 amo-

1870 1601 1946 1655 ris
1974 1611 2026 1655 et
2062 1603 2294 1670 peccati,
2320 1611 2393 1665 et,
2425 1602 2689 1669 Heimibi,
2721 1618 2753 1656 ο
2776 1605 2988 1666 marite,
3015 1600 3149 1655 ﬂens
3171 1609 3227 1653 et
3260 1599 3450 1655 humili

1872 1706 2005 1747 voce
2043 1693 2200 1756 dixit,
2267 1693 2332 1746 ad
2363 1704 2596 1761 quantos
2655 1702 2742 1745 me
2812 1692 3029 1746 lobores
3074 1691 3288 1753 tradidi,
3325 1691 3453 1743 dum

1873 1784 1979 1837 mei
2022 1783 2075 1837 in
2109 1794 2161 1837 te
2188 1783 2369 1837 delicti
2398 1800 2582 1853 quaero
2610 1784 2958 1850 medicinam,
2992 1792 3047 1838 et
3078 1784 3271 1837 studeo
3316 1782 3455 1835 mul-

1876 1874 1945 1929 tis
1968 1874 2096 1929 illud
2132 1874 2316 1929 delere
2340 1875 2630 1945 laerymisl
2670 1874 2731 1928 Et
2761 1891 2883 1930 cum
2919 1876 2969 1930 ei
2998 1874 3453 1942 fuissetpropius,

1876 1972 1930 2017 et
1966 1967 2038 2028 ei,
2071 1964 2250 2026 Salve,
2285 1966 2529 2028 dixisset,
2557 1979 2716 2034 quam
2735 1965 2971 2031 primum
3029 1963 3313 2032 praeteriit.
3366 1962 3458 2015 Ille

1874 2066 2056 2110 autem
2089 2072 2208 2109 eam
2239 2073 2458 2126 quoque
2485 2058 2649 2110 simili
2686 2070 2819 2110 voce
2856 2056 3194 2111 resalutavit.
3245 2056 3455 2108 Praete-

1874 2147 2178 2201 riitantem
2240 2147 2408 2201 veluti
2463 2148 2667 2202 oblitus
2709 2163 2901 2201 eorum
2952 2163 3072 2217 quae
3136 2147 3185 2201 ei
3249 2147 3459 2201 dixerat

1875 2240 2119 2309 angelus,
2149 2238 2318 2309 utqui
2342 2240 2525 2310 ﬁgura:
2552 2242 2856 2293 mutatione
2886 2250 2941 2295 et
2973 2242 3156 2295 vultus
3213 2241 3458 2295 dissimi-

1879 2332 2339 2387 litudineiuisset
2408 2331 2636 2386 omnino
2703 2332 2992 2401 deceptus.

1952 2543 2062 2600 VII.
2100 2543 2269 2598 Multa
2304 2544 2486 2613 itaque
2529 2542 2764 2597 amictus
2802 2543 2971 2596 animi
3016 2544 3363 2614 aagritudine,
3406 2557 3463 2601 ut

1880 2638 1968 2708 qui
1991 2638 2282 2691 frustratus
2310 2636 2503 2690 fuisset
2522 2637 2885 2705 promissione
2907 2654 2919 2689 :
2941 2636 3052 2690 Cur
3071 2652 3176 2703 me,
3212 2637 3464 2703 Domine,

1882 2731 2211 2799 despiciens,
2240 2730 2477 2791 dicebat,
2514 2745 2626 2783 non
2652 2730 2931 2783 deduxisti
2964 2730 3029 2783 ad
3074 2729 3236 2783 tinem
3263 2745 3325 2783 ea
3347 2746 3467 2800 qua:

1885 2824 2150 2893 promissa
2194 2820 2454 2875 fuerant?
2482 2820 2589 2877 Sed
2622 2837 2813 2877 rursus
2845 2824 3115 2876 accedens
3163 2823 3230 2887 is,
3264 2823 3360 2891 qui
3417 2824 3465 2876 ei

1885 2922 2254 2986 apparuerat:
2288 2914 2407 2969 Non
2462 2914 2615 2969 fuisti
2652 2916 2938 2984 deceptus,
2974 2915 3130 2969 dixit.
3189 2914 3322 2968 Nam
3374 2917 3468 2984 qui

1890 3012 1982 3065 tibi
2017 3009 2189 3080 pridie
2212 3011 2455 3065 occurrit
2483 3007 2804 3069 monachus,
2827 3017 2881 3064 et
2907 3008 3042 3063 dixit
3069 3006 3185 3071 tibi,
3220 3002 3401 3070 Salve,
3425 3007 3470 3059 is

1891 3107 2005 3175 ipse
2025 3116 2141 3159 erat
2166 3105 2253 3158 illa
2276 3114 2366 3157 tua
2395 3104 2616 3174 eonjux,
2649 3119 2769 3174 quae
2799 3119 2827 3156 a
2844 3111 2897 3156 te
2917 3102 3159 3156 studiose
3180 3102 3466 3170 queritur.

1892 3199 1958 3254 Et
1987 3200 2065 3253 sie
2088 3200 2305 3269 quidem
2337 3198 2515 3253 soluta
2544 3198 2595 3251 ei
2642 3199 2749 3251 fuit
2776 3196 3039 3265 suspicio.
3090 3196 3234 3267 quod
3284 3210 3348 3248 ea
3403 3194 3469 3248 ad

205 3269 356 3341 αὐτῷ
387 3269 461 3322 τὰ
490 3268 585 3337 τῆς
648 3267 903 3331 ὑπονοίας
958 3266 1162 3331 ἐλύετο,
1192 3269 1252 3320 τὸ
1283 3268 1357 3337 μὴ
1376 3270 1553 3339 ἑτέρῳ
1581 3270 1782 3339 ταύτην

1891 3293 2128 3346 alterum
2156 3293 2331 3345 virum
2372 3308 2483 3345 non
2505 3291 2830 3345 accessisset
2866 3308 2880 3344 :
2937 3290 3085 3359 quod
3131 3290 3351 3360 quidem
3400 3290 3473 3342 si-

203 3364 362 3435 ὰνδρὶ
430 3358 754 3433 προσελθεῖν
806 3361 945 3431 ὅπερ
991 3359 1162 3429 ἡτῶν
1206 3360 1517 3429 μοναχικῶν
1565 3361 1785 3428 ἀμφίων

203 3458 401 3528 ἐδήλου
449 3455 740 3527 περιϐολή.
781 3453 982 3523 Ἐμενε
1011 3453 1055 3506 δ’
1085 3449 1179 3507 οὖν
1232 3453 1376 3508 οὕτω
1453 3452 1786 3523 περιαλγῶν,

204 3554 300 3605 καὶ¹
333 3554 403 3621 τῇ
438 3552 541 3619 τῆς
568 3548 840 3617 ὁμοζύγου
876 3552 1130 3618 στερήσει
1170 3548 1578 3618 διακαιόμενος.
1650 3546 1708 3600 ἸΙ
1734 3549 1790 3601 δὲ

208 3641 468 3712 μακαρία
513 3639 788 3707 Θεοδὼρα,
840 3642 902 3693 τὸ
953 3641 1089 3709 πρὸς
1143 3642 1354 3710 Κύριον
1402 3642 1789 3710 φιλάνθρωπον

204 3734 371 3788 πλέον
397 3732 735 3796 ὲξάπτουσα,
767 3730 861 3785 ἅτε
887 3732 983 3784 καὶ
1008 3732 1104 3803 τῆς
1136 3731 1299 3785 αὑτοῦ
1326 3732 1663 3803 γλυκύτητος
1688 3733 1789 3805 ἤδη

206 3826 562 3897 γευσαμένη,
594 3826 690 3878 καὶ
729 3826 975 3895 μείζοσιν
1028 3827 1236 3894 ἀγῶσιν
1294 3826 1495 3898 ἑαυτὴν
1532 3826 1794 3895 ἐμϐαλεῖν

205 3918 499 3990 πρόθυμος
519 3912 608 3988 ἦν,
630 3917 725 3968 καὶ
750 3915 1033 3985 ἂπαξ,τῆς
1060 3917 1277 3988 ἡμέρας
1310 3918 1510 3970 ἐσθίειν
1540 3918 1599 3971 τὸ
1632 3919 1791 3988 σῶμα

205 4012 598 4077 ιπαιδαγώγει
622 4026 636 4040 ·
705 4009 899 4063 ἔπειτα
947 4014 1063 4072 τοῖς
1096 4010 1279 4071 πόνοις
1305 3994 1609 4078 προσθεῖσα
1650 4010 1793 4063 κατὰ

206 4102 323 4168 δύο,
351 4101 425 4153 τὰ
481 4098 631 4150 σιτία
697 4102 948 4169 παρεῖχε,
1012 4100 1108 4150 καὶ
1148 4098 1292 4152 οὕτω
1334 4099 1619 4169 κατολίγον
1681 4102 1794 4165 τοῖς

207 4194 656 4261 ὲπιπονωτέροις
705 4188 1139 4259 προσϐαίνουσσ,
1192 4191 1287 4244 καὶ
1336 4192 1416 4254 είς
1450 4191 1565 4257 ἕξιν
1618 4194 1794 4261 ἄκρας

208 4282 554 4354 ἐγκρατείας
603 4280 837 4335 ἐλθοῦσα
896 4284 1041 4335 κινεῖ
1090 4283 1228 4353 πρὸς
1279 4284 1491 4336 ἱκεσίαν
1517 4285 1640 4345 τοὺς
1669 4300 1797 4335 συν-

211 4377 603 4444 ασκουμένους
656 4372 797 4441 αὐτῇ
863 4374 1157 4441 μοναχοὺς,
1191 4374 1494 4445 ἐπιτροπὴν
1539 4379 1632 4428 τοῦ
1665 4394 1798 4448 προ-

211 4467 457 4527 εστῶτος
489 4464 701 4529 λαϐεῖν,
734 4461 1028 4534 ἀρκεῖσθαι
1058 4462 1125 4516 δι’
1144 4462 1436 4535 ἑϐδομάδος
1459 4472 1797 4542 προσαγωγῇ

211 4556 314 4626 τῆς
343 4559 584 4625 τροφῆς.
602 4555 762 4606 Ἀλλὰ
798 4556 891 4607 καὶ
917 4556 1110 4607 τούτου
1140 4559 1279 4610 κατὰ
1300 4558 1526 4632 γνώμην
1558 4562 1799 4632 τυχοῦσα

212 4650 353 4718 πρὸς
381 4646 581 4715 ἑτέραν
646 4644 833 4699 ἀπείδε
885 4644 1093 4714 δέησιν,
1184 4650 1449 4717 τριχίνοις
1503 4652 1800 4719 ὲνδύμασιν

212 4739 513 4812 ἐπιτρίψαι
542 4736 603 4790 τὸ
635 4737 814 4807 σῶμα,
834 4736 1027 4807 ὥσπερ
1048 4739 1367 4810 ἀμυνομένη
1393 4740 1490 4813 τὴν
1518 4742 1801 4813 πλήξασαν

215 4834 435 4903 ἡδονήν.
495 4830 663 4883 Οὔπω
718 4830 826 4903 γὰρ
892 4831 1015 4883 οὐδὲ
1070 4832 1213 4901 μετὰ
1236 4834 1531 4898 τοσούτους
1586 4837 1803 4905 ἀγῶνας

214 4926 391 4996 λήθην
459 4920 700 4991 ἠδύνατο
730 4922 832 4994 τῆς
889 4922 1107 4993 πληγῆς
1161 4924 1381 4997 ἐκείνης
1412 4926 1615 4992 λαϐεῖν,
1675 4930 1805 4983 ἀλλ’

214 5016 439 5083 ἔμεινεν
470 5014 562 5065 ἀεὶ
597 5016 662 5081 τῇ
694 5014 984 5084 προσθήκῃ
1027 5016 1134 5065 τῶν
1166 5018 1466 5079 ἐπιπόνων,
1488 5018 1577 5070 τὸν
1611 5020 1805 5089 βεϐλη-

212 5107 357 5161 κὸτα
421 5102 720 5172 βάλλουσα,
780 5104 873 5157 καὶ
928 5103 1109 5174 πολλῷ
1145 5105 1370 5174 μείζονα
1400 5107 1498 5178 τὴν
1538 5108 1803 5179 αἰσχύνην

215 5196 285 5271 ἧς
350 5198 501 5266 αὐτὴ
554 5195 826 5248 πέπονθεν
881 5196 1080 5267 ἐκείνῳ
1144 5200 1511 5269 περιτιθεῖσα,
1558 5203 1803 5273 γυνὴτὸν

216 5293 315 5344 καὶ
349 5289 590 5350 πολλοὺς
634 5290 937 5359 νικήσαντα
986 5290 1096 5341 τῶν
1133 5290 1344 5360 ἀνδρῶν
1372 5296 1464 5345 καὶ
1496 5293 1677 5362 σάρκα
1710 5310 1805 5361 ερο-

221 5382 399 5453 ροῦσα
449 5380 547 5431 τὸν
572 5378 865 5452 ἀσώματον
897 5382 1272 5454 τροπουμένη.

292 5524 381 5576 H'.
418 5521 544 5575 Ἵνα
584 5517 639 5570 δὲ
672 5522 766 5573 καὶ
793 5522 821 5573 ό
851 5521 1022 5583 πολὺς
1064 5523 1122 5575 ἐν
1170 5523 1312 5577 ἐλέει
1362 5526 1495 5590 Θεὸς
1546 5528 1805 5598 δοξασθῇ,

219 5613 316 5667 καὶ
376 5615 412 5682 η
471 5609 694 5680 ἐκείνης
763 5612 1204 5683 ἀξιοθαύμαστος
1283 5617 1476 5687 ἀγωγὴ
1529 5620 1807 5690 γνώριμος

221 5705 501 5773 καταστῇ,
557 5703 1060 5779 θαυματουργεῖταί
1116 5722 1170 5760 τι
1206 5707 1449 5761 τοιοῦτον
1495 5712 1655 5779 λόγου
1714 5716 1807 5768 καὶ

224 5798 454 5869 μνήμης
512 5794 685 5861 ἄξιον.
746 5795 929 5867 Λίμνη
977 5799 1077 5867 τῆς
1132 5801 1298 5869 μονῆς
1330 5795 1805 5875 ὑπῆρχεν’ὲγγύς’

226 5889 411 5964 ταύτῃ
456 5888 814 5961 κροκόδειλος
844 5888 1263 5963 ὲμφιλοχωρῶν,
1311 5887 1355 5962 ᾧ
1396 5894 1462 5949 ἂν
1498 5897 1711 5967 ἐντύχοι
1742 5904 1809 5969 τῇ

1891 3380 2179 3448 gniﬁcabat
2209 3382 2441 3433 amictus
2467 3382 2898 3433 monasticarum
2932 3382 3186 3433 vestium.
3249 3378 3339 3433 llle
3394 3391 3473 3435 ta-

1892 3486 2017 3524 men
2046 3469 2306 3540 deinceps
2337 3471 2591 3527 manebat
2619 3473 2806 3527 dolore
2833 3473 3066 3528 affectus
3102 3482 3154 3528 et
3199 3477 3475 3530 cruciatus

1894 3575 2118 3634 propter
2146 3565 2510 3632 privationem
2539 3567 2808 3637 conjugis.
2834 3565 3003 3621 Beata
3042 3576 3224 3622 autem
3288 3567 3474 3623 Theo-

1893 3658 2024 3709 dora
2055 3671 2241 3710 amore
2268 3657 2483 3710 Domini
2534 3662 2706 3729 magis
2764 3676 3021 3725 accensa,
3086 3672 3143 3715 ut
3188 3678 3308 3733 quae
3360 3664 3476 3731 jam

1895 3753 2138 3815 gustarat
2164 3746 2284 3816 ejus
2314 3748 2662 3810 suavitatem,
2710 3757 2766 3802 et
2822 3759 3008 3818 parata
3068 3760 3188 3806 erat
3241 3754 3475 3821 seipsam

1898 3839 1953 3892 in
1985 3840 2191 3906 majora
2227 3840 2504 3907 conjicere
2528 3842 2851 3906 certamina,
2888 3854 2942 3897 et
2968 3846 3139 3899 semel
3169 3846 3225 3899 in
3266 3846 3354 3900 die
3380 3862 3475 3901 co-

1897 3931 2146 3996 medens,
2185 3944 2386 3997 corpus
2426 3933 2626 4000 castiga
2640 3934 2729 3985 bat
2761 3949 2775 3997 ;
2804 3935 3003 3987 deinde
3030 3937 3294 4004 adjicit-ns
3322 3937 3479 3992 labo-

1898 4021 2071 4083 ribus.
2113 4023 2355 4077 secundo
2379 4037 2597 4092 quoque
2629 4024 2717 4079 die
2746 4025 2929 4078 cibum
2991 4029 3283 4094 sumebat;
3315 4041 3370 4085 et
3400 4033 3480 4085 sic

1899 4112 2159 4185 paulatim
2186 4116 2510 4185 aggrediens
2545 4116 2714 4186 magis
2745 4119 3038 4185 laboriosa,
3090 4134 3213 4175 cum
3279 4139 3476 4193 perve-

1900 4212 2071 4262 nisset
2102 4209 2168 4262 ad
2196 4206 2441 4262 habitum
2483 4225 2711 4264 summa:
2736 4212 3103 4277 abstinentize,
3127 4224 3311 4267 monet
3363 4230 3483 4269 mo-

1902 4302 2133 4366 nachos,
2156 4303 2250 4372 qui
2276 4316 2482 4356 cumea
2549 4303 2967 4369 exercebantur,
3023 4316 3083 4359 ut
3135 4319 3165 4359 α
3221 4306 3481 4377 praefecto

1902 4403 2156 4466 peterent
2185 4396 2233 4449 ei
2269 4396 2529 4465 permitti,
2563 4407 2623 4451 ut
2654 4398 2836 4452 cibum
2863 4399 3031 4453 semel
3060 4410 3268 4455 tantum
3295 4418 3483 4458 sume-

1904 4498 1989 4542 ret
2023 4489 2075 4539 in
2108 4487 2474 4541 hebdomada.
2514 4486 2620 4542 Sed
2655 4503 2779 4542 eum
2833 4491 2885 4543 id
2940 4507 3158 4560 quoque
3204 4503 3370 4559 esset,
3425 4505 3483 4549 ut

1831 4590 1878 4646 ι)
1902 4579 2136 4646 volebat,
2170 4584 2485 4650 consecuta,
2518 4582 2584 4637 ad
2645 4583 2869 4638 alteram
2900 4586 3107 4655 aspexit
3141 4588 3483 4658 petitionem,

1907 4689 2105 4746 nempe
2126 4683 2184 4729 ut
2214 4689 2413 4745 corpus
2447 4685 2757 4730 contereret
2783 4677 2984 4740 cilicio,
3013 4678 3178 4733 veluti
3217 4681 3486 4736 ulciscens

1909 4784 2052 4834 eam,
2114 4784 2237 4837 qua
2306 4772 2476 4838 ipsam
2520 4769 2811 4835 sauciarat,
2844 4772 3197 4840 voluptatem.
3230 4773 3481 4826 Nondum

1909 4866 2055 4919 enim
2087 4877 2190 4915 nec
2222 4872 2345 4931 post
2379 4871 2486 4915 tam
2530 4864 2697 4917 multa
2728 4864 2948 4933 quidem
2985 4865 3287 4918 certamina
3323 4875 3483 4934 pote-

1910 4963 1993 5008 rat
2014 4968 2133 5007 eam
2157 4969 2353 5024 capere
2383 4954 2584 5009 oblivio
2611 4953 2756 5008 illius
2784 4954 2973 5025 plagar,
3001 4955 3094 5010 sed
3117 4970 3336 5025 semper
3364 4973 3486 5026 per—

1916 5049 2097 5121 gebat,
2123 5047 2434 5116 adjiciendo
2464 5047 2701 5111 labores,
2738 5048 2904 5102 ferire
2930 5065 3055 5102 eum
3085 5048 3175 5114 qui
3206 5064 3486 5115 percusse-

1911 5150 2017 5205 rat,
2050 5152 2101 5193 et
2136 5138 2185 5192 ei
2220 5138 2480 5208 majorem
2528 5140 2750 5193 inurere
2819 5138 3173 5209 ignominiam
3214 5152 3277 5191 ea
3322 5153 3483 5206 quam

1910 5251 2068 5308 passa
2111 5234 2307 5299 fuerat,
2339 5234 2539 5289 femina
2570 5250 2694 5288 eum
2728 5233 2819 5299 qui
2849 5234 3051 5288 multos
3081 5233 3227 5285 viros
3255 5232 3481 5296 vicerat,

1911 5345 1966 5390 et
1994 5346 2215 5388 carnem
2246 5342 2490 5404 gestans,
2521 5346 2644 5386 eum
2675 5330 2912 5386 fundens
2953 5343 3018 5383 ac
3055 5326 3370 5397 proﬂigans,
3390 5326 3483 5396 qui

1911 5439 2032 5486 erat
2062 5428 2440 5496 incorporeus.

1985 5521 2116 5576 Vlll.
2169 5520 2243 5574 Ut
2295 5528 2482 5574 autem
2540 5518 2930 5587 gloriﬁcaretur
3008 5515 3173 5581 Deus,
3240 5517 3333 5587 qui
3401 5524 3485 5570 est

1912 5630 2141 5687 magnus
2185 5622 2240 5668 et
2282 5613 2537 5681 cepiosus
2588 5612 2642 5664 in
2698 5609 3091 5671 misericordia,
3158 5616 3214 5663 et
3281 5624 3480 5679 cogno.

1912 5720 2155 5767 sceretur
2185 5708 2334 5764 illius
2372 5707 2483 5760 vita
2513 5702 2867 5769 admirabilis,
2897 5706 2957 5757 tit
2998 5704 3107 5758 tale
3146 5702 3481 5763 miraculum.

1915 5808 2136 5877 dignum
2181 5802 2325 5872 quod
2391 5801 2663 5855 scribatur
2710 5809 2765 5853 et
2835 5797 3122 5853 mandetur
3188 5795 3481 5850 memoriae.

1924 5901 2053 5957 Erat
2121 5898 2338 5967 quidam
2398 5894 2549 5950 lacus
2619 5907 2788 5963 prope
2849 5894 3261 5949 monasterium.
3310 5894 3364 5946 In
3417 5907 3483 5946 eo
