4158 6502
678 437 788 499 675

1906 380 2190 480 MENSIS
2232 418 2705 479 SEPTEMBER.

3818 412 3925 477 676

686 552 940 608 habitans
1012 546 1342 609 crocodilus,
1418 544 1470 597 in
1529 556 1906 611 quemcunque
1976 539 2258 594 incidisset

2372 537 2526 606 ιίμνῃ
2580 534 2982 604 παραϐάλλοντι
3032 531 3303 603 ἀνθρώπῳ
3371 531 3402 600 ἢ
3465 531 3675 599 κτήνει,
3740 532 3928 599 μικρῷ

687 647 961 698 hominem
1008 641 1091 693 vel
1146 638 1398 697 bestiam,
1455 651 1549 689 seu
1588 649 1806 702 parvam
1846 650 1938 685 seu
1979 647 2249 701 magnam,

684 752 801 789 eam
865 733 1112 803 protinus
1176 728 1464 784 exedebat.
1544 728 1613 780 lis
1679 728 1880 797 itaque,
1937 725 2027 794 qui
2088 726 2140 777 in
2192 737 2253 775 ea

684 832 904 900 regione
954 826 1289 888 habitabant,
1346 833 1464 878 erat
1516 823 1712 875 malum
1792 825 1927 875 adeo
1991 820 2251 879 terribile,

688 932 745 975 ut
798 922 910 990 ipse
963 917 1251 989 praefectus
1307 914 1724 983 civitatis(erat
1781 923 1962 967 autem
2026 912 2116 965 hic
2167 912 2253 964 ille

684 1011 1022 1080 Gregorius,
1115 1023 1275 1077 quem
1360 1022 1478 1074 qum
1574 1004 1853 1074 praecessit
1931 1003 2253 1072 signiﬁcavit

684 1103 979 1169 oratio)in
1015 1117 1078 1153 eo
1116 1100 1235 1153 loco
1286 1096 1538 1151 statuerit
1600 1096 1799 1150 milites
1864 1094 1926 1147 ad
1994 1094 2254 1148 arcendos

684 1207 778 1247 eos
850 1191 940 1260 qui
1012 1190 1132 1243 illac
1190 1188 1512 1242 transibant.
1581 1187 1717 1240 Cum
1801 1200 1929 1254 ergo
2006 1184 2254 1238 srivisset

684 1284 972 1354 praefectus
996 1280 1331 1341 monasterii,
1350 1279 1523 1348 qualis
1551 1287 1695 1331 esset
1722 1277 1826 1331 vita
1852 1276 2166 1335 Theodore,
2200 1284 2255 1329 et

683 1373 825 1443 quod
891 1387 1059 1442 prope
1119 1370 1357 1424 conferri
1420 1379 1603 1438 posset
1657 1383 1779 1422 cum
1830 1367 1963 1435 ipsis
2021 1364 2251 1433 angelis.

687 1474 741 1518 et
778 1463 925 1531 quod
983 1477 1090 1515 non
1145 1469 1290 1515 esset
1350 1474 1546 1528 expers
1612 1458 1807 1512 divina:
1874 1458 2085 1527 gratiae,
2135 1472 2252 1513 eam

684 1560 967 1612 accersivit
1003 1565 1057 1610 et
1101 1556 1148 1608 ei
1180 1556 1353 1609 dixit:
1388 1553 1508 1617 Fili,
1543 1552 1844 1615 Theodore,
1884 1551 2006 1604 tolle
2042 1564 2255 1615 urnam,

685 1660 740 1705 et
794 1664 1025 1720 propera
1068 1648 1223 1701 nobis
1269 1660 1463 1715 aquam
1500 1645 1693 1699 aﬂ'erre
1729 1660 1794 1697 ex
1836 1644 1940 1697 hoc
1977 1643 2114 1697 lacu.
2158 1643 2249 1696 llla

687 1751 870 1795 autem
910 1758 974 1794 ex
1007 1740 1310 1808 apostolico
1359 1747 1630 1809 praecepto
1671 1738 1853 1793 sciens
1899 1752 2019 1790 esse
2053 1752 2253 1804 paren-

686 1836 813 1888 dum
866 1834 932 1887 iis
963 1834 1049 1902 qui
1087 1841 1342 1901 praesunt,
1394 1830 1637 1900 implevit
1671 1829 1816 1897 quod
1857 1829 2008 1896 jussa
2054 1827 2251 1879 fuerat.

687 1928 751 1983 Et
777 1929 959 1984 multis
988 1926 1304 1997 iubentibus
1332 1925 1477 1977 illam
1510 1940 1540 1978 e
1580 1924 1698 1978 loco
1728 1922 2013 1985 excedere,
2061 1921 2104 1975 si
2141 1936 2251 1973 non

686 2036 917 2080 mortem
948 2032 1177 2092 cuperet
1205 2020 1571 2089 apertissime,
1604 2019 1693 2071 illa
1742 2028 1921 2071 tamen
1967 2018 2104 2070 freta
2147 2016 2251 2069 ﬁde

687 2118 741 2168 in
779 2115 969 2176 Deum,
1008 2125 1060 2167 et
1095 2128 1360 2181 peragens
1401 2128 1535 2180 opus
1579 2110 1924 2169 obedientite,
1953 2125 2075 2178 quae
2105 2108 2257 2161 novit

689 2206 854 2260 vitam
917 2203 1233 2265 conciliare,
1304 2217 1413 2255 non
1476 2212 1729 2262 mortem,
1782 2215 1905 2253 cum
1971 2200 2257 2269 eﬂ‘ugisset

689 2311 880 2351 omnes
931 2295 1021 2363 qui
1094 2293 1393 2356 arcebant,
1440 2294 1647 2347 accedit
1701 2294 1766 2345 ad
1820 2291 2043 2347 locum:
2083 2296 2139 2345 et
2190 2293 2258 2358 (ο

691 2386 1029 2441 admirabilia
1106 2396 1194 2438 tua
1277 2399 1460 2451 opera,
1525 2399 1556 2436 ο
1625 2383 1916 2450 Domine“)
1968 2390 2256 2449 conspecta

692 2480 791 2534 fuit
854 2478 977 2531 vehi
1046 2493 1073 2531 a
1142 2477 1316 2530 bellua
1356 2486 1457 2540 ;et
1504 2490 1626 2530 cum
1692 2490 1888 2543 aquam
1965 2475 2258 2537 hausisset,

692 2580 748 2625 et
812 2569 1093 2639 implesset
1149 2584 1240 2619 vas
1292 2567 1434 2635 quod
1490 2576 1608 2620 erat
1660 2566 1714 2619 in
1783 2564 2056 2625 manibus,
2109 2571 2258 2616 vecta

694 2680 887 2718 rursus
929 2663 997 2716 ab
1044 2662 1132 2715 illa
1184 2661 1364 2714 bellua
1412 2670 1565 2715 terrae
1620 2659 1888 2713 redditur.
1945 2657 2010 2712 Et
2056 2659 2135 2711 sic
2174 2654 2260 2711 illa

694 2757 914 2826 quidem
962 2756 1017 2808 in
1057 2762 1200 2808 terra
1234 2762 1584 2808 conservatur
1609 2753 1773 2806 illzesa
1802 2769 1816 2817 ;
1852 2749 2026 2804 bellua
2057 2759 2258 2814 autem,

695 2863 820 2901 cum
914 2855 1100 2899 sancta
1205 2844 1372 2912 ipsam
1457 2845 1810 2912 increpasset,
1886 2841 1986 2893 luit
2070 2852 2263 2907 poenas

697 2954 888 2993 eorum
964 2952 1083 3006 qua:
1138 2936 1204 2989 ad
1270 2937 1373 2990 hoc
1445 2952 1621 3006 usque
1676 2946 1888 3003 tempus
1950 2930 2261 2991 admiserat,

697 3040 754 3085 et
806 3044 873 3083 eo
926 3028 981 3081 in
1033 3029 1152 3082 loco
1212 3029 1392 3082 statim
1459 3028 1706 3082 cernitur
1778 3034 2013 3079 mortua.
2076 3021 2267 3076 Evadit

696 3138 826 3193 ergo
884 3137 975 3175 res
1018 3122 1140 3175 aliis
1212 3136 1431 3191 quoque
1488 3118 1796 3184 niauil'esta,
1861 3126 2045 3187 utpote
2123 3114 2266 3184 quod

2358 645 2415 681 τε
2444 630 2536 680 καὶ
2570 628 2799 696 μείζονι,
2823 624 2984 677 τοῦτο
3007 624 3223 676 δεῖπνον
3259 621 3416 683 εὐθὺς
3443 623 3709 675 ἐποιεῖτο·
3752 621 3924 683 οὕτως

2357 715 2448 773 οὖν
2477 720 2709 787 κατέστη
2775 719 2886 780 τοῖς
2936 715 3405 785 ὲπιχωριάζουσιν
3451 713 3716 781 ἐπίφοϐον
3745 712 3804 764 τὸ
3835 729 3937 764 κα-

2355 814 2469 876 κὸν,
2489 813 2563 874 ὡς
2592 811 2686 864 καὶ
2711 811 2873 862 αὐτὸν
2897 811 2989 861 τὶν
3026 810 3127 877 τῆς
3163 807 3372 868 πόλεως
3406 803 3651 872 ὕπαρχον
3700 805 3935 874 (Γρηγο-

2357 924 2471 976 ριος
2525 907 2580 958 δὲ
2620 900 2774 964 οὗτος
2804 899 2871 972 ἦν
2905 902 2963 953 ὃν
3027 903 3121 954 καὶ
3185 899 3423 971 πρόσθεν
3476 897 3686 963 φθασας
3714 901 3743 948 ὁ
3779 899 3938 963 λόγος

2355 996 2619 1067 ἐδήλωσε)
2664 992 3001 1063 στρατιώτας
3055 990 3437 1059 παρακαθίσαι
3463 988 3540 1057 τῷ
3596 988 3771 1054 τόπῳ,
3824 989 3937 1057 εἷρ-

2356 1106 2473 1157 γειν
2502 1089 2628 1149 τοὺς
2657 1086 2724 1138 δι’
2780 1086 2998 1153 ἐκείνης
3053 1083 3357 1144 ὁδεύοντας.
3426 1079 3597 1140 Εἰδὼς
3639 1077 3733 1131 οὖν
3765 1081 3791 1129 ὁ
3837 1077 3939 1144 τῆξ

2357 1183 2526 1252 μονῆς
2562 1178 2865 1253 προεστὼς,
2899 1172 3013 1239 οἷος
3048 1172 3116 1246 ἧν
3146 1178 3173 1228 ὀ
3204 1174 3302 1243 τῆς
3333 1174 3616 1241 Θεοξώρας
3660 1173 3800 1241 βίος,
3846 1174 3940 1223 καὶ

2353 1274 2426 1335 ὡς
2458 1272 2658 1341 μικροῦ
2708 1273 2805 1325 καὶ
2860 1270 3118 1338 ἀγγέλοις
3170 1267 3357 1328 αὐτοῖς
3396 1263 3803 1333 ἁμιλλώμενος,
3849 1266 3942 1315 καὶ

2357 1364 2456 1427 ὡς,
2482 1364 2583 1415 οὐκ
2618 1361 2684 1413 ἂν
2718 1361 2807 1428 εἴη
2880 1363 2974 1411 καὶ
3004 1359 3229 1428 χάριτος
3296 1355 3448 1416 θείας
3515 1353 3656 1420 αὓτη
3686 1354 3940 1421 ἄμοιρος,

2359 1456 2705 1525 μετάκλητον
2735 1455 2904 1523 αὐτὴν
2932 1452 3322 1522 ποιησάμενος,
3356 1448 3579 1508 Τέκνον,
3615 1441 3741 1498 εἶπε
3761 1484 3775 1509 ,
3808 1444 3941 1497 Θεό·

2355 1553 2519 1620 δωρε.
2568 1548 2628 1601 τὸ
2684 1547 2953 1615 κεράμιον
3014 1542 3180 1613 ἄρας,
3216 1542 3520 1610 ὓδωρήμῖν
3564 1540 3674 1591 ἀπὸ
3708 1539 3811 1605 τῆς
3841 1534 3943 1588 ὦδε

2356 1643 2554 1711 λίμνης
2613 1639 2839 1709 ἐπείχθη
2889 1654 2941 1689 τι
2999 1635 3247 1702 ἀγαγεῖν.
3287 1634 3353 1685 'Il
3403 1633 3465 1685 δὲ
3499 1631 3787 1683 πείθεσθαι
3829 1632 3946 1692 τοῖς

2358 1738 2681 1805 ἡγουμένοις
2705 1731 3071 1803 ἀποστολικὴν
3102 1730 3279 1782 εἰδυῖα
3317 1728 3668 1797 παραίνεσιν.
3703 1726 3943 1793 ἐπλήρου

2360 1832 2417 1883 τὸ
2458 1830 2771 1890 κελευσθὲν,
2810 1828 2905 1881 καὶ
2938 1826 3151 1878 πολλῶν
3188 1822 3355 1889 αὐτὴν
3428 1820 3698 1887 ἐκχωρεῖν
3731 1817 3827 1867 τοῦ
3857 1815 3942 1865 τό-

2359 1939 2461 1973 που
2514 1920 2998 1989 διακελευομένων,
3031 1919 3079 1969 εἰ
3134 1916 3205 1985 μὴ
3260 1912 3472 1981 θανατᾷ
3540 1908 3941 1980 προδηλότατα,

2357 2014 2543 2080 ἐκείνη
2600 2013 2783 2064 πίστει
2819 2015 2883 2081 τῇ
2919 2012 2998 2070 εἰς
3072 2010 3206 2060 Θεὸν
3242 2005 3527 2076 θαρροῦσα
3560 2004 3654 2055 καὶ
3687 1994 3939 2067 ὑπακοῆς

2358 2106 2518 2175 ἔργον
2561 2103 2821 2167 ἀνύουσα,
2858 2103 2889 2172 ἢ
2922 2101 3065 2170 ζωὴν
3105 2097 3305 2167 μᾶλλον
3328 2091 3495 2157 οἶδεν,
3531 2093 3655 2160 οὐχὶ
3685 2090 3943 2147 θάνατον,

2359 2198 2662 2265 προξενεῖν,
2699 2196 2905 2257 πάντας
2943 2190 3078 2261 ὁμοῦ
3106 2185 3457 2258 διαφυγοῦσα
3484 2187 3610 2245 τοὺς
3635 2186 3943 2252 εἴργοντας,

2359 2293 2425 2360 τῇ
2455 2291 2618 2357 λίμνη
2652 2288 3010 2356 προσϐάλλει,
3046 2286 3161 2347 καὶ,
3195 2282 3240 2333 ὣ
3270 2284 3378 2330 τῶν
3405 2277 3729 2344 παραδόξων
3765 2276 3947 2344 ἔργων

2365 2399 2481 2443 σου,
2510 2383 2678 2450 Κύριε
2708 2382 2718 2432 ι
2754 2381 2936 2431 ἐπάνω
2958 2378 3050 2429 τοῦ
3080 2375 3265 2444 θηρὸς,
3298 2373 3507 2441 ἑωρᾶτο
3541 2368 3942 2439 βασταζομένη,

2364 2475 2726 2549 ὰρῤυσαμένη
2753 2489 2812 2523 τε
2879 2470 3022 2539 ὕδωρ
3057 2469 3151 2521 καὶ
3182 2468 3240 2519 τὸ
3275 2468 3330 2516 ἐν
3362 2466 3556 2535 χερσὶν
3596 2463 3769 2529 ἄγγος
3802 2462 3944 2529 πλη-

2365 2588 2525 2629 σασα,
2578 2570 2773 2637 ἔποχος
2822 2564 2984 2621 πάλιν
3043 2562 3136 2613 ὑπ’
3182 2559 3393 2613 ἐκείνου
3433 2558 3497 2625 δὴ
3523 2556 3618 2607 τοῦ
3653 2554 3845 2623 θηρὸς,
3876 2555 3942 2620 τῇ

2363 2666 2504 2734 ξηρᾷ
2541 2662 2920 2731 παραδίδοται.
2970 2657 3079 2710 Καὶ
3108 2656 3279 2716 οὕτως
3342 2651 3531 2718 ἐκείνη
3577 2649 3675 2717 μὲν
3726 2645 3944 2713 ἀπαθὴς

2363 2758 2430 2825 τῇ
2468 2757 2539 2821 γῇ
2570 2751 2895 2813 διασώζεται
2926 2764 2943 2781 ’
2978 2748 3037 2798 τὸ
3068 2747 3125 2797 δὲ
3156 2743 3343 2811 θηρίον
3400 2742 3534 2808 παρ’
3560 2738 3737 2807 αὐτῆς
3768 2739 3945 2787 ἐπιτι-

2369 2848 2541 2917 μηθὲν
2598 2842 2981 2914 εἰσπράττεται
3027 2839 3182 2907 δίκην
3210 2836 3318 2888 τῶν
3361 2834 3525 2903 μέχρι
3563 2832 3684 2883 τότε
3737 2829 3947 2899 τολμη-

2367 2943 2572 2999 θέντων
2584 2938 2751 3007 αὐτῷ,
2775 2936 2868 2988 καὶ
2886 2935 3015 3002 παρ’
3046 2932 3242 2983 αὐτίκα
3263 2927 3339 2997 τῷ
3360 2927 3517 2994 τόπῳ
3548 2924 3716 2975 πεσὸν
3734 2922 3947 2991 ἑωρᾶτο

2366 3034 2557 3102 νεκρόν
2589 3046 2604 3060 ·
2661 3031 2871 3099 γίνεται
2938 3022 3031 3078 οὖν
3075 3024 3136 3076 τὸ
3172 3024 3404 3090 πρᾶγμα
3467 3018 3561 3070 καὶ
3614 3016 3729 3077 τοῖς
3765 3014 3947 3071 ἄλλοις

2368 3126 2641 3195 ἐπίδηλον,
2673 3124 2767 3175 ἆτε
2796 3120 2904 3171 τῶν
2938 3116 3240 3183 ὀφθαλμοῖς
3272 3110 3436 3162 τοῦτο
3487 3105 3947 3175 παραλαϐόντων,

699 3215 792 3283 qui
844 3214 1218 3283 percepissent
1265 3213 1461 3275 oculis,
1513 3226 1629 3266 eam
1677 3212 1972 3266 multorum
2042 3207 2265 3260 auribus

2372 3216 2579 3270 πολλῶν
2609 3213 2801 3273 ἀκοαῖς
2829 3205 3164 3279 χαρίσασθαι
3192 3199 3593 3273 βουληθέντων,
3620 3196 3715 3249 καὶ⁵
3739 3195 3950 3256 πάντας

700 3306 915 3360 tradere
994 3306 1265 3359 voluerint
1295 3321 1309 3358 :

699 3408 926 3469 egerunt
971 3400 1194 3469 gratias.

770 3490 863 3545 lx.
914 3491 1041 3543 Erat
1098 3498 1280 3542 autem
1340 3486 1428 3541 hic
1498 3499 1716 3555 quoque
1773 3481 1972 3537 invidia
2030 3480 2265 3545 factura,

702 3600 822 3655 qua:
891 3582 941 3637 ei
1015 3580 1371 3645 conveniunt,
1466 3588 1519 3632 et
1608 3579 1729 3644 ejus
1829 3582 1956 3625 sunt
2031 3571 2269 3641 propria.

703 3678 936 3742 Quidam
1011 3676 1158 3728 enim
1228 3688 1295 3726 ex
1357 3667 1643 3723 monachis
1687 3666 1887 3735 (nemo
1956 3673 2040 3716 est
2104 3659 2268 3721 enim,

705 3767 795 3837 qui
874 3779 984 3818 non
1039 3770 1329 3833 appetatur
1391 3758 1597 3813 inimici
1674 3753 1921 3823 insidiis)
1968 3752 2275 3807 invidentia

705 3857 943 3913 stimulis
993 3856 1108 3918 icti,
1172 3854 1336 3923 qmod
1389 3852 1639 3904 viderent
1692 3848 1906 3902 beatam
1967 3846 2154 3900 venire
2207 3845 2275 3899 ad

707 3963 979 4004 summum
1032 3945 1272 4008 virtutis,
1325 3935 1591 3997 insciente
1638 3942 1917 4012 praefecto,
1967 3954 2088 3994 eam
2143 3937 2275 3991 mit-

708 4048 833 4093 tunt
879 4038 936 4093 in
985 4037 1258 4108 quoddam
1303 4035 1493 4105 procul
1545 4040 1812 4086 remotum
1862 4027 2275 4088 monasterium,

709 4132 987 4187 tradentes
1036 4130 1087 4183 ei
1144 4128 1452 4196 epistolam,
1513 4126 1697 4195 specie
1747 4120 1993 4191 quidem,
2053 4127 2111 4172 ut
2157 4130 2279 4187 quze

710 4225 940 4281 haberet
973 4220 1173 4290 aliquid
1204 4220 1346 4289 quod
1380 4226 1616 4289 urgeret,
1642 4225 1698 4271 et
1746 4214 2050 4284 postularet
2082 4211 2277 4266 celeri-

713 4322 877 4368 tatem
911 4329 925 4377 ;
962 4326 1151 4365 revera
1197 4320 1375 4363 autem
1407 4309 1481 4361 ita
1522 4318 1739 4361 structa:
1785 4306 2002 4359 fuerant
2046 4303 2276 4366 insidiae,

712 4405 969 4474 quoniam
1052 4403 1155 4456 hoc
1234 4408 1401 4457 noctu
1476 4399 1659 4462 ﬁebat,
1730 4408 1791 4451 ut
1848 4400 2200 4450 devoraretur
2250 4408 2281 4445 a

714 4496 927 4551 beStiis.
1000 4492 1128 4549 Erat
1191 4495 1338 4547 enim
1404 4492 1495 4545 illa
1553 4492 1640 4545 via
1704 4491 1939 4548 deserta,
1984 4496 2038 4545 et
2076 4487 2131 4538 in
2175 4499 2282 4555 qua

715 4591 846 4643 solae
903 4588 1189 4641 alebantur
1245 4585 1393 4638 ferae.
1462 4581 1566 4637 Sed
1634 4581 1833 4636 l'rustra
1897 4581 1994 4633 has
2058 4578 2282 4631 insidias

716 4679 939 4735 molitus
1000 4688 1088 4734 est
1142 4677 1506 4741 adversarius,
1553 4682 1609 4729 et
1660 4688 1818 4727 secus
1880 4670 2065 4723 evenit
2122 4683 2285 4736 quam

718 4774 835 4840 ipse
902 4772 1334 4825 machinabatur.
1392 4770 1473 4821 Ad
1540 4776 1783 4821 sanctam
1858 4763 2004 4817 enim
2076 4761 2129 4813 in
2202 4762 2286 4813 via

720 4873 993 4917 errantem
1057 4863 1267 4916 accedit
1315 4860 1561 4930 quaedam
1625 4859 1818 4919 bestia,
1872 4856 2037 4925 ﬁtque
2083 4854 2131 4908 ei
2179 4852 2288 4906 dux

721 4957 823 5011 via:
875 4970 984 5009 non
1033 4953 1217 5021 fallax,
1269 4955 1441 5009 donec
1515 4968 1633 5006 eam
1702 4948 1923 5003 deduxit
1975 4946 2041 4999 ad
2102 4958 2290 4997 mona-

722 5047 971 5114 slerium,
1022 5048 1089 5101 ad
1114 5050 1257 5116 quod
1307 5046 1484 5100 fuerat
1514 5046 1678 5098 missa
1704 5058 1718 5094 :
1756 5046 1864 5095 imo
1889 5054 2016 5094 vero
2046 5053 2115 5090 ne
2164 5047 2292 5089 tunc

723 5141 939 5212 quidem
1025 5140 1298 5195 discessit.
1353 5136 1487 5192 Cum
1544 5153 1607 5193 ea
1668 5135 1809 5188 enim
1870 5132 2129 5199 ingressa,
2177 5129 2289 5196 ipsa

725 5248 942 5305 quoque
979 5230 1232 5295 introiit;
1289 5240 1343 5284 et
1382 5246 1503 5283 cum
1553 5228 1643 5283 illa
1672 5226 1879 5287 ivisset,
1932 5234 1989 5275 ut
2038 5220 2292 5290 praefecto

729 5326 981 5380 redderet
1012 5323 1237 5387 litteras,
1281 5322 1518 5391 ingressa
1568 5330 1654 5376 est
1706 5318 1815 5371 tera
1864 5316 1927 5369 ad
1979 5318 2291 5383 janitorem.

731 5429 966 5482 eumque
998 5428 1120 5466 mox
1158 5423 1274 5467 erat
1304 5411 1663 5480 discerptura,
1699 5409 1803 5461 nisi
1836 5406 1924 5460 ille
1965 5405 2292 5465 clamasset;

731 5513 789 5558 et
846 5517 968 5557 cum
1016 5516 1081 5555 ex
1137 5501 1375 5555 clamore
1432 5514 1693 5554 conversa
1749 5499 1905 5550 beata
1951 5495 2296 5563 cognovisset

734 5596 990 5665 quisnam
1046 5601 1193 5648 esset
1242 5591 1526 5655 tumultus,
1574 5589 1803 5645 olIendit
1852 5587 2142 5655 virum,qui
2184 5587 2294 5655 jam

734 5685 1065 5741 exedebatur
1095 5700 1123 5737 a
1161 5683 1360 5739 bestia.
1398 5681 1489 5738 Illa
1522 5696 1653 5754 ergo
1699 5680 1906 5743 statim,
1941 5678 2285 5747 apprehenso

1373 3314 1428 3359 et
1502 3311 1793 3374 propterea
1882 3299 1995 3354 Deo
2070 3312 2263 3353 omnes

810 5892 830 5923 ⁸
858 5887 1001 5942 Psal.
1032 5903 1215 5949 χλιιι.
1243 5887 1301 5945 6.

2368 3310 2478 3383 εἶχε
2516 3308 2648 3372 Θεὸς
2674 3308 2740 3360 δι’
2763 3305 2977 3373 ἐκείνης
3022 3296 3483 3371 εὐχαριστοῦντας
3505 3292 3677 3361 αὐτῷ.

2439 3467 2518 3519 8'.
2551 3465 2641 3516 Δεῖ
2676 3465 2776 3515 κάν
2809 3461 2984 3527 τούτῳ
3027 3459 3096 3510 τὰ
3155 3458 3332 3509 οἰκεῖα
3363 3455 3390 3505 ὁ
3433 3453 3629 3520 φθονος
3676 3450 3953 3501 ἐνδείκνυ-

2374 3559 2520 3611 σθαι.
2570 3556 2726 3616 Τινὲς
2766 3552 2872 3621 γὰρ
2909 3550 3018 3603 τῶν
3075 3546 3326 3617 μοναχῶν
3381 3544 3529 3611 (ἐπεὶ
3579 3542 3774 3611 μηδεὶς
3829 3542 3949 3600 ταῖς

2373 3647 2659 3717 ὲπηρείαις
2692 3646 2991 3713 ἀχείρωτος
3020 3638 3117 3691 τοῦ
3151 3634 3395 3705 ἐχθροῦ),
3417 3632 3720 3701 βασκανίας
3740 3631 3955 3701 κέντρῳ

2376 3739 2688 3812 βληθέντες,
2720 3732 2799 3799 οἷς
2827 3733 3015 3805 ἑώρων
3036 3732 3136 3800 τὴν
3165 3727 3449 3800 μακαρίαν
3480 3728 3560 3786 είς
3595 3726 3771 3793 ἄκρον
3827 3724 3957 3791 ἀρε-

2374 3835 2473 3902 τῆς
2501 3833 2745 3901 ἤκουσαν
2771 3870 2786 3891 ,
2825 3826 2998 3895 λάθρα
3051 3824 3153 3891 τῆς
3182 3820 3278 3874 τοῦ
3319 3817 3670 3889 προεστῶτος
3703 3815 3951 3883 γνώμης,

2376 3924 2455 3985 εἰς
2480 3922 2536 3973 ἓν
2567 3937 2618 3972 τι
2676 3918 2783 3971 τῶν
2815 3916 3037 3987 μακρὰν
3084 3912 3439 3983 ἀσκητηρίων
3490 3909 3701 3977 ταύτην
3725 3906 3942 3974 ἐκπέμ-

2376 4032 2589 4075 πουσιν,
2647 4010 2943 4079 ἐπιστολὴν
3006 4006 3430 4076 ἐγχείριζοντες,
3499 4002 3559 4053 τὸ
3626 4000 3959 4067 φαινόμενον

2381 4107 2502 4177 μὲν,
2546 4106 2687 4156 ὥστε
2749 4103 2858 4154 τῶν
2908 4099 3249 4164 ἐπειγόντων
3292 4096 3552 4161 ἔχουσαν,
3616 4094 3714 4142 καὶ
3767 4092 3958 4152 τέλους

2376 4199 2632 4268 δεόμενον
2670 4194 2953 4263 ὀξυτέρου,
2989 4189 3050 4243 τὸ
3081 4188 3135 4240 δὲ
3163 4186 3364 4256 ἀληθὲς
3416 4184 3654 4253 συσκειὴ
3696 4177 3789 4253 ἦν,
3834 4183 3960 4234 ἐπεὶ

2379 4291 2475 4344 καὶ
2532 4289 2727 4350 νυκτὸς
2778 4284 3177 4354 διεπράττετο,
3277 4275 3620 4344 κατάφρωνα
3696 4273 3960 4339 γενέσθαι

2384 4382 2625 4451 θηρίων·
2662 4379 2867 4449 ἕρημος
2929 4377 3038 4446 γὰρ
3078 4377 3110 4443 ἠ
3162 4373 3280 4436 ὁδὸς
3338 4368 3524 4440 ἐκείνη
3589 4366 3685 4421 καὶ
3754 4365 3961 4435 θηρίων

2388 4474 2565 4544 μόνων
2644 4471 2862 4542 τροφός.
2968 4468 3106 4521 Ἀλλ’
3190 4469 3269 4528 εἰς
3352 4465 3530 4534 μάτην
3593 4463 3626 4531 ἡ
3695 4458 3963 4526 ἐπιϐουλὴ

2387 4568 2465 4639 τῷ
2506 4565 2894 4637 ἀντικειμένῳ,
2947 4565 3043 4617 καὶ
3080 4558 3392 4615 τούναντίον
3455 4555 3679 4623 μᾶλλον,
3720 4553 3750 4619 ἦ
3797 4552 3965 4611 αὐτὸς

2387 4662 2723 4731 ὲτεχνάζετο.
2819 4654 3159 4721 Πλανωμένῃ
3203 4651 3309 4717 γὰρ
3348 4646 3478 4698 καθ’
3543 4645 3659 4697 ὁδον
3710 4646 3780 4713 τῇ
3840 4644 3965 4712 όσίᾳ

2389 4748 2752 4820 προσέρχεταί
2795 4762 2848 4797 τι
2898 4744 3107 4813 θηρίον,
3149 4739 3489 4808 καὶγίνεται
3532 4734 3738 4804 ταύτης
3768 4734 3964 4803 ὁδηγὸς

2388 4844 2631 4915 ἀπλανὴς
2666 4842 2771 4903 ἓως
2798 4838 2947 4907 ἄγων
2977 4840 3043 4909 τῇ
3083 4837 3217 4907 μονῇ
3247 4832 3587 4901 παρέστησε,
3612 4831 3753 4898 πρὸς
3790 4829 3857 4896 ἦν
3874 4827 3966 4879 καὶ

2391 4941 2581 5007 ἔτυχεν
2638 4931 3056 5004 ὲκπεμφθεῖσα·
3114 4927 3314 4996 μᾶλλον
3367 4921 3427 4974 δὲ
3483 4920 3602 4972 οὐδὲ
3647 4918 3825 4980 οὓτως
3862 4919 3966 4969 ἀπο

2397 5006 2530 5101 ἑστίη
2567 5044 2580 5057 ·
2622 5023 2949 5095 εἰσελθοῦσῃ
2980 5022 3088 5089 γὰρ
3139 5018 3232 5069 καὶ
3263 5014 3394 5067 αὐτὸ
3429 5010 3727 5080 συνεισήει.
3763 5006 3969 5061 Κάκεί-

2396 5140 2490 5191 νης
2524 5120 2657 5189 πρὸς
2687 5118 2747 5169 τὸ
2772 5114 3080 5184 ἐγχειρίσαι
3111 5109 3188 5179 τῷ
3213 5105 3516 5179 προεστῶτι
3544 5103 3642 5172 τὴν
3676 5100 3965 5168 ἐπιστολὴν

2396 5210 2759 5278 ἀπελθούσης,
2791 5210 2818 5260 ὁ
2872 5205 2977 5275 θὴρ
3023 5201 3101 5271 τῷ
3155 5199 3392 5269 πυλωρῷ
3453 5195 3633 5263 ἐπῄει,
3691 5194 3788 5243 καὶ
3844 5194 3965 5243 ὅσον

2395 5305 2549 5359 οὒπω
2596 5299 2853 5369 διασπᾷν¹
2890 5295 3052 5347 αὑτὸν
3112 5290 3358 5368 ἔμελλεν,
3406 5288 3454 5340 εί
3512 5286 3587 5355 μὴ
3669 5281 3967 5351 βοήσαντος

2397 5397 2631 5457 ἐκείνου,
2665 5394 2759 5444 καὶ
2808 5383 3121 5455 συνδρομῆς
3180 5378 3466 5450 γεγονυίας
3500 5375 3909 5443 ἐπιστραφείσα
3939 5371 3968 5438 ἡ

2402 5486 2668 5559 μακαρία,
2702 5483 2797 5536 καὶ
2827 5481 2977 5539 ὅστις
3023 5476 3109 5547 εἴη
3132 5478 3160 5529 ὁ
3192 5473 3419 5542 θόρυϐος
3451 5467 3770 5535 διαγνοῦσα,
3805 5479 3969 5515 κατα·

2399 5558 2671 5650 λαμϐάνει
2697 5578 2790 5629 τὸν
2819 5571 2992 5639 ἄνδρα
3019 5568 3222 5638 βρῶσιν
3248 5566 3372 5635 ἤδη,
3403 5562 3499 5616 τοῦ
3530 5562 3699 5650 (inps;
3750 5558 3971 5650 γινόμε·

2556 5668 2729 5732 Εὐθὺς
2759 5662 2853 5718 οὖν
2913 5662 3103 5730 εκείνη
3145 5656 3240 5711 τοῦ
3291 5656 3578 5727 φάρυγγος
3611 5648 3781 5704 αὐτοῦ
3849 5649 3982 5716 δρα-
