4158 6508
189 456 290 518 677

1125 444 1301 505 VITA
1338 444 1401 502 S.
1439 438 1874 501 THEODORIE
1917 436 2513 499 ALEXANDRINE.

3332 439 3439 506 618

185 564 416 636 ξαμένη,
454 558 758 630 διαφθορᾶς
784 557 874 610 τὸν
904 555 1192 626 ἄνθρωπον
1217 552 1575 617 ἀπαλλάττει,
1597 551 1765 619 ἐλαίῳ

1871 548 1987 617 ejus
2019 556 2258 618 gutture,
2291 547 2471 616 ipsum
2498 546 2693 600 liberat
2716 545 2786 599 ab
2818 543 3062 602 interitu.
3097 548 3229 607 Oleo
3256 565 3439 612 autem

180 660 234 710 δὲ
270 654 657 723 ὑπαλείφουσα
709 656 777 704 τὰ
807 650 1075 720 βλαϐέντα
1123 648 1283 718 μέλη,
1307 647 1401 699 καὶ
1437 644 1678 715 Χριστοῦ
1704 643 1764 696 τὸ

178 750 347 816 ὄνομα
399 741 844 815 προσεπᾴδουσα,
904 739 1089 792 τοῦτον
1144 738 1239 807 μὲν
1299 736 1374 799 ὡς
1405 738 1463 788 τὸ
1496 737 1764 804 πρότερον

180 837 308 902 ὑγιᾶ
336 834 715 896 ἀποδείκνυσι,
757 832 815 883 τὸ
839 830 893 883 δὲ
930 829 1120 899 θηρίον
1151 831 1337 880 πεσεῖν
1364 844 1420 880 τε
1463 826 1561 879 καὶ
1611 826 1764 895 διαρ-

181 930 421 997 ῥαγῆναι
456 925 808 997 παραχρῆμα
832 923 998 975 ποιεῖ.

247 1014 305 1069 ι’.
339 1014 529 1068 Ταῦτα
563 1014 751 1080 ἐκείνη
784 1012 881 1080 μὲν
904 1009 1090 1063 λαθεῖν
1156 1008 1442 1078 ἠϐούλετο,
1481 1007 1580 1061 καὶ
1608 1006 1762 1060 οὐδὲν

184 1106 325 1175 μετὰ
370 1106 473 1175 τὴν
532 1103 794 1156 ἐπάνοδον
847 1101 1111 1169 ἐφανέρου
1174 1102 1289 1160 τοῖς
1343 1101 1598 1168 μοναχοῖς
1630 1115 1645 1130 ο
1710 1098 1760 1151 οἱ

181 1198 440 1266 τυχόντες
466 1196 523 1247 δὲ
591 1194 691 1261 τῆς
726 1190 1046 1260 εὐεργεσίας
1080 1191 1194 1260 ἅμα
1244 1189 1393 1259 πρωῒ
1434 1188 1761 1257 αὐτάγγελοι

181 1290 274 1342 τοῦ
310 1287 655 1359 πραχθέντος
703 1286 968 1353 γίνονται,
1004 1286 1205 1353 Εὐχαῖς
1238 1283 1544 1354 Θεοδώρου,
1576 1282 1762 1350 λέγον-

183 1396 304 1444 τες,
336 1377 583 1448 χαλεποῦ
634 1378 869 1432 Θανάτου
915 1376 1106 1447 ῥύεται
1136 1375 1422 1446 ἄνθρωπος
1452 1377 1548 1430 καὶ
1571 1375 1761 1445 θηρίου

182 1470 408 1540 φάρυγξ
454 1472 587 1539 ἡμῖν
634 1468 946 1543 χαρίζεται,
995 1468 1089 1521 τὸν
1146 1469 1225 1531 εἰς
1294 1468 1498 1540 βρῶσιν
1527 1469 1628 1539 ἥδη
1665 1466 1762 1538 ληο

182 1564 412 1631 φθέντα.
445 1557 549 1616 Ὧν
575 1563 666 1615 καὶ
699 1563 824 1625 τοὺς
855 1562 1052 1630 λόγους
1079 1563 1107 1614 δ
1151 1562 1435 1629 προεστὼς
1474 1562 1565 1615 τοῦ
1597 1580 1763 1633 φρον-

181 1653 471 1723 τιστηρίου
532 1653 914 1721 καταπλαγεὶς
970 1652 1052 1716 τίς
1083 1652 1141 1717 ὂς
1167 1655 1346 1706 ἐκεῖσε
1381 1654 1569 1706 τοῦτον
1600 1653 1763 1705 ἀπεί-

182 1745 422 1799 σταλκεν
449 1746 827 1817 ἀπορούμενος
850 1746 1119 1817 διηρώτα·
1145 1746 1220 1809 ὡς
1253 1745 1310 1798 δὲ
1354 1740 1496 1816 ἦσαν
1522 1745 1762 1810 ἅπαντες

179 1833 426 1904 ἔξαρνοι,
454 1837 553 1907 τὴν
587 1836 873 1905 μακαρίαν
900 1836 1270 1906 προσϐλέψας
1307 1834 1404 1899 Τίς
1425 1832 1602 1899 οὗτος,
1631 1837 1759 1906 ἔφη,

179 1927 455 1999 Θεόδωρε,
487 1928 552 1992 δς
585 1929 683 1981 ἐπὶ
711 1931 982 1999 προφανεί
1010 1929 1243 1998 κινδύνῳ
1259 1928 1460 2000 ἀωρίσε
1488 1929 1599 1981 τῶν
1633 1929 1763 1981 νύκ-

178 2035 288 2071 των
316 2023 624 2088 κατήπειγε
668 2019 735 2071 τὰ
770 2022 954 2073 ἐκεῖσε
1002 2019 1370 2085 καταλαϐεῖν;
1408 2021 1516 2073 Καὶ
1539 2020 1634 2072 θέα
1672 2038 1762 2090 μοι

177 2111 361 2180 ψυχῆς
424 2111 645 2173 εὐθείας
701 2110 1064 2180 ἀνάπλασμα,
1128 2114 1222 2163 καὶ
1281 2112 1344 2163 τὸ
1410 2112 1619 2177 ἄτυφον
1652 2111 1762 2181 γὰρ

180 2203 349 2270 ἑαυτῇ
381 2200 842 2272 περιποιουμένῃ,
863 2204 960 2254 καὶ
989 2203 1101 2263 τοῖς
1131 2202 1385 2268 ἀδελφοῖς
1412 2200 1762 2269 φυλάττουσα

177 2292 240 2345 τὸ
278 2292 649 2363 άνέγκλητον’
685 2293 898 2361 "Tuum,
935 2290 1110 2357 εἶπεν,
1141 2293 1259 2345 τότε
1287 2295 1414 2356 τοὺς
1451 2293 1762 2362 ὀφθαλμοὺς

179 2385 306 2447 τοὺς
335 2384 487 2435 ἔνδον
517 2400 575 2437 τε
602 2384 695 2437 καὶ
749 2384 877 2448 τοῦς
922 2384 1030 2448 ἔξω
1062 2384 1429 2455 βαρυνομένη,
1463 2385 1538 2456 μὴ
1589 2387 1765 2439 εἰπεῖν

179 2476 329 2546 ἔχειν
392 2476 521 2547 ἄρτι
577 2477 705 2540 τοὺς
763 2478 1175 2541 ἀποσταλέντας
1214 2478 1273 2542 ἐξ
1319 2479 1621 2549 ὀνόματος·
1654 2480 1765 2532 διεσ-

180 2570 381 2638 πρίετο
410 2568 604 2632 δεινῶς
626 2571 654 2622 δ
701 2568 968 2632 διάϐολος,
998 2568 1167 2636 αὐτὴν
1200 2569 1297 2636 μὲν
1331 2569 1429 2639 τὴν
1474 2570 1764 2622 ὑποσκελι-

187 2661 412 2714 σθεῖσαν
441 2662 586 2732 δρῶν
637 2665 935 2721 τοσαύταις
985 2660 1163 2722 νίκαις
1220 2660 1320 2729 τὴν
1350 2656 1523 2731 ἧτταν
1552 2662 1759 2713 ἀναπα-

184 2752 473 2815 λαίουσαν,
517 2752 714 2804 ἑαυτὸν
760 2750 819 2803 δὲ
846 2749 1191 2820 κατακράτος
1224 2752 1557 2822 ἡττώμενον.
1605 2753 1765 2822 Ἀφέο

185 2858 349 2910 μενος
377 2840 476 2895 οῦν
522 2841 618 2896 τοῦ
651 2842 790 2895 κατά
815 2841 874 2894 τὸ
902 2842 1163 2895 λανθάνον
1193 2843 1566 2896 ἐπιϐουλεύειν
1594 2861 1763 2914 φανε·

182 2934 297 3005 ρῶς
328 2934 505 3005 αὐτῆς
532 2935 825 3003 παραστὰς
871 2934 1084 3003 ηπείλει
1130 2934 1203 3004 μὴ
1226 2936 1450 3004 ἀνήσειν
1495 2937 1622 2999 τοὺς
1647 2954 1768 2989 πει-

186 3028 443 3098 ρασμοὺς
478 3027 780 3093 ἐπάγοντα,
805 3026 909 3091 ἓως
937 3026 1107 3093 αὐτὴν
1137 3026 1257 3096 θείη
1290 3027 1491 3096 πτῶμα
1522 3026 1767 3096 γελώμε-

182 3137 275 3173 νον
308 3120 413 3179 τὴν
444 3118 541 3171 νῦν
607 3118 716 3171 ἀπὸ
777 3118 999 3171 πάντων
1024 3118 1473 3191 θαυμαζομένην.
1506 3116 1639 3174 Eius
1674 3121 1767 3174 ml.

179 3212 242 3265 οὐ
268 3212 442 3266 πολὺν
463 3210 643 3281 ἀφῆκε
673 3211 765 3265 τὸν
833 3211 1037 3281 μεταξὺ
1072 3213 1265 3281 χρόνον
1316 3212 1592 3282 γένεσθαι,
1627 3213 1767 3267 ἀλλὰ

183 3302 339 3356 σίτου
359 3303 462 3375 τῆς
494 3304 661 3374 μονῆς
690 3304 769 3364 είς
816 3303 1027 3356 ἔνδειαν
1062 3305 1438 3374 καταστάσης,
1486 3305 1769 3359 κελεύεται

182 3396 341 3469 παρά
385 3396 486 3449 τοῦ
514 3394 858 3464 προεστῶτος
886 3397 919 3465 ἡ
955 3395 1204 3465 μακαρία
1253 3397 1329 3467 μὴ
1363 3397 1602 3466 μέλλειν,
1636 3397 1773 3453 ἀλλά

179 3488 282 3550 τὰς
339 3487 645 3557 καμήλους⁹
695 3485 854 3550 αὖθις
901 3486 1147 3541 λαϐοῦσα
1176 3487 1271 3541 καὶ
1307 3489 1447 3558 πρὸς
1493 3488 1593 3559 τὴν
1617 3490 1773 3543 πόλιν

180 3578 543 3650 ἀφικομένην
584 3582 731 3631 σῖτον
783 3579 971 3641 αὐτοῖς
1020 3578 1316 3647 πρίασθαι.
1364 3579 1773 3650 Ἐπετέτραπτο

180 3672 243 3725 δὲ
272 3671 371 3723 καὶ
400 3669 584 3733 τοῦτο,
614 3668 691 3729 ὡς
717 3668 771 3719 εί
798 3684 862 3735 γε
915 3667 1197 3730 ἀδυνάτως
1228 3668 1367 3739 αὐτῇ
1421 3668 1635 3737 γένοιτο
1667 3670 1772 3741 πρὸ

179 3762 285 3831 τῆς
339 3760 588 3829 ἑσπέρας
642 3758 983 3822 ἐπανελθεῖν,
1039 3759 1375 3816 καταλύσειν
1436 3763 1495 3815 ἐν
1548 3763 1626 3833 τῷ
1676 3762 1770 3816 τοῦ

187 3856 387 3909 ἐνάτου
416 3852 845 3925 φροντιστηρίῳ,
876 3855 1104 3907 κάκεῖσε
1151 3856 1252 3920 τὰς
1282 3855 1563 3926 καμήλους
1589 3857 1773 3910 διανα-

183 3946 431 3999 παῦσαι.
477 3945 805 3997 Ἑπανιοῦσα
836 3945 1131 4013 τοιγαροῦν
1151 3948 1216 3998 ὲκ
1238 3947 1335 4016 τῆς
1364 3947 1592 4014 πόλεως,
1624 3948 1775 4001 ἐπεί-

186 4056 297 4109 περ
331 4037 439 4108 ἧδη
474 4037 613 4108 πρὸς
642 4035 855 4107 δυσμὰς
880 4034 1030 4106 ἑώρα
1066 4037 1160 4091 τὸν
1193 4037 1370 4108 ἥλιον,
1404 4042 1471 4111 τῇ
1505 4039 1601 4093 τοῦ
1648 4040 1774 4094 ἐνά-

182 4150 280 4186 του
313 4131 465 4186 κατά
498 4130 559 4185 τὸ
588 4129 870 4201 ἐπίταγμα
901 4131 1041 4200 μονῇ
1072 4130 1400 4202 προσφοιτᾷ,
1441 4130 1665 4200 δοθῆναί
1710 4148 1769 4184 τε

182 4227 354 4279 τόπον
407 4225 547 4294 αὐτῇ
604 4224 701 4276 καὶ
779 4225 899 4285 ταῖς
964 4223 1234 4291 καμήλοις
1290 4223 1427 4293 πρὸς
1457 4223 1770 4279 ἀνάπαυσιν

184 4318 335 4387 1ᾔτει,
356 4308 421 4367 οὐ
453 4314 564 4367 καὶ-
592 4312 908 4384 γενομένου,
944 4311 1082 4383 πρὸς
1114 4315 1243 4367 ποσὶ
1276 4312 1416 4387 αὕτη
1447 4314 1556 4368 τῶν
1589 4316 1771 4386 καμή-

184 4410 297 4466 λων
346 4408 735 4463 διανεπαύετο.

258 4500 369 4554 IA'.
413 4496 696 4549 Ἐντεῦθεν
729 4491 823 4548 οὖν
854 4497 999 4565 ἀρχὴ
1026 4496 1239 4563 γίνεται
1273 4498 1366 4550 τοῦ
1400 4497 1640 4567 πολέμου
1674 4497 1767 4550 τοῦ

1869 641 2118 695 membra
2152 639 2275 692 laesa
2340 640 2628 709 inungens,
2675 646 2730 692 et
2775 638 2980 694 Christi
3024 658 3225 699 nomen
3275 664 3441 719 super

1867 746 1929 784 ea
2001 740 2250 793 cantans,
2319 746 2444 785 eum
2504 730 2747 800 quidem,
2813 732 2957 785 sicut
3035 737 3206 803 prius.
3264 743 3441 796 reddit

1868 837 2107 888 sanum;
2151 821 2310 875 eflicit
2363 832 2572 886 autem,
2624 832 2683 876 ut
2734 822 2907 878 bestia
2969 829 3221 893 protinus
3277 835 3440 887 eade-

1868 923 1972 975 ret,
2026 920 2081 967 et
2136 914 2590 983 disrumperetur.

1940 1002 2008 1057 Χ.
2070 1006 2194 1058 Haec
2251 1006 2337 1057 illa
2395 1007 2617 1072 quidem
2681 1008 2898 1063 volebat
2965 1011 3153 1077 latere,
3210 1021 3265 1067 et
3323 1026 3445 1084 post

1874 1095 2111 1149 reditum
2180 1096 2319 1149 nihil
2386 1098 2671 1164 aperiebat
2739 1102 3065 1155 monachis:
3118 1106 3206 1173 qui
3264 1115 3443 1161 autem

1868 1186 2193 1240 beneficium
2235 1185 2454 1240 fuerant
2496 1192 2760 1245 assecuti.
2804 1192 2982 1244 statim
3039 1194 3139 1262 ipsi
3202 1195 3253 1248 id
3300 1200 3444 1264 quod

1866 1276 2069 1331 factum
2154 1278 2331 1332 fuerat
2384 1281 2721 1341 renuntiant.
2799 1284 3050 1339 dicentes
3118 1304 3129 1339 :
3186 1287 3446 1342 Precibus

1866 1365 2141 1421 Theodori
2197 1370 2461 1425 liberatus
2525 1383 2609 1426 est
2673 1373 2836 1429 bomo
2882 1391 2911 1429 a
2956 1377 3109 1445 gravi
3143 1388 3338 1442 morte,
3392 1390 3446 1433 et

1866 1463 2052 1519 bestia:
2088 1466 2208 1534 gula
2241 1467 2400 1519 nobis
2452 1468 2693 1522 restituit
2740 1485 2889 1535 eum,
2925 1471 3013 1539 qui
3064 1474 3172 1541 jam
3217 1483 3440 1542 cceptus

1865 1565 1985 1611 erat
2023 1557 2296 1611 devorari.
2346 1556 2589 1623 Quorum
2632 1562 2818 1615 verbis
2849 1564 3255 1632 obstupefactus
3303 1580 3444 1635 prae-

1866 1646 2039 1702 fectus
2071 1649 2413 1713 monasterii,
2446 1654 2697 1720 quisnam
2745 1668 2870 1706 eum
2916 1656 3147 1717 miserit,
3182 1659 3443 1711 dubitans

1866 1741 2256 1811 interrogabat.
2304 1740 2610 1810 Postquam
2670 1752 2853 1797 autem
2893 1760 3084 1799 omnes
3135 1758 3443 1815 negassent,

1865 1829 2079 1883 beatam
2110 1831 2382 1883 intuitus:
2436 1830 2571 1896 Quis
2623 1843 2726 1896 est,
2786 1834 2987 1902 inquit,
3041 1852 3073 1890 o
3132 1837 3444 1901 Theodore,

1798 1907 1836 1960 Β
1867 1922 1979 1990 qui,
2012 1936 2135 1975 cum
2188 1931 2335 1976 esset
2391 1922 2737 1977 manifestum
2786 1926 3110 1994 periculum,
3164 1940 3214 1982 te
3256 1930 3449 1983 intem-

1869 2018 2021 2077 pesta
2094 2021 2255 2064 nocte
2339 2012 2573 2078 impulit,
2632 2022 2689 2065 ut
2775 2015 2886 2068 illic
2968 2020 3445 2084 proficiscercris?

1870 2098 2000 2151 Mihi
2071 2115 2202 2153 vero
2274 2102 2563 2156 considera
2617 2113 2779 2157 rectae
2847 2107 3043 2161 animae
3102 2109 3441 2179 ﬁgmentum.

1871 2190 1985 2244 Sibi
2034 2192 2180 2245 enim
2218 2196 2521 2248 attribuens
2567 2195 2996 2265 simplicitatem,
3029 2211 3083 2254 et
3114 2218 3445 2258 conservans

1866 2280 2062 2334 fratres
2122 2290 2379 2350 tanquam
2461 2287 2597 2337 nulli
2667 2289 2884 2341 crimini
2966 2294 3209 2348 affines:
3268 2296 3442 2355 Tune.

1867 2373 2064 2442 inquit,
2125 2383 2237 2427 tam
2302 2374 2505 2429 interni
2598 2392 2758 2444 quam
2817 2383 3031 2437 externi
3101 2386 3242 2439 oculi
3288 2400 3446 2443 erant

1867 2466 2000 2519 mihi
2044 2480 2236 2519 somno
2288 2467 2423 2521 adeo
2465 2470 2692 2535 gravati.
2742 2480 2800 2525 ut
2853 2489 2961 2527 non
3012 2480 3215 2544 possim
3265 2483 3447 2535 nomi-

1867 2558 2035 2609 natim
2089 2557 2270 2638 dicere
2305 2574 2400 2611 eos
2448 2562 2540 2627 qui
2575 2561 2868 2616 miserunt.
2912 2565 3215 2634 Aigcrrime
3263 2581 3444 2623 autem

1867 2647 2074 2702 ferebat
2127 2650 2393 2713 diabolus,
2447 2651 2638 2705 videns
2689 2653 2861 2722 ipsam
2918 2658 3137 2726 quidem
3189 2666 3446 2730 supplan-

1871 2746 2057 2803 tatam,
2112 2742 2311 2796 talibus
2370 2744 2612 2798 victoriis
2666 2761 2694 2798 a
2746 2760 2805 2800 se
2846 2748 3085 2804 dedecus
3132 2753 3445 2822 repulisse;

1867 2848 1927 2887 se
1954 2843 2137 2889 autem
2170 2836 2221 2890 vi
2258 2851 2380 2891 esse
2415 2848 2755 2906 superatum.
2804 2839 3029 2897 Mittens
3061 2861 3189 2916 ergo
3220 2846 3445 2899 clancu-

1871 2926 1981 2982 lum
2037 2927 2306 2993 insidiari,
2353 2937 2542 2999 aperte
2591 2933 2659 2987 ad
2706 2948 2824 2987 eam
2870 2937 3155 3002 accedens,
3211 2939 3449 2994 minatus

1877 3028 1961 3070 est
2028 3033 2087 3072 se
2144 3035 2251 3073 non
2329 3030 2667 3074 cessaturum
2736 3023 3007 3079 intentare
3093 3030 3444 3090 teutationes.

1873 3108 2055 3163 donec
2116 3110 2380 3174 effecerit,
2433 3122 2493 3164 ut
2540 3112 2655 3177 ipsa
2703 3115 2879 3177 cadat.
2923 3131 3045 3185 quae
3096 3118 3329 3172 habetur
3375 3122 3444 3173 ab

1870 3201 2127 3256 omnibus
2201 3202 2257 3257 in
2327 3204 2711 3260 admiratione.
2786 3206 2988 3263 Dixit:
3039 3220 3093 3265 et
3143 3228 3251 3265 non
3320 3214 3449 3266 sivit

1875 3292 2105 3345 multum
2159 3293 2498 3347 intercedere
2533 3300 2792 3365 temporis
2823 3315 2836 3361 ;
2869 3301 2963 3353 sed
3006 3316 3130 3355 cum
3182 3304 3449 3356 laboraret

1875 3382 2273 3435 monasterium
2342 3382 2529 3452 inopia
2596 3384 2881 3455 frumenti,
2933 3390 3088 3458 jubet
3160 3392 3449 3462 pra-fectus

1875 3473 2047 3529 beata:
2110 3488 2180 3529 ne
2249 3485 2579 3543 cunctetur;
2629 3480 2724 3533 sed
2775 3482 3049 3547 accipiens
3110 3500 3299 3541 rursus
3348 3501 3447 3540 ca-

1874 3566 2069 3630 melos,
2119 3576 2175 3619 et
2237 3568 2444 3623 vadens
2486 3570 2541 3623 in
2607 3569 2903 3637 civitatem,
2981 3574 3061 3628 eis
3123 3589 3269 3631 emat
3338 3580 3451 3638 fru-

1874 3665 2143 3711 mentum.
2186 3655 2355 3711 Porro
2391 3667 2577 3713 autem
2624 3661 2727 3718 hoc
2767 3680 2981 3733 quoque
3028 3666 3076 3720 ei
3123 3666 3448 3737 imperatum

1874 3746 2070 3810 fuerat,
2099 3749 2244 3817 quod
2271 3749 2315 3803 si
2342 3764 2405 3804 ea
2436 3766 2542 3805 non
2570 3762 2753 3820 posset
2776 3756 2953 3807 redire
2983 3766 3110 3812 ante
3143 3774 3449 3828 vesperam,

1871 3838 2242 3894 diversaretur
2294 3842 2349 3895 in
2406 3844 2742 3898 monasterio
2798 3844 2974 3909 Nono,
3008 3858 3061 3900 et
3100 3850 3339 3904 efficeret
3391 3861 3450 3907 ut

1874 3930 2067 3985 cameli
2153 3931 2268 3986 illic
2338 3934 2770 4004 requiescerent.
2853 3938 3159 3995 Revertens
3234 3958 3362 4013 ergo
3420 3959 3452 3998 e

1873 4022 2114 4086 civitate,
2160 4022 2419 4091 quoniam
2465 4024 2576 4093 jam
2623 4026 2793 4080 solem
2843 4029 3063 4083 videbat
3124 4034 3177 4085 in
3223 4049 3444 4101 occasu,

1876 4114 2020 4167 venit
2057 4111 2127 4167 ad
2160 4109 2374 4168 Nonum
2410 4117 2826 4183 monasterium,
2862 4119 3014 4175 sicut
3053 4120 3101 4175 ei
3139 4120 3314 4178 fuerat
3346 4126 3449 4179 im-

1872 4212 2119 4276 peratum
2152 4223 2167 4270 ;
2206 4215 2261 4260 et
2298 4208 2455 4276 petiit
2500 4208 2603 4262 sibi
2636 4219 2691 4263 et
2724 4214 2952 4266 camelis
2995 4214 3111 4267 dari
3161 4215 3337 4271 locum
3383 4220 3450 4272 ad

1873 4297 2289 4367 quiescendum.
2321 4299 2473 4363 Quod
2493 4316 2615 4354 cum
2648 4301 2848 4357 factum
2879 4316 3046 4368 esset.
3079 4306 3196 4375 ipsa
3230 4310 3448 4379 requie-

1876 4390 2058 4444 scebat
2092 4390 2159 4443 ad
2193 4390 2364 4460 pedes
2392 4391 2748 4449 camelorum.

1945 4515 2039 4572 ΧΙ.
2057 4515 2194 4572 Hinc
2218 4534 2347 4589 ergo
2368 4522 2539 4574 oritur
2563 4520 2686 4575 belli
2712 4522 2765 4575 in
2785 4523 2956 4591 ipsam
2978 4525 3324 4598 principium.
3347 4528 3450 4597 Qui

188 4594 317 4647 κατ’
344 4589 523 4660 αὑτήν
542 4604 557 4620 ⁸
582 4590 611 4641 ὀ
634 4588 744 4660 γὰρ
762 4590 891 4657 ,τοῖς
926 4590 1187 4661 πονηροῖς
1230 4588 1415 4661 ἔργοις
1476 4590 1767 4660 ἐπιτερπό-

1875 4607 2019 4663 enim
2059 4588 2323 4678 improbis
2382 4610 2536 4666 factis
2567 4588 2870 4671 delectatur
2915 4588 3452 4683 dzemonietadver-

190 4703 358 4759 μενος
392 4682 627 4751 δαίμων,
657 4680 752 4735 καὶ
767 4682 894 4745 τοὺς
924 4681 1067 4735 κατά
1095 4682 1203 4735 τῶν
1230 4683 1401 4751 ἁγίων
1427 4680 1768 4753 πειρασμοὺς

184 4779 499 4847 ἀνεγείρειν
524 4772 613 4826 ἀεὶ
648 4772 1062 4843 μηχανώμενος,
1112 4776 1252 4828 κατά
1280 4774 1441 4845 τῆσδε
1473 4775 1569 4829 καὶ
1600 4774 1770 4827 πλείω

187 4871 291 4941 τὴν
320 4868 537 4921 λύσσαν
605 4862 1079 4933 ἐπιδεικνύμενος,
1136 4863 1231 4918 ὅτε
1280 4864 1344 4935 δὴ
1378 4865 1470 4919 καὶ
1502 4865 1639 4935 μετά
1672 4863 1770 4935 τὴν

188 4963 372 5031 θήραν
428 4958 530 5019 τάς
566 4955 775 5010 ἐκείνου
806 4958 995 5028 χεῖρας
1049 4956 1447 5025 διαφυγούσης,
1478 4956 1550 5010 τὰ
1571 4956 1771 5011 ἑαυτοῦ

186 5055 371 5108 ποιεῖν
422 5050 526 5103 οὐκ
567 5048 782 5120 ἡμέλει,
840 5047 981 5101 ἀλλά
1043 5048 1264 5101 νεάνιδά
1317 5066 1464 5113 τινα,
1506 5051 1627 5102 τότε
1662 5050 1772 5102 τῶν

191 5144 458 5219 μοναχῶν
518 5142 625 5195 τινὶ
704 5140 1025 5209 συγγενείας
1078 5141 1222 5209 λόγῳ
1283 5140 1772 5212 συνδιατρίϐουσαν

185 5240 331 5311 πρὸς
380 5230 607 5306 οἶστρον
666 5233 975 5304 ἀνερεθίζει
1034 5232 1315 5300 λαγνείας,
1371 5235 1404 5305 ἥ
1459 5236 1552 5287 καὶ
1604 5234 1773 5305 ἄνδρα

189 5326 336 5383 εἶναι
372 5327 479 5395 τὴν
543 5325 822 5397 μακαρίαν
857 5325 917 5391 ἐξ
947 5318 1023 5378 ὧν
1063 5323 1209 5396 ἑώρα
1239 5324 1601 5395 λογισαμένη,
1635 5327 1772 5395 πρὸς

187 5421 251 5477 τὸ
280 5422 468 5491 ταύτῃ
502 5417 941 5488 συγκαθευδῆσαι
981 5418 1391 5485 προσεκαλεῖτο,
1436 5417 1570 5469 αἰδῶ
1590 5418 1773 5469 πᾶσαν

189 5512 536 5580 ἀποθεμένη,
590 5509 683 5563 καὶ
746 5506 1042 5580 προσώπου
1086 5508 1309 5575 καὶτῆς
1355 5506 1557 5577 ψυχῆς.
1602 5507 1686 5570 Ὠς
1716 5506 1771 5560 δὲ

191 5609 287 5661 καὶ
318 5606 570 5673 ὑπήκοον
596 5602 742 5674 ἑώρα
767 5601 900 5671 πρὸς
929 5600 1105 5665 τοῦτο,
1127 5599 1222 5653 καὶ
1246 5600 1602 5670 προτιμῶσαν
1634 5598 1773 5669 μᾶλ-

192 5702 284 5754 λον
346 5695 451 5767 τὴν
506 5694 602 5747 ἀπὶ
657 5694 798 5765 ψιλῷ
850 5693 931 5764 τῷ
984 5691 1171 5762 ἐδάφει
1225 5695 1320 5745 καὶ
1351 5693 1471 5754 ταῖς
1502 5692 1772 5763 καμήλοις

192 5791 493 5849 κατάκλισι
554 5786 615 5839 τὺ
682 5783 1012 5857 ἐνδομυχοῦν
1057 5785 1242 5856 ἑκείνη
1292 5783 1387 5839 τοῦ
1443 5785 1662 5855 οἴστρου
1696 5788 1773 5856 μὴ

194 5882 549 5939 κατασϐέσαι
579 5876 688 5947 πῦρ
707 5877 1004 5948 δυναμένη,
1029 5877 1307 5931 ἐκδίδωσιν
1324 5876 1522 5948 ἑαυτὴν
1550 5876 1631 5933 ἑνὶ
1661 5879 1769 5930 τῶν

1877 4713 1968 4754 sus
1985 4709 2204 4755 sanctos
2237 4714 2455 4771 semper
2490 4704 2708 4758 molitur
2742 4707 2977 4761 excitare
3010 4709 3361 4776 tentationes,
3397 4712 3454 4767 in

1878 4790 2047 4861 ipsam
2097 4800 2280 4845 autem
2312 4793 2576 4860 majorem
2614 4796 2780 4850 etiam
2826 4807 3108 4853 ostentans
3136 4802 3364 4869 rabiem,
3396 4815 3455 4859 ut

1876 4897 1997 4952 qua:
2042 4891 2161 4949 post
2198 4886 2544 4939 venationem
2582 4885 2868 4957 effugisset
2919 4889 3065 4945 illius
3106 4907 3318 4956 manus,
3341 4910 3453 4949 non

1877 4975 2115 5045 neglexit
2144 4974 2325 5031 facere
2371 4993 2490 5047 qua:
2522 4990 2650 5034 sunt
2701 4997 2818 5048 sua,
2847 4983 2944 5038 sed
3013 4985 3299 5052 quamdam
3324 4988 3457 5042 ado-

1877 5066 2258 5134 lescentulam,
2290 5084 2410 5139 quae
2434 5080 2565 5127 tunc
2611 5075 2936 5130 versabatur
2969 5091 3092 5131 cum
3128 5080 3455 5147 quibusdam

1877 5158 2163 5212 monachis
2194 5161 2404 5215 ratione
2448 5166 2965 5235 consanguinitatis,
3010 5168 3200 5223 incitat
3248 5171 3457 5241 ad,stio

1880 5249 2082 5303 mulum
2116 5249 2358 5306 libidinis
2386 5268 2537 5323 :quaa
2558 5255 2769 5310 beatam
2797 5256 2941 5311 illam
2970 5273 3036 5312 ex
3069 5260 3139 5313 iis
3162 5276 3283 5329 qua
3302 5262 3454 5316 vide-

1880 5343 1994 5407 bat,
2057 5341 2318 5398 arbitrata
2388 5358 2512 5401 esse
2588 5348 2763 5402 virum
2837 5348 3100 5405 invitabat
3162 5362 3218 5405 ut
3269 5368 3456 5410 secum

1880 5429 2164 5496 dormiret,
2198 5433 2446 5503 deposito
2478 5437 2628 5491 omni
2671 5439 2876 5507 pudore
2908 5448 2964 5494 et
2990 5455 3055 5493 ex
3090 5441 3243 5495 vultu
3300 5452 3354 5497 et
3387 5460 3453 5498 ex

1880 5524 2083 5579 animo.
2116 5526 2409 5594 Postquam
2456 5537 2637 5583 autem
2688 5529 2824 5583 vidit
2876 5545 2992 5584 eam
3044 5546 3153 5585 non
3210 5533 3454 5599 obedire,

1881 5621 1934 5665 et
1991 5612 2150 5666 malle
2195 5614 2250 5667 in
2308 5616 2456 5670 nudo
2520 5618 2637 5671 solo
2688 5618 2930 5674 dormire
2991 5636 3156 5691 prope
3199 5623 3459 5688 camelos,

1882 5716 1993 5754 non
2027 5701 2215 5756 valens
2251 5703 2342 5758 illa
2377 5708 2727 5779 exstinguere
2776 5709 3035 5763 latentem
3074 5711 3220 5763 intus
3277 5710 3457 5782 ignem

1883 5792 2147 5858 libidinis,
2192 5794 2286 5849 dat
2336 5811 2395 5851 se
2443 5800 2536 5852 uni
2584 5813 2649 5855 ex
2694 5800 2765 5855 iis
2809 5800 2903 5869 qui
2933 5799 3048 5854 illic
3095 5800 3459 5866 dormiebant,

1883 5884 1974 5951 qui
2008 5882 2124 5953 ipse
2175 5901 2394 5960 quoque
2422 5900 2546 5947 erat
2589 5890 2795 5963 viator,
2826 5899 2885 5945 et
2912 5890 2968 5944 in
3016 5891 3241 5944 transitu
3279 5894 3458 5947 diver-
