4150 6464
707 405 815 466 679

1939 392 2222 450 MENSIS
2264 392 2739 453 SEPTEMBER.

3865 385 3970 447 680

709 527 858 569 satus
885 520 998 565 erat
1039 510 1090 562 in
1121 507 1470 562 monasterio.
1507 505 1640 559 Cum
1683 502 1727 554 is
1774 515 1918 570 ergo,
1954 502 2042 568 qui
2079 501 2280 555 fecerat

2418 504 2563 554 κεῖσε
2596 498 3129 568 προτκαθευδόντων,
3184 497 3332 568 ἐδῖτῃ
3371 496 3465 550 καὶ
3508 495 3657 566 αὐτῷ
3697 495 3838 553 ὄντι,
3873 497 3970 547 καὶ

714 604 1073 672 iniquitatem,
1130 601 1230 654 sub
1270 614 1518 652 auroram
1573 595 1886 652 recessisset
1932 594 1983 646 in
2033 610 2156 647 eum
2203 595 2286 647 Io-

712 713 860 760 cum,
914 696 1058 749 unde
1121 700 1486 761 processerat,
1551 690 1852 759 procedens
1910 699 2122 756 tempus
2172 689 2284 756 jam

713 792 1165 843 intumescentem
1217 784 1540 840 ostendebat
1588 792 1800 834 uterum
1849 780 2092 848 virginis.
2153 778 2285 843 Quae

715 897 744 934 a
798 879 1043 949 cognatis
1095 879 1423 942 interrogata
1480 891 1506 928 a
1559 889 1664 942 quo
1712 873 1811 925 hoc
1867 871 2065 926 factum
2118 881 2283 932 esset,

711 972 864 1033 dixit,
898 970 1240 1022 Theodorum
1279 968 1600 1020 monachum
1672 963 2061 1019 Octavidecimi
2097 978 2283 1014 mona-

723 1064 873 1117 sterii
901 1079 1022 1114 cum
1048 1076 1106 1112 ea
1142 1060 1391 1112 coivisse.
1411 1059 1499 1117 lis.
1528 1074 1645 1126 quae
1673 1059 1813 1110 dicta
1844 1055 2072 1108 fuerant.
2106 1055 2282 1105 statim

712 1156 939 1210 credunt
984 1153 1258 1206 monachi.
1324 1151 1458 1204 Nam
1497 1155 1585 1219 qui
1617 1151 1787 1204 beatae
1827 1149 2065 1200 minatus
2112 1145 2285 1199 fuerat

713 1249 1038 1302 tentationes
1092 1247 1272 1300 docuit
1329 1247 1491 1299 etiam
1573 1244 1802 1313 puellam
1901 1243 2002 1294 hoc
2071 1242 2286 1305 dicere,

711 1347 767 1392 et
826 1338 946 1390 illos
1027 1337 1272 1390 credere.
1327 1335 1534 1389 Deinde
1603 1349 1724 1386 cum
1795 1333 2151 1385 accessissent
2213 1330 2280 1383 ad

715 1429 1125 1485 monasterimn,
1188 1427 1277 1480 ubi
1334 1441 1392 1478 se
1451 1424 1738 1477 exercebat
1794 1422 1889 1475 illa
1939 1420 2120 1483 beata,
2164 1436 2284 1473 eum

716 1536 907 1589 magna
967 1520 1349 1572 vociferatione
1389 1527 1440 1570 et
1491 1516 1723 1568 tumultu
1772 1514 2068 1566 dicebant:
2107 1512 2286 1567 Theo—

717 1614 899 1678 dorus,
956 1614 1043 1680 qui
1094 1621 1175 1665 est
1226 1611 1365 1679 apud
1406 1624 1500 1662 vos
1555 1607 1878 1667 monachus,
1931 1620 2037 1657 non
2082 1610 2288 1658 veritus

719 1713 800 1758 est
855 1714 1066 1756 tantum
1136 1702 1423 1756 admittere
1503 1698 1784 1770 flagitjum.
1842 1695 2046 1764 Rogata
2107 1706 2284 1747 autem

720 1811 749 1848 a
804 1795 1078 1863 pl‘iPlCClO,
1125 1811 1189 1846 an
1239 1809 1354 1846 rem
1405 1785 1630 1845 fecisset
1676 1798 1783 1840 tam
1842 1787 2281 1847 abominandam,

721 1887 834 1953 ipsa
889 1887 1021 1937 dixit
1075 1886 1120 1935 ei
1178 1900 1236 1937 se
1288 1898 1396 1935 non
1469 1880 1670 1932 habere
1739 1890 1850 1927 rem
1911 1875 2074 1927 ullam
2131 1877 2288 1941 cujus

720 1977 842 2043 jure
899 1984 1197 2026 teneretur.
1261 1973 1432 2038 Atque
1485 1969 1555 2022 illi
1599 1967 1816 2037 quidem
1900 1972 2029 2019 tunc
2088 1967 2288 2019 reversi

725 2077 850 2120 sunt
885 2065 949 2122 ad
1001 2082 1160 2119 suum
1212 2062 1622 2118 monasterium.

796 2366 912 2420 Xll.
973 2364 1266 2432 Postquam
1328 2373 1507 2415 autem
1571 2359 1749 2413 infans
1791 2359 1899 2427 jam
1950 2358 2131 2412 editus
2188 2357 2295 2409 fuit

729 2460 782 2512 in
839 2459 1036 2515 lucem.
1085 2471 1206 2507 eum
1260 2454 1533 2516 tollentes,
1585 2451 1883 2519 projiciunt
1939 2449 1991 2500 in
2062 2449 2296 2500 medium

729 2549 1142 2608 monasterium,
1184 2546 1234 2598 in
1283 2560 1388 2613 quo
1434 2553 1551 2596 erat
1593 2544 1678 2595 illa
1732 2543 1909 2595 beata.
1966 2538 2078 2592 lloc
2117 2549 2298 2591 autem

729 2650 846 2696 erat
889 2639 1096 2692 insidiae
1149 2647 1203 2691 et
1263 2636 1548 2689 artificium
1613 2633 1840 2696 inimici,
1898 2631 2167 2684 studentis
2247 2629 2297 2684 ei

733 2733 957 2801 injicere
1022 2729 1188 2781 animi
1260 2725 1654 2796 mgritudinem,
1724 2733 1776 2776 et
1841 2722 1960 2792 ejus
2034 2721 2298 2790 impedire

732 2824 1070 2877 institutum.
1131 2818 1235 2872 Sed
1295 2818 1492 2870 frustra
1551 2829 1740 2868 rursus
1792 2829 1818 2866 a
1853 2821 1924 2875 te,
1965 2827 1996 2866 0
2042 2812 2302 2880 maligne,

732 2924 934 2984 paratae
974 2921 1102 2965 sunt
1148 2910 1379 2972 insidiae;
1440 2909 1548 2961 imo
1597 2922 1726 2961 vero
1778 2917 1886 2957 non
1939 2902 2157 2963 frustra,
2214 2901 2306 2954 sed

732 3021 826 3064 eas
852 3007 904 3059 in
948 3005 1175 3072 leipsum
1205 3017 1262 3055 es
1302 3002 1659 3058 machinatus,
1703 3007 1753 3049 te
1795 2996 2025 3048 feriente
2051 3007 2310 3064 generosa

735 3099 968 3153 muliere
1024 3097 1128 3148 illis
1181 3095 1313 3162 ipsis
1379 3093 1520 3155 telis,
1558 3091 1756 3159 quibus
1793 3098 1844 3142 te
1883 3103 2001 3141 eam
2054 3086 2311 3154 Sperabas

738 3192 1124 3246 sauciaturum.
1168 3187 1306 3251 Quid
1347 3185 1491 3238 enim
1539 3183 1666 3237 hinc
1707 3179 2100 3248 consequitur?
2133 3177 2313 3230 lnfan-
2340 3193 2382 3249 ο
2413 3160 2584 3251 “id;

740 3285 812 3336 tis
851 3297 969 3335 esse
1017 3292 1170 3350 pater
1215 3279 1452 3332 creditur
1507 3274 1835 3338 Theodora;
1878 3270 2094 3325 silentio
2132 3277 2311 3322 autem

740 3375 938 3443 accipit
971 3388 1111 3436 eam,
1169 3388 1287 3439 quae
1330 3369 1499 3438 ipsam
1554 3365 1906 3426 condemnat,
1938 3363 2261 3416 sententiam
2293 3380 2307 3428 ;

742 3474 797 3517 et
848 3465 1006 3516 simul
1070 3479 1194 3516 cum
1259 3461 1465 3513 infante
1543 3456 1834 3526 expellitur
1891 3469 1920 3507 e
1967 3453 2310 3506 monasterio.

746 3555 865 3623 lpsa
923 3557 1100 3620 itaque
1145 3551 1203 3604 lit
1245 3548 1449 3611 nutrix,
1501 3557 1554 3600 et
1622 3556 1878 3612 tanquam
1950 3551 2126 3612 pater,
2192 3558 2314 3595 eum

747 3646 958 3714 cogitur
1011 3643 1174 3706 alere,
1225 3643 1365 3695 lacte
1415 3639 1636 3708 quidem
1686 3637 1870 3691 ovium
1904 3643 2115 3702 (neque
2171 3635 2316 3688 cnim

749 3744 963 3806 poterat
1008 3733 1196 3800 aliter)
1231 3731 1494 3783 infantem
1556 3743 1732 3795 nuper
1791 3736 1982 3777 natum
2034 3727 2315 3790 nutriens;

745 3825 898 3879 lanas
940 3834 1117 3879 autem
1167 3832 1355 3893 petens
1390 3822 1554 3875 etiam
1598 3835 1626 3872 a
1670 3817 2003 3888 pastoribus,
2057 3817 2123 3871 ad
2165 3832 2318 3870 usum

747 3919 918 3971 vestis
965 3932 1058 3970 eas
1095 3929 1265 3982 puero
1307 3912 1566 3966 contexit.
1617 3910 1723 3962 Sed
1780 3909 2032 3976 quisnam
2111 3910 2323 3960 animus

750 4008 1026 4078 acceperit
1096 4007 1232 4060 adeo
1299 4018 1515 4076 gravem
1608 4001 1986 4057 calumniam?
2066 3998 2320 4065 Quaenam

752 4112 933 4156 autem
986 4112 1180 4152 manus
1239 4111 1347 4148 non
1396 4109 1534 4163 aegre
1594 4094 1806 4145 tulisset
1859 4101 1963 4143 tam
2029 4091 2323 4143 molestum

749 4191 1112 4247 ministerium
1139 4189 1161 4241 ?
1195 4187 1384 4257 Spatio
1413 4186 1556 4240 enim
1590 4193 1796 4253 septem
1835 4195 2100 4236 annorum
2131 4180 2326 4234 aﬂlicta

750 4284 855 4338 fuit
913 4283 1029 4336 hanc
1081 4281 1256 4334 beata.
1302 4276 1344 4332 0
1391 4277 1505 4340 Dei,
1582 4277 1673 4346 qui
1747 4283 1944 4328 cuneta
2024 4273 2322 4337 intuimin't,

753 4372 922 4436 oculi,
972 4370 1119 4422 inani
1160 4377 1214 4421 et
1257 4367 1386 4420 falsa
1422 4379 1679 4434 Oppressa
1722 4359 2014 4415 calumnia.
2049 4368 2103 4410 et
2146 4373 2176 4410 e
2218 4373 2332 4409 mo-

759 4464 1003 4518 nasterio
1033 4458 1384 4530 ejecta,niliil
1438 4456 1623 4526 pusilli
1678 4461 1731 4507 et
1780 4450 1975 4520 abjecti
2023 4449 2187 4502 animi
2239 4457 2331 4501 aut

2391 599 2453 647 ἐκ
2486 597 2723 662 παρόδου
2776 597 2839 664 τῇ
2898 595 3032 663 μονῇ
3103 593 3486 645 καταλύσαντι.
3525 592 3628 643 Τοῦ
3660 592 3845 642 τοίνυν
3873 589 3967 656 τὴν

2387 687 2617 756 ἀνομίαν
2644 686 3046 754 ἐργασαμένου,
3081 684 3184 734 ὑπο
3219 681 3318 752 τὴν
3349 682 3421 734 ἕω
3452 683 3546 749 τῆς
3583 680 3758 749 μονῆς
3789 681 3966 745 ἐκχω-

2389 780 2677 848 ρήσαντος,
2716 778 2810 829 καὶ
2843 776 2938 842 τῆς
2969 774 3126 834 ὁσίας
3157 772 3216 836 ἐξ
3248 766 3307 824 οὗ
3335 773 3603 842 προῆλθεν
3663 769 3968 823 ἀνασωθεί-

2387 885 2503 937 σης,
2537 869 2567 936 ή
2597 867 2690 918 τοῦ
2749 865 2943 934 χρόνον
2999 862 3335 930 παράτασις,
3358 859 3662 928 αἰρομένην
3700 858 3803 926 ήδη
3832 856 3967 922 πρὸς

2385 961 2548 1026 δγκον
2575 960 2671 1027 τὴν
2703 957 2947 1024 γαστέρα
2971 955 3066 1022 τῆς
3099 954 3267 1024 κόρης
3287 953 3520 1005 ἐδείκνυ·
3550 954 3641 1004 καὶ
3660 951 3785 1002 ὅθεν
3811 948 3967 1000 τοῦτο

2387 1051 2537 1121 παρὰ
2594 1048 2701 1102 τῶν
2775 1048 3056 1116 συγγενῶν
3141 1048 3313 1098 εἰπεῖν
3384 1045 3797 1114 ἀνακρινομένη
3881 1042 3967 1092 τὸν

2389 1143 2641 1213 μοναχῦν,
2692 1138 2843 1206 εἷπε,
2914 1139 3210 1208 Θεόδωρον,
3268 1137 3359 1189 τὸν
3414 1137 3513 1206 τῆς
3557 1133 3970 1188 ὐκτωδεκάτου

2391 1237 2576 1305 μονῆς,
2607 1234 2744 1303 αὐτῇ
2778 1231 3188 1300 συμφθαρῆναι.
3251 1227 3603 1281 Πιστεύουσιν
3629 1225 3836 1277 αὐτίκα
3867 1226 3970 1285 τοῖς

2384 1329 2658 1397 λεχθεῖσιν
2691 1328 2740 1377 οἱ
2801 1325 3058 1394 μοναχοίο
3094 1325 3121 1376 ὁ
3153 1323 3262 1391 γὰρ
3293 1324 3359 1391 τῇ
3419 1320 3666 1390 μακαρίᾳ
3690 1320 3820 1380 τοὺς
3854 1336 3971 1370 πει-

2391 1421 2633 1491 ρασμοὺς
2682 1417 3205 1486 διαπειλησάμενος,
3269 1416 3364 1468 καὶ
3420 1414 3519 1482 τὴν
3586 1413 3763 1480 κόρην
3819 1409 3971 1460 τοῦτο

2387 1515 2564 1582 λέγειν
2595 1513 2865 1576 ἐδίδασκε,
2906 1511 3196 1572 κάκείνους
3228 1509 3532 1560 πιστεύειν.
3572 1502 3706 1557 Εἶτα
3735 1507 3802 1574 τῇ
3841 1505 3971 1570 μονῇ

2389 1606 2802 1676 προσελθόντος,
2859 1606 3002 1674 ἤπερ
3041 1597 3188 1670 εἶχεν
3244 1601 3591 1669 ἀσκουμένην
3651 1597 3752 1666 τὴν
3799 1611 3975 1663 μακα-

2391 1697 2510 1765 ρίαν
2545 1697 2639 1748 σὺν
2675 1695 2768 1763 βοῇ
2806 1693 2898 1746 καὶ
2944 1690 3177 1762 θορύῦῳ,
3208 1689 3504 1757 Θεόδωρος,
3542 1687 3752 1752 ἔλεγον,
3807 1688 3834 1736 ὁ
3882 1685 3972 1750 ἐᾷ’

2389 1789 2532 1858 ὑμᾶς
2563 1786 2706 1838 τελεῖ
2744 1784 3000 1855 μοναχδς,
3053 1782 3254 1835 τοιόνδε
3310 1779 3482 1849 μῦσος
3560 1780 3826 1845 πράττειν
3883 1775 3976 1828 οὐκ

2321 1850 2361 1904 Β
2391 1850 2636 1950 ἕιρριξεν.
2793 1850 3088 1947 ἐρωτήσεις
3120 1872 3210 1928 οὖν
3246 1874 3479 1926 ἐλθοῦσα
3510 1873 3660 1939 παρὰ
3691 1869 3788 1921 τοῦ
3827 1872 3976 1935 ήγου.

2394 1972 2578 2040 μένου,
2609 1973 2655 2021 εί
2682 1966 2950 2038 κατῆρξεν
3005 1966 3148 2018 οὕτω
3201 1964 3468 2033 βδελυροῖς
3520 1963 3802 2033 πράξεως,
3840 1960 3973 2026 αὕτη

2392 2062 2628 2131 πρᾶγμα
2677 2057 2751 2129 μὴ
2780 2057 2924 2125 ἔχειν
2988 2052 3111 2107 εἷπε
3174 2055 3309 2124 πρὸς
3356 2054 3522 2105 αὑτὸν
3579 2054 3776 2120 ὲνοχῆς
3801 2051 3970 2112 ἄξιον.

2403 2156 2632 2207 Ἐκεῖνοι
2691 2153 2789 2223 μὲν
2823 2149 2914 2204 οὖν
2953 2149 3076 2202 τότε
3131 2147 3267 2218 πρὸς
3298 2145 3395 2216 τὴν
3424 2146 3563 2198 ἰδίαν
3609 2145 3779 2214 μονὴν
3810 2148 3973 2196 επανσ

2395 2249 2680 2318 έστρεφον.

2467 2336 2563 2390 lB’.
2611 2337 2698 2398 Ὠς
2737 2336 2792 2387 δὲ
2832 2335 2924 2384 καὶ
2962 2334 3022 2384 τὸ
3088 2331 3283 2400 βρέφος
3341 2331 3530 2400 τεχθὲν
3564 2330 3664 2399 ἤδη
3714 2328 3976 2398 προῆλθεν

2401 2432 2478 2490 εἰς
2507 2428 2640 2496 φῶς,
2679 2426 2944 2494 ἀράμενοι
2974 2423 3151 2484 τοῦτο,
3183 2422 3321 2473 κατὰ
3352 2421 3528 2488 μέσην
3563 2421 3690 2471 ἔνθα
3725 2420 3758 2486 ἡ
3801 2435 3978 2486 μακα·

2404 2521 2492 2590 ρία
2519 2520 2678 2586 διῆγε
2713 2517 2810 2587 τὴν
2835 2515 3000 2584 μονὴν
3037 2513 3459 2582 ἀπορρίπτουσι.
3487 2511 3655 2562 Τοῦτο
3685 2511 3742 2560 δὲ
3769 2512 3976 2568 πάντως

2406 2608 2653 2681 μεθοδεία
2687 2607 2780 2659 καὶ
2821 2608 2987 2674 τέχνη
3027 2603 3119 2655 τοῦ
3158 2598 3454 2670 δυσμενοῦς
3498 2594 3566 2668 ἦν
3610 2598 3851 2666 ἀθυμίαν
3889 2600 3980 2664 έμ-

2404 2701 2621 2764 6αλλεῖ,
2661 2701 2798 2768 αὑτῇ
2851 2695 3239 2757 σπουδάζοντος
3273 2691 3549 2762 ἐμποδιών
3581 2708 3639 2742 τε
3665 2691 3731 2741 τὰ
3769 2688 3980 2740 σκοπῶν

2405 2792 2728 2861 παρασχεῖν.
2781 2788 2916 2839 Ἀλλ’
2955 2787 3033 2847 είς
3060 2786 3234 2854 μάτην
3266 2799 3346 2833 σοι
3381 2784 3479 2833 καὶ
3503 2782 3655 2842 αὖθις
3683 2781 3750 2831 τὰ
3778 2782 3980 2846 ἐνεδρα,

2408 2881 2632 2948 πονηρὲ,
2687 2878 2886 2946 μᾶλλον
2925 2878 2981 2928 δὲ
3027 2877 3129 2928 οὑκ
3175 2875 3252 2935 εἰς
3309 2873 3507 2942 μάτην,
3541 2873 3675 2926 ἀλλά
3716 2873 3812 2926 καὶ
3849 2870 3981 2923 κατᾶ

2411 2972 2507 3025 σοῖι
2535 2970 2928 3038 τεκταινόμενα
2948 2985 2960 2998 ·
3019 2967 3207 3037 ὥσπερ
3245 2961 3326 3029 οἷς
3353 2968 3588 3036 τρώσειν
3623 2967 3860 3033 ἤλπισας
3890 2967 3982 3016 αύ-

2412 3069 2521 3126 τοῖς
2569 3065 2794 3124 ἐκείνοις
2843 3065 2954 3122 τοῖς
2997 3061 3174 3131 βέλεσι
3215 3061 3559 3129 πληττούσης
3611 3075 3669 3110 σε
3713 3060 3814 3127 τῆς
3865 3075 3983 3124 τεν-

2622 3155 2686 3208 Τί
2726 3155 2830 3225 γὰρ
2865 3154 2924 3204 τὸ
2957 3152 3236 3216 ὲντεῦθεν;
3284 3151 3465 3220 πατὴρ
3510 3146 3645 3202 εἶναι
3680 3150 3986 3203 πιστεύεται

2414 3249 2507 3302 τοῦ
2542 3250 2734 3318 νηπίου
2771 3249 2803 3317 ἠ
2839 3245 3090 3314 Θεοδώρα
3114 3286 3126 3307 ,
3166 3247 3290 3313 σιγῇ
3325 3262 3381 3295 τε
3417 3243 3519 3314 τὴν
3551 3245 3988 3312 κατακρίνουσαν

2413 3343 2591 3413 ψῆφον
2623 3341 2861 3409 δέχεται,
2896 3338 2988 3391 καὶ
3020 3336 3169 3404 αὐτῷ
3203 3336 3392 3404 βρέφει
3423 3337 3522 3402 τῆς
3551 3336 3718 3402 μονῆς
3752 3333 3989 3401 ἐξορίζε-

2413 3452 2525 3487 ται.
2562 3432 2791 3498 Τιθηνὸς
2825 3426 2918 3482 οὖν
2953 3429 3090 3496 αὑτὴ
3128 3430 3361 3494 γίνεται,
3401 3428 3499 3477 καὶ
3525 3421 3613 3477 οἷα
3647 3429 3834 3497 μήτηρ
3871 3444 3993 3478 παι-

2415 3523 2696 3590 δοτροφεῖν
2724 3517 3119 3586 ἀναγκάζεται,
3151 3515 3387 3584 γάλακτι
3411 3515 3511 3585 μὲν
3535 3515 3844 3586 προϐάτων,
3879 3515 3994 3567 ἐπεὶ

2421 3617 2493 3686 μὴ
2521 3616 2693 3676 ἄλλως
2710 3609 2845 3683 εἶχε,
2865 3612 2922 3664 τὸ
2945 3611 3186 3678 νεογενὲς
3205 3610 3611 3680 ἀποτρέφουσα,
3640 3609 3766 3678 ἔρια
3793 3611 3868 3671 δὲ,
3898 3613 3994 3661 κά-

2419 3711 2574 3760 κεῖνα
2608 3708 2762 3775 παρὰ
2805 3704 2912 3754 τῶν
2949 3703 3223 3770 ποιμένων
3259 3701 3522 3762 αἰτοῦσα,
3554 3703 3650 3752 καὶ
3689 3704 3769 3762 είς
3811 3703 3996 3769 χρείαν

2419 3799 2637 3870 ἀμφίων
2701 3798 2874 3849 ταῦτα
2905 3797 2982 3866 τῷ
3014 3794 3166 3848 παιδὶ
3203 3792 3579 3862 σχεδιάζουσα.
3624 3793 3786 3845 Ἀλλά
3819 3793 3902 3854 τίς
3936 3793 3996 3845 ἂν

2421 3893 2514 3945 καὶ
2541 3891 2686 3961 ψυχὴ
2720 3889 3055 3961 παρεδέξατο
3082 3887 3388 3957 βαρυτάτην
3411 3887 3556 3939 οὕτω
3588 3889 3992 3953 συκοφαντίανς

2424 3986 2559 4035 Ποία
2596 3983 2652 4034 δὲ
2691 3984 2783 4033 καὶ
2818 3982 2942 4050 χεὶρ
2980 3981 3081 4030 οὐκ
3127 3980 3191 4030 ἂν
3236 3977 3565 4045 ἐδυσχέρανε
3608 3979 3745 4045 πρὸς
3786 3976 3995 4045 ἐπαχθῆ

2424 4075 2679 4141 τοιαύτην
2721 4070 3027 4141 ὑπηρεσίαν
3056 4087 3070 4136 ;
3106 4069 3238 4139 Ἐτη
3269 4070 3379 4138 γὰρ
3413 4067 3555 4121 ἑτιτά
3587 4068 3996 4136 παρετάθησαν,

2426 4167 2483 4219 ἐν
2529 4161 2610 4226 οἷς
2641 4162 3012 4232 ἐταλαιπώρει
3065 4162 3286 4230 γυναίου
3334 4161 3519 4229 φύσις,
3568 4154 3612 4212 ὦ
3648 4160 3785 4212 Θεοῦ
3826 4163 3997 4211 πάντα

2429 4258 2713 4328 βλέποντες
2764 4254 3052 4324 ὀφθαλμοὶ,
3106 4252 3358 4320 διαϐολὴν
3434 4252 3669 4320 ματαίαν
3731 4253 4001 4320 καταιξνευ-

2435 4350 2642 4411 σθεῖσα,
2677 4349 2769 4398 καὶ
2790 4347 2886 4414 τῆς
2915 4346 3078 4414 μονῆς
3099 4347 3200 4410 ἔξω
3220 4344 3499 4412 βληθεῖσα,
3523 4345 3618 4395 καὶ
3637 4345 3793 4396 οὐδὲν
3813 4347 4001 4414 μικρό-

2431 4437 2601 4508 ψυχόν
2632 4453 2684 4489 τι
2720 4437 2813 4489 καὶ
2847 4437 3072 4504 ἀγεννὲς
3130 4436 3160 4505 ἢ
3202 4434 3425 4503 ἔδρασεν
3461 4435 3493 4504 ἢ
3531 4434 3857 4502 ἐφθέγξατο,
3897 4437 4000 4487 αλλ’

752 4557 900 4618 fecit,
959 4525 1077 4607 aut-
1119 4557 1201 4606 est
1261 4525 1479 4602 locuta:
1525 4547 1620 4599 sed
1689 4546 1807 4597 talis
1871 4542 2055 4611 probri
2124 4540 2309 4609 delegit

2428 4532 2600 4584 εἵλετο
2635 4527 2889 4597 τοιαύτης
2926 4528 3153 4596 ἀτιμίαν
3189 4525 3472 4596 αίσχύνης,
3525 4527 3589 4579 l'v‘
3611 4529 3748 4597 ὅπερ
3786 4531 4002 4598 aiax?!”

756 4645 1131 4716 ignominiam,
1171 4650 1229 4695 ut
1288 4640 1430 4708 quod
1493 4648 1649 4705 turpe
1710 4635 1838 4688 fecit
1879 4634 2083 4694 volens,
2145 4646 2333 4684 rursus

755 4735 1062 4790 voluntario
1119 4741 1323 4804 tegeret
1375 4729 1667 4791 dedecore,
1729 4735 1782 4778 et
1816 4740 1951 4793 quos
2015 4739 2125 4776 non
2180 4721 2337 4775 latuit

759 4830 948 4882 oculos
1022 4827 1174 4896 prius
1233 4825 1432 4876 malum
1497 4821 1722 4883 faciens,
1783 4818 2021 4887 placaret
2092 4829 2330 4867 rursus:

762 4936 858 4973 eos
904 4919 1046 4972 solos
1098 4918 1303 4970 habens
1356 4922 1544 4976 testes,
1585 4926 1707 4966 cum
1745 4909 1818 4962 rei
1865 4906 2119 4976 improbae
2168 4906 2332 4959 susti-

764 5021 923 5067 neret
970 5010 1319 5062 calumniam.
1368 5005 1522 5071 Quali
1586 5013 1767 5055 autem
1841 4999 2060 5052 vivendi
2126 4997 2332 5050 ratione

763 5103 1018 5158 utebatur
1093 5114 1214 5152 cum
1293 5096 1483 5149 aliis?
1555 5095 1634 5146 llli
1712 5092 1857 5145 enim
1935 5089 2328 5141 nutrimentum

760 5200 920 5247 erant
987 5190 1170 5243 herba:
1225 5196 1487 5258 agrestes,
1543 5193 1704 5254 potus
1769 5189 1945 5233 autem
1999 5187 2114 5230 erat
2171 5191 2330 5243 aqua,

763 5297 884 5354 quae
920 5293 950 5332 e
1023 5281 1144 5332 lacu
1205 5290 1480 5346 utcunque
1565 5276 1632 5329 ab
1686 5288 1746 5326 ea
1808 5268 2174 5327 hauriebatur,
2230 5266 2335 5320 nisi

766 5377 923 5432 malis
974 5374 1176 5435 dicere,
1235 5373 1351 5439 ejus
1403 5372 1672 5440 lacrymze.
1732 5364 1945 5418 Nullum
2009 5361 2151 5414 enim
2220 5369 2336 5414 erat

766 5479 998 5532 tempus.
1062 5480 1170 5532 quo
1215 5478 1291 5516 ea:
1341 5475 1448 5512 non
1511 5461 1792 5512 ellluerent
1849 5469 1911 5505 ex
1965 5453 2082 5519 ejus
2143 5451 2332 5512 oculis,

765 5561 901 5612 adeo
957 5567 1012 5610 ut
1057 5557 1300 5609 Psaltnus
1354 5552 1408 5606 in
1455 5565 1516 5603 ea
1568 5550 1932 5616 impleretur:
1976 5562 1990 5593 ι
2034 5541 2096 5594 Et
2151 5551 2332 5608 potum

768 5664 950 5704 meum
1023 5663 1146 5702 cum
1219 5647 1344 5699 ﬂetu
1403 5639 1778 5696 miscebam'.
1819 5656 1836 5687 ι
1881 5637 1972 5688 Sic
2031 5645 2158 5701 ergo
2214 5646 2334 5685 cum

770 5755 970 5808 corpus
1024 5740 1070 5793 ei
1124 5738 1469 5806 liquesceret,
1521 5742 1571 5786 et
1601 5727 1982 5799 negligantur,
2012 5732 2167 5777 erant
2218 5723 2339 5792 qui-

848 5877 864 5908 ⁷
905 5874 1042 5931 Psal.
1074 5890 1144 5935 cu,
1182 5875 1259 5928 l0.

2431 4619 2637 4691 ἔπραξε
2668 4619 2989 4692 βουλομένη,
3033 4617 3257 4688 ἑκουσίᾳ
3293 4618 3457 4670 πάλιν
3488 4620 3716 4689 αίσχύνῃ
3767 4637 4003 4675 κατακα-

2430 4713 2596 4781 λύψῃ,
2659 4711 2753 4764 καὶ
2800 4710 2893 4772 οὒς
2946 4709 3048 4761 οὐκ
3123 4708 3311 4759 ἔλαθεν
3370 4708 3681 4777 ὀφθαλμοὺς
3743 4711 4004 4778 πρότερον

2431 4802 2490 4854 τὸ
2541 4801 2778 4869 πονηρὸν
2825 4801 3166 4868 πράττουσα,
3213 4799 3533 4869 θεραπεύσῃ
3581 4801 3767 4861 πάλιν,
3815 4801 4005 4868 μόνους

2431 4893 2632 4964 ἔχουσα
2693 4893 2978 4961 μάρτυρας
3033 4887 3270 4960 πονηροῦ
3321 4890 3678 4959 πράγματος,
3708 4891 4002 4960 ἀνεχομένη

2435 4986 2822 5053 συκοφαντίαν.
2875 4983 2972 5035 Οἴα
3030 4985 3086 5037 δὲ
3132 4983 3267 5053 μετὰ
3309 4983 3420 5033 τῶν
3458 4983 3631 5036 ἀλλων
3684 4984 3780 5036 καὶ
3835 4985 4002 5052 διαίτῃ

2433 5081 2674 5147 ὲχρῆτο;
2708 5077 2895 5144 Τροφὴ
2939 5077 3036 5142 μὲν
3074 5076 3181 5142 γὰρ
3224 5072 3408 5143 ἐκείνῃ
3443 5076 3504 5124 τὸ
3527 5076 3589 5125 ὲκ
3621 5075 3732 5124 τῶν
3781 5076 4005 5140 βοτανῶν

2435 5171 2558 5222 ὅσον
2602 5170 2792 5239 ἄρτον,
2821 5170 2983 5222 ποτδιν
3006 5167 3062 5219 δὲ
3097 5168 3155 5219 τὸ
3191 5168 3252 5216 ἐκ
3291 5169 3389 5232 τῆς
3426 5167 3622 5236 λίμνης
3661 5169 4004 5237 ἀμωσγέπως

2437 5264 2574 5331 αὐτῇ
2621 5263 2938 5331 ἀρυόμενον,
3001 5261 3050 5312 εἰ
3097 5260 3170 5327 μὴ
3209 5259 3303 5310 καὶ
3343 5259 3545 5325 μᾶλλον
3595 5261 3770 5320 εἰποις
3818 5264 3880 5311 τὸ
3916 5261 4004 5311 τῶν

2441 5352 2694 5424 δακρύων
2724 5369 2736 5380 ·
2773 5354 2873 5403 ούκ
2902 5349 2967 5421 ἦν
3010 5353 3118 5421 γὰρ
3153 5353 3236 5403 ὅτε
3272 5352 3372 5401 οὐκ
3411 5351 3641 5422 ἁπέρῤει
3676 5355 3885 5421 ταύτης
3912 5353 4005 5404 τῶν

2443 5440 2758 5511 ὀφθαλμῶν,
2788 5441 2859 5504 ὼς
2880 5442 2939 5491 τὸ
2968 5442 3076 5493 τῶν
3103 5438 3344 5507 Ψαλμῶν
3368 5440 3454 5492 ἐπ’
3485 5443 3618 5510 αὐτῇ
3651 5442 4000 5510 πληροῦσθαι·

2451 5537 2588 5588 «Καὶ
2628 5535 2686 5587 τὸ
2715 5534 2862 5602 πόμα
2894 5551 2991 5602 μου
3031 5532 3172 5601 μετά
3196 5531 3476 5601 κλαυθμοῦ
3507 5535 3794 5602 ἐκίρνων.»
3834 5539 4003 5595 Οὕτως

2444 5627 2534 5680 οὖν
2564 5627 2703 5696 αὐτῇ
2733 5625 2828 5678 τοῦ
2855 5624 3107 5693 σώματος
3134 5624 3463 5692 τηκομένου,
3499 5627 3590 5681 καὶ
3624 5627 3841 5693 ἀμελῶς
3872 5631 4004 5696 ἕχον-

2444 5737 2554 5784 τος,
2606 5721 2651 5770 oi
2701 5719 2798 5789 μὲν
2838 5718 3028 5786 θνυχες
3071 5718 3367 5786 ἐπιμήκεις
3415 5713 3575 5787 ἦσαν,
3612 5721 3704 5773 καί
3751 5738 3864 5774 τισι
3909 5720 4003 5771 τῶν
