4150 6498
167 442 271 506 G85

1107 440 1280 503 VITA
1324 444 1387 503 S.
1425 441 1857 504 THEODORIE
1896 444 2491 508 ALEXANDRlN/E.

3320 456 3425 521 686

165 552 265 617 τὴν
303 549 586 619 μακαρίαν
626 547 1080 621 πεπληροφόρητο
1106 592 1119 614 ,
1161 551 1586 621 μεταστέλλεται
1618 551 1734 604 ταῦ·

1851 553 2051 607 certior
2085 554 2257 610 factus
2286 568 2398 610 erat
2434 556 2642 611 beatam
2674 573 2795 614 esse
2844 572 3190 620 consecutam
3222 563 3424 622 donum

164 660 286 711 την,
320 643 415 693 καὶ
442 644 519 713 τῷ
540 643 729 713 λάκκῳ
759 644 817 696 τὸ
843 644 1107 713 κεράμιον
1128 644 1373 696 καθεῖναι
1397 646 1747 712 προστάττει,

166 734 258 784 καί
310 731 456 801 ὕδωρ
498 735 827 801 ἀνενεγκεῖν.
876 733 940 786 Ἢ
993 734 1048 786 δὲ
1076 736 1242 786 εἴκειν
1291 731 1538 803 μαθοῦσα
1570 736 1749 801 λόγοις

164 827 420 893 πατέρος,
451 827 620 895 μηδὲν
646 828 1241 898 πολυπραγμονήσασα,
1287 826 1425 895 μηδὲ
1453 828 1749 881 άναὸαλλο-

166 916 325 983 μένη,
369 919 601 985 πράττει
645 919 704 969 τὺ
734 916 1020 971 κελευσθέν
1046 934 1059 948 ·
1111 920 1203 970 καὶ
1235 918 1396 981 εὐθὺς
1424 918 1612 981 ῦδατος
1647 937 1741 989 με·

167 1007 287 1057 aa.»
327 1009 599 1075 ἀνήνεγκε
641 1010 701 1060 τὸ
731 1010 1011 1078 κεράμιον,
1048 1010 1105 1075 ἐξ
1139 1005 1199 1064 οὗ
1228 1010 1325 1066 καὶ
1362 1013 1410 1063 οἱ
1458 1011 1605 1065 ἄλλοι
1632 1012 1738 1065 τῶν

164 1097 385 1150 λάκκων
416 1101 644 1170 πλήρεις
671 1100 856 1163 ὓδατος
872 1101 1245 1173 καθεωρῶντο.

234 1275 331 1332 1Ζ’.
398 1278 628 1345 Ὀλίγων
680 1279 736 1332 δὲ
784 1279 1170 1349 παρελθουσῶν
1216 1281 1443 1351 ἡμερῶν
1496 1282 1745 1353 ἀραμένη

160 1372 222 1423 τὸ
246 1374 468 1426 παιδίον
502 1374 587 1425 ἐπ’
610 1374 763 1441 ὂψεσι
796 1373 1005 1424 πολλῶν
1044 1373 1146 1442 ἤδη
1172 1377 1271 1443 τῆς
1308 1374 1542 1443 ἑσπέρας
1574 1390 1742 1427 κατα-

162 1462 463 1528 λαῦούσης,
492 1469 581 1516 καί
604 1466 798 1533 ἑαυτὴν
832 1465 1254 1536 ἐγκλεισαμένη,
1288 1459 1375 1517 οἶα
1404 1466 1583 1534 πατὴρ
1607 1465 1743 1532 πρὸς

162 1559 277 1607 υἱον
324 1560 586 1624 γνήσιον,
620 1559 903 1620 νουθεσίας
947 1558 1151 1627 ἤρξατο
1184 1559 1317 1628 πρὸς
1365 1559 1544 1611 αὐτόν.
1576 1558 1743 1611 Τοῦτο

160 1649 219 1699 δὲ
263 1648 426 1715 δῆλον
470 1650 545 1716 τῷ
580 1650 885 1717 προεστῶτι
928 1652 1248 1717 γενόμενον,
1289 1649 1564 1717 ἐκπέμπει
1593 1649 1742 1711 τινὰς

158 1737 266 1789 τῶν
292 1737 538 1805 ἀδελφῶν
561 1739 962 1807 ἀκουσομένους
988 1738 1380 1808 ἀκριϐέστερον
1402 1737 1508 1789 τῶν
1534 1737 1666 1808 πρὸς
1683 1738 1742 1791 τὸ

159 1828 378 1878 παιδίον
413 1830 703 1897 ῥημάτων,
736 1829 785 1880 οἳ
820 1829 911 1881 καὶ
938 1833 1005 1899 τῇ
1039 1829 1179 1899 θύρᾳ
1216 1832 1313 1897 τὴν
1346 1829 1515 1897 ἀκοὴν
1548 1845 1742 1899 προσε-

161 1918 483 1988 ρείσαντες,
538 1923 631 1970 καὶ
686 1923 776 1972 τὸν
832 1921 954 1972 νοῦν
1010 1923 1423 1982 συντείναντες,
1482 1922 1737 1990 ἐμμελῶς
1770 1902 1811 1960 Β

158 2011 447 2079 ἠκροῶντο
494 2010 602 2061 τῶν
643 2012 972 2079 λεγομένων.
1023 2011 1260 2062 Τοιαῦτα
1303 2011 1359 2062 δὲ
1394 2008 1480 2080 ἦν,
1527 2012 1562 2063 ἃ
1604 2014 1743 2081 μετὰ

158 2106 533 2174 προσαγωγῆς
583 2107 927 2174 φιλημάτων,
973 2105 1286 2174 ἐπέσκηπτε
1330 2105 1407 2175 τῷ
1453 2106 1602 2158 παιδί
1630 2122 1643 2135 ⁸
1685 2108 1741 2159 Ὀ

158 2199 352 2266 χρόνος
385 2198 485 2266 ἤδη
517 2197 617 2267 τῆς
650 2200 787 2267 ἐμῆς
818 2198 961 2267 ξωῆς
983 2238 998 2265 ,
1031 2199 1112 2250 υἱέ
1163 2214 1262 2267 μου
1314 2197 1533 2265 φίλτατε
1555 2234 1571 2261 ,
1604 2198 1739 2265 πρὲις

158 2288 335 2358 πέρας
364 2291 494 2359 ὁρᾷ,
532 2291 622 2342 καὶ
654 2293 789 2360 πρὸς
820 2292 907 2343 τὸν
929 2292 1105 2342 ἐκεῖσε
1129 2290 1313 2341 λοιπον
1344 2290 1515 2343 αἰῶνα
1544 2293 1739 2360 χωρεῖν

158 2384 587 2449 κατεπείγομαι.
625 2380 765 2449 Ἐγὼ
793 2382 847 2433 δέ
879 2400 934 2434 σε
965 2383 1041 2451 τῷ
1065 2384 1232 2453 πατρὶ
1255 2382 1362 2435 τῶν
1383 2383 1627 2454 ὀρφανῶν
1650 2384 1741 2437 καὶ

156 2472 276 2540 θεῷ
332 2472 682 2540 παρατίθημι
721 2475 813 2523 καὶ
850 2473 926 2542 τῷ
978 2476 1150 2544 κυρίῳ
1205 2477 1405 2546 ταύτης
1445 2476 1600 2545 ἡμῶν
1641 2477 1741 2545 τῆς

158 2563 326 2632 μονῆς
358 2577 369 2589 ⁸
407 2562 547 2626 ἕξεις
576 2563 630 2614 δὲ
662 2563 756 2615 καὶ
796 2564 1042 2632 ἀδελφῶν
1075 2566 1317 2617 διάθεσιν
1345 2568 1738 2634 ἁποσώζοντάς

155 2671 236 2706 σοι
266 2656 395 2718 τοὺς
427 2655 715 2725 μοναχούς.
748 2656 812 2706 Τί
841 2655 955 2718 οῦν,
984 2656 1264 2723 εὐγένειαν
1289 2656 1428 2725 τάχα
1451 2657 1732 2727 ζητήσειςς

161 2741 227 2798 Ἣ
252 2746 311 2798 δὲ
359 2750 437 2815 μὴ
472 2748 690 2799 ἄλλοθεν
733 2748 1057 2818 γνωρίτεταί
1095 2765 1197 2811 σοι,
1248 2748 1423 2816 ἢόθεν
1462 2750 1494 2817 ἡ
1534 2748 1738 2818 ἀληθὴς

152 2838 412 2906 εὐγένεια
436 2840 843 2907 καταφαίνεται.
871 2840 961 2909 Mi;
983 2840 1117 2907 πρὸς
1150 2838 1311 2910 τιμὴν
1344 2839 1539 2912 ἀπίδῃς
1567 2839 1740 2910 τὴνέξ

150 2931 500 3001 ἀνθρώπων·
539 2932 657 2982 οῦδὲ
702 2936 809 3000 γάρ
854 2931 989 3001 αῦτη
1027 2934 1330 3001 μακαρίους
1364 2930 1470 2986 οἶδε
1495 2934 1618 2995 τοὺς
1654 2950 1734 2984 τι-

155 3023 453 3091 μιομένους
489 3023 687 3073 ποιεῖν·
723 3024 822 3074 οὐκ
849 3026 1060 3090 ἀγνοεῖς
1095 3025 1201 3091 γάρ
1234 3025 1315 3075 ὃτι
1340 3024 1430 3075 τοῦ
1465 3026 1521 3075 ἐν
1553 3022 1737 3092 Κυρίῳ

155 3112 520 3182 μακαρισμοῦ
573 3116 621 3165 oi
674 3116 731 3167 τὸ
785 3117 841 3180 ἐξ
888 3115 1189 3184 ἀνθρώπων
1238 3116 1437 3175 ὄνειδος
1494 3118 1586 3166 καὶ
1637 3115 1733 3184 τὴν

1855 646 2265 712 miraculorum,
2297 663 2416 702 eam
2453 650 2703 715 accersit,
2736 662 2789 706 et
2826 653 2879 707 in
2932 660 3224 712 cisternam
3272 660 3426 730 jubet

1853 734 2140 790 demittere
2176 740 2518 805 amphoram,
2573 751 2627 794 et
2675 742 2895 798 haurire
2931 760 3144 819 aquam.
3183 747 3273 802 Illa
3324 765 3425 803 au-

1856 834 1986 888 tem,
2040 845 2160 898 quae
2220 831 2484 885 didicerat
2541 834 2733 887 cedere
2797 837 2979 891 verbis
3036 840 3225 903 Patris,
3286 842 3423 894 nihil

1851 917 2071 971 curiose
2121 921 2426 986 inquirens,
2484 938 2582 975 nec
2624 922 2904 989 differens,
2956 927 3084 980 facit
3125 930 3265 996 quod
3304 928 3422 982 fue-

1850 1016 1936 1061 rat
1996 1009 2343 1077 imperatum,
2398 1022 2452 1064 et
2498 1014 2743 1079 protinus
2796 1029 2937 1083 aqua
2978 1018 3191 1085 plenam
3229 1019 3422 1072 extulit

1850 1100 2189 1168 amphoram.
2232 1102 2348 1166 Qua
2389 1121 2452 1156 ex
2492 1120 2547 1156 re
2573 1106 2690 1157 alia:
2722 1122 2937 1176 quoque
2993 1110 3251 1163 cisterna:
3286 1125 3417 1163 cou~

1850 1205 2049 1261 specta:
2085 1205 2211 1248 sunt
2243 1211 2377 1265 aqua
2410 1197 2600 1265 picum.

1925 1284 2084 1341 XVII.
2122 1288 2257 1342 Cum
2317 1290 2469 1358 pauci
2528 1301 2710 1344 autem
2755 1293 2873 1345 dies
2919 1293 3325 1361 praeteriissent,
3357 1310 3419 1347 ea

1850 1379 2048 1433 tollens
2080 1381 2342 1434 infantem
2385 1382 2440 1436 in
2484 1392 2781 1451 conspectu
2817 1386 3115 1440 multorum
3155 1403 3276 1441 cum
3305 1389 3419 1457 jam

1849 1481 1995 1525 esset
2045 1486 2293 1541 vespera,
2332 1484 2386 1529 et
2435 1476 2666 1545 seipsam
2722 1476 3027 1540 includens,
3085 1481 3250 1548 cmpit
3296 1496 3418 1534 eum

1847 1562 2124 1615 adhortari
2161 1578 2267 1617 non
2327 1578 2508 1627 secus,
2564 1582 2627 1619 ac
2675 1576 2826 1635 pater
2866 1583 3183 1636 germanum
3227 1569 3415 1623 filium.

1850 1651 1963 1707 Hoc
2004 1669 2125 1707 cum
2176 1654 2489 1708 rescivisset
2548 1658 2838 1725 praefectus
2873 1660 3209 1726 monasterii,
3259 1662 3419 1714 mittit

1847 1746 2109 1814 quosdam
2151 1762 2213 1799 ex
2250 1745 2512 1800 fratribus
2547 1750 2858 1809 accuratius
2892 1751 3177 1804 audituros
3229 1752 3415 1811 verba.

1849 1850 1967 1903 quo:
1998 1836 2206 1889 diceret
2245 1852 2433 1905 puero.
2476 1835 2577 1901 Qui
2620 1853 2742 1890 cum
2794 1854 2981 1892 aurem
3038 1841 3177 1893 nstio
3231 1842 3419 1895 adum-

1846 1929 2071 1991 vissent,
2128 1938 2182 1983 et
2244 1941 2481 1983 mentem
2546 1911 2848 1999 diligenter.
2885 1933 3280 1999 adhibuissent,
3322 1951 3418 1987 au-

1846 2022 2067 2075 diebant
2125 2037 2187 2075 ea
2247 2038 2368 2091 qua!
2422 2022 2759 2079 dicebantur.
2820 2024 2945 2079 lla-c
2998 2036 3179 2079 autem
3241 2037 3417 2091 crant,

1845 2130 1963 2182 quae
1997 2130 2165 2183 puero
2195 2116 2565 2182 praecipiebat,
2608 2132 2731 2168 eum
2776 2113 3096 2169 deosculans
3128 2135 3138 2168 :
3176 2117 3417 2187 Tempus

1845 2208 1967 2258 vitae
2024 2220 2176 2267 meae,
2241 2206 2311 2257 tili
2371 2205 2443 2257 mi
2500 2206 2841 2266 charissime,
2896 2208 3006 2277 jam
3085 2216 3293 2277 spectat
3350 2210 3415 2262 ad

1846 2296 2028 2359 linem,
2070 2295 2214 2349 etde
2245 2305 2442 2349 cmtero
2493 2294 2693 2350 festino
2725 2298 2800 2351 ire
2835 2298 2899 2351 ad
2953 2300 3232 2363 Simulum,
3274 2301 3417 2369 quod

1844 2386 1953 2444 illic
2003 2398 2106 2441 est.
2146 2386 2258 2455 Ego
2300 2392 2480 2440 autem
2537 2397 2587 2441 lc
2622 2389 2755 2455 patri
2796 2392 3186 2458 orphanorum,
3218 2401 3271 2445 ct
3308 2391 3418 2447 Deo

1847 2478 2195 2541 commendo,
2253 2486 2305 2530 el
2341 2477 2563 2530 domino
2619 2478 2779 2546 hujus
2865 2479 3037 2532 nostri
3076 2483 3413 2535 monasterii.

1844 2568 2082 2626 Habebis
2121 2580 2302 2623 autem
2361 2569 2661 2622 tnonachos
2709 2584 2924 2637 quoque
2978 2570 3068 2639 qui
3124 2571 3176 2624 in
3211 2582 3259 2625 te
3300 2587 3415 2625 ser-

1840 2661 2050 2714 vabunt
2101 2661 2330 2713 fratrum
2389 2660 2752 2712 affectionem.
2791 2662 2931 2725 Quid
2985 2663 3159 2729 ergo?
3194 2662 3417 2727 Quaeres

1840 2754 2074 2806 fortasse
2127 2754 2507 2807 nobilitatem?
2539 2752 2627 2806 illa
2668 2762 2849 2805 autem
2887 2768 2994 2806 non
3044 2754 3261 2808 aliunde
3318 2756 3414 2808 tibi

1840 2857 2217 2913 cognoscatur,
2244 2860 2405 2915 quam
2451 2845 2592 2899 unde.
2617 2859 2740 2897 vera
2780 2856 3003 2915 apparet
3028 2846 3301 2900 nobilitas.
3340 2847 3419 2901 Ne

1840 2940 2118 3008 aSpexeris
2144 2940 2209 2992 ad
2238 2940 2494 2992 honorem
2522 2939 2818 2992 hominum.
2851 2938 3034 3005 Neque
3060 2940 3199 2991 enim
3229 2940 3272 2992 is
3297 2954 3416 3006 eos,

1841 3031 1931 3099 qui
1970 3033 2519 3099 houorantur,potcst
2553 3030 2740 3083 beatos
2789 3026 3023 3083 efficere.
3078 3026 3183 3084 Sed
3236 3045 3411 3100 neque

1840 3116 2198 3183 ignoraveris,
2242 3119 2387 3185 quod
2433 3134 2549 3171 eam
2592 3134 2712 3185 qua:
2764 3129 2847 3172 est
2886 3120 2939 3171 iu
2973 3115 3225 3179 Domino,
3280 3121 3413 3173 bea~

149 3206 386 3273 ἀτιμίαν
437 3208 529 3257 καὶ
572 3206 639 3257 τὰ
680 3206 887 3275 ψευδῶς
930 3207 1108 3259 αὐτῶν
1166 3205 1731 3275 καταμαρτυρούμενα

1847 3208 2131 3261 titudinem
2169 3208 2242 3260 illi
2307 3209 2477 3275 magis
2512 3216 2947 3275 consequuntur,
2998 3210 3087 3277 qui
3127 3211 3406 3266 hominum

149 3298 439 3368 φέροντες,
476 3302 671 3352 ἐκεῖνοι
707 3300 903 3369 μᾶλλον
932 3303 1068 3352 εἰσιν
1101 3300 1148 3352 οἱ
1174 3302 1552 3367 τυγχάνοντες.
1584 3302 1644 3352 Εἰ
1673 3302 1729 3353 δέ

148 3406 232 3452 τις
276 3391 547 3460 ἐπιθυμία
584 3392 737 3463 φέρει
776 3407 833 3442 σε
868 3391 998 3459 πρὸς
1036 3388 1215 3452 τοῦτο,
1238 3391 1296 3441 τὸ
1324 3392 1489 3459 τιμῆς
1515 3392 1732 3453 πάντως

147 3482 465 3547 ἀξιοῦσθαι,
491 3484 550 3535 τὸ
572 3487 733 3552 τιμᾷν
766 3484 973 3549 πρῶτος
1014 3482 1325 3551 ἁγάπησον,
1371 3482 1536 3533 ῦπνον
1569 3482 1732 3551 μίση-

149 3593 264 3629 σον.
306 3576 381 3627 Τὸ
426 3575 656 3642 σκληρὸν
684 3576 927 3640 ἄσπασαί
957 3577 1055 3642 τῆς
1094 3574 1326 3639 διαίτης,
1371 3574 1445 3641 τῷ
1505 3573 1732 3642 μαλακῷ

148 3667 426 3730 ἀπὸταξαι
457 3666 547 3718 τοῦ
575 3666 889 3737 ἐνδύματος,
927 3666 1032 3717 τῶν
1063 3663 1309 3734 συνήθων
1358 3663 1547 3733 εὐχῶν.
1568 3668 1730 3735 μηδὲ·

147 3776 285 3813 ποτε
318 3757 792 3835 κατολιγωρήσῃς,
998 3757 1104 3811 τῶν
1135 3759 1245 3821 τοῖς
1265 3756 1514 3825 ἀδελφοῖς
1538 3759 1729 3810 ἀποτε-

148 3853 411 3918 ταμένων
465 3852 765 3916 συνάξεων*
804 3851 998 3921 ὄρθρου
1032 3850 1174 3917 φημὶ
1215 3852 1306 3901 καὶ
1341 3850 1527 3918 τρίτης
1556 3850 1721 3916 ἕκτης

150 3960 209 3995 τε
244 3945 342 3995 καὶ
368 3942 598 4011 ἐνάτης,
630 3942 847 3995 καὶτῶν
880 3940 1178 4009 ἐσπερινῶν
1197 3954 1209 3967 ·
1240 3939 1374 3990 ἀλλὰ
1408 3940 1499 3990 καὶ
1524 3939 1728 4009 τροφῆς

153 4034 595 4104 μεταλαμϐάνων
629 4032 895 4102 μνήσθητι
936 4034 1025 4083 καὶ
1055 4032 1241 4103 ἐτέρου
1275 4031 1596 4097 πεινῶντος,
1632 4034 1729 4085 καὶ

146 4126 329 4190 τούτῳ
377 4126 441 4175 τὸ
491 4125 570 4175 σοὶ
623 4124 941 4194 περιττεῦον
994 4123 1346 4194 θησαύρισον.
1407 4124 1727 4193 ’Λλλοτρίων

147 4218 421 4286 ἀπόσχου,
456 4218 779 4285 κατηγορεῖν
805 4214 1056 4283 ἀίελφοῦ,
1083 4215 1219 4285 μηδὲ
1249 4216 1389 4269 κατὰ
1412 4215 1533 4267 νοῦν
1558 4216 1726 4287 λάϐῃς

148 4309 321 4361 ποτέ’
403 4308 795 4378 ἐρωτώμενος,
862 4307 1031 4357 νεύων
1097 4309 1175 4369 εἰς
1235 4308 1337 4375 γῆν
1406 4308 1721 4374 ἀπόκριναι.

149 4402 363 4469 Πτῶμα
387 4401 463 4469 μὴ
493 4400 729 4469 γελάσῃς
756 4399 965 4467 ἐτέρου,
992 4399 1279 4469 θρήνησον,
1320 4400 1406 4451 ἵνα
1444 4399 1725 4468 παρακλη-

150 4494 249 4561 θῇς
276 4509 290 4523 ⁸
328 4492 517 4554 κακῶς
546 4488 795 4561 βιοῦντας
825 4491 1037 4543 ἀκούων
1067 4492 1216 4553 τινάς
1248 4491 1388 4561 ὑπὲρ
1424 4491 1600 4543 αὐτῶν
1628 4490 1719 4541 εῦ-

1842 3301 2024 3355 ferunt
2086 3300 2278 3369 probra
2309 3309 2363 3353 et
2421 3299 2800 3361 contumelias,
2849 3308 2904 3354 et
2961 3298 3115 3362 falsa,
3177 3316 3295 3370 qure
3356 3301 3411 3354 in

1840 3394 1987 3461 ipsos
2047 3392 2323 3456 feruntur,
2402 3392 2729 3446 testimonia.
2787 3392 2840 3445 Si
2915 3392 3151 3446 tenearis
3231 3404 3410 3445 autem

1841 3483 2021 3551 aliquo
2051 3482 2324 3535 desiderio
2356 3483 2580 3534 omnino
2621 3482 2949 3550 assequendi
3005 3483 3249 3545 honoris,
3294 3483 3411 3551 ipse

1841 3574 2075 3643 primum
2133 3573 2294 3643 dilige
2346 3572 2611 3626 honorem
2660 3572 2940 3626 exhibere.
2982 3571 3243 3625 Somnum
3284 3572 3411 3626 odio

1840 3663 2001 3719 habe.
2046 3665 2242 3718 Duram
2292 3676 2345 3719 et
2407 3676 2649 3735 asperam
2702 3665 2918 3719 vivendi
2976 3665 3237 3718 rationem
3293 3680 3411 3718 am-

1838 3757 2098 3828 plectere.
2136 3758 2407 3810 lleuuntia
2465 3758 2719 3811 mollibus
2753 3756 3106 3809 vestimentis.
3163 3757 3407 3810 Consue-

1844 3860 1929 3902 tas
1987 3863 2175 3918 preces
2257 3864 2533 3916 nunquam
2604 3849 2927 3915 neglexeris,
2987 3863 3164 3919 neque
3226 3849 3406 3908 horas.

1835 3954 1956 4009 quze
2010 3950 2135 3993 sunt
2184 3940 2493 3993 constituta:
2536 3936 2793 3992 fratribus
2829 3938 2892 3991 ad
2936 3938 3403 3998 conveniendum.

1836 4034 2130 4095 Matutinm,
2169 4033 2409 4101 inquam,
2466 4032 2679 4092 Tcrtiw,
2738 4030 2935 4093 Sextm,
2990 4041 3043 4084 et
3104 4028 3289 4090 Nonae,
3354 4041 3407 4084 et

1839 4125 2224 4194 Vesper-arum.
2264 4125 2489 4177 Abstine
2524 4124 2591 4176 ab
2642 4124 2855 4179 alienis.
2908 4126 3177 4175 Accusare
3215 4122 3408 4176 fratres

1836 4232 1904 4271 ne
1957 4218 2048 4270 tibi
2088 4220 2308 4284 quidem
2359 4217 2541 4270 veniat
2600 4216 2651 4269 in
2718 4226 2975 4267 mentem.
3038 4214 3406 4282 Interrogatus

1835 4310 2124 4378 responde,
2182 4310 2476 4376 reSpicieus
2547 4308 2599 4361 iu
2659 4317 2879 4360 terram.
2938 4306 3178 4360 Alterius
3221 4319 3403 4358 casum

1836 4414 1905 4454 ne
1946 4399 2201 4453 irriseris.
2240 4397 2409 4469 Luge,
2444 4406 2502 4451 ut
2551 4398 2983 4453 consolationem
3023 4396 3400 4465 consequaris.

1833 4493 2058 4562 Aliquos
2111 4493 2339 4547 audiens
2377 4493 2515 4546 male
2572 4492 2838 4552 viventes,
2898 4504 2965 4542 ne
3021 4490 3258 4556 negligas
3312 4499 3407 4556 pro

148 4583 346 4650 χεσθαι
375 4584 453 4650 μὴ
476 4581 666 4649 ἀμέλει
731 4582 791 4633 τὸ
822 4584 958 4651 πρὸς
990 4581 1348 4643 ἀσθενοῦντας
1379 4583 1619 4645 ἀπιέναι,
1654 4583 1727 4653 μὴ

1840 4584 1912 4639 eis
1954 4585 2186 4653 precari.
2241 4578 2321 4637 Ire
2355 4585 2421 4637 ad
2457 4600 2571 4646 eos,
2604 4584 2695 4652 qui
2754 4592 2881 4635 sunt
2932 4580 3154 4643 infirmi,
3208 4595 3277 4631 ne
3319 4595 3403 4634 re-

150 4671 464 4746 παραιτοῦ,
506 4674 599 4724 καὶ
650 4673 939 4724 συνελόντα
983 4673 1184 4738 φάναι,
1234 4673 1431 4735 παντὸς
1464 4672 1726 4727 ἐκκλίνων

149 4762 352 4825 κακοῦ,
392 4764 595 4833 ἀρετῆς
627 4763 805 4833 πάσης
837 4762 1217 4833 ἀντιποιήθητι
1243 4778 1256 4791 ·
1290 4762 1577 4815 δουλευσον
1614 4767 1727 4826 τοῖς

153 4856 414 4924 ἀδελφοῖς
450 4855 523 4917 ῶς
556 4855 841 4919 δεσπόταις
886 4855 971 4907 ῖνα
1004 4854 1241 4923 Χριστοῦ
1289 4855 1438 4923 φίλος
1471 4856 1603 4924 γένῃ
1636 4855 1723 4906 τοῦ

151 4949 238 5002 διὰ
288 4948 351 5001 σι
391 4947 607 5017 μορφὴν
648 4947 832 4999 δούλου
865 4946 1250 5016 ἐνδυσαμένου.
1298 4946 1441 5015 Εὺχὴ
1472 4948 1608 4998 ἔστω
1644 4962 1725 4998 σοι

152 5041 435 5111 διηνεκὴς,
464 5042 753 5111 πειρασμῷ
785 5040 859 5111 μὴ
891 5043 1209 5109 περιπεσεῖν
1234 5054 1247 5068 ⁶
1279 5042 1327 5092 ει
1354 5041 1408 5093 δὲ
1445 5044 1536 5092 καὶ
1568 5056 1724 5109 περι-

153 5136 369 5197 πέσοις,
424 5133 685 5201 γενναίως
736 5132 1039 5202 ἀντίστηθι,
1089 5135 1181 5185 καὶ
1230 5133 1393 5187 πάλιν
1449 5133 1589 5185 ὥστε
1653 5133 1728 5202 μὴ

152 5226 362 5279 ἁλῶναι
409 5225 732 5295 προσεύχου.
790 5224 977 5288 υῦτως
1029 5222 1307 5293 βιοτεύων,
1338 5225 1611 5292 ἀγαπητέ,
1663 5224 1723 5275 οὐ

158 5320 382 5390 μακρὰν
442 5319 582 5382 ἕξεις
636 5320 726 5370 τὸν
778 5316 1100 5386 βοηθοῦντα,
1161 5318 1252 5368 καὶ
1325 5315 1587 5386 ὀρέγοντα
1644 5332 1724 5367 σοι

154 5411 554 5483 πολεμουμένῳ
622 5412 720 5485 τὴν
782 5410 982 5478 δεξιάν.
1034 5410 1273 5464 Τοιαῦτα
1334 5410 1717 5481 παραινέσασα

154 5503 231 5572 τῷ
281 5504 439 5557 παιδὶ
484 5506 601 5566 ταῖς
654 5507 836 5574 χερσὶν
885 5502 1052 5573 ἡδέως
1098 5502 1159 5553 τὸ
1199 5502 1413 5571 πνεῦμα
1462 5499 1727 5568 παρέθετο

154 5594 245 5649 τοῦ
282 5595 445 5650 Θεοῦ.

226 5690 337 5742 ιη’.
372 5690 484 5743 Καὶ
514 5690 571 5743 τὸ
605 5689 703 5759 μὲν
733 5689 943 5742 παιδίον
991 5689 1211 5759 θρήνοις
1237 5684 1581 5758 παραχρῆμα
1606 5684 1729 5739 ἐκό-

156 5800 345 5847 nmo,
390 5783 485 5833 καὶ
517 5784 545 5834 ὁ
587 5782 826 5844 οἱκίσκος
873 5780 997 5851 βοῆς
1062 5781 1363 5851 ἐπληροῦτο
1389 5791 1401 5806 ·
1456 5780 1524 5831 τά
1563 5780 1727 5831 ἀκου-

154 5878 348 5933 σθέντα
397 5873 453 5927 δὶ
501 5874 659 5938 ιὺθὺς
708 5876 756 5929 oi.
809 5877 943 5945 πρὸς
998 5872 1149 5925 τοῦτο
1204 5868 1569 5939 πεμφθέντες,
1626 5870 1703 5939 τῷ

1830 4694 2008 4734 cuses.
2043 4675 2108 4731 Et
2142 4687 2199 4731 ut
2231 4676 2394 4729 semel
2431 4676 2626 4733 itit-am.
2666 4687 2828 4725 omne
2867 4673 3065 4721 malum
3100 4670 3403 4728 declinans.

1828 4771 2043 4825 vindica
2102 4770 2198 4823 tibi
2258 4771 2556 4821 virtutem:
2607 4766 2750 4819 servi
2807 4762 3083 4821 fratribus,
3147 4768 3403 4829 tauquam

1828 4857 2082 4919 dominis,
2127 4864 2187 4909 ut
2244 4857 2442 4909 evadas
2500 4855 2705 4909 Christi
2762 4856 2992 4915 amicus,
3061 4854 3151 4920 qui
3204 4867 3299 4919 pro
3356 4860 3403 4905 te

1828 4947 1968 5000 servi
2024 4946 2253 5000 formant
2300 4945 2499 4998 induit.
2536 4944 2769 4999 Assidue
2813 4957 3055 5012 precare,
3094 4956 3161 4993 ne
3199 4944 3402 4993 incidas

1831 5037 1886 5091 in
1947 5039 2324 5090 tentationem.
2409 5036 2571 5100 Quod
2631 5035 2675 5089 si
2738 5034 3013 5096 incideris,
3073 5034 3121 5086 ci
3194 5032 3407 5085 fortiter

1830 5129 2062 5191 resiste;
2110 5137 2166 5183 et
2224 5142 2416 5181 rursus
2456 5142 2698 5197 precare,
2740 5141 2807 5179 ue
2866 5125 3159 5193 superet-is.
3220 5122 3274 5175 Si
3328 5127 3404 5175 sic

1830 5223 2003 5283 vivas,
2037 5235 2070 5273 ο
2110 5220 2328 5283 dilecte.
2366 5234 2475 5273 nou
2520 5218 2707 5288 procul
2740 5217 2937 5280 aberit,
2974 5215 3064 5285 qui
3100 5216 3191 5267 tibi
3243 5228 3401 5282 Opem

1832 5313 1989 5377 ferat,
2048 5320 2101 5366 et
2135 5312 2224 5380 qui
2280 5308 2420 5364 bello
2492 5310 2732 5379 appetito
2794 5308 2888 5361 tibi
2918 5308 2989 5360 sit
3050 5315 3401 5376 porrecturus

1832 5406 2138 5459 dexteram.
2182 5402 2316 5458 Cum
2376 5405 2490 5458 haec
2521 5405 2782 5457 suasisset
2816 5414 3007 5472 puero,
3061 5401 3300 5469 jucunde
3349 5401 3399 5453 in

1833 5498 1923 5552 Dei
1966 5512 2157 5549 manus
2194 5496 2413 5551 tradidit
2446 5495 2716 5567 spiritum.

1906 5686 2084 5743 XV'lll.
2125 5688 2193 5744 Et
2234 5704 2367 5759 puer
2398 5688 2614 5759 quidem
2652 5688 2835 5744 statim
2866 5687 3108 5759 lugebat,
3152 5698 3209 5741 et
3249 5688 3393 5758 plan-

1834 5780 2013 5851 gebat,
2051 5789 2106 5834 et
2126 5780 2512 5836 vociferatione
2547 5780 2705 5850 plena
2739 5788 2853 5834 erat
2889 5779 3237 5833 domuncula.
3273 5778 3397 5841 Qua

1831 5872 2122 5933 audierant
2179 5885 2358 5929 autem
2420 5874 2452 5928 ii
2512 5876 2605 5944 qui
2656 5874 2723 5928 ad
2786 5873 2890 5927 hoc
2962 5872 3112 5928 missi
3164 5871 3394 5929 fuerant.
