4150 6526
170 455 274 518 ω3

1277 455 1379 514 ΜΛ
1393 453 1736 516 RTYRIUM
1780 453 1838 514 S.
1884 452 2245 514 AUTONOM
2259 455 2307 515 I.

3302 448 3406 513 694

166 563 457 635 διατρίψας
499 563 672 634 αὐτῷ,
715 566 1036 635 καταρτίζει
1083 566 1181 635 μὲν
1212 564 1375 618 αὐτὸν
1421 566 1542 637 ταῖς
1600 565 1749 618 διδα-

1876 583 1980 621 tum
2012 566 2232 635 quidem
2258 565 2471 636 perlicit
2491 565 2774 622 doctrina:
2804 565 2900 621 Dei
2934 575 3112 621 autem
3177 570 3417 627 oratoria

170 656 420 719 σκαλίαις
445 674 458 687 ·
490 650 643 709 οἶκον
672 656 729 709 δὲ
759 655 897 709 Θεοῦ
928 655 1287 727 οἰκοδομήσας
1309 655 1617 727 εὐκτήριον,
1645 657 1751 711 Μι-

177 748 315 819 καὴλ
347 748 428 818 τῷ
455 748 566 803 τῶν
601 748 849 816 ἀγγέλων
898 748 1131 818 άρχηγῷ
1175 746 1623 816 καθωσιωμένον,
1645 764 1756 819 χει-

174 842 382 912 ροτονεῖ
431 840 522 893 τὸν
574 842 873 909 Κορνήλιον
924 842 983 894 ἐν
1033 839 1183 909 αὐτῷ
1226 841 1323 907 τῆς
1358 840 1630 903 διακονίας
1679 838 1755 908 τῷ

175 929 480 997 ἀξιώματι·
518 931 616 982 καὶ
683 928 833 998 αὐτῷ
886 928 1162 997 παραδοὺς
1220 928 1317 998 τὴν
1370 928 1478 982 τῶν
1543 929 1753 981 πιστῶν

176 1021 521 1089 ἐπιμέλειαν,
549 1021 641 1071 ἐπὶ
673 1020 772 1090 τήν
794 1019 1084 1073 Λυκαόνων
1109 1020 1206 1072 καὶ
1243 1017 1505 1088 Ἰσαύριην
1545 1020 1753 1079 ἐκεῖνος

175 1114 426 1181 ἀπαίρει,
461 1112 637 1183 κῆρυξ
662 1114 823 1164 κάκεῖ
852 1111 1103 1178 γενέσθαι
1144 1112 1243 1181 τῆς
1299 1111 1580 1173 εὐσεϐείας
1626 1128 1758 1181 προ-

174 1206 538 1277 Θυμούμενος.
576 1202 707 1260 Εἶτα
740 1205 896 1259 πάλιν
927 1203 1236 1258 επανελθὼν
1279 1204 1416 1273 πρὸς
1456 1204 1756 1274 Κορνήλιον

178 1299 275 1351 καὶ
301 1297 396 1350 τὸν
431 1298 842 1363 καταϐληθέντα
872 1296 1071 1364 σπόρον
1107 1294 1255 1364 αὐτῷ
1289 1298 1387 1363 τῆς
1432 1296 1758 1363 θεογνωσίας

178 1388 447 1459 πολύχουν
478 1389 856 1459 βλαστήσαντα
890 1387 1101 1457 καρπον
1133 1384 1406 1457 εὑρηκὼς,
1437 1386 1530 1437 ἐπὶ
1555 1383 1644 1436 τὸν
1662 1382 1758 1437 τοῦ

180 1481 562 1550 πρεσϐυτέρου
596 1473 804 1548 βαθμὸν
865 1480 1065 1535 εὐθέως
1101 1477 1315 1545 ἀνάγει.
1381 1477 1536 1529 ’Enal.
1566 1477 1623 1531 δὲ
1665 1477 1761 1529 καὶ

179 1570 567 1640 Διοκλητιανὸς
601 1570 679 1632 είς
719 1572 819 1635 τὴν
853 1569 1197 1640 Νικομήδους
1226 1569 1435 1639 Ιἥκοντα
1463 1568 1626 1635 ἔγνω,
1651 1569 1760 1621 πᾶν

182 1661 281 1730 μὶν
314 1662 473 1727 γένος
503 1660 872 1730 Χριστιανῶν,
897 1665 990 1715 καὶ
1014 1661 1238 1732 ἠλικίαν
1267 1661 1451 1715 πᾶσαν
1475 1661 1762 1731 ἐκτέμνειν

182 1749 575 1815 σπουδάζοντα,
616 1751 894 1818 ἐξαίρετον
945 1752 1003 1806 δέ
1049 1769 1171 1806 τινα
1207 1752 1306 1807 καὶ
1345 1751 1762 1823 μεμεριμνημέ-

180 1858 276 1911 νην
304 1842 403 1912 τὴν
431 1844 518 1894 ἐπ’
547 1844 858 1912 Αὐτονόμου
894 1844 1222 1912 ποιουμένην
1272 1843 1521 1914 ζήτησιν,
1581 1845 1672 1896 ἐπὶ
1703 1843 1764 1898 τὸ

180 1935 479 1988 Μαντίνιον
529 1936 621 1987 καὶ
673 1934 770 1999 τὴν
841 1932 1273 1986 Κλαυδιούπολιν
1308 1929 1461 1995 οὗτος
1513 1933 1763 2003 ἀπαίρει,

181 2027 393 2096 (πόλεις
427 2027 484 2081 δὲ
518 2021 676 2080 αὗται
726 2025 855 2094 περὶ
904 2025 996 2077 τὸν
1043 2025 1139 2078 τοῦ
1194 2024 1451 2089 Εὐξείνου
1516 2024 1765 2094 κείμεναι

182 2099 430 2186 Πόντου),
456 2115 733 2170 κάνταῦθα
775 2117 866 2167 τὸν
891 2115 1048 2185 λόγον
1078 2118 1179 2186 τῆς
1214 2117 1500 2181 εὐσεϐείας
1526 2117 1769 2171 διασπεῖ-

182 2230 278 2282 ραι
308 2211 675 2280 .βουλόμενος.
707 2211 792 2273 Ὠς
812 2211 867 2264 δὲ
899 2210 1034 2262 κατὰ
1061 2208 1184 2262 νοῦν
1212 2209 1360 2277 αὐτῷ
1386 2211 1559 2262 πάντα
1582 2227 1767 2276 συνερ-

179 2301 304 2372 γεία
330 2301 571 2370 Χριστοῦ
609 2300 972 2372 προσεχώρει,
1001 2295 1158 2361 αὖθις
1195 2299 1288 2352 ἐπὶ
1335 2300 1583 2368 Σωρεούς
1631 2301 1767 2352 ἀνα-

182 2391 407 2461 στρέψει
445 2392 537 2444 τὸν
589 2391 886 2462 Κορνήλιον
952 2393 1042 2444 καὶ
1097 2391 1194 2461 τὴν
1237 2391 1358 2444 κατ’
1418 2391 1581 2444 αὐτὸν
1645 2391 1769 2444 Ἐκ-

180 2484 414 2553 κλησίαν
496 2484 948 2553 ἐπισκεψόμενος.
1003 2483 1106 2534 Ἢν
1188 2482 1771 2536 πολυπλασιασθείσαν

184 2577 352 2631 πάλιν
383 2578 582 2647 εὑρὼν,
606 2577 697 2631 τὸν
746 2578 844 2645 μὲν
879 2573 1176 2642 Κορνήλιον
1211 2574 1288 2642 τῷ
1318 2574 1416 2641 τῆς
1461 2574 1769 2644 ἐπισκοπῆς

185 2666 466 2738 ἀξιώματι
494 2668 724 2720 τελειοίο
757 2666 919 2729 αὐτὸς
943 2664 999 2717 δὲ
1028 2663 1124 2736 τὴν
1166 2658 1429 2719 Ἅσιανῷν
1471 2664 1768 2735 ἐπέρχεται

186 2760 397 2830 χώραν,
427 2762 527 2821 τὰς
577 2759 673 2828 μὲν
724 2759 825 2827 τῆς
880 2759 1089 2826 πλάνης
1136 2757 1382 2820 ἀκάνθας
1442 2758 1770 2829 προρρίζους

189 2850 480 2931 ανασπῴν,
528 2850 725 2921 εὐσεϐῆ
753 2852 807 2904 δὲ
842 2852 1134 2921 σπέρματα
1159 2849 1463 2919 φιλοπόνως
1493 2851 1767 2904 καταϐαλ-

182 2944 440 3010 λόμενος.
478 2942 591 3009 Τῆς
640 2945 695 2996 δὲ
734 2942 886 3003 Θείας
915 2942 1136 3009 χάριτος
1176 2943 1286 3003 τοῖς
1320 2940 1626 3010 Λύτονόμον
1665 2942 1767 3009 ὀμ.

186 3033 441 3111 ϐρήμασι
468 3034 611 3086 πολὺ
632 3033 727 3099 τῆς
769 3031 1051 3092 εὐσεϐείας
1082 3030 1140 3084 το
1163 3031 1312 3099 λήϊον
1340 3029 1768 3098 άναδεικνύσης,

188 3129 287 3178 καὶ
318 3126 483 3177 πάλιν
520 3122 652 3189 πρὸς
671 3121 969 3191 Κορνήλιον
993 3122 1085 3174 καὶ
1118 3123 1216 3191 τὴν
1248 3120 1336 3172 ὐπ’
1363 3118 1512 3191 αὐτῴ
1535 3121 1769 3190 ποίμνην

1855 647 1970 713 aede
2000 658 2293 722 aediﬁcata,
2316 672 2440 729 qua
2467 657 2713 714 dedicata
2754 666 2838 714 est
2872 656 3115 712 Michaeli
3156 659 3418 729 principi,

1857 750 1911 803 in
1964 765 2026 804 ea
2081 748 2299 804 ordinat
2356 748 2674 804 Cornelium
2728 748 2990 815 dignitate
3054 749 3419 804 diaconatus:

1855 852 1910 896 et
1950 856 2071 895 cum
2106 841 2156 894 ci
2179 855 2368 895 curam
2401 840 2713 895 mandasset
2731 838 2994 904 ﬁdelium,
3059 839 3426 910 proﬁciscitur

1857 937 1909 990 in
1939 935 2264 1007 Lycaoniam
2293 945 2348 990 et
2381 934 2668 999 Isauriam,
2706 933 3025 989 desiderans
3059 932 3177 1001 ipse
3209 949 3426 1004 quoque

1858 1026 1973 1081 ﬁeri
2011 1042 2187 1096 przeco
2217 1026 2456 1096 pietatis.
2487 1025 2693 1080 Deinde
2715 1039 2969 1079 reversus
2997 1026 3062 1079 ad
3087 1024 3424 1086 Cornelium,

1857 1133 2118 1173 cumasc
2138 1118 2407 1187 d'ejectum
2476 1132 2664 1172 semen
2720 1117 3027 1171 invenisset
3096 1117 3419 1186 produxisse

1858 1212 2220 1280 multiplicem
2254 1209 2491 1264 fructum
2525 1208 2617 1263 Del
2648 1208 2999 1280 cognitionis,
3038 1226 3163 1263 eum
3225 1224 3417 1280 prove-

1860 1304 1941 1358 hit
1969 1303 2035 1357 ad
2065 1303 2290 1373 gradum
2320 1302 2751 1373 presbyteratus.
2786 1301 3076 1369 Postquam
3112 1312 3298 1356 autem
3326 1319 3420 1358 co.

1860 1394 2047 1464 gnovit
2112 1392 2513 1447 Diocletianum
2591 1391 2782 1446 venire
2863 1388 3251 1450 Nicmnediam.
3338 1394 3430 1463 qui

1860 1485 2291 1540 Christianorum
2320 1482 2539 1552 quidem
2579 1497 2741 1538 omne
2769 1497 2958 1553 genus,
2989 1493 3044 1538 et
3069 1492 3281 1539 aetatem
3312 1499 3434 1539 om-

1862 1589 1987 1628 nem
2021 1574 2278 1630 studebat
2302 1573 2643 1637 exscindere,
2684 1572 2953 1642 praecipue
2974 1581 3155 1627 autem
3173 1582 3227 1627 et
3248 1572 3435 1627 admo-

1864 1663 1995 1718 dum
2022 1663 2257 1719 sollicite
2282 1663 2564 1732 quaerebat
2618 1662 3015 1729 Autonomum,
3057 1664 3103 1718 is
3133 1663 3438 1734 enavigavit

1866 1755 2216 1819 Mantinium,
2244 1762 2301 1808 et
2321 1751 2722 1823 Claudiopolim
2750 1753 2901 1821 (sunt
2926 1762 3109 1807 autem
3171 1752 3253 1806 hac
3276 1752 3438 1807 urbes

1867 1849 2060 1918 posita:
2092 1848 2146 1902 in
2180 1855 2354 1916 ponto
2413 1845 2673 1916 Euxino),
2722 1845 2814 1901 hic
2863 1861 3080 1917 quoque
3171 1847 3442 1902 seminare

1868 1939 2100 1996 studens
2130 1938 2359 1993 verbum
2386 1937 2629 2008 pietatis.
2662 1935 2957 2007 Postquam
2989 1952 3141 1999 vero.
3188 1935 3298 1992 Deo
3341 1938 3440 1992 ad-

1864 2032 2109 2099 juvante.
2138 2029 2189 2083 ei
2220 2038 2612 2098 processerunt
2631 2028 2813 2083 omnia
2843 2044 2906 2083 ex
2920 2029 3217 2090 sententia,
3256 2044 3442 2081 rever.

1872 2123 2004 2176 titur
2031 2120 2096 2174 ad
2134 2118 2354 2177 Soreos.
2386 2119 2710 2174 visitaturus
2758 2117 3074 2173 Cornelium
3105 2126 3160 2172 et
3190 2116 3308 2186 ejus
3337 2118 3442 2172 Ec-

1869 2212 2112 2267 clesiam.
2144 2210 2317 2276 Quam
2340 2224 2464 2264 cum
2501 2225 2695 2264 rursus
2766 2209 3064 2264 invenisset
3112 2208 3444 2279 multiplica-

1871 2300 2327 2363 tam,Cornelimn
2358 2300 2580 2369 quidem
2612 2301 2677 2355 ad
2701 2300 3019 2371 dignitatem
3049 2302 3443 2370 provehitepi-

1870 2391 2168 2461 scopalem,
2201 2390 2317 2459 ipse
2354 2399 2536 2445 autem
2571 2391 2850 2461 regionem
2908 2389 3027 2444 obit
3092 2391 3443 2450 Asianorum.

1871 2482 2306 2553 errorisquidem
2347 2480 2534 2552 spinas
2562 2481 2803 2536 evellens
2837 2480 3120 2545 radicitus,
3144 2480 3231 2550 pia
3264 2488 3447 2534 autem

1872 2574 2083 2629 semina
2126 2574 2411 2645 diligenter
2444 2574 2731 2644 dejiciens.
2787 2573 2973 2629 Divina
3015 2583 3196 2627 autem
3269 2571 3445 2639 gratia

1871 2664 2140 2719 imbribus
2165 2664 2462 2718 Autonomi
2524 2663 2848 2718 nstcndrnte
2904 2677 3157 2732 magnam
3206 2671 3446 2731 segetem

1872 2756 2113 2826 pietatis,
2158 2755 2296 2810 redit
2316 2769 2508 2809 rursus
2534 2753 2601 2809 ad
2631 2753 2946 2811 Cornelium
2977 2762 3033 2808 et
3062 2754 3184 2823 ejus
3205 2769 3446 2825 gregem.

1873 2849 2027 2903 Illinc
2059 2846 2207 2903 venit
2237 2846 2478 2902 Limnas.
2526 2845 2622 2901 Est
2673 2858 2854 2903 autem
2922 2848 3012 2902 hic
3064 2848 3219 2902 locus
3279 2862 3449 2919 prope

1872 2942 2099 2996 Surcos.
2123 2940 2291 3010 Cujus
2316 2939 2652 2994 habitatores
2683 2955 2807 2994 cum
2842 2941 3051 2995 videret
3105 2939 3279 2994 teneri
3318 2956 3448 3007 pro-

1872 3033 2058 3088 fundis
2115 3031 2359 3084 tenebris
2410 3028 2756 3099 ignorantiae,
2799 3043 2895 3084 eos
2960 3042 3178 3098 quoque
3205 3028 3451 3083 ducitad

1873 3127 2052 3181 lucem
2093 3122 2406 3194 agnitionis.
2440 3120 2563 3174 Non
2588 3114 2815 3174 multum
2846 3128 3064 3190 tempus
3095 3120 3163 3174 ab
3211 3135 3282 3173 eo
3311 3136 3449 3173 con.

188 3220 288 3283 τὴν
306 3213 567 3267 ἐπάνοδον
598 3215 832 3266 ἐποιεῖτο
853 3231 866 3245 ·
899 3217 1159 3267 κάκεῖθεν
1193 3217 1251 3266 ὲν
1270 3215 1499 3280 Λίμναις
1528 3213 1760 3278 γίνεται.

1876 3228 2144 3288 sumptum
2175 3215 2278 3270 fuit
2299 3215 2366 3270 ad
2390 3230 2486 3271 eos
2525 3215 2580 3270 in
2603 3215 2742 3269 viam
2776 3210 3163 3274 deducendos.
3193 3211 3286 3281 qui
3318 3226 3453 3266 con-

192 3304 406 3374 Χωρίον
438 3305 495 3357 δὲ,
526 3303 680 3357 τοῦτο
710 3305 942 3375 Σωρεοίς
992 3305 1316 3371 πλησιάζον,
1340 3297 1400 3355 οὐ
1452 3305 1578 3364 τοὺς
1608 3304 1765 3370 οίκήο

189 3412 357 3468 τσρας
391 3395 549 3467 βαοεῖ
582 3397 757 3468 σκότῳ
793 3399 888 3466 τῆς
919 3397 1143 3465 ἀγνοίας
1164 3395 1574 3467 κρατουμένους
1604 3394 1771 3465 ὁρῶν,

190 3489 383 3559 ὁδηγεί
432 3491 530 3543 καὶ
561 3489 779 3554 τούτους
805 3490 939 3559 προς
960 3489 1019 3542 τὸ
1050 3489 1252 3557 φέγγος
1282 3489 1378 3554 τῆς
1403 3487 1774 3555 ἐπιγνώσεως.

1877 3310 2235 3363 vertebantur
2261 3326 2275 3361 :
2302 3307 2395 3362 scd
2427 3317 2483 3363 et
2512 3308 2662 3364 brevi
2696 3315 2920 3375 operata
2948 3313 3031 3361 est
3052 3305 3223 3375 gratia
3255 3304 3308 3357 in
3335 3304 3455 3358 ani-

1881 3415 2000 3456 mos
2024 3399 2441 3470 permultorum,
2473 3408 2530 3453 ct
2563 3399 2800 3452 salutare
2838 3397 3109 3466 baptisma
3162 3397 3451 3466 requiren-

1887 3499 1990 3555 tes,
2024 3504 2179 3550 sacro
2208 3489 2354 3562 gregi
2382 3488 2587 3544 Christi
2624 3496 2998 3545 accesserunt.

195 3586 308 3640 Καὶ
376 3587 438 3640 οὐ
490 3585 657 3642 πολὺς
687 3586 833 3655 αὐτῷ
887 3586 1077 3657 χρόνος
1123 3582 1264 3654 πρὸς
1315 3583 1416 3653 τήν
1467 3584 1694 3653 ὁδηγίαν
1739 3586 1849 3637 τῶν
1888 3586 2330 3655 ἐπιστρεφόντων
2396 3586 2674 3640 ἀνάλωτο·
2722 3585 2840 3640 ἀλλ’
2889 3588 2948 3638 ὲν
2995 3585 3191 3657 βραχεῖ
3242 3585 3311 3648 τὰ
3355 3586 3454 3654 τῆς

197 3680 425 3750 χάριτος
479 3682 557 3739 εἰς
590 3680 688 3742 τὰς
733 3679 841 3732 τῶν
882 3679 1144 3732 πλειόνων
1184 3675 1407 3747 ὶνήργει
1449 3675 1649 3749 ψυχὰς,
1705 3679 1801 3732 καὶ
1846 3677 1907 3731 τδ
1950 3679 2216 3750 σωτήριον
2255 3677 2538 3749 βάπτισμα
2590 3677 3001 3753 ἐπιζητοῦντες,
3058 3680 3126 3750 τῇ
3173 3680 3298 3751 ίερᾷ
3331 3678 3453 3732 ποί-

199 3786 312 3846 μνῃ
344 3772 589 3842 Χριστοῦ
629 3772 1031 3842 προσετίθεντο.

267 3863 343 3917 1”.
378 3864 599 3916 Τούτων
644 3862 822 3917 τοίνυν
848 3861 1124 3933 εὐμενείᾳ
1165 3862 1303 3915 Θεοῦ
1335 3864 1456 3916 κατ’
1483 3865 1648 3934 εὐχάς
1694 3866 1772 3934 τῷ

198 3957 443 4028 μάρτυρι
473 3953 859 4019 τελεσθέντων,
887 3955 1176 4027 συμϐαίνει
1202 3956 1328 4021 τούς
1357 3956 1451 4011 ἐπὶ
1494 3960 1562 4029 τῇ
1595 3956 1773 4030 πλάνῃ

194 4048 294 4119 τῆς
334 4046 595 4111 ἀσεϐείας
620 4048 1019 4119 κατεχομένους
1062 4051 1120 4103 ιν
1158 4048 1235 4120 τῷ
1268 4048 1560 4118 δηλωθέντι
1594 4051 1779 4121 χωρίῳ

197 4142 336 4197 κατά
364 4159 486 4196 τινα
521 4139 652 4209 παρ’
707 4140 889 4201 αὐτοῖς
933 4141 1250 4210 τιμωμένην
1293 4139 1547 4210 δαίμονος
1590 4142 1780 4212 ἑορτὴν

203 4233 438 4295 σπονδὰς
462 4233 580 4292 τοῖς
626 4227 866 4291 εἰδώλοις
920 4231 1276 4301 προσφέρειν,
1312 4233 1543 4284 κάκεῖνα
1581 4236 1775 4299 ποιεῖν,

197 4325 297 4378 ὅσα
350 4321 459 4377 ὐπὸ
506 4320 759 4390 πονηρῶν
795 4320 1062 4389 δαιμόνων
1113 4322 1565 4394 ἐκϐακχευθείσαι
1610 4324 1779 4396 ψυχαὶ

200 4416 533 4485 πράττουσι.
582 4412 765 4465 Ταῦτα
824 4411 1081 4478 πολλάκις
1122 4416 1171 4468 οί
1238 4417 1337 4484 τῆς
1399 4417 1493 4469 τοῦ
1543 4417 1780 4484 Χριστοῦ

200 4508 437 4575 ποίμνης
466 4504 703 4574 ὁρῶντες
732 4504 1010 4571 γινόμενα,
1046 4507 1152 4558 -καὶ
1203 4507 1351 4560 οείου
1406 4509 1779 4578 πιμπλάμενοι
1813 4493 1855 4548 ί)

199 4596 366 4664 ζήλου
404 4595 554 4665 (κατ’
591 4594 804 4663 ἐκείνην
836 4594 893 4647 δὲ
926 4595 1027 4663 τὴν
1064 4597 1278 4665 ἡμέραν
1320 4597 1417 4648 σῦν
1455 4599 1663 4656 πλείονι
1697 4616 1784 4651 τε-

198 4686 445 4756 λούμενα
476 4683 695 4757 λύσσῃ),
722 4684 855 4755 πρὸς
881 4685 1052 4756 ὀργὴν
1087 4687 1303 4741 δικαίαν
1322 4689 1658 4756 ἀνίστανται,
1685 4694 1780 4746 καὶ

194 4780 470 4850 ἀλλήλους
493 4780 1003 4850 παρακροτήσαντες
1025 4783 1210 4835 ἐπίασι
1229 4787 1369 4838 κατὰ
1384 4785 1494 4837 τῶν
1515 4786 1746 4839 είδώλων
1764 4802 1779 4817 ⁸

197 4873 293 4925 καὶ
323 4872 514 4924 πάντα
541 4871 703 4935 εὐθὺς
737 4874 1148 4943 συντρίψαντες,
1178 4877 1269 4928 καί
1296 4880 1375 4940 είς
1407 4876 1537 4946 χοῦν
1567 4878 1624 4930 οέ
1635 4893 1784 4946 μενοι

198 4964 296 5020 καὶ
327 4964 488 5014 κόνιν
522 4962 862 5016 ἐπεδείκνυον
890 4969 1002 5024 τοῖς
1051 4966 1372 5035 λατρευταίς
1413 4970 1643 5031 ἐκείνοις
1689 4969 1787 5038 τὴν

200 5057 312 5106 τῶν
371 5051 794 5121 λατρευομένων
842 5056 1150 5109 ἀσθένειαν.
1187 5056 1355 5110 Τοῦτο
1388 5060 1513 5121 τοὺς
1550 5059 1789 5128 Ἐλληνί-

199 5145 401 5211 ζοντας
452 5144 575 5197 τότε
621 5144 738 5213 μὲν.
765 5148 844 5207 είς
893 5145 1155 5217 ἔκπληξιν
1188 5150 1283 5201 καὶ
1319 5149 1435 5211 δέος
1486 5151 1666 5219 ἐνῆγε.
1697 5149 1789 5203 καὶ

199 5240 413 5308 (θρήνου
482 5237 684 5305 μᾶλλον
726 5236 758 5307 ἢ
793 5237 1125 5307 ἐκδικήσεως
1178 5240 1269 5293 τὸν
1303 5241 1491 5308 καιρὸν
1536 5241 1784 5311 ἡγοῦντο.

198 5328 552 5392 Φυλάξαντες
574 5328 630 5381 δὲ
668 5330 880 5401 ἡμέραν
933 5329 1053 5383 καθ’
1088 5331 1153 5400 ἦν
1180 5333 1207 5384 ό
1246 5331 1339 5386 τοῦ
1369 5332 1502 5386 Θεοῦ
1534 5336 1789 5404 Θεράπων

201 5420 528 5487 Αὐτόνομος
554 5419 889 5502 ἐλειτούργει
916 5420 981 5474 τὰ
1008 5422 1267 5490 μυστικὰ.
1293 5426 1384 5475 καὶ
1415 5424 1589 5488 ξύλοις
1612 5442 1669 5476 τε
1699 5429 1790 5477 καὶ

200 5515 457 5586 σιδήροις
488 5511 717 5572 ἕκαστος
771 5514 867 5583 τὴν
899 5512 1564 5578 δεξιάν-καθοπλίσαντες,
1592 5517 1789 5584 ἀθρόον

200 5605 618 5672 κατατρέχουσι
647 5601 740 5653 τοῦ
771 5605 825 5654 ὲν
858 5606 1091 5674 Σιορεοίς
1153 5606 1474 5675 εὐκτηρίυυ·
1520 5608 1613 5659 καὶ
1666 5609 1790 5683 τρέ-

201 5714 404 5751 πονται
441 5696 545 5764 μὲν
576 5696 700 5757 τοὺς
740 5701 1171 5767 παρατυχόνταε,
1199 5692 1275 5761 οἷς
1307 5699 1359 5751 ἑὲ
1393 5695 1536 5771 εἶχον
1580 5703 1640 5753 ἐν
1670 5718 1794 5772 χερ-

204 5791 291 5840 σὶν
361 5785 581 5846 ὅπλοις,
625 5786 715 5838 τὸν
766 5786 910 5837 ὅσιον
948 5787 1252 5855 ἀναιροῦσι,
1304 5789 1433 5861 παρ’
1487 5790 1655 5855 αὐτὴν
1694 5790 1790 5859 τὴν

205 5881 360 5950 ιιράιν
425 5878 708 5948 τράπεζαν
776 5895 866 5930 του
919 5879 1161 5945 αἵματος
1209 5880 1546 5949 ίκκνθίντος“
1594 5880 1784 5964 (bde

1945 3861 2029 3915 lll.
2056 3860 2193 3916 Cum
2211 3860 2327 3916 haec
2350 3876 2480 3932 ergo
2510 3861 2601 3918 Dei
2632 3860 2983 3930 benignitate,
3008 3868 3067 3915 ut
3086 3862 3307 3934 martyri
3333 3855 3453 3918 erat

1884 3954 1938 4008 in
1972 3955 2130 4019 votis,
2164 3954 2357 4011 eﬂ'ecta
2387 3964 2594 4019 essent,
2630 3955 2851 4017 accidit,
2896 3964 2955 4008 ut
2999 3955 3089 4023 qni
3125 3955 3456 4010 tenebantur

1886 4060 2074 4100 errore
2105 4045 2403 4117 impietatis
2439 4044 2493 4100 in
2527 4044 2675 4100 dicto
2700 4044 2844 4109 loco,
2887 4043 2943 4098 in
2984 4043 3223 4114 quodam
3250 4044 3456 4104 daemo-

1887 4138 1976 4193 nis
2000 4136 2161 4206 testo,
2192 4139 2335 4208 quod
2359 4142 2427 4193 ab
2448 4139 2529 4193 eis
2550 4137 2951 4202 celebrabatur,
2974 4136 3281 4192 simulacris
3296 4134 3457 4192 oti‘er-

1890 4239 2015 4285 rent
2045 4229 2331 4293 libamina,
2363 4241 2418 4286 et
2443 4246 2505 4285 ea
2540 4229 2785 4285 facerent
2832 4244 2994 4297 :quze
3028 4228 3235 4282 faciunt
3261 4229 3458 4283 animae

1886 4321 2071 4376 furore
2110 4324 2333 4391 percitae
2358 4338 2387 4377 a
2425 4322 2787 4378 daemonibus.
2851 4318 2974 4374 Haec
3029 4335 3172 4391 sape
3207 4320 3457 4376 videntes

1887 4413 2002 4467 ﬁeri
2023 4412 2057 4467 ii
2094 4412 2184 4482 qui
2226 4421 2386 4468 erant
2415 4413 2593 4484 gregis
2616 4413 2847 4475 Christi.
2877 4413 3149 4468 etdivino
3202 4411 3318 4469 zelo
3373 4427 3459 4467 re-

1886 4506 2390 4576 pleti,(illoantem
2458 4507 2547 4561 die
2599 4505 3002 4576 peragebantur
3074 4520 3201 4559 cum
3264 4506 3455 4575 majori

1886 4599 2056 4664 rabie)
2085 4599 2150 4654 ad
2179 4600 2381 4669 justam
2415 4600 2551 4654 iram
2585 4599 2901 4662 incitantur,
2944 4606 2998 4653 et
3019 4612 3078 4652 se
3105 4597 3340 4653 invicem
3361 4600 3458 4655 ad-

1887 4692 2108 4755 hortati,
2135 4692 2398 4746 invadunt
2426 4691 2713 4745 simulacra
2745 4701 2833 4746 :et
2857 4705 2981 4746 cum
3009 4692 3191 4746 omnia
3212 4691 3459 4761 protinus

1886 4783 2292 4843 contrivissent,
2327 4790 2382 4837 et
2415 4781 2469 4837 in
2493 4782 2770 4854 pulverem
2811 4792 2868 4839 et
2924 4784 3169 4838 cinerem
3224 4782 3459 4854 redegis-

1887 4882 2030 4938 sent,
2053 4874 2412 4931 ostenderunt
2438 4877 2541 4931 illis
2563 4875 2862 4931 cultoribus
2890 4875 3324 4930 imbecillitatem
3358 4890 3456 4929 eo-

1890 4981 2010 5020 rum
2050 4966 2144 5036 qui
2194 4967 2536 5022 colebantur.
2607 4963 2721 5019 Hoc
2748 4965 2978 5037 gentiles
3035 4972 3165 5020 tunc
3241 4965 3458 5033 quidem

1887 5067 2108 5127 stupore
2191 5055 2373 5111 atl‘ecit
2452 5064 2509 5110 et
2607 5066 2776 5120 metu,
2864 5065 2920 5110 et
2996 5056 3088 5124 qui
3194 5054 3459 5108 lamenta-

1891 5149 2053 5203 tionis
2080 5147 2258 5217 potius
2282 5161 2402 5201 esse
2431 5155 2649 5218 tempus
2678 5147 2963 5218 putabant,
2986 5160 3147 5215 quam
3183 5145 3457 5200 vindictm.

1889 5241 2024 5295 Cum
2101 5248 2282 5294 autem
2340 5241 2726 5295 observassent
2779 5239 2923 5293 diem
2952 5253 3063 5309 quo
3110 5237 3203 5292 Dei
3259 5252 3455 5290 servus

1895 5335 2235 5387 Autonomus
2282 5334 2566 5401 mysticum
2612 5330 2926 5385 celebrabat
2977 5327 3364 5394 ministerium,
3396 5327 3458 5381 li-

1891 5437 2105 5497 gnoque
2131 5432 2188 5476 et
2208 5423 2354 5476 ferro
2412 5430 2679 5478 armasset
2729 5420 3100 5489 unusquisque
3154 5419 3457 5482 dexteram,

1893 5524 2113 5581 repente
2138 5513 2295 5567 simul
2328 5514 2539 5567 irruunt
2563 5513 2615 5567 in
2651 5514 2974 5574 oratorium,
3032 5511 3177 5581 quod
3207 5522 3326 5565 erat
3355 5511 3459 5564 Su-

1894 5610 1999 5662 rcis
2029 5623 2042 5660 :
2073 5618 2129 5660 et
2177 5622 2270 5660 eos
2292 5608 2507 5676 quidem
2546 5613 2837 5660 vertuntet
2881 5603 3138 5666 fundunt,
3173 5605 3263 5674 qui
3306 5602 3459 5656 incc-

1894 5698 2086 5752 derant
2122 5698 2328 5753 :armis
2352 5708 2558 5763 autem,
2601 5712 2720 5765 quae
2745 5695 3022 5751 habebant
3061 5696 3114 5749 in
3179 5695 3454 5753 manibus.

1896 5800 2141 5845 sanctum
2190 5789 2540 5853 interficiunt,
2577 5790 2641 5844 ad
2693 5791 2864 5860 ipsam
2925 5805 3137 5845 sacram
3214 5799 3459 5842 mensam

1899 5883 2019 5940 fuso
2043 5885 2330 5955 sanguine,
2358 5899 2466 5954 quo
2496 5883 2655 5938 modo
2673 5883 2834 5953 prius
2860 5881 3023 5936 divini
3051 5878 3344 5940 Zachariae,
3369 5878 3464 5946 qui
