4150 6516
172 462 275 534 697

1200 452 1661 517 MARTYRIUM
1699 454 1759 514 S.
1796 452 2091 515 NICETE
2131 456 2391 516 GOTHL

3315 450 3424 515 698

170 577 329 635 αὐτὸς
363 570 668 645 βεδληκὼς,
700 570 958 643 αὐτόχειρ
1004 571 1213 641 γίνεται
1249 570 1345 624 τοῦ
1404 570 1742 641 Θηράματος.

1859 581 1971 624 rant
2005 572 2266 640 reliquite,
2293 572 2530 639 leporem
2557 586 2687 626 arcu
2746 570 2971 634 feriens,
3026 568 3263 640 prmdam
3325 582 3424 622 sua

172 663 304 719 Εἶτα
341 669 438 719 καὶ
481 666 619 719 ἄλλα
676 664 785 718 τῶν
845 664 1000 728 ζώων
1037 662 1333 735 Θηρεύσας,
1362 664 1629 726 ἐπάνεισι,
1653 662 1748 715 καὶ

1850 678 2015 715 manu
2041 665 2260 719 occidit.
2299 667 2499 721 Deinde
2533 681 2655 720 cum
2696 666 2859 719 etiam
2886 662 2989 717 alia
3030 674 3255 717 venatus
3280 666 3428 715 esset

169 758 312 825 ὁρῶν
360 757 431 810 δι’
489 756 700 827 ὀνείρου
734 756 826 809 τὸν
884 756 1138 826 μάρτυρα
1187 755 1633 825 προτρεπόμενον
1691 755 1749 807 ὲν

1859 755 2124 817 animalia.
2159 760 2468 817 revertitur.
2503 769 2556 812 et
2592 760 2647 812 in
2684 757 2893 812 somnis
2942 754 3091 810 videt
3131 761 3421 821 martyrem

169 848 247 916 τῷ
286 848 440 917 τόπῳ
482 840 635 914 ᾧπερ
686 848 846 917 ἔτυχε
885 850 974 899 τὸν
1021 846 1204 914 λαγὼν
1255 846 1520 917 θηράσας,
1547 844 1751 915 σκηνὴν

176 940 315 1009 πρὸς
341 939 558 1008 οἴκησιν
582 940 879 1006 πήξασθαι,
911 941 1136 991 κάκεῖσε
1164 938 1443 1009 διαμένειν
1473 939 1539 991 ἑκ
1568 938 1749 1005 γειτὸ-

167 1048 274 1082 νων
301 1029 597 1098 αὐτῷ.Τοῦ
635 1030 690 1083 δὲ
726 1032 920 1083 Θᾶττον
951 1030 1011 1082 τὸ
1049 1030 1477 1098 διατεταγμένον
1518 1028 1752 1081 ἀνύσαν-

170 1136 285 1181 τος.
313 1119 453 1188 μετά
475 1136 623 1180 τινας
650 1121 875 1188 χρόνους
910 1121 1321 1188 ἐμφανέστερον
1353 1120 1380 1170 ὁ
1418 1120 1750 1188 ἱερομάρτυς

171 1211 483 1275 ἐφίσταται,
512 1210 607 1263 καὶ
644 1210 789 1271 ὅστις
819 1210 906 1277 εἴη
937 1209 1198 1272 διδάσκει,
1226 1211 1321 1263 καὶ
1351 1210 1435 1262 ὅτι
1480 1210 1578 1279 τῆς
1615 1226 1753 1278 σκη-

172 1300 272 1368 νῆς
300 1301 464 1353 αὑτοῦ
505 1300 750 1354 κάτωθεν
791 1300 852 1352 τὸ
880 1300 1025 1371 ἱερὸν
1071 1303 1281 1354 ἐκείνου
1320 1300 1752 1371 τεθησαυρισθαι

171 1392 449 1460 λείψανον.
486 1392 542 1444 '0
569 1392 623 1443 δὲ
660 1392 1146 1462 στρατιώτης,οὒκ
1204 1394 1487 1447 ἀκίνδυνον
1538 1393 1749 1463 ήγησάο

175 1500 336 1550 μενος
382 1482 489 1536 τῶν
532 1482 717 1535 Θεόοεν
773 1484 924 1554 αὐτῴ
977 1486 1324 1554 μηνυθέντων
1369 1486 1468 1556 τὴν
1516 1488 1750 1556 σιωπὴν,

170 1573 312 1642 δῆλα
350 1575 529 1628 ταῦτα
571 1574 648 1644 τῷ
692 1570 1036 1646 βασιλεύοντι
1098 1578 1354 1648 καθιστᾷ.
1401 1577 1752 1641 ’Δναστάσιος

170 1665 226 1717 δὲ
267 1659 423 1727 οὗτος
453 1662 543 1736 ἦν,
564 1668 621 1731 ὃς
668 1669 913 1721 εὐσεϐεῖν
947 1670 1046 1739 μὲν
1069 1670 1325 1740 καθαρῶς
1348 1670 1449 1723 οὐκ
1474 1670 1748 1733 EGO-Siste,

172 1758 239 1809 τὰ
278 1757 339 1809 δὲ
372 1758 483 1810 τῶν
515 1760 757 1812 εὐσεδῶν
786 1761 1046 1823 πολλάκις
1094 1763 1545 1834 ὑποκρινόμενος,
1563 1766 1661 1833 τὴν
1695 1765 1753 1830 ἐξ

173 1848 479 1919 ἀνθρώπων
541 1852 754 1904 εὔνοιαν
802 1854 1060 1923 ἐθηρᾶτο.
1123 1855 1216 1907 Διὸ
1272 1856 1752 1919 κατασκευάζεται

174 1941 273 2010 μὲν
308 1942 439 2013 παρ’
472 1942 681 1995 ἐκείνου
714 1946 741 1996 ὁ
771 1945 865 1997 νῦν
896 1944 1148 2015 ἑστηκὼς
1206 1947 1501 2017 εὐκτήριος
1555 1945 1711 2010 οἶκος
1734 1965 1749 1979 ’

173 2036 544 2099 ὲγκαινίζεται
572 2036 628 2089 δὲ
662 2039 816 2107 παρὰ
850 2037 947 2090 τοῦ
981 2036 1101 2109 μετ’
1129 2038 1290 2092 αὐτὸν
1340 2039 1439 2109 τὴν
1473 2039 1753 2109 βασιλείαν

176 2127 476 2195 ἰθύνοντος,
536 2129 818 2183 Ἰουστίνου
866 2129 931 2201 δὴ
985 2131 1080 2185 τοῦ
1139 2130 1515 2200 φιλευσεδοῦς·
1550 2132 1606 2194 ὃς
1660 2132 1755 2184 καὶ

174 2220 350 2271 εἰσαεὶ
378 2222 647 2287 διαμένει,
671 2221 884 2276 πολλῶν
918 2222 1225 2291 ἀνθρώποις
1259 2223 1448 2277 κακῶν
1471 2221 1757 2293 ἐλευθερία

173 2311 475 2381 γινόμενος.
522 2312 610 2365 Ἐν
637 2314 849 2376 τούτοις
882 2315 983 2385 μὲν
1011 2311 1104 2369 οὗν
1145 2315 1209 2369 τὰ
1242 2318 1385 2371 κατὰ
1437 2318 1528 2370 τὸν
1585 2316 1757 2385 μέγαν

172 2402 483 2471 Αὐτόνομον
516 2404 855 2475 διηγήματα.
1075 2446 1081 2453 -

243 2496 335 2560 (ζ’.
370 2494 515 2561 Ἐγὼ
538 2496 616 2562 δὲ,
646 2499 883 2550 νικῶντα
916 2498 1007 2550 τὸν
1039 2498 1281 2568 ἀθλητὴν
1306 2499 1449 2568 δρῶν
1471 2500 1571 2569 τὴν
1598 2500 1759 2570 φύσιν

173 2588 266 2639 καὶ
307 2589 449 2657 μετὰ
486 2588 714 2642 Θάνατον
768 2591 904 2662 πρὸς
956 2590 1265 2659 δοξολογίαν
1312 2593 1445 2644 Θεοῦ
1482 2593 1760 2645 διανίστα-

177 2696 295 2746 μαι.
337 2678 646 2733 Ἐπιδαλὼν
672 2683 780 2753 γὰρ
826 2683 947 2736 τότε
979 2686 1076 2747 τὰς
1116 2685 1270 2754 ὄψεις
1317 2684 1394 2755 τῷ
1450 2685 1606 2755 τάφῳ
1662 2684 1757 2738 τοῦ

176 2773 552 2843 μάρτυρος,τὸ
580 2776 724 2843 ἱερὸν
757 2777 920 2830 αὐτοῦ
958 2778 1155 2847 σκῆνος
1207 2777 1543 2849 ἐθεασάμην,
1574 2780 1667 2831 καὶ
1691 2773 1759 2848 ἦν

175 2864 445 2931 ἀήττητον
472 2866 576 2917 ὑπό
602 2883 664 2932 γε
693 2868 790 2937 τῆς
817 2868 1000 2938 ίσχύος
1022 2868 1114 2920 τοῦ
1143 2869 1376 2922 θανάτου
1406 2871 1715 2940 μεμενηκός
1741 2889 1757 2903 ·

175 2955 202 3002 ὁ
235 2954 348 3019 γὰρ
399 2958 585 3006 πᾶσαν
639 2956 730 3007 τοῦ
798 2958 941 3020 ζώου
1001 2960 1101 3028 τὴν
1165 2958 1439 3028 σύμπηξιν
1475 2962 1760 3033 τριημέρῳ

175 3042 507 3113 διαστήματι
542 3045 693 3099 λύειν
726 3047 912 3117 αὐχῶν
949 3049 1123 3102 ἔτεσιν
1151 3051 1251 3121 ἤδη
1270 3052 1567 3116 διακοσίοις
1594 3057 1760 3123 τρίχα

174 3135 270 3187 τοῦ
301 3137 554 3203 γενναίου
586 3138 899 3211 διαφθεῖραι
932 3143 1031 3195 οὐκ
1060 3145 1301 3213 ἴσχυσενο
1326 3147 1440 3200 ἀλλ’
1468 3148 1502 3217 ἦ
1532 3164 1589 3199 τε
1616 3147 1759 3217 κόμη

1851 844 1898 897 ei
1927 846 2357 914 praecipientem,
2386 858 2445 902 ut
2472 850 2525 901 in
2546 848 2662 901 loco
2683 849 2734 900 in
2754 862 2862 915 quo
2881 854 2996 897 erat
3016 855 3247 898 venatus
3270 843 3422 910 lepo-

1854 952 1994 1000 rem,
2032 938 2441 994 tabernaculum
2483 941 2673 1010 ligeret
2704 940 2769 993 ad
2797 938 3179 999 habitandum,
3211 943 3263 988 et
3296 949 3426 1001 per-

1856 1040 2101 1084 maneret
2131 1030 2239 1084 illic
2269 1032 2316 1084 ei
2351 1031 2588 1085 vicinus.
2614 1032 2751 1084 Cum
2779 1031 2823 1083 is
2867 1038 3049 1082 autem
3086 1028 3198 1081 cito
3240 1023 3425 1095 perle-

1854 1118 2017 1173 cisset
2047 1119 2121 1183 id,
2149 1120 2294 1190 quod
2315 1121 2505 1189 jussus
2535 1124 2733 1178 fuerat.
2799 1126 2921 1189 post
2942 1118 3143 1187 aliquot
3175 1131 3349 1169 annos
3374 1113 3423 1167 ei

1853 1222 2055 1282 martyr
2086 1227 2312 1281 apparet
2347 1213 2677 1275 evidentius,
2721 1220 2776 1265 et
2817 1213 2999 1267 docet.
3060 1210 3308 1278 quisnam
3336 1208 3425 1265 sit.

1854 1316 1909 1359 et
1941 1306 2081 1374 quod
2112 1306 2211 1360 sub
2245 1306 2388 1359 illius
2418 1304 2771 1359 tabernaculo
2801 1303 3035 1357 condita:
3066 1309 3196 1354 sunt
3259 1313 3427 1351 sacrae

1854 1412 1964 1451 suae
1990 1398 2252 1467 reliquiae.
2277 1397 2428 1451 Miles
2462 1412 2594 1451 vero
2636 1412 2741 1449 non
2764 1410 2885 1449 esse
2917 1410 2943 1445 a
2970 1392 3217 1463 periculo
3251 1404 3431 1443 remo-

1856 1500 1969 1545 tum
2006 1492 2296 1545 arbitratus
2328 1506 2541 1552 eorum.
2567 1506 2690 1557 qua:
2745 1490 2849 1544 sibi
2903 1487 3169 1542 divinitus
3213 1481 3428 1552 signiti-

1854 1592 1976 1635 cata
2010 1582 2251 1641 fuerant.
2288 1584 2590 1644 silentium,
2626 1583 2739 1636 hanc
2762 1582 2939 1650 aperit
2974 1576 3288 1647 imperatori
3331 1589 3346 1637 ;
3382 1573 3431 1626 is

1854 1681 2037 1726 autem
2080 1676 2558 1736 eratAnastasius.
2626 1674 2717 1743 qui
2758 1673 2976 1726 nolebat
3030 1670 3247 1739 quidem
3299 1680 3435 1735 pure

1855 1778 1919 1820 ac
1943 1764 2156 1820 sincere
2200 1778 2320 1818 esse
2348 1766 2468 1835 pius
2502 1766 2798 1833 :pietatem
2834 1773 3015 1817 autem
3065 1777 3209 1830 saepe
3263 1760 3437 1812 simu,-

1858 1855 1994 1919 lans,
2024 1858 2275 1924 captabat
2326 1858 2612 1913 hominum
2659 1855 3115 1911 benevolentiam.
3152 1850 3435 1917 Quamob-

1857 1963 1971 2001 rem
2003 1948 2193 2003 abillo
2230 1950 2448 2018 quidem
2493 1951 2855 2013 construitur,
2928 1963 3048 2017 quae
3107 1960 3254 1999 nunc
3329 1952 3436 2005 est,

1855 2039 1998 2092 aedes
2024 2044 2294 2106 oratoria;
2326 2043 2611 2096 dedicatur
2644 2052 2825 2097 autem
2882 2042 2950 2095 ab
3002 2055 3088 2103 eo,
3158 2037 3249 2107 qui
3316 2046 3440 2104 post

1860 2131 2035 2201 ipsum
2068 2135 2279 2188 obtinet
2326 2135 2638 2204 imperium,
2714 2136 2822 2203 pio,
2870 2135 3119 2201 inquam,
3194 2128 3436 2183 Iustino.

1859 2225 1987 2291 Qtne
2016 2241 2161 2279 nunc
2183 2242 2404 2295 quoque
2438 2238 2747 2297 permanet,
2802 2236 2855 2280 et
2906 2225 2962 2277 in
3023 2238 3086 2277 ea
3132 2221 3438 2275 liberantur

1859 2318 2114 2376 homines
2140 2334 2168 2372 a
2209 2319 2392 2372 multis
2415 2322 2595 2372 malis.
2650 2321 2833 2387 Atque
2862 2318 2977 2371 lirec
3003 2315 3222 2385 quidem
3286 2319 3436 2375 sunt,

1859 2427 1979 2493 qua}
2003 2413 2070 2465 de
2095 2427 2290 2481 magno
2317 2421 2615 2469 narrantur
2630 2410 2963 2464 Autonomo.

1939 2501 2027 2559 γι.
2066 2502 2181 2572 Ego
2205 2512 2387 2557 autem
2414 2504 2607 2557 videns
2633 2504 2899 2558 athletam
2945 2501 3106 2555 etiam
3138 2507 3263 2569 post
3292 2511 3443 2551 mor-

1863 2605 1973 2650 tem
2007 2598 2319 2651 vincentem
2360 2605 2641 2656 naturam,
2684 2610 2920 2665 exsurgo
2948 2595 3013 2648 ad
3050 2594 3219 2648 Deum
3279 2588 3443 2662 glori—

1864 2689 2162 2750 ficandntn.
2200 2687 2454 2755 lnjiciens
2496 2689 2644 2742 enim
2704 2684 3201 2755 aliquandooculos
3247 2683 3300 2734 in
3364 2694 3446 2735 se-

1862 2781 2111 2850 pulcrum
2138 2779 2413 2848 martyris.
2445 2778 2630 2846 aspexi
2666 2792 2849 2832 sacras
2867 2779 2985 2845 ejus
3019 2774 3291 2842 reliquias.
3316 2785 3441 2838 qum

1862 2872 2075 2928 invicta:
2110 2880 2486 2925 manseranta
2554 2869 2746 2923 mortis
2802 2869 3027 2922 viribus.
3093 2865 3224 2932 Quze
3294 2863 3442 2917 enim

1863 2966 2174 3018 universam
2200 2963 2450 3021 animalis
2477 2961 2929 3031 compositionem
2952 2975 3009 3013 se
3034 2960 3194 3012 trium
3229 2955 3440 3009 dierum

1863 3058 2041 3127 Spatia
2074 3057 2339 3126 gloriatur
2366 3054 2775 3115 dissoluturam,
2805 3054 2914 3120 jam
2976 3049 3229 3105 ducentis
3284 3045 3443 3100 annis

1871 3165 1979 3205 non
2016 3148 2191 3203 valuit
2220 3145 2463 3209 prmclari
2495 3145 2639 3198 illius
2673 3145 2772 3198 viri
2826 3144 2909 3197 vel
2966 3144 3136 3213 pilum
3192 3152 3443 3194 corrum-

175 3228 277 3294 τῆς
306 3230 550 3301 κεφαλῆς
583 3231 811 3303 δαψιλὴς
845 3234 941 3287 καὶ
972 3234 1302 3303 ἀλύμαντος,
1330 3238 1356 3289 ὅ
1394 3255 1452 3290 τε
1497 3239 1597 3306 τῆς
1630 3256 1756 3307 μορ-

1864 3258 1997 3313 pere
2038 3259 2052 3295 ι
2089 3241 2183 3297 sed
2202 3249 2254 3295 et
2288 3254 2442 3297 coma
2478 3239 2678 3308 capitis
2707 3247 2791 3295 est
2822 3237 2989 3291 densa
3044 3245 3098 3289 et
3144 3233 3331 3294 illarsa,
3389 3238 3445 3283 et

176 3321 284 3389 φῆς
337 3326 631 3394 χαρακτὴρ
712 3326 1060 3395 συνεστηκὼς
1102 3328 1195 3378 καὶ
1248 3326 1530 3398 ἁλὼῢητος
1566 3331 1630 3398 τῇ
1663 3328 1760 3397 τῆς

174 3410 340 3480 δορᾶς
383 3416 636 3487 εὐτονίᾳ,
665 3419 802 3485 μηδὲ
835 3421 935 3481 τὰς
963 3420 1061 3490 τῆς
1097 3420 1311 3490 ὑπήνης
1336 3422 1529 3491 τρίχας
1555 3420 1765 3476 ἀποδα-

179 3504 309 3556 ὶώνσ
368 3507 582 3576 ἀνέῳγε
612 3510 668 3562 δὲ
699 3512 845 3581 αὐτῷ
894 3514 988 3565 καὶ
1018 3515 1046 3565 6
1077 3515 1186 3566 τῶν
1234 3515 1499 3583 ὀμμάτων
1540 3513 1762 3577 κύκλος.

178 3599 259 3650 Δι’
292 3592 367 3651 ὧν
422 3600 552 3667 ἐμοὶ
607 3600 782 3653 δοκεῖν
816 3606 910 3654 καὶ
959 3604 1235 3672 θεώμενος
1286 3608 1425 3657 αἰδοῖ
1470 3604 1563 3656 τοῦ
1596 3607 1762 3672 νόμον

176 3690 277 3758 τῆς
308 3690 592 3761 τελευτῆς,
614 3693 713 3763 τὴν
746 3694 958 3767 σιωπὴν
991 3698 1292 3768 προτιμᾷν.
1316 3698 1559 3770 Ἐστηκε
1583 3698 1638 3752 δὲ
1666 3699 1766 3751 καὶ

175 3781 204 3832 δ
236 3783 343 3846 πᾶς
372 3784 467 3837 τοῦ
504 3786 763 3855 σώματος
794 3789 963 3854 τύπος
991 3807 1005 3820 ο
1032 3792 1129 3861 τὴν
1177 3792 1315 3845 ἰδίαν
1352 3792 1634 3862 συντηρῶν
1668 3792 1766 3860 ἁρ-

181 3876 519 3942 μονίαν,καὶ
547 3876 673 3931 οὔτε
702 3882 803 3948 τῆς
845 3882 1088 3952 κεφαλῆς
1123 3884 1355 3946 οὐδόλως
1396 3885 1762 3954 ἀποῤῥαγεὶς,

175 3967 303 4017 οὒτε
334 3967 444 4018 τῶν
475 3968 684 4021 λοιπῶν
719 3974 925 4039 μορίων
950 3974 1049 4041 τὴν
1089 3974 1376 4028 διάστασιν
1416 3976 1721 4044 ὑπομείνας
1751 3989 1767 4009 ⁸

176 4057 323 4109 οὕτω
355 4061 464 4127 γὰρ
519 4059 547 4111 ὁ
584 4061 965 4134 μεγαλόδωρος
1010 4067 1215 4136 Κύριος
1261 4068 1630 4135 ἀντιδοξάζειν
1656 4067 1762 4123 οἶδε

175 4151 303 4213 τοὺς
334 4152 564 4216 οίκείοις
615 4155 780 4209 αὑτὸν
817 4157 1006 4227 μέλεσι
1048 4160 1268 4225 δοξάσαι
1325 4163 1758 4235 προελομένους·

176 4242 260 4295 ὅτι
287 4243 437 4317 αὐτῷ
466 4248 667 4318 πρέπει
701 4251 850 4302 πᾶσα
879 4252 1026 4317 δόξα,
1052 4252 1186 4323 τιμὴ
1222 4256 1316 4306 καὶ
1355 4253 1758 4325 προσκύνησις,

177 4336 275 4390 νῦν
305 4338 403 4392 καὶ
441 4341 552 4406 ἀεὶ,
588 4341 684 4393 καὶ
714 4342 794 4405 είς
831 4342 957 4406 τοὺς
986 4343 1207 4407 αἰῶνας.
1243 4343 1436 4415 Ἀμήν.

1862 3332 2051 3386 forma:
2090 3331 2373 3383 character
2408 3328 2660 3382 consistit
2688 3328 2920 3397 integer.
2976 3324 3119 3395 pelle
3192 3322 3344 3375 ﬁrma
3388 3325 3447 3373 et

1862 3424 2100 3487 intensa,
2133 3434 2200 3473 ne
2233 3418 2447 3475 amissis
2467 3419 2685 3485 quidem
2743 3419 2869 3486 pilis
2949 3415 3079 3468 labri
3123 3410 3441 3481 superioris.

1866 3517 1958 3569 Est
1987 3524 2167 3568 autem
2207 3512 2257 3565 ei
2298 3510 2446 3565 orbis
2471 3523 2692 3579 quoque
2721 3515 2946 3577 apertus
2969 3504 3278 3559 oculorum.
3341 3500 3444 3553 Per

1863 3620 2003 3677 quos
2025 3604 2259 3659 intuenti
2286 3602 2751 3663 mibividebatur,
2787 3602 2934 3669 quod
2994 3598 3167 3663 legem
3233 3601 3442 3649 tantum

1866 3698 2061 3756 mortis
2117 3696 2234 3766 ipse
2286 3694 2586 3757 reveritus,
2649 3692 2929 3746 silentium
2976 3690 3279 3745 simularet.
3325 3688 3445 3738 Stat

1865 3801 2045 3845 autem
2082 3788 2345 3842 universa
2370 3801 2591 3854 quoque
2618 3786 2788 3855 llgura
2821 3784 2940 3854 ejus
2982 3781 3231 3849 corporis
3286 3791 3443 3833 suam

1864 3892 2197 3935 conservans
2229 3889 2572 3945 compagem,
2615 3884 2671 3928 et
2699 3888 2801 3928 nec
2846 3874 2966 3943 ejus
2995 3873 3192 3940 capitis
3223 3878 3442 3937 ruptum

1864 3983 1949 4030 est
1988 3972 2211 4042 aliquid,
2236 3985 2339 4026 nec
2358 3970 2691 4039 reliquarum
2721 3966 2973 4038 corporis
3024 3966 3266 4035 partium
3305 3962 3446 4017 facta

1862 4078 1946 4121 est
1975 4066 2079 4118 ulla
2104 4080 2131 4117 a
2152 4079 2211 4118 se
2238 4062 2472 4115 invicem
2510 4060 2835 4128 disiunctio.
2858 4058 2949 4113 Sic
2978 4057 3127 4110 enim
3153 4055 3446 4109 munificus

1865 4153 2249 4213 Dominusscit
2301 4150 2549 4206 vicissim
2596 4149 2904 4221 gloriﬁcare
2983 4161 3105 4211 eos,
3170 4146 3262 4217 qui
3330 4145 3445 4201 suis

1860 4247 2121 4303 membris
2148 4245 2438 4300 voluerunt
2459 4257 2584 4296 eum
2612 4240 2918 4311 gloriﬁcare
2954 4255 2969 4293 :
3012 4240 3271 4308 quoniam
3313 4251 3443 4291 eum

1861 4342 2017 4394 decet
2039 4337 2227 4409 gloria.
2276 4337 2451 4389 honor
2485 4342 2541 4388 et
2585 4332 2856 4395 adoratio,
2920 4346 3069 4385 nunc
3107 4338 3163 4386 et
3204 4344 3442 4400 semper,

1860 4441 1914 4489 et
1934 4432 1988 4485 in
2011 4428 2233 4484 saecula.
2261 4428 2456 4481 Amen.

185 4586 3429 4640 Μ

377 4788 636 4941 DE
815 4785 1561 4945 SANCTO
1696 4783 2399 4938 NICETA

2568 4777 3239 4937 GOTHO

1107 5058 1454 5117 MARTYRE
1504 5060 1569 5116 IN
1623 5057 1881 5116 GOTHIA
1937 5055 2169 5116 ULTRA
2232 5053 2522 5113 ISTRUM.

1218 5221 1358 5281 (Acta
1380 5218 1469 5269 SS.
1511 5214 1631 5270 Boil.
1654 5218 1713 5268 ad
1740 5220 1873 5269 dlem
1907 5216 1960 5267 l5
1980 5216 2142 5279 Sept.,
2176 5222 2297 5269 tom.
2334 5215 2417 5278 ν.)

184 5370 471 5435 Celebris
505 5371 707 5434 sancti
738 5368 944 5431 cultus
991 5387 1003 5430 :
1053 5370 1229 5430 locus
1273 5376 1333 5428 et
1378 5373 1627 5443 tempus
1688 5364 1972 5442 martyrii
2023 5363 2439 5443 investigatur
2482 5380 2498 5443 :_
2536 5346 2840 5427 nonnulla
2898 5362 2973 5425 de
3021 5360 3439 5427 conversione

1083 5446 1431 5510 Gothorum
1465 5441 1790 5507 observata
1824 5441 2018 5505 {Acta
2048 5441 2565 5505 Grteca'edenda.

250 5788 293 5842 ι.
326 5788 575 5845 Celebris
604 5787 893 5844 admodum
939 5798 1021 5844 est
1059 5790 1219 5846 hodie
1267 5791 1409 5861 apud
1449 5791 1665 5847 Graecos
1701 5801 1755 5848 et
1787 5791 1830 5847 D
1858 5792 2040 5856 Gothi,
2097 5794 2166 5849 de
2205 5810 2311 5865 quo
2370 5793 2631 5849 Barouins
2677 5794 2731 5849 in
2766 5790 3141 5863 Martyrologio
3188 5788 3433 5849 Romano

187 5884 437 5940 Moschus
498 5883 676 5939 cultos
737 5884 907 5938 sancti
970 5884 1171 5941 Niceno
1238 5885 1486 5939 martvris
1536 5886 1755 5944 natione

1867 5888 1939 5945 ita
1981 5884 2222 5944 meminit
2274 5906 2284 5940 :
2327 5885 2553 5941 «Eodem
2607 5886 2695 5941 die
2756 5886 2926 5941 sant-ti
2994 5883 3191 5940 Nicetae
3248 5885 3429 5952 Gothi,
