4150 6466
707 430 819 495 699

1941 415 2222 477 MENSIS
2268 408 2741 474 SEPTEMBER;

3867 400 3970 459 700

710 539 803 610 qui
836 537 904 592 ab
932 532 1270 588 Athanarico
1325 548 1450 604 rege
1497 531 1569 586 ob
1610 529 1935 584 catholicam
1972 530 2131 583 fidem
2179 528 2298 597 jus-
2328 529 2377 590 Α
2406 526 2735 594 impressum
2802 528 2886 576 est
2932 521 2985 574 iu
3044 516 3308 574 Thesauro
3353 515 3741 585 Autiquitutum
3794 513 3970 567 Italic

712 646 805 685 sus
828 637 909 683 est
942 626 1065 698 igne
1096 626 1366 681 comburi.
1406 622 1626 677 iPetrus
1658 621 1724 676 de
1767 620 2066 684 Natalibus,
2103 619 2199 673 lib.
2234 634 2291 685 v,

711 737 811 790 cap
840 720 913 784 ,4,
967 718 1202 788 elogium
1262 716 1544 771 contexuit
1594 729 1661 767 ex
1704 713 1850 767 Actis
1897 711 2034 765 infra
2082 711 2297 774 dandis.

714 812 809 865 sed
846 827 954 864 non
989 812 1105 863 sine
1150 809 1430 863 erroribus
1474 806 1697 874 aliquot,
1738 814 2069 872 mortemque
2099 804 2297 867 sancti,

715 919 871 971 quem
897 901 1147 957 Nicetum
1172 911 1349 960 vocat,
1385 900 1500 953 fixit
1536 899 1604 952 25
1634 896 1779 951 Maii.
1818 897 1952 951 Hinc
1982 896 2210 961 factum,
2240 907 2298 950 ut

717 993 1000 1047 Grevenus
1038 992 1241 1060 aliique
1289 990 1440 1059 pauci
1491 988 1832 1059 martyrologi
1891 987 2161 1046 Nicetum,
2207 998 2299 1040 aut

718 1082 897 1150 potius
930 1081 1192 1145 Nicetam,
1230 1081 1296 1133 ad
1338 1079 1408 1132 25
1436 1077 1557 1131 Maii
1602 1079 1713 1130 suis
1743 1076 1919 1131 FaStis
1944 1076 2294 1130 inseruerint.

720 1175 818 1226 Alii
864 1184 1040 1227 tamen
1099 1171 1275 1225 Latini
1338 1186 1460 1225 cum
1506 1169 1718 1223 Molano
1754 1179 2001 1223 sanctum
2056 1169 2295 1222 Nicetam

722 1264 882 1318 hodie
913 1273 1305 1318 metnorarunt.
1342 1263 1698 1330 Autiquiores
1733 1261 2076 1330 martyrologi
2121 1260 2298 1314 Latini

721 1365 970 1409 sanctum
1012 1356 1157 1408 hunc
1209 1355 1522 1425 ignorarunt
1555 1372 1567 1407 :
1601 1356 1693 1407 sed
1723 1352 1896 1405 Graeci
1941 1333 2132 1421 magno
2164 1367 2297 1404 con-

718 1460 904 1507 sensu,
931 1453 985 1497 et.
1026 1460 1148 1496 cum
1184 1443 1268 1497 his
1311 1443 1512 1497 Moschi
1561 1452 1810 1497 sanctum
1853 1441 2092 1494 Nicetam
2144 1440 2300 1494 hodie

718 1534 1015 1591 celebrant,
1067 1544 1124 1586 ut
1176 1550 1426 1604 magnum
1462 1544 1777 1603 martyrem,
1827 1533 1892 1584 de
1936 1548 2042 1600 quo
2070 1531 2299 1584 ofﬁcium

718 1623 1150 1678 ecclesiasticum
1186 1625 1375 1678 eodem
1406 1625 1495 1677 die
1526 1623 1893 1692 peragendum
1926 1623 1977 1675 in
2011 1622 2165 1675 libris
2199 1636 2296 1675 eo—

720 1732 836 1769 rum
866 1717 1150 1770 ritualibus
1182 1717 1572 1786 praescribitur.
1606 1716 1658 1769 ln
1691 1715 1988 1785 Menologio
2011 1715 2298 1769 Sirletiano

722 1809 824 1863 hoc
852 1810 1028 1863 sancti
1072 1810 1274 1863 Niceten
1301 1810 1459 1863 datur
1486 1811 1720 1879 elogium
1756 1824 1770 1860 :
1803 1806 2287 1859 «Commemoratio

2403 626 2537 671 tom.
2575 632 2605 668 v
2645 621 2786 683 part.
2837 628 2895 667 tt.
2940 612 2996 666 In
3043 610 3135 665 illo
3189 610 3331 663 enim
3374 616 3632 661 tractatur
3665 606 3735 660 de
3769 604 3973 673 templo

2401 708 2456 762 S.
2520 705 2746 770 Nicolai,
2826 702 3077 773 parochia
3143 701 3575 771 presbyterorum
3635 700 3689 752 in
3755 698 3974 765 regione

2402 798 2552 850 Dorsi
2598 797 2739 859 duri,
2800 803 2960 862 atque
2996 792 3047 845 in
3080 792 3187 844 fine
3230 791 3469 844 dicitur:
3512 788 3610 841 Hic
3648 788 3824 841 sancti
3865 788 3970 838 Νί-

2400 900 2531 943 cctze
2562 902 2757 957 corpus
2785 887 3013 954 aliaeque
3044 894 3355 936 sanctorum
3392 880 3636 948 reliquiae
3671 878 3968 930 habentur.

2469 981 2557 1034 ιν.
2601 980 2751 1045 Quod
2784 988 2991 1048 spectat
3019 978 3084 1030 ad
3121 986 3354 1043 tempus,
3391 988 3497 1041 quo
3550 980 3776 1025 sanctus
3814 970 3972 1023 Nice-

2403 1081 2483 1127 tas
2509 1071 2765 1140 martyrio
2789 1079 3079 1125 coronatus
3106 1080 3207 1132 est,
3231 1066 3358 1120 illud
3382 1075 3674 1131 utcumque
3706 1061 3970 1130 assignari

2398 1175 2578 1236 potest
2616 1180 2677 1217 ex
2716 1174 2978 1232 tempore,
3035 1177 3144 1231 quo
3189 1160 3487 1215 Gothorum
3521 1152 3778 1228 piinceps
3810 1159 3974 1211 Atha-

2400 1260 2618 1313 naricus
2654 1256 3088 1325 persecutiooem
3125 1255 3293 1307 movit
3324 1253 3583 1307 adversus
3608 1250 3969 1305 Christianos.

2399 1352 2479 1404 De
2534 1364 2819 1403 numerosa
2874 1345 3174 1400 Gothorum
3230 1353 3525 1420 martyrum
3584 1344 3759 1396 classe
3807 1342 3871 1395 ad
3906 1342 3973 1394 96

2400 1440 2575 1494 Martii
2632 1439 2737 1507 egit
2789 1438 3186 1506 Papebroehius
3259 1445 3442 1489 noster
3505 1435 3745 1488 breviter
3792 1434 3973 1486 admo—

2399 1533 2549 1586 dum.
2577 1530 2843 1583 Prolixius
2870 1539 2923 1582 et
2951 1528 3257 1583 accuratius
3289 1528 3354 1579 de
3387 1536 3574 1580 sancto
3603 1525 3744 1583 Saba
3773 1523 3971 1579 Gotho.

2402 1623 2453 1677 in
2487 1623 2672 1675 eadem
2708 1637 2923 1690 qttoque
2954 1621 3331 1689 persecutione
3372 1632 3554 1686 passo,
3586 1617 3730 1669 idem
3780 1618 3886 1685 egit
3912 1615 3972 1667 ad

2400 1716 2464 1770 19.
2497 1715 2712 1782 Aprilis,
2754 1731 2860 1783 quo
2902 1714 3115 1767 occisus
3183 1720 3263 1765 est
3293 1725 3434 1764 anno
3460 1709 3585 1761 379..
3626 1708 3833 1761 Eodem
3867 1708 3973 1761 for-

2402 1822 2498 1861 san
2533 1822 2698 1867 anno,
2736 1815 2881 1858 certe
2920 1820 3021 1858 non
3058 1803 3240 1856 multis
3286 1802 3443 1854 annis
3482 1799 3643 1855 citius
3674 1810 3767 1851 aut
3804 1800 3977 1853 serius

720 1902 892 1956 sancti
929 1904 1180 1971 martyris
1203 1901 1423 1965 Nicetae,
1458 1904 1547 1969 qui
1577 1901 1677 1955 sub
1710 1900 1938 1969 imperio
1962 1897 2299 1952 Constantini
2336 1884 2375 1938 Β
2408 1907 2700 1951 coronatus
2728 1906 2809 1949 est
2840 1905 3059 1947 sanctus
3105 1893 3338 1946 Nicetes.
3372 1890 3547 1944 Locus
3580 1890 3827 1957 martyrii
3883 1890 3977 1940 fuit

722 1995 893 2063 Magni
943 2003 1119 2056 natus,
1153 2004 1315 2062 atque
1356 1993 1621 2048 educatus
1660 1993 1712 2046 in
1750 1996 1968 2060 regione
2001 1989 2298 2044 Gothorum

725 2087 861 2139 ultra
892 2085 1217 2147 Danubium,
1255 2098 1358 2137 non
1393 2083 1833 2138 communiCabat
1874 2097 1994 2133 cum
2026 2079 2296 2147 Barbaris,

723 2178 817 2229 sed
850 2191 973 2228 cum
1002 2176 1129 2227 viris
1163 2176 1263 2243 piis
1288 2173 1455 2226 Deum
1481 2174 1806 2235 colentibus,
1838 2172 2063 2225 edoctus
2093 2170 2299 2225 Christi

725 2271 881 2323 fidem
920 2285 946 2320 a
988 2268 1335 2321 sanctissimo
1368 2268 1624 2335 episeopo
1656 2266 1953 2319 Gothorum
1981 2266 2300 2334 Theophilo,

723 2363 1151 2427 comprehensus
1188 2360 1254 2413 ab
1299 2359 1595 2413 Athanasio
1627 2358 1763 2426 (lege
1795 2357 2121 2410 Athanarico
2163 2357 2307 2423 prin-

724 2453 842 2520 cipe
904 2461 1124 2519 propter
1182 2451 1508 2502 Ghristianir.
1577 2448 1699 2501 fidei
1766 2447 2180 2515 professionem,
2253 2457 2304 2501 et

727 2544 911 2596 multis
1006 2541 1289 2598 tormentis
1352 2541 1646 2599 cruciatus.
1726 2540 1846 2608 igne
1934 2548 2305 2608 consumptus,

728 2641 1142 2687 consummatus
1184 2640 1285 2684 est.
1330 2651 1347 2681 ι
1379 2629 1692 2683 Consonant
1722 2628 1943 2682 omnino
1980 2626 2181 2681 Menaea
2212 2629 2307 2681 im-

730 2735 934 2794 pressa,
974 2726 1060 2777 ubi
1096 2740 1291 2776 nomen
1328 2719 1666 2785 Athanarici,
1708 2736 1803 2790 pro
1826 2737 1932 2788 quo
1963 2721 2047 2775 hic
2088 2721 2308 2775 mendo-

727 2832 786 2868 se
820 2814 1148 2867 Athanasius
1175 2812 1384 2881 legitur.
1415 2822 1561 2865 recte
1582 2821 1664 2863 est
1692 2825 2032 2878 expressum.

800 2906 863 2958 ll.
917 2904 972 2958 ln
1026 2905 1326 2973 Menologio
1379 2904 1648 2955 Basihano
1697 2905 1829 2955 Acta
1893 2900 2065 2954 sancti
2112 2898 2310 2955 Nicetaa

728 2998 1055 3068 compendio
1092 3005 1462 3063 exponuntur.
1502 2995 1634 3048 Nam
1682 3005 1805 3064 post
1846 2994 1983 3047 hanc.
2018 2994 2308 3047 annuntia-

731 3092 955 3152 tiouem,
994 3088 1312 3142 «Certamen
1353 3089 1525 3141 sancti
1555 3087 1731 3156 magni
1765 3086 2018 3154 martyris
2049 3084 2303 3146 Nicetae,»

736 3184 985 3251 sequitur
1011 3180 1248 3249 elogium
1282 3180 1352 3233 ita
1387 3191 1714 3246 conceptum
1742 3195 1754 3229 :
1791 3177 2056 3231 «Nicetes.
2093 3177 2314 3244 przecla-

731 3285 825 3322 rus
890 3269 1090 3322 Christi
1151 3277 1375 3336 martyr,
1428 3266 1529 3319 fuit
1592 3267 1894 3334 imperante
1952 3265 2311 3319 Constantino

730 3358 940 3431 Magno,
982 3373 1178 3428 genere
1212 3357 1442 3421 Gothus,
1502 3357 1781 3411 nobilitate
1848 3370 1909 3410 ac
1942 3356 2143 3410 divitiis
2173 3357 2317 3410 inter

732 3453 1021 3523 populares
1053 3467 1181 3507 suos
1222 3450 1441 3512 florens,
1475 3465 1504 3503 a
1547 3449 1854 3518 Theophilo
1892 3449 2313 3517 religiosissima

731 3545 941 3598 Gothize
987 3543 1242 3620 episcopo
1297 3539 1454 3591 (idem
1514 3540 1759 3592 edoctus.
1808 3538 1943 3591 Cum
2021 3548 2200 3591 autem
2262 3537 2316 3589 in

734 3639 868 3691 duas
896 3635 1159 3689 lactiones
1196 3642 1304 3686 tota
1366 3627 1670 3683 Gothorum
1712 3645 1845 3697 gens
1894 3630 2062 3683 scissa
2100 3628 2315 3685 fuisset.

733 3742 895 3800 atque
928 3741 1153 3797 utraque
1198 3743 1354 3782 suum
1382 3722 1485 3779 sibi
1521 3725 1822 3793 principem
1870 3731 2143 3785 creasset;
2187 3736 2317 3776 con-

734 3823 1026 3894 fugitalter
1048 3821 1354 3889 principum
1385 3820 1450 3873 ad
1486 3818 1851 3872 Romanorum
1883 3816 2265 3884 imperatorem
2296 3832 2308 3868 :

735 3917 827 3985 qui
876 3930 999 3968 cum
1046 3922 1293 3982 suscepta
1330 3913 1383 3965 in
1418 3911 1701 3966 contraria:
1735 3907 1984 3961 factionis
2030 3916 2315 3977 tyranuum

736 4005 1102 4074 expeditione,
1139 4003 1402 4071 insignem
1435 4016 1497 4055 ex
1540 4015 1607 4053 eo
1643 4004 1977 4066 reportasset
2007 3994 2314 4061 victoriam,

737 4097 1051 4163 Gothosque
1082 4093 1403 4163 subegisset,
1440 4105 1505 4143 ex
1561 4105 1627 4142 eo
1689 4098 1929 4155 tempore
1963 4100 2132 4155 genus
2160 4083 2316 4135 Chri-

740 4187 1042 4239 stianorum
1098 4182 1241 4234 inter
1284 4180 1490 4235 Gothos
1524 4176 1935 4246 multiplicatum
1968 4187 2070 4229 eSt.
2114 4172 2316 4227 Horum

742 4277 951 4347 primus
989 4283 1210 4328 sanctus
1240 4273 1456 4327 Nicetas
1484 4272 1605 4335 fuit,
1631 4270 1721 4340 qui
1750 4281 1805 4324 et
1828 4284 2039 4322 summa
2066 4268 2317 4322 libertate

742 4370 1107 4423 Christianam
1159 4369 1319 4420 fidem
1355 4368 1555 4435 populo
1594 4364 1975 4419 annuntiabat.
2016 4362 2121 4415 Sed
2169 4369 2317 4429 post-

743 4478 904 4528 quam
978 4474 1230 4512 reversus
1271 4469 1355 4513 est
1402 4459 1711 4528 imperator,
1756 4453 1918 4511 Gothi
1960 4452 2200 4507 infideles
2237 4450 2321 4503 fu-

747 4567 865 4605 rore
898 4552 1107 4621 perciti,
1156 4560 1425 4605 commota
1462 4552 1513 4602 in
1546 4550 1884 4603 Christianos
1915 4546 2313 4614 persecutione,
2353 4543 2394 4597 ῐ)

745 4646 877 4698 alios
911 4646 1127 4711 quidem
1160 4643 1316 4695 aliter
1350 4650 1557 4694 torsere
1579 4679 1593 4703 ,
1638 4636 1880 4692 Nicctam
1938 4645 2118 4687 autem
2176 4634 2314 4684 mul-

747 4732 1020 4799 tiplicibus
1068 4730 1347 4798 suppliciis
1390 4730 1753 4784 excruciatum
1805 4726 1912 4798 igni
1962 4724 2252 4778 tradidere.
2295 4742 2311 4771 ι

751 4825 1020 4877 Hactenus
1044 4823 1406 4891 Menologium
1434 4821 1563 4875 satis
1589 4831 1753 4874 recte.

820 4914 909 4969 Ill.
955 4915 1026 4968 De
1062 4914 1414 4967 translatione
1443 4913 1686 4982 corporis
1720 4910 1890 4964 sancti
1922 4907 2122 4962 Nicone
2157 4907 2315 4961 Gothi

751 5018 913 5076 agunt
947 5008 1078 5061 Acta
1110 5005 1339 5068 edenda,
1380 5005 1549 5073 iisque
1592 5006 1867 5058 consentit
1898 5000 2090 5055 Petrus
2123 5001 2189 5054 de
2222 4998 2321 5051 Na-

759 5098 959 5152 ralihus
998 5100 1105 5167 jam
1156 5098 1428 5151 laudatus.
1461 5096 1757 5161 Utrobique
1790 5095 1950 5148 etiam
1983 5092 2197 5162 legitur,
2230 5106 2319 5143 ee—

753 5193 972 5246 clesiam
1028 5199 1215 5244 sancto
1266 5190 1583 5244 aediﬁcatam
1616 5202 1735 5241 esse
1766 5184 2107 5254 Mopsuestiae
2152 5184 2205 5235 in
2238 5180 2321 5235 Ci-

753 5286 896 5348 licia,
933 5298 1041 5351 quo
1086 5296 1299 5335 sacrum
1348 5295 1543 5348 corpus
1574 5288 1689 5334 erat
1723 5278 1981 5331 delatum.
2016 5275 2181 5327 Addit
2229 5272 2323 5323 dc—

758 5377 882 5428 imle
911 5374 1103 5427 Petrus
1131 5374 1199 5427 de
1245 5371 1567 5425 Natalibus:
1608 5390 1624 5420 ‹
1657 5368 1788 5423 Post
1822 5365 2082 5433 temporis
2132 5364 2326 5416 decur—

758 5482 874 5521 sum
904 5480 1101 5534 corpus
1150 5466 1325 5533 ipsum
1362 5461 1617 5516 Venetias
1672 5462 2019 5521 translatum,
2049 5456 2326 5523 quiescere

756 5562 953 5614 dicitur
990 5560 1042 5612 in
1071 5557 1301 5618 ecclesia
1337 5556 1393 5608 S.
1428 5554 1653 5609 Nicolai.
1690 5574 1708 5603 ι
1751 5551 1819 5603 De
1856 5563 2084 5615 corpore
2115 5544 2315 5599 ibidem

758 5661 971 5706 servato
1009 5650 1330 5717 astipulatur
1363 5646 1616 5699 Nicolaus
1675 5641 1912 5711 Deglioni
1968 5638 2021 5690 in
2069 5634 2327 5703 opusculo

764 5744 945 5795 italico
982 5742 1042 5793 de
1065 5737 1395 5793 Notabilibus
1428 5736 1567 5789 urbis
1609 5735 1812 5788 Veneta:
1840 5732 1935 5786 lib.
1969 5745 2002 5782 tt
2038 5744 2155 5798 pag.
2191 5726 2326 5789 διεὶς

771 5836 844 5887 uti
878 5843 927 5889 et
967 5834 1283 5903 Opusculum
1328 5830 1577 5883 Latinum
1612 5830 1669 5882 dc
1708 5830 1839 5887 Urbe
1898 5824 2114 5885 Veneta,
2181 5818 2323 5887 quod

2405 1991 2456 2043 in
2485 1989 2689 2043 ditione
2726 1986 3045 2041 Gothorum.
3092 1983 3230 2035 ultra
3265 1981 3562 2034 Danubium
3603 1989 3731 2032 tune
3767 1977 3971 2045 degen-

2406 2081 2558 2135 tium.
2596 2080 2787 2133 Nescio
2833 2093 2983 2141 sane,
3013 2091 3121 2146 quo
3155 2074 3427 2127 memoria:
3456 2073 3608 2141 lapsu
3637 2070 3975 2123 Castclianus

2405 2174 2457 2227 in
2487 2173 2861 2243 Martyrologio
2914 2167 3205 2223 universali
3258 2165 3322 2218 ad
3358 2166 3677 2234 marginem,
3716 2173 3771 2216 et
3811 2162 3862 2213 in
3897 2160 3977 2212 in-

2404 2264 2543 2325 dice,
2576 2274 2764 2316 notare
2789 2261 3046 2331 potuerit,
3079 2271 3247 2327 prope
3284 2255 3667 2323 Mopsuestiam
3703 2254 3756 2305 in
3780 2252 3970 2306 Cilicia

2406 2355 2640 2409 occisum
2674 2368 2793 2407 esse
2838 2360 3105 2410 sanctum,
3157 2347 3260 2400 nisi
3310 2347 3508 2409 locum,
3546 2344 3610 2398 ad
3660 2359 3823 2412 quem
3857 2358 3977 2397 cor.

2407 2461 2509 2514 pus
2551 2443 2868 2497 translatum
2903 2450 3004 2502 esr,
3043 2454 3165 2492 cum
3199 2437 3314 2490 loco
3366 2434 3602 2505 martyrii
3644 2433 3975 2488 confuderit.

2406 2536 2562 2591 Nulla
2606 2536 2751 2590 enim
2792 2543 2875 2587 est
2914 2532 3072 2593 ratio,
3099 2547 3196 2585 cur
3246 2530 3516 2591 dicamus,
3568 2529 3811 2580 occisum
3863 2540 3979 2578 esse

2410 2628 2667 2682 Sanctum
2699 2634 2848 2678 extra
2875 2624 3133 2676 ditionem
3184 2618 3495 2673 Athanarici
3543 2617 3847 2670 Gothorum
3893 2630 3978 2667 re-

2409 2719 2507 2787 gis,
2546 2731 2665 2782 qua:
2723 2715 2989 2767 immenso
3045 2722 3314 2765 terrarum
3368 2708 3655 2762 intervallo
3711 2721 3739 2757 a
3787 2705 3975 2760 Cilicia

2411 2808 2663 2861 distabat.
2720 2805 2777 2859 Si
2836 2818 2999 2873 porro
3058 2803 3317 2857 ditionem
3366 2799 3682 2855 Athanarici
3728 2800 3981 2869 prOprius

2412 2899 2689 2967 inquirere
2754 2895 3000 2957 velimus,
3050 2909 3114 2948 ex
3174 2892 3480 2956 Ammiano,
3536 2900 3683 2960 gesta
3746 2889 3984 2943 Valentis

2413 2987 2761 3059 imperatoris
2813 2998 3000 3041 contra
3074 2984 3465 3039 Athanaricum
3541 2982 3842 3044 referente,
3894 2982 3983 3035 lib.

2412 3096 2559 3134 xxvu
2607 3095 2727 3147 cap.
2763 3078 2814 3140 5,
2851 3077 3009 3130 facile
3053 3074 3544 3143 deprehendemus,
3597 3070 3982 3126 Athanaricum

2416 3180 2482 3221 eo
2516 3177 2756 3235 tempore
2793 3164 3128 3217 dominatum
3159 3175 3278 3214 esse
3310 3160 3361 3211 in
3393 3158 3657 3211 hodierna
3697 3156 3981 3215 Moldavia.

2417 3273 2479 3311 ac
2529 3256 2665 3310 forte
2704 3256 2758 3308 in
2808 3252 3058 3331 Valachia
3102 3260 3155 3304 et
3202 3248 3543 3308 Bessarabia,
3603 3256 3697 3299 aut
3738 3256 3889 3299 certe
3934 3246 3981 3297 iu

2418 3359 2572 3421 parte
2630 3348 2807 3417 aliqua
2867 3345 3080 3397 illarum
3135 3340 3536 3411 provinciarum
3574 3353 3796 3407 :neque
3844 3338 3984 3391 enim

2416 3442 2687 3502 novimus,
2717 3452 2877 3503 quam
2912 3436 3016 3486 late
3055 3434 3367 3500 imperaret.

2488 3529 2553 3583 V.
2590 3528 2731 3581 Loca
2765 3526 2830 3578 ab
2861 3523 3148 3578 Ammiano
3179 3530 3495 3580 memorata,
3528 3521 3617 3572 ubi
3657 3518 3864 3571 Valens
3911 3518 3984 3569 ls-

2424 3628 2562 3671 trurn
2593 3616 2765 3686 primo
2790 3621 2845 3668 et
2869 3611 3023 3666 tertio
3052 3609 3191 3663 illius
3227 3608 3349 3662 belli
3378 3622 3521 3659 anno
3546 3607 3781 3672 trajecit,
3814 3615 3869 3658 et
3898 3606 3983 3657 ubi

2417 3725 2559 3763 anno
2593 3706 2830 3762 secundo
2872 3703 3158 3757 transitum
3201 3699 3401 3754 frustra
3457 3698 3709 3757 tentavit,
3744 3706 3900 3749 erant
3932 3696 3980 3747 iu

2418 3801 2599 3855 Moesia
2646 3797 2925 3857 inferiore,
2954 3795 3113 3848 dictis
3157 3791 3469 3862 provinciis,
3507 3791 3808 3860 prasertim
3857 3786 3987 3840 Mol-

2417 3893 2586 3949 davice
2612 3890 2881 3960 Opposita,
2916 3887 3140 3954 soloque
3172 3883 3307 3937 Istro
3339 3883 3405 3936 ab
3441 3882 3506 3935 iis
3543 3882 3734 3935 divisa.
3791 3878 3984 3932 Marci-

2419 3984 2663 4053 anopolis
2706 3980 2948 4049 ejusdem
2990 3977 3284 4047 provincia:
3318 3973 3487 4037 urbis,
3536 3972 3590 4025 in
3637 3988 3742 4040 qua
3790 3971 3983 4024 Valens

2420 4077 2647 4131 hiberna
2679 4071 2932 4131 habebat,
2968 4082 3031 4120 ac
3060 4081 3161 4133 pax
3192 4065 3246 4117 in
3281 4065 3398 4131 ipso
3440 4061 3577 4116 Istro
3612 4065 3753 4116 inter
3779 4072 3986 4115 utroru-

2418 4182 2523 4240 que
2556 4162 2853 4234 principem
2888 4157 3040 4222 inita,
3096 4154 3339 4209 similiter
3376 4153 3691 4216 ostendunt,
3744 4154 3984 4206 Athana—

2419 4262 2514 4315 rici
2552 4259 2810 4314 ditionem
2837 4269 2867 4307 a
2900 4250 3083 4306 Massia
3129 4244 3385 4300 inferiore
3415 4242 3531 4298 solo
3558 4243 3697 4295 Istro
3732 4245 3849 4295 sive
3889 4243 3985 4294 Da-

2421 4351 2585 4404 nubio
2620 4349 2942 4414 diremptam
2995 4342 3184 4397 fuisse.
3241 4338 3427 4405 Itaque
3474 4332 3833 4389 dubitandum
3883 4349 3986 4384 non

2421 4452 2522 4505 est,
2559 4441 2687 4509 quin
2752 4447 2973 4491 sanctus
3026 4431 3241 4486 Nicetas
3288 4443 3479 4499 passus
3521 4426 3588 4480 sit
3622 4425 3676 4479 in
3734 4424 3989 4478 hodierna

2427 4534 2706 4593 Moldavia,
2742 4529 2822 4584 vel
2857 4528 2983 4581 huic
3013 4522 3350 4579 contermina
3393 4518 3643 4573 Valachia
3675 4527 3769 4571 aut
3801 4516 3991 4570 Bessa-

2419 4629 2588 4682 rabia.
2631 4624 2762 4678 Nam
2798 4616 3230 4687 persecutionem
3280 4622 3468 4666 contra
3504 4610 3847 4663 Christianos
3881 4622 3992 4659 mo-

2420 4720 2497 4774 vit
2538 4714 2920 4771 Athanaricus,
2975 4707 3288 4775 priusquam
3332 4700 3496 4754 Gothi
3547 4698 3744 4751 Istrum
3777 4698 3990 4749 fuerunt

2424 4807 2768 4878 transgressi,
2821 4799 3039 4869 quando
3091 4793 3313 4847 haresis
3358 4792 3558 4845 Ariana
3590 4788 3823 4844 necdum
3869 4802 3994 4854 pra:-

2422 4904 2665 4956 valuerat
2717 4893 2858 4965 apud
2893 4889 3120 4949 Gothos,
3150 4896 3208 4941 ut
3252 4887 3508 4941 observat
3546 4893 3769 4938 sanctus
3814 4882 3993 4950 Augu-

2424 4997 2615 5058 stinus,
2693 4991 2787 5045 lib.
2846 5003 2975 5043 xvtu
3015 4982 3082 5036 de
3115 4981 3355 5040 civitate,
3419 4994 3536 5047 cap.
3579 4974 3665 5028 52.
3725 4974 3816 5027 ubi
3888 4974 3997 5025 haec

2425 5087 2655 5141 scribit!
2699 5102 2715 5133 ι
2744 5083 2855 5136 Rex
2902 5079 3203 5135 Gothorum
3241 5073 3293 5123 in
3340 5071 3456 5138 ipsa
3499 5066 3693 5123 Gothia
3746 5077 3996 5133 persecu-

2426 5190 2514 5233 tus
2570 5187 2654 5231 est
2705 5173 3047 5229 Christianos
3094 5163 3413 5222 crudelitate
3455 5157 3711 5220 mirabili,
3759 5170 3885 5207 cum
3928 5154 3995 5207 ibi

2428 5286 2533 5322 non
2582 5276 2761 5322 essent
2805 5264 2906 5315 nisi
2939 5256 3224 5320 Catholici,
3264 5267 3495 5323 quorum
3536 5248 3755 5319 plurimi
3802 5255 3997 5315 marty-

2428 5360 2507 5412 rio
2528 5354 2767 5412 coronati
2806 5364 2964 5419 sunt;
3000 5351 3139 5406 sicut
3167 5364 3196 5401 a
3228 5343 3552 5415 quibusdam
3588 5340 3873 5399 fratribus,
3908 5340 3996 5405 qui

2432 5460 2561 5502 tunc
2602 5448 2711 5501 illic
2752 5443 2903 5512 pueri
2974 5443 3212 5501 fuerant,
3251 5446 3306 5489 et
3335 5448 3391 5486 se
3443 5434 3542 5485 ista
3585 5432 3784 5484 vidiSse
3813 5431 4000 5482 incun-

2431 5553 2639 5597 ctanter
2670 5536 3113 5592 recordabantur,
3146 5528 3476 5583 audivimus.
3504 5548 3521 5577 ι
3545 5525 3744 5578 Paulus
3761 5524 4002 5581 Orosius,

2432 5634 2531 5688 lib-
2565 5650 2659 5696 \‘ll,
2693 5644 2814 5697 cap.
2847 5626 2936 5687 δί,
2961 5626 3026 5678 de
3056 5621 3243 5677 eadem
3279 5618 3657 5687 persecutione
3694 5614 3774 5667 sie
3806 5614 3999 5665 habet:

2440 5742 2455 5775 ι
2499 5725 2764 5777 Ρτωιρτθδ
2798 5713 3157 5769 Athanaricus
3194 5726 3282 5763 rex
3311 5707 3641 5769 Gothorum,
3671 5705 4001 5759 Christianos

2438 5820 2488 5873 in
2533 5828 2690 5885 gente
2755 5828 2848 5864 sua
2916 5804 3291 5862 crudelissime
3348 5810 3687 5871 persecutus.
3753 5796 4001 5865 plurimos
