4150 6482
233 437 331 501 7OI

1238 434 1699 497 MARTYRIUM
1751 438 1813 498 S.
1858 436 2151 499 ΝᾸΕΕΤᾹΞ
2190 438 2451 504 ῧΟΤΙΠ.

3371 437 3487 502 701

229 551 586 607 barbarorum
627 546 695 603 ob
730 545 887 601 ﬁdem
918 543 1232 600 interfectos
1260 546 1325 600 ad
1372 560 1629 601 coronam
1662 562 1808 600 mar—
1835 558 1881 612 Α
1908 551 2091 620 inepto
2121 564 2175 609 et
2203 554 2430 609 ridiculo
2475 553 2661 609 scribit
2689 554 2755 609 de
2790 553 2949 609 rebus
2981 552 3125 621 fidei,
3170 553 3485 625 Gothosque

229 642 347 713 tyrii
397 639 734 703 sublimavit,
776 658 793 690 ι
825 647 931 693 etc.
982 636 1108 692 Ilaec
1167 637 1258 691 ille
1295 637 1479 702 refert,
1519 645 1804 707 postquam

225 736 439 789 dixerat
502 732 819 786 Gratianum
891 738 1129 784 creatum
1222 742 1342 782 esse
1397 728 1804 797 imperatorem.

223 828 482 879 Attamen
516 823 644 876 hinc
686 822 871 889 nequit
903 819 1117 883 inferri,
1152 820 1340 873 eodem
1372 834 1515 873 anno
1540 818 1665 879 367,
1694 833 1803 888 quo

223 922 518 975 Gratianus
556 920 727 974 factus
757 928 836 972 est
874 919 1189 984 imperator,
1236 927 1419 972 natam
1446 933 1567 971 esse
1600 934 1801 987 persc—

222 1014 534 1078 cntionem;
589 1013 679 1067 sed
739 1012 909 1065 solum
973 1019 1209 1078 coeptam
1266 1024 1375 1061 non
1440 1024 1559 1062 esse
1618 1010 1800 1061 multis

221 1106 377 1158 annis
428 1106 605 1158 serius
638 1120 649 1154 :
687 1102 908 1155 Orosius
939 1102 1083 1154 enim
1135 1100 1343 1169 singula
1387 1114 1492 1151 non
1529 1098 1695 1152 refert
1730 1099 1796 1152 ad

220 1211 395 1249 annos
431 1193 844 1249 determinatos.
896 1192 973 1245 Ex
1005 1192 1234 1244 laudatis
1271 1199 1394 1243 ante
1429 1189 1598 1243 sancti
1643 1188 1799 1243 Saba:

219 1287 371 1339 Actis
418 1293 629 1339 certum
703 1294 806 1348 est,
859 1281 1293 1351 persecutionem
1361 1281 1593 1349 viguisse
1655 1296 1800 1334 anno

218 1378 343 1437 572,
376 1386 431 1430 et
460 1378 569 1445 jam
629 1386 788 1429 :mtea
845 1375 1011 1429 fuisse
1073 1385 1331 1444 emptam.
1395 1374 1504 1428 Ilac
1537 1374 1603 1427 de
1637 1388 1797 1426 causa

220 1463 538 1530 martyrium
588 1463 758 1515 sancti
810 1462 1012 1517 Nicetze
1083 1463 1230 1517 circa
1285 1463 1535 1518 eumdem
1592 1477 1794 1515 annum

217 1553 321 1607 δη
353 1552 626 1622 figendum
663 1554 872 1607 censui.

291 1644 375 1698 Vl.
434 1645 661 1699 Occasio
702 1646 1099 1715 persecutionis
1142 1647 1194 1699 in
1243 1645 1394 1700 Actis
1434 1648 1701 1715 repetitur
1732 1662 1796 1701 ex

214 1738 554 1795 dissentione
602 1737 926 1799 Gothorum,
975 1747 1029 1790 et
1066 1738 1227 1799 bello,
1275 1738 1417 1805 quod
1451 1748 1630 1790 ortum
1663 1739 1799 1793 diei-

168 1887 173 1891 ,
216 1842 304 1884 tur
356 1831 501 1884 inter
535 1831 806 1897 principes
829 1830 1056 1884 duarum
1109 1830 1363 1899 partium,
1402 1829 1793 1901 Phritigernem

1905 646 2015 715 jam
2059 654 2185 699 tunc
2216 646 2443 700 Arianos
2487 646 2634 707 facit,
2668 647 2793 715 quia
2829 661 2937 699 non
2982 647 3151 702 multo
3186 658 3307 717 post
3336 649 3482 703 illam

1913 738 2159 792 haeresim
2230 746 2359 790 sunt
2423 738 2650 803 amplexi
2700 754 2715 794 :
2762 747 2820 791 ut
2870 748 3054 792 narrat
3108 740 3485 795 Theodoretus

1909 842 2031 880 mox
2063 826 2383 889 laudandus,
2420 827 2510 895 qui
2562 827 2614 881 id
2652 827 2880 896 Ulphilze
2907 827 3207 881 Gothorum
3245 830 3481 897 episcopi

1910 917 2146 986 perfidiae
2165 917 2429 971 attribuit.
2452 919 2580 983 Quae
2603 930 2781 972 autem
2813 919 3186 972 'l‘heoduretus
3203 921 3267 972 de.
3298 918 3484 989 Ulplti-

1907 1004 1972 1059 lle
2010 1008 2360 1075 perversione
2396 1017 2680 1069 memorat,
2734 1008 2891 1074 longe
2928 1008 3291 1075 probabiliora
3326 1017 3481 1075 sunt,

1908 1114 2070 1168 quam
2099 1115 2217 1168 quae
2248 1099 2313 1152 de
2336 1098 2525 1151 eodem
2558 1099 2774 1166 scripsit
2816 1098 3203 1169 Philostorgins
3230 1100 3480 1153 Arianns.

1910 1190 2044 1243 Nam
2087 1206 2209 1242 enm
2262 1190 2329 1243 ab
2384 1189 2617 1242 Eusebio
2667 1189 2925 1259 episeopo
2981 1190 3479 1258 (Nieomediensem

1909 1280 2191 1334 insinuans
2232 1280 2487 1334 Arianum
2524 1287 2536 1344 )
2579 1280 2747 1334 fuisse
2810 1282 3143 1343 ordinatum,
3180 1282 3482 1341 I’liilostor-

1907 1372 2027 1442 gius
2078 1374 2173 1433 ait,
2230 1388 2381 1425 «cum
2413 1389 2441 1425 a
2488 1387 2636 1440 rege,
2686 1376 2776 1441 qui
2816 1384 2943 1427 tunc
2989 1374 3180 1428 Gothis
3231 1385 3478 1443 przeerat,

1905 1463 2112 1531 legatus
2146 1478 2249 1514 una
2306 1478 2430 1515 enm
2463 1463 2585 1515 aliis
2616 1464 2682 1516 ad
2736 1465 3116 1533 imperatorem
3165 1467 3481 1521 Constanti-
3556 1526 3559 1529 _

1907 1570 2035 1608 num
2088 1555 2282 1607 missus
2332 1565 2494 1608 esset.
2537 1574 2554 1605 ι
2609 1555 2981 1624 Itnprobabilia
3020 1557 3131 1612 luce
3168 1569 3313 1623 sunt,
3354 1562 3480 1628 quia

1910 1646 1991 1699 sic
2038 1644 2251 1713 Ulphila
2297 1643 2581 1698 Ordinatus
2613 1651 2759 1696 esset
2790 1652 2913 1696 ante
2950 1654 3176 1698 mortem
3215 1649 3481 1705 Constan-

1910 1738 2030 1801 tini,
2087 1753 2232 1791 anno
2284 1737 2385 1790 537
2446 1736 2713 1795 defuncti,
2766 1745 2817 1789 et
2866 1736 3084 1804 quidem
3132 1738 3197 1789 ab
3243 1738 3474 1792 Eusebio

1906 1829 2300 1882 Nicomediensi
2331 1828 2553 1882 Ariano.
2584 1829 2651 1881 At
2684 1844 2784 1881 nec
2817 1829 3106 1882 verisimile
3141 1839 3245 1889 est,
3283 1831 3477 1900 Ulphi-

219 1924 470 1978 videlicet
500 1932 553 1974 et
607 1922 1015 1978 Athanaricum.
1054 1922 1108 1977 Si
1156 1925 1304 1978 Actis
1330 1925 1656 1979 credendum
1701 1926 1789 1987 sit,
1826 1891 1870 1949 Β
1902 1922 2003 1981 lam
2041 1930 2147 1974 tam
2174 1922 2282 1975 cito
2315 1922 2484 1975 fuisse
2514 1924 2852 1989 episc0pnm,
2887 1932 2977 1975 aut
3020 1922 3323 1975 ordinatum
3356 1936 3479 1974 esse

218 2017 584 2085 Phritigernes
617 2014 717 2069 fuit
774 2017 1008 2085 primum
1060 2016 1235 2071 victus
1294 2018 1360 2070 ab
1427 2017 1790 2083 Athanarico;

211 2106 305 2159 sed
339 2118 548 2174 postea,
600 2104 801 2159 findere
848 2106 984 2159 inito
1014 2121 1137 2160 cum
1178 2107 1417 2172 Valente,
1478 2107 1635 2177 hujus
1666 2110 1794 2161 sub-

214 2199 351 2251 sidio
384 2200 575 2254 vietor.
616 2198 823 2251 Similia
855 2199 1018 2252 habet
1046 2198 1401 2263 Sozomcnus,
1439 2199 1531 2252 lib.
1564 2216 1636 2252 vt.
1670 2216 1789 2268 cap.

209 2290 300 2351 37,
334 2292 402 2341 ita
457 2289 699 2340 scribens
739 2305 749 2339 :
795 2306 811 2337 ι
857 2286 1008 2341 IIaud
1051 2289 1220 2342 multo
1278 2298 1419 2357 post,
1479 2298 1595 2341 orta
1651 2288 1791 2341 inter

209 2399 303 2434 eos
332 2378 598 2448 (Gothos)
634 2379 921 2443 seditione,
957 2381 1092 2433 duas
1124 2381 1177 2433 in
1214 2392 1393 2450 partes
1432 2382 1590 2438 divisi
1621 2392 1785 2436 sunt:

206 2486 439 2541 quarum
494 2470 647 2524 alteri
684 2471 1072 2535 Athanaricus,
1115 2470 1267 2523 alteri
1310 2482 1537 2539 praeerat
1586 2473 1790 2525 Phriti-

209 2581 432 2635 gemes.
494 2566 639 2631 Mox,
675 2564 966 2619 commisso
1007 2565 1147 2617 inter
1205 2578 1298 2617 eos
1352 2565 1553 2633 prtelio,
1615 2565 1788 2618 victus

205 2657 609 2727 Phritigcrncs,
684 2655 1048 2711 Romanorum
1117 2657 1376 2710 auxilium
1458 2656 1784 2725 imploravit,

206 2746 363 2810 Quod
402 2760 527 2796 cum
568 2747 859 2814 imperator
898 2747 1277 2809 concessisset,
1320 2746 1677 2815 jnssisselque
1728 2758 1787 2801 ut

207 2835 427 2898 milites,
465 2835 553 2903 qui
586 2835 637 2888 in
683 2834 912 2887 Thracia
965 2849 1139 2899 erant,
1174 2838 1221 2889 ei
1263 2839 1519 2889 auxilium
1555 2838 1783 2901 ferrent,

205 2927 384 2978 denuo
425 2940 770 2993 congressus,
804 2926 1083 2978 victoriam
1120 2929 1322 2991 retulit,
1358 2938 1411 2980 et
1462 2928 1777 2983 Atltanarici

206 3015 392 3083 copias
451 3014 504 3067 in
565 3014 743 3085 fugam
810 3017 991 3068 vertit.
1056 3019 1374 3071 illactenus
1430 3016 1781 3083 Sozoiuenns,

203 3107 409 3161 addens
437 3122 497 3159 ea
529 3108 830 3171 occasione,
864 3106 1254 3177 Phritigernem
1288 3124 1408 3162 cum
1432 3109 1640 3177 lllphila
1668 3109 1786 3178 epi-

202 3211 369 3267 scopo
392 3213 454 3252 ac
479 3200 708 3252 subditis
730 3201 838 3251 suis
857 3217 883 3250 a
911 3196 1127 3253 Valente
1152 3200 1215 3250 ad
1243 3200 1496 3251 Arianatn
1524 3202 1773 3253 haeresim
1807 3232 1849 3290 ϐ

204 3291 536 3345 traductum.
582 3289 777 3340 Verum
812 3289 1043 3357 scriptor
1076 3289 1161 3341 ille
1207 3289 1319 3341 ha'c
1349 3290 1528 3341 omnia
1564 3304 1768 3341 inemo-

203 3390 286 3432 rat
320 3388 442 3447 post
494 3376 675 3445 pulsos
711 3378 777 3430 ab
810 3375 1021 3429 I-lunnis
1065 3392 1093 3431 e
1125 3378 1343 3432 Sedibus
1391 3381 1502 3433 suis
1544 3379 1770 3445 Gothos,

200 3471 290 3540 qui
330 3483 357 3520 a
394 3468 615 3521 Valente
646 3470 844 3537 recepti
880 3480 1004 3523 sunt
1038 3470 1087 3521 in
1126 3469 1375 3524 Thracia.

276 3556 386 3610 VII.
455 3559 524 3609 At
563 3558 870 3627 persecutio
922 3559 1237 3611 Athanarici
1302 3560 1490 3621 saeviit,
1555 3561 1771 3627 quando

200 3649 361 3703 Gothi
421 3666 612 3704 omnes
665 3650 800 3701 ultra
860 3652 1056 3701 Istrtttn
1107 3650 1394 3720 degebant,
1443 3660 1499 3703 ut
1551 3660 1769 3706 sanctus

200 3744 537 3812 Augustinus
578 3757 698 3793 mox
744 3741 993 3794 laudatus
1045 3751 1290 3807 testatur,
1324 3744 1483 3812 idque
1514 3744 1673 3797 etiam
1711 3744 1773 3796 Ii-

198 3846 329 3903 qnet
365 3849 429 3885 ex
466 3841 707 3902 tempore
757 3835 1153 3903 persecutionis
1200 3854 1293 3901 per
1346 3833 1591 3890 Oiosi'nm
1633 3837 1769 3889 assi-

199 3935 385 3993 gnato.
407 3925 667 3980 I’rmterea
692 3938 911 3981 sant-tus
944 3927 1295 3995 Epiphanius,
1322 3928 1498 3997 quieo
1529 3937 1769 3994 tempore

197 4016 443 4078 florebat,
481 4036 645 4088 agens
688 4020 751 4072 de
805 4020 1109 4072 vehementi
1149 4021 1234 4073 illa
1288 4029 1662 4088 perseeuttone
1714 4024 1767 4074 in

196 4107 393 4163 haeresi
428 4110 493 4162 70
525 4111 916 4170 Audianornm,
953 4128 1071 4180 cap.
1112 4113 1195 4173 I5,
1233 4115 1303 4167 ait
1341 4133 1357 4165 ι
1394 4115 1758 4168 Rotnanorum

197 4202 496 4273 praesertim
524 4202 646 4256 odio
676 4223 694 4257 ι
728 4220 755 4257 a
789 4220 914 4272 rege
946 4204 1241 4259 Gothorum
1271 4217 1593 4260 comnmtain
1622 4222 1766 4273 esse,

200 4315 217 4348 ι
247 4295 390 4365 quod
435 4294 706 4350 Romanos
742 4297 1091 4364 imperatores
1143 4298 1479 4352 Christianos
1529 4314 1649 4353 esse
1691 4300 1767 4351 vi-

195 4388 370 4439 deret.
412 4403 429 4433 ι
472 4385 656 4452 Itaque
712 4388 1007 4439 verendum
1044 4397 1145 4449 est,
1205 4405 1273 4441 ne
1322 4389 1501 4457 aliqua
1560 4399 1663 4443 tam
1709 4391 1761 4443 in

195 4476 345 4528 Actis
375 4490 534 4543 quam
563 4476 702 4544 apud
738 4476 1099 4533 Sozomcnum
1131 4482 1199 4531 sit
1230 4482 1493 4546 confusio,
1530 4482 1762 4550 indeqtte

1905 2026 2153 2083 tempore
2212 2014 2556 2068 Constantini
2614 2014 2680 2067 ab
2737 2015 2957 2066 homine
3005 2015 3223 2075 Ariano,
3260 2012 3477 2081 quando

1897 2107 2558 2175 Gonstantinopolitanam
2613 2104 2798 2158 sedem
2831 2106 3114 2158 obtinebat
3146 2105 3201 2158 S.
3234 2106 3473 2160 Alexan-

1892 2201 1990 2251 der
2042 2197 2400 2252 Constantino
2466 2196 2763 2268 gratiosus.
2840 2197 3023 2265 Itaque
3076 2196 3326 2265 figmenta
3387 2196 3476 2251 illa

1892 2299 2020 2343 sunt
2076 2288 2443 2356 Pliilostorgii,
2501 2290 2553 2340 in
2608 2291 2833 2358 gratiam
2895 2290 3214 2346 Arianorum
3252 2306 3473 2345 suorum

1891 2395 1995 2434 non
2017 2395 2137 2433 raro
2158 2379 2284 2432 falsa
2309 2378 2617 2431 scribentis.
2638 2378 2799 2431 Valde
2817 2380 2975 2432 etiam
2996 2382 3283 2443 ineertmn,
3304 2390 3357 2433 et
3376 2382 3472 2434 mi-

1890 2488 1990 2527 nllS
2026 2471 2301 2540 probabile
2331 2480 2433 2532 est,
2459 2470 2603 2539 quod
2635 2470 2818 2524 scribit
2847 2471 2913 2524 de
2949 2470 3161 2538 Ulphila
3192 2472 3469 2538 Socrates,

1890 2563 1981 2614 lib.
2012 2579 2070 2624 tt,
2102 2578 2219 2629 cap.
2254 2562 2344 2624 «II,
2373 2576 2497 2613 eum
2532 2562 2703 2615 fuisse
2736 2563 2787 2614 in
2822 2563 3049 2618 concilio
3079 2562 3468 2617 Constantino-

1889 2654 2129 2722 politauo
2158 2668 2301 2705 anno
2354 2652 2477 2714 560,
2513 2654 2606 2705 tibi
2661 2656 2841 2707 Ariani
2876 2672 3069 2708 novam
3105 2657 3468 2711 condiderunt

1889 2745 2008 2798 fidei
2042 2745 2350 2808 formulam,
2386 2745 2473 2797 cui
2509 2744 2724 2813 L'lphila
2756 2755 2883 2799 tunc
2907 2749 3289 2801 consensiSset.
3322 2749 3467 2802 Idem

1890 2848 2067 2892 tamen
2132 2838 2294 2893 habet
2340 2835 2708 2893 Sozomenus.
2739 2837 2831 2889 lib.
2864 2853 2934 2899 tv,
2969 2853 3085 2907 cap.
3141 2838 3234 2891 ει.
3271 2842 3339 2891 At
3373 2839 3465 2893 hic

1888 2928 1982 2982 lib.
2016 2944 2086 2989 vt,
2118 2943 2236 2995 cap,
2264 2924 2351 2986 37,
2384 2928 2683 2988 existimat,
2722 2929 3094 2996 imprudenter
3143 2930 3344 2983 factum
3396 2932 3464 2985 ab

1892 3017 2134 3084 Ulpliila,
2185 3018 2273 3084 qui
2334 3016 2531 3084 inquit,
2575 3036 2591 3065 σ
2627 3035 2747 3070 eum
2800 3022 3067 3086 epiSeOpis
3121 3021 3461 3075 Nicaenornnt

1887 3109 2104 3163 Patrum
2164 3112 2380 3163 decreta
2430 3112 2767 3168 sectantibus
2820 3116 3226 3169 communicare
3276 3130 3463 3185 persc-

1888 3204 2113 3256 vcravit.

1955 3290 2043 3343 IX.
2086 3291 2355 3358 Quidquid
2385 3306 2547 3358 porro
2586 3294 2655 3344 sit
2693 3294 2759 3347 de
2804 3294 2959 3347 factis
2990 3296 3195 3364 aliquot
3226 3296 3467 3365 partient-

1883 3381 2087 3435 laribus
2120 3382 2369 3450 Ulphilte,
2413 3398 2441 3435 a
2492 3384 2691 3453 quibus
2722 3385 2853 3439 fides
2886 3385 3183 3439 Gothorum
3216 3404 3320 3441 non
3356 3390 3455 3443 dc-

1882 3477 2074 3544 pendet
2097 3490 2111 3539 ;
2132 3475 2582 3540 constatGothos,
2608 3479 2697 3534 diu
2730 3488 2854 3533 ante
2874 3489 3083 3549 tempus
3115 3481 3180 3534 de
3205 3498 3313 3551 quo
3342 3483 3459 3553 agi-

1884 3579 1988 3629 tur,
2036 3568 2198 3619 fuisse
2237 3584 2548 3632 conversos,
2603 3586 2665 3624 ac
2712 3571 3010 3627 Gothorum
3048 3577 3444 3644 nietropolitam

1880 3658 2237 3730 Theophilum
2262 3665 2311 3715 in
2330 3662 2552 3716 consilio
2570 3661 2781 3717 Nicaeum
2800 3665 2963 3718 fuisse
2984 3682 3124 3719 anno
3144 3668 3459 3737 325.]taqne

1882 3754 2039 3807 Gothi
2071 3756 2272 3807 dttdum
2309 3756 2602 3809 Christiani
2638 3768 2791 3810 erant
2823 3768 2876 3811 et
2906 3760 3207 3821 Catholici;
3264 3762 3356 3813 sed
3388 3761 3457 3814 ad

1885 3849 2161 3916 perfidiam
2198 3847 2425 3901 traducti
2456 3858 2584 3899 sunt
2612 3865 2640 3901 a
2672 3849 2897 3904 Valente
2926 3852 3066 3905 eirea
3098 3869 3297 3905 annum
3329 3853 3452 3916 376,

1876 3938 2089 4005 quando
2135 3939 2269 4003 pulsi
2317 3940 2383 3993 ab
2438 3938 2670 4001 IIunnis,
2733 3941 3028 4009 petierunt,
3068 3947 3318 3998 ut'sedes
3354 3946 3454 4001 sibi

1879 4032 2040 4099 figere
2072 4031 2260 4084 liceret
2302 4032 2439 4083 intra
2478 4034 2676 4087 limites
2716 4034 2939 4087 Romani
2983 4035 3217 4103 imperii.
3264 4036 3458 4091 Obser-

1878 4136 1965 4177 vat
1999 4126 2097 4176 hoc
2130 4124 2490 4187 Sozomcnns,
2525 4127 2615 4195 qni
2654 4128 2789 4180 alias
2825 4128 3099 4182 Socratem
3142 4130 3337 4197 passim
3374 4130 3453 4183 ni-

1880 4216 1980 4267 mis
2021 4224 2296 4284 sequitur;
2358 4218 2613 4285 additque
2662 4220 2726 4273 de
2757 4226 3017 4288 episcopo
3058 4221 3356 4274 Gothorum
3393 4222 3445 4275 in

1874 4305 2342 4359 confirmationem
2400 4309 2681 4375 sequentia
2738 4310 2926 4364 verba.
2988 4310 3167 4363 «Nam
3205 4310 3445 4380 Ulplnla,

1875 4398 1965 4467 qni
2006 4407 2134 4451 tunc
2164 4400 2307 4465 apud
2347 4400 2490 4467 ipsos
2536 4412 2651 4455 erat
2689 4402 2995 4470 episcopus,
3034 4404 3185 4456 initio
3219 4406 3435 4471 quidem

1877 4492 2019 4543 nulla
2071 4492 2121 4542 in
2174 4499 2326 4559 parte
2358 4493 2623 4547 dissensit
2675 4496 2742 4547 ab
2787 4495 3023 4551 Ecclesia
3063 4496 3365 4550 Catholica.
3424 4517 3443 4549 ι

195 4582 483 4637 perperam
507 4569 773 4638 assignata
804 4572 1190 4638 persecutionis
1215 4588 1396 4627 causa.
1432 4573 1565 4627 Nam
1602 4575 1769 4627 Atha-
1806 4585 1842 4637 ι)
1880 4583 1993 4636 mox
2030 4585 2228 4646 subdit,
2287 4584 2574 4653 L‘lplulam,
2624 4588 2715 4656 qui
2749 4604 2775 4640 a
2810 4585 3001 4642 Gothis
3047 4589 3112 4641 ad
3163 4589 3443 4643 Valentem

196 4662 419 4715 naricus
458 4671 585 4714 ante
640 4665 1073 4731 perseeutionern
1109 4676 1295 4718 contra
1338 4666 1614 4719 Valentem
1652 4682 1770 4736 ges-

194 4754 265 4806 sit
285 4754 507 4813 bellum,
531 4754 597 4805 ab
618 4770 787 4823 eoque
811 4755 983 4809 victus
1006 4769 1085 4809 est
1111 4774 1253 4811 anno
1292 4759 1415 4823 569,
1446 4760 1587 4812 circa
1609 4775 1767 4827 quem

194 4847 448 4902 inchoata
502 4856 584 4900 est
630 4850 955 4916 persecutio,
1003 4850 1183 4902 forsan
1228 4852 1387 4905 simul
1446 4868 1508 4907 ac
1548 4850 1765 4913 Valens,

192 4938 399 4991 sancita
438 4954 589 5006 pare,
623 4953 744 4993 cum
780 4941 1019 4994 exercitu
1055 4941 1297 4994 Romano
1329 4952 1644 4995 recesserat.
1684 4944 1765 4994 An

191 5045 321 5083 vero
371 5028 534 5083 etiam
576 5043 701 5086 ante
750 5032 798 5086 id
852 5042 1065 5103 tempus
1090 5034 1463 5101 Phtitigcrttes
1514 5042 1567 5086 et
1601 5032 1766 5085 Atha-

192 5123 414 5175 naricus
468 5122 610 5175 bello
662 5126 1008 5183 certaverint.
1063 5142 1169 5179 non
1225 5130 1362 5183 adeo
1399 5138 1604 5181 certum
1657 5134 1762 5189 est,

192 5212 315 5265 licet
353 5214 454 5267 hoc
501 5214 661 5267 etiam
704 5217 901 5269 habeat
927 5216 1196 5284 Socrates,
1228 5220 1317 5273 lib.
1359 5236 1431 5281 ιν,
1458 5234 1576 5285 cap.
1611 5218 1701 5273 55.

262 5299 403 5354 VIII.
464 5303 737 5371 Quidquid
803 5308 894 5371 sit,
956 5320 1168 5362 constat
1231 5310 1295 5363 de
1347 5309 1760 5377 persecutione;

190 5400 514 5460 constatque
579 5396 824 5460 ulterius,
889 5415 1006 5453 eam
1062 5401 1229 5455 fuisse
1284 5413 1503 5464 motam,
1545 5404 1760 5472 quando

190 5484 354 5537 Gothi
394 5497 546 5540 erant
596 5491 873 5552 catholici,
919 5504 976 5545 ut
1010 5495 1263 5549 observat
1300 5508 1520 5551 sanctus
1577 5500 1759 5563 Angu-

192 5578 397 5635 stinus,
449 5586 505 5629 et
539 5578 706 5646 liquet
754 5598 816 5635 ex
864 5592 1101 5653 tempore
1147 5604 1252 5654 quo
1292 5589 1356 5641 ad
1390 5590 1754 5641 Arianismum

191 5666 422 5723 traducti
475 5679 601 5722 sunt
641 5669 824 5727 Gothi.
870 5672 1122 5731 Socrates
1171 5679 1390 5745 quidem
1428 5677 1655 5741 Gathos,
1688 5678 1755 5731 ab

189 5760 519 5815 Athanarico
555 5762 784 5825 occisos,
821 5767 979 5820 simul
1015 5780 1067 5823 et
1104 5770 1331 5824 ArianOs
1376 5771 1503 5825 facit
1534 5782 1588 5824 et
1616 5770 1753 5824 Mar-

188 5860 332 5918 tyres
378 5868 387 5902 :
434 5852 525 5906 sed
572 5854 799 5925 scriptor
872 5857 958 5911 ille
1011 5861 1317 5930 frequenter
1373 5866 1531 5919 modo
1593 5867 1749 5935 plane

1874 4674 2081 4743 legatus
2121 4688 2235 4730 erat
2286 4678 2503 4741 missus,
2544 4680 2826 4747 promissis
2872 4683 3196 4736 Arianorum
3231 4682 3445 4751 episeo-

1874 4786 2061 4837 pnrum
2096 4786 2215 4824 esse
2256 4784 2592 4839 corruptum.

1940 4862 2005 4912 Χ.
2044 4859 2240 4914 Verum
2273 4862 2559 4916 audiamus
2592 4863 3017 4925 Theodoretum,
3062 4867 3130 4920 de
3174 4866 3259 4920 his
3303 4867 3443 4921 scri-

1870 4953 2108 5014 bentem,
2140 4954 2232 5006 lib.
2266 4972 2335 5011 iv.
2367 4971 2485 5022 cap.
2512 4958 2596 5011 57.
2631 4958 2720 5009 ubi
2760 4960 2837 5012 sic
2870 4961 3028 5013 habet
3061 4975 3077 5012 :
3110 4977 3128 5009 ε
3154 4960 3271 5023 Quo
3300 4969 3439 5012 tem-

1869 5058 1997 5112 pore
2028 5043 2185 5097 Gothi
2225 5044 2417 5097 Istrum
2455 5046 2805 5113 trajicientes,
2843 5050 3017 5104 fcedns
3046 5068 3169 5104 cum
3210 5050 3436 5107 Valente

1867 5147 2268 5202 percusserunt,
2312 5136 2705 5192 abominandus
2748 5140 2834 5193 ille
2872 5141 3147 5195 Eudoxius
3190 5140 3435 5209 (verisi«

1866 5224 2065 5276 tniliter
2116 5224 2395 5293 legendum
2437 5226 2688 5289 Euzoins,
2733 5230 2824 5296 qui
2861 5231 3183 5283 Arianorum
3220 5232 3434 5295 episco-

1865 5329 1963 5382 pus
2003 5323 2116 5367 erat
2163 5317 2485 5379 Antiochi-.2,
2535 5320 2623 5373 ubi
2679 5329 2805 5374 tunc
2853 5322 3036 5375 valens
3064 5322 3431 5391 degebat)qui

1865 5416 1992 5459 tunc
2027 5406 2235 5467 aderat,
2290 5412 2553 5477 suggeSsit
2609 5412 2942 5477 iniperateri,
2994 5416 3427 5481 persuadendum

1861 5514 1978 5551 esse
2004 5496 2213 5561 Gothis,
2238 5512 2293 5552 ut
2314 5518 2434 5554 cum
2460 5503 2577 5569 ipso
2618 5507 3106 5559 communicarent.
3146 5508 3275 5560 Nam
3302 5524 3425 5561 cum

1860 5592 1951 5644 diu
1990 5601 2145 5644 antea
2171 5593 2366 5647 divina:
2398 5596 2721 5667 cognitionis
2750 5598 2912 5651 radiis
2941 5596 3189 5652 ilIustrati
3221 5613 3423 5665 essent,

1859 5682 2215 5750 inapostoliea
2239 5686 2481 5740 doctrina
2499 5699 2711 5755 semper
2735 5688 2948 5744 fuerant
2974 5691 3243 5751 innutriti.
3262 5691 3422 5760 Quip-

1858 5789 1941 5844 pe,
1961 5777 2135 5829 aiebat
2154 5778 2446 5837 Endoxius.
2464 5781 2623 5833 unius
2635 5782 2899 5853 dOgmatis
2911 5786 3217 5838 eomtnunio
3236 5802 3419 5854 pacem

1860 5869 2145 5923 lirmiorem
2180 5869 2376 5932 efliciet
2437 5870 2593 5938 Quod
2627 5877 2912 5930 consilium
2936 5891 3052 5930 cum
3076 5878 3419 5943 approbasset
