4150 6468
707 393 816 458 703

1948 398 2231 457 ΜΕ.ΝὲΙὸ
2266 396 2740 456 SEPTEMBER.

3861 382 3964 446 704

708 512 922 573 Valens,
958 510 1312 579 cptimatibus
1332 511 1635 568 Gothorum
1662 516 1963 584 praposuit,
1993 528 2051 572 ut
2094 518 2145 571 in
2184 518 2281 573 do-
2314 530 2357 578 Α
2389 523 2513 569 nata
2543 524 2645 579 est,
2680 527 2839 583 quam
2880 526 2945 566 ex
2978 510 3097 565 solo
3148 506 3527 577 Metaphrastis
3558 502 3785 558 nomine
3813 518 3828 553 :
3859 516 3963 554 non

705 602 878 656 ctrina
895 601 1019 658 ﬁdei
1038 620 1158 657 cum
1180 604 1295 672 ipso
1315 606 1782 662 consentirent.At
1800 608 1869 661 illi
1885 610 2284 678 responderunt

708 710 1003 761 numquam
1041 711 1097 748 se
1146 696 1337 751 adduci
1376 714 1558 766 posse,
1591 708 1649 752 ut
1693 713 1722 751 a
1756 700 2019 768 majorum
2058 716 2281 755 suorum

705 790 950 845 doctrina
985 789 1345 843 discederent.
1392 791 1560 844 Porro
1606 806 1667 845 ea
1705 802 2025 860 tempestate
2062 792 2283 859 Ulpliila

712 882 876 934 totius
936 881 1112 948 gentis
1164 892 1283 934 erat
1342 883 1648 950 episcopus,
1704 898 1910 950 magnw
1962 883 2102 948 apud
2164 882 2285 937 illos

705 972 1065 1033 auctoritatis,
1098 985 1152 1023 et
1194 972 1349 1034 cuius
1380 972 1537 1026 verba
1572 988 1668 1042 pro
1703 973 2032 1027 ﬁrmissimis
2073 974 2281 1043 legibus

709 1062 999 1115 habebant.
1042 1060 1193 1114 Hunc
1252 1062 1529 1116 Eudoxius
1565 1080 1688 1117 cum
1736 1072 1791 1117 et
1842 1064 2023 1117 verbis
2074 1064 2284 1118 demul-

706 1154 888 1212 sisset,
935 1164 985 1206 et
1019 1155 1337 1209 muneribus
1392 1155 1669 1212 illexisset.
1722 1172 1787 1209 eo
1819 1156 2049 1224 impulit,
2086 1166 2143 1210 ut
2172 1156 2281 1211 Go-

708 1244 830 1297 thos
872 1245 936 1295 ad
969 1246 1412 1299 communionem
1468 1245 1815 1312 imperatoris
1855 1246 2279 1313 amplectendam

705 1333 1017 1385 adduceret.
1050 1334 1106 1387 ld
1128 1344 1305 1387 autem
1362 1335 1652 1402 persuasit,
1703 1350 1825 1389 cum
1877 1336 2109 1398 diceret,
2152 1353 2284 1390 con-

705 1425 1003 1475 tentionem
1046 1440 1107 1477 ex
1163 1425 1459 1479 ambitione
1512 1436 1682 1478 ortam
1746 1441 1901 1491 esse;
1971 1427 2281 1496 dogmatutn

705 1528 832 1565 vero
854 1510 1055 1567 nullam
1078 1530 1196 1569 esse
1220 1515 1665 1582 discrepantiam.
1681 1516 1796 1571 iSie
1820 1517 2044 1585 Ulphilze
2061 1517 2283 1585 perﬁdia

702 1608 842 1661 circa
879 1626 1081 1663 annum
1112 1611 1217 1663 376
1247 1611 1313 1664 ad
1359 1609 1603 1662 haeresim
1646 1610 1894 1678 perducti
1939 1619 2067 1662 sunt
2098 1606 2281 1660 Gothi.

776 1697 868 1756 ΧΙ.
905 1700 1057 1763 Quod
1107 1709 1315 1768 spectat
1353 1700 1418 1754 ad
1450 1700 1579 1753 Acta
1626 1698 1812 1753 Graeca
1844 1699 2013 1753 sancti
2063 1699 2283 1763 Nicone,

706 1798 980 1843 auctorem
1037 1807 1098 1844 ea
1134 1791 1335 1845 habent
1376 1791 1816 1860 Metapbrasteui.
1857 1792 1946 1859 qui
2004 1794 2279 1848 verisimi-

2384 612 2528 664 enim
2568 609 2807 671 invenio,
2840 606 2970 677 quid
3001 618 3331 673 magnopere
3370 601 3655 670 displicere
3695 598 3873 666 possit
3908 597 3961 649 in

2385 700 2533 753 Actis
2559 699 2732 752 sancti
2783 698 2979 751 Nicetae
3016 706 3210 765 praeter
3253 693 3431 761 aliqua
3474 690 3538 743 ad
3580 699 3835 743 sanctum
3880 686 3963 741 vis

2385 793 2707 862 spectantia,
2733 802 2787 845 et
2814 792 3159 845 occasionem
3190 784 3590 857 persecutionis
3620 781 3962 844 Athanarici,

2387 883 2661 951 hujusque
2697 893 2883 936 contra
2920 881 3312 950 Phritigernem
3356 878 3575 940 bellum,
3610 874 3758 944 quod
3786 883 3963 925 tamen

2385 974 2545 1027 etiam
2572 975 2773 1029 habent
2816 972 3072 1027 Socrates
3115 980 3171 1025 et
3207 970 3560 1024 Sozomenus.

2432 1067 2553 1121 XII.
2578 1068 2825 1120 Fortasse
2841 1065 3054 1124 Valens,
3078 1062 3363 1132 instigante
3382 1060 3744 1128 Pbritigerne,
3764 1056 3966 1110 bellum

2383 1168 2570 1212 contra
2591 1158 2974 1212 Athanaricum
3007 1156 3246 1221 suscepit
3276 1172 3289 1207 :
3320 1154 3567 1222 quarmis
3592 1151 3723 1203 illud
3748 1164 3965 1221 quoque

2385 1247 2580 1302 fecisse
2609 1249 2836 1317 legatur,
2872 1247 2995 1316 quia
3030 1247 3394 1300 Athanaricus
3428 1244 3695 1312 Procopio
3729 1253 3965 1310 tyranno

2386 1339 2623 1393 subsidia
2665 1346 2853 1393 contra
2903 1337 3179 1390 Valentem
3228 1337 3465 1390 miserat.
3508 1335 3763 1387 Fortasse
3803 1332 3968 1384 Atha-

2385 1432 2604 1484 narieus
2639 1429 3035 1500 Phritigerncm
3058 1444 3341 1499 aggressus
3366 1438 3444 1482 est
3481 1436 3596 1496 post
3623 1440 3814 1494 parem
3846 1440 3965 1475 cum

2386 1517 2609 1573 Valente
2661 1520 2878 1574 tactam.
2939 1518 3214 1585 Quidquid
3250 1518 3340 1581 sit,
3388 1517 3609 1571 dubium
3664 1513 3839 1582 magis
3888 1523 3967 1564 est

2385 1612 2525 1665 istud
2558 1612 2779 1675 bellum,
2809 1627 2967 1679 quam
3004 1620 3155 1665 certo
3188 1608 3455 1663 lictitium.
3478 1607 3705 1674 Reliqua
3733 1608 3785 1657 in
3822 1606 3967 1658 Actis

2388 1705 2554 1757 relata
2580 1706 2646 1756 de
2674 1713 2864 1758 sancto
2892 1702 3101 1765 Niceta,
3157 1704 3283 1761 licet
3344 1710 3449 1753 tam
3500 1710 3647 1752 certa
3700 1714 3807 1751 IlOn
3834 1699 3965 1761 sint,

2386 1808 2545 1862 quam
2600 1792 2736 1846 facta
2782 1794 2850 1847 ab
2900 1802 3125 1846 auctore
3146 1797 3684 1859 cumtemporataneo
3740 1790 3963 1854 scripta,

703 1876 826 1931 liter
864 1878 1052 1933 habuit
1091 1882 1223 1934 Acta
1266 1882 1594 1945 antiquiora,
1626 1898 1745 1949 qua:
1784 1884 1849 1935 ad
1880 1882 2074 1953 stylum
2121 1902 2278 1942 suum
2315 1862 2353 1914 Β
2385 1884 2545 1936 modo
2598 1885 2728 1937 satis
2776 1883 3056 1936 verisimili
3103 1892 3228 1936 sunt
3263 1892 3537 1935 enarrata.
3592 1881 3725 1931 Acta
3776 1890 3957 1930 autem

704 1969 960 2020 traduxit.
1023 1970 1210 2021 Latine
1260 1971 1405 2023 edita
1458 1981 1586 2025 sunt
1639 1974 1781 2042 apud
1820 1974 2179 2042 Llpomanum
2230 1989 2285 2034 et

705 2058 952 2126 Surium,
985 2060 1166 2129 ibique
1201 2062 1548 2132 Metaphrasti
1595 2066 1850 2132 ascripta.
1892 2066 2117 2121 Allatius
2146 2086 2286 2138 quo-

704 2166 809 2219 que
848 2152 901 2205 in
936 2151 1212 2221 Opusculu
1246 2156 1309 2209 de
1353 2155 1668 2209 Simeouum
1717 2156 1955 2225 scriptis,
2002 2175 2122 2230 pag.
2164 2163 2285 2226 19.7,

710 2241 905 2294 horum
952 2244 1210 2297 Actorum
1242 2244 1333 2297 dat
1373 2243 1612 2309 initium,
1653 2256 2011 2317 aggregatque
2046 2252 2289 2319 catalogo

710 2332 949 2396 illorum,
979 2352 1097 2402 qua!
1137 2334 1519 2404 Metaphrastis
1550 2352 1671 2390 esse
1713 2338 1987 2393 videntur.
2034 2336 2290 2397 Bailletus

706 2422 761 2474 in
802 2424 977 2477 tabula
1018 2426 1199 2480 critica
1235 2426 1300 2479 ad
1339 2428 1482 2478 hunc
1514 2426 1657 2479 diem
1700 2428 1977 2492 observat,
2010 2430 2113 2483 alia
2149 2432 2283 2485 olim

707 2516 838 2565 Acta
881 2516 1050 2567 sancti
1095 2514 1295 2569 Niretaa
1322 2516 1615 2579 exstitisse,
1644 2515 1737 2569 sed
1770 2531 1832 2569 ca
1878 2525 2133 2584 tanquam
2170 2535 2293 2587 per—

709 2605 821 2657 dita
869 2604 1054 2659 haberi
1114 2621 1292 2674 posse,
1349 2616 1632 2675 postquam
1690 2606 1779 2659 illa
1814 2622 1914 2661 suo
1963 2610 2099 2679 stylo
2128 2626 2288 2664 exor-

711 2696 891 2750 nanda
942 2699 1179 2766 suscepit
1226 2700 1646 2767 Metaphrastes.
1695 2697 1896 2754 Verum
1934 2702 2085 2770 justo
2128 2706 2293 2758 vehe-

710 2787 943 2840 mentior
968 2789 1183 2843 videtur
1205 2788 1319 2845 inec
1345 2806 1597 2857 censura,
1618 2806 1737 2861 qua:
1768 2790 1906 2847 forte
1929 2810 2037 2848 non
2068 2794 2288 2849 aliunde

2382 1974 2467 2026 illa
2500 1974 2706 2037 Graeca,
2740 1990 2857 2042 qua:
2889 1973 3101 2033 eadem,
3128 1973 3179 2025 in
3207 1972 3519 2040 apographo
3554 1973 3740 2023 nostro
3770 1978 3967 2023 notan-

2388 2073 2475 2116 tur
2508 2066 2790 2133 desumpta
2846 2080 2909 2118 ex
2955 2066 3142 2117 codice
3173 2078 3274 2117 ms.
3309 2064 3450 2131 regis
3485 2061 3745 2115 Francize.
3802 2059 3968 2113 luter-

2386 2156 2616 2225 pretatio
2645 2154 2833 2210 Latina
2864 2155 3004 2224 apud
3038 2154 3397 2226 Lipomanum
3436 2160 3492 2206 ct
3528 2151 3748 2205 Surium
3784 2152 3971 2204 (irch

2387 2248 2667 2302 contextui
2742 2249 3062 2317 plerumque
3124 2247 3436 2315 respondet,
3487 2260 3594 2298 non
3666 2250 3849 2296 tamen
3902 2244 3968 2294 ita

2391 2354 2610 2409 semper
2656 2351 2739 2392 est
2788 2350 3059 2401 accurata,
3098 2349 3157 2392 ut
3208 2347 3439 2407 nequeat
3485 2336 3785 2390 emendari.
3839 2332 3968 2387 Nam

2387 2432 2617 2485 subinde
2652 2432 2831 2500 aliqua
2864 2432 3024 2484 verba
3074 2446 3295 2501 prorsus
3341 2428 3531 2483 Latine
3577 2438 3703 2481 sunt
3745 2427 3965 2485 omissa,

2390 2538 2511 2593 queo
2563 2527 2865 2578 secundum
2926 2524 3110 2580 Graeca
3159 2525 3467 2593 adjungam.
3524 2520 3704 2575 Semel
3776 2520 3969 2571 iterum

2389 2617 2666 2685 interpres
2698 2632 2727 2669 a
2772 2634 2895 2670 vero
2931 2632 3098 2670 sensu
3132 2618 3412 2669 aberrasse
3445 2614 3696 2677 videtur;
3744 2613 3972 2679 ideoque

2396 2720 2579 2759 Veram
2611 2705 3116 2775 interpretationem
3163 2704 3512 2760 substitutam.
3548 2714 3759 2757 servata
3791 2712 3965 2756 tamen

2396 2798 2617 2867 antiqua
2652 2799 2919 2861 versione,
2967 2798 3292 2867 ubicumque
3326 2796 3601 2851 videbitur
3633 2796 3902 2867 legitima.

1924 3130 2740 3249 ΑΘΛΗΣΙΣ

2156 3350 2292 3404 ΤΟΥ
2338 3352 2543 3407 ΑΙΊΟΥ

1137 3518 2747 3655 ΜΕΓΑΛΟΜΑΡΤΥΡΟΣ
2876 3514 3561 3649 ΝΙΚΗΤΑ.

1947 3930 2720 4047 CERTAMEN

2224 4150 2313 4211 SA
2324 4150 2495 4211 NCTI

717 4351 966 4501 ET
1164 4339 1779 4502 MAGNI
1976 4340 2968 4500 MARTYRIS
3156 4344 3956 4501 NlCET/E.

790 4817 837 4868 1.
883 4806 1143 4865 Vlctricia
1200 4808 1453 4877 martyris
1494 4805 1701 4864 Niceta
1749 4808 1910 4863 hodie
1960 4807 2290 4867 celebramus

2474 4813 2551 4864 A'.
2584 4810 2913 4878 Νικητικοῦς
2946 4810 3161 4877 ἀγῶνας
3190 4809 3281 4864 τοῦ
3311 4809 3588 4881 μάρτυρος
3615 4807 3835 4879 Νικήτσ.
3867 4825 3967 4861 παι

720 4898 1036 4963 certamina,
1063 4912 1173 4950 non
1204 4914 1362 4965 quem
1398 4898 1658 4967 princeps
1697 4898 2070 4967 apostolorum
2106 4897 2300 4955 Petrus

719 4991 941 5053 erudiit.
992 5000 1044 5047 et
1103 4992 1192 5061 qui
1226 4991 1521 5047 Clementis
1559 4991 1660 5047 fuit
1719 4991 1883 5047 frater
1923 4992 2019 5061 (l),
2058 5003 2111 5047 et
2140 5009 2298 5062 quem

717 5080 1048 5137 Commodus
1080 5092 1343 5153 tyrannus
1382 5090 1603 5151 propter
1646 5081 1921 5139 Christum
1974 5084 2122 5138 illato
2169 5098 2300 5137 con-

718 5174 1014 5228 sttmmavit
1037 5176 1313 5243 martyrio.
1343 5171 1458 5229 Non
1500 5176 1881 5239 convenimus,
1926 5184 1983 5228 ut
2012 5174 2171 5238 hujus
2202 5190 2295 5229 cc-

695 5263 996 5318 -lebremus
1038 5264 1338 5318 certamina
1379 5264 1519 5319 :sed
1550 5262 1761 5334 quem(
1785 5263 1929 5332 quod
1972 5262 2036 5317 ad
2083 5262 2296 5319 laudent

793 5466 952 5535 (l)ln
1004 5467 1251 5522 versione
1288 5464 1478 5535 Latina
1514 5466 1707 5535 legitur
1746 5466 1946 5526 socius:
1994 5464 2087 5520 sed
2126 5464 2311 5522 Grzeca

721 5534 931 5606 phrasis
948 5536 1093 5593 clare
1126 5536 1342 5593 fratrem
1367 5534 1650 5601 signiﬁcat.
1681 5535 1736 5587 ln
1754 5536 1946 5606 eadem
1974 5537 2223 5606 versione
2248 5538 2312 5591 ad

729 5604 931 5659 nomen
977 5606 1273 5661 Clementis
1316 5608 1577 5662 additur:
1608 5604 1908 5666 Pontificis,
1940 5606 2082 5670 quod
2129 5604 2310 5661 Graeca

727 5692 832 5728 non
866 5676 1085 5747 habent.
1109 5676 1166 5731 ln
1189 5677 1669 5747 Rccognitionihus
1699 5673 1779 5747 8.4
1794 5673 2091 5747 Cl_e_mentis_
2120 5691 2311 5729 occur-

735 5755 861 5818 runt
888 5746 1069 5818 Niceta
1106 5757 1160 5818 et
1205 5742 1418 5818 Aquila,
1464 5756 1720 5818 tanquam
1748 5743 1804 5798 S.
1828 5742 2127 5818 Clementis
2165 5762 2312 5814 papa

741 5813 947 5873 fratres.
985 5816 1053 5871 At
1107 5816 1228 5875 libri
1268 5813 1739 5889 'Recognitimtum
1795 5814 2169 5869 auctoritatem
2204 5833 2308 5869 nun

2400 4902 2766 4972 νηγυρίζομεν
2800 4902 3037 4973 σήμερον
3065 4916 3080 4932 ⁸
3113 4902 3211 4973 οὐχ
3237 4902 3295 4957 ὃν
3333 4902 3361 4956 ὁ
3393 4902 3502 4955 τῶν
3533 4901 3852 4954 ἀποστόλων
3888 4918 3973 4954 xo-

2400 4996 2629 5066 ρυφαϊος
2678 4995 2880 5063 Πέτρος
2930 4993 3373 5063 ὲπαιὸαγώγησε,
3425 4992 3519 5046 καὶ
3566 4994 3802 5065 Κλήμης
3856 4994 3973 5061 Εσχε

2400 5083 2654 5141 κοινωνὸν
2702 5083 2907 5136 ὠδίνων
2955 5085 3064 5136 τῶν
3117 5084 3417 5155 μητρικῶν,
3466 5082 3623 5154 ῥώμη
3688 5099 3747 5133 τε
3812 5083 3973 5153 προήο

2401 5189 2585 5240 νεγχε,
2620 5174 2713 5225 καὶ
2748 5174 2989 5241 Κόμοδος
3020 5174 3299 5245 τυραννῶν
3326 5174 3404 5244 τῷ
3432 5173 3521 5227 διὰ
3549 5170 3785 5241 Χριστὸν
3824 5187 3972 5223 τετε-

2394 5263 2589 5318 λείωκε
2633 5266 2917 5337 μαρτυρῐῳ
2938 5284 2951 5299 ·
3000 5268 3061 5320 οὐ
3092 5267 3282 5320 τούτου
3318 5265 3411 5317 νῦν
3438 5264 3562 5326 τοὺς
3588 5260 3784 5329 ἄθλους
3810 5279 3975 5330 πανη-

2417 5467 2646 5530 habent;
2672 5481 2848 5535 neque
2872 5465 3028 5521 video
3048 5465 3311 5535 Nieetam,
3343 5463 3381 5519 S
3404 5464 3701 5521 Clementis
3725 5462 3970 5527 fratrem,

2416 5539 2468 5590 iu
2500 5534 2893 5607 MartyrolOgiis
2921 5536 3122 5591 Graecis
3146 5545 3230 5607 aut
3265 5534 3469 5607 Latinis
3498 5536 3791 5607 celebrari.
3825 5536 3973 5607 Forte

2412 5617 2600 5661 auctor
2645 5603 2722 5659 ne
2772 5603 3047 5659 insinuare
3106 5605 3318 5673 quidem
3370 5606 3562 5663 voluit,
3619 5604 3780 5657 talem
3835 5603 3971 5657 ullihi

2416 5676 2637 5800 reperliri
2681 5688 2967 5755 sanctum:
3011 5676 3106 5732 sed
3153 5677 3326 5733 solum
3380 5674 3590 5739 dicere,
3656 5676 3722 5731 de
3784 5676 3876 5729 tali
3924 5683 3973 5726 se

2416 5761 2521 5800 non
2579 5763 2726 5800 eum.

2414 5761 2521 5803 non
2561 5761 2726 5818 loqui.
