4150 6510
179 461 285 527 713

1281 448 1740 512 MARTYRIUM
1782 449 1844 509 S.
1885 443 2322 508 EUPHEMMI.
3315 436 3418 501 71$

183 617 3397 653 ____________________________._________

1511 778 2140 870 ΜΑΡΤΥΡΙΟΝ

795 980 1136 1111 ΤΗΣ
1281 971 1786 1108 ΑΓΙΑΣ
1932 968 2839 1108 ΕΥΦΗΜΙΑΣ.

1445 1379 2171 1469 MARTYRIUM

937 1597 1602 1730 SANCTIE
1769 1594 2675 1727 EUPHEMUE.

833 1842 1028 1903 (Latine
1053 1852 1138 1900 ap.
1165 1837 1361 1888 Surium
1388 1836 1447 1884 ad
1480 1837 1611 1886 diem
1644 1836 1703 1885 16
1726 1836 2050 1898 Septembris,
2075 1836 2246 1884 Graece
2271 1846 2333 1882 ex
2359 1833 2467 1883 cod.
2497 1843 2585 1879 ms.
2627 1827 2803 1891 Paris.)

262 2177 345 2231 A'.
365 2169 753 2245 Διοκλητιανοῦ
775 2170 843 2225 τὰ
856 2168 1150 2239 Ῥωμαίων
1185 2167 1445 2239 σκῆπτρα
1467 2166 1767 2231 διέποντος,
1799 2170 1843 2225 Α

193 2270 439 2340 Πρίσκου
495 2283 553 2319 τε
597 2270 727 2337 περὶ
760 2268 858 2334 τὴν
945 2261 1131 2318 Ἀσίαν
1203 2259 1695 2324 ἀνθυπατεύοντος,
1740 2258 1768 2311 ὁ

192 2360 336 2413 κατὰ
401 2356 742 2429 Χριστιανῶν
798 2354 1039 2424 διωγμὸς
1088 2352 1258 2406 δεινὸν
1318 2351 1471 2403 ἔπνει
1522 2349 1619 2403 καὶ
1676 2348 1771 2402 ἐπὶ

195 2453 341 2523 μέγα
374 2454 472 2504 καὶ
503 2450 734 2522 φοὸερὸν
783 2449 968 2520 ⁴ᾔρετο.
1016 2444 1121 2500 Ἦν
1162 2444 1218 2497 δέ
1267 2443 1345 2515 τῷ
1380 2442 1603 2513 Πρίσκῳ
1636 2459 1772 2512 συμο

194 2544 473 2615 πάρεδρός
529 2560 611 2606 τις
670 2542 775 2604 τῶν
835 2538 1124 2606 σοφιστῶν,
1176 2537 1521 2598 Ἀπελλιανὸς
1576 2534 1769 2603 ὄνομα,

197 2636 472 2707 ἱερατείας
502 2636 689 2704 χρείαν
714 2631 959 2701 πληρῶν,
979 2629 1057 2699 τῷ
1083 2627 1212 2698 παρ’
1233 2629 1415 2689 αὐτοῖς
1435 2625 1771 2696 ψευδωνύμῳ

194 2728 303 2799 θεῷ
338 2730 520 2795 ’Λρει.
567 2725 720 2778 Ἐπεὶ
748 2723 838 2776 οὖν
872 2723 1093 2793 ἐτήσιος
1125 2720 1289 2793 ἑορτὴ
1320 2718 1413 2773 τοῦ
1445 2719 1601 2773 νόθου
1646 2718 1772 2771 τού-

191 2838 284 2874 του
318 2822 628 2891 ἐνειστήκει
658 2819 803 2883 Θεοῦ,
830 2819 1135 2890 γράμματα
1157 2818 1252 2870 καὶ
1277 2815 1601 2887 προθέματα
1631 2811 1774 2867 κατὰ

194 2917 379 2969 πᾶσαν
411 2915 603 2983 ἐφοίτα
636 2914 735 2983 τὴν
768 2911 1110 2983 Χαλκηδόνα·
1159 2910 1218 2963 ἐν
1246 2910 1384 2980 αὐτῇ
1423 2909 1531 2976 γάρ
1569 2907 1663 2959 καὶ
1705 2906 1774 2959 τὰ

196 3004 305 3055 τῶν
340 3002 547 3054 θυσιῶν
574 3003 830 3057 ἐτελεῖτο,
858 3003 970 3055 Καὶ
1000 3003 1125 3064 ναὸς
1182 2996 1251 3071 ἦν
1298 2999 1391 3052 τοῦ
1449 3000 1642 3068 ’Λρεος
1677 2996 1775 3050 καὶ

193 3094 433 3149 εἰδώλων
466 3094 674 3147 ἐκείνου
707 3094 814 3146 τῶν
854 3094 1158 3163 ἐπισήμων
1205 3092 1386 3147 ἐκάλει
1418 3090 1473 3143 δέ
1504 3089 1599 3143 καὶ
1623 3088 1776 3141 πολί-

194 3203 295 3250 τας
351 3186 449 3239 καὶ
491 3186 651 3256 ὅσους
695 3184 1037 3255 Χαλκηδόνος
1077 3185 1260 3255 πέριξ,
1305 3186 1384 3247 είς
1431 3184 1528 3253 τὴν
1581 3182 1774 3252 ἑορτὴν

196 3280 268 3331 τά
299 3278 649 3348 προθέματα,
698 3276 920 3331 θάνατοι
969 3276 1024 3330 δέ
1079 3277 1172 3329 καλ⁸
1204 3276 1470 3345 τιμωρίαι
1524 3275 1777 3343 συνηπεί-

196 3373 363 3443 ληντο
392 3374 503 3435 τοῖς
541 3373 982 3441 προστάγμασιν,
1014 3364 1095 3432 οἷς
1124 3370 1480 3439 περιπίπτειν
1524 3367 1772 3435 ἔμελλον,

196 3467 312 3517 ὅσοι
348 3465 427 3534 μὴ
455 3465 751 3530 πείθοιντο,
794 3466 1013 3533 δαίμοσι
1046 3463 1402 3532 προσκυνεῖν,
1434 3457 1671 3528 σάλπιγξ
1715 3474 1774 3510 τε

194 3556 450 3624 διάτορον
484 3554 690 3623 ’ὴχοῦσα
721 3555 1075 3623 καὶ.φο6ερὸν
1118 3555 1372 3621 σύστημα
1406 3550 1474 3622 ἦν
1513 3554 1611 3622 τῆς
1642 3552 1776 3621 πρὸς

196 3646 288 3696 τὸν
312 3646 441 3697 ναὸν
460 3644 765 3714 συνδρομῆς
786 3661 840 3695 τε
871 3644 968 3696 καὶ
991 3642 1376 3703 συνελεύσεως.
1404 3641 1652 3702 Ὀπόσοις
1681 3640 1777 3691 οὖν

198 3738 419 3804 ἐναγεῖς
463 3734 563 3806 μὲν
602 3734 782 3788 θυσίαι
827 3738 922 3789 καὶ
956 3734 1281 3804 σεϐάσματα
1332 3735 1508 3803 μιαρὰ
1552 3729 1779 3786 τοιαῦτα

204 3830 519 3901 μεμίσητο,
571 3829 787 3900 ὁσιότης
841 3830 897 3882 δὲ
951 3828 1046 3883 καὶ
1101 3830 1356 3881 εὐσέϐεια
1415 3828 1506 3880 καὶ
1562 3830 1594 3897 ὴ
1645 3824 1780 3895 πρὸς

202 3925 336 3975 θεὸν
372 3925 558 3985 πίστις
589 3924 818 3994 ἔρρωτοθ
842 3917 988 3978 οὗτοι
1016 3922 1072 3974 δὲ
1118 3924 1227 3991 ἄρα
1278 3921 1376 3991 τὴν
1426 3920 1563 3990 μετὰ
1602 3934 1780 3985 παρα-

203 4014 520 4081 νομούντων
548 4015 859 4065 συνέλευσιν
900 4014 993 4065 καὶ
1026 4015 1126 4081 τὴν
1158 4016 1213 4064 εν
1246 4012 1511 4081 συνεδρίῳ
1552 4009 1779 4081 ματαιό-

202 4119 365 4170 τητος
422 4101 810 4170 διαφεύγοντες
874 4103 1202 4173 παρουσίαν,
1270 4103 1408 4155 κατὰ
1467 4102 1782 4171 συμμορίας

200 4194 353 4254 τινας
380 4194 439 4244 ἐν
468 4193 737 4257 οἰκίσκοις
760 4195 790 4262 ἢ
815 4194 1075 4265 ἐρημίαις
1104 4195 1331 4257 ἑαυτοὺς
1361 4191 1780 4263 ἐγκλεισάμενοι

207 4289 547 4358 προσευχαῖς
579 4288 674 4339 καὶ
699 4287 919 4357 δεήσεσι
947 4287 1299 4356 σχολάζοντες
1347 4283 1511 4356 ἦσαν,
1568 4287 1659 4338 καὶ
1705 4282 1781 4354 τῷ

204 4378 398 4448 ἀληθεῖ
434 4384 528 4432 καὶ
571 4382 719 4450 μόνῳ
772 4381 890 4450 Θεῴ
921 4382 1018 4449 τὴν
1057 4380 1281 4449 λογικὴν
1319 4378 1577 4448 λατρείαν
1608 4392 1775 4446 προσ-

210 4472 493 4538 φέροντες,
525 4466 600 4524 ὧν
627 4467 705 4535 εἷς
737 4471 891 4540 ἅγιος
922 4473 1134 4543 ὑπῆρχε
1168 4472 1324 4542 χορὸς
1353 4473 1449 4525 καὶ
1494 4474 1521 4525 ὀ
1546 4474 1611 4543 τῇ
1643 4487 1782 4524 παν-

210 4562 447 4634 ευιρήμῳ
477 4561 569 4612 καὶ
617 4560 845 4630 λαμπρᾷ
894 4564 1131 4630 μάρτυρι
1177 4563 1435 4631 Εὑφημίᾳ
1467 4562 1783 4630 ἐλλαμπρυ-

206 4655 455 4723 νόμενος,
514 4654 775 4725 Εὑφημίᾳ
806 4660 869 4723 τῇ
902 4659 1084 4710 πᾶσαν
1126 4656 1461 4726 φερωνύμως
1503 4659 1569 4727 τῇ
1613 4656 1782 4726 αὐτῆς

208 4749 366 4817 φήμῃ
405 4747 774 4821 περιλαϐούσῃ
806 4751 907 4820 τὴν
949 4751 1295 4819 οἰκουμένην,
1329 4750 1362 4820 ἢ
1413 4750 1629 4820 πατέρα
1682 4748 1781 4819 μὲν

1944 2164 1987 2217 l.
2018 2164 2358 2218 Diocletiano
2392 2173 2613 2219 tenente
2662 2172 2879 2233 sceptra
2933 2161 3161 2219 Romani
3204 2161 3439 2235 imperii,

1874 2255 2057 2311 Prisco
2108 2263 2291 2309 autem
2341 2257 2482 2310 Asiae
2512 2257 2856 2325 proconsule,
2888 2256 3149 2313 adversus
3175 2256 3443 2314 Christia~

1873 2364 1973 2403 nos
2000 2349 2180 2418 gravis
2211 2348 2455 2418 spirabat
2504 2349 2837 2417 persecutio,
2871 2364 3120 2418 saevaque
3150 2359 3205 2406 et
3253 2350 3447 2407 formi-

1873 2440 2090 2495 dabilis.
2126 2440 2257 2495 Erat
2287 2450 2469 2495 autem
2494 2439 2679 2494 Prisco
2711 2454 2958 2495 assessor
2989 2441 3209 2511 quidam
3244 2440 3448 2512 Sophi-

1874 2540 1977 2602 sta,
2005 2533 2230 2587 nomine
2253 2532 2591 2601 Apellianus,
2624 2530 2858 2601 fungens
2898 2547 3127 2587 munere
3154 2533 3446 2588 sacerdotii

1873 2624 1983 2687 dei,
2020 2625 2112 2693 qui
2145 2626 2284 2694 apud
2320 2641 2416 2679 eos
2466 2625 2600 2679 falso
2643 2622 2979 2690 nominatur,
3046 2623 3252 2681 Martis.
3309 2625 3444 2680 Cum

1873 2730 2005 2785 ergo
2058 2716 2224 2786 hujus
2259 2716 2548 2771 adulterini
2585 2716 2673 2771 dei
2739 2717 2943 2773 festum
2999 2718 3229 2773 instaret
3286 2719 3447 2774 anni-

1875 2807 2204 2871 versarium,
2246 2808 2442 2863 littera:
2493 2818 2547 2863 et
2574 2808 2752 2865 edicta
2786 2824 2883 2877 per
2919 2808 3232 2863 universam
3284 2823 3449 2863 νεηθ-

1875 2906 2005 2951 runt
2032 2897 2460 2953 Chalcedonem.
2497 2900 2553 2953 In
2617 2915 2680 2953 ea
2716 2900 2862 2954 enim
2902 2900 3311 2972 peragebantur
3357 2915 3448 2955 sa-

1874 2990 2122 3057 criﬁcia;
2156 3007 2280 3045 nam
2307 2991 2379 3046 ibi
2414 3001 2531 3047 erat
2582 2992 2841 3061 templum
2874 2991 3080 3057 Martis,
3120 3001 3173 3047 et
3236 2991 3450 3062 insigne

1876 3082 2023 3135 illius
2053 3083 2431 3140 simulacrum.
2470 3084 2751 3139 Vocabant
2790 3094 2972 3138 autem
2996 3084 3173 3138 edicta
3200 3083 3347 3139 cives
3375 3083 3444 3138 ad

1876 3172 2096 3239 fesmm,
2129 3183 2183 3229 et
2206 3190 2300 3230 eos
2342 3175 2433 3247 qui
2470 3176 2787 3232 habitabant
2823 3175 2970 3229 circa
3020 3174 3443 3233 Cbalcedonem.

1879 3265 2228 3321 Minabantur
2264 3283 2392 3322 vero
2423 3276 2653 3322 mortem
2697 3277 2751 3322 et
2784 3267 3050 3337 supplicia
3091 3266 3179 3335 iis,
3211 3266 3276 3321 ad
3309 3282 3448 3336 quos

1874 3371 2031 3413 erant
2065 3372 2316 3427 ventura,
2382 3363 2425 3415 si
2462 3378 2570 3415 non
2629 3364 3108 3431 persuaderentur,
3162 3369 3221 3416 ut
3253 3362 3450 3419 adora-

1878 3462 2000 3506 rent
2028 3454 2326 3509 dtemones.
2351 3452 2626 3523 Tubmque
2653 3454 2797 3509 clare
2839 3465 3097 3509 sonantes
3143 3467 3199 3510 et
3230 3456 3450 3511 terribi-

1881 3546 2026 3609 liter,
2059 3557 2216 3602 erant
2247 3534 2458 3619 signum
2493 3548 2850 3604 comeniendi
2883 3549 2950 3604 ad
3006 3549 3287 3619 templum.
3316 3549 3447 3615 Qui-

1879 3638 2199 3707 buscunque
2249 3657 2379 3711 ergo
2434 3642 2765 3697 exsecranda
2805 3642 3025 3710 quidem
3088 3642 3352 3697 sacriﬁcia
3398 3653 3454 3696 et

1880 3730 2249 3784 abominanda
2313 3734 2583 3801 ejusmodi
2633 3735 2822 3806 religio
2878 3745 3001 3789 erat
3056 3736 3202 3801 odio,
3259 3746 3451 3791 contra

1881 3828 2063 3875 autem
2090 3820 2246 3876 ﬁrma
2294 3831 2410 3877 erat
2438 3824 2722 3888 sanetitas,
2783 3834 2843 3879 et
2876 3826 3071 3896 pietas,
3126 3836 3179 3880 et
3215 3827 3346 3881 iides
3395 3827 3449 3881 in

1882 3912 2188 3976 Christum,
2231 3915 2267 3967 ii
2320 3916 2555 3969 vitantes
2608 3919 3055 3986 congressionem
3092 3934 3217 3973 cum
3274 3918 3456 3989 impiis

1881 4011 1937 4057 et
1960 4003 2253 4059 concilium
2286 4005 2564 4071 vanitatis,
2595 4022 2693 4075 per
2730 4009 2992 4079 quasdam
3035 4010 3239 4065 classes
3278 4026 3337 4065 se
3399 4013 3455 4065 in

1882 4095 2133 4151 domibus
2162 4096 2525 4165 includentes,
2547 4101 2714 4156 autin
2743 4102 3155 4170 solitudinibus,
3192 4105 3458 4159 vacabant

1883 4188 2139 4257 precibus
2176 4200 2230 4246 et
2265 4191 2629 4254 orationibus,
2686 4209 2925 4263 veroque
2958 4204 3014 4249 et
3045 4197 3144 4249 soli
3195 4195 3302 4251 Deo
3345 4198 3460 4251 cul-

1888 4290 1998 4333 tum
2030 4280 2336 4335 offerebant
2367 4283 2711 4337 rationalem.
2766 4284 3022 4351 Quorum
3043 4303 3187 4343 unus
3239 4304 3460 4359 quoque

1887 4383 2004 4429 erat
2034 4373 2260 4438 chorus,
2290 4375 2381 4445 qui
2410 4376 2680 4447 imprimis
2713 4380 3000 4435 benedicta
3049 4390 3105 4436 et
3139 4385 3285 4436 clara
3312 4398 3458 4435 mar-

1888 4476 2001 4537 tyre
2039 4468 2338 4536 Euphemia
2394 4469 2781 4532 decorabatur,
2849 4470 3163 4539 Euphemia,
3212 4474 3455 4542 inquam,

1884 4573 2001 4627 quze
2035 4559 2430 4613 convenienter
2481 4576 2582 4613 suo
2619 4563 2829 4616 nomini
2894 4563 3209 4620 universum
3266 4566 3453 4619 orbem

1888 4658 2046 4706 terra:
2076 4664 2172 4704 sua
2206 4650 2347 4706 fama
2374 4662 2491 4708 erat
2522 4655 2825 4723 complexa.
2845 4654 2975 4720 Quae
3007 4667 3216 4725 patrem
3238 4653 3456 4726 quidem

1890 4743 2122 4797 habebat
2159 4744 2453 4812 quemdam
2478 4760 2507 4799 e
2531 4756 2742 4809 senatu,
2769 4752 2825 4800 et
2859 4747 2949 4815 qui
2984 4748 3189 4817 aliquot
3219 4759 3462 4819 gesserat

208 4838 332 4906 ἔσχε
364 4839 463 4907 τῆς
500 4839 807 4909 συγκλήτου
835 4840 957 4892 τινὰ
997 4842 1090 4893 καὶ
1142 4841 1347 4893 τούτων
1373 4840 1437 4908 δὴ
1464 4840 1573 4891 τῶν
1596 4840 1781 4909 ἄρχειν

1893 4834 2289 4905 magistratus:
2350 4846 2468 4890 erat
2520 4844 2703 4890 autem
2759 4838 2808 4892 ei
2869 4855 3063 4894 nomen
3126 4840 3458 4911 Philophron

208 4930 552 4998 ἠξιωμένων,
579 4932 871 5002 Ψιλὸφρων
894 4931 1042 5001 αὑτῴ
1070 4931 1274 5000 ιὄνομα,
1314 4933 1526 5000 μητέρα
1574 4932 1629 4983 δὲ
1664 4931 1787 4984 λίαν

211 5021 414 5087 εὐσεϐῆ
443 5020 543 5071 καὶ
596 5026 851 5090 κοσμίαν,
904 5024 1353 5097 Θεοδωρησιανὴν
1404 5022 1549 5077 οὕτω
1595 5023 1790 5078 καλου-

219 5109 413 5178 μένην,
455 5109 578 5179 ῆτις
634 5114 726 5162 καὶ
770 5111 942 5179 δῶρον
991 5114 1055 5163 ἐκ
1104 5111 1240 5164 Θεοῦ
1290 5116 1607 5181 πενομένοις
1654 5116 1790 5167 πάσι

212 5202 509 5270 δεδώρητο,
564 5203 632 5255 τὰ
667 5202 834 5274 αὐτῆς
899 5203 1120 5254 ἐκείνων
1177 5204 1356 5256 πάντα
1392 5204 1642 5256 ποιοῦσα.
1682 5207 1791 5259 Καὶ

214 5295 337 5365 χεὶρ
372 5296 563 5357 αὐτοῖς
615 5293 753 5349 οὖσα
803 5296 1031 5366 δαψιλής
1065 5313 1121 5349 τε
1159 5298 1251 5353 καὶ
1285 5297 1681 5366 μεγαλόδωρος,
1732 5296 1791 5362 ἐξ

219 5376 295 5437 ὧν
349 5384 615 5454 Εὑφημία
656 5386 1013 5456 προελθοῦσα,
1057 5386 1282 5456 βλαστὸς
1337 5389 1510 5457 ἐφάνη
1551 5390 1617 5457 τῇ
1668 5388 1792 5459 ῥίζῃ

221 5477 544 5549 προσήκων,
604 5480 799 5541 κλάδος
859 5479 1129 5533 ἐπινεύων
1192 5481 1273 5544 εἰς
1334 5482 1648 5535 θεοσέδειαν
1700 5484 1794 5535 καὶ

220 5567 637 5645 καρπὸςοδντως
670 5571 850 5634 ἐλέους
877 5572 1156 5634 πιότατος.

297 5756 377 5810 B’.
419 5754 533 5823 Τῆς
577 5749 672 5811 οὖν
725 5753 1046 5827 δαιμονικῆς
1110 5754 1326 5825 ἐκείνης
1374 5755 1797 5826 ἐπιτελουμένης

225 5844 446 5911 θυσίας,
497 5844 849 5906 Ἀπελλιανδς
904 5845 966 5895 οὐ
1004 5848 1463 5914 παροπτέα,οὺδέ
1516 5849 1799 5916 φροντίδος

557 5938 823 5997 ιἈτιιοι..
873 5936 988 5995 Gn.
1036 5938 1207 6001 CXV.

1894 4923 2347 4996 [Philosophion,
2381 4924 2515 4996 Ado]
2552 4940 2564 4977 :
2596 4938 2826 4983 matrem
2856 4946 2986 4985 vero
3022 4930 3181 4984 valde
3217 4933 3358 4999 piam
3406 4942 3463 4985 et

1889 5020 2196 5077 honestam,
2232 5032 2354 5085 qua:
2380 5020 2678 5073 vocabatur
2727 5020 3095 5078 'l‘beodorosia
3126 5021 3460 5093 [Theodora,

1889 5108 2065 5179 Ado]:
2096 5125 2214 5179 quae
2244 5114 2403 5165 etiam
2449 5128 2477 5165 a
2509 5112 2619 5166 Deo
2649 5113 2853 5168 donum
2903 5113 3025 5169 data
3051 5114 3227 5169 fuerat
3281 5119 3461 5170 omni-

1892 5202 1993 5257 bus
2020 5204 2329 5272 egentibus,
2381 5203 2595 5259 illorqu
2657 5205 2866 5263 l‘aciens
2932 5208 3134 5271 omnia,
3190 5220 3309 5276 qua
3362 5224 3458 5264 sua

1892 5303 2070 5357 erant,
2100 5304 2156 5348 et
2181 5295 2339 5363 cujus
2370 5299 2569 5351 eratin
2605 5312 2700 5352 eos
2758 5314 2951 5353 manus
3000 5299 3141 5369 larga
3178 5308 3233 5353 et
3282 5302 3461 5353 muni-

1894 5385 2016 5439 fica.
2044 5384 2119 5439 Ex
2152 5387 2351 5463 quibus
2397 5398 2515 5443 orta
2576 5390 2896 5459 Euphemia.
2954 5392 3205 5461 apparuit
3238 5408 3459 5462 germen

1896 5476 2063 5533 radici
2092 5478 2451 5545 conveniens,
2488 5495 2671 5534 ramus
2697 5496 2945 5537 annuens
2972 5482 3037 5535 ad
3070 5483 3328 5550 pietatem
3367 5499 3461 5536 re-

1897 5583 2125 5638 ramque
2162 5571 2505 5642 religionem,
2535 5581 2590 5627 et
2616 5573 2775 5642 longe
2826 5574 3213 5643 pinguissimus
3252 5572 3461 5628 fructus

1898 5662 2313 5719 misericordiae.

1970 5758 2036 5812 Il.
2067 5758 2205 5813 Cum
2257 5758 2386 5815 illud
2428 5774 2556 5829 ergo
2614 5759 2921 5815 daemonum
2990 5770 3340 5831 perageretur
3380 5776 3473 5816 εον

1898 5850 2186 5916 oriﬁcium,
2207 5866 2314 5906 non
2344 5852 2748 5923 negligendum,
2780 5856 2874 5908 sed
2899 5854 3129 5906 maxime
3159 5851 3462 5909 curandum

3146 5941 3219 6000 23
