4150 6502
728 411 832 471 7l5

1966 394 2246 454 MENSIS
2285 392 2750 455 SEPTEMBER.

3862 393 3968 455 716

729 527 934 578 ducens
968 522 1110 575 hunc
1167 527 1364 574 ccetum
1408 516 1619 586 piorum
1671 512 2004 582 Apellianus,
2049 526 2175 565 cum
2223 511 2289 564 de

2409 510 2594 576 ἀνάξια
2629 512 2694 563 τά
2735 509 2877 564 κατά
2907 510 2996 563 τὸν
3027 509 3254 579 θεοσεϐῆ
3281 508 3463 564 τοῦτον
3497 509 3693 562 θίασον,
3714 509 3964 578 θέμενος.

731 630 797 668 eo
829 612 1119 683 diligenter
1170 609 1528 678 inquisiisset,
1561 613 1615 659 et
1670 605 1869 658 certior
1925 602 2096 656 factus
2129 610 2294 664 esset,

731 722 794 760 ea
849 703 1119 775 significat
1151 699 1487 772 proconsuli.
1523 696 1779 751 Protinus
1819 704 1999 748 autem
2055 707 2299 762 compre-

732 797 991 852 henditur
1023 810 1145 868 cum
1179 794 1347 847 multa
1379 793 1483 845 alia
1523 790 1814 845 multitudo
1839 788 2294 853 Christianorum,

732 900 846 944 tum
897 889 1013 959 ipse
1048 902 1264 957 quoque
1290 885 1508 938 divinus
1540 884 1762 948 chorus,
1799 881 1851 935 in
1885 895 1995 949 quo
2030 887 2299 948 eratprae-

732 983 873 1036 clara
907 982 1024 1034 haec
1071 980 1221 1048 virgo
1255 974 1724 1046 Euphemia,quae
1775 983 1831 1028 et
1885 971 2132 1042 corporis
2182 970 2301 1041 pul-

733 1071 1069 1130 chritudine,
1125 1077 1178 1121 et
1212 1064 1422 1119 virtutis
1479 1064 1685 1134 specie,
1739 1063 2003 1117 etaetatis
2038 1060 2188 1125 ﬂore,
2247 1068 2300 1114 et

735 1161 949 1232 generis
978 1158 1246 1222 claritate,
1290 1157 1433 1210 inter
1477 1171 1568 1208 eos
1598 1155 1814 1208 lucebat
1847 1154 2014 1208 veluti
2036 1153 2190 1208 stella
2218 1151 2303 1205 lu-

730 1253 1031 1308 cidissima.
1066 1250 1148 1303 Ad
1203 1248 1558 1319 quadraginta
1608 1255 1789 1300 autem
1824 1258 1876 1300 et
1931 1260 2128 1300 novem
2167 1261 2300 1299 eon-

731 1353 1077 1417 gregatorum
1111 1351 1227 1395 erat
1266 1340 1356 1394 ille
1392 1355 1545 1393 sacer
1571 1339 1796 1393 chorus.
1833 1337 1937 1402 Qui
1988 1352 2113 1391 cum
2170 1335 2301 1390 fuis-

732 1445 856 1491 sent
889 1432 1296 1503 comprehensi,
1351 1429 1600 1500 producti
1649 1438 1778 1482 sunt
1845 1429 1898 1481 in
1949 1437 2298 1497 conspectum

736 1526 1101 1598 proconsulis.
1157 1524 1250 1576 llle
1286 1531 1470 1576 autem
1507 1536 1602 1575 eos
1630 1520 1785 1589 prius
1815 1519 2083 1573 inducens
2112 1518 2301 1572 admo-

731 1619 966 1683 nitione,
987 1616 1285 1670 conabatur
1306 1613 1580 1668 abducere
1611 1627 1640 1666 a
1677 1612 1902 1682 pietate,
1936 1611 2094 1665 bonis
2144 1618 2301 1664 terrae

733 1709 923 1765 volens
953 1724 1046 1762 eos
1075 1707 1407 1766 demulcere,
1443 1703 1532 1772 qui
1569 1701 1860 1772 cupiebant
1906 1701 2172 1763 ccelestia,
2220 1699 2304 1753 di-

733 1799 890 1855 cebat
920 1798 1065 1850 enim
1105 1814 1119 1849 :
1153 1794 1469 1848 Sacriﬁcate
1504 1806 1701 1860 magno
1726 1791 1838 1843 deo
1869 1788 2050 1849 Marti,
2097 1795 2157 1839 ut
2184 1786 2302 1854 ejus

731 1887 1138 1952 benevolentia,
1183 1896 1237 1940 et
1271 1885 1340 1939 ab
1387 1881 1810 1954 imperatoribus
1837 1880 2013 1934 danda
2044 1878 2300 1931 felicitate

726 1999 828 2038 vos
871 1983 1068 2052 dignos
1129 1977 1395 2039 elﬁciatis.
1457 1985 1512 2030 et
1586 1973 1820 2044 plurima
1896 1968 2302 2039 consequamini

733 2090 957 2130 munera
981 2083 1036 2128 et
1061 2073 1326 2126 honores.
1359 2068 1461 2124 Cui
1489 2066 1706 2122 divinus
1765 2064 1851 2119 ille
1903 2064 2124 2128 chorus,
2182 2070 2305 2114 tan-

729 2179 894 2237 quam
935 2179 1041 2218 uno
1095 2161 1276 2214 animo
1302 2169 1359 2214 et
1410 2174 1517 2212 uno
1566 2172 1706 2212 ore:
1770 2156 1905 2218 Nos,
1939 2155 2218 2217 dixerunt,
2269 2167 2304 2206 ο

732 2256 1046 2330 proconsul,
1086 2252 1255 2309 Deum
1313 2267 1506 2306 verum
1547 2249 1727 2306 colere
1783 2245 2091 2314 didicimus,
2149 2245 2305 2316 cujus

729 2357 902 2412 verbo
941 2370 1007 2409 ex
1043 2353 1111 2406 iis
1153 2366 1276 2421 qua:
1307 2365 1414 2404 non
1451 2358 1606 2404 erant
1661 2346 2022 2402 constitutum
2067 2353 2151 2398 est
2185 2344 2307 2397 uni-

737 2459 982 2508 versum,
1008 2443 1207 2498 coelum
1234 2450 1290 2494 et
1317 2450 1481 2502 terra,
1513 2447 1568 2491 et
1587 2437 1769 2490 omnia
1795 2452 1914 2505 qua:
1946 2447 2075 2488 sunt
2099 2435 2152 2487 in
2187 2434 2302 2499 eis;

734 2553 913 2607 neque
941 2536 1106 2589 ullum
1130 2533 1300 2588 alium
1335 2529 1504 2585 Deum
1532 2529 1757 2592 scimus,
1798 2536 1992 2596 praeter
2017 2527 2185 2591 hunc,
2217 2539 2309 2579 ne-

733 2647 842 2702 que
893 2629 1122 2684 adorare
1182 2624 1371 2695 (absit,
1434 2621 1549 2676 Rex
1603 2620 1841 2690 Christe)
1894 2619 2303 2674 sustinebimus.

736 2724 854 2780 Tua
887 2731 1071 2775 autem
1096 2719 1238 2773 dona
1269 2725 1324 2769 et
1359 2716 1595 2769 honores
1630 2714 1764 2768 alios
1793 2713 2050 2774 alliciant.
2104 2725 2306 2781 eosque

738 2813 828 2884 qui
864 2805 1371 2879 suntpusillanimi,
1416 2814 1469 2858 et
1503 2819 1666 2874 parva
1716 2803 2136 2874 concupiscunt,
2172 2802 2309 2855 deli-

739 2907 910 2959 niant.
944 2901 1068 2956 Haec
1091 2900 1234 2955 enim
1260 2914 1291 2952 a
1337 2898 1494 2952 nobis
1549 2897 1702 2966 parvi
1740 2895 1895 2958 ﬁunt,
1927 2904 1982 2948 et
2023 2895 2111 2947 vix
2146 2894 2307 2948 ullam

739 3011 928 3052 eorum
962 2994 1213 3048 ducimus
1239 2990 1531 3052 rationem,
1558 3003 1682 3041 eum
1714 2987 1890 3040 solum
1931 3000 2180 3040 amemus
2213 2988 2310 3041 ho-

738 3100 951 3150 norem,
977 3082 1066 3153 qui
1105 3090 1187 3136 est
1221 3080 1274 3134 in
1310 3078 1484 3142 cmlis,
1515 3091 1675 3145 quem
1724 3078 1888 3131 vitam
1942 3057 2304 3131 immortalem

2396 602 2510 655 ἀλλ’
2541 602 2613 664 ὡς
2651 603 2886 667 μάλιστα
2917 601 3431 673 περιεργασάμενος
3466 605 3558 655 καὶ
3585 601 3800 672 μαθὼν,
3829 602 3969 670 δῆλα

2398 693 2571 746 ταῦτα
2620 695 2695 763 τῷ
2728 694 3022 763 ἀνθυπάτῳ
3075 697 3240 756 ποιεῖ,
3294 693 3387 744 καὶ
3436 694 3779 763 παραχρῆμα
3819 710 3969 745 συνε-

2397 785 2733 858 λαμϐάνοντο
2760 785 2891 840 ἄλλα
2925 804 2982 838 τε
3022 785 3194 838 πολλὰ
3217 785 3326 837 τῶν
3366 786 3712 854 Χριστιανῶν
3762 783 3970 853 πλήθη.

2401 880 2495 932 καὶ
2515 879 2676 942 αὐτὸς
2703 881 2730 932 ὁ
2760 878 2901 940 θεῖος
2930 873 3083 938 οὗτος
3112 878 3292 946 χορὸς,
3346 876 3403 939 ὃς
3432 875 3681 928 ἐπλούτει
3713 877 3812 944 τὴν
3843 875 3973 928 καλ-

2398 970 2728 1038 λιπάρθενον
2785 969 3100 1037 Εὐφημίαν,
3135 968 3169 1038 ἢ
3218 966 3404 1020 κάλλει
3457 983 3514 1018 τε
3567 966 3821 1034 σώματος
3879 968 3972 1017 καὶ

2400 1063 2601 1134 ἀρετῆς
2630 1061 2772 1132 ὥρᾳ,
2811 1060 2964 1114 ἄνθει
3016 1077 3075 1111 τε
3134 1059 3348 1129 ἡλικίας
3382 1063 3475 1110 καὶ
3511 1059 3704 1126 γένους
3745 1073 3974 1125 mpige-

2398 1157 2541 1226 νείᾳ,
2595 1155 2761 1225 μέσον
2807 1152 2986 1207 αὐτῶν
3043 1152 3180 1204 κατὰ
3230 1153 3355 1212 τοὺς
3397 1150 3685 1219 λαμπροὺς
3735 1150 3973 1218 ἀστέρας

2401 1245 2696 1314 λάμπουσα
2731 1239 2821 1313 ἦν.
2858 1244 2951 1325 Εἰις
2981 1244 3136 1295 ἐννέα
3191 1242 3288 1311 μὲν
3310 1240 3401 1293 οὖν
3425 1243 3516 1292 καὶ
3544 1241 3969 1310 τεσσαράκοντα

2401 1338 2630 1408 τδίερὸν
2682 1339 2858 1389 ἐκεῖνο
2918 1335 3234 1387 συνείλεκτο
3288 1333 3582 1402 ἄθροισμα,
3638 1332 3689 1383 οἳ
3724 1332 3819 1383 καί
3851 1331 3974 1382 κατ’

2401 1432 2522 1501 ὄψιν
2562 1431 2685 1480 ἐπεὶ
2718 1427 3134 1496 συνελήφθησαν
3160 1425 3236 1494 τῷ
3263 1424 3559 1494 ἀνθυπάτῳ
3594 1423 3971 1493 παρέστησαν·

2401 1528 2428 1578 ὁ
2457 1525 2514 1577 δὲ
2540 1521 2865 1591 παραινέσει
2900 1521 3164 1591 πρότερον
3194 1517 3430 1584 ἀπάγειν
3472 1516 3675 1578 αὐτοὺς
3712 1515 3976 1583 ἐπειρᾶτο

2404 1617 2507 1682 τῆς
2538 1614 2842 1676 εὐσεϐείας,
2886 1614 2998 1674 τοῖς
3037 1609 3261 1679 ἀγαθοῖς
3292 1613 3390 1678 τῆς
3422 1609 3526 1677 γῆς
3580 1608 3798 1675 θέλγειν
3855 1605 3976 1674 βου-

2404 1709 2648 1778 λόμενος,
2703 1705 2829 1768 τοὺς
2875 1704 2986 1757 τῶν
3023 1743 3037 1759 .
3075 1743 3089 1757 .
3128 1741 3143 1757 .
3183 1741 3196 1755 .
3246 1743 3258 1756 .
3301 1740 3314 1754 .
3349 1701 3702 1768 εφισμένους,
3730 1698 3971 1758 Θύσιτε,

2405 1801 2604 1868 λέγων,
2655 1797 2734 1869 τῷ
2791 1797 3010 1867 μεγάλῳ
3074 1792 3182 1862 θεῷ
3231 1794 3389 1862 Ἀρει
3418 1791 3493 1853 ὡς
3520 1790 3586 1842 ἂν
3616 1790 3716 1857 τῆς
3749 1805 3809 1840 τε
3852 1786 3975 1856 παρ’

2406 1892 2573 1947 αὐτοῦ
2628 1890 2915 1962 εὐμενείας
2964 1887 3187 1956 καὶτῆς
3231 1886 3296 1939 ὲκ
3333 1882 3600 1954 βασιλέων
3624 1880 3978 1948 εὐδαιμονίας

2405 1987 2587 2052 ἀξίους
2617 1985 2842 2044 ἐαυτούς
2874 1981 3279 2050 καταστήσητε,
3307 1977 3401 2031 καὶ
3440 1972 3659 2044 δωρεῶν
3708 1970 3977 2023 πλείστων

2405 2073 2753 2145 ἀπολαύσητε
2828 2072 2923 2123 xal.
2975 2068 3176 2139 τιμῶν*
3231 2067 3365 2136 πρὸς
3407 2065 3466 2118 ὃν
3506 2066 3535 2116 ό
3577 2063 3719 2126 θεῖος
3773 2062 3979 2120 ἐκεῖνος

2405 2168 2586 2238 χορὸς,
2613 2165 2802 2234 ὥσπερ
2825 2165 2888 2214 ἐκ
2907 2161 3032 2231 μιᾶς
3053 2159 3147 2211 καί
3161 2158 3338 2227 ψυχῆς
3357 2157 3448 2208 καὶ
3465 2153 3735 2223 γλώττης,
3763 2153 3974 2221 Ἡμεῖς,

2406 2256 2706 2316 ἀνθύπατε,
2732 2251 2910 2318 εἷπον,
2931 2248 3215 2323 λατρεύειν
3238 2245 3427 2316 ἀληθεῖ
3444 2243 3561 2313 Θεῷ
3590 2241 3975 2312 δεδιδάγμεθα,

2406 2344 2468 2402 οὐ
2506 2349 2712 2419 ῥήματι
2745 2347 2807 2397 ἐκ
2841 2344 2915 2414 μὴ
2941 2344 3110 2396 ὄντων
3152 2341 3359 2408 ὐπέστη
3389 2338 3450 2390 τδ
3477 2337 3586 2389 πᾶν
3617 2374 3631 2390 .

2408 2441 2503 2493 καὶ
2531 2442 2599 2508 γῆ
2628 2438 2720 2490 καί
2749 2437 2818 2488 τὰ
2847 2439 2904 2489 ἐν
2935 2434 3118 2495 αὐτοῖς
3151 2433 3388 2496 ἅπαντα,
3414 2428 3539 2483 οὐτε
3581 2429 3636 2482 δὲ
3671 2428 3794 2482 θεὸν
3826 2427 3980 2480 ἄλλον

2409 2530 2562 2602 παρά
2592 2529 2779 2583 τοῦτον
2813 2527 2968 2597 ἴσμεν
2994 2524 3118 2578 οὐτε
3148 2524 3493 2594 προσκυνεῖν,
3521 2521 3597 2591 μὴ
3611 2520 3825 2588 γένοιτό
3854 2535 3978 2570 ποτε

2408 2642 2460 2694 χ.
2495 2662 2509 2677 .
2539 2663 2552 2676 .
2586 2662 2601 2676 .
2633 2659 2647 2675 .
2699 2619 2947 2692 βασιλεῦ,
2978 2615 3306 2684 ἀνεξόμεθα,
3359 2614 3428 2664 τὰ
3459 2614 3515 2664 δέ
3569 2613 3636 2663 σὰ
3687 2610 3837 2678 δῶρα
3892 2609 3981 2659 καὶ

2408 2717 2462 2767 αἰ
2520 2715 2678 2783 τιμαὶ
2729 2710 2904 2764 ἄλλων
2978 2707 3222 2758 εστωσαν
3273 2701 3577 2772 θεραπεῖαι,
3635 2698 3870 2770 μικρούς
3926 2714 3980 2749 τε

2409 2806 2505 2858 καὶ
2565 2802 2776 2873 μικρῶν
2816 2799 3161 2869 ἐπιθυμητὰς
3221 2795 3584 2862 θελγέτωσαν.
3657 2792 3824 2860 Ἦμῖν
3879 2792 3983 2861 γὰρ

2410 2895 2614 2966 φαύλου
2647 2896 2807 2964 λόγου
2840 2893 2933 2946 καὶ
2973 2890 3070 2944 τοῦ
3116 2887 3372 2958 τυχόντος
3430 2885 3557 2952 ἀξια
3601 2883 3800 2951 ταῦτα,
3856 2886 3982 2954 μιᾶς

2413 2989 2583 3060 μόνης
2614 2988 2784 3059 ἐρῶσι
2816 2987 2984 3056 τιμῆς
3014 2983 3118 3053 τῆς
3153 2985 3209 3035 ἐν
3335 3021 3349 3036 .
3501 3017 3516 3034 .
3663 3017 3681 3033 .
3829 2979 3894 3049 ἠν
3923 2975 3986 3044 δὴ

2412 3085 2503 3135 καὶ
2533 3082 2805 3134 ἀθάνατον
2863 3079 3009 3150 ζωὴν
3059 3081 3153 3134 καὶ
3207 3078 3486 3152 βασιλείαν
3513 3074 3650 3128 Θεοῦ
3687 3073 3877 3127 καλεῖν
3906 3070 3979 3120 οἵ·

735 3187 793 3233 et
826 3189 1053 3246 regnum
1099 3172 1193 3225 Dei
1223 3183 1501 3225 vocamus.
1526 3167 1618 3223 Sic
1642 3167 1863 3237 quidem
1886 3168 2022 3221 dixit
2043 3168 2132 3219 ille
2181 3168 2296 3236 glo-

2414 3169 2601 3238 δαμεν.
2623 3168 2780 3221 Οὐτω
2813 3167 2913 3240 μὲν
2945 3165 3038 3223 οὖν
3060 3173 3087 3223 ὁ
3111 3169 3417 3231 καλλίνικος
3451 3170 3657 3227 ἐκεῖνος
3687 3164 3795 3232 ἔφη
3825 3175 3982 3227 στρ²’

742 3269 918 3323 riosus
949 3265 1245 3328 exercitus,
1303 3261 1398 3330 qui
1445 3258 1682 3313 habebat
1728 3258 1923 3312 ducem
1969 3257 2308 3312 benedictam

743 3355 1122 3428 Euphemiam.

810 3448 898 3504 Ill.
921 3447 1204 3519 Tyrannus
1227 3452 1406 3497 autem
1426 3456 1493 3496 ne
1513 3440 1589 3497 sic
1609 3438 1827 3511 quidem
1852 3439 2150 3506 desperans
2173 3437 2308 3500 fore,

746 3550 806 3598 ut
862 3541 943 3595 eis
972 3537 1347 3611 persuaderet,
1397 3533 1493 3589 sed
1543 3533 1644 3587 sibi
1695 3533 1899 3585 bonam
1931 3530 1997 3581 de
2027 3529 2107 3580 eis
2161 3540 2310 3596 spem

741 3633 993 3705 praebens
1063 3627 1454 3699 (admirabatur
1507 3624 1652 3676 enim
1707 3622 1829 3674 illos
1911 3619 2200 3690 aspiciens,
2257 3629 2312 3674 et

742 3726 936 3781 videns
1005 3721 1220 3774 illorum
1275 3714 1496 3770 liberale
1567 3712 1866 3782 ingenium,
1919 3720 1972 3765 et
2021 3724 2312 3781 generosos

741 3813 989 3884 spiritus,
1025 3821 1202 3877 neque
1235 3804 1450 3860 volebat
1487 3811 1595 3857 tam
1631 3801 1921 3872 pulchrum
1966 3809 2022 3854 et
2055 3808 2309 3853 ornatum

741 3913 942 3959 emtum
981 3915 1138 3972 paena
1168 3897 1353 3967 allici),
1396 3895 1525 3950 fecit
1557 3909 1746 3948 rursus
1780 3893 2082 3962 periculum
2111 3902 2311 3960 marty-

744 4011 863 4050 rum
915 3993 1252 4052 constantiae,
1287 3996 1342 4043 et
1398 4003 1496 4057 pro
1530 3987 1735 4039 viribus
1768 3983 1973 4037 studuit
2023 3998 2115 4036 eos
2149 3998 2178 4036 a
2214 3998 2310 4037 sua

746 4088 1029 4145 traducere
1055 4083 1325 4138 sententia
1350 4098 1363 4133 :
1390 4081 1524 4133 Cum
1563 4076 1798 4140 videam,
1827 4075 2039 4139 dicens,
2075 4076 2129 4129 in
2157 4075 2311 4131 vobis

743 4184 971 4240 multum
1019 4181 1236 4237 elucere
1286 4175 1724 4245 intelligentiam,
1771 4173 1839 4225 de
1913 4181 2090 4224 vestra
2141 4182 2314 4224 muta-

742 4281 893 4333 tione
927 4277 1168 4331 nondnm
1200 4285 1349 4342 spem
1382 4269 1604 4336 abjicio,
1632 4263 1728 4318 sed
1760 4263 1873 4318 scio
1931 4262 2068 4328 fore,
2100 4273 2158 4318 ut
2180 4262 2310 4316 mihi

746 4368 988 4423 credatis
1013 4363 1324 4420 consulenti
1352 4374 1438 4424 ea,
1467 4372 1586 4427 quae
1614 4365 1742 4411 sunt
1778 4356 1919 4409 bona
1937 4363 1991 4408 et
2035 4355 2210 4416 utilia,
2258 4363 2313 4409 et

745 4478 860 4519 non
893 4475 993 4534 pro
1028 4460 1236 4514 honore
1263 4454 1477 4526 eligatis
1511 4450 1886 4524 ignominiam,
1947 4456 2003 4503 et
2035 4463 2134 4519 pro
2171 4447 2310 4501 deli-

744 4553 847 4609 ciis
893 4562 950 4604 et
995 4549 1162 4618 gloria
1212 4545 1468 4606 dedecus,
1529 4552 1584 4596 et
1629 4541 1812 4594 videre
1858 4550 1964 4593 tam
2030 4540 2312 4610 pulchram

741 4644 1084 4712 iuventutem
1114 4645 1169 4691 et
1195 4630 1380 4689 ﬂorem
1410 4633 1678 4702 corporis,
1736 4646 1856 4700 qua
1886 4639 2012 4684 sunt
2060 4631 2313 4684 omnibus

748 4726 1512 4798 hominibusjucundissima,
1543 4723 1798 4794 gravibus
1841 4719 2133 4773 tormentis
2175 4717 2313 4771 allici

747 4834 804 4880 et
835 4821 1053 4880 laniari.
1088 4818 1168 4872 Ad
1200 4817 1314 4870 hac
1344 4829 1535 4870 rursus
1579 4811 1747 4866 libere
1805 4808 1976 4862 sancti
2027 4823 2041 4859 :
2070 4805 2199 4870 Nos,
2235 4807 2316 4861 di-

753 4920 970 4976 xerunt,
1002 4905 1369 4978 oproconsul,
1406 4903 1598 4958 eadem
1646 4915 1839 4955 rursus
1882 4888 2137 4964 dicimus,
2171 4898 2314 4966 quod

749 5004 1045 5060 maximum
1090 4998 1463 5056 existimamus
1502 4995 1758 5056 dedecus,
1814 4992 1858 5044 si
1915 5006 2039 5046 cum
2079 5001 2313 5043 mentem

750 5107 803 5152 et
862 5092 1272 5163 intelligentiam
1305 5103 1334 5141 a
1393 5087 1503 5142 Deo
1531 5081 1928 5152 acceperimus,
1973 5081 2104 5132 deos
2141 5078 2317 5132 nomi-

749 5199 944 5241 nemus
973 5196 1035 5237 ea
1068 5195 1187 5249 qua:
1221 5192 1328 5232 non
1354 5184 1484 5230 sunt
1507 5174 1686 5227 solum
1728 5181 1874 5225 muta
1909 5180 1961 5224 et
1990 5169 2175 5230 surda,
2222 5167 2317 5222 sed

751 5280 915 5334 etiam
942 5283 1123 5330 mente
1155 5281 1208 5325 ct
1231 5285 1394 5326 sensu
1425 5281 1614 5322 vacua.
1646 5263 1777 5330 Qua
1803 5272 1990 5316 autem
2019 5263 2176 5314 nobis
2229 5261 2313 5313 in-

751 5375 895 5428 Feres
924 5366 1217 5444 supplicia,
1250 5372 1459 5417 tantum
1522 5361 1696 5424 abest,
1731 5367 1790 5411 ut
1825 5371 1886 5410 ea
1941 5354 2317 5411 existimemus

757 5461 1040 5525 terribilia,
1088 5466 1147 5511 ut
1201 5463 1393 5510 contra
1435 5452 1603 5522 magis
1644 5447 1952 5512 timeamus,
2011 5461 2080 5498 ne
2123 5447 2166 5499 si
2211 5444 2319 5497 sint

757 5553 893 5607 levia
917 5561 971 5604 et
996 5549 1298 5610 moderata,
1318 5557 1426 5598 non
1450 5544 1664 5611 possint
1692 5554 1813 5595 esse
1846 5539 1977 5592 satis
2007 5544 2317 5590 accuratum

759 5641 1122 5697 testimonium
1190 5640 1282 5690 Dei
1341 5641 1395 5688 in
1446 5651 1545 5688 nos
1601 5632 1818 5686 virtutis
1901 5641 1953 5683 et
2046 5629 2318 5696 potentia.

763 5733 870 5784 Sed
920 5745 988 5783 ne
1026 5728 1304 5797 prolixiori
1357 5725 1528 5778 utaris
1594 5724 1863 5784 oratione,
1925 5721 2008 5773 fac
2068 5720 2188 5786 ejus
2244 5721 2319 5770 rei

768 5817 1064 5885 periculum
1128 5825 1232 5868 :et
1285 5823 1413 5867 tunc
1473 5811 1613 5865 scies
1682 5817 1892 5878 aperte,
1954 5821 2054 5859 nos
2109 5805 2321 5857 facilius

2410 3261 2522 3328 τὸς,
2569 3263 2635 3331 τῆ
2683 3262 3028 3332 πανευφήμῳ
3079 3259 3554 3331 στρατηγούμενος
3588 3254 3880 3321 Εὐφημίᾳ.

2483 3410 2559 3464 1".
2617 3412 2677 3463 Ὀ
2707 3411 2968 3480 τύραννος
3019 3411 3078 3463 δέ
3127 3410 3190 3462 τὸ
3240 3408 3594 3479 μεταπείσειν
3637 3405 3840 3466 αὐτοὺς
3879 3403 3981 3456 οὐδ’

2413 3500 2584 3562 οὓτως
2607 3501 2978 3571 ἀπαγορεύσει
2999 3516 3011 3530 ο
3040 3500 3177 3554 ἀλλὰ
3198 3503 3291 3554 καὶ
3314 3501 3394 3554 ἔτι
3420 3503 3659 3572 χρηστὰς
3687 3496 3982 3551 ὑποτείνων

2414 3591 2595 3661 ἐαυτῷ
2627 3594 2720 3655 τὰς
2751 3593 2974 3657 ἐλπίδας
3033 3593 3332 3664 (ἐθαύμασε
3357 3594 3467 3663 γὰρ
3494 3595 3740 3652 ἐκείνους
3772 3589 3982 3660 βλέπων

2414 3684 2698 3749 ἐλεύθερόν
2731 3700 2790 3734 τε
2829 3685 2968 3752 ὀρῶν
2995 3685 3269 3752 φρόνημα,
3299 3685 3394 3735 καὶ
3413 3684 3594 3752 ψυχῆς
3641 3683 3980 3750 παράστημα

2415 3773 2654 3839 εὐγενὲς,
2714 3772 2809 3825 καὶ
2864 3774 2964 3824 οὐκ
3017 3772 3279 3840 ἐβούλετο
3330 3772 3682 3840 ζημιωθῆναι
3723 3770 3976 3836 σύστημα

2413 3863 2555 3917 οὕτω
2587 3864 2814 3933 κόσμιον
2849 3865 2944 3916 καὶ
2977 3861 3184 3931 καλὸν),
3215 3863 3557 3932 ἀπεπειρᾶτο
3586 3863 3680 3912 καὶ
3703 3855 3866 3922 αὖθις
3889 3860 3981 3926 τῆς

2420 3960 2784 4030 στερρότητος
2813 3958 2919 4011 τῶν
2958 3956 3281 4026 μαρτύρων,
3322 3955 3416 4008 καὶ
3458 3954 3535 4017 ὡς
3569 3948 3683 4006 οἷόν
3715 3971 3777 4006 τε
3821 3969 3982 4022 μετα-

2415 4052 2626 4102 πείθειν
2652 4051 2847 4112 αύτούς
2869 4049 3148 4114 ἔσπευδεν,
3191 4047 3364 4118 Ὀρῶν
3395 4047 3546 4116 ὑμῖν,
3567 4045 3765 4112 λέγων,
3788 4047 3981 4115 πολλὴν

2421 4143 2552 4209 ὅσην
2578 4142 2982 4209 ἐμφαινομένην
3008 4142 3106 4208 τὴν
3136 4139 3374 4202 σύνεσιν,
3411 4141 3510 4191 οὐκ
3555 4139 3880 4191 ἀνέλπιστον
3908 4142 3982 4191 ἔτι

2419 4233 2515 4285 καὶ
2541 4233 2640 4300 τήν
2682 4230 2988 4301 μεταϐολὴν
3012 4229 3292 4297 ποιοῦμαι,
3328 4228 3443 4280 ἀλλ’
3487 4226 3584 4279 οἷδ’
3610 4230 3693 4280 ὃτι
3737 4232 3834 4280 καὶ
3877 4248 3982 4281 πειο

2419 4323 2686 4396 σθήσεσθέ
2719 4339 2810 4394 μοι
2840 4323 2910 4376 τὰ
2934 4322 3148 4393 χρηστὰ
3203 4320 3644 4388 συμϐουλεύοντι,
3679 4322 3776 4372 καὶ
3802 4322 3900 4374 οὐκ
3924 4323 3984 4374 ἂν

2418 4419 2628 4471 ἕλοισθε
2668 4419 2895 4487 ἀτιμίαν
2943 4417 3067 4470 ἀντί
3115 4414 3304 4484 τιμῆς,
3337 4415 3433 4466 καὶ
3482 4415 3604 4467 ἀντὶ
3646 4417 3858 4486 τρυφῆς
3897 4416 3986 4469 καὶ

2345 4520 2388 4575 ι)
2420 4509 2578 4579 δόξης
2600 4509 2885 4577 αἰσχύνην,
2909 4507 3082 4560 καὶτὸ
3113 4507 3239 4560 ἰδεῖν
3277 4506 3505 4578 νεότητα
3528 4507 3670 4558 οὕτω
3700 4510 3872 4577 καλὴν
3901 4512 3985 4560 καὶ

2419 4603 2579 4666 ἄνθος
2609 4604 2860 4672 σώματος
2882 4603 2949 4655 τά
2974 4603 3140 4654 πᾶσιν
3161 4599 3470 4671 ἀνθρώποις
3497 4604 3688 4672 ἥδιστα
3729 4604 3984 4673 χαλεπαῖς

2421 4696 2672 4764 βασάνοις
2688 4694 3018 4762 ὐὸριζόμενά
3031 4709 3086 4744 τε
3105 4694 3198 4744 καὶ
3218 4693 3812 4761 σπαραττόμενα.ι]ρὸς
3830 4695 3987 4746 ταῦτα

2419 4787 2578 4838 πάλιν
2598 4787 3062 4856 εὐπαρρησίαστοι
3081 4786 3128 4835 οἰ
3147 4783 3311 4850 ἅγιοι,
3329 4782 3542 4850 Ὶιμείς,
3565 4778 3738 4849 εἷπον,
3755 4786 3988 4835 ἀνθύπα-

2416 4895 2497 4941 τε,
2523 4879 2617 4931 καὶ
2643 4877 2906 4947 πρότερον
2933 4875 3200 4940 εἰπόντες,
3227 4875 3318 4926 καὶ
3344 4872 3438 4926 νῦν
3463 4874 3568 4926 τῶν
3596 4874 3727 4926 ἴσων
3757 4876 3986 4946 ἐχόμεθα

2421 4973 2613 5035 λόγων,
2651 4969 2732 5021 ὅτι
2787 4967 3051 5036 αἰσχύνην
3122 4964 3403 5036 ἡγούμεθα
3449 4969 3542 5018 καὶ
3603 4967 3893 5036 μεγίστην,
3943 4972 3984 5018 εἰ

2421 5062 2544 5114 νοῦν
2577 5062 2672 5114 καὶ
2704 5058 2910 5128 φρένας
2951 5057 3203 5121 λαϐόντες
3240 5061 3390 5126 παρά
3445 5057 3579 5108 Θεοῦ
3613 5058 3766 5118 θεοὺς
3801 5060 3984 5125 ὀνομα-

2422 5153 2613 5222 ζοιμεν
2664 5154 2732 5203 τά
2777 5151 2852 5220 μὴ
2905 5150 3098 5212 ἀπλιῖις
3133 5151 3322 5216 ἀςωνα
3367 5151 3464 5200 καὶ
3515 5165 3699 5215 κωφα,
3730 5148 3867 5200 ἀλλὰ
3901 5151 3983 5201 καὶ

2390 5290 2394 5294 ,
2421 5244 2633 5314 φρενῶν
2664 5244 2850 5313 ἐρημα
2886 5245 2976 5296 καὶ
3005 5241 3332 5310 αἰσθησεως.
3357 5241 3456 5304 ’Δς
3485 5240 3542 5293 δέ
3565 5243 3698 5306 ἡμῖν
3726 5242 3981 5302 ἐπισείεις

2421 5336 2710 5405 βασάνους,
2741 5335 2995 5388 τοσούτου
3031 5333 3225 5402 δέομεν
3258 5332 3500 5402 φοϐερὰς
3546 5332 3826 5401 ἡγεῖσθαι,
3857 5332 3983 5383 ὥστε

2422 5427 2731 5481 τούναντίον
2801 5427 2897 5480 καὶ
2958 5424 3274 5496 φοϐούμεθα
3317 5425 3544 5492 μᾶλλον,
3607 5425 3705 5494 μὴ,
3773 5422 3980 5492 κούφως

2422 5520 2648 5589 ἔχουσαι
2706 5521 2800 5572 καί
2854 5517 3116 5589 μετρίως,
3175 5519 3236 5569 οὐ
3302 5516 3627 5586 δυνήσονται
3694 5517 3985 5586 μαρτύριον

2424 5611 2648 5682 ἀκριϐὲς
2674 5607 2812 5662 εἶναι
2838 5613 2935 5679 τῆς
2958 5609 3053 5660 τοῦ
3086 5609 3224 5660 Θεοῦ
3260 5610 3388 5676 περὶ
3427 5609 3574 5678 ἡμᾶς
3606 5609 3791 5675 ἰσχύος
3813 5624 3872 5660 τε
3902 5611 3981 5660 καὶ

2423 5709 2729 5776 δυνάμεως.
2763 5707 2834 5757 Ἣ
2869 5703 3003 5757 ἀλλά
3051 5703 3129 5772 μὴ
3162 5701 3316 5754 πλέον
3346 5703 3395 5752 οἰ
3429 5701 3599 5766 λόγοι,
3625 5704 3693 5770 τῇ
3747 5702 3909 5772 πείρα
3933 5702 3980 5751 δὲ

2429 5801 2554 5859 τοὺς
2595 5798 2850 5865 ἐλέγχους
2884 5793 3200 5860 ἐπίτρεψον,
3235 5790 3327 5843 καὶ
3365 5791 3487 5841 τότε
3523 5793 3648 5859 εἴσῃ
3681 5792 3874 5858 σαφῶς
3913 5792 3982 5842 ὅτι
