4150 6502
168 498 270 566 717

1275 478 1743 546 MARTYRIUM
1784 476 1846 539 S.
1889 476 2334 541 EUPHEMLE.

3337 485 3443 551 718

174 614 305 685 ῥᾷον
344 612 509 681 ἡμεῖς
538 610 759 680 οῖσομεν
804 606 836 679 ἢ
874 605 1095 671 ἐπάξεις
1130 603 1289 666 αὐτὸς
1335 603 1432 665 τὰς
1474 600 1750 659 κολάσεις.

1861 596 2063 652 laturos
2112 612 2235 653 esse
2304 598 2603 667 cruciatus,
2667 616 2826 675 quam
2881 612 2937 660 tu
2990 606 3065 662 sis
3133 608 3435 664 intentatu—

238 791 310 845 A'.
360 790 624 843 ’Δνάπτει
644 789 734 843 τὸν
765 788 1033 858 τύραννον
1064 787 1143 848 εἰς
1178 783 1352 856 ὀργὴν
1391 785 1420 836 6
1448 784 1628 851 λόγος,
1661 784 1757 837 καὶ

172 882 333 944 εὐθὺς
370 882 597 953 βάσανοι
630 882 751 943 τοὺς
796 880 1082 950 μάρτυρας
1117 873 1290 947 εἶχον.
1325 878 1391 929 At
1430 876 1655 946 βάσανοι
1698 875 1755 928 δὲ

169 977 231 1026 οὐ
267 974 467 1044 μικραί
494 974 615 1027 οὐδὲ
644 975 733 1026 ἐπὶ
781 973 978 1041 μικρὸν
1009 973 1320 1043 ἀρκέσασαι
1373 971 1588 1039 χρόνον,
1635 966 1754 1020 ἀλλ’

169 1066 275 1118 ἐπὶΔ
335 1066 512 1118 εἴκοσι
588 1066 716 1133 μιᾶς
769 1063 999 1133 δεούσης
1056 1065 1271 1133 ἡμέρας
1325 1062 1751 1130 παραταθεῖσαι.

173 1158 352 1211 Ἰσασι
410 1158 466 1211 δὲ
501 1159 715 1219 πάντως
770 1158 886 1209 ὅσοι
927 1160 1123 1227 πεῖραν
1150 1158 1258 1209 τῶν
1311 1155 1573 1223 ἀλγεινῶν
1602 1153 1756 1221 ἔχου-

171 1267 294 1315 σιν,
368 1250 451 1302 ὅτι
516 1249 750 1319 πληγαῖς
808 1249 1059 1320 σώματος
1115 1248 1494 1316 ἐπιγινόμεναι
1592 1245 1753 1298 πάλιν

179 1343 389 1412 ἕτεραι,
437 1342 600 1410 μήπω
661 1345 757 1411 τῆς
810 1343 1079 1409 προτέρας
1114 1338 1593 1408 ὑπομαρανθείσης
1635 1337 1754 1389 ὀδύ-

169 1452 285 1501 νης,
356 1433 492 1485 ἀλλὰ
545 1433 606 1484 τὸ
662 1432 888 1501 σφοδρὸν
928 1432 1006 1483 ἐτι
1056 1431 1150 1483 καὶ
1210 1429 1460 1499 ἀκμάζον
1500 1429 1750 1497 ἐχούσης,

168 1526 452 1596 ἀφόρητον
499 1523 617 1576 οἵαν
648 1528 741 1578 καὶ
784 1525 966 1594 δεινὴν
1011 1522 1112 1591 τὴν
1182 1522 1435 1591 αἴσθησιν
1480 1524 1592 1582 τοῖς
1643 1521 1748 1572 πά-

168 1634 394 1688 σχουσιν
422 1615 765 1687 ἐμποιοῦσιν.
793 1615 866 1668 Τὸ
889 1617 985 1685 μὲν
1010 1611 1104 1668 οὖν
1132 1614 1281 1685 βῆμα
1310 1613 1601 1683 ξεομένους
1623 1612 1749 1676 τοὺς

172 1710 464 1777 μάρτυρας
498 1704 780 1774 temptes
813 1703 937 1757 καθ’
980 1705 1217 1773 ἡμέραν,
1256 1700 1374 1753 εἶτα
1407 1704 1499 1754 καὶ
1533 1699 1752 1771 είρκταὶ

165 1796 365 1846 τούτου
430 1793 567 1863 μετὰ
592 1794 687 1856 τας
724 1793 936 1861 πληγὰς
966 1792 1293 1859 διεδέχοντο,
1337 1791 1583 1855 κάκωσις
1617 1790 1750 1859 άλλη

168 1886 259 1937 ἐπὶ
310 1884 556 1936 κακώσει
614 1884 709 1933 καί
765 1881 1055 1951 προσθήκη
1092 1880 1200 1932 τῶν
1252 1879 1531 1949 λυπηρῶν.
1590 1882 1654 1932 Οἱ
1694 1881 1749 1932 δὲ

168 1974 431 2027 τοσοῦτον
493 1974 720 2041 ἀπεῖχον
777 1973 870 2024 τοῦ
934 1972 1113 2042 λύπην
1183 1973 1327 2024 αὑτά
1387 1975 1482 2023 καὶ
1552 1971 1748 2042 ὀδύνην

168 2064 507 2135 λογίζεσθαι,
559 2064 698 2117 ὥστε
768 2067 861 2118 καὶ
914 2066 1075 2137 διπλῇ
1149 2066 1382 2137 χαίρειν,
1430 2064 1506 2134 τῷ
1559 2082 1618 2118 τε
1667 2066 1751 2118 διὰ

168 2159 411 2227 Χριστὸν
467 2158 826 2233 κολάζεσθαι,
882 2160 977 2213 καὶ
1032 2160 1108 2231 τῷ
1166 2163 1234 2231 τῇ
1282 2160 1567 2230 προσθήκῃ

169 2252 436 2321 λυπηρῶν
490 2252 810 2323 προσθήκην
871 2255 1058 2315 αὐτοῖς
1103 2252 1171 2305 τὰ
1211 2253 1269 2304 ὲν
1313 2252 1528 2305 ἐλπίσιν
1574 2252 1754 2317 ἀγαθὰ

172 2344 453 2415 δέχεσθαι.
489 2345 601 2410 Τῆς
648 2345 903 2412 εἰκοστῆς
950 2345 1005 2396 δὲ
1036 2346 1138 2415 ἤδη
1170 2347 1480 2414 ἐπιστάσης
1518 2345 1753 2416 ἡμέρας,

170 2438 509 2507 μετάκλητοι
565 2433 728 2486 πάλιν
779 2436 829 2486 οἱ
886 2440 1123 2503 γενναῖοι
1194 2435 1272 2506 τῷ
1321 2440 1569 2507 τυράννῳ
1624 2441 1757 2490 καθ-

175 2533 443 2586 ίστανται.
483 2532 593 2585 Καὶ
624 2533 658 2600 ή
708 2528 1017 2591 καλλίνικος
1057 2526 1113 2580 δὲ
1147 2530 1445 2597 συμπαρῆν
1474 2531 1754 2599 Εὐφημία,

175 2620 291 2677 οἷον
348 2625 602 2694 ἀστέρων
662 2622 1058 2692 διαφαινόντων
1107 2620 1306 2689 σελήνη
1363 2620 1527 2688 μέσον
1578 2623 1756 2671 αὐτῶν

172 2716 463 2780 εὔκυκλος,
503 2716 669 2769 καλὸν
716 2715 838 2769 λίαν
873 2714 967 2766 καὶ
1012 2710 1109 2782 ήδὺ
1146 2712 1464 2782 λάμπουσα.
1507 2711 1571 2763 Τί
1602 2708 1694 2763 οὖν
1730 2715 1756 2763 ὁ

170 2810 441 2879 τύραννος
459 2808 595 2880 πρὸς
619 2807 843 2871 αὐτούς
864 2805 956 2869 Εἰς
977 2808 1194 2876 πεῖραν,
1223 2805 1348 2874 ἔφη,
1384 2806 1755 2867 καταστάντες

172 2898 247 2955 ὧν
291 2903 554 2955 οὐδέποτε
589 2900 655 2953 ἂν
689 2899 1023 2970 πειραθῆναι
1059 2897 1304 2968 ᾠήθητε,
1339 2899 1387 2948 εἰ
1422 2897 1756 2966 μεταϐεϐου-

171 2994 363 3047 λευταί
419 3009 470 3043 τι
528 2991 799 3058 σωτήριον
851 2994 945 3041 καὶ
1011 2987 1290 3048 λυσιτελὲς
1353 2988 1503 3055 ὑμῖν,
1545 2988 1755 3040 εἴποιτε.

174 3076 395 3137 Βέλτιον
429 3081 537 3151 γὰρ
572 3080 939 3142 ἀπολιπόντας
979 3082 1077 3147 τὴν
1122 3079 1359 3147 ματαίαν
1427 3080 1630 3147 ταύτην
1659 3080 1756 3147 τῆς

171 3176 331 3247 δόξης
384 3174 763 3243 καινοτομίαν,
816 3173 910 3225 καὶ
958 3172 1017 3223 τὸ
1069 3174 1265 3240 μόνους
1314 3176 1407 3225 ἐπὶ
1455 3174 1610 3241 κακῴ
1660 3175 1757 3243 τῆς

1647 2177 1674 2211 τ
1681 2161 1755 2211 ὧν

175 3269 312 3332 ιδίας
348 3268 501 3338 ζωῆς
531 3269 934 3337 ἀντιφέρεσθαι,
975 3265 1001 3317 ὂ
1038 3268 1237 3327 πάντες
1289 3266 1458 3333 δρῶσι
1488 3269 1579 3317 καὶ
1612 3267 1756 3335 ὑμᾶς
1784 3288 1828 3347 c

171 3360 380 3433 ὁμοίως
430 3362 604 3412 ποιεῖν
652 3360 746 3411 καὶ
796 3356 1197 3426 προσελθόντας
1242 3354 1414 3409 θύειν.
1467 3355 1524 3407 '0
1554 3356 1609 3407 δὲ
1659 3358 1753 3408 τοῦ

171 3455 415 3525 Χριστοῦ
436 3456 683 3522 γενναῖος
702 3453 929 3526 στρατὸς
953 3454 1070 3525 ἆμα
1094 3457 1159 3524 τῇ
1180 3454 1550 3525 πανευιρήμῳ,
1575 3453 1755 3525 Μέχρι

168 3546 339 3612 τίνος,
377 3541 556 3612 εἶπον,
586 3540 630 3599 ὦ
653 3546 906 3619 δικαστά,
927 3547 1154 3599 σεαυτὸν
1191 3547 1433 3617 άπατᾷς,
1465 3548 1757 3618 ἐπιχειρῶν

170 3640 508 3710 πράγμασιν
544 3639 826 3699 ἀδυνάτοις
862 3655 876 3701 ;
927 3640 1000 3689 Τὸ
1027 3640 1135 3708 γάρ
1180 3641 1327 3707 ἡμᾶς
1366 3639 1547 3689 δοκεῖν
1594 3656 1759 3706 μετα-

168 3730 411 3794 πείσειν,
446 3729 629 3797 ὅμοιόν
660 3732 776 3781 ἐστι
816 3728 891 3797 τῷ
936 3729 1064 3791 τοὺς
1123 3731 1360 3799 ἀστέρας
1406 3728 1619 3782 οἴεσθαι
1656 3732 1757 3800 τῆς

167 3822 384 3884 οἰκείας
440 3819 759 3890 μεταθεῖναι
808 3823 1051 3883 στάσεως
1103 3821 1136 3891 ἢ
1192 3822 1444 3891 πορείας,
1503 3820 1535 3891 ἣ
1585 3822 1643 3874 ἓν
1701 3838 1757 3874 τι

172 3917 523 3988 μεταστῆσαι
546 3917 652 3968 τῶν
680 3917 974 3986 ἀκινήτων.
1008 3916 1169 3967 Ὥστε
1198 3915 1407 3983 βέλτιον
1434 3910 1500 3986 ἦν
1529 3918 1756 3967 σεαυτὸν

176 4009 389 4078 μᾶλλον
423 4009 521 4076 τῆς
556 4007 760 4075 πλάνης
782 4006 1134 4076 μεταϐαλεῖν,
1169 4010 1262 4060 καὶ
1287 4008 1377 4059 τὸν
1412 4005 1590 4077 ἀληθῆ
1624 4003 1757 4058 Θεὸν

168 4100 499 4169 ἐπιγνῶναι,
537 4100 824 4169 οἰκονόμον
870 4099 1090 4169 ἄριστον
1134 4100 1233 4169 τῆς
1283 4100 1417 4166 ἰδίας
1460 4101 1757 4171 γενόμενον

168 4195 475 4266 σωτηρίας.

242 4449 322 4505 Ε’.
351 4449 529 4519 θυμῷ
558 4448 766 4503 πλείονι
791 4450 818 4501 6
854 4448 1096 4518 Πρίσκος
1136 4447 1519 4516 κατασχεθεὶς,
1556 4449 1755 4502 σκύτε-

170 4560 258 4596 σιν
280 4545 460 4613 ὠμοῖς
492 4541 701 4593 κελεύει
721 4544 786 4594 τά
811 4542 921 4592 τῶν
945 4541 1114 4607 ἁγίων
1132 4540 1433 4594 τύπτεσθαι
1458 4544 1754 4611 πρόσωπα,

1860 701 1976 741 HIS.

1930 780 2020 835 IV.
2059 783 2140 838 Ad
2187 783 2321 838 iram
2358 792 2647 855 tyrannum
2696 789 2955 844 accendit
3006 790 3123 848 haec
3157 794 3356 861 oratio,
3390 807 3446 852 et

1859 874 2045 926 statim
2080 875 2370 930 tormentis
2391 877 2626 946 subjecti
2648 878 2799 935 luere
2830 892 3121 954 martyres.
3149 886 3446 941 Tormenta

1860 972 2041 1017 autem
2097 965 2323 1021 fuerunt
2371 984 2481 1022 non
2545 986 2727 1038 parva,
2782 988 2960 1041 neque
2990 991 3158 1043 parvo
3198 988 3444 1048 tempore

1859 1052 2154 1119 durarunt,
2195 1057 2291 1111 sed
2320 1058 2386 1110 ad
2414 1060 2792 1114 novemdecim
2819 1063 2938 1118 dies
2976 1064 3129 1119 fuere
3157 1067 3441 1136 producta.

1861 1140 2060 1199 Sciunt
2111 1156 2295 1202 autem
2342 1149 2595 1215 omnino,
2632 1151 2946 1223 quicunque
2987 1171 3168 1209 rerum
3219 1172 3445 1227 aspera-

1859 1249 1981 1289 rum
2031 1245 2088 1290 et
2136 1238 2375 1293 tristium
2426 1238 2635 1295 faciunt
2690 1244 3017 1312 periculum,
3071 1247 3216 1317 quod
3274 1250 3446 1320 plagis

1860 1331 2114 1398 corporis
2147 1346 2338 1386 rursus
2372 1334 2699 1389 accedentes
2738 1337 2876 1402 aliae,
2922 1354 3051 1394 cum
3104 1341 3257 1410 prior
3292 1342 3447 1398 dolor

1860 1420 2109 1475 nondum
2169 1425 2525 1489 emarcuerit,
2554 1427 2648 1481 sed
2671 1428 2743 1482 sit
2778 1430 2957 1486 adhuc
2993 1432 3050 1484 in
3086 1434 3200 1500 ipso
3234 1435 3442 1504 vigore,

1860 1512 1931 1566 iis
1967 1515 2061 1583 qui
2100 1518 2405 1585 patiuntur,
2437 1516 2681 1575 etliciunt
2710 1536 2934 1591 gravem
2964 1537 3190 1578 sensum
3222 1536 3276 1580 et
3301 1526 3446 1582 into-

1859 1605 2164 1663 lerabilem.
2221 1608 2399 1678 Atque
2430 1609 2666 1664 tribunal
2731 1612 2958 1680 quidem
3023 1622 3311 1685 martyres,
3353 1618 3447 1685 qui

1858 1698 2234 1763 cmdebantur,
2277 1702 2615 1770 producebat
2663 1704 2938 1772 quotidie,
2987 1706 3157 1760 veluti
3201 1707 3254 1761 in
3294 1709 3450 1764 thea-

1862 1798 2028 1845 trum.
2088 1785 2296 1848 Deinde
2326 1802 2451 1862 post
2485 1796 2669 1865 plagas
2707 1809 2801 1851 eos
2832 1811 3054 1865 quoque
3094 1797 3447 1868 excipiebant

1862 1899 2129 1948 carceres,
2165 1886 2272 1940 alia
2313 1885 2531 1942 afﬂictio
2568 1887 2841 1942 accedens
2881 1888 3187 1955 amictioni,
3250 1902 3304 1946 et
3342 1892 3446 1948 do-

1865 1973 2040 2027 lorum
2098 1975 2555 2031 additamentum.
2610 1976 2848 2031 Tantum
2909 1989 3092 2034 autem
3140 1981 3346 2045 aberat,
3386 1992 3447 2037 ut

1860 2063 1936 2116 illi
1977 2080 2040 2117 ea
2064 2066 2307 2121 dolorem
2334 2068 2715 2123 existimarent
2741 2077 2795 2122 et
2829 2070 3167 2138 molestiam,
3203 2072 3443 2127 utetiam

1857 2156 2161 2224 gauderent
2217 2157 2535 2227 dupliciter,
2580 2167 2636 2213 et
2682 2161 2826 2228 quod
2890 2174 3115 2231 propter
3164 2162 3444 2219 Christum

1856 2247 2210 2315 punirentur,
2262 2258 2317 2303 et
2370 2251 2514 2320 quod
2544 2260 2766 2321 propter
2832 2268 3021 2306 rerum
3088 2255 3444 2310 molestarum

1857 2350 2213 2408 augmentum
2249 2342 2389 2397 bona
2446 2359 2665 2413 quoque
2699 2360 2823 2415 quae
2850 2356 3011 2401 erant
3073 2346 3136 2405 in
3172 2362 3292 2417 spe,
3350 2364 3445 2404 ac-

1859 2433 2165 2486 cessionem
2189 2432 2529 2501 accipereut.
2559 2436 2694 2488 Cum
2714 2435 2827 2503 jam
2865 2444 3048 2489 autem
3076 2435 3193 2490 dies
3228 2436 3448 2491 adesset

1862 2524 2176 2589 Vicesimus,
2211 2540 2238 2578 a
2277 2537 2507 2596 tyranno
2543 2542 2734 2582 rursus
2767 2528 2870 2582 viri
2911 2537 3276 2583 accersuntur
3303 2543 3443 2598 pra:-

1859 2616 2013 2676 clari,
2049 2631 2180 2669 cum
2216 2618 2415 2685 quibus
2452 2620 2685 2688 gloriosa
2718 2633 2934 2687 quoque
2994 2619 3187 2672 aderat
3220 2620 3443 2689 Euphe-

1859 2706 1987 2768 mia,
2026 2706 2193 2760 veluti
2236 2711 2289 2761 in
2338 2711 2522 2763 medio
2571 2709 2851 2765 stellarum
2919 2710 3049 2765 luna
3124 2720 3242 2766 toto
3309 2713 3445 2768 orbe

1861 2796 2045 2865 plena,
2069 2797 2297 2866 pulchre
2328 2806 2382 2852 et
2412 2799 2813 2867 jucundissime
2850 2802 3234 2868 resplendens.
3294 2802 3442 2868 Quid

1861 2904 1988 2960 ergo
2030 2889 2109 2944 eis
2149 2901 2407 2961 tyrannus
2439 2890 2461 2943 ?
2496 2890 2591 2954 Ea,
2623 2891 2818 2961 inquit,
2873 2892 3113 2963 experti,
3144 2908 3265 2963 quae
3299 2909 3444 2948 nun-

1863 2996 2027 3049 quam
2066 2984 2303 3052 putastis
2367 2982 2483 3037 fore
2538 2997 2595 3037 ut
2640 2984 3055 3053 experiremini,
3114 3000 3180 3039 an
3222 2986 3442 3056 aliquod

1865 3076 2104 3128 salutare
2138 3086 2191 3128 et
2228 3076 2381 3129 vobis
2412 3077 2543 3129 utile
2594 3077 2880 3130 consilium
2915 3079 3195 3146 ceperitis,
3250 3079 3440 3135 dicite.

1862 3169 2047 3224 Satius
2083 3176 2167 3223 est
2193 3169 2364 3233 enim,
2398 3175 2456 3220 ut
2489 3167 2678 3221 relicta
2708 3168 2810 3223 hac
2834 3182 2973 3223 vana
2996 3179 3050 3223 et
3079 3185 3219 3224 nova
3256 3172 3442 3243 gloria:

1863 3261 2190 3333 cupiditate,
2233 3273 2289 3316 et
2347 3261 2629 3315 mittentes
2699 3262 2800 3316 soli
2857 3271 3051 3316 vestrre
3124 3263 3247 3318 vitae
3302 3264 3443 3319 malo

1862 3360 2047 3406 vestro
2100 3366 2427 3420 repugnare,
2489 3351 2635 3420 quod
2689 3367 2880 3407 omnes
2929 3352 3160 3420 faciunt,
3216 3354 3270 3409 id
3342 3371 3441 3409 vos

1859 3457 2077 3513 quoque
2101 3440 2340 3504 faciatis,
2375 3450 2430 3497 et
2458 3441 2783 3495 accedentes
2843 3444 3185 3498 sacrificetis.
3236 3445 3443 3501 Christi

1862 3547 2047 3591 autem
2077 3534 2237 3589 fortis
2266 3534 2542 3589 exercitus
2600 3534 2766 3589 simul
2815 3550 2940 3591 cum
2987 3536 3281 3595 benedicta
3326 3541 3443 3596 Eu-

1860 3628 2079 3697 phemia
2115 3645 2128 3681 :
2173 3626 2494 3696 Quousque,
2530 3627 2787 3682 dixerunt
2818 3666 2834 3693 ,
2870 3643 2903 3682 ο
2956 3628 3148 3697 juder,
3208 3633 3442 3701 teipsum

1861 3721 2093 3789 decipis,
2130 3734 2219 3772 res
2266 3718 2616 3788 aggrediens,
2681 3734 2803 3789 quae
2842 3734 2951 3774 non
3012 3732 3242 3791 possunt
3275 3724 3442 3779 fieri?

1861 3813 2062 3868 Putare
2086 3811 2231 3867 enim
2263 3826 2426 3880 posse
2462 3820 2513 3865 te
2544 3826 2645 3864 nos
2673 3826 2703 3863 a
2740 3815 2926 3865 nostra
2963 3813 3251 3868 traducere
3308 3831 3441 3871 sen-

1863 3904 2033 3959 tentia
2085 3903 2312 3973 perinde
2336 3912 2438 3967 est,
2470 3917 2534 3956 ac
2566 3903 2609 3956 si
2657 3913 2818 3972 putes
2858 3919 3018 3975 posse
3077 3914 3129 3960 te
3170 3909 3444 3961 transmo-

1862 4011 1989 4049 vere
2014 3995 2201 4048 stellas
2236 4011 2265 4048 a
2298 4008 2395 4049 sua
2428 3995 2669 4049 statione
2697 3996 2777 4049 rel
2822 3997 3087 4060 motione,
3136 4010 3236 4052 aut
3263 4010 3446 4053 trans-

1861 4084 2003 4140 ferre
2034 4083 2239 4154 aliquid
2270 4099 2334 4141 ex
2355 4083 2421 4137 iis
2441 4098 2559 4151 quae
2578 4092 2705 4135 sunt
2732 4085 3051 4139 immobilia.
3073 4086 3439 4152 Quamobrem

1861 4179 2032 4234 satius
2065 4187 2169 4240 est,
2196 4186 2314 4232 uta
2355 4185 2449 4231 tuo
2493 4190 2693 4230 errore
2738 4180 3099 4242 convertaris,
3152 4189 3207 4233 et
3253 4197 3441 4234 verum

1864 4271 2033 4326 Deum
2058 4284 2345 4341 agnoscas,
2369 4268 2463 4338 qui
2498 4268 2599 4323 fuit
2633 4277 2737 4322 tua:
2780 4270 2976 4325 salutis
3039 4272 3281 4340 Optimus
3326 4274 3440 4326 dis-

1861 4371 2138 4432 pensator.
3062 4414 3069 4421 .

1939 4452 2001 4506 V.
2038 4452 2234 4521 Majori
2270 4454 2345 4507 ira
2366 4452 2610 4522 percitus
2641 4451 2878 4517 Priscus,
2909 4453 3065 4520 jubet
3087 4455 3275 4508 crudis
3307 4455 3443 4509 loris

1864 4545 2013 4600 feriri
2062 4546 2247 4599 vultus
2307 4556 2650 4609 sanctorum,
2710 4558 2808 4609 pro
2865 4544 3021 4599 bonis
3063 4546 3246 4603 verbis
3300 4548 3441 4600 mala

174 4635 378 4704 λόγους
433 4630 675 4700 ἀγαθοὺς
733 4633 990 4701 πονηροῖς
1054 4631 1237 4701 ἔργοις
1312 4632 1678 4702 ἀμειὸόμενος
1728 4636 1755 4685 6

1863 4640 2006 4693 facta
2059 4637 2369 4707 rependens
2406 4638 2659 4693 stolidus.
2715 4637 2796 4691 llli
2840 4646 3025 4692 autem
3088 4638 3191 4694 boc
3224 4655 3441 4708 quoque

170 4731 429 4801 ἀνόητος.
458 4728 522 4779 Ol
544 4727 621 4791 δὲ,
650 4726 743 4781 καὶ
761 4727 859 4797 τὴν
890 4725 1085 4795 καινὴν
1112 4725 1319 4796 ταύτην
1336 4725 1596 4796 ἀνδρείως
1625 4727 1757 4778 ὑπο-

169 4822 440 4893 φέροντες
506 4819 774 4889 βάσανον,
843 4819 1215 4889 λαμπρότεροι
1260 4818 1359 4881 ca;
1410 4818 1561 4885 ὄψεις
1602 4818 1759 4870 ιὲδεί-

168 4931 396 4977 κνυντο,
436 4912 533 4966 τοῦ
567 4912 796 4980 αἵματος
843 4909 943 4979 μὲν
986 4909 1087 4976 τῆς
1128 4909 1330 4976 σαρκὸς
1367 4909 1756 4979 ἀπορρέοντος,

170 5008 275 5079 τῆς
306 5005 662 5077 Δημιουργοῦ
686 5005 740 5057 δὲ
766 5003 988 5073 χάριτος
1018 5001 1419 5073 ἐξωραῖζούσης
1442 5002 1477 5056 ἃ
1504 5002 1758 5057 διέπλασε

170 5101 476 5172 πρόσωπα.
507 5096 571 5148 Οἱ
614 5094 970 5163 μαστίζοντες
999 5092 1056 5144 δὲ
1087 5093 1397 5145 τούναντίον
1448 5093 1759 5161 άπαγορεύ·

173 5206 400 5254 σαντες,
443 5186 741 5257 ἡμιθνῆτες
792 5188 872 5248 εἰς
902 5185 1000 5253 τὴν
1045 5185 1149 5253 γῆν
1196 5186 1553 5239 κατέπιπτον.
1599 5186 1761 5240 Ἀλλὰ

170 5288 301 5349 τοὺς
338 5287 439 5353 μὲν
458 5282 652 5342 ἄλλους
675 5278 865 5345 ἁγίους
886 5276 1135 5331 κελεύσει
1173 5279 1333 5331 πάλιν
1356 5279 1451 5331 τοῦ
1481 5279 1756 5345 δικαστοῦ,

173 5374 606 5451 παραλαμϐάνει
639 5373 700 5424 τὸ
737 5372 1114 5438 δικαστήριον,
1152 5372 1255 5435 ἕως
1287 5373 1485 5436 αὐτοὺς
1533 5371 1761 5441 Διοκλη-

172 5470 349 5541 τιανῷ
381 5464 778 5534 παραπέμψει·
813 5461 958 5515 οὕτω
989 5461 1097 5531 γὰρ
1142 5463 1495 5527 Ἀπελλιανὺς
1531 5464 1759 5532 εἰσηγή-

176 5583 358 5620 σατο·
409 5564 445 5632 ἡ
500 5559 859 5629 πανεύφημος
916 5558 970 5610 δὲ
1022 5556 1127 5626 πρὸ
1178 5554 1273 5607 τοῦ
1321 5555 1571 5625 βήματος
1608 5555 1757 5627 αὐτῷ

172 5658 515 5728 παρίσταται
586 5652 723 5723 μόνη
805 5650 962 5721 (ᾤετο
1021 5649 1129 5718 γὰρ
1219 5649 1554 5717 μονωθεῖσαν
1616 5646 1759 5699 οὓτω

174 5750 379 5825 ῥᾳδίως
422 5742 850 5812 ὑπαγαγέσθαι).
898 5741 1202 5808 Ἐγγύτατα
1230 5739 1321 5792 οὖν
1350 5741 1555 5807 ταύτην
1584 5758 1761 5811 παρα-

172 5844 549 5916 στησάμενος,
579 5838 666 5890 ἵνα
687 5840 779 5891 καὶ
802 5836 975 5907 βλέψῃ
1004 5838 1121 5898 ταῖς
1140 5833 1468 5898 οίκειώσεσι,
1498 5836 1759 5905 Πεῐσθητί

176 5962 289 6011 μοι,
323 5939 509 6005 ἔλεγε,
537 5932 605 5985 τὰ
636 5933 832 6004 ἄριστά
869 5948 947 5985 σοι
990 5930 1437 5999 συμϐουλεύοντι,
1472 5928 1750 6002 Εὐφημία,

1862 4742 2070 4781 novum
2143 4726 2359 4779 fortiter
2407 4726 2646 4779 ferentes
2714 4735 3071 4791 tormentum,
3150 4739 3443 4782 evaserunt

1863 4820 2003 4877 facie
2037 4817 2428 4886 splendidiore,
2464 4818 2729 4889 sanguine
2781 4819 3002 4889 quidem
3056 4835 3087 4873 e
3130 4834 3297 4876 carne
3347 4821 3443 4876 de-

1862 4910 2089 4973 fluente,
2150 4908 2373 4979 Opificis
2403 4921 2583 4966 autem
2611 4911 2781 4981 gratia
2807 4911 3075 4966 reddente
3103 4912 3361 4981 pulchros
3383 4923 3440 4969 et

1863 5004 2138 5073 elegantes
2162 5018 2257 5055 eos
2287 5002 2490 5065 vultus,
2518 5017 2654 5071 quos
2679 5002 2981 5055 ellinxerat.
3001 5003 3203 5056 Contra
3231 5013 3436 5070 autem,

1862 5095 1953 5165 qui
1996 5093 2339 5163 ﬂagellabant
2373 5091 2597 5157 defessi,
2639 5092 2960 5149 ceciderunt
2992 5092 3045 5147 in
3108 5103 3308 5150 terram
3348 5110 3439 5151 se-

1864 5185 2162 5242 mimortui.
2218 5184 2325 5240 Sed
2372 5185 2461 5239 alii
2510 5186 2732 5255 quidem
2797 5188 2970 5242 sancti
3026 5189 3180 5256 jussu
3239 5189 3439 5259 judicis

1865 5293 2055 5332 rursus
2103 5279 2474 5347 conjiciuntur
2512 5279 2567 5332 in
2603 5293 2905 5344 carcerem,
2929 5280 3105 5334 donec
3132 5297 3228 5337 eos
3262 5291 3440 5338 trans-

1863 5372 2104 5427 mitteret
2162 5370 2227 5423 ad
2270 5368 2666 5425 Diocletianum
2726 5371 2827 5439 (sic
2874 5371 3020 5427 enim
3074 5374 3439 5429 constituerat

1863 5462 2265 5533 Appellianus),
2297 5459 2588 5515 benedicta
2634 5470 2816 5515 autem
2866 5472 2991 5516 ante
3048 5464 3288 5520 tribunal
3317 5466 3439 5534 ejus

1863 5559 2042 5613 stabat
2071 5554 2375 5623 Euphemia
2412 5573 2426 5621 ;
2460 5554 2809 5610 existimabat
2844 5554 2992 5610 enim
3027 5554 3162 5621 fore,
3218 5568 3275 5612 ut
3319 5560 3434 5615 sola

1864 5651 1945 5706 sic
1975 5647 2133 5701 facile
2168 5648 2543 5701 induceretur.
2594 5645 2729 5699 Cum
2761 5646 2943 5715 itaque
2982 5656 3253 5711 curasset,
3278 5658 3337 5704 ut
3369 5666 3434 5705 ea

1863 5740 2109 5812 proxime
2141 5741 2453 5801 sisteretur,
2489 5747 2549 5791 ut
2571 5752 2629 5791 se
2687 5736 3059 5793 familiaritate
3116 5740 3287 5810 magis
3336 5742 3427 5794 in-

1864 5838 2108 5890 sinuaret
2136 5850 2149 5887 :
2173 5832 2344 5887 Crede
2367 5830 2518 5893 mihi,
2542 5830 2741 5892 aiebat,
2768 5830 2865 5884 tibi
2891 5833 3092 5897 optime
3110 5833 3437 5899 consulenti,

1874 5944 1905 5983 ο
1940 5926 2267 5997 Euphemia,
2304 5934 2362 5981 et
2388 5926 2670 5984 accedens
2706 5936 2905 6000 magno
2942 5925 3037 5978 deo
3068 5922 3219 5979 Marti
3270 5928 3441 5981 sacri-
