4150 6472
713 455 820 521 719

1922 447 2203 510 MENSIS
2243 438 2720 505 SEPTEMBER.

3880 411 3988 474 720

716 574 818 628 tica
853 590 867 635 ;
902 588 1025 627 nam
1068 572 1151 628 sic
1188 570 1413 643 quidem
1451 580 1508 625 et
1560 565 1887 625 liberaberis
1946 565 2015 621 ab
2045 562 2299 619 omnibus

2428 558 2502 611 ιαὶ
2518 551 2895 626 προσελθοῦσα
2919 548 2995 619 τῷ
3022 545 3245 617 μεγάλῳ
3266 541 3373 609 θεῷ
3396 539 3460 591 Ἀ
3472 554 3577 608 ρει,
3605 531 3773 586 θῦσον
3796 545 3809 560 ·
3842 529 3991 581 οὕτω

718 665 1001 728 molestiis,
1048 664 1186 719 citra
1257 663 1502 718 laborem
1560 674 1744 715 autem
1800 656 2126 718 lucraberis,
2178 667 2299 724 quas

718 768 847 813 sunt
880 757 1118 814 maxime
1155 757 1416 828 optanda,
1486 770 1686 824 nempe
1740 763 1798 808 ut
1852 762 1907 805 et
1950 749 2179 814 divitiis,
2245 757 2303 802 et

717 850 888 919 gloria
924 850 1175 919 potiaris,
1212 859 1270 903 et
1308 862 1437 919 agas
1467 846 1726 916 deinceps
1784 843 1953 898 vitam
1994 841 2212 896 beatam
2248 844 2303 891 et

720 942 959 999 felicem.
993 941 1204 997 Christi
1228 951 1413 996 autem
1461 948 1663 1010 martyr
1698 955 1712 994 :
1752 936 2031 992 Mulierem
2084 932 2302 1001 quidem

721 1033 935 1099 videns,
986 1049 1020 1087 o
1048 1034 1234 1105 judex,
1303 1032 1500 1102 inquit,
1556 1041 1714 1100 putas
1762 1042 1923 1099 posse
1962 1024 2119 1080 facile
2153 1022 2305 1079 deci-

722 1139 854 1195 pere
884 1143 901 1178 :
934 1123 1144 1179 videbis
1194 1138 1325 1179 vero
1382 1137 1466 1177 me
1521 1137 1631 1177 non
1681 1135 1827 1183 esse,
1888 1125 1947 1172 ut
1998 1114 2305 1179 existimas,

723 1219 1008 1274 mulierem
1037 1218 1146 1273 tuis
1177 1216 1389 1272 insidiis
1419 1214 1747 1286 expositam.
1777 1208 2009 1265 Confido
2056 1207 2202 1262 enim
2250 1205 2306 1260 in

722 1312 1025 1375 Christum,
1070 1310 1217 1380 quod
1257 1309 1585 1381 adjutrieem
1630 1304 1842 1359 habens
1892 1301 2145 1355 invictam
2190 1297 2309 1369 ejus

724 1405 1028 1468 dexteram,
1090 1412 1211 1457 tuas
1259 1401 1486 1456 callidas
1525 1397 1793 1467 superabo
1854 1394 2099 1449 insidias.
2154 1391 2309 1445 Post-

722 1513 887 1569 quam
930 1510 1060 1566 ergo
1090 1498 1171 1551 sic
1231 1507 1497 1564 responso
1553 1492 1731 1545 victus
1776 1488 1879 1543 fuit
1913 1498 2197 1558 tyrannus,
2254 1492 2310 1538 et

723 1589 818 1660 qui
868 1588 983 1643 solo
1016 1600 1238 1657 aspecul
1306 1584 1533 1656 putabat
1568 1596 1629 1637 se
1680 1596 1844 1651 posse
1895 1578 2041 1645 quod
2096 1575 2311 1632 volebat

723 1680 960 1742 efficere,
1015 1678 1084 1733 ab
1127 1694 1233 1732 una
1286 1676 1747 1732 contemnebatur
1802 1671 2028 1733 femina,
2100 1667 2309 1737 pudore

726 1773 947 1844 quidem
972 1771 1075 1827 fuit
1109 1770 1384 1827 allectus:
1436 1769 1611 1839 pudor
1677 1776 1857 1820 autem
1918 1761 2089 1816 movit
2148 1761 2305 1813 iram.

730 1864 841 1920 Res
890 1872 974 1918 est
1028 1864 1173 1917 enim
1210 1861 1481 1931 ejusmodi
1530 1857 1904 1929 supercilium,
1941 1853 2027 1907 cui
2082 1850 2312 1906 accessit

2406 650 2500 703 καὶ
2527 649 2678 701 ἔσται
2707 662 2789 698 σοι
2817 642 2926 695 τῶν
2961 640 3059 711 μὲν
3102 634 3368 704 λυπηρῶν
3396 628 3704 695 ἀποστῆναι
3738 622 3985 685 πάντων,

2404 740 2667 811 κερδῆσαι
2712 736 2771 790 δὲ
2809 734 3050 794 ’ἀπόνως
3099 728 3168 783 τὰ
3220 726 3606 782 εὐκταιότατα,
3661 717 3805 783 ὅπερ
3876 712 3993 811 ἐστὶ

2404 800 2639 883 πλούτου
2690 843 2748 880 τε
2794 823 2890 877 καὶ
2940 820 3100 889 δόξης
3151 812 3487 875 ἀπολαῦσαι,
3546 807 3644 861 καὶ
3686 807 3749 856 τδ
3799 800 3995 889 λοιπὸν

2405 925 2699 995 εὐδαίμονα
2750 919 2918 988 ζῆσαι
2966 886 3067 969 καί
3119 910 3397 982 μακαρίαν
3451 903 3623 971 ζωήν.
3670 897 3738 952 Ἢ
3809 894 3869 995 δὶε
3902 886 3992 946 τοῦ

2405 982 2645 1093 Χριστοῦ
2674 1016 2908 1087 μάρτυς,
2947 1010 3188 1064 Γυναῖκα
3242 1004 3361 1075 μὲν,
3408 995 3582 1063 εἶπεν,
3618 994 3786 1065 δρῶν,
3826 982 3874 1041 ὣ
3922 988 3994 1040 ὄι-

2406 1081 2603 1177 καστά,
2655 1081 2770 1164 οῐει⁷
2813 1104 3121 1179 προχείρως
3170 1098 3317 1171 ἡμᾶς
3359 1093 3576 1163 ἀπατᾷ-ι
3605 1106 3617 1119 ·
3654 1088 3781 1156 ὄψει
3829 1083 3888 1135 δὲ
3935 1081 3994 1131 ού

2408 1208 2550 1265 κατά
2583 1205 2821 1274 γυναῖκα
2865 1198 3004 1271 πρὸς
3041 1198 3142 1257 τὰς
3181 1193 3277 1254 σὰς
3322 1189 3547 1257 ἐνέδρας
3581 1178 3949 1248 διακειμένην
3978 1188 3991 1203 ·

2409 1269 2647 1355 πέποιθα
2699 1295 2807 1365 γὰρ
2856 1269 2936 1353 είς
2988 1288 3227 1360 Χριστὸν
3282 1284 3368 1337 ὅτι
3423 1278 3616 1351 βοηθὸν
3674 1272 3845 1327 αὑτοῦ
3900 1269 3995 1337 τὴν

2410 1395 2625 1465 ἄμαχον
2670 1387 3033 1456 πλουτήσασα
3081 1378 3285 1443 δεξιὰν,
3350 1372 3620 1444 κρείττων
3673 1365 3995 1435 ὀφθήσομαί

2412 1503 2507 1540 σου
2538 1485 2648 1537 τῶν
2678 1479 3028 1546 κακοτέχνων
3069 1469 3397 1526 ἐπιϐουλῶν.
3440 1466 3529 1527 Ὠς
3566 1460 3659 1515 οὖν
3695 1458 3846 1511 οὕτω
3883 1457 3996 1514 ταῖς

2413 1577 2773 1649 ἀποκρίσεσιν
2813 1568 3023 1642 ἡττήθη
3073 1569 3100 1619 ὁ
3150 1564 3437 1632 τύραννος,
3482 1555 3578 1609 καὶ
3630 1554 3657 1606 ό
3718 1548 3997 1620 βλέμματι

2415 1676 2560 1745 μόνῳ
2596 1671 2777 1740 πλήθη
2806 1666 2991 1736 φοὸεἶν
3026 1662 3273 1729 οἰόμενος
3306 1655 3409 1707 ὑπὸ
3434 1648 3699 1719 γυναικὸς
3724 1657 3999 1708 κατεφροο

2414 1732 2557 1823 νεῖτο
2586 1732 2736 1835 μιᾶς,
2766 1732 3009 1829 ⁷αίοχύνη
3040 1756 3138 1825 μὲν
3172 1751 3336 1805 αὐτὸν
3379 1742 3524 1816 εἶχεν
3554 1760 3567 1772 ·
3674 1732 3999 1835 αἰσχύνηιδὲ

2415 1861 2509 1913 τὸν
2557 1826 2733 1926 θυμὸν
2784 1826 2993 1905 ικί-νει·
3054 1843 3299 1899 τοιοῦτον
3351 1839 3461 1908 γὰρ
3506 1834 3681 1903 όφρὺς
3747 1826 4001 1891 ἐξουσίας

731 1966 999 2029 potestas.
1031 1954 1239 2010 Deinde
1275 1952 1503 2024 perinde
1533 1967 1597 2007 ac
1633 1966 1696 2005 ea
1744 1963 1866 2018 qua:
1896 1949 2311 2016 praecesserant,

2428 1921 2824 2020 ἐπειλημμένη.
2858 1940 2974 1997 Εἶθ’
2996 1940 3181 2008 ὥσπερ
3204 1935 3300 1996 τὰς
3327 1927 3705 2002 προλαόούσας
3732 1921 4001 1992 βασάνους

732 2026 1007 2105 tormenta
1034 2062 1200 2119 parva
1234 2053 1383 2099 esset
1417 2042 1738 2105 arbitratus,
1780 2049 1838 2095 et
1866 2054 1987 2108 quae
2031 2026 2316 2105 imponere

732 2158 843 2197 non
887 2148 1115 2211 possent
1141 2137 1552 2199 necessitatem,
1610 2150 1753 2188 nova
1808 2128 2138 2201 excogitavit
2192 2140 2207 2179 :
2262 2131 2317 2177 et

729 2234 890 2305 jubet
954 2230 1201 2286 construi
1256 2237 1404 2283 rotas
1466 2226 1727 2281 inauditis
1792 2221 2114 2294 quibusdam
2198 2231 2317 2269 ma-

733 2327 939 2390 chinis,
988 2340 1109 2395 qua:
1153 2336 1350 2378 carnes
1413 2335 1685 2390 premere,
1727 2326 1782 2373 et
1829 2318 1895 2371 ah
1948 2313 2165 2368 ossibus
2221 2324 2317 2362 ex-

736 2420 1000 2492 primere,
1063 2427 1119 2470 et
1164 2416 1279 2484 ipsa
1336 2412 1683 2481 confringere
1746 2416 1973 2479 possent
2034 2402 2319 2458 violentis-

734 2514 895 2576 sime,
941 2517 999 2564 et
1065 2508 1121 2563 in
1185 2522 1282 2561 eas
1347 2502 1812 2576 sapientissimam
1881 2497 2031 2569 injici
2096 2495 2320 2565 Eupheo

736 2605 924 2660 miam.

809 2694 904 2751 Vl.
934 2696 1229 2765 Postquam
1255 2702 1437 2748 autem
1476 2690 1610 2762 ipsa:
1646 2686 1914 2742 machina
1960 2684 2110 2740 dicto
2160 2684 2321 2739 citius

740 2788 969 2844 fuerunt
1002 2795 1355 2850 constructae,
1382 2794 1437 2840 et
1472 2794 1678 2854 martyr
1720 2782 1772 2835 in
1805 2794 1897 2833 eas
1926 2787 2045 2833 erat
2069 2776 2324 2846 injicien-

737 2883 828 2947 da,
892 2881 1091 2937 validis
1140 2881 1405 2935 coutinuo
1442 2878 1498 2930 in
1527 2891 1585 2929 se
1624 2875 1832 2945 paratis
1891 2871 2080 2943 armis,
2128 2883 2323 2939 nempe

738 2972 923 3029 divina
957 2970 1137 3027 crucis
1173 2969 1344 3042 figura
1379 2982 1443 3023 ac
1474 2982 1536 3022 ea
1592 2967 1826 3037 signata,
1859 2973 1978 3029 aut,
2039 2972 2097 3016 ut
2130 2962 2325 3015 melius

746 3066 950 3129 dicam,
984 3064 1219 3128 munita,
1266 3063 1531 3116 adversus
1569 3070 1718 3113 rotas
1778 3055 2069 3126 processit,
2120 3053 2323 3107 nullam

743 3158 968 3227 quidem
1008 3157 1167 3210 vultu
1208 3153 1508 3208 ostendens
1553 3148 1850 3213 tristitiam,
1884 3151 1977 3201 sed
2036 3162 2229 3201 severo
2270 3155 2327 3199 et

743 3249 983 3302 honesto
1039 3245 1215 3306 vultu.
1261 3244 1547 3312 Deumque
1610 3237 1962 3302 benedicens,
2026 3246 2081 3290 et
2140 3242 2327 3306 aperte

742 3340 1040 3395 ostendens
1059 3354 1116 3393 se
1141 3338 1207 3392 iis
1233 3352 1357 3407 quas
1384 3350 1481 3405 pro
1511 3334 1629 3405 ipso
1660 3332 1991 3403 patiebatur,
2028 3330 2322 3385 admodum

747 3432 1004 3504 gaudere.
1045 3429 1188 3496 Quin
1220 3429 1385 3483 etiam
1415 3429 1705 3497 proferens
1734 3424 1941 3493 aliquid
1996 3436 2323 3493 generosum

745 3532 800 3578 et
821 3523 975 3578 valde
1004 3521 1226 3593 dignum
1261 3521 1381 3589 ejus
1409 3519 1650 3575 candore
1684 3534 1699 3571 :
1733 3516 1867 3569 Tuae
1896 3524 2050 3578 rotae,
2079 3514 2321 3577 dicebat,

742 3618 1043 3687 otyranne,
1068 3624 1123 3669 et
1156 3614 1240 3669 ha:
1272 3611 1570 3668 imbecilla:
1624 3619 1729 3663 tum
1756 3607 2194 3663 machinationes
2214 3620 2329 3660 ma-

738 3708 833 3776 jus
862 3707 996 3761 mihi
1020 3706 1332 3760 accendunt
1374 3702 1578 3759 Christi
1635 3701 1990 3756 desiderium.
2045 3700 2170 3754 Hzee
2232 3714 2330 3753 au-

747 3801 962 3854 dientes
994 3797 1255 3862 ministri,
1306 3806 1454 3851 rotas
1509 3794 1826 3859 versabant,
1860 3808 2023 3864 quam
2081 3800 2330 3861 poterant

745 3893 1066 3955 fortissime,
1098 3890 1404 3959 graviorem
1447 3902 1673 3941 sensum
1694 3885 1900 3939 doloris
1932 3883 2158 3953 martyri
2194 3881 2328 3935 affe-

746 3992 957 4036 rentes.
1010 3980 1382 4046 Quamobrem
1422 3980 1542 4049 ejus
1578 3977 1797 4048 quidem
1837 3976 2083 4031 membra
2124 3983 2179 4028 et
2207 3988 2332 4044 par-

749 4083 831 4128 tes
871 4072 1380 4143 confringebantur,
1436 4070 2023 4141 etdisrumpebantur,
2068 4078 2124 4124 et
2154 4067 2331 4123 divel-

749 4166 1005 4221 lebantur
1043 4179 1238 4219 omnes
1263 4176 1592 4233 compages;
1624 4177 1781 4215 mens
1826 4170 2005 4214 autem
2035 4176 2145 4213 non
2201 4160 2331 4214 abs-

762 4257 991 4315 cedebat
1059 4274 1088 4312 a
1142 4258 1381 4321 Christo,
1418 4256 1513 4310 sed
1567 4255 1620 4309 in
1649 4255 1849 4309 coelum
1892 4252 2088 4306 tollens
2123 4255 2331 4316 oculos,

756 4352 901 4406 unde
942 4365 1000 4405 se
1024 4348 1265 4420 speravit
1292 4347 1607 4401 habituram
1641 4345 1902 4399 auxilium
1938 4360 1951 4397 :
1982 4345 2211 4399 Domine
2236 4344 2331 4412 mi,

753 4443 1048 4509 clamabat,
1101 4442 1232 4497 Jesu
1264 4440 1505 4507 Christe,
1556 4439 1753 4493 animae
1801 4452 1937 4493 mea:
1984 4437 2331 4504 illuminatio,

755 4534 881 4589 fons
923 4534 1073 4596 vitae,
1099 4533 1191 4602 qui
1219 4532 1317 4587 das
1350 4531 1583 4586 salutem
1611 4529 1715 4595 eis,
1745 4529 1840 4597 qui
1870 4529 1925 4581 in
1952 4539 2006 4582 te
2026 4526 2332 4594 conﬁdunt,

2423 2011 2631 2119 μικρὰς
2666 2011 2820 2095 ἐἶναι
2871 2037 3100 2106 νομίσας
3160 2032 3255 2085 καὶ
3311 2028 3558 2095 ἀνάγκην
3608 2018 3886 2072 ἐπιθεῖναι

2417 2139 2743 2209 δυναμένας,
2805 2131 2998 2192 καινὰς
3059 2124 3299 2185 ὶπενόει,
3336 2120 3432 2173 καὶ
3502 2114 3720 2169 κελεύει
3772 2106 4005 2178 τροχοὺς

2416 2198 2598 2300 ξέναίς
2656 2230 2770 2284 τισὶ
2832 2222 3101 2297 μηχαναῖς
3176 2208 3725 2275 κατασκευασθῆναι,
3787 2198 3999 2261 πιέζειν

2422 2330 2653 2398 σάρκας,
2681 2323 2815 2377 ὀστᾶ
2842 2316 3178 2373 ἀποθλίϐειν,
3197 2307 3340 2363 αύτά
3361 2322 3422 2359 τι
3450 2300 3685 2369 συνθλᾷν
3711 2294 4004 2365 βιαιότατα

2421 2417 2781 2488 δυναμένους,
2815 2415 2871 2465 ὲν
2895 2409 3081 2469 αὐτοῖς
3109 2422 3167 2458 τε
3192 2402 3290 2473 τὴν
3319 2398 3600 2463 πάνσοφον
3628 2385 4002 2460 ἐμϐληθῆναι.

2498 2691 2591 2756 ς’.
2658 2687 2752 2745 Ὠς
2800 2681 2855 2733 δὲ
2916 2675 3009 2730 καὶ
3056 2672 3207 2726 τουτὶ
3258 2667 3319 2721 τὸ
3374 2662 3675 2734 μηχάνημα
3727 2648 4004 2756 θᾶττονῆ

2430 2742 2751 2853 πρόσετάγτι
2802 2764 3250 2833 κατεσκευάσθη,
3307 2760 3403 2811 καὶ
3435 2758 3467 2824 ἡ
3532 2753 3742 2823 μάρτυς
3786 2742 4008 2845 ἔμελλεν

2428 2833 2793 2943 ἐμϐληθῆναι,
2850 2863 3015 2918 ὅπλον
3069 2858 3235 2919 εὐθὺς
3296 2850 3519 2921 ἰσχυρὸν
3576 2845 3668 2898 τὸν
3715 2843 3865 2895 θεῖον
3916 2833 4008 2889 τοῦ

2430 2967 2671 3037 σταυροῦ
2699 2963 2871 3016 τύπον
2903 2957 3069 3025 ἑαυτῇ
3110 2949 3466 3023 σχεδιάσασα,
3503 2943 3600 2994 καὶ
3642 2937 3806 2989 τοῦτο
3837 2948 4008 3001 σφρα-

2428 3025 2704 3131 γισαμένη
2735 3053 2892 3125 ﬁstul.
2922 3047 3246 3119 φραξαμένη
3284 3041 3486 3111 μᾶλλον
3516 3034 3712 3092 εἰπεῖν,
3741 3027 3888 3081 κατὰ
3908 3025 4010 3077 τῶν

2431 3119 2642 3226 τροχιῦν
2693 3119 2922 3220 extima,
2984 3139 3335 3213 ἐμφαίνουσα
3397 3132 3497 3197 μὲν
3550 3126 3708 3181 οὐδὲν
3768 3119 4011 3190 κατηφὲς

2432 3214 2917 3316 κᾷιᾌπράᾇὶυτὲον,
2951 3234 3211 3302 εὐκόσμῳ
3232 3229 3290 3283 δὲ
3320 3226 3443 3296 ήθει
3481 3214 3801 3316 καὶυσεμνιῖ)
3835 3224 4012 3316 rapa:

2436 3299 2695 3408 στήματι.
2720 3299 3035 3396 Εὐλογδῦσά
3065 3299 3234 3376 τεντδν
3260 3319 3395 3371 Θεὸν
3425 3315 3519 3366 καὶ
3557 3305 3638 3371 οἷς
3673 3307 3819 3372 ὑπὲρ
3850 3299 4010 3408 αὐτού

2435 3388 2670 3496 ἐπέσχεν
2701 3388 2898 3491 ἑορτὴν
2932 3418 3088 3482 ἄγειν
3119 3408 3333 3479 φανερά
3360 3403 3647 3472 γινομένη.
3680 3395 3820 3463 πρὸς
3927 3388 4009 3442 καὶ

2437 3516 2785 3577 ὐπολαλοῦσα
2819 3508 3067 3581 γενναῖόν
3090 3523 3143 3557 τι
3173 3501 3271 3555 καὶ
3299 3498 3398 3566 τῆς
3427 3495 3575 3565 ὧρας
3605 3489 3814 3557 κομιδῆ
3846 3485 4011 3549 ἀξιον.

2435 3576 2499 3668 Οἱ
2536 3613 2645 3684 γὰρ
2683 3576 2867 3679 τροχοί
2897 3620 3015 3667 σου,
3066 3598 3244 3665 ελεγι,
3293 3592 3551 3663 τύραννε,
3590 3587 3686 3639 καὶ
3738 3582 3809 3634 τὰ
3846 3576 4013 3645 σαθρὰ

2435 3672 2626 3761 ταυτὶ.
2664 3672 3077 3773 μτίιχανήματα,
3136 3688 3361 3744 πλείονά
3420 3701 3512 3755 μοι
3556 3680 3648 3732 τὸν
3714 3675 3884 3729 πόθον
3935 3672 4012 3737 ἐξ·

2438 3802 2671 3855 ἅπτουσι
2692 3796 2786 3847 τοῦ
2805 3786 3064 3861 Χριστοῦ.
3089 3781 3307 3837 Τούτων
3339 3777 3632 3835 ἀκούοντες
3668 3768 4017 3838 ἰσχυρότερον

2437 3894 2562 3947 ὅσον
2618 3888 2688 3961 ἦν
2745 3887 2874 3948 τοὺς
2929 3880 3161 3951 τροχοὺς
3220 3875 3512 3945 ἔστρεφον,
3557 3866 3903 3961 δριμυτέραν
3954 3866 4013 3932 τῇ

2443 3956 2685 4056 μάρτυρι
2749 3976 2851 4043 τῆς
2906 3970 3105 4039 όδύνης
3169 3966 3269 4036 τὴν
3320 3962 3577 4032 αἴσθησιν
3637 3956 4016 4028 ἱμποιοῦντες,

2438 4046 2563 4134 δθεν
2600 4046 2735 4147 μέλη
2770 4071 2869 4141 μὲν
2901 4068 3074 4135 αὐτῆς
3112 4063 3207 4115 καὶ
3234 4061 3379 4130 μέρη
3408 4051 3781 4124 συνεθραύετό
3838 4065 3897 4099 τε
3931 4046 4027 4127 καὶ.

2440 4142 2822 4241 διερρῆγνυτο.
2856 4157 3105 4215 Καὶ’τῶν
3137 4151 3416 4225 ἁρμονιῶν
3470 4149 3687 4202 ἅπαντα
3740 4142 4016 4205 διεσπᾶτο,

2440 4263 2470 4316 ό
2496 4234 2702 4322 vini-eat
2732 4255 2825 4309 τοῦ
2858 4254 2994 4322 πρὸς
3021 4249 3259 4322 Χριστὸν
3284 4247 3418 4316 όρᾷν
3443 4243 3542 4296 οὐκ
3578 4241 3870 4307 ἀφίστατο,
3892 4234 4018 4287 ἀλλά

2441 4359 2503 4413 τὸ
2530 4355 2685 4427 ὄμμα
2716 4352 2796 4413 είς
2848 4345 3115 4417 οὐρανοὺς
3150 4340 3388 4409 αἴρουσα
3433 4336 3556 4388 ὅθεν
3606 4332 3843 4400 ἣλπισεν
3875 4327 4019 4396 ἥξειν

2442 4450 2540 4506 καί
2706 4441 2989 4515 βοήθειαν,
3028 4433 3200 4505 Κύριέ
3236 4448 3361 4503 μου,
3395 4421 3770 4490 ὲ66α,“1ησοῦ
3796 4417 4017 4517 liga-tate,

2444 4543 2472 4594 ὁ
2500 4538 2599 4605 τῆς
2626 4508 2768 4606 huic
2794 4508 2982 4600 luxu:
3018 4521 3325 4594 φωτισμδςο
3377 4519 3411 4591 ἡ
3443 4516 3597 4586 πηγὴ
3639 4514 3739 4578 τῆς
3791 4510 3955 4606 ζωῆς.
3994 4508 4018 4606 ἐ

755 4625 904 4681 adsis
936 4641 1085 4680 nunc
1120 4625 1254 4680 mihi
1289 4624 1530 4694 adjutor,
1564 4630 1619 4677 et
1651 4630 2015 4694 cognoscatur
2038 4621 2107 4674 ab
2151 4618 2324 4675 omni-

2446 4628 2634 4693 σώζων
2660 4641 2786 4686 τους
2808 4622 2904 4675 tul.
2934 4617 3020 4672 σοὶ
3046 4613 3380 4673 πεποιθότας
3403 4646 3418 4671 ,
3458 4607 3671 4677 πάρεσό
3708 4621 3802 4673 μοι
3836 4604 3928 4654 καὶ
3958 4600 4020 4650 τά

759 4719 884 4783 bus,
912 4718 1057 4788 quod
1087 4728 1145 4771 tu
1174 4733 1233 4771 es
1258 4718 1401 4771 Deus
1450 4715 1622 4779 solus,
1650 4724 1802 4770 certa
1850 4729 1975 4784 spes
2008 4728 2196 4768 eorum
2246 4711 2338 4781 qui

761 4810 815 4862 in
878 4819 931 4864 te
991 4811 1196 4865 habent
1252 4807 1559 4862 ﬁduciam:
1602 4806 1837 4873 etquod
1907 4821 2016 4860 non
2078 4805 2342 4860 accedent

758 4901 924 4964 mala,
978 4915 1159 4970 neque
1180 4896 1649 4970 appropinquabit
1686 4894 1958 4966 flagellum
1986 4896 2341 4951 tabernaculo

759 5009 955 5048 eorum
1007 4994 1101 5063 qui
1151 5000 1203 5046 te
1244 4992 1572 5048 altissimum
1626 5004 1783 5043 suum
1842 4995 2142 5059 posuerunt
2197 4987 2343 5041 refu-

740 5088 905 5156 gium
934 5089 971 5140 '.
996 5083 1089 5140 Sic
1107 5085 1328 5155 quidem
1352 5095 1555 5154 martyr
1577 5092 1663 5137 est
1683 5092 1903 5150 precata
1940 5099 1951 5133 :
1984 5080 2128 5134 Deus
2158 5092 2339 5137 autem

761 5179 1017 5232 effectum
1050 5177 1312 5243 reddidit,
1343 5176 1491 5247 quod
1526 5172 1880 5245 precabatur.
1912 5170 2164 5226 Caelestis
2194 5173 2341 5225 enim

763 5268 1030 5324 continuo
1050 5268 1351 5322 adveniens
1378 5272 1573 5332 virtus,
1607 5273 1889 5319 momento
1920 5262 2179 5329 temporis
2215 5261 2344 5315 facit

766 5366 884 5419 haec
937 5364 1147 5418 omnia.
1194 5358 1324 5415 Eam
1362 5360 1584 5443 quidem
1618 5356 1780 5413 solvit
1834 5370 1864 5409 a
1916 5362 2032 5408 rota
2077 5371 2091 5407 :
2152 5368 2350 5423 corpus

764 5466 945 5511 autem
982 5464 1191 5509 curata
1220 5452 1396 5525 plagis
1432 5450 1568 5505 adeo
1599 5449 1847 5519 pulchre,
1876 5455 2025 5500 utne
2059 5445 2346 5499 minimum

768 5550 991 5621 quidem
1052 5549 1343 5603 vulnerum
1423 5542 1714 5616 vestigium
1789 5541 1843 5593 in
1906 5556 1971 5593 eo
2036 5547 2343 5609 appareret.

770 5638 977 5697 Deinde
1007 5642 1173 5695 etiam
1216 5641 1506 5695 ministros
1560 5631 1864 5705 iniquitatis
1908 5633 2087 5703 specie
2136 5636 2345 5686 terrens

767 5737 1022 5799 terribili,
1085 5736 1213 5791 facit
1268 5741 1328 5789 ut
1400 5749 1509 5789 non
1570 5734 1890 5802 operentur.
1933 5723 1974 5777 E
2019 5725 2153 5781 rotis
2222 5738 2351 5781 vero

829 5917 853 5951 τ
884 5914 1027 5971 Psal.
1063 5927 1124 5968 xc
1146 5953 1159 5974 .
1186 5912 1240 5968 9.

2444 4690 2550 4774 νῦν.
2595 4716 2811 4788 βοηθὸς,
2858 4710 2952 4766 καὶ
3002 4706 3305 4778 γνωσθήτω
3358 4703 3529 4781 πᾶσιν
3578 4698 3662 4752 ὅτι
3712 4696 3779 4747 σὺ
3820 4690 3869 4747 εἴ
3898 4692 4019 4752 Θεδς

2448 4782 2633 4877 μόνος,
2669 4782 2824 4865 ἐλπὶς
2879 4800 3240 4869 ἀδιάψευστος
3296 4793 3405 4845 τῶν
3458 4791 3516 4843 ὲν
3568 4787 3651 4840 σοὶ
3694 4788 3755 4839 τὸ
3810 4782 4019 4869 θαρρεῖν

2447 4876 2708 4969 ἑχόντων,
2768 4892 2866 4947 καὶ
2922 4893 3005 4945 ὃτι
3069 4890 3130 4941 οὐ
3185 4882 3622 4958 προσελιύσεται
3670 4878 3848 4941 κακὰ,
3908 4876 4017 4929 οἱδὶ

2449 4988 2652 5062 μάστιξ
2683 4986 2863 5055 ἐγγιεῖ
2909 4983 2990 5054 τῷ
3049 4979 3373 5051 σκηνώματι
3412 4975 3521 5029 τῶν
3555 4975 3613 5027 ἀ
3662 4973 3756 5024 τὸν
3805 4970 4018 5039 Mearm

2447 5079 2775 5152 καταφυγὴν
2803 5077 3126 5147 τιθεμένων.
3162 5072 3353 5133 Οὕτως
3379 5070 3410 5139 ὴ
3442 5068 3653 5138 μάρτυς
3679 5066 3781 5133 μὲν
3805 5062 4016 5131 ηῦξατο,

2446 5173 2579 5236 Θεὸς
2624 5172 2679 5223 δὲ
2727 5171 2825 5238 τὴν
2873 5167 3039 5236 εὐχὴν
3087 5163 3326 5217 ὲτελείου
3392 5177 3405 5190 ·
3460 5158 3695 5225 οὐρανία
3726 5154 3838 5224 γὰρ
3870 5153 4016 5215 εὐθὺς

2448 5268 2727 5322 ἐπιστᾶσα
2761 5263 2997 5331 δύναμις
3037 5262 3095 5311 ὲν
3124 5258 3325 5333 ἀκαρεῖ
3363 5255 3544 5308 πάντα
3581 5252 3749 5315 ποιεῖ,
3784 5251 3881 5302 καὶ
3914 5248 4015 5301 λύει

2454 5362 2553 5435 μὲν
2588 5360 2760 5425 αὐτὴν
2803 5354 2897 5409 τοῦ
2946 5350 3165 5423 τροχοῦ,
3221 5352 3282 5404 τὸ
3333 5350 3490 5417 σῶμα
3535 5344 3591 5397 δὲ
3642 5345 3754 5397 τῶν
3808 5338 4016 5411 πληγῶν

2450 5456 2627 5518 ίᾶται,
2670 5450 2813 5504 οὕτω
2848 5446 3053 5513 καλῶς,
3085 5446 3158 5508 ὼς
3194 5443 3327 5514 μηδὲ
3356 5440 3527 5512 βραχύ
3556 5458 3609 5493 τι
3636 5440 3745 5493 τῶν
3783 5436 4011 5508 τραυμὰ-

2456 5561 2564 5597 των
2599 5542 2743 5609 ῐχνος
2780 5540 2837 5589 ὲν
2890 5534 3039 5604 αὐτῷ
3090 5530 3419 5602 φαίνεσθαι·
3450 5525 3566 5585 εἶτα
3613 5527 3712 5579 καὶ
3760 5528 3891 5590 τοὺς
3932 5523 4008 5592 τῆς

2452 5629 2681 5700 ἀνομίας
2712 5626 2993 5698 ὑπηρέτας
3028 5620 3303 5694 ὲμφανείᾳ
3343 5616 3744 5685 καταπλήξασα
3782 5614 3980 5685 φοϐερᾷ

2459 5726 2662 5796 ἣκιστα
2691 5720 2949 5790 ἐνεργοὺς
2975 5715 3241 5782 δείκνυσι,
3277 5716 3386 5771 τῶν
3408 5710 3618 5783 τροχῶν
3643 5710 3701 5766 δὲ
3730 5716 3767 5783 η
3802 5706 3997 5775 delos-6
