4150 6512
164 472 267 537 721

1274 476 1742 540 MARTYRIUM
1782 476 1844 539 S.
1879 478 2321 544 ΕΠΡΗΕΜΙᾸΞ.

3300 476 3406 540 722

164 605 261 661 ρος
297 586 535 653 ἐκϐᾶσα,
572 586 635 641 ού
669 586 831 658 μόνον
853 589 1043 660 ἀρτιός
1067 606 1127 644 τε
1158 592 1256 645 καὶ
1277 592 1459 660 ὑγιὴς,
1489 590 1626 646 ἀλλα
1647 592 1743 647 καὶ

1848 608 2064 663 egressa
2113 595 2349 666 gloriosa
2375 592 2659 659 certatrix,
2715 606 2824 648 nou
2893 591 3067 646 solum
3113 601 3403 662 conspecta

163 680 499 750 φαιδροτέρα
526 680 625 751 τὴν
647 679 772 750 ὄψιν
793 681 1033 752 ἑωρᾶτο,
1070 681 1115 737 ὣ
1135 686 1233 755 τῆς
1265 682 1591 755 θαυμαστῆς
1622 702 1741 750 σου,

166 771 397 842 Χριστέ,
434 771 742 841 δυνάμεως,
771 772 906 827 ὅπου
928 791 991 843 γε
1029 775 1146 840 καὶ,
1176 777 1502 846 πασχόντων
1538 775 1737 843 ἄλλων,

165 864 447 933 κατήφεια
478 860 741 925 πολλάκις
771 866 839 935 τῇ
879 864 1000 935 ὄψει
1054 866 1164 921 τῶν
1208 865 1739 940 φιλανθρωποτέρων

161 955 470 1024 ἐγγίνεται.

234 1046 311 1103 Z'.
357 1047 499 1102 Ἀλλ’
526 1050 556 1103 6
580 1050 776 1122 Αἰθίοψ
808 1050 909 1104 οὐκ
938 1050 1287 1107 ἐλευκαίνετο
1309 1092 1326 1120 ,
1363 1053 1460 1110 καὶ
1492 1054 1553 1109 τὸ
1584 1053 1742 1119 ξύλον

160 1132 225 1201 δὴ
256 1134 320 1187 τδ
349 1134 611 1203 στρεϐλὸν
663 1137 762 1191 ούκ
788 1136 1031 1208 ὠρθοῦτο
1051 1180 1065 1204 ,
1094 1140 1189 1195 καὶ
1218 1142 1245 1193 ὁ
1274 1144 1533 1211 καρκῖνος
1565 1141 1742 1212 ὀρθῶς

165 1224 409 1294 βαδίζειν
446 1228 549 1282 ούκ
582 1228 914 1283 ἐδιδάσκετο.
961 1230 1020 1291 '0
1062 1231 1303 1304 Πρίσκος
1337 1232 1513 1287 ταῦτα
1550 1235 1581 1287 6
1607 1250 1740 1304 μια-

169 1317 261 1388 ρὸς
293 1318 393 1372 καὶ
424 1320 524 1390 τὴν
550 1322 751 1375 κακίαν
777 1322 886 1375 οὐδ’
918 1322 1098 1378 ὁτιοῦν
1127 1325 1375 1395 ίσὶσιμος,
1431 1328 1527 1379 καὶ
1549 1324 1739 1379 τοιαύ-

164 1426 267 1479 της
299 1410 412 1480 γὰρ
440 1413 741 1481 γενομένης
770 1412 1096 1485 θεοσημεὶας
1120 1456 1136 1481 ,
1169 1417 1377 1478 ἐκεῖνος
1412 1416 1601 1490 ὥσπερ
1631 1420 1740 1473 τῶν

165 1501 336 1557 αὑτοῦ
372 1502 512 1557 θεῶν
540 1502 871 1574 τυφλότερος
898 1502 995 1570 ὣν,
1026 1506 1087 1559 ού
1110 1508 1273 1579 μόνον
1301 1509 1452 1563 οὐδὲν
1484 1513 1739 1581 συνῆκεν,

162 1594 303 1650 ἀλλά
329 1596 426 1647 καὶ
447 1595 547 1664 τὴν
566 1596 821 1666 μάρτυρα
846 1597 1028 1662 ζῶσαν
1062 1600 1323 1671 ἠπείλησε
1347 1603 1737 1657 κατακαύσεινσ

163 1688 198 1757 ἡ
233 1687 291 1740 δέ
325 1686 479 1740 οὐδὲν
511 1687 953 1762 ὑποστειλαμὲνη
983 1691 1044 1745 τὸ
1074 1692 1173 1762 μὲν
1206 1694 1542 1765 πρόσκαιρον
1561 1690 1735 1748 εἵπεψ

163 1773 235 1831 Ὦ
273 1778 534 1849 τύραννε,
565 1779 728 1834 τοῦτο
766 1782 825 1838 τὸ
865 1782 978 1854 πῦρ
1013 1784 1151 1857 ὅπερ
1197 1784 1323 1857 ἐμοὶ
1349 1786 1444 1840 νῦν
1472 1788 1737 1853 ἀπειλεῖς,

160 1871 305 1940 ταχὺ
356 1869 460 1940 μὲν
510 1872 833 1936 ἀνάπτεται,
886 1876 1023 1947 ταχὺ
1065 1876 1121 1929 δέ
1163 1879 1259 1932 καὶ
1307 1878 1386 1948 τῷ
1428 1880 1741 1952 βουλομένῳ

166 1961 490 2017 σϐέννυται.
545 1962 654 2019 Καὶ
682 1963 781 2033 οὐχ
813 1963 987 2026 οὓτως
1019 1965 1132 2033 ἐγὼ
1177 1968 1275 2037 τὴν
1298 1968 1479 2040 ψυχὴν
1508 1971 1741 2042 ἀγεννὴς

164 2056 241 2118 ὡς
296 2056 438 2127 πρὸς
480 2055 722 2109 τοιοῦτον
774 2057 888 2129 πῦρ
936 2059 1338 2127 ἀποδειλιάσαι,
1394 2063 1456 2116 ού
1494 2064 1569 2134 μὰ
1614 2064 1744 2128 τοὺς

167 2147 349 2216 ίεροίις
383 2146 605 2214 ἀγῶνας
634 2148 744 2202 τῶν
776 2149 865 2203 διὰ
906 2151 1145 2221 Χριστὸν
1194 2153 1457 2219 γενναίως
1486 2156 1743 2225 ἀνδρισα·

168 2239 374 2308 μένων,
436 2240 626 2293 οὐδένα
681 2241 944 2311 ἐμϐάλλει
991 2245 1154 2300 τοῦτο
1204 2247 1369 2317 φόϐον
1424 2249 1571 2319 ἐμοὶ,
1626 2251 1741 2304 ἀλλ’

165 2329 346 2383 ἐκεῖνο
383 2332 446 2383 τὸ
510 2332 621 2404 πῦρ
667 2334 909 2402 δέδοικα,
957 2340 1133 2392 ἐκεῖνό
1170 2357 1260 2409 μοι
1335 2341 1431 2395 καὶ
1482 2343 1565 2408 είς
1617 2342 1743 2397 νοῦν

168 2424 337 2493 μόνον
371 2427 668 2497 ἐρχόμενον
704 2429 1035 2486 καθίσταται
1070 2433 1327 2505 φοϐερὸν,
1379 2436 1408 2488 6
1450 2436 1576 2500 τοὺς
1648 2437 1747 2507 ἁρ-

166 2517 472 2588 νουμένους
507 2518 599 2573 τὸν
651 2522 890 2593 Χριστὸν
945 2526 1279 2594 περιμένει,
1332 2527 1559 2580 αἰωνίαν
1618 2527 1744 2598 ἔχον

168 2610 262 2663 καὶ
292 2611 415 2665 οὐδὲ
448 2610 623 2682 βραχὺ
664 2614 941 2682 λήγουσαν
972 2615 1072 2685 τὴν
1100 2617 1407 2685 ἐνέργειαν.
1463 2619 1521 2673 'O
1547 2619 1746 2689 τύραν-

165 2719 255 2765 νος
314 2702 419 2772 μέν
473 2720 557 2756 τοι
608 2704 675 2757 τά
719 2705 1066 2775 ἡπειλημὲνα
1122 2709 1259 2779 πρὸς
1302 2708 1465 2781 ἔργον
1510 2710 1743 2778 ἐξάγων,

169 2793 409 2863 κάμινον
462 2795 761 2864 ἐξαφθῆναι
820 2798 1057 2866 κελεύει,
1117 2802 1290 2875 πίσσῃ
1348 2803 1441 2856 καὶ
1482 2801 1611 2870 θείῳ
1653 2803 1747 2855 καὶ

171 2882 419 2953 στυπείῳ
457 2885 552 2937 καὶ
587 2884 884 2954 κληματὶδι
920 2886 1042 2941 λίαν
1075 2890 1512 2960 ἐπιτρεφομένην,
1561 2891 1656 2944 καὶ
1714 2892 1746 2961 ὴ

170 2970 304 3040 φλὸξ
364 2973 447 3034 εἰς
509 2975 707 3042 πήχεις
752 2975 916 3027 πέντε
964 2977 1058 3029 καὶ
1103 2979 1522 3049 τεσσαράκοντα
1558 2981 1743 3050 ἤρετο.

182 3061 593 3129 Ἐμϐἀλλεσθαι
623 3065 677 3117 δὲ
712 3068 749 3134 ἡ
780 3067 995 3135 μάρτυς
1044 3068 1316 3138 μέλλουσα
1358 3071 1436 3141 τῷ
1484 3073 1640 3143 πυρὶ,
1688 3072 1750 3125 τὸ

168 3153 280 3207 τῶν
309 3153 481 3223 τριῶν
512 3156 721 3208 παίδων
765 3157 953 3222 ὅπλον,
997 3158 1095 3230 τὴν
1139 3163 1447 3233 προσευχὴν
1490 3165 1750 3233 περιϐάλ-

1844 684 1949 739 fuit
2000 685 2211 758 integra
2245 695 2301 742 et
2328 701 2485 752 sana,
2540 685 2636 742 sed
2688 685 2855 741 etiam
2913 684 3061 739 vultu
3116 682 3312 739 alacris
3349 684 3405 751 (ο

1840 774 2219 849 admirabilem
2271 786 2441 841 tuam,
2490 776 2727 843 Christe,
2773 774 3059 845 virtutem)
3099 790 3252 838 cum,
3283 772 3407 829 aliis

1842 864 2006 919 etiam
2062 865 2401 935 patientibus
2476 881 2620 936 saepe
2668 865 2800 920 insit
2853 864 3074 921 tristitia
3148 863 3203 918 in
3255 862 3405 919 vultu

1842 972 2032 1012 eorum
2069 958 2163 1028 qui
2185 968 2433 1028 spectant
2451 968 2508 1014 et
2535 968 2663 1015 sunt
2690 958 3064 1014 humaniores.

1914 1046 2029 1104 VII.
2063 1048 2173 1103 Sed
2216 1047 2471 1119 Ethiops
2504 1065 2613 1105 non
2651 1049 2958 1113 dealbatur,
2989 1057 3045 1103 et
3078 1047 3284 1117 lignum
3318 1045 3405 1099 in-

1844 1155 2073 1196 curvum
2097 1156 2206 1195 non
2225 1140 2495 1212 dirigitur,
2525 1152 2583 1196 et
2612 1157 2811 1197 cancer
2845 1150 2991 1196 recte
3042 1137 3250 1210 ingredi
3294 1151 3402 1191 non

1842 1231 2088 1288 docetur.
2138 1232 2263 1290 Haec
2295 1231 2512 1289 Priscus
2566 1235 2888 1297 sceleratus,
2950 1241 3006 1287 et
3044 1232 3202 1302 cujus
3262 1225 3410 1282 nullo

1842 1326 2007 1380 modo
2040 1336 2253 1395 poterat
2295 1326 2477 1381 curari
2526 1325 2739 1381 vitium.
2786 1324 2920 1378 Nam
2964 1340 3090 1380 cum
3147 1320 3410 1377 divinitus

1842 1416 2045 1472 factum
2075 1427 2222 1474 esset
2278 1420 2386 1474 tale
2429 1419 2665 1490 signum,
2696 1418 2806 1482 ille,
2850 1426 2911 1472 ut
2961 1416 3053 1486 qui
3103 1420 3251 1468 esset
3298 1410 3415 1465 suis

1845 1508 1952 1564 diis
2000 1510 2219 1575 caecior,
2254 1526 2364 1566 non
2413 1511 2589 1566 solum
2624 1510 2760 1565 nihil
2809 1508 3099 1569 intellexit,
3120 1505 3218 1560 sed
3238 1516 3413 1559 mtua-

1847 1610 1936 1655 tus
1973 1610 2057 1656 est
2083 1602 2246 1657 etiam
2278 1618 2336 1656 se
2382 1618 2505 1658 esse
2528 1603 2705 1657 vivam
2740 1610 3062 1657 exusturum
3098 1605 3411 1664 martyrem.

1845 1692 1939 1751 Illa
1970 1703 2149 1748 autem
2186 1708 2533 1764 nequaquam
2566 1709 2626 1749 se
2670 1694 2978 1764 reprimens
3021 1707 3033 1742 :
3070 1689 3151 1743 Ad
3196 1696 3415 1755 tempus

1844 1783 2063 1855 quidem
2091 1794 2194 1852 est,
2226 1786 2425 1856 inquit,
2471 1801 2505 1842 ο
2553 1794 2805 1858 tyranne,
2864 1783 3026 1855 ignis,
3077 1794 3238 1851 quem
3283 1774 3417 1830 mihi

1846 1894 1995 1935 nunc
2019 1880 2299 1935 minaris:
2345 1889 2403 1935 et
2444 1879 2556 1936 cito
2626 1877 2845 1948 quidem
2906 1871 3244 1934 accenditur,
3312 1866 3420 1922 cito

1843 1968 2006 2024 etiam
2038 1985 2068 2023 a
2088 1972 2306 2027 volente
2334 1968 2701 2040 exstinguitur
2732 1985 2749 2035 ;
2790 1979 2971 2034 neque
2991 1978 3092 2032 ego
3138 1974 3259 2014 sum
3311 1965 3417 2011 tam

1842 2061 2025 2130 pusilli
2048 2071 2104 2117 et
2124 2062 2319 2132 abjecti
2361 2060 2552 2123 animi,
2586 2068 2646 2115 ut
2696 2056 2844 2115 hunc
2876 2058 3056 2127 ignem
3104 2048 3415 2107 formidem.

1841 2152 1987 2219 Non,
2044 2170 2142 2223 per
2186 2170 2339 2209 sacra
2372 2154 2672 2210 certamina
2702 2167 2892 2207 eorum
2924 2148 3015 2219 qui
3051 2161 3109 2201 se
3141 2159 3239 2216 pro
3268 2139 3422 2198 Chri-

1847 2251 1935 2300 sto
1996 2250 2222 2302 strenue
2292 2255 2351 2303 et
2410 2247 2627 2303 fortiter
2688 2251 2994 2318 gesserunt,
3045 2241 3147 2294 hoc
3201 2234 3420 2306 quidem

1849 2336 1984 2392 mihi
2025 2339 2196 2393 ullum
2228 2339 2386 2394 affert
2430 2340 2684 2394 timorem
2721 2353 2735 2389 :
2774 2337 2869 2392 sed
2903 2335 3055 2389 illum
3089 2333 3268 2402 ignem
3322 2340 3421 2380 ex—

1847 2429 2098 2495 timesco,
2132 2431 2222 2486 ille
2254 2431 2385 2485 mihi
2444 2431 2530 2486 vel
2580 2430 2757 2485 solum
2817 2428 2873 2481 in
2918 2432 3155 2479 mentem
3193 2416 3423 2472 veniens

1848 2518 1985 2590 ignis
2028 2530 2115 2576 est
2168 2521 2449 2584 terribilis,
2507 2520 2599 2590 qui
2633 2528 2818 2576 manet
2863 2531 2958 2573 eos
3000 2513 3091 2583 qui
3143 2509 3424 2565 Christum

1846 2622 2082 2685 negant,
2125 2614 2302 2684 utqui
2358 2622 2620 2669 aeternam
2668 2611 2869 2665 habeat
2911 2604 3310 2677 operationem,
3368 2604 3424 2651 et

1846 2723 1917 2762 ne
1948 2709 2219 2763 tantillum
2255 2708 2476 2777 quidem
2535 2705 2904 2761 desinentem.
2938 2700 3125 2768 Itaque
3158 2704 3424 2767 tyrannus

1846 2801 2066 2871 quidem
2115 2801 2181 2855 ad
2218 2801 2474 2854 effectum
2550 2798 2834 2852 deducens
2888 2810 2952 2847 ea
3012 2806 3133 2861 qua:
3184 2788 3427 2842 minatus

1850 2894 2058 2953 fuerat.
2102 2892 2263 2963 jubet
2295 2890 2524 2946 accendi
2560 2891 2865 2950 fornacem,
2899 2899 3021 2955 qum
3060 2882 3217 2938 valde
3251 2879 3427 2933 alere-

1851 2995 1939 3041 tur
1994 2984 2135 3056 pice,
2195 2983 2431 3048 sulfure,
2496 2991 2697 3056 stuppa
2742 2988 2799 3034 et
2846 2974 3159 3033 sarmentis.
3198 2971 3263 3026 Et
3318 2971 3426 3027 alia

1848 3077 2067 3147 quidem
2108 3085 2227 3130 erat
2259 3074 2471 3128 flamma
2502 3071 2862 3142 quadraginta
2893 3078 2950 3124 et
2982 3067 3230 3137 quinque
3271 3063 3430 3117 cubi-

1852 3175 1955 3224 tOs.
1988 3167 2047 3221 In
2086 3167 2265 3238 ignem
2296 3176 2477 3220 autem
2507 3163 2799 3234 injicienda
2834 3170 3065 3233 martyr,
3126 3157 3306 3212 induit
3345 3170 3426 3208 ar-

167 3245 348 3309 λεται,
386 3246 483 3298 καὶ
512 3246 623 3316 πῦρ
652 3248 816 3316 εὐχῆς
850 3248 1083 3301 ἀνάπτει
1111 3252 1252 3304 κατά
1283 3254 1472 3321 πυρὸς,
1508 3255 1565 3307 τὸ
1594 3255 1744 3324 ὄμμα

1853 3280 1937 3319 ma
1959 3264 2122 3318 trium
2148 3278 2467 3332 puerorum,
2490 3276 2687 3330 nempe
2710 3275 2900 3329 preces
2927 3275 2942 3323 ;
2962 3266 3013 3311 et
3034 3263 3224 3310 contra
3244 3254 3425 3324 ignem

166 3355 227 3391 τε
265 3340 349 3399 είς
395 3339 662 3409 οὐρανοὺς
700 3339 906 3411 ἄρασα,
956 3341 1014 3393 '0
1042 3340 1179 3405 Θεὸς
1202 3384 1216 3407 ,
1251 3338 1426 3409 εἶπεν,
1460 3346 1487 3398 6
1517 3346 1576 3396 ἐν
1606 3346 1746 3416 ὑψη-

168 3429 283 3494 λοῖς
328 3430 609 3484 κατοικῶν
654 3432 752 3485 καὶ
789 3432 857 3485 τά
906 3433 1138 3487 ταπεινά
1171 3434 1405 3505 ἐφορῶν,
1452 3437 1480 3489 6
1511 3438 1636 3500 τοὺς
1689 3440 1748 3491 ἐν

170 3526 459 3580 Βαϐυλῶνι
484 3530 633 3600 τρεῖς
653 3529 842 3591 παῖδας
866 3529 955 3582 διὰ
986 3530 1076 3584 τὸν
1113 3529 1204 3583 σὸν
1234 3532 1411 3601 νόμον.
1430 3531 1749 3596 ἐκδοθέντας

169 3620 308 3689 πυρὶ
351 3620 421 3672 δι’
473 3622 629 3682 ἁγίου
661 3622 895 3690 ἀγγέλου
941 3640 1034 3677 σου
1066 3624 1254 3677 κακῶν
1288 3626 1523 3688 ἀπαθεῖς
1552 3642 1749 3697 συντη-

172 3711 372 3778 ρησας,
406 3712 501 3762 καὶ
524 3712 717 3782 δρόσον
750 3714 934 3775 αὐτοῖς
964 3714 1173 3767 ἀνωθεν
1201 3716 1541 3785 ἐπιπέμψας,
1585 3718 1749 3781 αὐτὸς

169 3800 265 3855 καλ
299 3803 429 3872 ἐμοὶ
462 3805 529 3874 τῇ
567 3802 633 3875 σῇ
665 3802 827 3877 δούλῃ
863 3804 1176 3875 παράστηθι
1224 3806 1440 3877 βοηθὸς,
1468 3806 1567 3879 τῆς
1618 3809 1737 3880 σῆς.

169 3894 405 3965 Χριστὲ,
437 3895 595 3965 δόξης
620 3897 1028 3970 ὑπεραθλούσῃ.
1062 3898 1220 3953 Οὕτω
1246 3917 1305 3953 τε
1337 3899 1480 3968 εἷπε,
1539 3904 1633 3957 κοιλ⁵
1671 3905 1749 3974 τῷ

168 3987 329 4058 τύπῳ
355 3988 451 4040 τοῦ
481 3988 715 4057 σταυροῦ
742 3989 902 4041 πάλιν
923 3989 997 4050 ὠς
1024 3990 1195 4059 ἑτέρῳ
1214 3991 1362 4061 ὅπλῳ
1391 3994 1592 4063 ἑαυτὴν
1613 3997 1747 4049 καθ-

168 4078 468 4138 οπλὶσασα,
520 4077 793 4149 εὐτρεπὴς
867 4079 1057 4134 ἵστατο
1109 4081 1173 4134 τὸ
1247 4083 1573 4152 τυραννικὸν
1625 4088 1747 4140 ἐπί-

168 4187 363 4239 ταγμα
396 4170 794 4240 περιμένουσα.

240 4262 328 4316 H'.
374 4263 463 4325 Ὠς
492 4261 549 4316 δὲ
602 4262 811 4327 ἐκεῖνος
842 4266 906 4335 τῇ
938 4265 1156 4337 καμίνῳ
1185 4267 1392 4337 ταύτην
1417 4269 1609 4333 ἐδίδου,
1648 4272 1741 4324 καὶ

169 4360 357 4429 χεῖρες
411 4355 585 4427 αὐτὴν
663 4355 894 4427 ἔμελλον
949 4358 1257 4424 συλλαϐεῖν,
1324 4360 1606 4430 Σωσθένης
1655 4364 1750 4416 καὶ

170 4451 398 4520 Βίκτωρ
435 4449 485 4501 οἱ
514 4450 919 4520 προηγούμενοι
959 4451 1068 4504 τῶν
1110 4452 1191 4513 είς
1223 4450 1394 4504 ταῦτα
1434 4452 1748 4508 διακονούν-

167 4560 301 4603 των,
344 4540 740 4611 προσελθόντες
765 4543 844 4613 τῷ
881 4544 1122 4614 Πρίσκῳ,
1148 4545 1231 4598 ὅτι
1261 4544 1381 4613 μὲν,
1411 4546 1639 4616 ἔφησαν,
1669 4542 1749 4609 οἷς

170 4630 537 4702 προστάττεις
604 4632 877 4702 πρόθυμοι
917 4635 1250 4703 λειτουργεῖν
1298 4639 1458 4708 ἡμεῖς
1504 4654 1517 4668 ο

170 4724 409 4783 πολλοὺς
446 4722 663 4793 ἔχοντες
694 4724 1002 4794 μάρτυρας,
1034 4727 1136 4781 ούκ
1165 4727 1359 4791 ἀλλους
1389 4730 1420 4799 ἢ
1453 4728 1579 4791 τοὺς
1625 4733 1752 4796 σοὺς

171 4814 600 4887 προϐαλλόμεθα
653 4816 987 4887 ὀφθαλμούς.
1074 4819 1210 4872 Νυνὶ
1257 4818 1313 4872 δέ
1368 4822 1465 4891 οὐχ
1522 4817 1623 4876 οἷοί
1681 4825 1741 4876 τέ

172 4911 368 4978 ἐσμεν,
400 4906 496 4961 τοῦ
533 4909 630 4978 τῆς
658 4909 933 4977 παρθένου
966 4911 1169 4982 ταύτης
1200 4912 1440 4981 ἅψασθαι
1477 4915 1750 4985 σώματος,

170 4999 380 5068 ἄνδρας
436 4999 547 5068 γὰρ
606 5000 823 5071 ὁρῶμεν
863 5001 1131 5071 φοϐεροὺς
1181 5004 1279 5075 τὴν
1322 5004 1444 5071 ὖψιν
1488 5006 1749 5071 ἑστῶτας,

170 5090 323 5159 ἡμᾶς
364 5088 468 5159 μὶν
496 5090 663 5157 δριμὺ
702 5090 821 5143 λίαν
857 5094 949 5145 καὶ
982 5092 1252 5161 βλοσυρὸν
1277 5094 1745 5162 προσϐλέποντας,

172 5180 436 5251 ἐτοίμους
485 5178 541 5232 δὲ
593 5181 755 5243 δντας
795 5183 894 5252 τῆς
932 5184 1205 5253 παρθένου
1264 5188 1609 5257 προστῆναι,
1656 5189 1751 5242 καὶ

172 5273 379 5340 φλογὸς
411 5270 582 5341 αὐτὴν
616 5271 906 5341 κρείττονα
940 5275 1136 5341 δεῖξαι.
1174 5276 1239 5328 Τί
1270 5278 1378 5346 γὰρ
1409 5280 1540 5333 ἄλλο
1564 5282 1750 5345 αὐτοῖς

174 5362 435 5433 βούλεται
464 5364 524 5416 τὸ
549 5363 966 5434 διασκορπίζειν
1000 5368 1130 5419 ἔνθα
1182 5371 1278 5421 καὶ
1316 5370 1441 5424 ἔνθα
1491 5373 1551 5424 τὸ
1597 5373 1747 5443 πῦρ;

184 5456 271 5521 Ὠς
294 5454 393 5510 οὖν
422 5456 451 5506 6
486 5457 723 5527 Πρίσκος
755 5459 955 5529 ἢκουσε
991 5460 1202 5525 ταῦτα,
1253 5463 1474 5524 τούτους
1514 5466 1611 5533 μὲν
1647 5467 1747 5538 ἤδη

173 5546 598 5622 μεταμαθόντας
626 5551 725 5620 τὴν
756 5551 1086 5616 θεοσέϐειαν,
1122 5556 1189 5622 τῇ
1234 5555 1424 5625 εἱρκτῆ
1455 5559 1751 5627 παραπέμ-

171 5660 285 5708 πει,
334 5642 591 5711 Καίσαρα
635 5642 689 5693 δὲ
734 5643 829 5696 καὶ
879 5642 1132 5713 Βικάριον
1182 5644 1325 5699 οῦτω
1357 5648 1748 5718 καλουμένους,

170 5743 253 5802 είς
292 5740 398 5807 τὴν
440 5734 666 5789 ἐκείνων
696 5738 1115 5806 ἁντικαθὶστησι
1151 5739 1516 5811 λειτουργίαν.
1560 5744 1666 5795 Καὶ
1698 5748 1748 5799 οἱ

171 5831 293 5900 μιν,
353 5826 658 5897 προθύμως
698 5828 795 5895 τὴν
842 5818 1277 5909 καλλιπάρθενον
1324 5832 1610 5901 Εὐφημὶαν
1648 5835 1748 5903 τῆς

166 5923 275 5977 τῶν
301 5918 558 5987 ἀγγέλων
600 5918 743 5982 θείας
776 5923 1208 5992 παραχωρούσης
1233 5922 1530 5993 δυνάμεως.
1551 5927 1614 5977 οὐ

1852 3357 2104 3412 accendit
2135 3357 2313 3428 ignem
2340 3354 2631 3418 orationis,
2661 3360 2717 3407 et
2757 3351 2946 3407 oculos
2996 3350 3050 3404 in
3091 3347 3289 3403 coelum
3324 3343 3427 3398 tol-

1851 3446 1967 3501 lens
2026 3448 2238 3511 :Deus,
2283 3447 2479 3516 inquit,
2536 3444 2629 3514 qui
2684 3445 2739 3497 in
2792 3440 3027 3497 excelsis
3088 3438 3319 3499 habitas,
3373 3442 3430 3486 et

1853 3535 2080 3591 humilia
2114 3534 2346 3589 intueris
2379 3551 2393 3588 :
2426 3534 2517 3603 qui
2549 3532 2824 3603 Babylone
2877 3541 2987 3584 tres
3042 3539 3265 3599 pueros,
3301 3538 3427 3593 pro.

1851 3640 1974 3702 pter
2002 3639 2149 3685 tuam
2164 3629 2337 3700 legem
2370 3626 2477 3698 igni
2513 3625 2762 3686 traditos,
2786 3638 2883 3692 per
2907 3629 3153 3674 sanctum
3172 3614 3423 3687 angelum

1853 3732 2009 3776 tuum
2042 3736 2071 3773 a
2134 3721 2291 3772 malis
2335 3719 2539 3773 illaesos
2593 3713 2953 3774 causervasti.
3025 3721 3081 3767 et
3126 3710 3206 3765 eis
3248 3721 3427 3761 rorem

1850 3810 2089 3880 desuper
2131 3808 2432 3866 immisisti.
2476 3820 2532 3861 ru
2596 3821 2814 3875 quoque
2864 3804 2995 3859 mihi
3050 3814 3154 3857 tuae
3216 3798 3430 3853 ancillas

1852 3906 1997 3962 adsis
2051 3905 2290 3975 adjutor,
2343 3916 2465 3971 qua:
2526 3914 2626 3969 pro
2690 3907 2804 3958 tua.
2842 3910 2875 3952 ο
2916 3896 3153 3959 Christe,
3203 3895 3427 3949 decerto

1851 3997 2045 4067 gloria.
2084 3995 2174 4049 Sic
2193 3994 2368 4048 dixit:
2407 4001 2615 4046 etcqu
2643 3990 2813 4061 figura
2836 3988 3017 4043 crucis
3053 4001 3267 4048 rursus,
3302 3995 3424 4038 tan-

1850 4103 2014 4157 quam
2047 4086 2169 4140 aliis
2197 4085 2389 4145 armis,
2418 4084 2657 4151 seipsam
2689 4088 2982 4143 armasset,
3010 4079 3189 4132 stabat
3216 4086 3423 4146 parata.

1850 4187 2173 4250 exapectans
2192 4177 2409 4247 jussum
2439 4169 2678 4242 tyranni.

1925 4272 2055 4328 VIII.
2078 4270 2212 4325 Cum
2245 4266 2533 4323 autemille
2568 4264 2958 4342 jussisseteam
2986 4262 3038 4317 in
3074 4264 3250 4333 ignem
3292 4279 3425 4318 con-

1846 4366 1961 4433 jici,
1987 4373 2040 4417 et
2063 4377 2182 4417 eam
2207 4374 2401 4415 manus
2427 4366 2612 4412 essent
2632 4357 2885 4409 lictorum
2919 4357 3424 4424 comprehensurgr.

1852 4455 2039 4511 Victor
2076 4464 2131 4507 et
2174 4451 2507 4513 Sosthenes,
2536 4448 2627 4518 qui
2660 4457 2936 4519 pmerant
2967 4447 3035 4503 iis
3067 4449 3158 4518 qui
3214 4449 3282 4502 ad
3316 4450 3429 4503 haec

1852 4546 2250 4608 inserviebant,
2292 4542 2359 4597 ad
2410 4541 2658 4597 Priscum
2723 4541 3054 4597 accedentes
3100 4556 3113 4591 :
3157 4540 3312 4606 Quod
3362 4541 3430 4594 iis

1574 4639 1751 4694 καίτοι
1782 4626 1829 4686 Ι)
1856 4641 2098 4714 quidem.
2133 4653 2254 4708 qua:
2289 4636 2545 4703 imperas,
2606 4641 2862 4703 prompto
2914 4641 2971 4686 et
3021 4631 3187 4687 alacri
3247 4631 3430 4685 animo

1851 4732 2247 4789 inserviamus,
2284 4727 2460 4787 aiunt,
2510 4729 2613 4779 etsi
2658 4725 2861 4777 multos
2902 4723 3201 4779 habeamus
3242 4731 3425 4783 testes.

1851 4841 1958 4883 non
1998 4823 2155 4885 alios,
2214 4836 2375 4891 quam
2417 4828 2540 4873 tuos
2585 4816 2777 4872 oculos
2834 4815 3207 4886 producimus.
3272 4814 3428 4869 Nunc

1850 4928 2032 4974 autem
2069 4931 2177 4970 non
2203 4929 2496 4987 possumus
2541 4920 2764 4982 tangere
2799 4925 2999 4978 corpus
3061 4908 3227 4978 hujus
3264 4909 3427 4976 virgi-

1851 5013 1956 5065 nis.
1993 5008 2253 5061 Videmus
2271 5007 2415 5060 enim
2450 5006 2596 5058 viros
2641 5012 2855 5057 stantes
2891 5010 3117 5070 aspectu
3173 5001 3426 5054 formida-

1853 5102 2010 5165 hiles,
2072 5114 2172 5155 nos
2214 5098 2434 5168 quidem
2483 5106 2637 5151 torve
2686 5094 2978 5149 admodum
3035 5092 3335 5155 intuentes,
3372 5103 3431 5148 er

1853 5202 2068 5264 paratos
2138 5191 2406 5262 virginem
2489 5187 2825 5251 defendere,
2890 5193 2947 5239 et
3019 5200 3136 5238 eam
3211 5184 3424 5238 eflicere

1852 5286 2065 5342 flamma
2128 5283 2489 5353 superiorem.
2537 5279 2685 5345 Quid
2738 5276 2885 5335 enim
2942 5278 3089 5332 aliud
3125 5276 3226 5330 sibi
3284 5279 3421 5336 vult.

1850 5377 1994 5445 quod
2045 5378 2229 5443 ignem
2286 5376 2391 5428 huc
2431 5385 2487 5428 et
2537 5374 2663 5427 illue
2714 5370 3083 5441 dispergunt?
3134 5368 3426 5436 Postquam

1853 5480 2032 5523 autem
2093 5468 2205 5521 luec
2261 5465 2468 5521 audivit
2530 5465 2766 5526 Priscus,
2796 5476 2891 5517 eos
2952 5461 3299 5531 quidem,ut
3331 5456 3427 5534 qui

1847 5566 1958 5631 jam
1995 5577 2024 5613 a
2086 5561 2235 5613 cuitu
2269 5565 2492 5613 deorum
2520 5558 2875 5619 defecissent,
2909 5555 3077 5609 mittit
3136 5554 3187 5607 in
3235 5568 3422 5607 carce-

1854 5668 1964 5703 rem
2002 5666 2015 5701 :
2060 5649 2327 5705 Caesarem
2361 5659 2540 5702 autem
2591 5663 2650 5700 ac
2682 5647 2952 5702 Vicarium
2987 5648 3084 5713 (sic
3136 5646 3282 5699 enim
3333 5658 3422 5701 vo-

1851 5742 2134 5799 cabantur)
2184 5742 2383 5798 sufﬁcit
2454 5743 2505 5793 in
2551 5755 2739 5793 eorum
2790 5740 3177 5793 ministerium.
3230 5739 3296 5789 Et
3348 5737 3419 5789 illi

1856 5837 2074 5905 quidem
2116 5845 2368 5903 prorupti)
2418 5848 2467 5886 et
2518 5834 2684 5890 alacri
2725 5832 2893 5887 animi
2936 5834 3121 5886 studio
3156 5830 3423 5896 egregiam

1860 5929 2119 5996 νίνείιιεηι
2155 5928 2523 5996 Euphemiam,
2580 5927 2814 5984 cedente
2871 5926 3061 5979 divtna
3110 5921 3304 5971 Virtute
3335 5931 3426 5968 an-
