4150 6496
730 459 836 525 723

1956 464 2239 526 MENSIS
2279 464 2760 531 SEPTEMBER.

3879 457 3979 522 724

731 577 976 647 gelorum
1028 578 1230 648 (neque
1282 580 1428 634 enim
1475 589 1733 652 poterant
1805 579 1907 648 ipsi
1939 578 2291 633 mutationem

2416 576 2571 632 αὐτοὶ
2603 574 2705 633 οἷοι
2741 597 2799 633 τε
2845 575 2985 649 ἦσαν
3025 576 3325 649 μεταϐολὴν
3367 573 3622 642 δέξασθαι
3658 575 3796 644 πρὸς
3829 574 3980 627 εὐσέ-

731 669 1011 737 suscipere
1030 669 1097 723 ad
1138 671 1445 741 pietatem),
1494 671 1749 741 injiciunt
1780 672 1834 724 in
1867 671 2164 725 fornacem.
2192 669 2301 724 Sed

728 775 827 814 eos
852 760 1114 815 continuo
1147 763 1458 832 arguebant
1494 778 1584 818 res
1609 763 1886 823 inanimae,
1913 773 1965 816 et
1994 761 2296 831 punieban—

731 864 820 907 tur
850 854 1022 923 impii.
1053 854 1198 924 ignis
1245 857 1392 909 enim
1427 868 1654 926 repente
1707 856 2099 919 effervescens,
2151 865 2207 908 et
2244 854 2298 907 in

728 948 914 1001 orbem
939 946 1332 1009 circumfusus,
1349 948 1627 1017 quomodo
1646 949 1799 1018 prius
1822 948 2118 1017 Babylone,
2152 947 2298 1000 ultus

729 1046 813 1092 est
837 1053 954 1100 eos,
985 1037 1078 1105 qui
1104 1037 1406 1104 injecerant
1443 1055 1456 1103 ;
1506 1037 1737 1107 gloriosa
1764 1047 1947 1092 autem
2003 1037 2153 1106 virgo
2178 1051 2298 1104 per-

726 1129 854 1185 inde
901 1145 963 1184 ac
992 1130 1037 1184 si
1069 1145 1175 1184 non
1200 1131 1265 1184 ad
1294 1130 1644 1200 supplicium,
1677 1132 1773 1184 sed
1800 1132 1866 1184 ad
1900 1130 2299 1185 recreationem

726 1222 929 1275 tradita
953 1230 1098 1276 esset
1125 1231 1180 1276 et
1206 1222 1452 1286 delicias,
1496 1223 1698 1276 mansit
1725 1223 1944 1291 quidem
1978 1223 2297 1291 aliquandiu

726 1313 795 1368 ab
825 1314 949 1384 igne
980 1314 1145 1369 illaesa
1179 1330 1193 1377 ;
1223 1314 1574 1368 securissime
1613 1325 1795 1367 autem
1846 1315 2102 1368 movebat
2151 1314 2297 1369 labra

725 1406 791 1460 ad
844 1406 1076 1476 hymnos
1109 1405 1348 1471 divinos,
1415 1421 1546 1460 aura
1610 1405 1758 1461 molli
1818 1415 1874 1460 et
1917 1404 2128 1459 roscida
2178 1420 2296 1461 eam

723 1499 1109 1568 refrigerante.

793 1589 886 1643 1X.
924 1590 1220 1659 Postquam
1247 1601 1430 1646 autem
1469 1599 1525 1646 et
1558 1589 1775 1644 ﬂamma
1821 1590 2126 1654 contabuit,
2157 1601 2213 1646 et
2241 1590 2296 1644 in

720 1682 984 1737 Caesarem
1009 1693 1063 1737 et
1080 1682 1350 1738 Vicarium
1371 1683 1947 1739 divinitusimmissum
1963 1684 2292 1753 supplicium

720 1774 858 1828 alios
890 1775 1175 1830 ministros
1207 1777 1396 1844 procul
1441 1777 1733 1846 dispersu;
1767 1777 2049 1847 egreditur
2092 1786 2297 1845 martyr

719 1865 858 1919 adeo
894 1865 1104 1936 integra
1146 1867 1409 1929 etillaesa,
1435 1878 1581 1921 utne
1606 1869 1656 1921 in
1695 1870 1880 1922 tunica
1905 1869 2123 1938 quidem
2156 1869 2296 1938 ignis

718 1956 888 2010 ullum
915 1967 1158 2012 servaret
1186 1958 1496 2028 vestigium.
1526 1958 1631 2012 Sed
1653 1961 1825 2029 ipsam
1859 1960 2078 2029 quidem
2100 1976 2292 2015 rursus

718 2051 955 2106 vinetam
988 2051 1207 2106 tenebat
1231 2053 1502 2107 custodia.
1529 2054 1626 2108 Die
1658 2063 1842 2108 autem
1876 2056 2130 2124 sequenti
2162 2056 2291 2111 edu-

717 2143 792 2196 cit
821 2144 1114 2211 proconsul
1151 2141 1424 2198 Victorem
1461 2155 1516 2198 et
1545 2145 1897 2209 Sosthenem,
1929 2156 1982 2200 et
2006 2146 2169 2215 jussit
2194 2162 2291 2202 eos

719 2233 1032 2288 sacriﬁcare
1064 2235 1172 2289 diis
1208 2235 1342 2290 suis.
1379 2237 1456 2291 illi
1483 2247 1666 2291 autem
1706 2256 1718 2293 :
1782 2236 1913 2303 Nos,
1971 2239 2212 2304 aiebant,
2257 2255 2290 2295 ο

719 2327 1040 2393 proconsul,
1088 2343 1283 2399 magno
1313 2330 1462 2398 prius
1487 2345 1675 2384 errore
1696 2331 1979 2399 implicati,
2013 2331 2291 2399 quomodo

721 2426 779 2470 tu
804 2432 1022 2487 quoque
1066 2419 1371 2489 hucusque,
1415 2437 1562 2474 nunc
1609 2423 1824 2475 tandem
1862 2422 2004 2477 bono
2039 2422 2132 2476 Dei
2156 2433 2290 2476 nutu

720 2510 1127 2580 resipiscentes,
1191 2512 1336 2582 digni
1382 2513 1551 2567 habiti
1604 2528 1814 2578 sumus,
1865 2514 1957 2582 qui
2005 2515 2289 2568 veritatem

719 2615 1145 2669 agnosceremus
1175 2617 1272 2671 per
1316 2603 1458 2657 hanc
1505 2604 1793 2675 virginem.
1851 2603 2002 2659 Scias
2026 2620 2153 2675 ergo
2191 2621 2290 2661 nos

722 2704 903 2758 neque
930 2689 1032 2744 diis
1067 2690 1330 2747 inanimis
1355 2691 1764 2747 sacriﬁcaturos
1807 2693 1970 2763 (absit
2016 2704 2073 2747 ut
2119 2696 2292 2752 simus

718 2780 856 2835 adeo
878 2793 1072 2836 emotae
1093 2784 1338 2853 mentis),
1375 2801 1554 2854 neque
1599 2785 1709 2840 tuis
1738 2800 1862 2841 esse
1896 2801 2149 2842 cessuros
2174 2788 2291 2842 edi-

719 2871 845 2923 etis.
881 2871 1174 2941 Postquam
1210 2874 1324 2928 haec
1346 2875 1630 2937 dixissent,
1664 2875 1884 2930 abducti
1927 2888 2056 2931 sunt
2094 2879 2150 2931 in
2179 2888 2291 2934 sta-

720 2963 896 3026 dium,
933 2973 988 3016 et
1009 2965 1147 3033 jussi
1177 2974 1307 3019 sunt
1333 2982 1575 3037 pugnare
1606 2983 1728 3020 cum
1758 2968 1970 3022 bestiis.
2008 2967 2087 3021 illi
2107 2977 2290 3023 autem

721 3059 1050 3126 imperatum
1105 3059 1340 3113 libenter
1384 3062 1747 3130 accipiebant.
1807 3072 1861 3116 et
1922 3065 2290 3131 exsultabant,

721 3164 833 3202 non
885 3148 1058 3203 solum
1089 3149 1232 3219 quod
1264 3151 1642 3206 existimarent
1667 3168 1786 3208 esse
1814 3155 1986 3210 satius
2011 3154 2293 3211 decertare

2407 672 2587 736 ϐειαν,
2637 673 3001 742 ἐμϐάλλουσιν
3044 672 3123 732 είς
3170 669 3268 740 τὴν
3319 668 3574 738 κάμινον.
3632 665 3776 719 Ἀλλ’
3821 666 3978 729 εὐθὺς

2405 765 2701 835 ἠλέγχοντο
2734 768 2884 836 παρᾶ
2908 764 3015 816 τῶν
3054 763 3305 833 ἀψύχων,
3336 761 3429 815 καὶ
3458 761 3507 813 οί
3539 758 3766 821 ἀσεϐεῖς
3792 758 3979 811 ἐκολά-

2406 858 2584 922 ζοντο.
2619 858 2693 911 Τὸ
2721 859 2830 928 γὰρ
2865 856 2976 925 πῦρ
3010 855 3207 926 ἀθρόον
3235 853 3636 921 ἀναπαφλάσαν
3673 851 3769 905 καὶ
3798 851 3978 920 κύκλῳ

2403 949 2719 1018 περιχυθὲν,
2754 949 2942 1018 ῶσπερ
2973 952 3029 1001 ἐν
3062 945 3380 1011 Βαϐυλῶνι,
3416 945 3476 998 τὸ
3528 945 3804 1015 πρότερον
3861 945 3978 1005 τοὺς

2403 1042 2747 1111 ἐμϐαλόντας
2776 1042 3025 1112 ὴμύνατο
3047 1059 3060 1073 ο
3095 1042 3126 1110 ἡ
3152 1039 3208 1093 δέ
3243 1056 3306 1107 γε
3335 1037 3644 1098 καλλίνικος
3673 1037 3974 1104 ἀθλοφόρος

2402 1133 2594 1203 ὥσπερ
2646 1134 2746 1185 οὐκ
2799 1136 2878 1196 είς
2931 1131 3229 1202 τιμωρίαν,
3279 1129 3394 1183 ἀλλ’
3439 1131 3518 1190 είς
3562 1127 3756 1182 ἄνεσίν
3790 1143 3851 1178 τε
3892 1126 3979 1177 καὶ

2401 1225 2612 1294 τρυφὴν
2632 1225 2936 1289 ἐκδοθεῖσα,
2965 1223 3050 1291 ἐφ’
3073 1222 3259 1275 ἱκανὸν
3284 1222 3384 1288 μὲν
3407 1219 3484 1288 τῷ
3509 1221 3641 1290 πυρὶ
3665 1218 3978 1286 παρέμενεν

2401 1318 2698 1387 ἄψαυστος.
2744 1319 2904 1371 Κατὰ
2930 1317 3132 1387 πολλὴν
3171 1315 3226 1368 δὲ
3259 1315 3358 1383 τὴν
3390 1315 3577 1367 ἄδειαν
3621 1311 3763 1380 πρὸς
3803 1307 3979 1370 θείους

2402 1409 2610 1478 ὕμνους
2647 1409 2817 1461 ἐκίνει
2848 1408 2915 1461 τὰ
2948 1409 3121 1478 χείλη,
3154 1406 3328 1479 αὖρας
3354 1407 3527 1476 αὐτὴν
3587 1401 3977 1472 ἀναψυχούσης

2404 1502 2658 1572 μαλακῆς
2686 1517 2743 1553 τε
2777 1500 2871 1553 καὶ
2907 1500 3195 1570 δροσερᾶς.

2471 1592 2545 1647 Θ’.
2588 1591 2740 1645 Ἐπεὶ
2771 1590 2828 1644 δὲ
2876 1591 2970 1644 καὶ
3019 1592 3049 1658 ἡ
3101 1589 3229 1656 φλὸξ
3267 1587 3596 1659 ἐμαραίνετο
3626 1587 3722 1641 καὶ
3771 1588 3805 1655 ἡ
3853 1584 3978 1653 περὶ

2399 1689 2490 1737 τὸν
2526 1685 2781 1756 Καίσαρά
2814 1701 2872 1737 τε
2909 1684 3005 1736 καὶ
3037 1682 3296 1752 Βικάριον
3342 1679 3691 1749 θεόπεμπτος
3736 1678 3978 1748 τιμωρία

2397 1781 2507 1831 τῶν
2540 1778 2829 1848 ὑπηρετῶν
2862 1779 2989 1839 τοὺς
3023 1777 3218 1840 ἄλλους
3253 1775 3444 1845 πόρρω
3469 1790 3571 1825 που
3603 1771 3974 1834 διεσκέδασεν,

2401 1870 2602 1936 ἔξεισιν
2643 1871 2674 1940 ἠ
2713 1868 2945 1939 μάρτυς,
2987 1867 3163 1930 οὕτως
3215 1866 3482 1934 ἀϐλαϐὴς,
3527 1862 3603 1925 ὡς
3646 1863 3775 1932 μηδ’
3810 1865 3868 1914 ἐν
3899 1860 3976 1930 τῷ

2397 1963 2589 2034 χιτῶνι
2649 1963 2818 2032 μηδὲν
2861 1963 3006 2031 [χνος
3063 1958 3155 2013 τοῦ
3197 1959 3371 2027 πυρὸς
3412 1954 3806 2018 διασώζεσθαι,
3861 1951 3973 2004 ἀλλ’

2397 2056 2568 2122 αὐτὴν
2612 2054 2715 2124 μὲν
2767 2053 2858 2105 καὶ
2894 2047 3119 2120 αῦθιςή
3167 2050 3386 2118 φυλακὴ
3444 2047 3714 2114 δεσμῶτιν
3765 2046 3969 2114 ἐτήρει.

2399 2152 2558 2217 Ἀγει
2605 2148 2660 2200 δὲ
2708 2150 2771 2218 τῇ
2808 2145 2933 2211 sea;
2978 2147 3004 2198 ὁ
3032 2143 3345 2205 ἀνθύπατος
3377 2141 3468 2194 τὸν
3497 2138 3758 2208 Βίκτωρά
3788 2153 3850 2189 τε
3883 2137 3974 2188 καὶ

2395 2243 2487 2295 τὸν
2519 2240 2831 2308 Σωσθένην,
2865 2239 2960 2290 καὶ¹
2994 2236 3144 2290 θύειν
3176 2234 3395 2288 ἐκέλευε
3440 2233 3553 2292 τοῖς
3593 2227 3766 2283 αὐτοῦ
3809 2228 3971 2292 θεοῖς,

2395 2336 2443 2385 οί
2472 2334 2550 2398 δὲ,
2600 2332 2815 2402 Ἡμεῖς,
2854 2331 3087 2397 ἔφησαν,
3125 2322 3169 2380 ὦ
3213 2326 3518 2390 ἀνθύπατε,
3573 2324 3764 2393 μακρᾷ
3799 2320 3974 2389 πλάνῃ

2395 2426 2454 2479 τδ
2484 2424 2752 2494 πρότερον
2778 2419 3158 2492 χειρωθέντες,
3186 2418 3440 2485 καθάπερ
3469 2415 3532 2485 δὴ
3562 2414 3659 2467 καὶ
3683 2411 3869 2476 αὐτὸς,
3897 2411 3973 2471 είς

2394 2518 2475 2571 ἐτι
2508 2516 2624 2580 νῦν,
2661 2516 2813 2585 μόλις
2839 2512 2973 2566 Θεοῦ
3006 2511 3272 2582 νεύμασιν
3304 2510 3702 2579 ἀνανήψαντες,
3731 2503 3974 2570 ἐπιγνῶ-

2394 2629 2483 2663 ναι
2517 2609 2615 2679 τὴν
2649 2607 2911 2679 ἀλήθειαν
2945 2604 3031 2657 διὰ
3081 2605 3177 2672 τῆς
3225 2602 3497 2672 παρθένου
3537 2597 3772 2665 ταύτης,
3811 2591 3974 2661 neub-

2397 2703 2558 2774 μεθα.
2610 2701 2748 2753 ’Ἱσθι
2799 2694 2891 2751 οὖν
2947 2696 3024 2757 ὡς
3079 2695 3206 2749 οὐτε
3284 2695 3484 2762 θύομεν
3541 2689 3775 2757 ἀψύχοις
3833 2683 3973 2743 θεοῖς

2396 2798 2497 2865 (μὴ
2525 2792 2670 2845 οὕτω
2719 2791 2812 2844 νοῦ
2863 2808 2921 2843 τε
2966 2791 3058 2843 καὶ
3113 2785 3328 2856 φρενῶν
3363 2780 3804 2852 διαμάρτωμεν),
3849 2775 3974 2830 οὐτε

2395 2889 2509 2949 τοῖς
2586 2889 2700 2948 σοῖς
2766 2884 3071 2954 ὑπείχομεν
3158 2881 3551 2949 διατάγμασιν.
3644 2873 3804 2926 Ἐπεὶ
3848 2868 3976 2923 ταῦ-

2395 2996 2464 3032 τα
2512 2974 2689 3040 εἷπον,
2746 2979 2825 3040 εἰς
2902 2976 2964 3028 τὸ
3030 2956 3472 3034 στάδιονηεύθὺέ
3537 2968 3818 3040 ἀπήγοντο
3879 2964 3975 3016 καὶ

2397 3071 2754 3140 θηριομαχεῖν
2810 3068 3147 3125 ἐκελεύοντο.
3215 3068 3276 3118 Ol
3319 3064 3376 3118 δὲ
3435 3061 3686 3131 ἁσμένως
3746 3057 3808 3110 τὸ
3879 3072 3974 3107 κε-

2397 3157 2620 3209 λευσθὲν
2700 3155 2945 3223 ἐδέχοντο
3013 3157 3107 3209 καὶ
3192 3153 3489 3222 ἠγάλλοντο
3539 3149 3598 3201 οὐ
3665 3145 3830 3214 μόνον
3892 3146 3972 3195 ὅτι

721 3255 848 3294 eum
899 3240 1053 3304 feris,
1087 3257 1250 3308 quam
1291 3260 1412 3297 cum
1474 3254 1580 3299 tam
1624 3247 1780 3302 malis
1812 3248 2148 3312 hominibus,
2198 3249 2289 3303 sed

2401 3247 2613 3318 βέλτιον
2651 3246 2885 3314 ἡγοῦντο
2920 3247 2981 3299 τὸ
3013 3246 3149 3315 πρὸς
3181 3245 3356 3316 θῆρας
3389 3240 3591 3311 μᾶλλον
3630 3238 3663 3306 ἢ
3692 3236 3842 3328 οὕτω
3871 3249 3970 3328 ito—-

721 3332 887 3386 etiam
944 3331 1090 3401 quod
1155 3349 1254 3403 per
1313 3335 1505 3390 dentes
1555 3336 1794 3392 ferarum
1845 3349 2001 3392 erant
2038 3339 2112 3392 illi
2158 3355 2293 3394 con-

719 3425 950 3480 fracturi
980 3426 1224 3481 maxillas
1273 3428 1485 3492 bestia,
1531 3446 1648 3498 quae
1677 3441 1825 3485 caret
1879 3447 2067 3487 carne.
2136 3432 2293 3496 Quod

721 3515 946 3586 quidem
999 3532 1121 3571 cum
1180 3522 1385 3587 precati
1443 3533 1649 3585 essent,
1701 3523 1994 3575 audierunt
2044 3523 2111 3575 de
2156 3522 2295 3575 coelo

721 3622 942 3673 vocem,
992 3624 1114 3678 qum
1172 3611 1512 3680 signiﬁcabat
1580 3613 1750 3665 fuisse
1804 3612 2045 3666 auditam
2101 3627 2292 3668 eorum

719 3697 1211 3753 orationem.Cum
1262 3713 1392 3768 ergo
1430 3700 1690 3756 immissae
1735 3701 1972 3757 fuissent
2018 3702 2204 3757 bestiae
2235 3705 2288 3759 in

723 3798 1012 3861 martyres,
1037 3799 1092 3844 et
1119 3790 1172 3844 in
1217 3805 1313 3846 eos
1362 3791 1700 3860 insiliisScnl,
1727 3796 1875 3865 gravi
1903 3795 2110 3864 ﬂagello
2159 3796 2294 3848 inci-

720 3890 874 3944 tatae,
917 3896 1115 3949 nempe
1157 3881 1322 3942 fame,
1387 3892 1441 3934 et
1483 3898 1581 3937 eos
1621 3886 1796 3938 solum
1849 3886 2289 3949 momordissent,

711 3983 776 4029 et
810 3973 1077 4027 bibissent
1110 3972 1428 4042 sanguinem
1489 3975 1798 4044 (oportebat
1849 3975 1993 4029 enim
2031 3976 2098 4029 ad
2155 3975 2290 4032 cﬂ‘e-

715 4076 865 4127 ctum
900 4065 1095 4120 deduci
1146 4066 1360 4120 illorum
1409 4074 1646 4137 preces),
1683 4070 2075 4124 abstinuerunt
2105 4086 2133 4123 a
2173 4087 2290 4124 cor-

717 4160 967 4228 poribus,
1001 4167 1054 4210 et
1096 4173 1157 4210 ca
1186 4159 1333 4212 nullo
1363 4160 1521 4212 modo
1547 4161 1898 4213 devorarunt.
1935 4158 2067 4212 Nam
2113 4177 2291 4229 neque

721 4265 854 4307 tunc
875 4252 1159 4320 negligens
1190 4259 1307 4305 erat
1353 4252 1551 4322 gratia,
1584 4267 1704 4321 quan
1747 4251 1900 4321 prius
1937 4250 2146 4306 Danieli
2181 4251 2291 4306 fre-

714 4341 870 4396 navit
902 4355 997 4394 ora
1031 4340 1270 4404 leonum,
1309 4352 1366 4396 et
1399 4342 1478 4396 sic
1526 4341 1691 4395 breve
1716 4357 1814 4411 pro
1857 4341 2079 4396 Christo
2141 4358 2288 4396 mar-

718 4432 920 4504 tyrium
958 4430 1299 4497 pertulerunt
1331 4432 1571 4484 athletas.
1613 4431 1688 4484 De
1716 4432 1852 4500 ipsis
1901 4441 2083 4485 autem
2116 4435 2287 4487 sacris

716 4524 1045 4595 corporibus
1073 4539 1216 4579 cura:
1243 4523 1346 4578 fuit
1389 4524 1456 4577 iis
1505 4522 1594 4592 qui
1648 4537 1712 4576 ex
1766 4523 1869 4593 piis
1912 4535 2068 4578 erant
2123 4525 2284 4594 paulo

2398 3340 2596 3408 νηρούς
2643 3337 2969 3400 ἀνθρώπους
3022 3335 3390 3394 διαπαλαίειν,
3441 3331 3556 3382 ἀλλ’
3614 3329 3699 3379 ὅτι
3760 3325 3855 3376 καὶ
3905 3319 3974 3373 δι’

2394 3430 2619 3481 ὀδόντων
2654 3426 2859 3494 θηρίων
2918 3425 3144 3492 ἔμελλον
3179 3424 3273 3484 τὰς
3302 3422 3472 3492 μύλας
3508 3416 3738 3487 συνθλᾷν
3760 3414 3970 3467 ἐκεξνου

2393 3518 2490 3573 τοῦ
2523 3519 2766 3587 ἀσάρκου
2799 3515 2986 3585 θηρός.
3026 3516 3090 3567 Ὀ
3120 3515 3213 3566 καὶ
3245 3513 3309 3565 δι’
3341 3511 3507 3581 εὐχῆς
3538 3508 3760 3578 θέμενοι
3788 3504 3974 3575 φωνῆς

2393 3615 2591 3686 ἢκουον
2618 3610 2913 3681 οὐρανόθεν
2945 3607 3268 3678 διασαφοῦς,
3303 3603 3580 3673 ἀκουστὴν
3606 3601 3789 3654 αὐτῶν
3823 3599 3976 3666 γενέ-

2394 3707 2518 3760 σθαι
2555 3705 2652 3775 τὴν
2684 3703 2922 3774 αἴτησιν.
2975 3703 3062 3764 Ὧς
3100 3700 3191 3753 οὐν
3223 3699 3293 3752 τὰ
3329 3697 3496 3768 θηρία
3542 3697 3654 3758 τοῖς
3702 3693 3976 3762 μάρτυσιν

2397 3800 2711 3867 ἐπαφείθη,
2768 3797 3048 3865 ἐφήλλατό
3095 3811 3154 3845 τε
3200 3794 3409 3853 αὐτοῖς,
3473 3790 3684 3859 χαλεπῇ
3747 3788 3974 3855 μάστιγι

2394 3889 2817 3962 παρορμώμενα
2874 3886 2952 3956 τῷ
3010 3884 3177 3954 λιμῷ,
3242 3882 3335 3934 καὶ
3373 3880 3666 3932 ἐνδακόντα
3722 3880 3818 3929 καὶ
3874 3879 3975 3942 ἐμ·

2391 3985 2586 4036 πιόντα
2615 3981 2710 4036 τοῦ
2737 3982 2969 4053 αἵματος
3007 3979 3165 4049 μόνον
3199 3975 3326 4046 (ἔδει
3357 3973 3467 4043 γὰρ
3495 3971 3590 4042 τὴν
3622 3970 3854 4023 ἐκείνων
3885 3967 3974 4019 εὐο

2392 4073 2494 4142 χὴν
2543 4075 2623 4135 εις
2674 4072 2851 4141 πέρας
2904 4068 3106 4137 ἐλθεῖν)
3135 4082 3147 4096 ο
3179 4064 3486 4132 ἀπέσχοντο
3515 4061 3622 4115 τῶν
3674 4061 3970 4129 σωμάτων,

2390 4166 2486 4219 καὶ
2532 4163 2789 4230 οὐδαμῶς
2835 4161 2977 4214 αὐτά
3020 4159 3187 4230 βορὰν
3229 4157 3439 4221 ἔθεντο,
3483 4153 3682 4225 ἠμέλει
3708 4153 3822 4222 γὰρ
3853 4150 3975 4203 οὐδὲ.

2393 4257 2487 4309 νῦν
2519 4257 2550 4324 ἠ
2593 4255 2753 4324 χάρις
2783 4255 2816 4323 ὴ
2857 4252 2934 4322 τῷ
2965 4250 3166 4318 Δανιὴλ
3207 4251 3475 4318 πρότερον
3505 4246 3699 4298 δεινῶν
3742 4245 3974 4295 λεόντων

2393 4347 2642 4416 στόματα
2690 4344 2963 4414 ἐχαλίνου,
3020 4343 3113 4396 καὶ
3166 4341 3312 4393 οὓτω
3378 4339 3643 4406 σύντομον
3706 4337 3768 4387 τὸ
3831 4336 3973 4405 ὑπὲρ

2390 4439 2636 4511 Χριστοῦ
2677 4437 2984 4510 μαρτύριον
3031 4437 3078 4490 οί
3126 4435 3420 4504 ἀθλοςςόροι
3458 4432 3778 4504 διήνεγκαν.
3839 4427 3974 4496 Περὶ

2396 4535 2578 4602 μέντοι
2635 4531 2747 4584 τῶν
2811 4531 2975 4602 ἱερῶν
3032 4529 3302 4598 σωμάτων
3347 4525 3526 4579 αὐτῶν
3580 4523 3820 4594 ἐμέλησε
3865 4521 3976 4572 τῶν

715 4615 1097 4680 studiosiores,
1125 4627 1184 4670 ut
1207 4631 1268 4670 ea
1295 4617 1574 4679 tollerent,
1606 4616 1940 4687 psalmisque
1984 4628 2040 4671 et
2071 4619 2285 4689 hymnis

2396 4622 2636 4674 εὐσεϐῶν
2666 4624 2780 4684 τοῖς
2812 4620 3274 4689 σπουδαιοτέροις,
3304 4614 3591 4668 ἀνελέσθαι
3622 4629 3682 4664 τε
3708 4609 3854 4662 αὐτὰ
3883 4608 3975 4660 καὶ

713 4711 1040 4765 mandarent
1066 4711 1379 4778 sepultura).

790 4800 858 4855 Χ.
895 4801 990 4855 Die
1050 4812 1231 4855 autem
1269 4799 1524 4869 sequenti
1564 4816 1663 4870 pro
1697 4801 1987 4869 judiciario
2032 4801 2289 4855 tribunali

714 4892 1020 4962 praesidens
1061 4903 1344 4962 tyrannus,
1381 4893 1672 4962 gloriosam
1709 4894 2066 4963 Euphemiam
2103 4896 2291 4949 educit

713 5001 744 5040 e
783 4998 1024 5039 carcere.
1057 4985 1123 5039 Et
1145 4996 1263 5039 erat
1288 4986 1508 5054 quidem
1542 4984 1662 5038 laeta
1686 4986 1858 5049 vultu,
1893 4987 2073 5038 animo
2106 4998 2290 5041 autem

715 5077 908 5134 laetior.
944 5075 1223 5132 Submisse
1245 5093 1374 5132 vero
1402 5077 1630 5132 canebat
1660 5079 1926 5134 accedens
1957 5077 2022 5131 ad
2051 5078 2289 5146 judicent

719 5174 839 5227 haec
883 5172 1092 5226 cantica
1163 5170 1470 5224 Davidica:
1526 5190 1542 5220 ι
1587 5171 1645 5223 In
1709 5171 1796 5250 via
1855 5173 2290 5225 testimoniorum

721 5272 941 5315 tuorum
973 5259 1235 5313 delectata
1265 5276 1407 5325 sum,
1429 5269 1683 5328 tanquam
1712 5261 2037 5315 inmunibus
2066 5263 2290 5316 diuitiis.

716 5351 776 5404 In
805 5348 1282 5420 justiﬁeationihus
1315 5353 1420 5404 tuis
1451 5351 1770 5415 meditabor,
1832 5367 1936 5405 non
1998 5353 2287 5407 obliviscar

717 5442 853 5514 legis
889 5451 995 5495 tua:
1030 5443 1071 5502 ⁸,
1116 5459 1133 5493 ι
1167 5451 1224 5494 et
1257 5457 1376 5509 qua:
1403 5441 1660 5511 deinceps
1686 5451 2112 5512 constequuntur.
2153 5443 2289 5498 Dicit

717 5550 847 5611 ergo
881 5535 930 5589 ei
965 5545 1225 5605 tyrannus
1261 5551 1272 5584 :
1307 5536 1598 5604 Quousque
1629 5545 1680 5589 te
1731 5536 1866 5590 adeo
1908 5537 2160 5591 aillictam
2193 5538 2287 5590 de-

719 5626 908 5694 spicis,
968 5636 1023 5680 et
1053 5626 1182 5679 deos
1213 5625 1430 5695 quidem
1475 5626 1716 5681 molestia
1769 5628 1954 5692 allicis,
2017 5636 2071 5681 et
2105 5627 2282 5696 ipsum

717 5719 785 5774 ad
846 5719 978 5771 iram
1037 5732 1298 5786 provocas
1353 5719 1784 5791 imperatorem?
1817 5719 1917 5774 Fac
1968 5719 2168 5789 aliquid
2199 5735 2284 5776 sa-

827 5906 845 5934 ’
875 5901 1013 5959 Psal.
1049 5921 1231 5974 cxvnl,
1261 5905 1340 5966 15.
1388 5905 1467 5961 16.

2388 4715 2630 4785 ψαλμοῖς
2659 4713 2753 4766 καὶ
2785 4713 2976 4781 ὕμνοις
3006 4713 3154 4778 ταφῇ
3187 4707 3551 4777 παραδοῦναι.

2463 4808 2517 4858 l'.
2556 4807 2649 4868 Είς
2679 4805 2780 4874 τὴν
2804 4802 3066 4854 ἐπιοῦσαν
3099 4801 3156 4852 δέ
3197 4799 3289 4852 τοῦ
3322 4792 3640 4850 δικαστικοῦ
3671 4794 3920 4863 βήματος
3949 4793 3975 4842 ὁ

2393 4899 2657 4967 τύραννος
2695 4891 3057 4964 προκαθίσας,
3109 4891 3234 4959 ἄγει
3285 4888 3382 4961 τὴν
3440 4884 3753 4939 καλλίνικον
3791 4883 3975 4951 Εὐφη-

2396 4990 2525 5058 μίαν
2551 4991 2616 5042 ἐκ
2651 4990 2750 5059 τῆς
2783 4984 3032 5054 εἱρκτῆς,
3062 4984 3155 5037 καὶ
3201 4979 3272 5054 ἦν
3316 4979 3524 5049 φαιδρά
3556 4976 3659 5044 μὲν
3689 4977 3793 5047 τὴν
3826 4977 3972 5046 ὄψιν,

2392 5081 2724 5152 φαιδροτέρα
2772 5081 2828 5133 δὲ
2865 5078 2964 5149 τὴν
3000 5077 3200 5149 ψυχὴν,
3252 5073 3523 5143 ὐπέψαλλε
3573 5073 3629 5124 δὲ
3672 5073 3772 5122 καὶ
3805 5087 3973 5140 προσ-

2395 5172 2547 5225 ιοῦσα
2596 5172 2673 5242 τῷ
2716 5173 2944 5242 δικαστῇ
2993 5174 3058 5224 τὰ
3092 5169 3357 5222 Δαυιτικά
3382 5167 3538 5221 ταυτὶ
3573 5165 3833 5234 ᾅσματα·
3884 5163 3974 5216 Ἐν

2392 5268 2457 5335 τῇ
2493 5264 2596 5333 ὁδῷ
2629 5263 2736 5314 τῶν
2769 5263 3089 5333 μαρτυρίων
3119 5278 3212 5314 σου
3249 5260 3521 5329 ἐτέρφθην
3559 5255 3634 5318 ὡς
3679 5258 3776 5308 ἐπὶ
3808 5255 3975 5309 παντὶ

2396 5356 2630 5426 πλούτῳ.
2681 5355 2769 5408 Ἐν
2823 5356 2934 5416 τοῖς
2981 5353 3313 5423 δικαιώμασί
3370 5368 3462 5404 σου
3517 5348 3827 5419 μελετήσω,
3874 5349 3974 5400 οὐκ

2399 5446 2727 5516 ἐπιλήσομαι
2765 5445 2858 5500 τοῦ
2899 5446 3062 5514 μόνον
3117 5463 3234 5507 σου,
3277 5447 3370 5498 καὶ
3419 5444 3519 5495 ὅσα
3561 5442 3775 5503 τούτοις
3825 5441 3972 5508 ἑξῆς.

2403 5539 2545 5606 Ἔφη
2583 5537 2675 5589 οῦν
2702 5537 2839 5607 πρὸς
2871 5537 3041 5609 αὐτὴν
3089 5539 3116 5590 ό
3152 5535 3438 5605 τύραννος·
3474 5533 3671 5603 Μέχρι
3699 5533 3851 5594 τίνος
3882 5534 3972 5583 καὶ

2396 5628 2629 5699 σεαυτὴν
2683 5629 2826 5684 οὕτω
2875 5626 3330 5697 ταλαιπωροῦσαν
3369 5625 3668 5696 ὑπερορᾷς,
3723 5625 3820 5675 καὶ
3850 5622 3970 5682 τούς

2393 5722 2548 5787 θεοὺς
2585 5740 2685 5796 μεν
2714 5724 2922 5784 λυπεῖς,
2965 5717 3322 5792 παροργίζεις
3355 5719 3410 5771 6‘s
3449 5719 3536 5770 καὶ
3576 5715 3665 5767 τὸν
3697 5713 3970 5783 αὐτοκρά-
