4150 6470
725 406 828 468 7‘27

1956 413 2241 478 MENSIS
2282 415 2754 483 SEPTEMDEB.

3884 428 3993 491 7'28

723 518 917 580 virtus,
953 533 1059 573 non
1116 526 1322 591 posset,
1387 522 1656 580 undenam
1703 525 1807 582 hoc
1843 538 2011 592 esset,
2080 530 2308 602 rogabat

2429 531 2506 596 ὒν,
2525 533 2690 586 πόθεν
2722 533 2788 587 ἂν
2811 533 2896 604 εἴη
2928 531 3091 589 τοῦτο
3125 535 3259 606 πρὸς
3309 536 3400 590 τὸν
3437 536 3791 594 Ἀπελλιανδν
3826 540 3992 593 ὲπυν⁴

722 609 1090 678 Apellianum.
1139 609 1278 668 Ecce
1333 614 1503 681 enim,
1556 626 1615 670 ut
1666 617 1838 683 vides,
1908 627 1964 673 et
2013 619 2178 691 ignis,
2248 629 2302 675 et

2408 623 2615 679 θάνετο.
2634 626 2764 678 Ἰδοὺ
2799 625 2931 696 γὰρ,
2962 626 3039 688 ὼς
3069 627 3222 698 ὁρᾷς,
3247 627 3341 680 καὶ
3367 626 3500 698 πῦρ,
3523 630 3616 682 καὶ
3647 630 3884 701 πληγαὶ.
3907 631 3996 684 καὶ

724 701 913 771 plagae.
939 707 993 755 et
1025 712 1177 766 rotas,
1210 709 1264 758 et
1295 705 1501 772 bestiae,
1526 707 1593 761 ab
1627 724 1733 763 una
1767 709 1969 765 femina
1999 711 2139 771 victa
2175 721 2304 767 sunt

2429 718 2613 789 ιροχοὶ,
2644 717 2738 770 καὶ
2774 716 2960 785 θηρία,
2987 720 3117 786 μιᾶς
3168 722 3429 787 γυναικὸς
3464 723 3730 792 ἣττηνται
3797 724 3991 780 πάντα.

724 792 929 845 omnia.
972 792 1065 848 Ille
1102 805 1282 850 autem
1316 797 1465 868 (quid
1522 799 1671 852 enim
1735 798 1878 856 aliud
1936 804 2306 859 existimasset

727 884 962 939 scelesta
1007 886 1212 951 anima,
1253 896 1310 943 et
1341 890 1407 943 ad
1441 889 1682 945 divinam
1715 893 1892 948 lucem
1924 893 2084 965 plane
2131 911 2306 951 caicu-

727 976 924 1047 tiens?)
956 979 1242 1049 praestigiis
1270 990 1323 1034 et
1362 982 1573 1038 artibus
1602 985 1822 1053 magicis
1843 987 2156 1040 ascribebat
2183 986 2308 1041 uni-

728 1081 972 1133 versum,
1021 1078 1076 1122 et
1106 1084 1225 1122 eam
1261 1071 1341 1124 sic
1376 1071 1588 1127 dicebat
1640 1068 1875 1140 edicere,
1907 1085 1967 1129 ut
2025 1085 2170 1130 esset
2213 1092 2306 1131 su—

729 1161 938 1229 perior.
969 1161 1065 1216 Cui
1099 1163 1420 1232 proconsul,
1451 1165 1679 1234 perinde
1708 1181 1772 1220 ac
1800 1166 2002 1220 mentis
2036 1166 2308 1236 profunda

729 1263 1052 1321 penetrans,
1091 1267 1145 1310 et
1176 1255 1427 1311 altiorem
1458 1257 1726 1313 inducens
1761 1259 2246 1330 interrogationem
2292 1278 2305 1315 :

731 1343 844 1398 Cur
882 1352 1090 1410 autem,
1154 1346 1352 1415 inquit,
1401 1363 1511 1402 non
1567 1349 1664 1403 ulti
1716 1358 1842 1403 sunt
1888 1365 2006 1404 eam
2044 1349 2144 1415 dii,
2186 1366 2310 1406 eum

734 1436 910 1490 malos
950 1436 1077 1492 odio
1130 1437 1406 1494 habeant?
1464 1439 1556 1494 Ille
1596 1455 1725 1495 vero
1777 1458 1900 1496 cum
1957 1458 2067 1496 non
2125 1455 2315 1512 posset

732 1546 918 1585 veram
956 1532 1184 1587 reddere
1219 1534 1513 1599 rationem,
1541 1533 1966 1588 imbecillitatem
1996 1536 2314 1592 nominabat

730 1621 1120 1693 benignitatem
1169 1641 1183 1678 :
1242 1624 1378 1678 Cum
1429 1625 1556 1688 sint,
1632 1626 1828 1695 inquit,
1875 1627 2197 1691 clementes,
2264 1627 2315 1682 ei

733 1723 1125 1783 pepercerunt.
1153 1713 1376 1769 Interim
1401 1727 1626 1788 martyr,
1661 1731 1786 1770 cum
1819 1705 2031 1787 integra
2050 1729 2103 1774 et
2149 1721 2314 1776 illaesa

730 1806 1046 1862 emersisset
1104 1822 1168 1861 ex
1225 1823 1384 1877 aqua,
1438 1808 1750 1864 videntibus
1833 1810 2110 1875 omnibus,
2143 1813 2318 1868 astitit

732 1914 918 1953 coram
952 1900 1304 1968 proconsule.
1340 1900 1582 1972 Tyranni
1645 1909 1828 1955 autem
1870 1901 2034 1955 simul
2085 1903 2228 1957 inter
2258 1920 2316 1959 se

735 1989 1106 2053 disserebant,
1135 2005 1243 2044 non
1272 1991 1324 2043 in
1369 1992 1607 2056 occulto,
1638 1992 1731 2046 sed
1775 1993 1951 2062 palam
1980 2009 1992 2045 :
2029 1993 2100 2047 ita
2137 2003 2193 2049 ut
2223 1995 2314 2064 qui

735 2083 989 2147 aderant,
1029 2084 1305 2150 audirent,
1344 2094 1398 2139 et
1433 2086 1637 2156 aliquid
1687 2087 2075 2142 lucrifacerent
2130 2105 2194 2143 ex
2251 2091 2316 2146 iis

733 2191 854 2244 qua:
889 2175 1238 2240 dicebantur,
1272 2191 1403 2232 suos
1425 2178 1558 2233 deos
1584 2189 1680 2233 aut
1712 2180 1990 2234 daemones
2013 2180 2318 2240 defenden-

737 2279 844 2336 tes,
880 2279 933 2324 et
957 2272 1258 2343 praestigias
1293 2278 1347 2324 et
1402 2282 1574 2326 artem
1613 2275 1880 2343 magicam
1943 2275 2321 2329 attribuebant

738 2362 986 2432 martyri,
1023 2371 1076 2416 et
1125 2378 1186 2416 ea
1235 2361 1494 2416 dicebant
1556 2363 1727 2431 ipsam
1795 2378 1964 2432 aquas
2008 2381 2318 2432 superasse.

739 2451 969 2524 Propter
1033 2455 1149 2508 haec
1189 2468 1310 2509 cum
1361 2451 1581 2507 Priscus
1645 2453 1807 2508 simul
1866 2469 1988 2508 cum
2048 2469 2324 2510 assessore

737 2548 1002 2617 perplexo
1033 2557 1220 2602 essent
1251 2549 1456 2613 animo,
1487 2558 1541 2604 et
1572 2548 1849 2603 nescirent
1880 2549 2140 2618 quidnam
2184 2548 2326 2606 face-

741 2639 1153 2709 rentamplius,
1203 2650 1458 2710 tanquam
1492 2642 1546 2694 in
1605 2640 1895 2694 consilium
1951 2657 2105 2701 suam
2166 2643 2326 2698 adhi-

741 2731 938 2789 bentes
972 2732 1262 2793 savitiam,
1306 2732 1372 2786 ad
1422 2733 1761 2802 puniendum
1796 2749 1990 2788 rursus
2027 2750 2085 2789 se
2129 2747 2324 2790 contu-

739 2823 945 2879 lerunt.
983 2825 1123 2891 Quid
1158 2825 1302 2881 enim
1324 2838 1548 2897 possent
1588 2828 1734 2882 aliud
1765 2830 1964 2892 facere,
1993 2844 2117 2886 cum
2139 2838 2329 2884 essent

740 2916 996 2986 discipuli
1031 2917 1171 2988 ejus,
1217 2917 1307 2987 qui
1365 2917 1467 2973 fuit
1498 2918 1768 2973 homicida
1823 2917 1890 2971 ab
1947 2916 2107 2972 initio
2140 2916 2198 2970 ’ἲ
2248 2916 2326 2970 Illi

742 3024 875 3080 ergo
911 3025 1104 3065 rursus
1159 3011 1579 3076 exsculpserunt
1634 3010 1863 3081 lapides,
1909 3020 1962 3064 et
2025 3008 2328 3064 eﬂ'ecerunt

742 3113 935 3159 acutos
964 3103 1283 3173 ferreosque
1314 3105 1609 3172 obeliscos,
1655 3113 1710 3158 et
1742 3120 1924 3159 serras
1972 3113 2104 3162 sunt
2163 3103 2328 3158 fabri-

2419 808 2476 863 Ὀ
2506 809 2563 865 δὲ
2613 811 2726 879 (καὶ
2793 810 2848 864 τί
2891 811 3000 883 γὰρ
3033 811 3182 876 ἄλλο,
3227 813 3372 883 ψυχὴ
3408 815 3577 886 μιαρὰ
3608 815 3704 868 καὶ
3761 818 3904 885 πρὸς
3935 818 3994 870 τὸ

2409 905 2550 958 θεῖον
2600 902 2985 972 τυφλώττουσα
3057 905 3172 974 φῶς
3225 906 3492 959 ὑπέλαϐεν
3527 906 3663 974 ἂνς)
3713 909 3993 977 γοητείαις

2409 1000 2578 1054 ἐδίδου
2613 999 2674 1051 τὸ
2715 1000 2848 1060 πᾶν,
2876 1000 2971 1053 καὶ
2993 994 3167 1061 οὕτως
3219 1000 3406 1064 ἔλεγεν
3435 998 3569 1070 αύτῇ
3606 1000 3988 1068 περιγίνεσθαι

2409 1094 2477 1148 τὰ
2537 1092 2676 1146 κατά
2721 1092 2948 1161 γνώμην
3014 1091 3220 1146 ἀνύειν.
3284 1092 3431 1162 Πρὸς
3485 1094 3542 1146 ὃν
3580 1094 3608 1144 ὁ
3661 1091 3997 1155 ἀνθύπατος,

2411 1184 2599 1258 ὥσπερ
2629 1188 2707 1250 εις
2741 1184 2866 1239 νοῦν
2901 1184 3124 1255 βάπτων
3156 1184 3251 1237 καὶ
3287 1183 3594 1255 βαθυτέρας
3626 1186 3833 1255 φρενὸς
3863 1187 3994 1239 ἑπά-

2412 1297 2524 1347 γων
2554 1277 2912 1349 ἐρωτήματα,
2937 1277 3002 1329 Τί
3028 1276 3086 1329 δδ
3120 1276 3192 1345 μὴ
3219 1274 3498 1346 ἠμύναντο
3531 1276 3741 1344 ταύτην
3771 1277 3818 1328 οἱ
3867 1277 3992 1335 θεοὶ,

2413 1372 2539 1440 ἐφη,
2564 1371 2916 1440 μισοπόνηροι
2944 1368 3123 1431 ὅντεςς
3151 1370 3258 1420 Καὶ
3308 1367 3368 1430 ὃς
3413 1365 3513 1420 οὐκ
3544 1367 3686 1436 ἔχων
3741 1367 3855 1420 ἀπὸ
3904 1368 3998 1433 τῆς

2413 1461 2671 1532 ἀληθείας
2706 1462 2902 1522 εἰπεῖν,
2935 1457 3351 1528 φιλανθρωπίαν
3381 1457 3633 1528 ὠνόμαζε
3681 1460 3786 1529 τὴν
3836 1458 3996 1511 ἀσθέ-

2415 1570 2584 1616 νειαν,
2615 1552 2877 1620 Ε’ύμενεῖς
2907 1553 3084 1613 δντες,
3107 1550 3304 1616 λέγων,
3331 1549 3616 1618 ἐφείσαντο
3643 1549 3877 1618 ταύτης.
3913 1549 4000 1600 Ἑν

2414 1641 2587 1712 τούτῳ
2623 1641 2745 1712 δὲή
2791 1640 3022 1712 μάρτυς,
3053 1639 3299 1708 ἀϐλαϐὴς
3345 1639 3439 1692 τοῦ
3496 1636 3686 1701 ὕδατος
3740 1638 3998 1702 ἀναδῦσα,

2417 1735 2636 1789 πάντων
2659 1734 2936 1804 ὁρώντων.
2963 1734 3215 1803 παρέστη
3239 1733 3320 1802 τῷ
3368 1731 3665 1802 ἀνθυπάτῳ
3690 1748 3704 1762 ο
3737 1733 3834 1785 καὶ
3888 1733 4001 1803 ἅμα

2429 1827 2564 1898 πρὸς
2599 1825 2868 1896 ἀλλήλους
2901 1828 2950 1880 οἱ
2989 1827 3247 1897 τύραννοι
3273 1825 3373 1880 οὐκ
3405 1827 3467 1878 ὲν
3499 1823 3858 1896 παραϐύστῳ,
3889 1821 4000 1876 ἀλλ’

2419 1919 2477 1972 ὲν
2506 1918 2583 1986 τῷ
2614 1920 2886 1989 προφανεῖ
2909 1918 3233 1986 διελέγοντο,
3257 1917 3334 1986 τῷ
3368 1915 3610 1978 καὶτοὺς
3639 1916 4002 1986 παρεστῶτας

2419 2009 2657 2072 ἀκούειν,
2688 2011 2781 2063 καὶ
2812 2009 3269 2079 παρακερδαίνειν
3296 2028 3349 2062 τι
3395 2010 3503 2061 τῶν
3552 2009 3890 2079 λεγομένων,
3919 2004 4004 2075 ἐφ’

2419 2096 2500 2163 οἷς
2543 2101 2680 2171 ὑπὲρ
2730 2101 2838 2152 τῶν
2875 2100 3094 2152 οίκείων
3151 2099 3290 2151 θεῶν
3323 2097 3356 2169 ἢ
3395 2099 3665 2166 δαιμόνων
3703 2096 4000 2165 ἀπολογού-

2425 2207 2578 2257 μενοι
2608 2190 2866 2260 γοητείαν
2893 2192 2956 2261 τῇ
2998 2190 3236 2261 μάρτυρι
3281 2189 3586 2260 περιῆπτον
3625 2206 3640 2221 ·
3676 2190 3775 2242 καὶ
3835 2188 4005 2258 ταύτῃ

2422 2283 2606 2348 ἔλεγον
2663 2280 2938 2352 κρατῆσαι
2987 2281 3226 2334 καὶτῶν
3285 2281 3520 2336 ὑδάτων.
3561 2281 3685 2333 Ἐπὶ
3740 2280 3951 2341 τούτοις
3981 2280 4008 2332 ὀ

2425 2373 2659 2442 Πρίσκος
2707 2373 2821 2443 ἅμα
2860 2373 2936 2443 τῷ
2996 2372 3370 2443 συμπαρέδρῳ
3432 2373 4003 2442 δια.πορούμενοι,κειλΙ

2428 2465 2503 2535 μὴ
2538 2464 2750 2535 ἔχοντες
2776 2467 2912 2535 ὅπερ
2953 2465 3019 2518 ἂν
3045 2464 3287 2534 δράσωσι
3335 2465 3519 2528 πλέον,
3545 2464 3858 2533 σύμϐουλον
3907 2458 4010 2517 ῶσ-

2427 2575 2532 2627 περ
2562 2558 2659 2627 τὴν
2704 2557 2911 2610 οἰκείαν
2947 2555 3362 2626 παραλαϐόντες
3401 2551 3682 2626 ὠμότητα,
3711 2557 3811 2608 xui.
3858 2551 4011 2618 αὖθις

2426 2648 2562 2715 πρὸς
2591 2647 2650 2699 τὸ
2679 2645 2928 2710 κολάζειν
2984 2647 3244 2717 ἐχώρουν.
3277 2645 3386 2699 Καὶ
3416 2648 3468 2699 τί
3523 2647 3628 2716 γὰρ
3683 2647 3816 2700 ἀλλο
3869 2643 4014 2715 εἶχον

2428 2743 2624 2802 ποιεῖν,
2657 2739 2900 2809 μαθηταὶ
2933 2739 3026 2793 τοῦ
3059 2739 3118 2804 ἐξ
3153 2739 3329 2810 ἀρχῆς
3375 2741 3834 2812 ἀνθρωποκτόνου
3882 2758 4013 2806 τυγο

2427 2831 2682 2900 χάνοντες
2707 2845 2720 2896 ;
2744 2830 2891 2884 Λίθοι
2916 2830 3008 2883 οὖν
3025 2831 3186 2884 πάλιν
3211 2831 3396 2894 αὐτοῖς
3421 2833 3499 2895 είς
3521 2831 3613 2896 ὀξὺ
3633 2833 4019 2904 διεγλύφοντος

2428 2922 2700 2976 ὀϐελίσκοι
2734 2941 2792 2976 τε
2831 2923 3054 2992 σιδήρου
3093 2922 3188 2976 καὶ
3220 2923 3438 2988 πρίονες
3491 2924 3873 2994 ὲχαλκεύοντο,
3897 2910 4015 2977 εἶτα

2430 3019 2523 3068 καὶ
2556 3015 2749 3085 βόθρον
2780 3015 3048 3085 ὀρυγῆναι
3079 3014 3467 3078 διεκελεύοντο,
3489 3015 3547 3078 ὃς
3605 3016 3834 3085 ἔμελλεν
3867 3015 4014 3067 ἔνδον

2429 3107 2554 3169 τοὺς
2581 3107 2720 3170 ὀξεῖς
2752 3106 2972 3167 τούτους
3007 3105 3188 3169 λίθους
3223 3108 3319 3160 καὶ
3344 3106 3663 3167 ὀϐελίσκους
3705 3106 3804 3157 καὶ
3857 3106 4014 3174 πρίο-

743 3199 852 3253 cati
887 3217 900 3253 :
934 3197 1133 3253 deinde
1189 3197 1476 3269 jusserunt
1539 3198 1701 3253 etiam
1759 3197 1863 3252 fodi
1921 3197 2142 3262 fossam,
2211 3213 2326 3267 quae

2433 3217 2525 3261 νας
2568 3199 2796 3267 ἀφανεῖς
2826 3196 2968 3267 ἔχειν
2995 3197 3417 3266 ἐμπεπηγότας,
3459 3197 3647 3265 ὀλίγης
3699 3197 3855 3267 αύτῷ
3912 3197 4011 3264 γῆς

744 3294 936 3342 acutos
962 3286 1065 3343 hos
1127 3287 1333 3357 lapides
1389 3297 1443 3342 et
1486 3288 1754 3343 obeliscos
1790 3298 1843 3343 et
1876 3304 2056 3344 serras
2097 3289 2331 3346 latentes

742 3375 942 3432 inﬁxas
977 3386 1123 3432 esset
1149 3378 1426 3442 habitura,
1460 3393 1634 3448 pauca
1681 3391 1826 3433 terra
1859 3380 1908 3434 ei
1977 3380 2214 3448 desuper
2249 3380 2332 3433 in-

744 3467 890 3534 fusa,
928 3479 989 3522 ut
1022 3469 1328 3538 procedens
1367 3477 1594 3540 martyr,
1630 3468 1684 3522 in
1722 3484 1842 3522 eam
1889 3470 2209 3538 imprudens
2240 3469 2328 3522 in-

744 3559 978 3626 cideret,
1012 3569 1067 3614 et
1125 3560 1206 3615 sic
1256 3560 1526 3616 interiret.
1581 3561 1976 3616 Existimabam
2023 3563 2169 3617 enim
2222 3572 2332 3617 sto.

746 3647 865 3718 iidi,
905 3668 1023 3708 eam
1057 3653 1147 3708 illa
1202 3655 1375 3709 solum
1430 3670 1592 3724 posse
1645 3655 1865 3709 vincere
1925 3665 2040 3709 arte
2093 3656 2324 3724 magica,

750 3761 983 3817 quorum
1017 3748 1122 3813 iam
1156 3746 1457 3816 accepisset
1499 3748 1650 3815 prius
1680 3746 2071 3816 cognitionem,
2111 3754 2166 3801 et
2205 3748 2329 3804 ideo

750 3839 1044 3894 studebant
1073 3837 1308 3903 edicere,
1345 3848 1401 3894 ut
1436 3854 1544 3894 non
1578 3850 1723 3895 esset
1773 3839 2124 3902 manifestum
2175 3843 2328 3912 peri-

753 3933 959 3988 culum.
1003 3931 1107 3987 Eos
1142 3943 1322 3986 autem
1363 3932 1587 3996 latebat,
1628 3933 1774 3999 quod
1809 3942 1885 3998 tu,
1929 3932 2178 3996 Domine,
2228 3935 2321 4004 qui

752 4023 916 4079 corda
955 4023 1242 4077 hominum
1296 4036 1548 4078 seorsum
1609 4022 1832 4088 tinxisti,
1897 4039 1956 4079 es
1997 4039 2122 4080 cum
2175 4026 2325 4096 ipsis,

751 4126 808 4173 et
839 4116 1097 4186 intelligis
1128 4116 1309 4170 omnia
1343 4132 1510 4184 opera
1545 4117 1788 4185 ipsorum
1827 4116 1869 4170 ⁸.

826 4209 968 4265 ΧΙΙΙ.
994 4212 1153 4265 Certe
1181 4225 1304 4264 cum
1333 4225 1455 4264 eam
1516 4219 1779 4280 urgerent
1829 4209 2086 4273 ministri,
2144 4219 2204 4264 ut
2247 4225 2342 4280 per

753 4321 879 4360 eum
911 4305 1088 4358 locum
1129 4303 1408 4367 transiret,
1446 4303 1499 4356 in
1559 4318 1666 4372 quo
1725 4302 1870 4359 fossa
1939 4303 2081 4358 facta
2138 4304 2339 4366 fuerat,

754 4399 846 4452 illa
872 4397 1116 4466 quidem,
1150 4411 1273 4450 eum
1321 4396 1458 4450 nihil
1513 4395 1737 4450 omnino
1803 4396 2163 4465 praavidisset,
2216 4412 2337 4466 qua:

2427 3292 2782 3364 ἐπιχυθείσης
2809 3291 3039 3354 ἄνωθεν,
3059 3289 3199 3345 ὥστε
3232 3292 3329 3362 τὴν
3359 3292 3610 3364 μάρτυρα
3643 3292 3891 3345 διιοῦσαν
3922 3293 4018 3360 ὲμο

2432 3387 2617 3437 πεσεῖν
2645 3382 2796 3451 αύτῷ
2837 3384 2978 3436 κατά
3004 3385 3064 3435 τὸ
3090 3383 3370 3448 λανθάνον,
3398 3386 3491 3437 καὶ
3536 3383 3681 3437 οὕτω
3715 3383 4021 3452 διαφθαρῆ-

2433 3495 2541 3529 ναι.
2580 3475 2861 3544 Ἐνόμιζον
2902 3475 3009 3544 γάρ
3036 3477 3084 3528 oi.
3115 3476 3347 3543 ἄφρονες
3409 3476 3635 3528 ἐκείνων
3698 3475 3861 3544 μόνον
3904 3477 4018 3526 ἐπι-

2433 3566 2807 3636 κρατεστέραν
2855 3564 3103 3633 γίνεσθαι
3153 3564 3243 3618 διὰ
3273 3565 3549 3634 γοητείας,
3578 3557 3654 3619 ὧν
3687 3565 3791 3635 ήδη
3823 3566 4018 3633 φθάσει

2435 3660 2533 3728 τὴν
2569 3660 2773 3726 γνῶσιν
2830 3659 3193 3729 παραλαϐεῖν.
3249 3659 3356 3712 Καὶ
3389 3659 3479 3712 διὰ
3531 3658 3692 3712 τοῦτο
3744 3660 4019 3712 ἔσπευσαν

2438 3751 2630 3820 ἄδηλον
2661 3751 2798 3820 αὐτῇ
2832 3754 2924 3805 τὸν
2953 3753 3200 3806 κίνδυνον
3225 3753 3486 3806 διαθεῖναι
3509 3769 3524 3785 ο
3551 3752 3815 3806 ἐλάνθανε
3843 3754 3899 3805 δὲ
3924 3753 4018 3805 αύ·

2439 3845 2566 3909 τοὺς
2597 3845 2678 3898 ὁτι
2702 3845 2787 3906 σὺ,
2808 3844 2999 3914 Κύριε,
3032 3843 3148 3916 μετ’
3174 3845 3340 3914 αὐτῆς
3368 3841 3438 3908 εἴ,
3464 3847 3491 3898 ὀ
3524 3844 3667 3901 κατά
3689 3845 3863 3915 μόνας
3889 3842 4021 3898 11M-

2446 3955 2541 4002 σας
2570 3938 2667 3998 τὰς
2697 3939 2922 4009 καρδίας
2950 3937 3058 3992 τῶν
3083 3937 3409 4009 ἀνθρώπων.

2513 4211 2610 4267 ην.
2644 4213 2861 4281 ’Λμέλει
2894 4212 2989 4266 καὶ
3020 4211 3404 4268 συνωθούντων
3443 4211 3617 4282 αὐτὴν
3662 4213 3778 4267 τῶν
3818 4213 4020 4285 sm“.

2441 4304 2549 4355 τῶν
2580 4303 2648 4356 δι’
2693 4303 2860 4371 αὐτῆς
2903 4304 3154 4366 διελθεῖν,
3184 4303 3312 4355 ἔνθα
3351 4301 3416 4371 δὴ
3445 4304 3539 4354 καὶ
3569 4305 3596 4354 ὀ
3622 4301 3818 4370 βόθρος
3869 4304 4020 4369 ἐτύγι

2444 4411 2574 4464 χανε
2606 4392 2786 4463 ρᾳδιου
2798 4393 3040 4462 ργηθεὶς,
3069 4392 3251 4461 ἐκείνη
3279 4392 3442 4461 μηδὲν
3467 4392 3602 4454 ὅλως
3636 4394 4019 4464 προειδομένη,

760 4500 947 4545 autem
975 4488 1328 4544 cohabitabat
1369 4488 1562 4558 gratia,
1598 4489 1769 4558 ipsam
1832 4489 2160 4557 sublevaret,
2218 4505 2326 4559 per-

2443 4489 2539 4556 τῆς
2574 4486 2823 4540 συνοίκου
2855 4486 2911 4538 δὲ
2943 4485 3165 4554 χάριτος
3192 4486 3363 4554 αὐτὴν
3389 4484 3897 4556 ὑποκουφιζούσης,
3923 4487 4021 4540 διέ·

760 4583 933 4636 currit
986 4596 1149 4651 supra
1201 4591 1570 4636 constructam
1630 4581 1857 4643 fossam,
1914 4582 2139 4650 perinde
2187 4598 2248 4634 ac
2296 4580 2340 4635 si

762 4683 963 4729 terram
990 4691 1098 4729 non
1147 4683 1416 4744 tangeret,
1473 4674 1569 4728 sed
1623 4674 1764 4728 alata
1818 4674 2050 4730 sublime
2090 4673 2341 4727 ferretur.

766 4768 970 4823 Deinde
993 4768 1124 4838 quid
1162 4768 1261 4822 tit?
1293 4767 1404 4822 Res
1436 4766 1604 4837 iusta,
1648 4775 1701 4822 et
1736 4783 1829 4836 per
1860 4782 2022 4837 quam
2057 4765 2343 4836 cognosci-

763 4870 854 4915 tur
877 4864 1020 4916 Deus
1057 4861 1266 4932 judicia
1301 4861 1529 4924 faciens,
1567 4871 1621 4914 et
1655 4860 1859 4914 factum
1897 4876 2085 4913 revera
2117 4859 2339 4929 dignum

762 4971 825 5009 ea
879 4970 998 5023 quae
1025 4954 1210 5009 omnia
1242 4957 1508 5015 intuetur,
1542 4949 1910 5006 Providentia.
1939 4949 2170 5017 Quidam
2193 4951 2341 5004 enim

766 5060 833 5099 ex
872 5047 937 5099 iis
962 5045 1052 5113 qui
1093 5055 1388 5116 martyrem
1419 5044 1799 5104 traducebant,
1850 5042 1984 5097 forte
2027 5042 2344 5111 ignorantes

768 5145 986 5206 paratas
1034 5136 1280 5199 insidias,
1315 5145 1369 5189 et
1444 5136 1714 5200 volentes,
1755 5140 2042 5203 postquam
2078 5133 2166 5186 illa
2227 5132 2344 5185 sine

765 5232 921 5300 lapsu
964 5227 1204 5290 transiit,
1255 5229 1446 5282 eodem
1479 5229 1554 5283 uti
1603 5228 1836 5281 transitur
1881 5246 1893 5282 :
1932 5237 1990 5281 ut
2060 5227 2108 5280 id
2149 5235 2342 5290 totum,

763 5324 908 5389 quod
935 5339 964 5376 a
1001 5323 1188 5377 divino
1222 5320 1420 5375 Davide
1460 5323 1664 5375 dictum
1699 5323 1840 5387 est“,
1879 5329 2025 5376 esset
2069 5319 2346 5389 praedictio

770 5420 910 5482 cjus,
937 5416 1077 5484 quod
1112 5424 1243 5469 tunc
1300 5413 1501 5468 factum
1540 5424 1618 5468 est
1657 5431 1670 5465 :
1721 5429 1914 5483 nempe
1963 5412 2085 5466 illos
2120 5410 2341 5476 quidem

767 5507 969 5561 fodisse
1001 5506 1231 5568 foveam,
1274 5515 1328 5559 et
1369 5506 1420 5559 in
1459 5521 1580 5558 eam
1619 5505 1840 5568 fossam,
1879 5519 2039 5574 quam
2077 5503 2342 5563 fecerant;

771 5597 1074 5652 cecidisse:
1107 5611 1230 5649 cum
1268 5607 1494 5662 repente
1523 5596 1694 5648 fracta
1724 5603 1888 5654 esset,
1925 5609 2043 5662 quae
2081 5591 2132 5644 in
2156 5603 2348 5658 super-

773 5687 1142 5754 ﬂcledisjecla
1181 5695 1296 5741 erat
1357 5695 1518 5751 terra,
1563 5683 1874 5741 inciderunt
1915 5685 1966 5738 in
2012 5683 2222 5737 foveam
2259 5691 2352 5733 :et

877 5864 1075 5925 ’Joan.
1125 5886 1237 5929 Vlll,
1271 5869 1357 5922 44.
1473 5869 1490 5902 ⁴
1531 5867 1668 5925 Psal.
1705 5881 1870 5935 sunt,
1911 5867 1991 5920 l5.

2443 4579 2543 4647 δρα
2594 4578 2691 4646 μὲν
2747 4577 3004 4648 ὑπεράνω
3043 4576 3135 4629 τοῦ
3196 4577 3632 4645 σκαιωρηθέντος
3685 4576 4016 4646 ὀρύγματος.

2442 4665 2629 4736 ὥσπερ
2669 4666 2726 4718 ού
2760 4665 2863 4734 γῆς
2917 4663 3222 4734 ἁπτομένη,
3270 4662 3406 4717 ἀλλά
3458 4663 3734 4734 μετέωρός
3785 4681 3868 4728 τις
3933 4666 4020 4718 καὶ

2443 4756 2749 4827 ὑπόπτερος
2810 4758 3104 4827 φερομένη.
3137 4752 3270 4811 Εἶτα
3302 4756 3355 4808 τί
3389 4757 3634 4823 γίνεται;
3667 4757 3914 4825 Πρᾶγμα
3943 4757 4016 4808 δί-

2443 4865 2596 4903 καιον
2625 4849 2718 4902 καὶ
2753 4848 2820 4900 δι’
2848 4844 2922 4901 ὧν
2955 4849 3282 4914 γινώσκεται
3316 4847 3514 4918 Κύριος
3543 4847 3788 4916 κρίματα
3833 4849 4015 4905 ποιῶν.

2444 4943 2535 4997 καὶ
2575 4942 2735 5013 ἔργον
2783 4941 2879 5013 τῆς
2935 4941 3112 4993 πάντα
3161 4941 3451 5012 ἐῳορώσης
3486 4939 3754 5011 Προνοίας
3789 4939 4017 5010 ἀληθοῦς

2442 5035 2610 5098 ἀξιον.
2643 5034 2763 5087 Τῶν
2799 5035 2906 5104 γὰρ
2933 5031 3032 5104 τὴν
3095 5031 3350 5103 μάρτυρα
3407 5032 3835 5095 διαϐιϐαζόντων
3862 5032 4015 5090 τινὲς,

2443 5129 2666 5198 ἄγνοιαν
2695 5129 2825 5189 ἴσως
2857 5127 3074 5197 ἔχοντες
3128 5124 3224 5178 τοῦ
3257 5124 3592 5194 πραχθέντος
3623 5123 3870 5192 ὲνὲδρου,
3901 5121 4016 5190 βου-

2444 5221 2704 5292 ληθέντες
2747 5219 2884 5287 μετά
2909 5219 2970 5270 τὸ
2998 5217 3212 5287 ἐκείνην
3239 5216 3491 5270 ἄπτωτον
3519 5213 3752 5269 διελθεῖν
3784 5218 3854 5287 τῇ
3888 5216 4014 5284 αὐτῇ

2449 5310 2757 5383 χρήσασθαι
2801 5309 2976 5380 διόδῳ,
3022 5309 3089 5363 ἵν’
3125 5310 3245 5363 ὅλον
3295 5307 3356 5361 τὸ
3395 5307 3498 5360 ὑπὸ
3553 5305 3648 5360 τοῦ
3678 5306 3828 5359 θείου
3869 5305 4017 5358 Δαυῒδ

2446 5404 2735 5476 εἰρημένον
2801 5397 3263 5473 προαγόρευσιςῇ
3307 5400 3398 5454 τού
3431 5401 3550 5453 τότε
3601 5398 3926 5466 γενομένου,
3963 5397 4017 5449 τδ

2451 5498 2651 5549 λάκκον
2687 5496 2880 5565 ὀρύξαι
2925 5494 3025 5564 μὲν
3061 5495 3303 5556 ἐκείνους
3353 5494 3447 5546 καὶ
3482 5491 3822 5560 ἀνασκάψαι,
3858 5493 4015 5561 ἐμπε-

2452 5592 2563 5641 σεῖν
2593 5589 2648 5641 δὲ
2682 5586 3003 5656 παραδόξως
3039 5590 3116 5649 είς
3158 5587 3344 5656 βόθρον
3370 5585 3431 5637 ὃν
3478 5584 3830 5654 εἰργάσαντο,
3862 5585 4017 5652 ὑπορο

2458 5682 2721 5750 ῥαγείσης
2753 5679 2921 5749 αὐτῆς
2955 5678 3152 5761 ἁθρόον
3187 5679 3276 5744 τῆς
3324 5677 3380 5742 ἐξ
3429 5677 3692 5745 ἐπιπολῆς
3745 5675 3858 5730 ἅνω
3916 5672 4014 5726 διι-

2104 5866 2118 5894 ⁵
2145 5865 2285 5921 Psal.
2319 5878 2426 5926 LVI,
2449 5864 2500 5917 7.
