4150 6514
196 476 299 544 729

1293 479 1761 545 MARTYRIUM
1795 478 1857 541 S.
1892 479 2340 547 EUPHEMLE.

3344 478 3450 545 730

197 593 501 666 τμηθείσης
522 594 645 666 γῆς.
678 594 1111 665 Ἔμπεπτώκασί
1141 611 1199 650 τε
1224 596 1298 667 τῷ
1326 597 1526 669 βόθρῳ,
1553 599 1648 652 καλ.
1673 594 1779 651 ὑπὸ

1896 609 2006 654 tum
2031 599 2084 655 in
2121 600 2210 655 illa
2239 608 2397 655 acuta
2431 596 3163 659 incidissentinstrumcnta,
3199 595 3453 650 celeriter

199 686 309 743 τῶν
340 685 625 758 τμητικῶν
654 686 876 740 ἐκείνων
909 687 1176 758 ὀργάνων,
1198 686 1370 753 ὀξέως
1421 687 1779 763 ἐμπεσόντες,

199 775 456 845 ὀξύτερον
510 775 901 847 διεφθάρησαν.
969 777 1035 830 Ἠ
1080 777 1211 844 ἁγία
1264 776 1322 830 δὲ
1385 774 1783 849 χαριστηρίους

202 866 405 938 ὕμνους
433 868 669 940 προσῇδε
698 869 777 939 τῷ
828 869 1088 922 σεσωκότι
1119 867 1260 939 Θεῷ,
1284 869 1380 933 Τίς
1433 868 1655 939 λαλήσει
1685 867 1784 929 τὰς

200 958 522 1023 δυναστείας
576 977 691 1026 σου,
724 959 978 1026 λέγουσα,
1018 960 1289 1023 ἀκουστάς
1346 960 1565 1027 ποιήσει
1600 958 1782 1020 πάσας

202 1049 299 1110 τὰς
327 1050 566 1113 αίνέσεις
623 1068 740 1113 σου,
774 1052 945 1120 Κύριε
974 1067 989 1116 ;
1018 1052 1101 1103 ὅτι
1140 1051 1641 1121 μεμαστιγωμένην
1683 1048 1784 1116 τὴν

201 1138 397 1208 δούλην
450 1157 541 1193 σου
617 1140 899 1210 μαστίγων
946 1141 1244 1210 ἀπείρατον
1306 1138 1655 1209 διεφύλαξας
1702 1138 1782 1189 ὅτι

208 1231 385 1300 πυρὸς
419 1232 698 1300 ἥρπασας⁶
725 1232 807 1283 ὅτι
839 1231 1042 1300 θηρῶν,
1071 1230 1166 1282 καὶ
1194 1229 1408 1292 ὓδατος,
1450 1229 1544 1281 καὶ
1569 1226 1780 1297 τροχῶν

204 1320 553 1391 δ;ετήρησας,
580 1322 674 1374 καὶ
703 1322 896 1391 βόθρου
931 1323 1218 1384 διέσωσας.
1252 1322 1361 1373 Καὶ
1389 1319 1506 1385 νῦν,
1537 1320 1783 1371 Δέσποτα

205 1410 669 1481 πολυέλεε,ρὖαι
699 1413 799 1481 τὴν
837 1412 1016 1482 ψυχήν
1058 1429 1158 1483 μου
1217 1413 1283 1466 ὲκ
1335 1410 1519 1482 χειρὸς
1570 1408 1666 1462 τοῦ
1721 1409 1785 1461 ἐκ

206 1503 491 1572 προγόνων
514 1521 602 1573 μοι
633 1504 899 1574 πολεμίου
926 1506 1023 1574 τῆς
1052 1505 1289 1573 φύσεως.
1327 1502 1627 1573 Ἀμαρτίας
1666 1501 1784 1554 νεό-

204 1592 368 1661 τητός
401 1610 501 1662 μου
529 1593 623 1647 καὶ
652 1594 876 1663 ἀγνοίας
912 1612 1014 1665 μου
1062 1595 1138 1665 μὴ
1174 1594 1441 1666 μνησθῇς·
1474 1592 1612 1647 ἀλλά
1664 1594 1785 1656 ταῖς

203 1684 317 1735 τῶν
354 1684 497 1754 ὑπὲρ
533 1685 625 1738 σοῦ
659 1687 894 1754 ῥυέντων
917 1686 1163 1757 αἱμάτων
1188 1704 1290 1757 μου
1319 1685 1523 1756 ῥανίσι,
1546 1685 1787 1754 καθαρόν

168 1804 173 1809 -
208 1790 313 1842 μου
350 1774 440 1826 τὸν
468 1777 744 1847 μολυσμὸν
769 1779 972 1849 σαρκός
1002 1795 1061 1831 τε
1093 1779 1187 1831 καὶ
1212 1778 1547 1848 πνεύματος.
1573 1777 1645 1829 Σὺ
1679 1778 1788 1849 γὰρ

205 1862 259 1918 εἴ
291 1866 582 1933 κάθαρσις,
607 1872 880 1940 ἀγιασμός
911 1886 967 1921 τε
992 1872 1086 1922 καὶ
1119 1870 1399 1938 φωτισμδς
1425 1869 1535 1923 τῶν
1586 1869 1788 1922 δούλων

210 1973 328 2012 σου,
369 1932 478 2012 καὶ
506 1962 538 2029 ή
570 1932 667 2029 μὲν
688 1932 869 2013 ταύτα
891 1932 1235 2031 ηὑξατοξκαὶ
1260 1932 1358 2032 της
1390 1960 1554 2032 εὐχῆς
1578 1962 1638 2014 οὑ
1666 1961 1792 2031 διήο
1822 1932 1863 1991 Β

212 2063 445 2116 μαρτεν.

280 2134 377 2188 1Δ’.
418 2134 476 2188 '0
540 2135 780 2208 Πρίσκος
820 2138 878 2192 δὲ
910 2139 1071 2194 ἄλλον
1118 2142 1324 2195 ἐπινοεῖ
1351 2140 1514 2195 πάλιν
1547 2143 1612 2212 τῇ
1649 2140 1792 2211 μάρ-

206 2235 335 2292 τυρι
370 2224 584 2298 βόθρον,
608 2229 666 2280 οὑ
708 2228 960 2301 σώματος
994 2231 1293 2295 ἀπώλειαν,
1327 2232 1462 2286 ἀλλὰ
1481 2232 1659 2303 ψυχῆς
1695 2233 1795 2303 ἐμ·

209 2314 490 2381 ποιοῦντα,
521 2319 615 2370 καλ⁵
654 2322 780 2390 περὶ
813 2323 999 2376 πίστιν
1028 2323 1118 2375 τὸν
1150 2323 1394 2377 κίνδυνον
1423 2324 1781 2395 ἐπιφέροντα.

208 2404 739 2477 Μετακαλεσάμενος
802 2411 912 2480 γὰρ
960 2413 1152 2479 αὑτὴν,
1205 2413 1392 2466 καὶτὸ
1426 2414 1527 2483 μὲν
1576 2416 1795 2485 ὀργίλον

210 2498 304 2548 καὶ
342 2497 709 2567 ὑπεροπτικὸν
737 2500 1093 2570 ἀποθέμενος,
1122 2501 1224 2556 ὑπὸ
1257 2506 1410 2556 δασεί
1427 2504 1486 2560 δὲ
1509 2506 1587 2575 τῷ
1612 2509 1793 2579 κωδίῳ

212 2589 428 2661 κρύψας
478 2591 568 2642 τὸν
603 2591 789 2655 λύκον,
815 2592 959 2646 πάνυ
992 2609 1051 2646 τε
1101 2594 1192 2648 τὸν
1238 2595 1414 2667 πρᾶον
1446 2595 1789 2664 ὑποκριθεὶς,

130 2680 141 2691 “
211 2682 284 2733 Σὺ
310 2686 409 2753 μὲν
431 2684 729 2755 ὴπάτησαι,
756 2685 881 2758 ἔφη’
910 2688 1000 2741 καὶ
1016 2686 1068 2740 τί
1086 2688 1195 2758 γὰρ
1213 2688 1525 2757 θαυμαστὸν
1545 2691 1593 2742 εί
1617 2692 1752 2760 γυνή
1774 2707 1791 2758 ;

211 2775 355 2846 πλὴν
385 2777 519 2830 ἀλλά
554 2780 648 2831 καὶ
680 2780 843 2850 ἡμεῖς
875 2780 951 2844 ὡς
1013 2782 1113 2835 οὑκ
1158 2781 1265 2835 ἔδει
1304 2784 1791 2855 πεπαρῳνήκαμεν

215 2869 295 2930 είς
328 2869 386 2921 σὲ
416 2869 514 2939 τὴν
542 2872 813 2937 γενναίαν.
846 2873 964 2940 Ἐφ’
995 2867 1075 2937 οἷς
1097 2874 1430 2945 συγγνώμην
1453 2878 1583 2947 ἡμῖν
1614 2893 1795 2946 παρα-

218 2960 428 3029 σχοῦσα
473 2961 633 3015 θῦσον
672 2962 748 3033 τῷ
787 2964 1005 3034 μεγάλῳ
1046 2965 1152 3030 θεῷ
1188 2968 1366 3037 Ἀρει,
1396 2969 1492 3022 καὶ
1540 2968 1793 3033 τοσοῦτός

218 3068 279 3105 σε
304 3052 538 3117 πλοῦτος
570 3054 663 3106 καὶ
696 3053 821 3120 δόξα
852 3058 945 3110 καὶ
980 3057 1197 3123 ἀγαθῶν
1224 3059 1498 3123 ἐκδέξεται
1523 3059 1791 3129 θάλασσα,

209 3143 287 3206 ῶς
324 3144 545 3197 πάντων
580 3145 803 3200 ἐκείνων
840 3149 1307 3219 ἀμνημονήσασαν
1339 3151 1503 3221 ζῆσαι
1558 3152 1619 3204 τὸ
1651 3150 1793 3220 μετά

1884 691 2233 748 interierunt.
2267 694 2469 747 Sancta
2492 700 2674 745 autem
2704 689 2907 744 cecinit
2952 687 3203 759 hymnos,
3255 686 3458 757 quibus

1884 782 1994 839 Deo
2019 783 2210 853 agebat
2234 784 2437 852 gratias
2464 800 2478 837 :
2515 802 2532 835 ι
2574 780 3003 850 Quisloquetur,
3036 778 3246 839 dicens,
3268 786 3459 846 poten-

1884 876 1988 930 tias
2064 875 2300 939 Domini,
2356 875 2571 929 auditas
2629 874 2790 928 faciet
2830 886 3019 927 omnes
3073 870 3263 924 laudes
3314 877 3457 934 tuas,

1885 966 2114 1021 Domine
2151 966 2217 1019 '2
2257 985 2274 1018 ι
2310 966 2581 1033 Quoniam
2610 964 2929 1035 ﬂagellatam
2960 961 3208 1016 ancillam
3237 969 3382 1013 tuatn
3428 975 3458 1013 a

1883 1058 2067 1130 ﬂagris
2108 1060 2341 1112 illaesum
2368 1058 2736 1119 conservasti;
2777 1054 3033 1124 quoniam
3087 1053 3156 1106 ab
3190 1051 3312 1120 igne
3375 1064 3462 1103 ra-

1885 1150 2075 1219 puisti.
2101 1148 2368 1215 Quoniam
2400 1163 2429 1201 a
2457 1147 2670 1207 bestiis,
2715 1154 2769 1200 et
2799 1160 2959 1211 aqua,
2997 1150 3051 1198 et
3089 1143 3222 1198 rotis
3270 1149 3461 1195 custo-

1886 1241 2052 1303 diisti,
2101 1252 2155 1295 et
2186 1257 2213 1293 a
2240 1239 2392 1295 fossa
2425 1236 2782 1293 conservasti.
2809 1236 2873 1288 Et
2901 1250 3073 1297 nunc,
3106 1233 3336 1287 Domine
3355 1231 3460 1286 mi-

1884 1334 2143 1397 serieors,
2173 1332 2339 1385 libera
2376 1331 2613 1387 animam
2654 1342 2829 1382 meam
2856 1344 2885 1381 e
2921 1341 3083 1379 manu
3141 1324 3262 1394 ejus
3294 1324 3385 1393 qui
3431 1339 3460 1377 a

1884 1422 2081 1491 priscis
2111 1421 2453 1491 temporibus
2517 1428 2602 1473 est
2639 1417 2816 1472 hostis
2874 1424 3108 1470 natura.
3169 1431 3187 1464 ι
3233 1414 3461 1466 Peccata

1880 1511 2187 1581 juventutis
2220 1527 2374 1574 mete,
2445 1520 2500 1565 et
2539 1508 2875 1580 ignorantias
2905 1520 3053 1559 meas
3088 1519 3156 1558 ne
3196 1502 3464 1558 memine-

1886 1606 2027 1667 ris",
2059 1622 2077 1655 ι
2115 1603 2206 1660 sed
2240 1603 2407 1672 guttis
2458 1601 2534 1655 tui
2588 1598 2890 1671 sanguinis,
2942 1612 3062 1667 quae
3107 1611 3206 1665 pro
3242 1610 3327 1649 me
3362 1594 3463 1647 flu—

1887 1705 2114 1760 xerunt,
2177 1709 2418 1765 expurga
2464 1692 2655 1747 sordes
2698 1706 2831 1745 mea:
2875 1688 3058 1744 carnis
3115 1698 3168 1742 et
3220 1686 3462 1755 spiritus.

1889 1790 1971 1844 Tu
2024 1804 2084 1844 es
2114 1788 2259 1843 enim
2298 1786 2570 1857 purgatio,
2626 1782 2992 1837 sanctificatio
3023 1788 3079 1833 et
3130 1777 3460 1832 illuminatio

1890 1897 2174 1937 servorum
2253 1890 2494 1935 tuorum.
2570 1878 2634 1931 Et
2725 1876 2813 1929 illa
2881 1874 3099 1945 quidem
3181 1872 3300 1927 hac
3385 1877 3469 1923 est

1893 1985 2136 2047 precata,
2174 1982 2226 2028 et
2266 1987 2375 2026 non
2417 1970 2519 2024 fuit
2551 1969 2796 2024 fraudata
2829 1983 2925 2022 sua
2968 1964 3259 2035 petitione.

1963 2151 2105 2208 XIV.
2142 2151 2362 2206 Priscus
2390 2158 2575 2204 autem
2612 2162 2807 2202 rursus
2854 2146 3017 2199 aliam
3074 2143 3277 2197 fossam
3321 2156 3468 2194 mar-

1891 2247 1995 2317 tyri
2023 2244 2313 2314 excogitat,
2340 2258 2460 2311 quae
2492 2256 2602 2295 nou
2636 2239 2901 2293 all'erebat
2956 2236 3240 2289 interitum
3275 2248 3472 2301 corpo-

1893 2336 1991 2403 ris,
2026 2335 2119 2391 sed
2149 2335 2368 2397 animae,
2398 2340 2453 2387 et
2478 2331 2623 2384 circa
2653 2329 2813 2383 iidem
2882 2325 3099 2380 creabat
3136 2322 3465 2392 periculurn.

1896 2429 2026 2484 Nam
2057 2442 2181 2483 cum
2201 2441 2319 2480 eam
2353 2421 2759 2481 accersivisset,
2799 2428 2853 2472 et
2885 2414 3220 2471 iracundiam
3246 2410 3467 2481 quidem

1895 2528 1951 2573 et
1980 2514 2291 2585 superbiam
2360 2510 2735 2581 deposuisset,
2793 2507 2966 2561 denso
3031 2514 3213 2557 autem
3275 2498 3473 2553 vellere

1894 2609 2081 2677 lupum
2116 2605 2369 2664 texisset,
2391 2611 2445 2655 et
2468 2602 2758 2654 maximam
2793 2597 3105 2651 simulasset
3143 2592 3417 2647 lenitatem
3453 2611 3469 2648 :

1896 2699 1977 2755 Tu
2012 2697 2253 2768 quidem,
2294 2693 2490 2763 inquit.
2523 2691 2653 2747 falsa
2693 2705 2772 2745 es.
2837 2687 2949 2744 Nec
2995 2695 3078 2742 est
3125 2686 3357 2747 mirum;
3414 2700 3475 2739 es

1897 2793 2045 2847 enim
2081 2787 2300 2843 femina.
2331 2784 2437 2838 Sed
2469 2798 2570 2836 nos
2610 2796 2831 2850 quoque
2905 2780 2958 2832 in
3026 2787 3077 2832 te
3156 2776 3472 2847 prazelaram

1897 2885 2159 2955 virginem
2189 2878 2352 2949 (quod
2380 2876 2589 2931 utinam
2621 2873 2822 2931 factum
2879 2885 2988 2923 non
3057 2881 3199 2923 esset
3232 2869 3269 2938 l)
3312 2867 3476 2920 nimis

1898 2977 2103 3031 fuimus
2136 2972 2468 3043 petulantes.
2532 2966 2777 3032 Quorum
2832 2962 2992 3017 nobis
3046 2961 3182 3043 dans
3236 2959 3472 3020 veniam,

1899 3066 2144 3125 sacriﬁca
2186 3052 2385 3133 magno
2417 3062 2518 3115 deo
2548 3059 2745 3111 Marti:
2780 3066 2835 3109 et
2891 3066 2944 3109 te
2985 3037 3148 3106 tanta:
3199 3051 3477 3122 excipient

1899 3160 2123 3220 divitize,
2156 3164 2210 3211 et
2266 3161 2479 3209 tantum
2532 3165 2683 3205 mare
2762 3148 3057 3209 bonorum,
3113 3154 3173 3198 ut
3230 3143 3476 3198 omnium

210 3234 392 3329 ταῦτα
422 3235 602 3329 καλῶς
630 3239 723 3301 καὶ
754 3238 945 3308 ἡδέως,
991 3239 1179 3311 ὥσπερ
1211 3241 1321 3311 ἄρα
1360 3244 1456 3295 καὶ
1490 3244 1597 3311 χρὴ
1648 3259 1793 3312 παρ-

1898 3254 2113 3308 illorum
2142 3248 2327 3311 oblita,
2359 3246 2587 3300 honeste
2633 3239 2893 3310 deinceps
2935 3238 3085 3291 vivas
3112 3247 3167 3291 et
3211 3234 3478 3307 jucunde,

214 3324 371 3379 θένον
410 3327 692 3399 τοιαύτην,
749 3329 892 3382 οὑτω
951 3332 1050 3399 μὲν
1111 3331 1305 3402 καλὴν,
1331 3330 1472 3384 οὑτω
1507 3332 1562 3385 δὲ
1598 3332 1791 3401 γένους

213 3418 314 3471 καὶ
339 3420 695 3489 περιφανείας
727 3418 979 3489 ἔχουσαν.
1013 3421 1077 3476 Ἡ
1100 3422 1155 3475 δὲ
1189 3422 1546 3494 πανεύφημος
1575 3423 1793 3496 ἀληθῶς

215 3510 482 3578 Εὐφημία
516 3512 763 3576 γενναῖόν
788 3530 841 3566 τι
876 3513 973 3567 καὶ
1026 3515 1301 3587 ἀνδρῶδες
1357 3517 1679 3587 ἐμϐλέψασα
1716 3518 1795 3589 τῷ

212 3599 493 3670 τυράννῳ,
519 3596 589 3653 Ὦ
616 3602 765 3674 ψυχὴ
817 3606 1169 3678 κακότεχνος,
1191 3608 1321 3676 ἔφη,
1377 3608 1530 3661 δόλου
1589 3609 1794 3680 δηλαδὴ

212 3690 469 3759 γέμουσα
527 3696 625 3747 καὶ¹
674 3696 903 3764 πικρίας
926 3710 940 3725 °
972 3691 1017 3749 ὦ
1053 3697 1304 3766 δαιμονία
1348 3697 1543 3768 γνώμη
1578 3699 1796 3770 ἀνθρω-

215 3785 385 3838 πείαν
414 3786 536 3856 ὄψιν
575 3789 980 3858 μεμιμημένη,
1027 3789 1088 3842 οὑ
1142 3789 1327 3864 παύσῃ
1358 3793 1487 3845 ποτὲ
1524 3791 1711 3864 ληρῶν
1736 3811 1797 3849 τε

220 3877 321 3931 καὶ
351 3880 684 3950 κακουργῶν
730 3881 1011 3951 ἄπρακτα,
1062 3884 1158 3936 καὶ
1209 3884 1349 3937 κατά
1372 3885 1481 3939 τῶν
1512 3887 1606 3941 τοῦ
1659 3886 1798 3955 Χρι-

220 3970 352 4020 στοῦ
370 3970 570 4022 δούλων
593 3973 795 4041 μυρίας
810 3974 1227 4044 τεκταινόμενος
1249 3976 1346 4038 τὰς
1371 3977 1633 4044 παγίδας;
1654 3978 1798 4047 Ἐγὼ

218 4058 376 4112 θύσω
423 4061 557 4114 ποτὲ
611 4062 831 4135 δαίμοσι
884 4067 980 4118 καὶ
1026 4066 1269 4131 εἰδώλοις
1319 4068 1458 4138 μετὰ
1529 4071 1796 4135 τοσαύτας

221 4151 464 4222 μάλιστα
494 4152 587 4207 τοῦ
635 4156 768 4228 ἐμοῦ
798 4159 1075 4212 Δεσπότου
1125 4160 1225 4222 τὰς
1282 4160 1629 4230 ἀντιλήψειςς
1663 4163 1800 4231 μετὰ

216 4244 321 4315 τὴν
357 4247 423 4300 ὲκ
451 4247 790 4318 τηλικούτων
827 4250 1009 4319 ἔργων
1056 4254 1155 4320 τῆς
1189 4252 1448 4322 ἀληθείας
1481 4252 1797 4319 ἀπόδειξιν;

222 4340 367 4409 μετὰ
410 4341 473 4394 τὸ
503 4343 753 4413 φανερῶς
782 4344 887 4413 ἐμὲ
920 4345 1014 4398 καὶ
1054 4346 1465 4418 ἀναντιρῤήτως
1498 4346 1801 4417 καταισχῦ-

220 4448 315 4485 ναι
348 4431 450 4502 μὲν
481 4432 636 4502 ὑμῶν
662 4436 761 4505 τὴν
784 4435 1126 4504 ἀλαζονείαν,
1147 4438 1444 4508 ἀπελέγξαι
1480 4438 1537 4490 δὲ
1562 4438 1661 4507 τὴν
1692 4439 1803 4493 τῶν

222 4525 591 4594 σεϐασμάτων
629 4527 920 4581 ἀσθένειαν
952 4530 1046 4581 καὶ
1090 4531 1331 4600 μεγάλην
1359 4530 1499 4583 οὑτω
1533 4533 1673 4585 κατά
1703 4534 1803 4603 τῆς

1898 3355 1956 3397 ut
1987 3344 2144 3396 talem
2174 3342 2333 3394 decet
2361 3338 2649 3405 virginem,
2717 3345 2823 3392 tam
2874 3333 3180 3401 pulchram,
3244 3336 3299 3382 et
3364 3339 3474 3382 tam

1895 3433 2096 3488 claram
2116 3442 2332 3501 genere.
2366 3424 2577 3479 Revera
2617 3432 2799 3476 autem
2850 3419 3137 3475 benedicta
3176 3417 3475 3489 Euphemia

1901 3535 2191 3598 tyrannum
2223 3532 2487 3592 generose
2523 3512 2835 3571 etviriliter
2890 3514 3113 3567 intuens
3152 3529 3166 3565 :
3201 3511 3245 3565 0
3298 3510 3473 3575 vafra,

1898 3615 2092 3683 inquit,
2127 3613 2330 3677 anima,
2372 3608 2499 3666 dolo
2535 3607 2692 3678 plena
2731 3613 2787 3659 et
2807 3602 3211 3659 amaritudine!
3245 3600 3288 3655 Ο
3322 3615 3477 3655 mens

1897 3704 2250 3766 daemoniaca,
2282 3702 2572 3754 humanam
2632 3698 2839 3750 imitata
2890 3695 3148 3763 speciem,
3198 3706 3475 3760 nunquam

1899 3794 2137 3853 cessabis
2168 3791 2393 3864 nugari,
2423 3798 2479 3845 et
2504 3787 2707 3842 frustra
2753 3786 3017 3840 scelerata
3052 3785 3193 3837 inire
3225 3782 3473 3844 consilia,

1899 3900 1954 3945 et
1979 3889 2244 3943 adversus
2297 3883 2503 3939 Christi
2555 3894 2745 3936 servos
2782 3878 3007 3947 laqueos
3069 3876 3293 3930 tendere
3318 3873 3479 3926 innu-

1901 3981 2191 4039 merabiles
2224 3977 2382 4046 iEgo
2415 3989 2696 4043 nunquam
2767 3970 3085 4025 saerilicabo
3140 3968 3480 4021 daemonibus

1901 4087 1956 4133 et
2010 4071 2340 4134 simulacris,
2374 4068 2609 4123 maxime
2673 4081 2797 4121 cum
2862 4078 2948 4116 me
3006 4059 3265 4116 Dominus
3319 4058 3481 4113 toties

1901 4166 2226 4230 defenderit,
2261 4178 2384 4218 cum
2427 4170 2536 4214 tam
2567 4158 2756 4213 multis
2788 4154 3049 4224 Operibus
3092 4150 3484 4205 demonstrarit

1902 4260 2208 4318 veritatem,
2239 4268 2362 4307 cum
2394 4260 2501 4304 tam
2527 4258 2716 4319 aperte
2750 4255 2806 4300 et
2840 4246 2976 4301 citra
3025 4243 3187 4295 ullam
3257 4248 3483 4293 contro-

1903 4355 2164 4416 versiam,
2201 4357 2435 4402 vestram
2475 4339 2848 4413 arrogantiam
2881 4337 3148 4392 dedecore
3181 4331 3480 4395 aﬂ'ecerim,

1906 4458 1962 4504 et
1995 4460 2182 4501 eorum
2213 4457 2333 4510 qua:
2356 4438 2558 4499 colitis,
2587 4434 2860 4505 arguerim
2918 4428 3372 4486 imbecillitatem,
3404 4433 3485 4476 at-

1907 4545 2014 4608 que
2038 4535 2299 4590 adversus
2325 4540 2567 4583 errorem
2629 4533 2740 4577 tam
2811 4519 3126 4590 praeclaram
3160 4515 3355 4582 adepta
3381 4512 3483 4566 sim

222 4617 441 4686 πλάνης
478 4616 579 4689 τὴν
614 4620 771 4692 νίκην
814 4621 1088 4691 ἇρασθαι;
1116 4622 1318 4675 Πολλοῦ
1351 4622 1416 4676 ἄν
1443 4640 1526 4677 σοι
1563 4626 1795 4693 γέλωτος

1907 4604 2211 4685 victoriam.
2239 4622 2523 4678 Judicarer
2560 4631 2661 4688 ego
2698 4614 2799 4669 tibi
2858 4612 3020 4684 plane
3072 4606 3328 4671 ridicula,
3402 4604 3486 4657 vel

221 4708 455 4778 lxpionv
486 4709 637 4773 ἀξία,
661 4710 915 4783 δακρύων
939 4710 995 4765 δὲ
1035 4712 1235 4782 μᾶλλον
1268 4715 1421 4784 παρά
1446 4718 1559 4778 τοῖς
1584 4711 1643 4769 εὖ
1669 4732 1803 4786 φρο-

220 4799 381 4855 νοῦσι
418 4802 514 4855 καὶ
549 4802 912 4873 φοϐουμένοις
955 4804 1047 4857 τὸν
1084 4803 1313 4876 Κύριον.
1344 4806 1528 4871 Δύσας
1565 4803 1659 4861 οὖν
1702 4808 1803 4877 τὴν

225 4893 441 4966 σκηνήν
468 4894 565 4947 καὶ⁵
594 4896 685 4947 τὸν
717 4896 979 4965 τεχνητὸν
1034 4900 1175 4967 ἄρνα
1225 4898 1319 4951 καὶ
1359 4898 1457 4968 τὴν
1490 4898 1804 4969 ὲπίχριστον

226 4986 560 5046 ἐπιείκειαν,
576 4985 738 5037 αὑτὸν
754 4988 890 5055 ἡμῖν
920 4985 1009 5038 τὸν
1029 4987 1234 5057 συνήθη
1261 4987 1496 5056 Πρίσκον
1518 4989 1807 5055 ἐπίδειξον,

230 5078 373 5145 μετά
399 5076 496 5145 τῆς
526 5075 682 5144 φίλης
712 5076 997 5147 ὠμότητος
1027 5079 1119 5132 mi.
1151 5078 1246 5132 τοῦ
1281 5078 1547 5148 θράσους·
1574 5080 1807 5135 κάκεῖνα

225 5167 293 5238 δὴ
325 5164 559 5239 πρᾶττε,
606 5169 709 5221 ὅσα
765 5184 850 5221 σοι
908 5168 1049 5221 κατὰ
1097 5168 1324 5239 γνώμην
1374 5170 1493 5222 ἐστὶ
1550 5172 1804 5244 ποιεῖν,ἢ

230 5261 439 5330 μᾶλλον
479 5261 687 5331 ὅσαπερ
751 5263 779 5315 ὁ
837 5260 1164 5326 διδάσκαλός
1218 5279 1311 5315 σου
1370 5264 1465 5315 καὶ
1516 5264 1808 5335 παιδευτὴς

224 5352 479 5415 διάὁολος
511 5352 855 5423 ὑποτίθησιν.

299 5440 404 5494 ιε’.
456 5444 654 5513 Ὀργῆς
687 5443 779 5495 ἐπὶ
829 5442 1044 5506 τούτοις
1084 5446 1111 5497 ὁ
1150 5442 1390 5515 Πρίσκος
1440 5445 1807 5517 ὑποπλησθεὶς

229 5534 504 5609 (ἠλέγχθη
535 5538 643 5605 γὰρ
671 5536 951 5607 ἐν’βραχεῖ
986 5538 1048 5589 τὸ
1078 5538 1470 5608 προσποιητὸν,
1507 5540 1603 5592 καὶ
1637 5539 1807 5593 ἀπέδυ

226 5633 320 5682 τὸν
351 5630 631 5695 κροκωτὸν
657 5633 689 5698 ή
713 5631 900 5700 γαλῆ).
933 5630 1149 5704 passm;
1172 5630 1270 5701 τὴν
1294 5631 1545 5703 μάρτυρα
1567 5631 1807 5704 βαρυτᾶο

228 5742 349 5787 ταις
368 5720 582 5776 κελεύει
603 5720 925 5779 τύπτεσθαι.
960 5722 1113 5775 Ἐπεὶ
1130 5721 1185 5776 δὲ
1206 5723 1566 5795 ραὅδιζομένη
1590 5722 1808 5779 καὶτῶν

301 5906 318 5933 ⁸
354 5904 500 5960 Psal.
529 5919 615 5972 ον,
638 5904 692 5958 2.
769 5902 787 5935 ⁷
826 5900 969 5957 Psal.
1000 5917 1143 5971 xxiv,
1176 5906 1225 5959 7.

1908 4722 2091 4793 potius
2125 4716 2290 4786 digna
2315 4710 2564 4782 lacrymis
2592 4707 2734 4777 apud
2762 4722 2856 4760 eos
2890 4706 2983 4774 qui
3036 4711 3181 4757 recte
3218 4698 3482 4760 sentiunt,

1909 4822 1966 4868 et
2000 4812 2194 4867 timent
2221 4807 2533 4861 Dominum.
2568 4800 2759 4854 Ablata
2785 4813 2914 4871 ergo
2980 4807 3166 4855 scena,
3220 4799 3276 4844 et
3320 4802 3482 4857 agno,

1909 4918 2072 4976 quem
2100 4911 2218 4955 arte
2250 4894 2570 4964 suscepisti,
2626 4901 2680 4947 et
2747 4889 2996 4945 simulata
3032 4880 3484 4941 mansuetudine,

1911 4999 2093 5067 ipsum
2122 4991 2343 5048 solitum
2372 4988 2535 5041 nobis
2564 4985 2811 5039 Priscum
2864 4978 3114 5039 ostende,
3182 4990 3330 5035 cum,
3365 4987 3488 5041 qua:

1908 5066 1994 5144 est
2019 5086 2065 5140 ei
2091 5091 2271 5154 grata,
2300 5078 2504 5135 saevitia
2541 5085 2596 5130 et
2628 5073 2857 5128 audacia
2891 5087 2904 5123 :
2934 5079 2990 5125 et
3050 5068 3139 5121 illa
3201 5066 3312 5124 fac,
3364 5077 3487 5132 qua:

1908 5188 2038 5234 sunt
2070 5176 2166 5231 tibi
2199 5175 2345 5230 cordi
2372 5171 2576 5231 facere,
2632 5176 2727 5221 aut
2786 5162 2989 5235 potius,
3041 5177 3163 5230 quae
3222 5157 3488 5228 magister

1908 5282 1964 5327 et
2013 5278 2314 5341 praeceptor
2334 5273 2459 5318 tuus
2500 5261 2594 5316 tibi
2640 5260 2884 5329 suggerit
2919 5253 3188 5310 diabolus.

1976 5448 2094 5505 XV.
2125 5447 2342 5504 Priscus
2380 5451 2605 5513 prepter
2652 5439 2767 5493 haec
2858 5436 2934 5489 ira
2991 5431 3233 5502 repletus
3308 5427 3482 5498 (brevi

1907 5543 2051 5598 enim
2100 5538 2444 5609 deprehensa
2500 5535 2604 5589 fuit
2676 5528 2968 5591 simulatio,
3040 5534 3094 5578 et
3142 5522 3267 5577 felis
3330 5518 3499 5574 exuit

1909 5632 2215 5700 crocoton),
2237 5630 2391 5699 jubet
2416 5635 2709 5696 martyrem
2734 5620 2900 5691 virgis
2959 5614 3238 5670 verberari
3270 5610 3485 5681 gravis-

1911 5724 2085 5784 simis.
2118 5699 2252 5778 Cttm
2279 5729 2458 5776 autem
2494 5715 2658 5788 virgis
2688 5728 2849 5779 caesa,
2917 5707 3102 5778 plagas
3150 5702 3311 5760 simul
3353 5699 3479 5756 irri-
