4150 6480
691 420 787 483 731

1916 431 2198 492 MENSIS
2239 431 2715 503 SEPTEMBER.

3838 461 3945 523 732

690 537 845 590 deret
883 540 936 588 et
971 541 1283 603 tyrannum,
1322 533 1366 588 is
1403 533 1469 588 ad
1503 532 1764 603 majorem
1817 534 1948 589 iram
1979 552 2263 603 accensus,

2374 543 2597 613 πληγῶν
2655 547 2770 617 ἅμα
2830 551 3047 606 καὶτοῦ
3083 555 3345 620 τυράννου
3395 567 3760 632 κατεμωκᾶτο
3806 572 3944 640 πρὸς

692 624 944 693 proponit
977 625 1197 692 quidem
1239 639 1420 680 serras
1451 637 1659 689 acutas,
1723 635 1778 680 et
1833 628 2034 681 ferreas
2087 638 2262 681 sarta-

690 716 844 784 gines
872 717 883 770 ι
917 714 1080 770 Jubet
1114 726 1295 770 autem
1326 717 1487 771 ferris
1519 718 1734 786 quidem
1771 719 1823 771 in
1883 718 2018 772 duas
2081 731 2263 788 partes

690 809 862 863 secari
893 823 1093 878 corpus
1123 810 1398 879 martyris,
1435 811 1799 881 sartagiuibus
1832 827 1963 866 vero
1994 812 2264 866 dissectas

690 917 884 956 carnes
917 903 1076 956 valde
1099 903 1351 970 eliquari,
1383 913 1438 956 ut
1468 919 1636 972 usque
1667 904 1733 958 ad
1774 904 1886 973 ipsa
1916 920 2038 958 ossa
2067 904 2264 956 dissol-

691 1003 950 1048 verentur
978 994 1030 1045 in
1072 994 1335 1047 cinerem.
1367 993 1501 1048 Cum
1561 1005 1740 1048 autem
1797 1011 1961 1049 serrae
2031 995 2266 1049 adduce-

692 1097 884 1141 rentur
912 1087 976 1140 ad
1015 1101 1212 1155 corpus
1239 1086 1524 1156 virginale,
1561 1088 1790 1155 perinde
1819 1099 1981 1156 atque
2037 1088 2081 1141 si
2131 1089 2264 1142 ada-

692 1173 987 1227 mantinam
1017 1174 1255 1242 aliquam
1297 1183 1582 1243 tangerent
1649 1177 1954 1238 materiam,
2015 1178 2093 1232 eis
2139 1182 2262 1247 qui-

689 1265 808 1319 dem
845 1264 1247 1318 obtundebatur
1273 1263 1440 1323 acies.
1473 1273 1526 1316 et
1554 1264 1775 1317 secandi
1854 1265 1902 1317 vi
1968 1267 2261 1335 privaban-

692 1367 814 1420 tur;
853 1356 994 1425 ignis
1031 1364 1211 1408 autem
1244 1356 1720 1423 exstinguebatur,
1795 1365 1848 1409 et
1907 1369 2109 1428 martyr
2140 1374 2265 1413 con-

690 1446 1212 1501 servabaturillaesa.
1253 1445 1358 1499 Sed
1392 1445 1523 1513 quid
1556 1447 1669 1498 hzec
1717 1447 1783 1500 ad
1846 1448 2106 1511 animam,
2143 1465 2263 1518 quae

688 1547 773 1590 est
796 1553 894 1592 sua
920 1546 1115 1605 sponte
1147 1536 1335 1598 surda,
1371 1545 1426 1589 et
1482 1552 1588 1588 non
1657 1547 1835 1606 potest
1891 1540 2055 1592 ullam
2119 1543 2262 1610 piam

691 1631 972 1700 suscipere
1004 1629 1396 1698 cogitationem
1432 1629 1453 1682 ?
1495 1628 1703 1683 Etenim
1749 1646 1871 1684 cum
1907 1632 2020 1684 haec
2050 1632 2260 1697 ﬁerent,

691 1725 909 1778 Priscus
948 1722 1089 1775 idem
1125 1737 1248 1775 esse
1282 1723 1540 1790 pergebat
1573 1732 1627 1774 et
1656 1737 1762 1774 non
1797 1723 2046 1776 cessabat
2074 1723 2263 1777 adver-

687 1831 781 1872 sus
819 1816 983 1869 Deum
1010 1813 1208 1866 bellum
1244 1828 1454 1880 gerere.
1489 1814 1618 1864 Nam
1650 1812 1737 1865 lux
1766 1828 2004 1881 quoque,
2032 1829 2150 1882 qua:
2180 1825 2264 1869 est

689 1908 864 1961 amica
902 1906 1177 1961 omnibus.
1216 1920 1323 1956 non
1364 1911 1445 1958 est
1479 1904 1676 1966 amica,
1712 1906 1805 1958 sed
1842 1905 2060 1960 inimica
2107 1909 2263 1977 aegris

685 1999 876 2054 oculis.
912 1997 1273 2062 Quamobrem
1309 2011 1500 2048 rursus
1539 1996 1790 2064 producit
1817 1997 1868 2048 in
1903 1999 2136 2051 stadium
2175 2001 2265 2052 be-

688 2089 955 2149 nedictam
974 2087 1350 2156 Euphemiam,
1370 2086 1586 2152 etjuhet
1605 2102 1720 2139 eam
1740 2088 2017 2141 decertare
2037 2105 2156 2142 cum
2177 2092 2266 2148 be-

687 2182 828 2236 stiis.
865 2182 956 2234 llla
1003 2191 1208 2242 autem,
1251 2187 1309 2231 ut
1338 2195 1456 2247 quae
1482 2179 1624 2246 quod
1665 2196 1772 2232 non
1815 2181 1978 2237 citius
2009 2183 2074 2235 ad
2107 2198 2263 2236 suum

691 2290 952 2345 sponsum
981 2273 1292 2335 excederet,
1358 2271 1451 2324 sed
1512 2272 1724 2324 Vincula
1783 2274 2030 2341 corporis
2091 2276 2265 2329 adhuc

689 2366 878 2426 ferret,
915 2379 1055 2430 aegre
1085 2363 1286 2423 ferens,
1327 2375 1521 2413 manus
1573 2361 1756 2420 simul.
1800 2372 1854 2414 et
1896 2372 2156 2425 mentem,
2214 2377 2266 2417 et

687 2458 877 2510 oculos
913 2456 1106 2508 tollens
1136 2454 1200 2505 ad
1222 2453 1500 2505 Christum
1536 2471 1547 2504 :
1605 2454 1852 2513 Domine.
1911 2456 2109 2524 inquit,
2146 2471 2265 2510 om-

689 2550 772 2600 nis
808 2546 1165 2614 principatus,
1218 2543 1506 2597 ostendisti
1576 2543 1629 2596 in
1684 2561 1771 2598 me
1813 2554 1958 2599 tuam
2011 2548 2264 2603 invictam

688 2641 1010 2708 potentiam,
1045 2647 1099 2690 et
1142 2636 1424 2689 dexteram
1480 2636 1953 2704 inexpugnabilem
1988 2657 2002 2704 ;
2043 2643 2262 2710 arguisli

686 2733 992 2786 daemonum
1050 2727 1499 2790 imbecillitatem,
1547 2735 1898 2795 tyrannorum
1940 2734 2262 2799 amentiam;

688 2837 776 2875 me
811 2820 1094 2874 tormentis
1130 2828 1181 2871 et
1221 2819 1388 2887 plagis
1445 2818 1671 2873 eﬂecisti
1725 2821 2044 2884 fortiorem;
2122 2842 2268 2883 nunc

690 2928 908 2981 quoque
968 2914 1110 2964 sicut
1171 2925 1358 2963 eorum
1435 2910 1528 2978 qui
1572 2924 1998 2978 praecesserunt,
2062 2918 2266 2970 eadem

692 3002 978 3070 suscepisti
1006 3010 1059 3056 et
1100 3002 1445 3070 sanguinem,
1517 3017 1696 3054 meum
1759 3018 1975 3071 quoque
2051 3009 2269 3077 suscipe

690 3095 1015 3150 sacriﬁcium
1047 3093 1309 3146 inanima
1345 3091 1585 3148 contrita
1627 3093 1723 3148 tibi
1779 3095 2042 3161 oblatum,
2111 3109 2166 3153 et
2213 3101 2266 3154 in

2370 634 2588 732 πλείονα
2615 641 2714 710 τὴν
2737 642 2906 714 ὀργὴν
2936 639 3092 710 οὗτος
3129 651 3543 723 ἁνακαιόμενος,
3578 660 3810 726 πρίονας
3841 634 3942 732 μὲν

2369 728 2695 800 προτίθησιν
2748 735 2910 801 ὀξεῖς,
2950 740 3044 790 καὶ
3106 741 3296 811 σιδηρᾶ
3344 752 3581 813 τήγανα.
3618 728 3853 806 Κελεύει
3887 756 3944 806 δὲ

2367 820 2479 880 τοῖς
2508 820 2605 890 μὲν
2634 825 2818 891 πρίοσι
2865 828 3170 899 διχοτομεῖν
3207 834 3263 886 τὺ
3296 836 3452 904 σῶμα
3501 843 3599 908 τῆς
3637 843 3943 911 μάρτυρος,

2368 914 2480 972 τοῖς
2509 914 2766 983 τηγάνοις
2795 917 2849 971 δὲ
2881 919 2948 972 τὰ
2989 921 3424 995 διχοτομούμενα
3447 931 3556 981 τῶν
3603 935 3828 1001 σαρκῶν
3856 937 3946 988 ἑκ-

2365 1003 2553 1070 τήκειν
2583 1007 2726 1072 μάλα
2764 1011 3031 1080 σφοδρῶς,
3051 1013 3124 1076 ὡς
3155 1017 3337 1079 αὐτοῖς
3370 1019 3583 1083 ὀστέοις
3621 1026 3704 1087 εἰς
3746 1027 3942 1081 omam

2370 1093 2607 1151 λύεσθαι.
2643 1101 2799 1152 Ἐπεὶ
2844 1101 2899 1154 δὲ
2957 1107 3005 1156 ot
3048 1107 3268 1176 πρίονες
3301 1111 3379 1179 τῷ
3433 1114 3750 1184 παρθενικῷ
3808 1119 3942 1186 ἐπή-

2366 1205 2523 1256 γοντο
2560 1193 2795 1260 σώματι,
2822 1191 2908 1246 οἷα
2948 1195 3006 1261 δή
3035 1213 3180 1261 τινος
3209 1200 3589 1272 ἀδαμαντίνης
3640 1208 3942 1276 ἁπτόμενοι

2367 1281 2600 1347 φύσεως,
2623 1283 2775 1334 αὐτοὶ
2808 1285 2906 1353 μὲν
2939 1287 3280 1354 ἡμϐλύνοντο
3304 1293 3400 1352 τὰς
3442 1296 3764 1360 ἀκ;ιᾶς,κα“ι
3800 1299 3944 1368 ἀφη-

2369 1373 2556 1441 ροῦντο
2588 1375 2686 1443 τὴν
2707 1379 2978 1448 τμητικὴν
3009 1378 3271 1450 δύναμιν·
3305 1385 3362 1435 τὸ
3392 1384 3501 1454 πῦρ
3533 1386 3586 1437 δὲ
3626 1388 3938 1445 ἐσϐέννυτο,

2366 1471 2460 1522 καὶ
2515 1472 2545 1539 ἡ
2591 1471 2799 1542 μάρτυς
2831 1473 3049 1542 ἀπαθὴς
3115 1476 3425 1540 διεσώζετο.
3490 1482 3651 1533 Ἀλλά
3685 1485 3738 1532 τί
3772 1483 3942 1535 ταῦτα

2365 1561 2499 1630 πρὸς
2529 1564 2974 1632 ὲθελοκωφοῦσαν
3004 1568 3202 1635 ψυχὴν,
3225 1572 3317 1620 καὶ
3362 1571 3598 1634 διανοίας
3638 1576 3820 1638 πάσης
3855 1575 3940 1624 εὑ-

2367 1653 2556 1715 σεῦοῦς
2595 1655 3003 1724 ἀπαράδεκτον;
3038 1659 3146 1708 Kal.
3192 1661 3395 1712 τούτων
3437 1664 3542 1730 γὰρ
3617 1666 3938 1731 γινομένω-ιι,

2365 1747 2391 1798 ὁ
2421 1746 2656 1813 Πρίσκος
2690 1747 2768 1800 ἔτι
2808 1749 2913 1800 τῶν
2951 1751 3130 1802 αὐτῶν
3179 1753 3370 1819 εἴχετο,
3405 1757 3493 1806 καὶ
3525 1755 3612 1807 τοῦ
3651 1756 3944 1825 θεομαχεῖν

2369 1837 2465 1887 οὐκ
2495 1837 2779 1904 ἀφίστατο.
2829 1839 2978 1891 Ἐπεὶ
3010 1842 3100 1893 καὶ
3133 1844 3191 1894 τὸ
3216 1844 3366 1910 φίλον
3394 1847 3524 1897 πᾶσι
3555 1847 3667 1912 φῶς
3695 1847 3942 1899 νοσοῦσιν

2367 1925 2658 1995 ὀφθαλμοῖς
2689 1930 2748 1979 οὗ
2785 1929 2954 1996 φίλον,
3002 1934 3134 1985 ἀλλὰ
3185 1936 3458 2002 πολέμιον.
3521 1937 3683 1989 ’Ὅθεν
3740 1941 3816 2001 εἰς
3886 1941 3945 1990 τὸ

2370 2018 2582 2067 στάδιον
2611 2018 2770 2070 πάλιν
2797 2019 2892 2089 τὴν
2917 2022 3273 2091 πανεύφημον
3308 2026 3454 2091 ἄγει,
3478 2029 3572 2086 ,καλ
3600 2030 3734 2096 πρὸς
3777 2029 3942 2098 θηρία

2369 2105 2666 2160 πυκτεῦσαι
2703 2109 3091 2163 διακελεύεται.
3130 2110 3195 2163 Ἢ
3218 2113 3293 2178 δὲ,
3320 2113 3507 2184 ὥσπερ
3537 2116 3612 2184 τῷ
3645 2117 3718 2183 μὴ
3761 2118 3943 2185 τάχιον

2367 2196 2672 2266 ἐκδημῆσαι
2697 2201 2831 2269 πρὸς
2868 2201 2956 2254 τὸν
3008 2204 3176 2270 αὐτῆς
3229 2206 3480 2274 νυμφίον,
3514 2206 3646 2257 ἀλλὰ
3674 2208 3741 2257 τα
3771 2208 3943 2270 δεσμὰ

2366 2287 2460 2338 τοῦ
2493 2288 2740 2358 σώματος
2772 2291 2847 2343 ἔτι
2877 2293 3060 2362 φέρειν
3094 2295 3458 2364 βαρυνομένη,
3483 2300 3671 2367 χεῖρας
3697 2300 3816 2366 ἅμα
3850 2300 3943 2349 καὶ

2370 2379 2570 2447 φρένας
2599 2384 2690 2432 καὶ
2729 2382 2950 2452 ὖμματα
2981 2385 3114 2453 πρὸς
3148 2386 3378 2452 Χριστὸν
3437 2387 3636 2456 ἄρασα,
3670 2390 3944 2454 Δέσποτα,

2370 2471 2493 2538 ἔφη,
2519 2472 2610 2523 καὶ
2637 2471 2804 2541 Κύριε
2830 2474 3008 2542 πάσης
3041 2474 3232 2543 ἀρχῆς,
3258 2474 3462 2538 ἔδειξας
3490 2478 3545 2527 ἐν
3572 2478 3696 2545 ἐμοὶ⁵
3716 2480 3817 2544 τὴν
3849 2480 3944 2544 σὴν

2368 2562 2636 2631 ἀήττητόν
2687 2580 2742 2615 τε
2775 2565 2866 2616 καὶ
2899 2563 3110 2632 ἄμαχον
3167 2565 3343 2628 δεξιάν
3366 2582 3377 2594 ·
3407 2567 3636 2636 ἤλεγξας
3669 2569 3943 2637 δαιμόνων

2368 2655 2670 2718 ἀσθένειαν,
2725 2656 3078 2724 ἰσχυροτέραν
3133 2659 3228 2724 ἐμὲ
3283 2658 3528 2726 βασάνων
3576 2660 3669 2710 καὶ
3721 2660 3944 2727 πληγῶν

2373 2745 2789 2817 παρεσκεύασας
2813 2763 2823 2774 ·
2869 2747 2960 2797 καὶ
2991 2745 3082 2797 νῦν
3113 2745 3185 2809 ὡς
3223 2748 3527 2817 προσεδέξω
3558 2749 3665 2800 τῶν
3706 2750 3947 2818 φθασάν-

2369 2855 2475 2893 των
2511 2841 2610 2910 ἤδη
2643 2841 2934 2910 μαρτύρων
2967 2840 3063 2900 τὰς
3106 2841 3320 2908 σφαγὰς
3352 2843 3444 2893 καὶ
3491 2842 3558 2894 τὰ
3592 2843 3826 2911 αἵματα,
3852 2843 3946 2894 καὶ

2369 2931 2463 3001 τὴν
2500 2931 2638 3000 ἐμὴν
2666 2931 2956 3000 προσδεξαι
2989 2929 3199 2992 θυσίαν,
3227 2930 3282 2981 ὲν
3321 2930 3466 3000 ψυχῇ
3499 2932 3941 2999 συντετριμμένῃ

2372 3024 2464 3074 καὶ
2505 3023 2772 3092 πνεύματι
2803 3020 3183 3081 ταπεινώσεως
3216 3038 3297 3071 σοι
3343 3022 3822 3091 προσφερομένην,
3848 3022 3944 3072 καὶ

2374 3117 2596 3184 σκηναῖς
2624 3114 2793 3182 ἁγίων
2819 3115 2907 3166 καὶ
2941 3113 3233 3184 μαρτύρων
3263 3117 3438 3182 χοροῖς
3469 3114 3565 3185 τὴν
3588 3114 3728 3186 ἐμὴν
3768 3114 3944 3182 ψυχὴν

692 3188 889 3256 spiritu
925 3186 1251 3240 humilitatis
1285 3203 1298 3253 ;
1327 3195 1378 3239 et
1416 3186 1472 3238 in
1532 3186 1900 3242 tabernaculis
1957 3201 2267 3246 sanctorum

2376 3207 2694 3277 προσλαϐὼν
2745 3208 3094 3259 ἀνάπαυσον
3129 3206 3208 3259 ὅτι
3260 3197 3547 3276 ἒύλογητὸς
3602 3203 3655 3260 εἴ
3702 3209 3783 3269 εἰς
3820 3206 3944 3266 τοὺς

690 3288 745 3334 et
779 3278 962 3333 choris
1003 3286 1301 3347 martyrum
1332 3293 1509 3332 meam
1565 3292 1842 3349 acceptam
1908 3283 2140 3336 animam
2184 3285 2268 3340 fac

691 3370 1052 3441 requiescere,
1103 3369 1359 3438 quoniam
1386 3384 1446 3424 es
1505 3369 1826 3426 benedictus
1870 3373 1922 3426 in
1960 3376 2179 3428 saecula.

765 3461 906 3516 XVI.
955 3459 1031 3514 Ea
1090 3462 1169 3515 sic
1226 3472 1511 3531 precante,
1572 3465 1629 3517 iu
1700 3465 1871 3535 ipsam
1903 3467 2272 3522 immittuntur

692 3565 930 3625 quatuor
963 3557 1172 3619 leones,
1209 3566 1260 3610 et
1293 3565 1401 3609 tres
1434 3572 1598 3610 ιιι-θαι.
1636 3557 1767 3621 Quae
1799 3546 2016 3613 divisim
2053 3572 2108 3615 et
2146 3579 2271 3632 pre-

692 3663 785 3701 ces
818 3647 962 3698 illius
1012 3647 1295 3700 exauditas
1329 3647 1520 3713 fuisse,
1562 3658 1617 3701 et
1654 3664 1907 3718 magnum
1961 3668 1989 3702 a
2050 3655 2155 3707 Deo
2192 3657 2273 3708 fa-

691 3750 839 3794 ctum
876 3738 930 3790 iu
962 3753 1022 3792 ea
1046 3738 1363 3793 miraculum
1396 3740 1925 3795 ostenderunt.Nam
1951 3743 2133 3798 leones
2152 3747 2273 3813 qui-

691 3832 814 3886 dem
840 3830 1032 3884 etduaa
1065 3845 1224 3894 ursze,
1256 3841 1414 3883 caute
1445 3832 1608 3884 simul
1641 3843 2028 3890 etreverenter
2060 3841 2123 3892 ad
2153 3817 2277 3892 eam

693 3923 1040 3987 accedentes,
1077 3923 1289 3991 plautas
1317 3923 1438 3990 ejus
1463 3924 1659 3992 pedum
1709 3927 1946 3979 humane
1996 3930 2276 3983 deoscula-

697 4017 897 4069 hantur
927 4034 940 4076 ;
983 4015 1144 4067 tertia
1168 4031 1297 4068 vero
1325 4031 1390 4068 ex
1432 4016 1595 4080 ursis,
1655 4032 1780 4070 cum
1832 4032 2024 4086 parum
2056 4021 2272 4088 quidem

697 4105 1083 4160 momordisset
1123 4105 1498 4166 carunculam,
1536 4106 1730 4160 vulnus
1787 4108 2006 4176 quidem
2064 4126 2276 4179 nequa-

695 4211 859 4265 quam
892 4195 1042 4259 fecit,
1080 4195 1182 4248 fuit
1215 4205 1397 4249 tamen
1429 4197 1648 4249 occasio
1675 4198 1793 4265 ejus
1839 4199 1905 4251 ad
1950 4200 2117 4253 Deum
2178 4203 2276 4256 de-

699 4301 888 4341 cessus
918 4298 1070 4341 sexto
1098 4287 1311 4340 decimo
1336 4287 1695 4354 Septembris.
1745 4286 1855 4342 Vox
1887 4299 2066 4344 autem
2105 4307 2134 4346 e
2167 4308 2276 4348 caa-

699 4383 762 4434 lis
795 4397 1077 4443 resonans,
1106 4380 1481 4433 admirabilem
1538 4381 1762 4436 vocabat
1820 4383 2176 4450 Euphemiam
2209 4389 2274 4441 ad

697 4472 878 4526 divina
908 4471 1256 4524 tabernacula
1293 4488 1307 4522 :
1343 4479 1598 4532 Accurre,
1633 4470 1843 4535 dicens,
1893 4474 1959 4527 ad
2025 4476 2265 4530 datorem

2369 3301 2595 3360 αἰῶνας.

2444 3475 2560 3544 ις’.
2587 3475 2744 3529 Οὕτω
2773 3476 3234 3546 προσευχομένης,
3262 3475 3584 3543 ὲπαφίενται
3614 3472 3792 3544 ταύτῃ
3820 3472 3946 3523 τέσ-

2374 3585 2539 3641 σαρες
2571 3571 2669 3639 μὲν
2706 3568 2937 3633 λέοντες,
2966 3569 3156 3640 ἀρκτοι
3193 3569 3249 3622 δὲ
3274 3571 3440 3640 τρεῖς.
3469 3568 3789 3639 Περίζονται
3819 3564 3948 3633 γοῦν

2371 3665 2441 3716 τὰ
2471 3664 2633 3732 Θηρία
2663 3665 2762 3734 τὴν
2802 3663 2965 3732 εὐχήν
2998 3680 3056 3715 τε
3088 3663 3202 3732 ἅμα
3241 3663 3334 3715 καὶ
3364 3662 3425 3715 τὸ
3463 3662 3648 3730 θαῦμα
3678 3660 3779 3727 τῆς
3810 3660 3949 3727 μάρ-

2374 3770 2553 3822 τυρος·
2603 3757 2694 3806 καὶ
2729 3756 2778 3805 οἱ
2836 3756 2932 3823 μὲν
2979 3753 3185 3814 λέοντες
3237 3753 3465 3805 καὶτῶν
3515 3754 3732 3822 ἄρκτων
3769 3753 3824 3804 αἱ
3856 3751 3946 3805 δύο

2376 3844 2617 3907 εὐλαϐῶς
2677 3843 2793 3914 ἅμα
2829 3846 2919 3897 καὶ
2962 3844 3340 3913 πεφεισμένως
3386 3843 3676 3909 ὲγγίσασαι
3709 3841 3778 3898 τὰ
3826 3843 3943 3911 ίχνη

2374 3935 2576 4005 ταύτης
2597 3934 2955 4004 ἀνθρωπικῶς
2991 3935 3335 4003 κατεφίλουνο
3362 3935 3458 4003 μία
3497 3933 3552 3986 δὲ
3583 3933 3690 3985 τῶν
3729 3933 3944 4002 ἄρκτων

2377 4028 2677 4081 ἐνδακοῦσὰ
2739 4045 2842 4079 που
2888 4028 2980 4080 τοῦ
3012 4027 3260 4096 σαρκίου,
3300 4026 3511 4095 πληγὴν
3557 4027 3652 4095 μὲν
3697 4026 3948 4093 ἐνέτεμεν

2377 4121 2647 4188 οὐδαμῶς,
2677 4123 2898 4192 ἀφορμὴ
2952 4123 3007 4174 δὲ
3057 4123 3206 4191 ὅμως
3256 4119 3444 4189 γέγονε
3490 4118 3587 4188 τῆς
3639 4115 3777 4187 πρὸς
3820 4117 3952 4168 Θεὸν

2380 4212 2548 4284 αὐτῆς
2577 4214 2861 4281 ἐκδημίας,
2887 4216 3053 4285 ἕκτην
3093 4216 3185 4267 ἐπὶ
3210 4214 3413 4282 δεκάτῃ
3432 4210 3547 4265 τότε
3583 4210 3678 4262 τοῦ
3704 4211 3951 4278 Σεπτεμ-

2379 4305 2533 4376 ϐρίου
2587 4303 2754 4375 μηνὸς
2811 4307 3054 4370 ἄγοντος.
3118 4307 3271 4374 Φωνὴ
3337 4304 3630 4374 οὐρανόθεν
3703 4304 3950 4369 ἀπηχου·

2384 4401 2518 4467 μένη
2539 4400 2636 4468 τὴν
2667 4397 2985 4466 θαυμαστὴν
3009 4395 3190 4450 ἐκάλει
3237 4398 3373 4468 πρὸς
3428 4395 3525 4457 τὰς
3565 4393 3714 4457 θείας
3779 4391 3947 4453 αὐλὰς

2383 4490 2692 4559 Εὑφημίαν,
2711 4489 3031 4559 Ἀνάδραμε,
3056 4487 3306 4558 λέγουσα,
3338 4487 3470 4558 πρὸς
3493 4487 3582 4539 τὸν
3607 4486 3949 4552 «caeca/nm.

701 4576 1047 4624 coronarum,
1105 4575 1225 4627 qua:
1278 4559 1564 4627 pulchrum
1626 4571 1900 4615 certamen
1961 4564 2272 4630 decerlasti,

2381 4585 2412 4653 ἠ
2451 4583 2538 4635 τὸν
2572 4582 2736 4634 καλὸν
2777 4582 2962 4650 ἀγῶνα
2994 4582 3342 4650 ἠγωνισμένη
3371 4581 3465 4632 καὶ
3499 4581 3587 4630 τὸν
3614 4578 3819 4645 δρόμον
3851 4577 3946 4646 ήδη

701 4663 753 4707 et
777 4652 887 4721 jam
928 4666 1148 4709 cursum
1205 4651 1508 4718 perfer-isti,
1569 4665 1858 4720 acceptura
1903 4658 2122 4723 praemia
2162 4669 2280 4712 tuo-

704 4759 824 4797 rum
859 4743 1243 4796 certaminum.
1295 4740 1439 4795 Voce
1471 4741 1649 4795 adhuc
1690 4754 2002 4807 resonante,
2057 4763 2282 4818 magnus

706 4843 1046 4888 terraamotus
1071 4836 1468 4902 conquassabat
1498 4837 1798 4904 civitatem,
1819 4849 1871 4893 et
1900 4842 2091 4910 magis,
2122 4858 2282 4910 quant

709 4925 841 4979 ullas
871 4943 955 4979 res
979 4938 1215 4990 creatas,
1248 4929 1413 4980 corda
1476 4946 1665 4982 eorum
1734 4933 1823 4998 qui
1885 4934 2279 4989 inhabitabant.

706 5016 859 5071 Unde
891 5020 1052 5069 etiam
1083 5019 1226 5072 illius
1259 5032 1513 5087 parentes
1571 5023 1991 5090 oportunitatem
2048 5027 2190 5079 nacti
2232 5038 2285 5080 et

709 5117 1061 5178 potestatem,
1099 5123 1207 5159 ttOu
1239 5110 1458 5173 ﬂentes,
1490 5111 1585 5164 sed
1644 5113 1914 5176 lmtautes,
1972 5114 2103 5168 illud
2145 5130 2286 5166 mar-

707 5205 935 5270 tyricum
963 5209 1017 5254 et
1055 5201 1357 5268 pretiosum
1389 5220 1609 5272 corpus,
1632 5220 1738 5257 non
1763 5206 1990 5259 aliorum
2013 5209 2282 5272 manibus,
2348 5225 2350 5227 ‘

708 5297 803 5348 sed
842 5296 957 5348 suis
983 5296 1296 5356 credentes,
1334 5294 1384 5344 in
1420 5296 1539 5349 loco
1595 5299 1830 5366 quodam
1874 5315 1980 5351 non
2047 5301 2282 5366 procul'a

709 5387 930 5441 civitate
953 5387 1318 5448 Chalcedone,
1352 5386 1647 5442 honoriﬁce
1674 5390 1840 5444 simul
1873 5400 1926 5444 et
1996 5390 2081 5457 pie
2132 5406 2286 5458 sepe-

713 5479 917 5532 lierunt
945 5493 960 5529 :
995 5480 1277 5544 pulchram
1319 5480 1653 5549 accipientes
1675 5484 1979 5538 mercedem
2008 5483 2127 5551 ejus
2163 5486 2288 5538 edu-

713 5571 965 5635 rationis,
999 5573 1140 5638 quod
1176 5572 1488 5628 dicerentur
1520 5584 1704 5644 patres
1733 5575 1851 5628 talis
1881 5576 2024 5635 lilite.
2081 5586 2137 5630 et
2191 5578 2288 5630 da—

719 5675 840 5718 rent
862 5666 972 5718 Deo
999 5665 1265 5724 fructum,
1299 5665 1684 5720 benedictione
1713 5673 1765 5719 et
1792 5666 2066 5721 oblatione
2097 5668 2287 5737 quavis

718 5755 1385 5818 sacratiorem.Quoniam
1445 5772 1566 5811 eum
1629 5759 1789 5812 decet
1861 5760 2034 5813 omnis
2091 5762 2283 5825 honor,

720 5849 888 5922 gloria
922 5858 975 5903 et
1001 5849 1244 5903 adoralio
1283 5848 1331 5901 in
1368 5853 1583 5907 saecula.
1617 5853 1809 5907 Amen.

2381 4673 2669 4736 τελέσασα,
2699 4674 2768 4724 τὰ
2799 4671 2907 4724 τῶν
2939 4669 3165 4738 ἀγώνων
3192 4671 3330 4736 γέρα
3363 4685 3454 4720 σου
3502 4667 3806 4737 ληψομένη.
3835 4666 3952 4717 Ἔτι

2382 4764 2482 4832 τῆς
2509 4764 2692 4830 φωνῆς
2723 4764 2856 4829 ἠχου
2869 4760 3058 4828 μένης,
3082 4762 3173 4810 καὶ
3215 4760 3438 4828 σεισμὸς
3464 4760 3635 4827 μέγας
3665 4758 3838 4809 ὲδόνει
3859 4756 3954 4821 τὴν

2385 4853 2561 4916 πόλιν,
2588 4850 2678 4902 καὶ
2716 4849 2915 4919 μᾶλλον
2945 4849 2977 4919 ἢ
3008 4848 3076 4900 τὰ
3109 4847 3385 4914 κτίσματα
3435 4849 3531 4911 τὰς
3568 4845 3798 4917 καρδίας
3851 4845 3954 4898 τῶν

2385 4941 2804 4997 κατοικούντων.
2829 4941 2994 4992 ’Ὅθεν
3017 4942 3111 4992 καὶ
3134 4941 3182 4991 ot
3209 4941 3306 5008 τῆς
3326 4939 3578 5006 γενναίας
3603 4939 3809 5007 ταύτης
3834 4954 3955 5006 γεν-

2384 5040 2628 5105 νήτορες,
2656 5029 2743 5086 οἷα
2775 5033 2969 5102 καιροῦ
3015 5035 3110 5084 καὶ
3157 5032 3340 5093 ἀδείας
3386 5031 3804 5098 ἐπειλημμένοι,
3845 5030 3955 5080 οὔτι

2386 5128 2682 5192 κλαίοντες,
2736 5127 2871 5178 ἀλλὰ
2932 5126 3239 5195 χαίροντες,
3281 5126 3340 5178 τὸ
3392 5121 3728 5194 μαρτυρικὺν
3785 5125 3958 5174 ἐκεῖνο

2387 5222 2480 5273 καὶ
2505 5220 2798 5288 πολύτιμον
2838 5221 3002 5289 σῶμα
3035 5221 3222 5289 χερσὶν
3274 5218 3373 5270 οὐκ
3423 5216 3598 5270 ἄλλων
3644 5216 3786 5268 ἀλλὰ
3846 5219 3958 5277 ταῖς

2386 5312 2613 5374 οἰκείαις
2649 5313 3057 5376 πιστεύσαντες,
3081 5313 3139 5362 ὲν
3179 5309 3326 5379 τόπῳ
3364 5315 3472 5360 τινὶ
3506 5309 3565 5358 οὐ
3603 5308 3828 5377 μακρὰν
3853 5309 3957 5359 δντι

2387 5406 2482 5474 τῆς
2518 5405 2724 5465 πόλεως
2770 5403 3112 5472 Χαλκηδόνος
3145 5402 3382 5469 ἐντίμως
3430 5398 3545 5467 ἅμα
3577 5400 3671 5450 καὶ
3719 5400 3956 5457 εὑλαϐως

2389 5495 2790 5560 κατατίθενται,
2841 5497 2982 5549 καλὰ
3013 5495 3235 5567 τροφεῖα
3264 5491 3465 5567 ταύτης
3501 5493 3882 5567 ἀπολαβόντεςέ
3905 5489 3960 5567 τὲ

2390 5567 2578 5628 παιδὸς
2610 5568 2863 5634 τοιαύτης
2916 5562 3150 5618 ἀκοῦσαι
3182 5566 3416 5631 πατέρες
3477 5565 3569 5613 καὶ
3616 5562 3804 5614 δοῦναι
3850 5562 3960 5626 Θεῷ

2394 5655 2603 5724 καρπὸν
2645 5656 2914 5725 εὐλογίας,
2947 5655 3040 5707 καὶ
3070 5655 3250 5723 πάσης
3283 5654 3597 5724 προσφορᾶς
3645 5652 3956 5719 ίερώτατον,

2391 5753 2469 5803 ὃτι
2513 5751 2659 5819 αὐτῷ
2704 5751 2904 5821 πρέπει
2943 5750 3090 5802 πᾶσα
3120 5749 3265 5815 δόξα,
3295 5748 3426 5819 τιμὴ
3462 5751 3555 5799 καὶ
3593 5743 3957 5813 προσκύνησις

2394 5850 2471 5910 εἰς
2497 5845 2620 5910 τοὺς
2656 5847 2873 5909 αἰῶνας.
2906 5848 3094 5916 Ἀμήν.
