4150 6480
184 463 296 528 733

1022 461 1489 525 manarum
1530 462 1590 524 s.
1632 460 2017 525 mormur
2057 443 2152 523 ΕΤ
2194 461 2599 527 SOCIORUM.

1663 620 1903 637 ‘I—o

3315 464 3418 528 ’131

801 768 1430 863 ΜΑΡΤΥΡΙΟΝ
1500 772 1729 859 ΤΩΝ
1799 770 2136 860 ΑΓΙΩΝ
2207 771 2795 861 ΜΑΡΤΥΡΩΝ

1339 1019 2263 1176 ΤΡΟΦΙΜΟΥ,

499 1307 1337 1426 ΣΑΒΒΑΤΙΟΥ
1443 1307 1720 1421 ΚΑΙ

1847 1308 3111 1429 ΔΟΡΥΜΕΔΟΝΤΟΣ.

920 1766 1649 1858 MARTYRIUM
1744 1768 1899 1859 SS.
2022 1765 2695 1859 MARTYBUM

1292 2029 2228 2186 TROPHIMI
2280 2139 2327 2222 ,

654 2362 1297 2478 SABBATII
1455 2367 1636 2478 ET
1780 2360 2963 2479 DORYMEDONTIS.

383 2586 570 2651 (Greca
590 2599 718 2637 nunc
740 2589 946 2651 primum
970 2584 1213 2650 prodeunt
1233 2597 1294 2637 ex
1325 2586 1434 2636 cod.
1460 2599 1551 2637 ms.
1574 2584 1731 2637 Paris.
1757 2599 1806 2636 n.
1839 2584 1982 2646 1492;
2010 2584 2181 2635 Latina
2206 2585 2363 2634 edidit
2388 2584 2563 2634 Surius
2584 2584 2643 2635 ad
2666 2586 2797 2634 diem
2835 2584 2890 2635 19
2913 2582 3266 2648 Septembris.)

266 2997 346 3055 A'.
374 2996 585 3068 Πρόσου
641 2995 735 3049 τοῦ
768 2994 1062 3058 δυσσεϐοῦς
1090 2994 1148 3047 τδ
1178 2995 1449 3065 βασίλειον
1485 2994 1764 3065 σκῆπτρον
1796 3046 1797 3051 η

1942 2993 1986 3048 1.
2018 2993 2184 3065 lmpio
2206 2994 2381 3050 Probo
2425 3002 2641 3049 tenente
2677 3005 2887 3063 sceptra
2921 2994 3129 3063 imperii
3170 2993 3442 3048 Romano-

202 3090 503 3162 Ῥωμαίοις
526 3090 823 3154 διέποντος,
844 3090 942 3159 τὴν
967 3088 1077 3142 τῶν
1109 3086 1375 3158 βικαρίων
1397 3088 1593 3160 ἀρχὴν,
1624 3089 1768 3142 κατὰ

192 3182 292 3253 τὴν
348 3180 681 3250 Ἀντιόχειαν
719 3179 961 3243 Ἀττικὸς
994 3180 1190 3251 ἧνυεψ
1217 3179 1275 3232 ὃν
1309 3178 1482 3247 δήπου
1519 3181 1611 3231 καὶ
1640 3181 1771 3232 ἐκά-

192 3275 323 3327 λουν
362 3273 705 3343 Ἦλιόδωρον.
733 3272 854 3326 Τῶν
897 3270 1185 3341 γενεθλίων
1211 3270 1266 3323 δὲ
1298 3270 1641 3341 φθοροποιῶν
1675 3287 1769 3337 γει

192 3366 440 3434 νομένων
466 3363 558 3417 τοῦ
589 3363 858 3433 Δαφναίου
906 3362 1240 3426 Ἀπόλλωνος
1256 3363 1328 3432 ;ή
1354 3360 1452 3432 μὲν
1494 3358 1768 3430 Ἀντιόχου

192 3459 253 3509 ἐν
281 3458 500 3526 κρότοις
527 3457 622 3507 καὶ
664 3455 861 3524 μέθαις
902 3457 993 3508 καὶ
1026 3454 1239 3518 θυσίαις
1274 3455 1366 3508 καὶ
1400 3454 1612 3523 κώμοις
1659 3453 1771 3520 διη-

194 3547 449 3617 μέρευεν
481 3546 601 3598 κατ’
634 3546 847 3616 εκείνην
873 3547 929 3599 δὲ
983 3545 1082 3616 τὴν
1113 3547 1331 3616 ἡμέραν
1378 3545 1437 3610 ἐξ
1468 3546 1771 3614 ἀλλοδαπῆς

194 3637 527 3699 δπιστάντες
552 3635 827 3708 Τρόφιμος
858 3638 952 3689 καὶ
998 3637 1315 3699 Σαϐϐάτιος,
1341 3637 1533 3705 ἄνδρες
1585 3638 1767 3688 θεοσε-

193 3730 312 3793 ϐεῖς
371 3730 465 3782 καὶ
518 3729 616 3799 τῆς
670 3727 927 3798 ἀληθείας
992 3726 1384 3799 προσκυνηταὶ,
1428 3726 1559 3779 ὅπου
1590 3725 1771 3778 δὲκαὶ

194 3823 429 3892 φανεροὶ
463 3823 560 3890 τὴν
613 3822 1007 3887 εὐσέϐειαν,ὼς
1042 3821 1377 3892 τηλικαύτην
1428 3820 1538 3873 τῶν
1582 3818 1769 3889 ψυχῶν

193 3912 579 3982 αἰχμαλωσίαν
607 3913 919 3967 ἐθεάσαντο,
944 3911 1083 3981 βαρύ
1113 3930 1162 3963 τι
1196 3913 1289 3963 καὶ
1341 3912 1626 3981 ἐγκάρδιον
1656 3929 1773 3963 στε-

190 4004 366 4068 νάξας
399 4001 425 4052 ὁ
455 4002 750 4071 Τρόφιμος,
788 4002 846 4054 Ὀ
876 4000 1028 4064 Θεὸς,
1060 3998 1334 4069 ἐνεϐόησε,
1370 4004 1433 4070 τῇ
1475 4004 1624 4069 φωνῇ
1672 4017 1769 4052 κε-

198 4100 376 4167 ράσας
410 4095 502 4149 καὶ
532 4094 767 4164 δάκρυον
792 4134 806 4158 ,
835 4094 863 4144 ὁ
882 4094 1026 4161 λόγῳ
1050 4093 1145 4162 μὲν
1170 4092 1228 4144 τὸ
1256 4092 1361 4144 πᾶν
1392 4094 1454 4143 ὲκ
1491 4090 1566 4163 μὴ
1598 4090 1768 4145 όντων

197 4188 654 4256 ὑποστησάμενος
678 4225 692 4247 ,
753 4185 842 4236 τὸν
892 4183 1174 4256 ἄνθρωπον
1209 4183 1263 4235 δὲ
1302 4180 1422 4234 κατ’
1454 4183 1636 4234 εἰκόνα
1673 4180 1770 4251 σὴν

196 4282 348 4351 χειρὶ
377 4277 553 4347 οἰκείᾳ
576 4275 1012 4344 δημιουργήσας,
1049 4274 1214 4335 αὐτὸς
1250 4272 1400 4324 ἔπιδε
1435 4273 1527 4323 καὶ
1553 4272 1648 4323 νῦν
1675 4273 1769 4323 καὶ

195 4372 299 4439 τῆς
350 4369 447 4422 τοῦ
486 4367 866 4436 ἀντικειμένου
909 4364 1091 4435 χειρὸς
1123 4364 1319 4421 αὐτοὺς
1355 4362 1559 4429 ἐξελοῦ.
1582 4361 1767 4415 Ταῦτα

191 4463 222 4515 ό
255 4460 538 4529 Τρόφιμος
586 4459 739 4526 ἔλεγε
792 4458 928 4527 πρὸς
963 4458 1054 4510 τὸν
1085 4457 1251 4509 Θεόνο
1281 4458 1375 4508 καὶ
1417 4453 1773 4517 συλλαϐόντες

192 4552 396 4613 αὐτούς
453 4568 596 4625 τινες
668 4550 775 4601 τῶν
817 4548 1179 4618 Ἑλληνιστῶν
1233 4548 1425 4615 ἄγουσι
1476 4549 1626 4618 παρὰ
1680 4548 1772 4599 τὸν

191 4644 474 4716 βικάριον.
504 4640 616 4694 Καὶ
654 4638 711 4701 ὃς
744 4637 886 4691 κατὰ
906 4636 1198 4706 προσώπου
1229 4635 1450 4697 τούτους
1478 4650 1766 4705 παραστη..

191 4740 437 4809 σάμινος
469 4736 701 4804 διῖστησι
729 4732 825 4802 μὲν
850 4730 944 4801 τοῦ
982 4730 1145 4783 τόπου
1168 4728 1328 4792 εὐθὺς
1365 4729 1458 4781 ἀπ’
1489 4728 1733 4797 ἀλλήλων
1753 4743 1766 4758 ·

188 4832 284 4893 οὓς
316 4830 419 4882 οὐκ
449 4825 515 4898 ἦν
553 4827 838 4893 δ.αστῆσαι
866 4824 941 4893 τῷ
972 4822 1241 4892 πνεύματι
1263 4836 1275 4848 ’
1315 4822 1565 4891 ἐπερωτᾷ
1593 4820 1647 4872 δὲ
1678 4819 1767 4871 τοῦ

188 4921 484 4991 τροὲςίμου
530 4917 798 4987 πρότερον
839 4916 1055 4982 κλῆσιν,
1097 4916 1191 4967 καὶ
1240 4912 1428 4982 τύχην,
1464 4914 1557 4964 καὶ
1587 4913 1768 4964 ὁποῖον

188 5012 349 5082 αὑτῴ
372 5010 429 5063 τὸ
454 5009 635 5072 σέσας.
667 5006 726 5060 Ὀ
760 5006 815 5059 δὲ
841 5006 1011 5068 δεινὸς
1032 5006 1186 5073 ἀνὴρ,
1218 5006 1426 5073 Ὀνομα
1457 5004 1765 5073 μὲνλλεγε,

186 5107 252 5160 τὸ
286 5105 421 5175 ἐμὸν
462 5102 518 5167 ἐξ
564 5099 733 5166 αὐτῆς
785 5100 1053 5165 γενέσεως
1099 5095 1376 5164 Τρόφιμος
1405 5112 1417 5124 ’
1451 5094 1675 5163 εὐγενὴς
1712 5096 1768 5148 δὲ

187 5198 267 5251 ῶν
297 5190 395 5246 ἀπ’
445 5190 616 5259 ἀρχῆς
668 5188 950 5257 ἐλεύθερος
980 5185 1278 5253 ὲδουλώθην
1306 5188 1365 5249 ἐξ
1404 5186 1663 5256 ἐπηρείας
1696 5188 1759 5255 τῇ

188 5284 477 5358 ἁμαρτίᾳ·
524 5280 657 5333 ἀλλὰ
703 5279 780 5349 τῷ
811 5279 902 5332 τοῦ
938 5279 1071 5349 ἐμοῦ
1124 5268 1326 5346 Κυρίου
1358 5278 1518 5331 πάλιν
1570 5276 1764 5346 βαπτὶ.

192 5394 388 5449 σματι.
438 5374 537 5443 τὴν
581 5371 1039 5442 πρώτηνὲκείνην
1066 5371 1342 5439 εὐγένειαν
1376 5372 1468 5422 καὶ
1486 5372 1583 5440 τὴν
1614 5372 1765 5423 ἐλευ-

190 5470 384 5536 θερίαν
424 5467 713 5518 ἁπέλαόῡν.

268 5563 347 5619 Β’.
394 5565 503 5617 Καὶ
532 5564 568 5614 ὃ
593 5564 859 5634 βικάριος,
897 5562 1031 5615 Τίνα
1068 5562 1198 5630 γοῦν
1252 5561 1441 5630 τιμᾷς,
1481 5558 1765 5629 ἔφη,’ορη-
1796 5544 1838 5605 C

271 5746 353 5808 (li
379 5743 540 5799 Probi
573 5745 793 5811 Augusti
827 5744 1179 5811 temporibus,
1206 5742 1330 5794 licet
1360 5741 1663 5808 persecutio
1694 5742 1762 5796 ab

192 5815 497 5869 Aureliano
551 5814 602 5865 in
648 5814 986 5869 Christianos
1029 5814 1225 5865 indicta
1260 5812 1752 5879 quieveril,tamen

194 5884 527 5945 Antiochia,
565 5885 741 5938 lurore
773 5884 1063 5949 Heliodori,
1100 5882 1352 5934 vicariam
1382 5882 1752 5949 praefecturam

1872 3104 2013 3151 rum,
2050 3089 2235 3143 vicarii
2263 3090 2575 3160 magistratu
2624 3088 2923 3141 Antiochiae
2958 3086 3281 3157 fungebatur
3304 3087 3446 3140 Atti-

1871 3198 2165 3253 cus,quem
2193 3182 2356 3236 etiam
2386 3180 2651 3237 vocabam
2678 3180 3027 3234 lleliodorum
3049 3178 3294 3249 (l).Cum
3318 3192 3444 3245 per-

1870 3284 2121 3344 ageretur
2163 3284 2345 3327 autem
2383 3274 2614 3328 exitialis
2636 3273 2826 3325 natalis
2860 3270 3116 3337 Daphnaei
3141 3268 3405 3340 Apollinis
3428 3306 3447 3335 ,

1869 3364 2157 3421 Antiochia
2187 3364 2427 3433 quidem,
2463 3372 2521 3417 ut
2563 3373 2646 3417 est
2678 3372 3125 3424 consentaneum.
3155 3363 3206 3415 in
3256 3362 3437 3429 tripu-

1872 3457 1997 3521 diis,
2021 3455 2377 3511 ebrietatibus
2412 3463 2467 3509 et
2517 3453 2802 3511 sacriﬁciis
2862 3463 3035 3508 totum
3070 3455 3213 3509 diem
3244 3452 3444 3507 transi-

1872 3551 2053 3619 gebat.
2085 3550 2179 3604 lllo
2202 3559 2384 3603 autem
2419 3548 2507 3602 die
2541 3563 2604 3601 ex
2635 3558 2859 3601 externa
2897 3547 3113 3616 regione
3145 3545 3443 3600 advenien-

1873 3651 1952 3694 tes
1991 3640 2320 3707 Trophimus
2348 3650 2400 3691 et
2438 3638 2749 3700 Sabbatius,
2786 3638 2884 3689 viri
2910 3638 2983 3705 pii
3034 3646 3087 3690 et
3124 3637 3445 3690 adoratores

1875 3724 2136 3793 veritatis,
2168 3728 2260 3785 sed
2283 3743 2511 3798 quorum
2532 3728 2776 3782 nondum
2800 3736 2916 3781 erat
2939 3726 3224 3781 manifesta
3244 3727 3440 3795 pietas,

1873 3842 1995 3881 cum
2032 3824 2335 3878 animarum
2395 3830 2596 3876 tantam
2656 3821 2999 3891 aspexissent
3042 3818 3441 3887 captivitatem,

1871 3915 2106 3985 graviter
2133 3924 2187 3966 et
2216 3928 2283 3965 ex
2330 3913 2437 3965 imo
2475 3920 2693 3979 pectore
2736 3913 3018 3979 suspirans
3050 3908 3382 3976 Traphimus
3424 3927 3437 3962 :

1872 4007 2036 4069 Deus,
2060 4001 2381 4059 exclamavit
2409 4001 2550 4072 (voci
2576 4015 2796 4071 quoque
2820 3998 3122 4054 commistis
3142 4000 3443 4072 lacrymis),

1871 4100 1961 4169 qui
1999 4098 2162 4152 verbo
2198 4096 2416 4166 quidem
2439 4111 2504 4149 ex
2538 4096 2604 4149 iis
2629 4110 2749 4164 quae
2778 4109 2886 4147 non
2915 4102 3097 4156 erant,
3126 4093 3439 4148 universum

1871 4191 2225 4254 constituisti,
2280 4188 2552 4240 hominem
2592 4196 2773 4239 autem
2831 4186 2896 4239 ad
2961 4184 3247 4255 imaginem
3294 4192 3439 4238 tuam

1873 4281 2087 4351 propria
2134 4294 2297 4332 manu
2330 4292 2388 4331 es
2426 4276 2745 4339 fabricatus,
2788 4284 2843 4328 tu
2895 4274 3128 4343 benigne
3170 4289 3313 4328 nunc
3356 4290 3446 4329 351-

1873 4374 2023 4444 pice,
2062 4381 2116 4425 et
2150 4372 2301 4439 eripe
2340 4370 2474 4424 istos
2526 4383 2556 4422 a
2598 4384 2760 4423 manu
2798 4366 3115 4422 adversarii.
3170 4364 3292 4420 Haec
3333 4366 3443 4421 Deo

1872 4466 2007 4520 dixit
2028 4462 2372 4531 Trophimus.
2404 4461 2647 4530 Repente
2674 4470 2854 4513 autem
2886 4475 3011 4512 eum
3038 4475 3160 4512 cum
3186 4457 3443 4513 Sabbatio

1870 4554 2340 4623 comprehendunt
2388 4552 2605 4619 quidam
2654 4567 2717 4604 ex
2777 4550 3095 4620 gentilibus,
3141 4562 3196 4604 et
3233 4550 3445 4604 ducunt

1869 4649 1935 4702 ad
1966 4648 2248 4702 vicarium.
2283 4646 2381 4712 Qui
2424 4661 2546 4701 cum
2578 4660 2701 4699 eum
2730 4661 2912 4699 coram
2968 4654 3215 4698 curasset
3245 4644 3447 4697 sisten-

1870 4742 2021 4802 dum,
2051 4741 2168 4795 loco
2190 4739 2405 4806 quidem
2425 4738 2606 4791 statim
2633 4746 2902 4803 separata
2936 4750 2993 4787 se
3026 4735 3283 4798 invicem,
3306 4749 3444 4803 quos

1870 4850 1979 4890 non
2010 4843 2223 4902 poterat
2258 4831 2447 4901 spiritu
2489 4829 2800 4896 seiungere.
2848 4826 3026 4898 Rogat
3066 4836 3246 4879 autem
3290 4825 3443 4894 prius

1870 4922 2249 4990 Trophimum,
2301 4918 2575 4987 quodnam
2616 4927 2764 4971 esset
2793 4918 2842 4971 ei
2895 4932 3114 4976 nomen,
3156 4930 3277 4983 quae
3318 4917 3443 4969 vita-

1869 5014 2104 5069 conditio
2135 5021 2186 5066 et
2214 5028 2331 5081 quw
2358 5012 2566 5081 religio.
2602 5010 2691 5064 Vir
2727 5019 2908 5063 autem
2940 5010 3157 5063 divinus
3184 5026 3197 5062 ε
3226 5008 3439 5063 Nomen

1870 5108 2086 5178 quidem
2124 5121 2328 5170 meum,
2358 5106 2510 5166 dixit,
2540 5104 2607 5156 ab
2644 5105 2762 5170 ipso
2793 5112 2913 5155 ortu
2959 5114 3040 5155 est
3082 5100 3436 5169 Trophimus.

1872 5200 2006 5255 Cum
2041 5215 2166 5251 vero
2194 5199 2261 5251 ab
2298 5198 2450 5249 initio
2485 5196 2752 5265 ingenuus
2784 5206 2960 5247 essem
2992 5202 3045 5245 et
3072 5192 3210 5245 liber
3256 5202 3439 5257 natus,

1877 5308 1983 5346 non
2025 5291 2142 5346 sine
2188 5291 2386 5359 probro
2421 5297 2475 5341 et
2514 5287 2784 5342 dedecore
2829 5286 2989 5339 servii
3031 5292 3293 5351 peccato;
3342 5284 3439 5338 sed

1876 5399 2066 5437 rursus
2097 5382 2199 5435 mei
2235 5380 2433 5435 Christi
2467 5378 2789 5446 baptismate
2824 5374 3000 5443 recepi
3030 5375 3262 5444 primam
3293 5374 3438 5428 illam

1878 5476 2261 5546 ingenuitatem
2298 5482 2352 5527 et
2390 5472 2715 5525 libertatem.

1951 5565 2014 5619 ll.
2043 5566 2286 5620 Vicarius
2323 5578 2450 5617 vero
2481 5579 2495 5614 :
2540 5560 2839 5625 Quamnam
2878 5568 3083 5622 autem,
3123 5556 3319 5627 inquit,
3357 5570 3441 5611 sc-

1872 5751 2129 5820 gerentis,
2158 5750 2209 5803 in
2236 5746 2589 5820 Trophimum
2633 5753 2687 5797 et
2711 5741 3027 5820 Sabbatium
3077 5737 3437 5820 novatnoblata

1872 5806 2177 5885 occasione,
2224 5806 2517 5880 recruduit,
2548 5825 2601 5867 ut
2632 5823 2789 5868 notat
2810 5813 3077 5865 Barunius
3107 5825 3194 5862 an.
3220 5806 3349 5860 281.
