4150 6474
663 427 769 490 ’⁷35

1913 424 2197 486 MENSIS
2237 423 2708 488 SEPTEMBER.

3847 433 3943 497 736

664 537 851 610 queris
872 533 1235 606 religionem?
1267 534 1386 590 lam
1407 532 1630 604 quidem
1658 534 1790 602 dixi,
1811 536 1988 606 inquit
2014 535 2254 605 Trophi-

2368 539 2545 590 ςκείαν
2565 537 2726 610 ;Ἥδη
2755 537 2874 609 μὲν,
2902 537 3067 610 φησὶν
3087 539 3116 594 6
3138 541 3437 613 Τρόφιμος,
3457 537 3636 609 εἷπον,
3664 543 3747 598 ἔτι
3773 543 3942 613 σαφές

665 640 806 686 mus.
835 628 941 684 Sed
985 627 1111 682 audi
1143 628 1323 683 adhuc
1351 627 1598 697 apertius
1649 645 1663 678 :
1708 627 1840 682 Sum
1885 628 2252 693 Christianus,

663 723 868 779 Christi
919 737 1145 787 servus;
1189 730 1243 776 et
1280 720 1490 775 utinam
1529 719 1733 776 Christi
1790 735 1966 776 essem
2008 723 2251 776 victima.

664 814 756 870 Ille
784 823 967 868 autem
998 829 1011 868 :
1051 813 1333 883 Hospesne
1357 829 1435 878 es,
1474 813 1668 882 inquit,
1708 829 1776 868 an
1827 813 2124 885 indigena?
2153 816 2256 870 Ho-

663 919 809 973 spes,
843 904 933 973 qui
963 912 1081 956 erat
1110 919 1238 957 vere
1266 903 1447 956 mundi
1478 904 1699 972 hospes.
1737 906 2038 974 respondit.
2094 904 2256 976 Legi-

661 994 750 1060 sti,
787 994 983 1064 inquit,
1019 1009 1243 1063 praeses.
1263 1011 1384 1065 qua:
1409 995 1752 1065 imperatoria
1781 997 2025 1052 decrevit
2055 1007 2254 1067 poten-

664 1088 776 1142 tia?
806 1087 956 1158 Legi,
994 1089 1169 1156 inquit
1205 1087 1567 1158 Trophimus;
1584 1090 1676 1144 sed
1701 1092 1816 1145 hazc
1847 1090 1985 1144 nihil
2013 1092 2077 1144 ad
2110 1106 2252 1157 nos;

663 1196 788 1234 nam
827 1181 967 1234 inter
1000 1182 1307 1236 daemonum
1337 1184 1718 1250 deceptionem
1752 1193 1808 1238 et
1830 1185 2088 1254 pietatem
2117 1185 2257 1239 mul-

663 1281 773 1327 tum
811 1273 1038 1327 interest
1074 1289 1088 1329 :
1126 1283 1180 1328 et
1209 1283 1442 1339 tantum,
1476 1283 1764 1344 quantum,
1799 1276 2137 1339 utarbitror,
2174 1277 2257 1331 in-

665 1373 745 1419 ter
772 1365 993 1419 diemet
1019 1375 1255 1422 noctem.
1307 1365 1431 1421 Ηίεο
1482 1368 1560 1421 ira
1614 1369 1825 1437 replent
1855 1367 2253 1435 Heliodorum;

661 1469 716 1514 et
739 1458 923 1513 statim
967 1459 1124 1528 jubet
1167 1475 1292 1514 eum
1349 1461 1638 1524 nudatum,
1675 1477 1704 1514 a
1743 1472 1980 1532 quatuor
2029 1464 2254 1519 extendi

661 1561 717 1607 et
751 1553 1022 1607 verberari
1067 1554 1472 1608 vehementius.
1521 1556 1699 1625 Atque
1746 1557 1795 1611 ei
1839 1556 2083 1626 quidem,
2140 1557 2256 1613 fera

661 1643 853 1711 quavis
896 1643 1172 1697 crudelius
1212 1659 1416 1714 corpus
1456 1645 1682 1716 ﬂagellis
1725 1649 2052 1712 exedebant,
2105 1651 2257 1704 illinc

663 1745 845 1788 autem
881 1736 1111 1790 fluentes
1133 1737 1232 1791 rivi
1271 1738 1554 1809 sanguinis
1587 1739 1896 1808 subjectum
1927 1739 2101 1794 solum
2128 1750 2256 1796 ante

664 1829 967 1884 reddebant
1001 1845 1373 1899 purpureum;
1419 1841 1473 1885 et
1501 1831 1762 1886 interim:
1791 1833 2073 1898 Sacrifica,
2113 1833 2256 1886 infe-

665 1923 755 1984 iix.
803 1923 1018 1977 dicebat
1069 1922 1419 1986 Heliodorus,
1474 1939 1653 1994 neque
1693 1925 2005 1978 maledictis
2040 1925 2257 1979 incesse

662 2017 794 2072 deos
833 2027 886 2072 et
946 2019 1358 2087 imperatorem.
1408 2019 1566 2073 Anne
1623 2035 1818 2073 carnes
1869 2017 2088 2087 quidem
2136 2029 2257 2075 tuas

662 2111 816 2164 vides
855 2111 1115 2180 paulatim
1163 2111 1385 2165 dissolvi
1450 2120 1507 2165 et
1544 2111 1829 2165 difﬂuere?
1875 2111 1968 2166 llle
2019 2122 2251 2167 autem:

663 2202 761 2264 Te,
789 2203 989 2272 inquit,
1021 2203 1264 2266 intuens,
1294 2203 1464 2274 magis
1494 2203 1760 2257 misereor
1795 2212 1901 2258 tua
1933 2204 2256 2260 calamitatis

663 2295 955 2363 quodcum
988 2295 1062 2348 sis
1095 2295 1281 2360 homo,
1312 2295 1484 2349 habes
1514 2293 1753 2348 animam
1797 2295 1930 2348 feris
1981 2295 2259 2364 agrestio-

667 2405 803 2452 rem.
829 2391 1032 2444 nullam
1060 2391 1112 2443 in
1146 2399 1294 2443 tuam
1325 2390 1707 2458 cognationem
1741 2387 2042 2442 ostendens
2068 2387 2262 2442 huma-

664 2484 917 2539 nitatem.
967 2484 1077 2553 Ego
1128 2493 1312 2536 autem
1361 2480 1637 2550 quomodo
1689 2480 1840 2549 potui
1897 2479 2103 2534 Christi
2152 2481 2260 2534 mei

665 2577 866 2630 virtute
917 2575 1058 2630 ferre
1096 2576 1280 2646 plagas
1314 2575 1449 2629 citra
1483 2574 1814 2637 molestiam,
1855 2581 1913 2627 et
1949 2587 2071 2627 cum
2125 2589 2259 2645 gau-

664 2670 785 2732 dio;
827 2671 898 2724 ita
945 2671 1110 2725 etiam
1163 2668 1360 2723 horum
1416 2667 1793 2737 spectaculum
1838 2666 2095 2720 existimo
2139 2682 2260 2721 esse

664 2763 946 2818 oculorum
985 2763 1228 2824 delicias,
1279 2776 1491 2824 eorum,
1528 2772 1650 2829 quae
1708 2770 2022 2831 sperantur,
2059 2777 2257 2829 exspe-

663 2858 901 2912 ctatione
924 2870 1144 2910 sensum
1172 2853 1420 2908 dolorum
1451 2853 1759 2908 auferente.
1797 2853 1865 2907 Et
1890 2851 2094 2921 alioqui
2145 2851 2263 2903 ani-

665 2963 807 3000 rnani
844 2947 947 3001 scit
981 2961 1286 3016 expurgare
1325 2945 1394 2999 ab
1426 2945 1574 2998 omni
1613 2944 1826 2998 macula
1874 2943 1964 2997 hic
2010 2943 2256 3012 sanguis,

665 3043 759 3110 qui
810 3051 1034 3110 propter
1067 3040 1352 3093 Christum
1390 3038 1712 3103 effunditur,
1742 3038 1834 3107 qui
1877 3047 1960 3092 est
1988 3039 2038 3092 ei
2087 3037 2258 3092 veluti

664 3133 938 3206 quoddam
973 3133 1215 3187 divinum
1247 3132 1542 3185 lavacrum.
1574 3129 1699 3188 llaec
1731 3147 1854 3186 cum
1890 3132 1942 3184 in
1979 3133 2097 3202 ipso
2127 3141 2262 3185 teni-

668 3244 799 3294 pore
832 3225 1086 3282 tormenti
1121 3226 1255 3280 vidit
1279 3224 1517 3278 vicarius
1545 3221 2028 3292 philosophantem
2056 3232 2256 3292 marty-

669 3336 804 3382 rem,
841 3334 964 3374 eum
990 3319 1210 3386 quidem
1245 3319 1298 3369 in
1330 3316 1618 3384 praesentia
1649 3315 1845 3384 punire
1875 3317 2064 3369 statuit
2092 3315 2265 3369 inter-

667 3414 890 3468 mittere
917 3456 932 3479 ,
961 3410 1222 3470 suasione
1248 3419 1434 3463 autem
1462 3408 1645 3478 potius
1677 3423 1802 3462 eum
1839 3407 2058 3479 aggredi
2091 3419 2143 3463 et
2169 3409 2266 3464 ad-

665 3503 1095 3562 hortationibus.

739 3597 825 3652 lll.
857 3595 994 3649 Cum
1027 3594 1212 3660 itaque
1238 3605 1364 3644 eum
1397 3597 1646 3646 curasset
1685 3604 1868 3643 coram
1911 3593 2030 3658 ipso
2057 3592 2264 3644 sisten-

663 3691 797 3747 dum
837 3708 850 3744 :
886 3688 996 3742 Diis
1023 3684 1290 3750 sacriﬁca,
1327 3683 1571 3746 dicebat,
1605 3680 1940 3752 Tmphime;
1968 3684 2170 3754 alioqui
2212 3693 2266 3741 te

666 3787 735 3842 ad
759 3782 1074 3853 Dionysium
1104 3777 1460 3838 Perenuium,
1505 3774 1745 3846 Phrygiae
1780 3775 2042 3832 Salutaris
2073 3779 2268 3845 praesi-

668 3882 817 3942 dem,
843 3873 1235 3931 transmittam.
1265 3870 1394 3925 Erat
1422 3870 1565 3925 enim
1597 3871 1644 3925 is
1667 3872 1989 3927 crudelitate
2015 3872 2264 3945 insignis.

666 3972 788 4028 Non
824 3987 943 4026 mea
983 3967 1172 4032 refert,
1203 3965 1381 4035 inquit
1415 3963 1772 4033 TrOphimus,
1812 3981 1841 4019 a
1894 3976 2041 4026 tene.
2080 3983 2148 4020 an
2199 3967 2268 4022 ab

669 4067 762 4122 illo
813 4064 1118 4119 iuterimar.
1155 4059 1288 4112 Nam
1317 4073 1415 4111 seu
1446 4056 1798 4120 Heliodorus,
1832 4072 1925 4109 seu
1974 4056 2269 4126 Dionysius

668 4173 758 4213 me
787 4155 995 4225 puniat,
1029 4149 1217 4203 eadem
1247 4161 1391 4202 mors
1413 4163 1499 4201 me
1524 4153 1729 4201 manet.
1753 4144 1897 4200 Idem
1923 4147 2069 4200 enim
2094 4155 2177 4200 est
2207 4161 2270 4200 u-

671 4249 879 4317 trisque
927 4258 1125 4315 scopus
1162 4254 1216 4297 et
1248 4241 1581 4302 institutum,
1629 4239 1826 4309 punire
1869 4249 1923 4293 cl.
1969 4241 2036 4294 de
2091 4239 2271 4294 medio

673 4344 862 4400 tollere
896 4355 1013 4402 eos,
1059 4338 1152 4407 qui
1193 4335 1608 4392 constituerunt
1648 4332 1829 4387 colere
1866 4332 2144 4399 pietatem.
2173 4333 2270 4391 Hls

675 4432 1034 4489 vehementer
1056 4433 1368 4478 commotus
1400 4421 1751 4483 lleliodorus.
1776 4422 1830 4476 iu
1859 4421 2006 4492 ligno
2031 4437 2268 4491 suspen-

677 4523 760 4578 dit
791 4519 1174 4590 Trophimum,
1217 4523 1273 4570 et
1315 4529 1442 4570 eum
1488 4514 1959 4569 circumsistentes
2011 4513 2270 4584 protinus

2360 645 2553 700 στερον
2616 631 2783 684 ἄκουε
2814 645 2829 661 ·
2880 633 3211 703 Χριστιανός
3252 635 3390 704 ειμι,
3440 637 3684 706 Χριστοῦ
3739 635 3940 702 δοῦλος,

2356 720 2597 791 Χριστοῦ
2626 723 2856 792 σφάγιον
2887 724 3098 793 γένοιτό
3124 744 3214 795 μοι
3237 729 3248 780 l
3287 726 3347 780 '0
3370 727 3448 793 δὲ,
3471 729 3634 792 Ξένος
3651 726 3722 790 εἳ,
3755 729 3940 796 φησὶν,

2356 813 2389 884 ἢ
2444 814 2773 885 ὲπιχὼριος;
2807 817 2988 881 Ξένος,
3015 819 3043 871 6
3094 817 3190 872 τοῦ
3241 818 3446 886 κόσμου
3489 819 3666 883 ξένος,
3710 820 3788 881 ὠς
3822 820 3946 889 ἀλη-

2359 906 2492 972 θῶς,
2550 908 2908 977 ἀπεκρίνατο.
2987 908 3281 978 ’Ᾱνέγνως,
3338 906 3492 964 εἶπεν
3527 913 3554 964 6
3593 911 3807 980 ἄρχων,
3843 914 3869 964 ὅ
3900 928 3946 962 τι

2358 1000 2642 1071 βασιλικὸν
2671 1001 2927 1055 ἐθέσπισε
2967 1004 3198 1072 κράτος;
3248 1004 3538 1070 Ἀνέγνων,
3561 1006 3733 1072 φησὶν
3765 1006 3794 1056 6
3818 1006 3947 1072 Τρὸο

2357 1109 2547 1163 φιμος,
2581 1093 2695 1146 ἀλλ’
2728 1092 2882 1146 οὐδὲν
2928 1093 3101 1147 ταῦτα
3159 1096 3292 1166 πρὸς
3325 1097 3491 1166 ἡμᾶς.
3517 1095 3814 1163 Δαιμὸνων
3846 1097 3948 1163 γὰρ

2357 1185 2576 1256 ἀπάτης
2608 1185 2702 1238 καὶ
2741 1183 3027 1247 εὐσεϐείας
3085 1184 3220 1238 πολὺ
3252 1186 3311 1238 τὸ
3344 1187 3530 1256 μέσον,
3574 1189 3668 1238 καὶ
3725 1173 3948 1237 τοσοίτο

2356 1277 2506 1342 ὅσον,
2533 1272 2924 1346 οἷμαι,νυκτδς
2957 1276 3051 1331 καὶ
3113 1277 3285 1346 ἡλίου.
3330 1278 3530 1349 Ὀργῆς
3562 1279 3949 1347 ύποπῖμπὶχβι

2356 1369 2530 1422 ταῦτα
2545 1369 2635 1422 τὸν
2658 1367 3000 1439 Ἦλιόδωρον,
3024 1370 3118 1423 καὶ
3135 1370 3333 1423 αύτίγα
3356 1370 3563 1423 κελεύει
3584 1367 3945 1437 γυμνωθέντα

2357 1462 2548 1516 τοῦτον
2607 1466 2671 1517 ἐκ
2714 1467 2997 1532 τεσσάρων
3058 1461 3406 1532 διαταθῆναι,
3444 1465 3538 1517 καὶ
3588 1462 3950 1529 σφοδρότερον

2358 1552 2680 1608 τύπτεσθαι.
2712 1554 2900 1623 Τούτῳ
2940 1553 3039 1623 μὲν
3071 1550 3164 1606 οὖν
3206 1555 3483 1623 ὠμότερον
3515 1555 3708 1623 θηρίου
3752 1553 3950 1614 παντο(

2360 1649 2417 1701 al
2449 1648 2711 1717 μάστιγες
2738 1648 2799 1700 τὸ
2832 1647 2994 1724 σῶμα
3019 1647 3316 1714 κατήσθιον
3338 1665 3350 1676 ·
3387 1650 3621 1716 αἵματος
3652 1648 3710 1701 δὲ
3745 1648 3947 1716 ρύακες

2361 1741 2570 1794 ἐκεῖθεν
2611 1742 2901 1811 φερόμενοι
2933 1739 3068 1811 πρὸς
3102 1741 3263 1811 βάθος
3300 1740 3606 1806 ὲφοίνισσον
3636 1741 3696 1792 τὸ
3725 1741 3950 1792 ὑποκεί-

2365 1851 2524 1905 μενον
2561 1834 2780 1904 ἔδαφοςθ
2811 1834 2928 1900 καὶ,
2961 1831 3158 1899 Θῦσον,
3193 1834 3220 1886 6
3253 1832 3581 1900 Ἡλιόδωρος
3612 1834 3669 1884 ἐν
3705 1832 3950 1900 τοσούτῳ

2362 1926 2573 1992 ἔλεγεν,
2603 1926 2776 1988 ἄθλιε,
2809 1925 2945 1996 μηδὲ
2981 1925 3166 1988 κακῶς
3211 1925 3342 1993 λέγε
3381 1925 3504 1986 τοὺς
3541 1923 3698 1984 θεοὺς
3734 1926 3828 1975 καὶ
3861 1924 3953 1975 τὶν

2361 2016 2746 2089 αὐτοκράτορα
2773 2034 2787 2049 ·
2821 2018 2854 2086 ἢ
2883 2017 3003 2070 οὐδὲ
3034 2019 3133 2079 τὰς
3163 2017 3370 2080 οἰκείας
3403 2019 3612 2086 σάρκας
3652 2019 3787 2085 ὁρᾷς
3835 2016 3955 2068 λυοο

2364 2113 2532 2181 μένας
2556 2111 2873 2182 καταδραχῦ
2905 2113 2998 2163 καὶ
3025 2110 3435 2181 ὑπορρεούσας;
3472 2109 3531 2163 ’0
3553 2109 3630 2176 δὲ,
3658 2109 3725 2160 Σὲ
3753 2108 3954 2176 μᾶλλον

2360 2205 2523 2274 ὀρῶν,
2559 2205 2688 2272 ἔφη.
2714 2204 2933 2257 πλείονα
2954 2203 3051 2272 τῆς
3084 2204 3370 2272 συμφορᾶς
3414 2204 3511 2271 τῆς
3554 2203 3653 2272 σῆς
3683 2200 3952 2270 λαμϐάω

2362 2298 2452 2348 τὸν
2479 2297 2627 2348 ἔλεον
2649 2311 2660 2323 °
2693 2296 2842 2358 ὅπως
2875 2294 3162 2364 ἄνθρωπος
3191 2294 3265 2347 ὢν
3300 2294 3506 2364 θηρίων
3535 2295 3953 2363 ἀπεχθεστέραν

2365 2389 2510 2457 ἔχεις
2551 2387 2752 2457 ψυχὴν,
2784 2388 3057 2458 μηδεμίαν
3087 2388 3211 2458 περὶ
3241 2387 3302 2440 τὸ
3345 2387 3606 2456 συγγενὲς
3642 2387 3956 2458 φιλανθρωο

2365 2480 2494 2534 πίαν
2525 2480 2988 2551 ἐπιδεικνύμενος.
3020 2480 3176 2550 Ἐμοὶ
3203 2480 3259 2535 δὲ
3291 2481 3479 2551 ὥσπερ
3507 2481 3721 2549 ὑπῆρξε
3765 2485 3830 2550 τῇ
3859 2480 3952 2532 τοῦ

2365 2573 2502 2642 ἐμοῦ
2529 2572 2769 2643 Χριστοῦ
2804 2574 3036 2643 δυνάμει
3061 2575 3159 2635 τὰς
3191 2575 3409 2640 πληγὰς
3441 2573 3683 2634 ἀλύπους
3716 2574 3814 2624 καὶ
3860 2576 3953 2623 σὺν

2364 2667 2526 2736 ἡδονῇ
2558 2667 2767 2734 φέρειν,
2791 2666 2942 2717 οὕτω
2974 2667 3064 2717 καὶ
3108 2665 3205 2733 τὴν
3245 2666 3449 2716 τούτων
3481 2663 3628 2723 θέαν,
3659 2663 3958 2731 ὀφθαλμῶν

2364 2762 2578 2827 τρυφὴν
2611 2758 2864 2826 ἥγημαι,
2894 2757 2994 2823 τῆς
3027 2755 3134 2807 τῶν
3187 2756 3562 2826 ἐλπιζομένων
3600 2757 3955 2825 προσδοκίας,

2365 2851 2474 2902 τῶν
2534 2848 2735 2902 ὀδυνῶν
2787 2848 3126 2917 κλεπτούσης
3176 2850 3272 2918 τὴν
3332 2849 3623 2920 αἴσθησινο
3679 2849 3858 2911 ἄλλως
3892 2866 3951 2902 τε

2369 2944 2459 2998 καὶ
2488 2931 2778 3013 καθαιρεῖν
2808 2939 2915 2996 οἶδε
2958 2943 3170 3014 κηλίδος
3195 2944 3294 3014 τὴν
3315 2944 3493 3015 ψυχὴν
3524 2943 3746 3014 ἀπάσης
3799 2940 3960 2996 ταυτὶ

2365 3040 2433 3091 τὰ
2464 3038 2553 3091 διὰ
2586 3037 2823 3108 Χριστὸν
2873 3037 3104 3106 αἵματα,
3149 3037 3311 3089 οἱονεὶ
3365 3037 3588 3106 λουτρὸν
3641 3037 3784 3107 αὐτῇ
3819 3038 3959 3090 θεῖον

2369 3130 2659 3198 γενόμενα.
2689 3128 2878 3180 Ταῦτα
2907 3129 3099 3197 ἐπειδὴ
3125 3129 3254 3197 παρ’
3280 3130 3441 3182 αὑτὸν
3467 3129 3561 3182 τὸν
3587 3129 3688 3199 τῆς
3717 3130 3959 3199 βασάνου

2293 3237 2336 3293 c
2371 3221 2564 3290 καιρὸν
2598 3223 2625 3274 6
2658 3220 2908 3291 βικάριος
2968 3223 3370 3293 φιλοσοφοῦντα
3417 3222 3524 3278 εἶδε
3554 3227 3644 3276 τὸν
3682 3225 3959 3294 μάρτυρα,

2370 3315 2430 3368 τὸ
2464 3315 2562 3385 μὲν
2605 3315 2860 3380 κολάζειν
2913 3319 2970 3369 ὲν
3011 3316 3088 3386 τῷ
3150 3317 3376 3386 παρόντι
3409 3317 3734 3369 καταλιπεῖν
3781 3315 3958 3382 ἔγνω,

2371 3410 2552 3462 πειθοί
2581 3409 2636 3461 δὲ
2669 3409 2871 3478 μᾶλλον
2912 3407 3078 3460 αὑτοῦ
3141 3410 3237 3460 καὶ
3285 3409 3603 3474 παραινέσει
3661 3409 3960 3477 μετελθεῖν.

2443 3568 2517 3619 Γ’.
2566 3565 2810 3636 ,Πλησίον
2879 3581 2974 3617 ουν
3025 3563 3134 3633 τονξ
3180 3563 3348 3633 ἄνδρα
3442 3565 3959 3635 παραστησάμενος,

2371 3659 2564 3724 Θῦσον,
2593 3659 2770 3728 ἔλεγε,
2809 3659 3079 3730 Τρόφιμε,
3117 3659 3229 3722 τοῖς
3276 3658 3438 3724 θεοῖς,
3465 3657 3656 3728 ἐπειδὴ
3693 3660 3961 3726 Διονυσίῳ

2373 3757 2648 3827 Περεννίῳ
2677 3754 2754 3823 τῷ
2783 3755 3022 3826 Φρυγίας
3052 3755 3428 3825 Σαλουταρίας
3461 3753 3692 3824 ἡγεμόνι
3750 3769 3810 3805 σε
3864 3770 3963 3804 :1-

2375 3849 2678 3918 ραπέμψω·
2710 3843 2778 3917 ἦν
2845 3849 2954 3915 γὰρ
3003 3843 3156 3911 οὗτος
3211 3852 3274 3917 τῇ
3347 3848 3591 3918 ὠμότητι
3645 3847 3957 3918 διαόὁητος.

2370 3941 2539 3996 Οὐδὲν
2579 3939 2766 4011 ἔμοιγε
2796 3937 3011 3999 διοίσει,
3041 3939 3208 4008 φησὶν
3239 3942 3266 3991 6
3301 3939 3605 4009 Τρόφιμος,
3628 3942 3734 3993 ὑπὸ
3782 3941 3876 3993 σω]
3903 3959 3957 3993 τε

2371 4037 2462 4088 καὶ
2491 4031 2583 4088 ὑπ’
2631 4033 2836 4086 ἐκείνου
2875 4031 3214 4104 ἀνῃρῆσθαι·
3251 4031 3316 4084 ἄν
3346 4047 3403 4082 τε
3438 4031 3718 4091 Διονύσιος
3743 4035 3771 4082 6
3799 4033 3958 4084 κολά-

2373 4128 2482 4196 ζων
2531 4126 2585 4200 ᾗ,
2620 4128 2647 4178 6
2687 4127 2848 4188 αὑτός
2899 4143 2966 4194 με
3017 4129 3307 4196 περιμένει
3368 4123 3628 4187 θάνατος’
3682 4125 3810 4178 ἐπεὶ
3867 4128 3962 4179 καὶ

2374 4220 2572 4282 σκοπὸς
2606 4219 2807 4288 ἀμεροῐί
2830 4217 2857 4269 6
2881 4217 3068 4279 αὐτὸς,
3095 4219 3347 4282 κολάζειν
3400 4219 3495 4270 καὶ
3534 4220 3786 4290 ἀναιρεῖν
3836 4221 3962 4282 τοὺς

2373 4315 2661 4383 ἑλομένους
2718 4314 2885 4383 τιμᾷν
2948 4313 3050 4379 τὴν
3107 4310 3415 4364 εὐσέϐειαν.
3454 4311 3677 4374 Τούτοις
3712 4314 3962 4377 ὀξυνθεὶς

2384 4406 2709 4477 Ἡλιόδωρος
2760 4408 2852 4458 ἐπὶ
2914 4402 3074 4468 ξύλου
3111 4420 3170 4456 τε
3207 4403 3301 4456 τὸν
3329 4403 3648 4473 ’Τρόφιμον
3707 4408 3957 4477 ἀναρτᾷο

2375 4501 2478 4550 καί
2545 4497 2906 4568 περιστάντες
2985 4494 3148 4559 εὐθὺς
3208 4496 3255 4549 oi
3333 4493 3518 4564 δήμιοι
3587 4494 3687 4558 τάς
3750 4497 3962 4552 ἐκείνου

675 4587 962 4672 carniﬁces
1007 4613 1152 4669 illius
1183 4611 1349 4666 latera
1396 4608 1713 4663 immaniter
1747 4608 2131 4676 discerpebant
2161 4625 2173 4661 :
2211 4617 2264 4662 et

2374 4593 2610 4662 πλευρὰς
2662 4590 2905 4657 ἀνηλεῶς
2957 4587 3130 4652 ἔξεον,
3191 4591 3282 4642 καὶ
3314 4589 3449 4659 προς
3515 4587 3655 4642 αὐτὰ
3717 4590 3850 4643 είσω
3893 4594 3953 4644 τὲ

674 4710 936 4766 subibant
962 4706 1026 4760 ad
1060 4705 1177 4774 ipsa
1234 4717 1408 4770 usque
1439 4701 1655 4755 interna
1687 4702 1916 4755 viscera.
1961 4700 2059 4754 llle
2084 4710 2267 4754 autem

681 4803 855 4872 magis
889 4797 1252 4854 conservabat
1295 4804 1610 4850 accuratum
1631 4794 2002 4850 characterem
2035 4795 2274 4863 philoso-

680 4894 819 4967 phia:
844 4913 857 4950 :
887 4891 1132 4955 Domine,
1157 4888 1236 4944 fer
1255 4903 1410 4958 opem
1434 4887 1635 4942 faruqu
1667 4888 1994 4950 tuo,leuitcr
2010 4886 2196 4941 dicens
2225 4896 2278 4940 et

681 4989 913 5059 placide.
949 4984 1156 5038 Prmses
1190 4983 1376 5050 itaque
1404 4981 1729 5036 lleliodorus
1763 4981 1953 5034 videns
2002 4979 2274 5048 insignem

684 5081 900 5136 athleta:
928 5076 1336 5136 fortitudinem.
1369 5089 1492 5128 cum
1522 5090 1630 5128 non
1677 5085 1862 5142 posset
1901 5074 2076 5126 lucem
2124 5073 2274 5126 illius

687 5175 979 5228 verborum
1009 5171 1238 5226 intueri.
1280 5176 1340 5222 ut
1366 5167 1458 5237 qui
1501 5167 1700 5220 animae
1738 5166 2021 5221 cwcutircl
2050 5163 2224 5218 oculis
2262 5182 2273 5216 :

690 5264 788 5320 Ubi
813 5274 916 5326 est.
943 5262 1179 5325 dicebat,
1208 5277 1240 5316 o
1262 5260 1577 5329 Trophime,
1602 5257 1851 5316 Christus
1881 5257 2047 5312 tuus?
2077 5257 2167 5311 llle
2191 5272 2282 5308 au-

692 5363 798 5414 tem
835 5375 847 5410 :
878 5355 1052 5416 Meus,
1077 5355 1315 5416 dicebat,
1355 5353 1614 5408 Christus
1639 5366 1816 5421 neque
1843 5368 1871 5404 a
1901 5365 1989 5403 me
2019 5349 2275 5410 discedit,

696 5461 746 5508 et
768 5463 987 5518 semper
1017 5447 1172 5501 adest
1221 5446 1501 5510 omnibus,
1525 5444 1618 5513 qui
1650 5459 1775 5496 eum
1812 5443 2068 5496 invocant
2101 5441 2152 5493 in
2185 5456 2280 5494 ve-

698 5543 884 5597 ritate:
912 5548 995 5594 est
1026 5548 1210 5597 autem
1253 5537 1354 5591 hoc
1389 5552 1606 5606 quoque
1653 5551 1719 5589 ex
1755 5551 1821 5590 eo
1853 5535 2101 5598 evidens,
2135 5533 2282 5604 quod

701 5651 796 5688 nos
833 5633 986 5688 lacile
1018 5631 1256 5686 feramus
1287 5631 1522 5685 dolores.
1557 5622 1657 5694 Qui
1695 5629 1840 5680 enim
1877 5629 2050 5691 ﬁeret,
2099 5637 2156 5679 ut
2181 5627 2283 5678 hu-

701 5743 856 5782 mana
898 5735 1094 5778 natura
1134 5725 1302 5778 ferret
1337 5734 1441 5777 tam
1471 5739 1665 5790 graves
1690 5723 1988 5783 cruciatus,
2017 5720 2060 5774 si
2097 5736 2203 5772 non
2232 5718 2280 5772 ci

702 5822 944 5875 divinum
972 5819 1186 5873 adesset
1212 5819 1506 5872 auxilium?
1541 5816 1664 5874 Haec
1689 5831 1811 5870 cum
1831 5815 2079 5880 dixisset,
2109 5811 2283 5867 athle-

710 5922 815 5968 tam
849 5927 1033 5968 carcer
1065 5912 1309 5982 suscipit,
1344 5912 1399 5964 in
1435 5927 1541 5980 quo
1576 5919 1689 5964 tum
1722 5909 1823 5962 alia
1855 5908 2126 5962 cruciatur
2152 5904 2284 5959 ami-

2382 4688 2663 4753 σπλάγχνα
2698 4685 2961 4748 ἐϐάδιζον.
3016 4685 3074 4736 ’0
3110 4685 3166 4735 δὲ
3201 4685 3404 4753 ἀκριϐῆ
3451 4684 3653 4751 μᾶλλον
3709 4684 3803 4736 τὸν
3863 4685 3961 4752 τῆς

2379 4777 2585 4837 οἰκείας
2649 4775 2968 4843 φιλοσοφίας
3024 4774 3255 4835 διέσωζε
3334 4776 3681 4844 χαρακτῆρα,
3738 4777 3962 4844 Χριστὲ,

2381 4868 2565 4938 βοήθει
2596 4868 2672 4936 τῷ
2698 4868 2773 4935 σῷ
2809 4865 3000 4932 δούλῳ,
3035 4864 3213 4935 ἡσυχῆ
3249 4867 3345 4919 καὶ
3393 4867 3580 4936 πράως
3622 4867 3962 4937 ὑποφθεγίέ-

2384 4978 2562 5028 μενος.
2613 4960 2670 5011 Ὀ
2726 4957 2908 5027 ἀρχων
2951 4955 3135 5007 τοίνυν
3200 4956 3520 5026 Ἡλιόδωρος
3565 4958 3664 5030 τὴν
3708 4961 3960 5031 ὑπερφυῆ

2383 5053 2594 5119 βλέπων
2652 5050 2744 5105 τοῦ
2789 5047 3026 5118 ἀθλητοῦ
3069 5052 3406 5122 καρτερίαν,
3439 5052 3629 5120 ἐπειδὴ
3690 5055 3792 5106 ούκ
3853 5050 3961 5123 εἶχε

2381 5149 2515 5217 πρὸς
2540 5147 2600 5199 τὸ
2633 5143 2742 5198 τῶν
2775 5144 2983 5195 ἐκείνου
3031 5144 3299 5212 ῥημάτων
3353 5141 3465 5208 φῶς
3511 5142 3802 5213 διαϐλέψαι
3830 5185 3845 5210 ,
3874 5165 3962 5198 τυ-

2382 5243 2639 5307 φλώττων
2663 5238 2792 5301 τοὺς
2813 5239 2907 5307 τῆς
2943 5235 3125 5305 ψυχῆς
3181 5235 3517 5304 ὀψθαλμους,
3544 5235 3678 5299 Ποῦ,
3709 5239 3916 5302 ἔλεγεν,
3939 5239 3965 5290 6

2382 5335 2612 5405 Χριστός
2643 5350 2756 5396 σου,
2777 5333 3021 5402 Τροὲφιμε
3049 5347 3064 5395 ;
3097 5331 3156 5382 Ὀ
3190 5331 3267 5396 δὲ,
3305 5331 3361 5382 Ὀ
3387 5329 3535 5398 ἐμὸς,
3567 5330 3694 5400 ἔφη,
3733 5333 3962 5400 Χριστὸς

2383 5431 2505 5482 οὕτε
2546 5427 2681 5498 ἐμοῦ
2709 5428 3027 5494 ἀφίσταται,
3053 5433 3148 5476 καὶ
3202 5427 3336 5478 πᾶσι
3365 5427 3475 5487 τοῖς
3515 5425 3572 5475 ὲν
3605 5425 3838 5496 ἀληθείᾳ
3872 5442 3966 5476 και

2384 5522 2568 5576 λοῦσιν
2599 5519 2762 5572 αὑτὸν
2795 5520 2873 5581 είς
2906 5518 2989 5570 ἀεὶ
3013 5517 3253 5584 πάρεστι
3281 5535 3294 5549 ·
3331 5517 3422 5568 καὶ
3451 5515 3611 5584 δῆλον
3642 5517 3706 5567 ὲκ
3745 5517 3841 5570 τοῦ
3875 5513 3964 5567 καὶ

2385 5619 2481 5680 τὰς
2521 5613 2815 5684 ἀλγηδόνας
2865 5614 2993 5682 ῥᾷον
3030 5613 3222 5679 φέρειν
3263 5611 3447 5678 τιμάς.
3477 5606 3586 5660 11οῦ
3622 5610 3731 5678 γάρ
3781 5610 3847 5661 ἀν
3879 5609 3969 5659 ἀν·

2387 5709 2631 5783 θρωπεία.
2683 5708 2840 5776 φύσις
2878 5706 3016 5759 οῦτω
3041 5706 3433 5775 χαλεπωτάτην
3475 5703 3746 5772 ὑπένεγκε
3801 5703 3967 5770 βάσα-

2388 5825 2493 5870 νον,
2549 5805 2622 5874 μὴ
2689 5803 2965 5875 θειοτέρας
3025 5800 3386 5852 ἀπολαύσασα
3436 5796 3728 5868 βοηθείας;
3784 5795 3964 5848 Ταῦτα

2389 5901 2611 5953 εἰπόντα
2651 5897 2738 5949 τον
2780 5894 3016 5965 ἀθλητὴν
3068 5891 3445 5961 δεσμωτήριον
3487 5887 3896 5956 διαδέχεται,ἑν
3925 5882 3968 5954 ᾧ
