4150 6508
171 495 280 560 ⁵137

1014 473 1481 541 MARTYRIUM
1523 473 1586 534 S.
1622 466 2014 532 TROPHIMI
2061 465 2156 528 ET
2195 466 2619 530 SOCIORUM.

3342 469 3448 530 738

174 612 241 679 τῇ
277 625 338 660 τε
365 604 504 671 ἄλλῃ
536 599 890 671 παραδίδοται
929 593 1194 652 κακώσει,
1246 589 1341 642 καὶ
1375 587 1456 649 είς
1485 584 1763 679 τέσσαρας

1869 579 2071 645 ctione,
2103 588 2215 634 tum
2252 579 2419 636 etiam
2451 579 2769 635 extenditur
2793 578 2847 632 in
2887 587 3124 648 quatuor
3162 576 3448 633 foramini-

175 677 269 751 τοῦ
305 694 666 764 κολαστηρίου
713 691 872 758 ξύλου
916 689 944 741 6
993 685 1180 754 Πατὴρ
1215 679 1582 741 ἀποτείνεται,
1609 677 1758 738 ὅπως

177 789 313 860 μηδὲ
335 787 594 853 ἐνταῦθα,
624 764 811 855 φησιν,
842 781 955 852 ἔχοι
984 778 1110 850 μηδ’
1132 776 1226 829 ἐπὶ
1255 771 1454 845 μικρὸν
1478 766 1760 824 ἀναπνεῦ-

175 898 291 933 σαι.

248 977 322 1025 Δ’.
348 970 646 1037 Είσάγεται
677 965 732 1019 δὲ
769 963 846 1033 τῷ
876 962 1081 1033 βήματι
1116 957 1234 1029 μετ’
1256 955 1422 1010 αύτδν
1450 950 1477 1007 6
1509 951 1760 1021 γενναῖος

175 1063 503 1124 Σασϐάτιος·
543 1059 637 1114 καὶ
699 1057 897 1111 αὐτίκα
956 1053 1092 1124 πρὸς
1143 1051 1329 1115 αὑτὸν,
1378 1047 1494 1102 οὐκ
1545 1041 1758 1116 ἐρωτῶ,

178 1158 348 1227 φησιν
380 1158 408 1209 6
437 1155 641 1228 ἄρχων,
669 1152 717 1202 εί
752 1147 1080 1220 Χριστιανὸς
1108 1142 1160 1198 εἳ
1181 1160 1194 1174 ·
1228 1138 1608 1211 ἀπεστρέφετο
1638 1135 1760 1228 γαρ

176 1226 341 1320 μέχρι
372 1226 487 1300 τῶν
519 1243 671 1296 ὢτων
712 1243 772 1294 τὸ
826 1243 976 1313 ῥῆμα
998 1255 1010 1271 ’
1060 1236 1180 1290 ἐπεὶ
1214 1234 1335 1286 οὐδὲ
1355 1231 1526 1284 νοσῶν
1552 1226 1761 1320 «potst-

350 1341 411 1392 τὸ
446 1338 621 1405 γλυκὺ
671 1336 808 1388 πᾶσι
861 1333 976 1402 φῶς
1012 1330 1139 1383 ίδείν
1194 1324 1540 1395 ὑπομείνειεν
1579 1336 1594 1352 ’
1622 1317 1758 1373 ἀλλὰ

170 1435 224 1487 τί
259 1434 354 1484 σὸν
391 1431 452 1482 τδ
484 1429 726 1497 ἀξίωμα,
783 1423 1002 1494 πρῶτον
1034 1420 1180 1474 είπὲ.
1231 1419 1342 1471 Καὶ
1367 1418 1394 1469 6
1428 1413 1754 1474 2a66éstoc,

185 1525 368 1594 Ἐμοὶ,
391 1521 580 1592 φησὶν,
621 1515 664 1573 ὦ
695 1517 967 1580 δικασταὶ,
1001 1513 1096 1568 καὶ
1125 1511 1367 1580 ἀξίωμα,
1409 1509 1506 1562 καὶ
1536 1505 1755 1577 πατρὶς,

171 1616 268 1666 καὶ
305 1613 433 1677 δόξα
469 1613 562 1664 καὶ
607 1609 898 1681 περιουσία
954 1607 1193 1678 Χριστός
1244 1606 1393 1656 ἐστιν
1428 1603 1456 1654 6
1485 1599 1579 1652 τοῦ
1614 1599 1756 1651 Θεοῦ

174 1708 327 1769 Υίδς,
362 1706 391 1757 6
415 1706 503 1758 ἀεὶ
535 1703 661 1768 ζῶν,
699 1695 760 1756 οὗ
787 1705 853 1773 τῇ
885 1701 1112 1772 προνοίᾳ
1157 1700 1218 1750 τὸ
1246 1697 1355 1749 πᾶν
1393 1693 1510 1746 τόδε
1553 1691 1760 1762 κυϐερ-

180 1799 345 1850 νᾶται
384 1799 477 1850 καὶ
525 1797 853 1850 διιούνεται.
879 1797 990 1848 Καὶ
1019 1794 1045 1843 6
1075 1789 1337 1866 δικαστὴς
1370 1789 1436 1856 τῇ
1470 1784 1566 1837 τοῦ
1614 1784 1760 1854 μάρ-

172 1906 339 1960 τυρος
381 1890 516 1959 μετὰ
559 1889 872 1960 παρρησίας
894 1884 1186 1956 ἁποκρίτει
1213 1881 1280 1935 τὰ
1304 1880 1512 1950 ἔσχατα
1549 1877 1762 1948 ἐξυϐρί-

176 1981 305 2035 σθαι
352 1982 604 2050 νομίσας,
657 1979 870 2046 πληγὰς
901 1975 1125 2028 ἐντείνει
1152 1975 1294 2027 κατὰ
1322 1972 1532 2046 κορῤἦς
1567 1971 1717 2041 αύτῷ
1742 2012 1756 2039 ,

173 2073 472 2143 ὲπιφωνῶν
501 2071 615 2140 ἅμα
646 2086 659 2099 ·
691 2069 830 2137 Πρὸς
880 2067 1009 2130 ἔπος
1050 2067 1366 2136 ἀπόκριναι’
1392 2065 1486 2117 καὶ
1515 2063 1762 2131 βασάνων

173 2169 376 2234 πεῖραν
403 2201 416 2216 .
440 2200 454 2215 .
484 2202 498 2216 .
527 2202 541 2217 .
564 2199 578 2214 .
605 2203 619 2217 .
645 2201 659 2214 .
689 2201 704 2216 .
726 2202 738 2215 .
770 2200 784 2215 .
837 2157 1173 2231 προσελθὼν,
1220 2156 1381 2210 Θῦσον
1436 2156 1548 2218 τοῖς
1597 2153 1755 2216 θεοῖς.

175 2258 252 2309 Τὸ
287 2256 396 2323 γὰρ
429 2255 565 2322 μετὰ
593 2252 764 2306 ταῦτα
793 2250 957 2304 θῦσαι
984 2247 1151 2320 ἄχαρί
1207 2265 1266 2300 τε
1308 2249 1412 2300 καὶ
1448 2247 1548 2315 οὑχ
1586 2243 1760 2306 οὕτως

173 2347 480 2404 ἀπόδεκτον
502 2361 516 2374 ·
563 2344 738 2405 ἄλλως
767 2356 824 2395 τε
857 2343 954 2396 καὶ
999 2338 1355 2410 προλαϐοῦσα
1389 2337 1619 2408 βάσανος
1661 2335 1759 2400 τὴν

181 2432 485 2502 μετέπειτα
533 2431 727 2499 ἡδονὴν
779 2429 1181 2496 ὑποτέμνεταιο
1230 2425 1324 2477 καὶ
1353 2427 1380 2476 6
1424 2421 1761 2485 Σαὸσὰτιοςο

175 2524 292 2592 Τῆς
325 2524 596 2592 ὲπικήρου
625 2522 719 2574 καὶ
742 2522 971 2590 ῥεούσης
995 2518 1192 2588 ἡδονῆς
1214 2512 1313 2569 ὦδε
1343 2515 1485 2569 καθὰ
1507 2515 1602 2568 καὶ
1629 2515 1766 2584 μόνη

181 2618 340 2686 μένει
403 2616 690 2674 ἀπόκλισις
740 2610 1007 2679 σφαλερὰ,
1064 2608 1265 2678 φησίν²
1314 2608 1361 2657 εί
1413 2606 1469 2658 δὲ
1528 2606 1620 2658 καὶ
1669 2605 1766 2673 τὴν

177 2707 438 2760 ἀσέὸειαν
493 2703 766 2772 ἑπομένην
812 2702 960 2770 ὲχοι,
1014 2700 1076 2752 τὸ
1128 2699 1298 2752 κακὸν
1355 2698 1575 2769 ἡλίκονθ
1623 2695 1765 2749 ὥστε

179 2798 363 2867 πολλῷ
386 2796 667 2866 κρείττους
694 2796 816 2864 ἐμοὶ
837 2795 893 2847 αί
923 2792 1008 2846 διὰ
1036 2791 1277 2864 Χριστοῦ
1305 2791 1576 2854 κολάσεις
1606 2782 1765 2842 αῦται

179 2889 292 2960 γὰρ
370 2889 638 2957 διηνεκεῖς
683 2885 1063 2958 ταμιεύονται,
1104 2887 1199 2938 καὶ
1256 2887 1342 2938 ἀεὶ
1396 2883 1615 2953 μένουσι
1671 2882 1769 2945 τὰς

180 2979 462 3051 ἀμοιϐάς·
517 2979 585 3033 τὰ
619 2979 674 3032 δὲ
715 2979 982 3047 ὑμέτερα,
1039 2977 1149 3044 ὅσῳ
1203 2975 1408 3044 μᾶλλον
1457 2975 1762 3044 εὐφραίνει,

182 3073 427 3142 τοσούτῳ
457 3073 552 3124 καὶ
583 3071 818 3138 λυπήσει
875 3067 1060 3120 πλέον.
1097 3067 1207 3121 Καὶ
1254 3067 1367 3120 εἴθε
1399 3083 1464 3133 γε
1523 3066 1618 3118 καὶ
1673 3064 1766 3116 τὸν

186 3165 304 3218 ἴσον
369 3153 584 3234 χρόνον“,
615 3160 729 3213 ἀλλ’
779 3159 1064 3229 εὐφραίνει
1100 3158 1200 3229 μὶν
1255 3159 1567 3228 πρόσκαιρα
1605 3155 1767 3228 τυχὸν

185 3259 282 3309 καὶ
315 3257 578 3326 ἐφήμερα
599 3294 614 3319 ,
637 3253 877 3325 λυπήσει
912 3252 972 3305 δὲ
1002 3250 1248 3306 ἀθάνατα
1288 3249 1384 3303 καὶ
1410 3249 1621 3306 αἰώνια.

261 3525 340 3580 Ε’.
380 3522 767 3594 Ἐκθηριοῦται
828 3522 965 3589 πρὸς
1017 3521 1189 3574 ταῦτα
1220 3523 1248 3575 6
1277 3522 1483 3590 ἅρχων,
1534 3521 1630 3573 καὶ
1671 3521 1772 3588 ἀγ-

190 3613 457 3685 ριώτερος
513 3613 755 3680 γίνεται*
789 3611 884 3664 καὶ
947 3608 1276 3678 μετεωρίζει
1338 3610 1437 3679 μὲν
1482 3609 1575 3662 ἐπὶ
1611 3607 1768 3673 ξύλου

189 3709 284 3760 τὸν
316 3703 579 3774 ἀθλητὴν,
609 3704 701 3755 καὶ⁹
732 3702 832 3766 τὰς
863 3701 1105 3770 πλευρὰς
1132 3701 1371 3771 σιδηροῖς
1396 3698 1544 3765 ὄνυξι
1567 3698 1770 3766 διαξέει

189 3797 393 3865 ἀναμο.
425 3833 440 3848 .
473 3834 486 3848 .
515 3833 531 3848 .
557 3834 572 3848 .
606 3812 655 3848 ει
689 3794 746 3849 δὲ
763 3793 832 3845 τὰ
866 3793 1000 3845 ὀστᾶ
1027 3830 1041 3853 ,
1066 3791 1161 3844 καὶ
1187 3791 1367 3843 αὐτῶν
1401 3791 1633 3844 ἅπτεται
1664 3789 1772 3842 τῶν

192 3890 471 3957 ὲγκάτων.
501 3886 780 3957 Περιαλγῆ
819 3884 1001 3937 τοίνυν
1032 3885 1124 3935 ἐπὶ
1153 3884 1364 3944 τούτοις
1393 3883 1486 3934 τὸν
1519 3883 1772 3950 μάρτυρα

193 3983 559 4049 θεασάμενος,
604 3981 663 4032 El
690 3977 863 4046 γλυκύ
898 3994 980 4029 σοι
1021 3978 1082 4028 τὸ
1116 3975 1205 4027 διὰ
1229 3974 1468 4045 Χριστοῦ
1514 3976 1769 4045 πάσχειν,

191 4076 323 4144 ἔφη,
358 4072 680 4137 Σαϐϐάτιος,
714 4072 880 4125 πόοεν
909 4071 956 4123 oi
990 4070 1280 4139 στεναγμοὶ
1337 4070 1432 4122 καὶ
1483 4068 1552 4121 τὰ
1597 4067 1774 4138 θερμὰ

191 4171 355 4220 ταυτὶ
385 4166 631 4236 δάκρυας
664 4163 757 4218 Ἰν⁹
787 4164 957 4234 εἰδῇς,
979 4165 1006 4215 ὁ
1038 4165 1249 4232 μάρτυς
1275 4164 1463 4230 φησιν,
1495 4161 1639 4222 ὅπως
1664 4159 1775 4227 ἐγὼ

191 4260 253 4312 τὸ
283 4259 520 4328 πρᾶγμα
547 4256 684 4324 διψῶ
705 4270 717 4284 ⁸
761 4256 856 4308 καὶ
887 4255 1011 4306 ὅσον
1065 4252 1313 4322 τιμῶμαι
1346 4253 1404 4304 τδ
1446 4251 1514 4303 δι’
1565 4254 1774 4304 ἐκεῖνον

194 4349 429 4406 παθεῖν’
462 4349 546 4402 ὅτι
591 4348 685 4402 καὶ
718 4346 862 4400 οὓτω
892 4344 1228 4414 δριμυτάτην
1255 4343 1446 4412 ὀδύνης
1485 4341 1776 4414 δεχόμενος

1863 673 2115 743 busligni
2138 673 2206 728 ad
2230 673 2595 744 torquendum
2621 672 2942 744 comparati,
2970 680 3028 726 ut
3060 687 3128 728 ne
3158 671 3447 728 minimum

1862 767 2079 838 quidem
2112 778 2292 839 posset
2333 769 2629 838 respirare.

1936 951 2025 1007 lV.
2063 952 2145 1007 Ad
2179 953 2416 1006 tribunal
2460 961 2645 1008 autem
2693 964 2814 1024 post
2857 952 3036 1022 ipsum
3077 951 3445 1007 introducitur

1863 1045 2114 1116 egregius
2137 1043 2449 1101 Sabbatius.
2478 1046 2537 1099 Ei
2570 1055 2751 1100 autem
2796 1046 2981 1100 statim
3014 1045 3146 1098 dicit
3187 1059 3390 1114 prases
3426 1060 3440 1097 :

1861 1135 1982 1192 Non
2028 1154 2180 1209 rogo,
2224 1154 2290 1192 an
2346 1141 2420 1194 sis
2464 1139 2809 1194 Christianus
2847 1139 2976 1208 (hoc
3015 1137 3161 1193 enim
3217 1136 3444 1191 verbum

1861 1229 2000 1284 adeo
2028 1231 2383 1285 aversabatur
2407 1271 2422 1294 ,
2453 1240 2511 1286 ut
2539 1246 2608 1286 ne
2641 1231 2802 1285 vellet
2828 1231 3043 1298 quidem
3069 1227 3278 1293 audire,
3309 1241 3449 1297 quo-

1861 1319 2007 1374 niam
2039 1337 2142 1376 nec
2170 1337 2312 1390 aeger
2339 1329 2525 1379 oculos
2556 1323 2880 1377 sustinuerit
2907 1322 3091 1377 videre
3117 1322 3292 1375 lucem
3324 1334 3448 1390 gra-

1862 1421 1973 1468 tam
2013 1413 2291 1484 omnibus)
2327 1454 2342 1480 ,
2389 1417 2483 1470 sed
2525 1415 2612 1472 die
2658 1415 2912 1486 primum,
2955 1427 3203 1484 quaenam
3242 1411 3314 1465 sit
3354 1419 3446 1465 tua

1861 1506 2116 1578 dignitas.
2155 1504 2446 1562 Sabbatius
2498 1520 2680 1563 autem
2721 1526 2734 1563 :
2776 1507 2931 1573 Mihi,
2965 1507 3165 1576 inquit,
3198 1520 3232 1560 ο
3257 1503 3447 1575 judex,

1863 1606 1917 1654 et
1955 1600 2206 1668 dignitas,
2233 1607 2288 1654 et
2323 1600 2517 1669 patria,
2559 1611 2612 1656 et
2642 1601 2831 1671 gloria,
2866 1611 2923 1654 et
2971 1600 3262 1654 facultates
3288 1593 3450 1651 Chri-

1864 1699 1982 1746 stus
2012 1704 2091 1747 est
2126 1693 2220 1747 Dei
2258 1692 2425 1748 Filius
2467 1709 2682 1764 semper
2716 1695 2925 1756 vivens,
2957 1693 3114 1762 cujus
3155 1690 3447 1760 providen-

1866 1781 1936 1834 tia
1968 1782 2070 1836 hoc
2098 1787 2413 1840 universum
2446 1787 2651 1857 regitur
2681 1796 2735 1840 et
2763 1787 3115 1856 gubernatur.
3144 1783 3321 1838 Judex
3345 1797 3447 1836 au-

1867 1881 1973 1928 tem
2001 1873 2173 1930 libero
2205 1880 2458 1948 martyris
2500 1895 2764 1949 responso
2798 1878 3092 1932 arbitratus
3113 1893 3169 1930 se
3198 1890 3322 1930 esse
3348 1889 3448 1929 ex-

1868 1971 2040 2018 trema
2097 1965 2348 2021 allecrum
2390 1970 2739 2032 contumelia,
2780 1970 2827 2024 ei
2874 1970 3125 2039 impingit
3212 1968 3447 2037 alapam,

1867 2057 2174 2113 acclamans
2202 2080 2212 2112 :
2241 2060 2528 2130 Responde
2557 2060 2623 2113 ad
2647 2061 2985 2129 prapositum
3008 2101 3022 2125 ,
3052 2070 3103 2113 et
3126 2060 3446 2128 priusquam

1870 2155 2264 2204 tormentorum
2300 2152 2466 2207 facias
2496 2153 2816 2222 periculum,
2852 2153 3106 2223 procede,
3131 2162 3186 2207 et
3225 2152 3330 2209 diis
3362 2168 3450 2207 sa-

1867 2239 2071 2294 crifica.
2127 2241 2319 2297 Postea
2373 2246 2519 2297 enim
2564 2244 2874 2299 sacriﬁcare
2918 2244 3350 2315 eritingratnm,
3396 2253 3452 2299 et

1867 2345 1980 2384 non
2018 2332 2150 2389 adeo
2191 2343 2498 2402 acceptum,
2528 2343 2582 2387 et
2614 2335 2816 2402 alioqui
2861 2336 3172 2401 praecedens
3209 2347 3450 2389 tormen-

1870 2433 1982 2479 tum
2029 2425 2268 2480 detrahit
2306 2428 2372 2480 de
2418 2426 2638 2497 gaudio,
2670 2426 2815 2496 quod
2854 2438 3042 2496 postea
3074 2427 3450 2497 consequitur.

1869 2515 2161 2573 Sabbatius
2194 2533 2360 2572 vero:
2391 2517 2644 2582 Caducae,
2685 2519 2882 2588 inquit,
2925 2527 2979 2573 et
3008 2517 3165 2572 ﬂuxae
3198 2519 3453 2589 voluptas

1870 2609 1959 2669 tis.
1990 2625 2022 2662 ο
2051 2609 2235 2677 judex,
2277 2611 2361 2662 vel
2383 2609 2495 2663 sola
2535 2612 2818 2679 perceptio
2867 2621 2951 2664 eSt
2985 2611 3191 2664 lubrica
3222 2620 3277 2664 et
3302 2613 3452 2680 peri-

1868 2700 2074 2754 culosa.
2099 2697 2252 2765 Quod
2302 2700 2345 2753 si
2388 2701 2549 2753 etiam
2590 2713 3016 2770 consequentem
3055 2701 3218 2756 habet
3255 2704 3449 2773 impie-

1871 2799 2061 2855 tatem,
2116 2801 2378 2860 quantum
2441 2792 2681 2845 malum?
2724 2793 3091 2857 Quamobrem
3142 2803 3270 2847 sunt
3317 2793 3452 2849 mihi

1870 2882 2117 2948 meliora,
2147 2899 2269 2953 quin
2317 2885 2691 2955 suscipiuntur
2735 2893 2954 2956 propter
2985 2884 3286 2950 Christum,
3319 2901 3456 2956 sup-

1871 2972 2052 3042 plicia.
2089 2974 2158 3026 Ea
2187 2974 2332 3029 enim
2379 2983 2680 3040 reservant,
2715 2986 2767 3030 et
2810 2976 3016 3030 habent
3053 2988 3368 3046 perpetuas,
3399 2987 3456 3033 et

1869 3078 1990 3132 qua:
2024 3079 2238 3133 semper
2283 3077 2530 3128 manent,
2582 3069 3068 3122 remunerationes.
3114 3069 3221 3122 Res
3266 3081 3453 3124 autem

1868 3166 2063 3211 vestrm
2105 3173 2213 3226 quo
2253 3159 2444 3229 majori
2483 3158 2725 3214 alliciunt
2748 3159 3047 3231 voluptate,
3079 3170 3231 3218 tanto
3261 3163 3454 3233 majori

1789 3261 1836 3327 (ς
1869 3249 2056 3306 dolore
2071 3249 2514 3321 aﬂicient.Atque
2535 3252 2738 3306 utinam
2767 3253 2879 3318 pari
2903 3263 3166 3321 tempore,
3191 3252 3285 3307 sed
3304 3254 3451 3308 brevi

1870 3342 2087 3410 quidem
2105 3351 2536 3411 temporc,atque
2552 3345 2688 3398 adeo
2707 3354 2982 3397 momento
3005 3346 3261 3414 temporis
3279 3345 3458 3402 delec-

1871 3433 2302 3499 tant,immortali
2327 3443 2508 3488 autem
2525 3444 2578 3488 et
2592 3436 2922 3504 sempiterna
2935 3435 3170 3491 adicient
3187 3439 3456 3496 molestia.“

1945 3527 2006 3582 γ.
2039 3525 2130 3580 His
2158 3527 2414 3582 ederatur
2450 3541 2503 3582 et
2528 3529 2639 3583 acri
2680 3529 2759 3582 ira
2806 3539 3051 3583 movetur
3078 3547 3278 3601 prmses
3308 3542 3362 3586 et
3398 3533 3454 3587 in

1872 3619 2018 3689 ligno
2050 3620 2268 3689 quidem
2301 3623 2532 3676 sublime
2564 3623 2701 3676 tollit
2732 3623 3014 3685 athletam,
3047 3634 3208 3695 atque
3243 3626 3455 3696 ungulis

1874 3710 2063 3765 ferreis
2102 3712 2359 3781 discerpit
2403 3713 2569 3766 latera
2596 3755 2610 3778 ,
2644 3730 2764 3767 ossa
2792 3728 2973 3768 autem
3013 3726 3231 3770 cmovet
3265 3728 3320 3771 et
3342 3717 3456 3772 elo-

1874 3815 1979 3868 cat,
2015 3813 2069 3859 et
2109 3805 2220 3874 ipsa
2257 3805 2423 3877 tangit
2453 3807 2708 3860 intestina
2731 3848 2744 3860 .
2773 3807 3002 3879 PrOpter
3045 3811 3160 3865 haec
3187 3825 3315 3882 ergo
3353 3811 3453 3865 tri-

1875 3901 2008 3951 stem
2041 3909 2094 3952 et
2123 3899 2310 3954 dolore
2344 3900 2599 3954 allectum
2654 3903 3052 3972 contemplatus
3098 3915 3388 3975 martyrem
3436 3920 3451 3959 :

1878 3987 1934 4042 Si
1958 3997 2040 4042 est
2072 3989 2192 4050 tibi,
2228 3991 2421 4059 inquit,
2449 4007 2481 4046 ο
2505 3991 3053 4061 Sabbati,jncundum
3079 3996 3188 4064 pati
3233 4006 3456 4066 propter

1877 4080 2173 4144 Christum,
2208 4082 2478 4136 undenam
2505 4094 2633 4139 sunt
2663 4086 2916 4154 gemitus,
2965 4097 3018 4140 et
3044 4084 3126 4140 hee
3151 4087 3338 4142 calida:
3377 4088 3457 4142 la-

1878 4173 2112 4243 crymae?
2161 4175 2232 4231 Ut
2281 4177 2440 4241 scias,
2519 4177 2696 4248 inquit
2747 4191 2975 4250 martyr,
3031 4192 3292 4249 quantum
3357 4196 3458 4253 ego

1881 4283 1992 4320 rem
2061 4268 2186 4321 sitio
2239 4281 2292 4321 et
2339 4271 2530 4336 quanti
2617 4271 2758 4325 facio
2835 4272 2945 4341 pati
3021 4283 3239 4343 propter
3281 4273 3454 4330 illum.

1879 4356 2011 4414 Nam
2090 4357 2194 4412 etsi
2258 4360 2521 4429 accipiam
2613 4377 2835 4416 sensum
2895 4365 3197 4432 gravissimi
3234 4365 3457 4431 doloris,

193 4442 480 4512 αἰσθησιν,
507 4440 582 4504 ὡς
612 4441 704 4496 καὶ
726 4441 804 4500 είς
827 4438 1039 4508 δάκρυα
1086 4437 1294 4505 φανερὰ
1323 4434 1660 4502 κατάγεσθαι
1684 4437 1777 4488 καὶ

1880 4452 2015 4505 adeo
2077 4461 2134 4506 ut
2196 4462 2250 4507 et
2333 4464 2524 4522 aperte
2602 4455 2737 4507 mihi
2827 4465 3116 4523 erumpant
3185 4456 3455 4525 lacrymae,

191 4532 448 4602 χαλεπῶς
497 4533 704 4601 φέρειν,
730 4532 881 4600 ὅμως
915 4528 1244 4599 θερμότερον
1266 4527 1349 4581 ἔτι
1378 4527 1470 4579 τοῦ
1505 4531 1583 4592 είς
1614 4529 1778 4582 αὑτὸν

1883 4554 1938 4600 et
1966 4544 2136 4600 feram
2169 4545 2428 4615 graviter,
2462 4543 2645 4602 adhuc
2679 4555 2860 4600 tamen
2901 4547 3294 4602 vehementiori
3338 4547 3460 4618 ejus

197 4627 405 4698 ῐρωτος
441 4624 662 4696 εχομαι,
689 4624 785 4678 καὶ
809 4622 930 4676 οὐδὲ
959 4621 1103 4673 οὕτω
1136 4621 1243 4673 τῶν
1273 4621 1414 4692 ὑπὲρ
1443 4621 1608 4675 αὑτοῦ
1640 4623 1777 4676 ἁπο-

1884 4653 2068 4692 amore
2104 4645 2314 4702 teneor,
2361 4647 2416 4692 et
2452 4653 2523 4694 ne
2566 4639 2644 4693 sic
2697 4638 2916 4708 quidem
2959 4638 3080 4693 volo
3129 4638 3394 4694 desistere
3428 4653 3458 4692 a

199 4717 400 4786 στῆναι
435 4714 612 4766 ἄθλων
637 4712 837 4766 ιθέλω·
876 4711 1060 4766 Ταῦτα
1099 4711 1272 4778 ἔλεγε.
1297 4712 1406 4764 Καὶ
1446 4711 1508 4764 τὸ
1539 4712 1699 4782 σῶμα
1721 4711 1776 4764 οι

1882 4725 2246 4795 suscipiendis
2301 4741 2397 4796 pro
2437 4727 2556 4795 ipso
2605 4728 2905 4781 laboribus.
2948 4725 3076 4781 Haec
3121 4728 3359 4793 dicebat,
3401 4738 3457 4784 et

195 4809 395 4878 δνυχες
422 4805 736 4860 διενέμοντο
757 4819 770 4834 ⁸
802 4805 902 4859 καὶ
942 4805 1273 4877 σφοδροτέρα
1309 4803 1563 4876 μᾶλλονή
1593 4805 1777 4876 ὀδύνη,

1886 4832 2080 4888 corpus
2119 4817 2455 4872 dilaniabant
2482 4817 2715 4888 ungulae,
2748 4819 3034 4889 acriorque
3076 4828 3131 4873 et
3155 4820 3456 4873 vehet-neno

198 4901 298 4953 καὶ
336 4898 540 4950 πλείων
571 4898 661 4950 επὶ
695 4897 796 4964 τὴν
843 4895 1075 4967 καρδίαν
1129 4895 1476 4949 εἰσέπιπτενο
1509 4896 1698 4965 ἐπειδὴ
1723 4895 1779 4952 δὲ

1884 4910 1992 4966 tior
2019 4912 2174 4964 dolor
2194 4925 2288 4964 cor
2311 4912 2654 4980 penetrabat.
2681 4912 2816 4970 Cum
2844 4922 3023 4966 autem
3040 4913 3149 4984 jam
3169 4913 3232 4966 ad
3258 4922 3461 4967 terram

200 4994 341 5075 πρὸς
387 4989 494 5059 γῆν
527 5006 586 5041 τε
633 4990 737 5059 ἤδη
767 4989 823 5042 αί
871 4987 1070 5057 σάρκες
1115 4989 1451 5058 κατέρρεον,
1479 4987 1572 5040 καὶ
1599 4987 1786 5056 γυμνὰ¹

1884 5015 2075 5055 carnes
2098 4999 2474 5067 deduxissent,
2517 5011 2572 5055 et
2603 5005 2744 5056 nuda
2769 5015 2893 5057 ossa
2931 5013 3114 5057 essent
3147 5003 3356 5066 relicta,
3407 5013 3464 5058 et

197 5087 267 5137 τὰ
301 5081 439 5135 ὀστᾶ
488 5081 921 5145 καταλέλειπτο,
960 5081 1052 5133 καὶ
1093 5081 1193 5149 τὴν
1244 5080 1451 5132 κοιλίαν
1483 5080 1514 5149 ἡ
1547 5079 1780 5151 βάσανος

1884 5106 2132 5150 ventrem
2161 5105 2492 5151 tormentum
2535 5093 2887 5157 coniecisset,
2924 5104 2974 5148 et
3021 5094 3322 5149 intestina:
3361 5111 3463 5151 nec

199 5180 296 5232 καὶ
332 5181 403 5231 τὰ
435 5175 722 5245 σπλάγχνα
755 5176 1119 5246 κατείργαστο
1141 5215 1156 5239 ,
1183 5173 1278 5227 καὶ⁵
1303 5172 1402 5226 οὐκ
1437 5169 1581 5242 εἰχον
1610 5174 1659 5225 oi
1688 5172 1780 5243 δή·

205 5291 319 5345 μιοι
349 5268 520 5336 οὗπερ
547 5270 771 5340 ἅψονται
800 5269 894 5322 τοῦ
919 5269 1281 5338 ὑποκειμένου
1307 5267 1385 5337 μὴ
1408 5267 1583 5332 ὄντος,
1610 5267 1781 5319 κατά-

204 5385 367 5434 γεται
398 5363 498 5435 μιν
541 5364 638 5416 ⁴τοῦ
671 5363 826 5428 ξύλου
858 5362 887 5413 6
913 5361 1148 5432 ἀθλητής
1168 5379 1181 5392 ·
1210 5361 1406 5430 μικρὸν
1439 5361 1495 5413 δὲ
1526 5361 1618 5413 τοῦ
1653 5375 1782 5410 στα-

199 5458 321 5513 δίου
355 5457 462 5523 ἔξω
493 5454 684 5525 ἀρθεὶς
710 5455 808 5524 τὴν
839 5451 1021 5524 ψυχὴν
1051 5453 1127 5520 τῷ
1157 5451 1278 5520 Θεῷ
1326 5451 1707 5520 παρατίθεται.

278 5545 672 5618 ς¹.Λαμπρῶς
696 5546 874 5598 τοίνυν
895 5544 992 5597 τοῦ
1024 5542 1322 5597 Σαῦὁατίου
1348 5545 1441 5595 καὶ
1484 5544 1622 5610 μετὰ
1651 5539 1780 5595 πολ-ν

206 5642 306 5711 λῆς
350 5641 727 5707 κρατήσαντος
747 5637 845 5705 τῆς
874 5635 1218 5706 περιουσίας,
1239 5633 1508 5700 ἀπογνοὺς
1532 5633 1781 5688 ἐντεῦθεν

209 5737 302 5787 καὶ
343 5727 440 5782 τοῦ
483 5729 762 5800 Τροφίμου
789 5729 818 5781 6
843 5729 1045 5796 ἄρχων,
1090 5729 1358 5800 ΙΙερεννῐῳ
1392 5730 1652 5800 Διονυσίῳ
1705 5729 1778 5799 τῷ

208 5825 306 5890 τῆς
337 5819 578 5891 Φρυγίας
609 5819 976 5888 Σαλουταρίας
1000 5819 1422 5889 ἡγεμονεύοντι,
1453 5811 1514 5868 οὗ
1536 5820 1629 5871 καὶ
1652 5821 1785 5887 πρό-

207 5932 361 5985 τερον
382 5917 409 5968 ὁ
437 5914 593 5982 λόγος
629 5913 895 5985 ἐμνήσθη,
915 5911 1150 5983 πέμπειν
1181 5912 1270 5965 τὸν
1302 5912 1467 5984 ἄνδρα
1492 5911 1780 5979 ἐσκέψατο,

1885 5182 2148 5238 habe-rent
2177 5183 2483 5247 camiﬁces,
2520 5183 2647 5251 quid
2682 5193 2984 5252 tangerent,
3017 5197 3141 5239 cum
3177 5199 3284 5238 non
3312 5195 3462 5245 esset

1883 5277 2213 5344 subjectum,
2237 5289 2268 5327 e
2293 5273 2438 5342 ligno
2469 5275 2689 5342 quidem
2727 5276 3020 5330 deducitur
3060 5275 3285 5330 athleta.
3322 5276 3461 5332 Cum

1885 5375 2064 5422 autem
2109 5379 2295 5434 parum
2340 5365 2606 5420 abductus
2666 5376 2812 5421 esset
2848 5375 2998 5420 extra
3038 5367 3294 5432 stadium,
3353 5366 3463 5422 Deo

1885 5457 2049 5512 tradit
2076 5455 2334 5508 animam.

1957 5544 2044 5599 γι.
2065 5543 2200 5598 Cum
2225 5558 2355 5612 ergo
2379 5552 2485 5599 tam
2509 5543 2764 5613 praeclare
2786 5545 3121 5600 decertasset
3145 5544 3462 5610 Sabbatius,

1886 5646 1941 5692 et
1973 5638 2131 5706 longo
2160 5635 2445 5691 intervallo
2472 5635 2736 5690 evasisset
2766 5635 3032 5706 superior,
3077 5635 3200 5690 ideo
3235 5635 3302 5690 de
3329 5634 3465 5689 Tro-

1887 5731 2078 5800 phimo
2102 5743 2252 5798 spem
2300 5730 2560 5798 abjiciens
2598 5744 2816 5799 prazses,
2861 5729 2926 5782 ad
2974 5729 3299 5782 Perennium
3342 5727 3466 5781 Dio-

1887 5823 2127 5892 nysium,
2166 5820 2409 5892 Phrygia:
2433 5819 2697 5874 Salutaris
2736 5821 3019 5891 praesidem
3048 5861 3061 5884 ,
3096 5822 3251 5888 cujus
3297 5820 3463 5873 etiam

1888 5915 2038 5983 prius
2075 5914 2444 5980 meminimus,
2495 5928 2618 5979 eum
2695 5916 2885 5969 statuit
2938 5914 3172 5972 mittere.
3232 5910 3464 5970 Etcum
