4150 6492
670 441 778 503 ’139

1910 426 2197 487 MENSIS
2240 424 2714 488 SEPTEMBER.

3834 417 3939 479 740

670 553 813 624 quod
851 550 1135 607 tormentis
1167 549 1233 604 ab
1259 564 1325 603 eo
1356 546 1638 615 subjectus
1675 550 1818 598 esset
1841 540 2168 610 scripsisset,
2202 546 2287 603 et,

2393 555 2512 600 σαις
2552 555 2609 589 τε
2647 536 2901 604 βασάνοις
2955 532 3047 586 ὑπ’
3105 530 3271 584 αὑτοῦ
3307 528 3643 601 παραδοθείη
3675 530 3812 596 πρὸς
3845 531 3937 580 τὸν

669 645 1127 716 quemadmodum
1156 641 1444 697 lictoribus
1468 641 1622 708 longe
1646 636 1914 691 evasisset
1953 633 2166 694 fortior,
2196 637 2250 684 et

671 740 817 810 quod
845 739 1015 792 solum
1055 737 1332 791 Christum
1374 735 1579 798 colens,
1622 731 1833 784 illorum
1876 729 2008 782 deos
2049 725 2254 778 rideret

673 845 728 888 et
789 833 936 886 nihili
971 832 1209 892 faceret;
1264 841 1498 894 eumque
1547 823 1758 876 calceos
1818 820 2028 873 ferreos
2087 814 2254 868 clavis

676 926 847 980 acutis
875 934 928 978 et
967 924 1179 981 subtus,
1212 928 1263 972 et
1291 934 1354 971 ex
1386 917 1604 984 obliquo
1635 914 1901 972 conlisos,
1951 907 2255 976 martyricis

675 1017 780 1070 illis
806 1014 1082 1083 TrOphimi
1114 1011 1338 1081 pedibus
1363 1011 1510 1078 prius
1541 1006 1729 1074 subjici
1753 1003 2026 1072 jussisset,
2053 1011 2106 1053 et
2140 999 2253 1053 cla-

677 1124 777 1161 vos
831 1122 922 1175 per
965 1106 1127 1174 pedes
1190 1101 1558 1169 transegissel,
1601 1099 1756 1166 jubet
1801 1094 1999 1147 deinde
2056 1092 2139 1161 agi
2199 1091 2253 1143 in

679 1197 986 1266 Phrygiam.
1041 1193 1137 1248 Hic
1181 1192 1325 1245 enim
1367 1190 1648 1242 dicebatur
1698 1183 1900 1238 verSari
1949 1181 2253 1250 Dionysius.

681 1288 771 1343 ille
805 1297 985 1341 autem
1015 1286 1265 1346 libenter,
1295 1291 1494 1336 etcum
1520 1278 1714 1348 gaudio
1745 1276 1925 1328 clavos
1950 1274 2050 1326 sibi
2083 1271 2256 1341 subji-

680 1380 854 1444 ciens,
899 1378 1054 1446 longe
1094 1373 1433 1444 praecedebat
1491 1375 1891 1436 consequentes
1923 1362 2151 1432 pedites,
2205 1369 2259 1414 et

683 1471 841 1525 simul
895 1475 1175 1522 currentes
1226 1465 1462 1532 equites.
1509 1459 1625 1512 Non
1667 1459 1811 1512 enim
1853 1457 2007 1510 dolor
2057 1454 2259 1523 pedum

682 1567 858 1634 potuit
887 1574 1211 1631 generosum
1256 1557 1400 1608 illius
1438 1554 1678 1606 animum
1710 1552 1962 1604 vincere:
1995 1548 2088 1601 sed
2117 1547 2260 1600 leves

683 1657 863 1727 potius
895 1654 944 1707 ei
995 1651 1224 1705 addebat
1275 1648 1407 1713 alas,
1453 1646 1864 1712 iirmioremque
1922 1639 2185 1694 reddebat
2210 1646 2264 1692 et

684 1746 1133 1802 constantiorem.

760 2011 875 2068 Vll.
906 2009 1169 2066 Confecto
1218 2009 1398 2077 itaque
1429 2004 1590 2058 trium
1648 2003 1861 2057 dierum
1911 2001 2130 2064 itinere,
2170 2013 2264 2053 ve-

686 2105 850 2160 niunt
874 2102 1141 2174 Synadam
1170 2101 1410 2170 Phrygia:
1441 2099 1745 2153 civitatem.
1794 2095 1893 2148 llic
1930 2108 2056 2147 cum
2087 2092 2268 2145 l-lelio-

689 2197 808 2252 dori
869 2198 1077 2250 litteras
1135 2194 1355 2263 legisset
1412 2191 1734 2259 Dionysius,
1803 2198 1856 2241 et
1910 2187 2270 2240 intellexisset

694 2286 1150 2357 quemadmodum
1178 2299 1234 2338 se
1266 2280 1529 2336 haberent
1555 2278 1787 2348 singula,
1807 2278 2064 2343 jussisset
2087 2286 2267 2328 autem

693 2388 987 2446 martyrem
1039 2373 1152 2427 sisti
1182 2372 1248 2425 ad
1287 2387 1444 2425 suum
1479 2367 1715 2423 tribunal
1749 2364 1871 2420 :Tu
1921 2381 2002 2427 es,
2073 2364 2270 2432 inquit,

693 2463 1062 2532 TrophimUs?
1098 2461 1294 2528 Μαι-ιμ’
1341 2473 1508 2510 vero:
1543 2455 1676 2525 Ego,
1709 2456 1908 2522 inquit,
1948 2452 2277 2521 Trophinius

695 2570 882 2620 vocor,
925 2569 1152 2622 sumque
1183 2567 1371 2606 servus
1417 2549 1621 2603 Christi
1672 2548 1783 2600 veri
1833 2545 1952 2609 Dei,
2007 2547 2061 2599 in
2116 2560 2276 2613 quem

696 2649 787 2717 qui
849 2646 1221 2710 crediderunt,
1273 2657 1616 2711 nequaquam
1682 2640 1988 2693 aliicientur
2047 2638 2275 2707 pudore.

697 2739 839 2806 Quid
870 2753 946 2805 tu,
978 2737 1150 2806 inquit
1175 2737 1282 2801 ille,
1305 2736 1357 2788 in
1388 2737 1471 2790 his
1493 2736 1672 2788 adhuc
1708 2733 1976 2803 persiStis,
2030 2730 2276 2784 inanem-

699 2847 805 2901 que
835 2841 889 2885 et
920 2846 1113 2883 vanum
1157 2830 1301 2882 hunc
1343 2831 1566 2881 invocas
1596 2826 1902 2889 Christum,
1949 2824 2041 2892 qui
2098 2823 2283 2876 multis

701 2925 805 2980 fuit
835 2938 997 2976 causa
1021 2921 1253 2974 mortis?
1286 2921 1392 2973 Sed
1424 2920 1527 2973 etsi
1575 2932 1680 2971 non
1721 2919 1892 2986 prius,
1917 2926 1970 2969 at
2001 2930 2145 2968 nunc
2177 2913 2283 2966 sal-

706 3026 834 3075 tem,
865 3013 1084 3067 dimissa
1113 3010 1164 3063 in
1198 3012 1372 3080 ipsum
1402 3008 1600 3062 liducia
1632 3007 1735 3064 diis
1762 3005 2028 3065 sacriﬁea,
2058 3012 2286 3057 mortem

703 3106 971 3175 elIugiens
999 3122 1013 3158 :
1047 3112 1102 3157 et
1143 3103 1355 3156 lucrare
1387 3103 1548 3155 vitam
1595 3110 1942 3169 praesenrem.
1975 3096 2287 3149 Generosos

706 3206 886 3251 autem
917 3195 1195 3264 excipiens
1253 3193 1584 3261 Trephimus
1615 3209 1630 3244 :
1676 3191 1902 3243 Mortem
1933 3188 2176 3255 quidem,
2205 3187 2288 3237 in-

707 3297 847 3357 quit,
879 3301 981 3340 nec
1014 3289 1056 3339 si
1096 3285 1251 3338 velim
1285 3283 1592 3354 cﬂugerim.
1625 3279 1759 3334 Nam
1787 3280 1886 3334 etsi
1921 3293 2028 3332 non
2062 3289 2114 3331 tu
2145 3293 2287 3342 eam,

707 3391 762 3434 at
795 3390 991 3433 natura
1034 3379 1257 3431 omnino
1291 3376 1497 3440 alleret,
1527 3376 1676 3436 etei,
1722 3390 1842 3442 quae
1870 3373 2159 3431 debentur,
2192 3385 2290 3422 cx-

709 3473 935 3536 solvam,
982 3486 1104 3524 cum
1161 3470 1260 3523 sim
1321 3471 1503 3522 homo.
1563 3466 1710 3520 Licet
1771 3473 1951 3518 autem
2011 3478 2073 3515 ea
2126 3463 2293 3514 vitam

710 3579 1027 3632 comparare
1061 3569 1404 3630 perpetuam,
1433 3574 1551 3626 quae
1579 3558 1741 3625 longo
1767 3555 2052 3608 intervallo
2072 3562 2296 3622 superat

713 3661 852 3710 hanc
887 3654 1083 3708 ﬂuxam
1126 3661 1180 3706 et
1208 3650 1488 3715 caducam,
1524 3649 1669 3719 quod
1698 3649 1763 3702 ad
1798 3649 2132 3718 voluptatem
2163 3647 2293 3700 atti-

715 3760 804 3804 net
831 3759 885 3803 et
910 3747 1304 3803 beatitudinem
1342 3763 1355 3797 :
1398 3745 1532 3798 adeo
1566 3753 1622 3797 ut
1655 3758 1774 3813 quae
1807 3751 1932 3796 sunt
1963 3741 2111 3795 illius
2148 3741 2292 3800 vitae,

718 3855 822 3895 nec
847 3840 1060 3910 possint
1086 3839 1236 3891 cerni
1269 3839 1463 3899 oculis,
1499 3853 1599 3889 nec
1623 3837 1800 3889 audiri
1825 3835 2069 3897 auribus,
2106 3848 2207 3886 nec
2243 3833 2294 3883 in

715 3950 809 3987 cor
847 3932 1081 3986 hominis
1114 3928 1431 3984 ascendere.
1471 3928 1646 3997 Hujus
1673 3944 1772 3998 ego
1810 3928 1935 3982 vitae
1991 3941 2108 3980 sum
2151 3941 2300 3982 nunc

717 4039 911 4093 magno
941 4037 1126 4079 amore
1155 4031 1366 4089 captus,
1399 4029 1452 4072 et
1479 4034 1702 4088 magnas
1730 4019 1824 4070 tibi
1864 4017 2036 4071 habeo
2071 4018 2293 4086 gratias,

720 4116 865 4183 quod
913 4130 997 4168 me
1047 4114 1175 4166 illuc
1231 4111 1465 4164 transire
1513 4118 1921 4179 properantem,
1973 4123 2164 4176 urgeas
2210 4123 2303 4175 per

720 4221 864 4272 eam,
892 4217 1053 4275 quam
1088 4203 1377 4266 minitaris,
1414 4211 1667 4254 mortem.

800 4405 932 4461 Vlll.
967 4402 1121 4456 Tunc
1154 4411 1298 4454 totus
1331 4401 1386 4453 in
1419 4413 1543 4452 eum
1574 4398 1707 4449 iram
1747 4397 1962 4467 spirans
1997 4397 2303 4466 Dionysius,

724 4502 874 4570 jubet
909 4515 936 4552 a
966 4506 1199 4566 quatuor
1229 4504 1513 4548 extensum
1551 4490 1736 4546 crudis
1770 4491 1932 4544 boum
1965 4491 2147 4544 nervis
2184 4504 2306 4542 ver-

2356 629 2627 680 Διονύσιον
2652 625 2888 694 γράψας,
2932 626 3081 686 ὅπως
3111 641 3170 675 τε
3208 624 3558 692 ἰσχυρότερος
3611 620 3796 686 πολλῷ
3826 620 3938 672 τῶν

2353 720 2561 789 δημίων
2585 719 2814 786 γένοιτο,
2836 721 2926 769 καὶ
2951 718 3104 778 ὅπως
3132 718 3274 784 μόνῳ
3294 714 3514 782 Χριστῷ
3554 713 3935 780 προσανέχων,

2354 813 2479 872 τοὺς
2510 810 2686 862 αὐτῶν
2713 826 2770 860 τε
2807 807 2982 877 γελιρη
3022 808 3198 872 θεοὺς,
3247 807 3340 857 καὶ
3376 804 3501 872 παρ’
3532 806 3683 856 οὐδὲν
3712 805 3940 864 τούτους

2357 904 2583 954 ποιοῖτο.
2616 899 2969 967 ’Υποδήματα
2996 898 3173 950 τοίνυν
3201 899 3392 965 σιδηρᾶ
3416 895 3564 965 ἥλοις
3589 896 3738 959 ὀξέσι
3765 897 3942 948 κατω-

2358 993 2449 1046 θέν
2478 1011 2534 1045 τε
2568 994 2659 1046 καὶ
2690 996 2753 1045 ὲκ
2791 993 3024 1060 πλαγίου
3053 991 3472 1060 διαπεπαρμένα
3502 993 3630 1052 τους
3667 1007 3941 1059 μαρτυρι-

2360 1086 2487 1146 κοὺς
2521 1083 2787 1144 ἐλεεινοὺς
2837 1082 2930 1134 τοῦ
2964 1083 3248 1150 Τροφίμου
3300 1083 3465 1143 πόδας
3502 1084 3773 1149 πρότερον
3815 1083 3946 1132 om-

2357 1177 2571 1245 δεθῆναι
2618 1174 2807 1240 εἰπὼν,
2861 1176 2953 1228 καὶ
3001 1175 3288 1242 διαπείρας
3345 1175 3468 1234 τοὺς
3525 1175 3689 1242 ἥλους
3723 1173 3812 1225 διὰ
3839 1174 3946 1224 τῶν

2361 1268 2556 1331 ποδῶν,
2589 1263 2707 1319 εἶτα
2751 1268 2840 1319 ἐπὶ
2873 1267 3114 1336 Φρυγίαν
3160 1265 3482 1317 ἐλαύνεσθαι
3534 1267 3788 1316 κελεύει·
3824 1265 3944 1332 τῇδε

2361 1363 2469 1429 γὰρ
2501 1359 2777 1422 Διονύσιος
2835 1360 3073 1425 ἐλέγετο·
3102 1358 3418 1427 διατρίϐειν.
3483 1359 3542 1409 '0
3575 1359 3653 1416 δὲ,
3705 1359 3941 1424 ἄσμενος

2365 1454 2458 1505 καὶ
2494 1452 2615 1521 μεθ’
2655 1451 2845 1518 ἡδονῆς
2876 1452 3001 1513 τοὺς
3025 1451 3187 1520 ἥλους
3218 1449 3677 1518 ύποῦαλλόμενος,
3738 1450 3948 1518 ἐμπρο-

2368 1549 2491 1601 σθεν
2523 1545 2623 1617 ἦγε
2673 1566 2743 1599 πα
2759 1547 2963 1617 ραπολυ
2998 1546 3105 1596 τῶν
3134 1563 3190 1596 τε
3232 1546 3587 1613 ὲφεπομένων
3619 1544 3804 1606 πεζῶν
3857 1546 3950 1595 καὶ

2367 1641 2474 1692 τῶν
2504 1641 3003 1710 συμπαραθεόντων
3042 1639 3249 1689 ἱππέων
3274 1654 3285 1665 ·
3321 1639 3378 1688 ού
3420 1640 3526 1706 γὰρ
3561 1640 3592 1706 ἡ
3622 1636 3733 1687 τῶν
3775 1635 3949 1686 ποδῶν

2369 1731 2527 1800 ὀδύνη
2560 1730 2776 1796 ἐλέγξαι
2800 1733 2896 1797 τὴν
2922 1730 3018 1798 τῆς
3047 1728 3256 1780 ἐκείνου
3283 1725 3460 1794 ψυχῆς
3497 1726 3678 1793 ἰσχύος
3737 1742 3952 1793 γενναι-

2370 1824 2557 1891 ότητα,
2586 1822 2719 1873 ἀλλὰ
2769 1822 2968 1889 κοῦφον
3012 1823 3146 1889 αὐτῇ
3178 1820 3375 1888 μᾶλλον
3405 1821 3696 1888 είργάσατο
3737 1820 3797 1870 τὸ
3829 1835 3954 1872 πτε·

2303 1907 2343 1963 Β
2381 1913 2494 1982 ρον,
2525 1914 2618 1964 καὶ
2659 1913 3018 1980 εὐτονώτερον
3047 1912 3260 1962 ἐποίει.¹

2444 2007 2517 2058 Ζ’.
2577 2004 2757 2072 Τριῶν
2817 2004 2996 2054 τοίνυν
3041 2004 3266 2074 ἡμερῶν
3321 2003 3418 2074 τὴν
3473 2002 3677 2071 μεταξὺ
3730 2002 3957 2070 πορείαν

2371 2097 2468 2151 ἁνύ
2482 2113 2692 2160 σαντες,
2714 2097 2791 2158 εἰς
2815 2095 3019 2146 Σύναδα
3047 2095 3198 2146 πόλιν
3217 2096 3311 2163 τῆς
3334 2097 3572 2164 Φρυγίας
3601 2097 3956 2160 κατάγονται.

2386 2188 2650 2242 Ἐνταῦθα
2685 2189 2751 2238 τὰ
2785 2186 3107 2255 Ἡλιοδώρου
3163 2190 3466 2255 γράμματα
3517 2188 3796 2248 Διονύσιος
3833 2188 3961 2237 ἁνα-

2377 2280 2556 2347 γνοίις,
2579 2277 2672 2328 καὶ
2693 2277 2837 2338 ὅπως
2864 2277 3064 2328 ἕκαστα
3088 2274 3198 2346 εἶχε
3220 2276 3429 2346 μαθὼν,
3454 2276 3527 2344 τῷ
3546 2278 3731 2344 οἰκείῳ
3757 2276 3961 2343 βήματι

2376 2373 2466 2423 τὶν
2502 2371 2751 2440 μάρτυρα
2803 2372 3180 2437 παραστήσας,
3205 2370 3274 2420 Συ
3325 2366 3391 2433 εἷ,
3431 2370 3582 2438 φησὶ,
3643 2369 3960 2436 Τρόφιμοςς

2382 2462 2486 2512 Καὶ
2521 2462 2544 2509 ὁ
2575 2464 2805 2529 μάρτυς,
2842 2458 3000 2524 Ἐγὼ,
3026 2459 3401 2525 ἀποκρίνεται,
3430 2458 3613 2520 ’δοῦλος
3649 2457 3702 2509 δε
3723 2458 3815 2509 τού
3838 2458 3966 2522 X9:-

2383 2552 2549 2622 σρτοῦ
2581 2552 2674 2604 τοῦ
2697 2552 2949 2621 ἀληθινοῦ
2969 2550 3122 2611 Θεοῦ,
3160 2567 3236 2613 εις
3265 2551 3322 2602 ὃν
3355 2551 3404 2602 oi
3442 2550 3870 2609 πεπιστευκότες
3904 2549 3964 2598 ού

2384 2645 2856 2712 καταισχύνοντας.
2878 2643 2941 2694 Τί
2964 2639 3052 2694 οὖν
3073 2645 3346 2710 ὲπιμὲνεις
3371 2645 3447 2692 ἔτι
3466 2645 3578 2702 τοῖς
3608 2641 3816 2703 αὐτοῖς,
3842 2640 3983 2712 Ern,"

2385 2738 2477 2788 καὶ
2512 2739 2740 2802 μάταιον
2793 2734 2983 2786 τοῦτον
3017 2735 3308 2795 ἀνακαλεῖς
3359 2733 3612 2803 Χριστὸν,
3642 2732 3700 2794 ὃς
3751 2731 3968 2792 πολλοῖς

2387 2825 2563 2893 αἴτιος
2589 2824 2818 2876 θανάτου
2842 2824 3136 2892 γεγένηται
3160 2839 3172 2885 ;
3217 2823 3356 2874 Ἀλλ’
3383 2825 3430 2874 εἰ
3457 2822 3549 2874 καὶ
3577 2823 3653 2890 μὴ
3679 2822 3966 2889 πρότερον,

2388 2915 2479 2968 νῦν
2519 2916 2651 2983 γοῦν
2701 2913 2799 2984 τῆς
2855 2913 2940 2967 ἐπ’
2999 2913 3160 2966 αὐτὸν
3215 2913 3508 2980 ἀφειμένος
3560 2911 3966 2978 πεποιθήσεως,

2391 3009 2550 3061 θῦσον
2587 3011 2695 3069 τοῖς
2737 3010 2901 3072 θεοῖς,
2928 3009 3020 3058 τὸν
3049 3008 3277 3056 θάνατον
3309 3003 3612 3072 διαφυγὼν,
3649 3005 3744 3054 καὶ
3776 3003 3971 3071 κέρδη-

2394 3117 2483 3152 σον
2515 3103 2613 3168 τὴν
2646 3098 2924 3168 παροῦσαν
2971 3097 3135 3165 ζωήν.
3165 3096 3222 3147 '0
3255 3099 3499 3162 γενναῖος
3549 3096 3732 3146 τοίνυν
3767 3095 3970 3145 ὑπολα-

2394 3193 2500 3245 ϐὼν
2538 3192 2838 3262 Τρόφιμος,
2861 3191 3100 3244 Θάνατον
3130 3189 3227 3258 μὲν
3257 3189 3362 3240 οὐδ’
3392 3188 3456 3241 ἂν
3479 3189 3685 3257 σφόδρα
3714 3187 3973 3255 βουλόμε-

2395 3305 2480 3348 νος
2514 3287 2764 3355 φύγοιμι,
2787 3285 2887 3355 ἔφη
2918 3301 2930 3313 ·
2960 3287 3004 3335 εἰ
3041 3283 3142 3349 γὰρ
3176 3284 3269 3332 καὶ
3313 3280 3386 3347 μὴ
3444 3281 3506 3329 σὺ
3539 3280 3750 3339 τοῦτον,
3799 3279 3908 3329 ἀλλ’
3944 3280 3975 3346 ἡ

2399 3380 2559 3446 φύσις
2620 3378 2810 3438 ἐπάξει
2869 3379 3105 3434 πάντως,
3141 3374 3231 3422 καὶ
3290 3372 3463 3439 ταύτῃ
3512 3371 3577 3421 τὰ
3638 3372 3976 3438 όσειλόμενα

2401 3470 2771 3540 λειτουργήσω
2793 3469 3076 3538 ἄνθρωπος
3108 3465 3184 3517 ὢν
3213 3483 3224 3496 ο
3253 3466 3427 3528 ἔξεστι
3457 3465 3508 3516 δὲ
3531 3466 3678 3533 ζωὴν
3700 3464 3976 3534 ἐμπορεύ-

2401 3565 2596 3614 σασθαι
2624 3561 2812 3612 τούτου
2845 3558 3088 3629 διηνεκῆ,
3121 3557 3297 3622 πολλῷ
3324 3557 3399 3623 τῷ
3439 3554 3645 3623 μεταξὺ
3683 3557 3784 3624 τὴν
3813 3561 3978 3624 προσ-

2399 3671 2589 3717 καιρον
2619 3652 2822 3717 ταύτην
2858 3653 2949 3701 καὶ
2987 3651 3219 3715 ῥέουσαν
3246 3649 3478 3714 κατάγει
3515 3649 3604 3697 τὸν
3631 3650 3730 3715 τῆς
3791 3649 3978 3717 ἡδονῆς

2401 3746 2559 3812 λόγον
2591 3745 2685 3796 καὶ
2715 3746 2811 3813 τῆς
2856 3741 3261 3812 μακαριότητος
3290 3741 3736 3810 ύπερϐαίνουσαν
3781 3742 3875 3792 καὶ
3898 3759 3983 3795 το-

2404 3837 2611 3900 σοῦτον,
2650 3836 2760 3903 ὅσῳ
2818 3833 2952 3904 μηδὲ
3009 3829 3273 3899 ὀφθαλμῴ
3316 3830 3380 3880 τὰ
3431 3829 3645 3896 ἐκείνης
3703 3826 3805 3896 τῆς
3841 3828 3981 3895 ζωῆς

2402 3932 2595 4000 ὁρατὰ,
2624 3928 2758 3998 μηδὲ
2790 3926 2922 3978 ὼσίν
2953 3924 3218 3984 ἀκουστὰ,
3251 3921 3370 3991 μηδ’
3390 3924 3479 3972 ἐπὶ
3513 3919 3744 3990 καρδίαν
3774 3919 3983 3990 ἀνθρὼ-

2404 4040 2507 4074 που
2539 4020 2804 4086 ἀναϐῆναι
2853 4019 3151 4085 δυνάμενα.
3190 4015 3400 4083 Ταύτης
3462 4015 3574 4064 ἕσοι
3646 4013 3819 4064 τανῦν
3879 4016 3984 4080 ἐγὼ

2407 4113 2714 4181 θερμότατα
2748 4111 2877 4181 ἐρᾷν
2910 4111 3007 4179 τῆς
3037 4108 3182 4177 ζωῆς
3208 4123 3220 4137 ’
3254 4108 3347 4158 καὶ
3376 4106 3578 4174 πολλὴν
3615 4107 3679 4157 ἄν
3713 4123 3797 4158 σοι
3830 4107 3983 4176 χάριν

2408 4206 2634 4273 εἰδείην,
2659 4203 2800 4256 οὕτω
2834 4219 2899 4271 με
2952 4201 3273 4264 σπεύδοντα,
3303 4200 3396 4250 καὶ
3435 4197 3602 4250 αὐτὸν
3640 4201 3761 4250 ἐκεῖ
3794 4187 3985 4266 διαδῆ-

2408 4317 2515 4360 ναι,
2541 4298 2601 4348 δι’
2636 4292 2805 4362 οὗπερ
2839 4294 3082 4352 ἀπειλεῖς
3119 4292 3346 4344 θανάτου
3374 4292 3670 4355 ἐπείγοντι.

2480 4389 2560 4440 11¹.
2598 4385 2856 4437 Ἐνταῦοα
2909 4385 3025 4443 ὅλος
3060 4383 3179 4433 κατ’
3211 4381 3374 4432 αὑτοῦ
3413 4382 3536 4432 πνεῖ
3561 4379 3876 4443 Διονύσιος·
3901 4385 3988 4435 καὶ

2412 4477 2622 4532 κελεύει
2671 4477 2736 4528 ὲκ
2773 4475 3054 4544 τεσσάρων
3089 4471 3414 4526 διαταθέντα
3473 4472 3625 4541 ἱμᾶσι
3663 4473 3791 4542 βοὸς
3844 4477 3986 4545 ὠμά.

730 4590 912 4646 berari
945 4607 957 4642 :
987 4599 1039 4642 et
1073 4589 1333 4641 continuo
1363 4587 1490 4637 dum
1525 4584 1906 4637 verberaretur
1934 4582 2131 4650 (nescit
2161 4586 2287 4634 enln

2414 4589 2570 4641 τερον
2613 4567 2935 4632 τύπτεσθαι,
2965 4568 3054 4618 καὶ
3081 4565 3404 4634 τυπτομένῳ
3431 4563 3591 4627 εὐθὺς
3615 4565 3698 4632 (οὐ
3723 4567 3836 4633 γὰρ
3866 4570 3989 4619 ἀνα-

730 4683 922 4736 vitium
957 4679 1180 4733 diﬂ‘erre
1222 4687 1277 4730 et
1315 4675 1583 4742 cunctari)
1637 4692 1650 4726 :
1711 4673 1805 4726 Dic
1849 4674 2048 4736 solum,
2105 4673 2307 4734 aiebat,

732 4771 1053 4842 Trophime,
1082 4770 1186 4824 diis
1217 4767 1558 4829 sacrilicabo,
1592 4774 1646 4820 et
1695 4765 1836 4819 illico
1862 4780 1890 4817 a
1923 4765 2065 4816 malo
2119 4765 2312 4818 libera-

733 4869 900 4924 beris.
930 4867 1024 4920 llle
1062 4874 1243 4918 autem
1279 4864 1438 4915 verba
1469 4861 1615 4913 illius
1647 4857 2015 4918 existimabat,
2054 4866 2309 4925 tanquam

737 4976 926 5015 vocem
959 4959 1238 5028 spinarum
1287 4954 1387 5006 sub
1434 4953 1632 5005 lebete.
1679 4950 1894 5004 Sciebat
1952 4947 2120 5012 enim,
2171 4949 2314 5018 quod

737 5061 942 5124 quanto
970 5052 1216 5120 graviora
1254 5051 1440 5100 essent
1474 5060 1569 5097 sua
1603 5044 1925 5106 certamina,
1959 5047 2111 5095 tanto
2135 5057 2192 5094 se.
2240 5041 2318 5092 vi-

737 5157 945 5199 ctorem
983 5141 1224 5194 futurum
1247 5138 1555 5195 clariorem.
1591 5145 1642 5188 et
1673 5150 1736 5186 eo
1763 5132 2188 5202 splendidiorem
2217 5133 2315 5184 ha-

740 5237 982 5290 biturum
1006 5243 1286 5287 coronam.
1317 5230 1453 5293 Quid
1477 5244 1603 5295 ergo
1627 5227 1755 5278 facit
1786 5227 1906 5279 ille?
1931 5227 1985 5279 ln
2007 5242 2126 5279 eum
2161 5239 2316 5279 exco-

742 5325 876 5397 gitat
921 5339 1117 5376 novum
1151 5320 1370 5377 modum
1409 5315 1746 5376 insidiarum,
1793 5324 1848 5368 ut
1895 5314 2150 5367 inusitato
2189 5328 2316 5380 sup—

744 5420 906 5489 plieio
946 5413 1290 5486 perturbaret
1338 5412 1617 5465 athletam.
1681 5407 1816 5461 Cum
1869 5414 2080 5459 acetum
2148 5404 2321 5473 sinapi

744 5516 1228 5578 contemperasset,
1318 5502 1556 5557 infundit
1625 5499 1849 5552 naribus
1900 5495 2164 5564 martyris.
2232 5496 2322 5548 Ille

744 5613 924 5656 autem
952 5611 1136 5670 aperte
1167 5597 1406 5655 ostendit
1433 5609 1490 5647 se
1533 5592 1735 5644 nullam
1786 5591 2010 5644 omnino
2053 5589 2323 5654 accepisse

747 5690 1097 5746 mutationem
1129 5706 1191 5744 ex
1219 5684 1575 5742 acerbissima
1607 5680 1692 5732 illa
1749 5677 2169 5744 temperatione.
2221 5674 2324 5729 De-

749 5786 914 5838 decus
955 5797 1083 5852 ergo
1132 5795 1241 5834 non
1303 5779 1487 5830 ferens
1543 5771 1826 5829 scelestus,
1892 5768 2036 5836 ligno
2094 5766 2328 5835 alligavit

754 5877 1010 5931 athletam
1041 5890 1135 5945 per
1166 5887 1281 5938 eos,
1313 5870 1406 5938 qui
1460 5863 1828 5922 inserviebam
1872 5861 1987 5930 ejus
2032 5859 2325 5928 iniquitati,

2414 4663 2706 4715 ὕσλλεσθαι
2764 4657 2907 4712 οἶδεν
2969 4661 3000 4728 ἡ
3060 4657 3230 4710 κακία
3288 4659 3382 4709 καὶ
3434 4658 3989 4726 διαμέλλειν),Θύσον

2418 4754 2602 4821 μόνον,
2634 4751 2902 4819 Τρόφιμε,
2940 4749 3030 4798 ἐπὶ
3051 4751 3159 4808 τοῖς
3211 4749 3370 4810 θεοῖς,
3423 4751 3448 4798 ό
3497 4749 3720 4814 ἡγεμὼν
3757 4750 3986 4811 ἐπεϐόα,

2418 4845 2510 4895 καὶ
2543 4842 2634 4893 τοῦ
2665 4839 2834 4892 κακοῦ
2864 4839 3225 4906 ἁπαλλαγὴσῃ
3272 4836 3496 4891 αὐτίκα.
3532 4839 3588 4887 ’(1
3620 4837 3674 4889 δὲ
3705 4837 3781 4901 ὡς
3815 4841 3989 4908 φωνὴν

2419 4935 2670 4990 ἀκανθῶν
2724 4933 2828 4986 ὑπὸ
2877 4933 3099 5001 λέϐητα,
3148 4932 3290 4984 οὓτω
3350 4933 3474 4992 τοὺς
3536 4931 3746 4983 ἐκείνου
3805 4933 3989 4999 λόγους

2420 5028 2624 5095 ἡγεῖτο·
2647 5024 2762 5094 ᾔδει
2786 5024 2892 5091 γὰρ
2910 5024 3018 5088 ὅσῳ
3038 5020 3437 5088 χαλεπωτέροις
3459 5018 3685 5069 ὲπὰλαιε
3702 5057 3715 5080 ,
3745 5018 3989 5088 λαμπρό-

2419 5138 2572 5189 τερος
2610 5118 2850 5169 τοσούτω
2892 5115 3180 5180 γενόμενος
3235 5111 3578 5179 στεφανίτης.
3607 5107 3672 5160 Τί
3729 5104 3826 5162 οὖν
3858 5113 3990 5163 ἐκεῖ·

2421 5230 2511 5272 νος
2544 5212 2719 5271 ποιεῖ;
2755 5206 2950 5258 Καινὸν
3003 5205 3296 5272 ἐπιϐουλῆς
3338 5206 3540 5255 ἐπινοεῖ
3587 5202 3796 5268 τρόπον
3830 5205 3989 5271 αὐτῷ,

2426 5307 2513 5356 ἵνα
2554 5303 2627 5371 τῷ
2683 5301 3003 5369 ἀμελετήτῳ
3060 5299 3154 5348 καὶ
3187 5297 3347 5365 ἀήθει
3387 5295 3480 5362 τῆς
3522 5297 3797 5366 τιμωρίας
3847 5296 3993 5365 θορυ-

2427 5397 2571 5464 ϐήσῃ
2608 5395 2696 5444 τὸν
2741 5391 3017 5458 ἀθλητήν·
3068 5390 3186 5450 ὅξος
3233 5387 3415 5438 τοίνυν
3457 5387 3700 5456 κεράσας
3752 5389 3867 5449 τοῖς
3904 5387 3989 5439 τοῦ

2431 5488 2704 5556 μάρτυρος
2732 5487 2907 5554 ἐπιχεῖ
2940 5483 3247 5553 μυκτῆρσιν
3271 5494 3284 5508 '
3313 5481 3339 5530 ὁ
3364 5478 3420 5530 δὲ
3450 5484 3540 5531 καὶ
3563 5477 3708 5528 οὕτω
3738 5477 3898 5548 δῆλος
3937 5473 3994 5546 ἦν

2433 5577 2554 5646 μηδ’
2617 5574 2900 5642 ἡντιναοῦν
2957 5570 3259 5646 μεταϐολὴν
3329 5569 3434 5622 ὑπὸ
3518 5565 3610 5616 τοῦ
3669 5565 3992 5638 δριμυτάτον

2431 5672 2712 5735 κράματος
2745 5665 2954 5716 ἑκείνου
3011 5661 3219 5716 παθών.
3266 5663 3380 5713 Οὐκ
3416 5655 3658 5724 ἐνεγκὼν
3694 5660 3879 5709 τοίνυν
3907 5655 3993 5731 ⁴ξὴν

2431 5759 2692 5829 αἰσχύνην
2723 5760 2748 5808 ό
2786 5754 3013 5822 πονηρὸς
3052 5755 3188 5823 ξύλῳ
3223 5754 3314 5805 τὸν
3345 5737 3584 5820 ἀθλητὴύ
3613 5751 3700 5803 διὶι
3736 5750 3847 5800 “tein
3867 5747 3992 5817 ύπη-

2438 5851 2774 5923 ρετουμένων
2843 5847 3093 5916 autc-31f;
3156 5841 3472 5915 παρανομία
3528 5842 3858 5921 προσέδησε,
3913 5845 3990 5895 καὶ
