4150 6486
242 417 340 482 741
1063 427 1530 491 MARTYRIUM
1569 429 1632 489 S.
1671 430 2054 491 TROPHIMI
2095 433 2189 494 ET
2229 434 2639 500 SOCIORUM.
3381 452 3484 516 742

237 528 548 593 καταξάνας
584 532 681 594 τὰς
723 533 982 603 πλευρὰς,
1027 538 1122 590 καὶ
1155 537 1375 607 βαθείας
1407 540 1463 592 ἐν
1494 541 1685 602 αὑταῖς
1716 556 1774 592 τε

1879 551 1960 603 _et
1987 542 2150 598 latera
2180 545 2460 602 dilaniavit
2492 566 2506 602 :
2540 557 2594 603 et
2627 565 2747 604 cum
2780 549 2833 604 in
2863 552 2941 606 eis
2981 553 3278 623 profundos
3304 562 3486 618 sulcos

236 622 352 689 μῶν
379 620 652 685 αῠλακας,
677 625 924 694 αἱμάτων
962 630 1258 699 ξκατήγαγε
1312 632 1614 701 ποταμούς.
1663 633 1721 685 Ὀ
1753 634 1778 686 δ

1912 623 2281 696 ιιίεεεουῖεδει.
2324 641 2603 710 sanguinis
2640 642 2861 697 deduxit
2902 644 3118 702 ﬂuvios.
3173 649 3264 704 llle
3299 663 3481 708 autem

231 713 342 779 ὅσῳ
371 713 576 781 μᾶλλον
606 715 748 784 ἤρθη
781 717 878 786 τῆς
919 721 1040 789 γῆς,
1071 723 1312 789 τοσούτῳ
1341 723 1526 776 πλεῖον
1561 724 1778 792 ἐγγίζει

1909 738 2017 792 quo
2043 726 2203 781 altius
2231 731 2481 786 sublatus
2508 742 2622 786 erat
2645 749 2674 788 e
2709 745 2871 798 terra,
2897 753 2960 791 eo
2993 742 3163 809 magis
3200 743 3482 800 videbatur

230 801 408 856 ἐδόκει
442 804 566 874 Θεῷ
592 822 604 836 ο
639 809 752 870 καὶ,
790 808 988 861 nomn
1020 811 1074 862 αἱ
1109 811 1341 879 θλίψεις,
1388 816 1560 882 ἔλεγε,
1592 816 1702 869 τῶν
1732 815 1778 867 δε

1910 814 2019 869 Deo
2042 832 2160 872 esse
2179 822 2513 891 prapinquus
2539 842 2550 877 :
2574 833 2646 888 et,
2675 825 2873 893 Multae,
2900 801 3136 895 diceba-t,
3160 833 3479 894 alllictiones

232 894 428 959 καίων,
462 898 560 948 καὶ
597 899 659 949 ὲκ
691 897 881 952 πασῶν
925 902 1104 954 αὐτῶν
1135 903 1359 971 ῥύσεται
1393 905 1588 969 αὐτοὺς
1617 907 1644 958 6
1691 907 1773 959 Κύ

1900 906 2193 975 justorum,
2217 919 2270 964 et
2287 927 2352 964 ex
2375 913 2452 967 eis
2475 917 2726 971 omnibus
2750 919 3000 974 liberabit
3026 938 3119 976 eos
3143 923 3402 982 Dominus
3426 932 3468 986 ‘.

231 1002 371 1056 ριος.
417 989 692 1054 Διονύσιος
721 992 804 1058 δὲ,
849 993 1048 1045 τούτων
1073 995 1310 1059 ἀκούσας
1337 1037 1353 1064 ,
1398 997 1461 1052 Ἦ
1505 999 1709 1067 ματαία
1745 1015 1801 1051 σε

227 1079 370 1148 αὓτη
403 1081 582 1150 ἐλπὶς,
615 1082 753 1149 εἷπε,
793 1088 1092 1156 Τρόφιμος,
1125 1088 1224 1141 καὶ
1261 1091 1586 1158 κουφολογία
1613 1093 1802 1156 κακῶς

226 1169 441 1222 ἁπολεί’
467 1175 550 1234 τίς
591 1176 699 1245 γάρ
726 1193 805 1229 σοι
857 1177 947 1228 καὶ
978 1178 1084 1229 ἀιπὸ
1121 1178 1230 1231 τῶν
1281 1178 1485 1230 ὀδυνῶν
1528 1181 1647 1248 ἥξει
1688 1181 1799 1234 τῶν

225 1264 515 1329 παρόντων
536 1270 830 1337 ῥυσόμενος
849 1285 864 1334 ;
882 1266 997 1322 ἀλλ’
1023 1268 1210 1334 ἐάσας,
1232 1271 1501 1340 παραινῶ,
1523 1273 1589 1324 τὰ
1606 1273 1794 1337 πολλὰ,

221 1356 315 1406 καὶ
380 1357 481 1426 τὴν
527 1359 688 1427 κενὴν
718 1358 784 1428 ῆν
820 1358 995 1426 λέγεις
1028 1358 1405 1429 εὐδαιμονίαν,
1433 1360 1596 1414 θῦσον
1629 1380 1799 1432 προσ-

220 1446 393 1498 ελθὼν
440 1451 549 1509 τοῖς
584 1451 725 1513 Θεοῖς
758 1465 772 1478 ·
801 1451 941 1503 οὕτω
980 1454 1088 1523 γὰρ
1147 1453 1212 1506 ἂν
1251 1452 1417 1523 ὀνήσῃ
1474 1457 1667 1507 σαυτὸν
1704 1457 1798 1508 καὶ

1905 997 2196 1068 Dionysius
2215 1011 2393 1054 autem
2417 1019 2538 1058 cum
2566 1006 2679 1060 ha>c
2705 1010 3004 1064 audivisset
3033 1031 3045 1067 :
3077 1014 3220 1068 Vana
3251 1026 3302 1070 te
3329 1034 3476 1087 Spes,

1904 1085 2100 1156 inquit,
2132 1090 2450 1161 Trophime,
2482 1103 2536 1149 et
2576 1095 2710 1150 levis
2735 1098 2991 1166 cogitatio
3017 1105 3157 1159 male
3200 1085 3466 1174 perdunt.

1902 1175 2032 1239 Quis
2061 1180 2208 1233 enim
2240 1183 2305 1235 ad
2332 1191 2382 1236 te
2413 1184 2591 1238 veniet
2614 1202 2643 1239 e
2669 1189 2840 1253 caelis,
2869 1205 2897 1243 a
2929 1196 3289 1260 praesentibus
3322 1199 3478 1255 malis

1900 1267 2396 1329 liberaturus?Sed
2442 1281 2632 1343 multa,
2676 1280 2767 1333 tibi
2809 1283 3028 1349 suadeo,
3083 1292 3246 1341 verba
3287 1290 3476 1345 dimit-

1901 1367 2044 1425 tens,
2090 1370 2144 1416 et
2181 1380 2396 1429 vanam,
2428 1384 2586 1437 quam
2630 1371 2786 1438 dicis,
2829 1373 3164 1442 felicitatem,
3208 1381 3476 1438 accedens

1900 1450 2001 1504 diis
2041 1455 2306 1512 sacrifica.
2342 1456 2430 1512 Sic
2463 1460 2608 1514 enim
2641 1463 2736 1516 tibi
2768 1467 3036 1534 proderis,
3065 1480 3119 1524 et
3146 1486 3254 1523 non
3291 1473 3470 1529 aliter.

219 1541 320 1592 οὐκ
375 1542 596 1605 ἄλλως,
641 1543 796 1595 Ἐπεὶ
868 1545 1041 1597 ταῦτα
1104 1545 1268 1615 ψόφοι
1325 1549 1482 1616 μόνον
1532 1548 1639 1599 εἰσὶ
1687 1548 1778 1599 τῶε

1893 1539 2030 1596 Nam
2067 1545 2180 1600 hanc
2207 1556 2334 1604 sunt
2374 1550 2552 1604 solum
2587 1556 2868 1622 strepitus,
2909 1559 2997 1626 qui
3030 1561 3392 1618 effunduntur
3419 1565 3474 1620 in

218 1628 374 1680 ὤτων
406 1634 823 1702 καταχεόμενοι.
856 1634 1088 1688 Τούτων
1147 1639 1352 1698 ἐκεῖνος
1385 1636 1601 1690 ἀκούων
1629 1656 1778 1692 κατε·

1894 1647 2071 1688 aures.
2103 1636 2196 1690 His
2229 1637 2316 1691 ille
2366 1641 2587 1705 auditis,
2624 1643 2884 1700 irridebat
2932 1651 3177 1717 praesidis
3208 1653 3473 1723 improbi-

216 1721 352 1788 γέλα
380 1723 477 1792 τῆς
503 1724 595 1777 τοῦ
615 1725 884 1795 ἡγεμόνος
909 1729 1261 1796 κακουργίας.
1289 1728 1396 1780 Καὶ
1421 1732 1521 1782 οὐκ
1552 1729 1616 1783 ἄν
1643 1748 1778 1798 ποτεΙ

1896 1731 2080 1788 tatem,
2102 1738 2157 1781 et
2178 1747 2189 1782 :
2208 1727 2514 1800 Nunquam,
2538 1734 2736 1798 aiebat,
2759 1754 2789 1790 ο
2809 1738 3050 1811 Dionysi,
3072 1744 3196 1797 dum
3220 1721 3313 1800 ero
3330 1750 3473 1815 apud

215 1809 389 1877 εἶπεν,
424 1817 480 1866 ὲν
509 1817 752 1886 ἐμαυτῷ,
785 1817 1048 1882 Διονύσιε,
1075 1817 1170 1882 ὢν,
1201 1818 1291 1870 τὸν
1326 1819 1457 1888 ἐμὸν
1515 1821 1670 1888 Θεὸν,
1704 1823 1778 1876 τδη

1893 1832 2003 1881 me,
2033 1835 2212 1874 meum
2239 1823 2427 1888 Deum,
2455 1827 2544 1894 qui
2569 1838 2649 1881 est
2675 1845 2835 1882 verus
2861 1841 2915 1884 et
2935 1836 3109 1900 vivus,
3136 1841 3469 1908 negaverim.

214 1903 418 1970 ζῶντα,
447 1906 539 1959 τὸν
563 1909 758 1978 ἀληθῆ,
783 1908 1146 1979 ἀρνησαίμην.
1185 1909 1355 1979 Εἴπερ
1409 1906 1503 1963 οὖν
1558 1927 1640 1963 σοι
1698 1913 1778 1965 κα]

1894 1904 1948 1958 Si
1972 1917 2054 1961 est
2081 1913 2324 1979 ergotibi
2354 1913 2510 1971 facile
2534 1919 2925 1976 transformare
2951 1903 3233 1995 homines,
3251 1939 3307 1984 et
3341 1932 3474 1988 alios

215 1999 560 2066 μιταπλάττε
574 2017 621 2051 ιν
640 1998 954 2070 ἀνθρώπους
983 2002 1162 2070 ῥᾴδιον
1178 2040 1194 2066 ,
1218 2003 1310 2054 καὶ
1331 2002 1521 2065 ἄλλους
1542 2002 1601 2066 ἐξ
1620 2002 1778 2054 ἄλλων

1895 1996 2076 2053 facere
2101 2016 2164 2055 ex
2198 2003 2337 2067 aliis,
2362 2020 2615 2077 exspecta
2646 2011 2782 2079 fore,
2802 2023 2858 2067 ut
2889 2032 2955 2071 ex
2994 2034 3079 2072 me
3109 2021 3310 2090 aliquid
3334 2024 3472 2080 fnrto

211 2091 408 2153 ποιεῖν,
444 2091 717 2159 προσδόκα
768 2107 820 2142 τι
862 2090 991 2162 παρ’
1048 2092 1183 2162 ἐμοῦ
1215 2093 1308 2146 καὶ
1367 2094 1476 2145 τῶν
1531 2094 1791 2147 ἐναντίων

213 2183 341 2244 ῐσως
369 2183 625 2234 ἀκοῦσαι·
655 2182 727 2246 ὡς
755 2183 927 2253 ἔγωγε
955 2187 981 2238 6
1009 2185 1170 2249 αὐτὸς
1199 2185 1476 2256 Τρόφιμος
1502 2187 1788 2259 ὑπάρχων,

208 2271 401 2343 ὥσπερ
433 2272 497 2343 δὴ
530 2279 625 2326 καὶ
662 2272 757 2327 νῦν
783 2277 921 2344 είμι,
968 2277 1159 2331 θᾶττον
1191 2277 1531 2348 δπιλάθωμαι
1565 2280 1658 2331 τοῦ
1697 2280 1789 2332 άν-

210 2365 431 2435 θρωπος
459 2360 599 2417 εἶναι
627 2365 658 2435 ἢ
688 2367 778 2421 τὸν
805 2369 1001 2421 οίκείον
1053 2368 1329 2439 Δεσπότην
1387 2371 1482 2424 καὶ
1515 2376 1788 2442 Δημιουρ-

208 2457 304 2523 γδν
337 2457 692 2526 ἀγνοήσαιμι.

277 2545 358 2601 Θ’.
379 2549 490 2600 Καὶ
521 2549 548 2600 6
577 2547 799 2618 ἡγεμών
819 2565 831 2578 ·
863 2549 1074 2618 Ὥσπερ
1103 2551 1153 2602 el
1178 2551 1553 2622 παρῃνοῠμεν,
1579 2553 1784 2624 Τρὶφι-

208 2658 332 2711 μος,
365 2641 441 2712 μὴ
474 2641 779 2711 ἀποστῆναί
824 2659 883 2695 σε
917 2643 1016 2713 τῆς
1047 2641 1356 2712 ὁμολογίας,
1380 2644 1517 2697 ἀλλὰ
1544 2649 1653 2705 τοῖς
1688 2648 1787 2699 αύ-

204 2737 318 2796 τοῖς
350 2734 618 2802 ἑμμένειν
649 2735 742 2786 καὶ
771 2734 864 2788 τοῦ
919 2734 1359 2807 Χριστιανισμοῦ
1401 2738 1783 2809 περίσχεσθαι,

202 2818 350 2872 οὕτω
385 2819 524 2890 πρὸς
555 2822 704 2889 ἡμᾶς
737 2822 1031 2893 ἀποκρίνῃ.
1066 2825 1177 2877 Καὶ
1215 2829 1340 2888 τοὺς
1385 2825 1614 2895 δημίους
1659 2831 1784 2882 ἑπι-

205 2913 496 2981 στραφεὶς,
526 2912 912 2983 Σφοδρότερον,
939 2915 1144 2984 ἔλεγεν,
1168 2916 1220 2968 εί
1240 2935 1357 2980 πως
1386 2918 1482 2987 ὀψὲ
1501 2918 1631 2986 γοῦν
1653 2920 1783 2971 ταύ-

201 3020 302 3072 της
328 3003 610 3071 ἀποσταίη
641 3004 736 3072 τῆς
755 3001 1041 3076 φλυαρίας.
1082 3006 1140 3059 '0
1162 3009 1218 3059 δὲ
1249 3009 1455 3081 ἔπασχε
1477 3011 1578 3080 μὲν
1605 3013 1698 3064 καὶ
1725 3011 1784 3064 τὸ

202 3094 367 3163 σῶμα
390 3096 697 3147 ἐδαπανᾶτο
722 3111 734 3126 ·
768 3096 982 3165 ἤκμαζε
1011 3098 1064 3150 δὲ
1113 3099 1207 3150 καὶ
1258 3101 1515 3153 ἀνέοαλλε
1550 3105 1615 3173 τῇ
1649 3119 1784 3172 προ-

199 3185 406 3257 θυμίᾳο
440 3187 536 3240 καὶ
565 3186 765 3256 θερμὸν
794 3181 905 3239 οἷον
941 3189 1079 3260 ὑπὲρ
1107 3189 1388 3250 εὐσεϐείας
1432 3190 1608 3245 ἔπνει.
1654 3195 1782 3244 Δια-

198 3281 419 3346 παίςων
475 3282 656 3334 τοίνυν
706 3282 798 3334 τὸν
855 3284 1076 3353 άνδραὸ
1111 3282 1354 3353 ἡγεμὼν,
1396 3283 1582 3345 Οῠπω,
1622 3288 1778 3355 φησὶ,

197 3374 394 3443 ᾔσθου,
413 3375 685 3444 Τρόφιμε,
715 3375 822 3454 τῶν
848 3375 1095 3444 βασάνων
1117 3393 1130 3442 ;
1153 3378 1262 3428 Καὶ
1282 3379 1308 3429 6
1331 3377 1538 3447 μάρτυς
1562 3380 1796 3445 αὐτίκα,

194 3469 262 3521 Σὲ.
298 3468 506 3537 μᾶλλον
528 3463 665 3528 οἶδα,
694 3467 822 3536 ἔφη,
856 3467 950 3519 τοῦ
979 3467 1184 3530 πάθους
1206 3468 1590 3525 αἰσθάνεσθαι’
1623 3471 1782 3540 δῆλος

193 3560 305 3626 γὰρ
335 3553 386 3607 εἰ
427 3555 546 3606 λίαν
581 3555 683 3605 ὑπὸ
713 3555 804 3606 τοῦ
835 3556 1013 3622 θυμοῦ
1064 3558 1532 3626 τυραννούμενος·
1564 3561 1688 3626 ἐμοὶ
1722 3562 1779 3612 δὲ

191 3649 303 3717 ὅσῳ
351 3649 412 3700 τὸ
467 3649 624 3717 σῶμα
673 3647 1086 3712 καταναλοῦται,
1125 3647 1364 3717 τοσούτῳ
1435 3649 1621 3704 λύεται
1669 3651 1778 3704 τῶν

193 3739 413 3810 δεσμῶν
438 3741 534 3793 καὶ
570 3739 628 3792 τὸ
663 3740 780 3792 ὅλον
812 3739 1222 3810 ἐλευθεροῦται,
1249 3743 1341 3793 καὶ
1387 3741 1638 3811 θειοτέρα
1692 3744 1778 3812 γί-

192 3850 348 3885 νεται
402 3834 437 3902 ἡ
467 3833 633 3901 ψυχή.
657 3832 730 3883 Οὐ
764 3838 872 3900 γὰρ
906 3836 1141 3900 μένουσα
1189 3837 1246 3883 εν
1275 3833 1352 3901 τῷ
1387 3832 1599 3901 σώματι
1655 3851 1779 3886 συν-

195 3925 559 3993 αποθνήσκει,
582 3924 714 3977 ἀλλά
755 3928 893 3990 προς
924 3925 990 3975 τὰ
1025 3923 1331 3991 ποθούμενα
1371 3924 1652 3988 διαὸαἱνει,
1685 3927 1776 3978 καὶ

189 4020 281 4070 τον
315 4018 518 4068 οἰκεῖον
555 4015 935 4084 ἀπολαμϐάνει
967 4013 1184 4083 κλῆρον.
1225 4011 1282 4068 '0
1318 4016 1416 4084 μὲν
1468 4012 1562 4069 οὗν
1601 4016 1774 4070 ταῦτα

190 4111 384 4178 ἔλεγεν
409 4125 422 4138 ο
461 4108 510 4159 οί
550 4107 734 4176 δημιοι
758 4107 813 4160 δὲ
843 4105 1112 4177 ἀλλήλους
1149 4109 1204 4160 ὲν
1233 4109 1310 4178 τῷ
1337 4109 1476 4173 ξέειν
1530 4109 1772 4179 διαδεχό-

192 4221 372 4274 μενοι,
399 4201 709 4273 βαρυτέρας
760 4203 910 4270 αὺτῴ
965 4203 1056 4262 τὰς
1108 4201 1297 4263 όδύνας
1348 4201 1593 4269 ἑπῆγον;
1635 4205 1661 4253 6
1696 4203 1770 4266 δὲ,

1891 2088 2082 2144 audias
2102 2097 2454 2151 contrarium.
2481 2099 2611 2155 Nam
2637 2118 2738 2171 ego
2761 2106 2977 2172 quidem
2995 2108 3125 2163 dum
3148 2088 3267 2165 sum
3298 2097 3466 2179 idem.

1892 2181 1983 2251 qui
2019 2198 2184 2250 nunc,
2220 2186 2567 2258 Trophimus,
2603 2195 2894 2252 obliviscar
2925 2200 3088 2254 citius
3126 2218 3249 2258 esse
3280 2205 3468 2272 homo,

1891 2287 2052 2341 quam
2099 2292 2281 2332 meum
2322 2281 2680 2351 ignoraverim
2724 2288 3010 2345 Dominum
3047 2302 3099 2347 et
3137 2294 3466 2355 Creatorem.

1960 2563 2052 2620 lx.
2098 2566 2302 2624 Prxses
2337 2580 2518 2626 autem
2555 2589 2570 2628 :
2609 2571 2842 2630 Perinde
2884 2578 3041 2633 nobis
3076 2584 3398 2652 respondes,
3433 2603 3466 2641 ο

1890 2654 2208 2726 Trophime,
2235 2670 2397 2730 atque
2423 2663 2467 2715 si
2507 2664 2600 2718 tibi
2630 2667 3013 2736 suaderemus,
3053 2687 3162 2727 non
3197 2676 3463 2734 desistere

1888 2764 1917 2803 a
1948 2749 2315 2821 confessione,
2367 2754 2462 2808 sed
2512 2754 2565 2808 in
2606 2757 2814 2813 eisdem
2847 2777 3218 2832 perseverare,
3246 2778 3301 2822 et
3342 2783 3463 2825 am-

1887 2839 2048 2909 plecti
2078 2840 2576 2899 Christianismum.
2613 2847 2681 2900 Et
2727 2864 3026 2905 conversus
3074 2854 3139 2906 ad
3191 2854 3457 2911 lictores:

1887 2932 2295 2996 Vehementius,
2325 2935 2522 3005 inquit,
2551 2938 2595 2992 si
2626 2944 2898 3007 quomodo
2927 2945 3141 2998 tandem
3166 2948 3235 2999 ab
3261 2948 3344 3002 his
3366 2949 3461 3003 de-

1883 3027 2035 3080 sistat
2062 3029 2237 3097 nugis.
2267 3029 2356 3082 llle
2384 3042 2562 3084 autem
2596 3034 2903 3102 patiebatur
2921 3039 3160 3106 quidem,
3185 3051 3238 3094 et
3260 3056 3458 3111 corpus

1883 3118 1931 3170 ei
1981 3119 2457 3176 consumebatur:
2491 3122 2701 3193 vigebat
2735 3141 2862 3180 vero
2904 3143 2968 3182 ac
3018 3129 3243 3185 florebat
3288 3135 3454 3188 alacri

1806 3240 1850 3300 C
1883 3222 2241 3281 promploque
2274 3213 2438 3269 animi
2490 3217 2693 3283 studio,
2724 3222 2777 3273 e‘t
2813 3237 2909 3289 pro
2956 3223 3158 3292 pietate
3207 3226 3458 3282 decet-ta-

1885 3302 1978 3356 bat
2030 3305 2404 3360 vehementer.
2460 3308 2602 3362 Eum
2645 3321 2826 3366 autem
2872 3313 3153 3369 ludificans
3193 3333 3394 3386 praeses
3444 3339 3455 3372 :

1883 3395 2156 3458 Nondum.
2193 3398 2391 3468 inquit,
2442 3402 2686 3463 sensisti,
2718 3419 2752 3455 ο
2792 3402 3110 3473 Trophime,
3145 3411 3460 3463 tormenta?

1883 3487 2082 3557 Martyr
2111 3503 2292 3544 autem
2326 3505 2340 3543 :
2371 3487 2508 3555 Jain,
2543 3490 2740 3561 inquit,
2773 3494 2886 3547 scio
2921 3502 2973 3548 te
3029 3498 3196 3567 magis
3249 3504 3456 3556 sentire

1881 3581 2286 3646 perpessionem
2327 3596 2342 3635 :
2397 3591 2582 3652 aperte
2621 3585 2768 3638 enim
2814 3587 3078 3650 ostendis.
3110 3589 3242 3644 iram
3298 3593 3354 3647 in
3405 3603 3459 3649 te

1881 3684 2127 3740 magnam
2150 3685 2402 3726 exercere
2429 3677 2792 3742 tyrannidem.
2826 3679 2956 3732 Mihi
2990 3697 3116 3734 vero
3140 3699 3252 3752 quo
3288 3688 3455 3756 magis

1881 3773 2080 3829 corpus
2127 3762 2485 3826 consumitur,
2531 3778 2596 3816 eo
2651 3766 2819 3836 magis
2869 3768 3096 3822 solvitur
3131 3786 3160 3824 a
3198 3775 3450 3836 vinculis.

1881 3850 2251 3921 liberaturque
2273 3853 2518 3918 omnino,
2542 3865 2594 3908 et
2619 3853 2871 3910 fitanima
2891 3859 3146 3914 divinior.
3169 3861 3283 3916 Non
3309 3866 3453 3918 enim

1877 3956 2103 3993 manens
2156 3943 2211 3994 in
2265 3958 2491 4011 corpore
2541 3963 2644 3998 una
2690 3964 2811 3999 cum
2857 3964 2921 4004 eo
2974 3953 3205 4004 moritur
3277 3972 3290 4007 :
3357 3957 3453 4011 sed

1878 4029 2075 4083 transit
2104 4028 2170 4084 ad
2201 4043 2267 4083 ea
2315 4045 2435 4100 qua:
2469 4031 2776 4098 desiderat,
2811 4043 2861 4087 et
2920 4038 3189 4105 propriam
3253 4042 3445 4111 recipit

1878 4121 2273 4178 haereditatem.
2323 4122 2416 4176 Ille
2464 4125 2684 4192 quidem
2745 4125 2860 4179 haec
2911 4127 3125 4182 dicebat
3171 4145 3185 4194 ;
3231 4130 3451 4188 lictores

1876 4223 2054 4267 autem
2086 4229 2144 4268 se
2173 4214 2404 4268 invicem
2441 4217 2579 4271 alter
2605 4217 2831 4271 alterum
2863 4219 3217 4287 excipientes,
3248 4223 3296 4275 ei
3327 4239 3449 4293 gra-

202 4294 536 4362 Ἐπίῦλεψον
555 4292 614 4356 ἐξ
650 4291 881 4358 ούρανοῦ
911 4291 1004 4340 καὶ
1030 4288 1189 4358 ῥῦσαί
1216 4306 1306 4358 με,
1330 4293 1356 4342 6
1385 4290 1534 4354 Θεὸς,
1561 4290 1768 4358 ἔλεγεν,

188 4388 254 4439 ἐκ
287 4388 386 4453 τῆς
422 4385 648 4452 παγίδος
697 4383 806 4435 τῶν
857 4382 1224 4451 θηρευόντων·
1270 4384 1354 4433 ὅτι
1393 4382 1455 4434 σὺ
1487 4380 1535 4434 εί
1572 4385 1604 4452 ἡ
1635 4383 1768 4434 ὑπο-

190 4481 326 4547 μονή
387 4493 512 4544 μου,
563 4477 758 4543 Κύριε.
827 4475 938 4526 Καὶ
997 4475 1169 4540 τούτῳ
1226 4472 1365 4542 ψιλῴ
1439 4476 1514 4543 τῷ
1563 4479 1765 4544 ῥήματι

1874 4305 2053 4358 viores
2096 4304 2311 4371 dolores
2355 4306 2676 4360 aﬂerebant.
2719 4305 2810 4361 llle
2859 4319 3038 4363 autem
3078 4327 3091 4363 :
3139 4311 3339 4381 Aspice
3378 4316 3446 4369 de

1873 4397 2032 4461 cmlo,
2059 4404 2113 4450 et
2136 4411 2221 4449 me
2249 4395 2438 4458 libera,
2467 4397 2702 4465 dicebat,
2731 4398 2893 4467 Deus,
2921 4402 2985 4456 de
3015 4401 3210 4472 laqueo
3242 4421 3444 4461 venan-

1872 4487 2026 4539 tium.
2075 4486 2340 4550 Quoniam
2374 4499 2428 4541 tu
2478 4505 2538 4544 es
2573 4492 2832 4560 patientia
2869 4509 3008 4556 mea,
3053 4494 3337 4550 Domine'.
3383 4497 3447 4551 Et

185 4575 357 4627 πολλά
391 4571 485 4639 τὴν
514 4570 607 4621 τοῦ
634 4569 900 4638 ἡγεμόνος
933 4569 1162 4634 ἔπληττε
1213 4569 1476 4635 κεφαλὴν,
1497 4571 1590 4619 καὶ
1624 4572 1763 4620 κατὰ

1879 4579 1971 4632 Ιιοο
2002 4577 2115 4632 solo
2150 4580 2317 4633 verbo
2344 4580 2496 4633 valde
2525 4582 2791 4648 percussit
2811 4593 2972 4652 caput
3007 4585 3276 4653 przesidis,
3306 4595 3360 4639 et
3389 4587 3444 4640 in

181 4668 281 4736 τῆς
315 4663 596 4734 μακαρίας
633 4661 825 4712 ἑαυτοῦ
857 4661 1097 4728 κεφαλῆς
1142 4659 1269 4729 ὅλην
1301 4659 1513 4712 ἐκείνου
1548 4660 1644 4730 τὴν
1682 4661 1768 4713 δυ·

1879 4682 2081 4726 beatum
2117 4687 2273 4724 suum
2307 4681 2466 4738 caput
2499 4673 2806 4729 universam
2838 4675 2945 4727 vim
2977 4674 3122 4728 illius
3167 4678 3335 4731 movit
3386 4689 3442 4733 et

185 4777 357 4828 ναμιν
385 4759 479 4806 καὶ
511 4756 610 4823 τὴν
646 4753 842 4822 μανίαν
875 4753 1062 4806 ἐκίνει.
1095 4752 1314 4820 ’Λμέλει
1361 4754 1452 4809 καὶ
1494 4752 1623 4816 ἃλας
1685 4756 1768 4818 είς

1879 4761 2152 4814 insaniam.
2186 4759 2372 4830 Itaque
2405 4777 2529 4815 cum
2567 4763 2733 4816 salem
2780 4764 3060 4832 iniecisset
3106 4767 3157 4818 in
3202 4777 3441 4832 acetum,

180 4851 302 4914 ὅξος
335 4845 613 4914 ἐμϐαλὼν,
646 4847 738 4896 καὶ
760 4846 861 4912 τὴν
908 4844 1114 4894 ἐκείνου
1144 4843 1449 4913 δριμύτητα
1471 4847 1535 4914 τῇ
1565 4846 1768 4896 τούτων

1879 4861 1912 4905 3t
1956 4851 2117 4920 hujus
2157 4854 2514 4907 acrinwuiam
2556 4854 2702 4907 illius
2738 4862 3101 4925 temperasset
3148 4860 3441 4924 salsedine,

180 4941 333 5007 ἅλμῃ
367 4938 633 5004 κεράσας,
661 4935 769 4985 τῶν
804 4933 898 4985 τοῦ
929 4935 1204 5002 μάρτυρος
1233 4936 1449 4986 ἐκέλευε
1480 4936 1765 5003 καταχέειν

1887 4946 2099 4998 ussitea
2133 4944 2423 4999 infundere
2447 4943 2499 4995 iu
2522 4945 2742 4999 vulnera
2769 4946 3039 5017 martyris,
3066 4948 3146 5000 sic
3166 4949 3443 5004 arbitrans

179 5032 514 5101 τραυμάτων
540 5065 553 5090 ,
583 5026 754 5096 ταύτῃ
787 5026 928 5078 ἑλεῖν
968 5029 1058 5079 τὸν
1107 5026 1208 5096 τῆς
1233 5026 1529 5094 εεύσεὸείας
1564 5028 1765 5093 ἀγωνιο

179 5127 315 5192 στὴν
351 5124 621 5190 οἰόμενος.
650 5120 744 5170 Ἂν
766 5120 822 5170 δὲ
859 5122 951 5171 καὶ
974 5121 1048 5189 μὴ
1076 5121 1201 5185 ἒλω,
1231 5122 1416 5190 φησὶν,
1442 5122 1731 5174 ἁσθενέστε
1751 5149 1765 5161 ο

180 5233 272 5286 ρον
311 5216 356 5267 δ’
385 5213 478 5264 οὖν
519 5217 665 5282 ὅμως
698 5209 1005 5282 παρέξομαι
1042 5212 1178 5279 πρὸς
1208 5216 1274 5265 τά
1313 5213 1599 5282 μέλλοντα.
1618 5213 1762 5268 Ἀλλ’

175 5313 202 5362 ὁ
233 5305 608 5380 δρασσόμενος
638 5309 763 5369 τοὺς
797 5305 994 5372 σοφοὺς
1023 5306 1081 5355 ὲν
1111 5306 1177 5374 τῇ
1215 5307 1523 5377 πανουργίᾳ
1557 5306 1759 5370 αὐτῶν,

173 5409 322 5456 κατα
351 5403 451 5472 τῆς
475 5398 683 5451 ἐκείνου
716 5400 917 5467 μᾶλλον
943 5398 1137 5461 κακίας
1178 5398 1239 5450 τὸ
1277 5398 1516 5468 σόφισμα
1570 5403 1760 5470 περιέ-

172 5510 371 5564 τρεπε.
401 5493 514 5545 Καὶ
548 5493 575 5544 6
618 5493 847 5560 μάρτυς,
889 5491 1045 5543 Οὕτω
1078 5490 1279 5556 τοίνυν,
1299 5485 1343 5546 ὦ
1367 5492 1614 5561 ἡγεμὼν,
1642 5493 1757 5545 ἐλε-

175 5609 293 5660 γεν,
320 5589 384 5641 οὐ
422 5587 820 5658 διαρρυήσεταί
865 5604 955 5654 μοι
984 5588 1043 5639 τὸ
1074 5586 1254 5656 σῶμα,
1293 5588 1414 5641 οὐδὲ
1439 5589 1720 5658 οίχήσεται
1740 5603 1754 5618 '

170 5685 232 5736 τὸ
271 5680 524 5734 ἐναντίον
551 5682 648 5748 μὲν
673 5674 764 5732 οὖν
795 5677 942 5732 ἆπαν
985 5681 1078 5733 καὶ
1125 5681 1275 5747 ὑγιὲς
1308 5681 1438 5734 αὐτὸ
1481 5681 1681 5750 μᾶλλον
1709 5681 1755 5733 οί

247 5861 262 5890 ¹
291 5857 444 5914 Psal.
479 5870 668 5920 xxxiii,
695 5855 785 5907 20.
864 5855 882 5883 ⁹
913 5853 1055 5909 Psal.
1086 5869 1171 5920 xc,
1215 5857 1268 5910 ὅ.

1864 5050 1921 5089 se
1954 5044 2387 5104 expugnaturum
2423 5036 2683 5091 athletam
2735 5038 2971 5106 pietatis.
3019 5037 3174 5101 Quod
3225 5039 3269 5093 si
3327 5055 3438 5094 non

1863 5141 2268 5196 expugnavero,
2289 5128 2489 5192 aiebat,
2514 5137 2606 5181 aut
2635 5128 3040 5182 imbecilliorem
3067 5144 3191 5184 eum
3220 5131 3439 5185 reddam

1863 5219 1929 5273 ad
1955 5218 2158 5272 futura.
2183 5217 2287 5273 Sed
2314 5220 2404 5286 qui
2450 5219 2864 5288 comprehendit
2892 5221 3166 5290 sapientes
3198 5224 3252 5274 in
3287 5231 3436 5276 astu-

1864 5312 1934 5366 tia
1971 5325 2184 5376 eorum,
2227 5310 2301 5374 id,
2341 5313 2484 5380 quod
2513 5313 2929 5383 excogitaverat,
2962 5313 3228 5368 convertit
3248 5313 3440 5368 adver-

1867 5419 1961 5459 sus
1991 5405 2132 5458 illius
2163 5404 2439 5459 malitiam.
2475 5406 2541 5459 Et
2573 5415 2814 5476 martyr;
2844 5404 2952 5470 Sic,
2977 5405 3132 5469 dixit,
3155 5419 3190 5460 o
3218 5421 3436 5475 praeses,

1867 5512 2062 5567 corpus
2093 5511 2272 5550 meum
2307 5511 2415 5550 non
2439 5497 2666 5561 difﬂuet,
2697 5512 2799 5553 nec
2828 5496 3061 5567 peribit;
3095 5498 3203 5554 imo
3222 5509 3433 5566 contra,

1864 5590 1945 5644 sal
1978 5588 2198 5658 quidem
2230 5589 2405 5659 ipsum
2449 5590 2794 5647 conservabit
2843 5603 3038 5644 sanum
3066 5599 3122 5645 et
3149 5590 3435 5646 confirma-

1865 5680 1946 5736 bit
1984 5689 2038 5736 et
2073 5681 2448 5738 corroborabit
2483 5682 2747 5738 adversus
2781 5690 2907 5738 tuos
2932 5681 3191 5754 insultus,
3213 5683 3351 5738 adeo
3371 5693 3429 5740 ut
