4150 6476
707 413 818 474 743

1943 408 2226 470 MENSIS
2256 405 2726 468 SEPTEMBER.

3873 401 3986 463 744

711 522 855 590 ipsos
880 526 1118 588 superet,
1139 529 1193 574 et
1217 520 1572 575 calliditatem
1596 519 1773 574 vincat
1792 520 2109 577 adversarii.
2133 520 2289 575 Tunc

2410 517 2519 582 ἱλες
2575 519 2962 590 διατηρήσουσι
3013 519 3104 572 καὶ
3163 520 3396 589 ρώσουσι
3457 518 3592 588 πρὸς
3674 516 3778 576 τὰς
3825 516 3986 584 παρὰ

708 628 828 665 cum
859 612 1225 682 seipsojudex
1267 612 1530 667 evasisset
1579 613 1789 674 saevior,
1827 613 1977 682 jubet
2017 614 2290 683 lampades

709 703 984 758 admoveri
1008 703 1265 758 lateribus
1285 704 1485 773 egregii
1504 705 1784 769 martyris:
1808 704 1877 758 Ut
1908 721 2028 774 qua:
2056 715 2285 770 restant,

709 795 912 857 aiebat,
941 809 1135 848 carnes
1179 793 1318 864 ignis
1356 805 1663 848 consumat.
1690 795 1864 864 Atque
1895 795 2015 865 igne
2067 796 2286 864 quidem

715 884 1057 936 minuebatur
1099 893 1154 938 et
1184 885 1610 938 consumebatur
1645 899 1793 947 caro,
1835 887 2060 956 martyri
2100 897 2285 941 autem

713 975 884 1044 magis
924 975 1136 1045 vigebat
1191 976 1580 1044 crescebatqne
1636 975 1804 1029 animi
1854 975 2185 1031 institutum.
2223 977 2288 1030 Et

709 1065 994 1119 videbatur
1030 1067 1248 1134 quidem
1289 1068 1493 1120 sentire
1541 1079 1820 1120 externam
1861 1066 2156 1131 flammam,
2190 1067 2289 1124 ﬂa-

714 1159 908 1229 grabal
939 1168 1119 1214 autem
1156 1174 1250 1214 cor
1272 1160 1390 1230 ejus
1427 1159 1632 1230 majore
1665 1157 1866 1215 Christi
1889 1159 2180 1214 desiderio.

781 1514 851 1567 Χ.
883 1511 1007 1567 Haec
1054 1523 1340 1584 postquam
1383 1513 1566 1568 omnia
1616 1513 1777 1568 simul
1823 1513 2031 1569 fortiter
2079 1514 2294 1571 tulisset

713 1606 1072 1676 Trophimus.
1131 1608 1599 1673 admirationeque
1622 1623 1684 1662 ac
1715 1617 1937 1677 stupore
1959 1620 2129 1661 totum
2162 1607 2294 1662 affe-

713 1699 876 1752 cisset
904 1699 1235 1768 Dionysium,
1260 1714 1289 1752 e
1329 1699 1472 1769 ligno
1502 1700 1721 1768 quidem
1749 1699 2082 1767 deponitur;
2124 1699 2293 1751 tradi-

717 1799 800 1842 tur
829 1799 1004 1842 autem
1039 1790 1268 1852 carceri,
1295 1803 1362 1843 ne
1399 1807 1522 1843 eum
1553 1792 1771 1859 quidem
1815 1789 2110 1859 benignum
2139 1805 2290 1844 asse-

714 1891 892 1945 cutus,
935 1881 1026 1933 sed
1062 1881 1115 1933 in
1153 1882 1302 1950 ligno
1343 1881 1607 1943 inclusus,
1643 1891 1696 1934 et
1740 1896 1840 1934 nec
1880 1881 2040 1934 tibias
2071 1881 2292 1949 quidem

713 1972 898 2024 valens
935 1971 1250 2025 extendere.
1293 1972 1525 2037 Quidam
1575 1982 1755 2026 autem
1787 1971 2152 2041 Dorymedon,
2213 1971 2296 2025 vir

715 2062 806 2130 qui
836 2072 891 2117 et
931 2064 1142 2118 colebat
1176 2065 1452 2134 pietatem,
1501 2076 1553 2118 et
1594 2064 1882 2118 exercebat
1916 2064 2191 2126 virtutem,
2243 2073 2297 2117 et

716 2155 857 2208 inter
886 2165 1168 2212 senatores
1211 2158 1445 2224 primum
1477 2158 1699 2208 tenebat
1743 2155 1944 2218 locum,
1988 2154 2297 2226 ingrediens

716 2261 1010 2308 carcerem,
1043 2257 1097 2300 et
1124 2262 1312 2301 curam
1352 2252 1571 2316 gerebat
1597 2247 1872 2316 martyris,
1905 2256 1958 2299 et
2011 2248 2299 2316 absterge-

716 2339 804 2393 bat
840 2343 1085 2403 vulnera,
1129 2351 1180 2394 et
1221 2341 1428 2394 saniem
1459 2341 1793 2393 emundabat
1829 2357 1840 2391 :
1875 2341 2072 2392 deinde
2121 2341 2302 2394 linteis

720 2434 1036 2486 involvebat
1069 2444 1123 2486 et
1163 2435 1436 2502 alligabat,
1463 2443 1626 2500 atque
1659 2434 1703 2484 ei
1737 2447 1952 2485 omnem
1996 2433 2154 2486 aliam
2202 2435 2303 2487 ad-

719 2524 944 2583 hibebat
987 2525 1351 2588 curationem,
1392 2534 1445 2578 et
1477 2524 1656 2592 aliquo
1688 2525 1910 2594 quidem
1949 2536 2188 2596 tempore
2228 2526 2304 2580 la—

721 2618 870 2670 tebat
925 2619 1038 2671 haec
1090 2617 1316 2673 faciens.
1375 2616 1568 2671 Pestea
1617 2629 1801 2670 autem
1855 2633 1978 2672 cum
2027 2620 2302 2674 venissent

721 2707 1024 2770 Dioscoria.
1059 2710 1110 2764 id
1151 2721 1255 2774 est,
1311 2710 1508 2764 festum
1555 2709 1794 2764 Castoris
1839 2719 1891 2763 et
1940 2709 2198 2776 Pollucis,
2251 2721 2305 2766 et

723 2800 935 2871 Synade
979 2802 1097 2856 dies
1131 2801 1300 2856 festus
1323 2803 1578 2871 praeclare
1602 2801 1989 2863 celebraretur,
2020 2802 2158 2854 festo
2182 2803 2305 2870 qui-

723 2895 843 2947 dem
878 2897 1138 2948 intererat
1170 2899 1456 2948 universus
1495 2904 1744 2956 senatus,
1779 2895 1926 2946 solus
1967 2904 2149 2946 autem
2207 2893 2304 2946 ab-

721 2995 835 3040 erat
855 2986 1210 3055 Dorymedon.
1237 2985 1438 3040 Deinde
1461 3003 1582 3039 cum
1602 3000 1798 3053 praeses
1823 2999 1944 3036 eum
1970 2970 2305 3048 accersisSet,

725 3093 792 3132 ne
820 3080 894 3132 sic
919 3081 1136 3146 quidem
1171 3082 1422 3141 accessit,
1453 3078 1763 3147 significans
1797 3075 1959 3145 quod,
2003 3092 2129 3130 cum
2161 3086 2310 3130 esset

725 3165 1065 3220 Christianus
1109 3168 1328 3219 minime
1369 3181 1493 3218 eum
1546 3177 1822 3234 oporteret
1877 3165 2190 3219 sacrificare
2234 3164 2308 3217 si-

728 3259 978 3314 mulacris
1024 3269 1075 3314 et
1120 3259 1477 3312 dzemonibus.
1533 3256 1667 3312 Cum
1722 3275 1851 3328 ergo
1908 3257 2137 3311 fuissent
2195 3257 2307 3310 hac

728 3353 1038 3404 renuntiata
1078 3351 1355 3418 Dionysio,
1390 3351 1474 3403 vel
1516 3351 1744 3404 invitum
1778 3366 1903 3404 eum
1940 3350 2162 3403 adducit
2212 3364 2307 3416 per

727 3437 1010 3498 satellites,
1045 3446 1097 3488 et
1129 3445 1283 3504 regat
1324 3452 1566 3499 causam,
1609 3448 1832 3506 propter
1865 3451 2027 3503 quam
2075 3449 2184 3489 non
2218 3449 2310 3487 ve-

727 3527 897 3580 nisset
919 3530 982 3581 ad
1011 3529 1232 3591 festum,
1264 3529 1424 3596 idque
1451 3531 1517 3580 ab
1541 3543 1606 3580 eo
1630 3527 1952 3582 aeeersitus.
1983 3527 2072 3580 Ille
2094 3538 2306 3587 autem:

728 3617 808 3671 Ad
840 3619 941 3668 alia
976 3619 1217 3684 quidem,
1262 3618 1476 3687 inquit,
1511 3635 1542 3672 ο
1588 3634 1812 3688 praises,
1858 3619 1912 3672 in
1943 3620 2138 3689 quibus
2174 3619 2308 3672 nihil

730 3708 1041 3763 detrimenti
1071 3720 1356 3779 acceptura
1377 3721 1458 3764 est
1478 3712 1681 3774 anima,
1711 3726 1993 3778 nunquam
2019 3725 2127 3761 non
2159 3711 2307 3774 veni,

727 3801 770 3853 si
804 3810 856 3852 tu
893 3815 976 3852 me
1006 3804 1228 3860 vocasti,
1260 3818 1435 3867 neque
1469 3802 1627 3851 ullam
1662 3801 1815 3852 attuli
1851 3802 2258 3856 excusationem
2293 3818 2307 3854 :

732 3893 822 3943 ubi
856 3901 1034 3943 autem
1082 3906 1166 3944 res
1197 3898 1407 3958 spectat
1455 3890 1519 3943 ad
1561 3891 1951 3945 detrimentum
1994 3893 2215 3959 animae,
2249 3901 2309 3947 et

730 4000 758 4034 a
797 3981 902 4035 Deo
925 3984 1329 4046 alienationem,
1360 3999 1465 4035 non
1495 3999 1615 4052 ego,
1648 3984 1740 4050 qui
1789 3999 1898 4036 non
1934 3987 2163 4049 accessi,
2190 4001 2310 4038 sum

731 4091 895 4129 causa
927 4078 1068 4144 quod
1106 4092 1213 4126 non
1248 4077 1593 4135 accesserim,
1627 4076 1720 4126 sed
1751 4076 1796 4126 is
1823 4076 1913 4142 qui
1944 4076 2009 4128 ad
2042 4090 2104 4127 ea
2134 4087 2309 4129 vocat.

805 4164 900 4217 XI.
944 4167 1078 4217 Cum
1121 4165 1235 4218 haec
1272 4174 1456 4219 autem
1487 4165 1747 4219 audiisset
1811 4180 2031 4235 praeses,
2074 4181 2194 4236 qua:
2247 4165 2315 4221 de

736 4258 1132 4328 Dorytnedonte
1175 4273 1241 4312 ne
1280 4273 1554 4328 sperasset
1586 4259 1811 4327 quidem
1865 4275 2123 4326 unquam,
2157 4275 2225 4315 ne
2267 4259 2313 4314 si

731 4353 872 4406 Deus
904 4351 1122 4419 quidem
1151 4351 1512 4418 praedixisset,
1548 4352 1703 4403 valde
1737 4349 1960 4416 quidem
1992 4351 2100 4403 fuit
2128 4353 2315 4406 obstu-

733 4444 1002 4513 pefactus.
1037 4442 1102 4493 Et
1129 4457 1252 4494 cum
1284 4447 1506 4510 prepter
1537 4455 1648 4494 rem
1676 4441 2012 4509 inOpinatam
2040 4457 2108 4496 ne
2134 4443 2315 4512 plures

2391 610 2483 662 σοῦ
2517 610 2828 675 ἐπιϐουλὰς,
2857 610 2996 664 ὥστε
3051 613 3140 663 καὶ
3203 611 3584 680 περιγενέσθαι
3640 608 3855 668 αὐτῶν,
3887 604 3986 657 καὶ

2389 703 2662 770 κρατῆσαι
2711 705 2808 769 τῆς
2859 703 2952 755 τοῦ
3012 703 3391 772 ἀντικειμένου
3430 701 3819 770 κακοτεχνίας.
3862 700 3985 750 Ἐν-

2386 792 2560 844 ταῦθα
2583 792 2958 864 χαλεπώτερος
2990 795 3149 857 αὐτὸς
3174 795 3365 848 ἑαυτοῦ
3395 794 3635 862 γεγονὼς
3656 795 3682 844 δ
3704 792 3977 853 δικάζων,

2387 884 2678 954 λαμπάδας
2712 886 2879 954 πυρὸς
2915 885 3128 938 κελεύει
3161 886 3532 954 προσάγεσθαι
3567 886 3688 946 ταῖς
3722 884 3821 935 τοῦ
3847 900 3974 950 γεν-

2399 975 2550 1029 ναίου
2579 978 2840 1047 πλευραῖς
2860 995 2873 1009 υ
2922 978 3008 1040 Ὦς
3035 977 3100 1030 ἂν
3127 977 3194 1029 τὰ
3220 957 3659 1045 περιλειφθέντα,
3689 975 3854 1043 φησὶ,
3873 975 3983 1026 τῶν

2402 1068 2622 1138 σαρκῶν
2674 1069 2735 1123 τὸ
2789 1069 2900 1138 πῦρ
2953 1067 3329 1136 ὲπινεμηθείη.
3362 1069 3562 1137 Ἐληγε
3621 1069 3720 1134 μὲν
3776 1061 3875 1117 οὖν
3908 1060 3985 1133 τῷ

2400 1157 2532 1226 πυρὶ
2568 1156 2662 1210 καὶ
2688 1155 3008 1226 ἀναλοῦτοή
3042 1157 3198 1227 σὰρξ,
3235 1159 3266 1226 ἡ
3302 1159 3616 1224 προαίρεσις
3641 1155 3695 1207 δὲ
3722 1154 3801 1222 τῷ
3842 1154 3988 1222 μάρ-

2410 1266 2539 1319 τυρι
2577 1249 2781 1318 μᾶλλον
2832 1249 2982 1317 ἢνθει
3021 1265 3032 1278 '
3069 1253 3161 1301 καὶ
3221 1248 3380 1317 ἐκῴει
3445 1248 3606 1318 μηδὲν
3651 1247 3752 1316 τῆς
3783 1246 3987 1310 ἔξωθεν

2406 1341 2604 1410 φλογὸς
2646 1340 3092 1393 ὲπαισθάνεοθαιο
3158 1340 3475 1410 θερμοτέρῳ
3529 1339 3640 1407 γὰρ
3695 1336 3854 1406 πόθῳ
3907 1335 3986 1403 τῷ

2395 1435 2536 1503 πρὸς
2573 1435 2810 1504 Χριστὸν
2839 1435 3103 1487 ὲκέκαυτο
3130 1435 3225 1503 τὴν
3253 1437 3502 1501 καρδίαν.

2467 1526 2523 1580 I'.
2549 1527 2734 1580 Ταῦτα
2766 1526 2953 1594 ἐπειδὴ
2987 1527 3082 1579 καὶ
3113 1527 3246 1595 ἐμοῦ
3300 1530 3475 1580 πάντα
3511 1526 3780 1592 γενναῖως
3817 1527 3984 1595 ἤνεγ-

2394 1632 2456 1668 κε
2516 1615 2819 1685 Τρόφιμος,
2860 1618 2953 1666 καὶ
2977 1614 3098 1667 ὅλον
3140 1617 3217 1677 εἰς
3253 1615 3508 1681 ἔκπληξιν
3560 1615 3738 1683 ἦγαγε
3797 1615 3986 1665 Διονύ-

2396 1723 2530 1769 σιον,
2567 1707 2867 1772 κατάγεται
2911 1708 3010 1774 μὲν
3063 1704 3154 1756 τοῦ
3200 1705 3354 1768 ξύλου
3376 1706 3416 1755 -ὀ
3459 1705 3699 1772 ἀθλητής
3733 1719 3748 1735 ·
3796 1705 3876 1772 τῷ
3904 1706 3988 1756 δε-

2400 1799 2706 1867 σμωτηρίω
2731 1799 2785 1849 δὲ
2821 1798 3191 1867 παραδίδοται,
3218 1797 3338 1851 οὐδὲ
3358 1797 3545 1849 τούτου
3587 1797 3870 1864 ἐπιτυχὼν
3901 1815 3987 1863 ξι-

2403 1887 2749 1958 λανθρώπου,
2803 1890 2940 1942 ἀλλὰ
2999 1889 3416 1951 κατακλεισθεὶς
3465 1891 3520 1940 ὲν
3555 1888 3632 1957 τῷ
3686 1887 3834 1955 ξύλῳ
3897 1889 3990 1936 καὶ

2409 1979 2546 2049 μηδὲ
2579 1981 2887 2033 ἀποτείνειν
2953 1979 3022 2031 τά
3066 1981 3230 2048 σκέλη
3273 1979 3593 2047 δυνάμενος.
3658 1976 3988 2045 Δορυμὲδων

2403 2069 2460 2122 δέ
2499 2086 2583 2132 τις
2614 2070 2754 2138 ἀνὴρ
2790 2069 3074 2121 εὐσέϐειάν
3109 2086 3167 2120 τε
3201 2068 3374 2137 τιμῶν
3409 2069 3502 2119 καὶ
3545 2066 3750 2136 ἀρετὴν
3774 2064 3983 2134 μετιὼν

2405 2163 2502 2212 καὶ
2537 2162 2688 2228 παρὰ
2730 2161 3044 2228 βουλευταῖς
3075 2161 3182 2213 τῶν
3235 2160 3520 2229 πρωτείων
3550 2156 3886 2228 ἠξιωμένος,
3908 2159 3986 2218 εἰς

2405 2252 2465 2302 τὸ
2499 2251 2874 2318 δεσμωτήριον
2926 2250 3132 2312 εισιὼν,
3189 2251 3512 2320 ἐπεμελεῖτο
3554 2267 3612 2302 τε
3653 2249 3749 2301 τοῦ
3779 2250 3990 2318 μάρτυ-

2414 2359 2526 2410 ρος,
2555 2341 2736 2392 καὶτὰ
2774 2342 3069 2410 τραύματα
3125 2345 3380 2411 περὶεπε,
3432 2344 3524 2393 καὶ
3587 2342 3720 2401 τοὺς
3784 2341 3991 2408 ἰχῶρας

2411 2436 2766 2504 άπέματτεν,
2798 2431 2916 2486 εἶτα
2962 2436 3051 2486 καὶ
3101 2434 3338 2496 ὀθονίους
3373 2433 3639 2504 περιείλει
3719 2435 3816 2484 καὶ
3861 2447 3992 2482 κατ-

2412 2525 2632 2595 εδέσμει
2659 2568 2670 2587 ,
2713 2528 2806 2578 καὶ
2843 2529 3020 2578 πᾶσαν
3047 2527 3213 2595 ἄλλην
3244 2526 3543 2595 θεραπείαν
3599 2525 3874 2592 προσῆγε,
3902 2520 3993 2571 καὶ

2411 2621 2602 2688 χρόνον
2635 2619 2734 2684 μέν
2753 2636 2877 2670 τινα
2911 2619 3081 2671 ποιῶν
3143 2617 3336 2680 οὕτως,
3376 2616 3672 2668 ἐλάνθανεν
3708 2629 3722 2642 ·
3758 2614 3991 2680 ὕστερον

2409 2709 2594 2762 δὲτῶν
2658 2711 2990 2780 Διοτκορίων
3055 2711 3420 2767 ἐπιστάντων,
3480 2708 3574 2758 καὶ
3619 2706 3722 2772 τῆς
3793 2704 3992 2773 ἑορτῆς

2415 2804 2541 2872 περὶ
2573 2803 2640 2854 τὰ
2679 2803 2887 2874 Σύμαδα
2918 2801 3177 2871 λαμπρᾶς
3209 2801 3505 2870 ἀγομένης,
3565 2801 3596 2868 ή
3669 2799 3770 2868 μὲν
3831 2799 3991 2868 βουλὴ

2417 2898 2564 2948 πᾶσα
2610 2899 2674 2965 τῇ
2713 2893 3016 2964 πανηγύρει
3053 2894 3309 2963 παρῆσαν
3349 2908 3363 2921 '
3398 2894 3558 2962 μόνος
3589 2892 3646 2943 δὲ
3700 2893 3990 2944 άπολέλειο

2415 3005 2518 3041 πτο
2543 2989 2863 3058 Δορυμὲδων
2895 3005 2907 3018 ο
2947 2983 3066 3041 εἶτα
3087 2988 3179 3040 καὶ
3215 2987 3742 3056 μετακαλεσαμένου
3798 2987 3991 3039 τοῦτον

2416 3080 2508 3131 τοῦ
2541 3081 2829 3149 ἠγεμάνος,
2866 3080 2986 3132 οὐδὲ
3013 3079 3157 3132 οὕτω
3192 3079 3420 3148 παρῄει,
3455 3079 3702 3147 δηλώσας
3737 3081 3820 3130 ὅτι
3858 3079 3988 3147 Χρι-

2421 3174 2632 3225 στιανὸν
2663 3173 2788 3225 ὄντα
2819 3190 2907 3242 με,
2938 3173 3137 3244 ἣκιστα
3162 3172 3312 3224 θύειν
3339 3173 3583 3232 εἰδώλοις
3639 3171 3737 3221 καὶ
3765 3170 3986 3238 δαίμοσι

2409 3268 2535 3336 χρὴ.
2584 3267 2671 3327 Ὠς
2689 3265 2780 3316 οὖν
2813 3265 3100 3332 ἀπηγγέλη
3143 3264 3325 3315 ταῦτα’
3381 3261 3665 3329 Διονυσίῳ,
3733 3262 3856 3328 ἄγει
3895 3263 3986 3315 καὶ

2410 3357 2614 3408 ἄκοντα
2638 3357 2723 3406 διὰ
2778 3356 2886 3405 τῶν
2915 3355 3229 3423 δορυφόρων
3291 3355 3476 3416 αὐτὸν,
3546 3356 3638 3405 καὶ
3679 3353 3774 3422 τὴν
3817 3355 3988 3406 αἰτίαν

2413 3446 2766 3510 πυνθάνεται,
2803 3444 2870 3498 δι’
2907 3448 2971 3514 ἦν
3002 3445 3100 3495 οὐκ
3125 3445 3381 3511 ἀφίκοιτο
3435 3447 3570 3513 πρὸς
3625 3447 3723 3514 τὴν
3774 3448 3987 3514 ἑορτὴν,

2411 3538 2708 3590 καὶταῦτα
2750 3536 3112 3606 μετακληθεὶς
3147 3536 3236 3590 ὑπ’
3268 3538 3458 3590 αὑτοῦ.
3498 3539 3559 3592 Ὀ
3591 3539 3666 3603 δὲ,
3715 3538 3834 3589 Ἐπ’
3859 3539 3987 3590 ἄλλα

2416 3630 2536 3699 μὲν,
2575 3630 2700 3696 ἔτη,
2735 3625 2778 3680 ὦ
2807 3631 3049 3697 ἡγεμὼν,
3084 3633 3218 3683 ὅπου
3261 3632 3338 3700 μὴ
3360 3633 3720 3696 λυμαίνεσθαι
3755 3635 3818 3698 τῇ
3845 3633 3986 3699 ψυχῇ

2416 3724 2552 3791 μηδὲ
2591 3722 2850 3790 βλάπτειν
2895 3725 3065 3784 ἔστιν,
3104 3721 3393 3773 οὐπώποτε
3425 3725 3526 3790 ἤδη
3561 3723 3685 3772 οὔτε
3721 3723 3986 3772 καλέσαν-

2413 3817 2502 3878 τός
2544 3831 2636 3867 σου
2671 3815 2770 3866 οὐκ
2801 3809 2962 3885 ἦλθον
2998 3829 3010 3844 ·
3038 3813 3162 3864 οὔτε
3226 3815 3483 3882 ἀσχολίαν
3521 3813 3601 3865 σοί
3664 3831 3788 3866 τινα
3822 3831 3987 3880 προε-

2415 3909 2739 3978 φατισάμην
2767 3923 2779 3937 ·
2825 3907 3022 3959 ἔνθαδέ
3064 3909 3200 3976 πρὸς
3251 3906 3449 3976 βλάϐος
3481 3905 3593 3977 ὁ,ρῶ
3651 3907 3711 3957 τὸ
3763 3908 3988 3976 πρᾶγμα

2412 3999 2612 4069 ψυχῆς,
2637 4003 2730 4052 καὶ
2770 4000 2903 4052 Θεοῦ
2945 4001 3322 4070 ἀλλοτρίωσιν,
3383 4002 3480 4069 οὐχ
3507 4004 3533 4052 ὁ
3564 4000 3638 4071 μὴ
3675 4018 3988 4070 παραγειί-ο.

2417 4093 2522 4153 νὼς
2547 4089 2681 4160 ἐγὼ,
2707 4092 2798 4144 τοῦ
2824 4093 3205 4162 μὴάφικέσθαι
3230 4094 3402 4154 αἴτιος
3432 4094 3458 4143 ὁ
3480 4094 3566 4143 ἐπὶ
3594 4091 3770 4144 ταῦτα
3794 4093 3988 4145 καλῶν.

2489 4185 2589 4238 lA'.
2632 4186 2894 4246 Ἀκούσας
2928 4185 3101 4236 ταῦτα
3133 4186 3158 4234 ο
3196 4184 3419 4252 ἡγεμὼν
3461 4179 3546 4234 οἷα
3593 4185 3716 4250 μηδ’
3749 4185 3814 4234 ἂν
3860 4186 3986 4236 Θεοᾷ

2419 4271 2779 4338 προειπόντος
2827 4270 2954 4336 περὶ
2998 4269 3400 4336 Δορυμέδοντός
3436 4285 3562 4319 ποτε
3612 4271 3872 4336 ἤλπισεν,
3910 4275 3992 4324 ἐκ-

2419 4360 2612 4431 πλήξει
2651 4378 2710 4412 τε
2751 4363 2926 4430 εἴχετο
2947 4360 3132 4421 δεινῶς
3166 4361 3259 4410 καί
3303 4360 3380 4426 τῷ
3414 4359 3659 4428 ἀδοκήτῳ
3707 4360 3803 4412 τοῦ
3863 4365 3992 4430 πρά-

2419 4469 2626 4523 γματος
2667 4453 2802 4522 μηδὲ
2842 4453 2921 4516 είς
2957 4451 3213 4514 πλείονας
3258 4451 3409 4520 αὑτῴ
3443 4453 3630 4520 λόγους
3675 4455 3855 4506 ἐλθεῖν
3911 4456 3994 4506 ὁν-

731 4535 947 4604 quidetn
982 4536 1247 4604 patuisset
1271 4551 1393 4588 cum
1421 4550 1486 4588 eo
1516 4534 1766 4588 conferre
1805 4549 2085 4590 sermones
2123 4552 2135 4588 :
2173 4536 2304 4589 Inte.

2419 4541 2626 4613 νηθεὶς,
2668 4543 2816 4603 Τέως
2848 4540 2966 4610 μὲν,
3007 4543 3194 4609 φησιν,
3235 4541 3402 4592 αὐτὸν
3434 4544 3603 4611 ὲχέτω
3639 4546 3888 4613 φρουράο
3919 4547 3991 4607 εἰς

733 4629 857 4690 rint,
889 4628 1083 4695 inquit,
1117 4642 1240 4678 eum
1281 4636 1458 4678 teneat
1488 4627 1759 4679 custodia.
1797 4626 1928 4680 Cras
1975 4643 2103 4682 vero
2137 4628 2319 4682 consi-

735 4719 1067 4779 derabimus,
1111 4715 1382 4784 quomodo
1434 4731 1520 4769 res
1569 4715 1688 4784 ejus
1731 4731 1789 4769 se
1831 4717 2088 4771 habeant.
2133 4719 2312 4786 Atque

733 4809 823 4864 ille
861 4809 1081 4878 quidem
1112 4810 1262 4862 vertit
1297 4809 1351 4860 in
1385 4823 1683 4872 carcerem,
1719 4818 1974 4881 tanquam
2015 4809 2069 4862 in
2127 4826 2317 4876 quam—

731 4901 855 4955 dam
902 4899 1208 4968 palaestram
1243 4914 1256 4951 :
1303 4896 1588 4968 Dionysius
1629 4911 1830 4964 autem,
1866 4901 2198 4968 quibusdam
2241 4917 2308 4956 ex

737 4992 851 5044 suis
890 4991 954 5042 ad
1007 5005 1132 5043 eum
1173 4990 1373 5054 missis,
1418 4991 1722 5046 conabatur
1757 4993 2029 5046 adducere
2076 5009 2200 5046 eum
2247 4993 2313 5047 ad

736 5081 1138 5151 paenitentiam.
1193 5083 1338 5147 Quos
1391 5094 1542 5139 torve
1592 5093 1647 5138 et
1709 5086 2052 5138 truculenter
2106 5095 2314 5154 martyr

738 5175 992 5226 intuens:
1028 5192 1046 5227 ι
1090 5175 1359 5235 Discedite
1398 5192 1425 5228 a
1463 5192 1572 5241 me,
1597 5178 1752 5241 dixit,
1777 5187 1965 5229 omnes
1987 5177 2078 5244 qui
2121 5193 2316 5247 opera-

740 5265 868 5320 mini
902 5265 1267 5335 iniquitatem'
1325 5287 1336 5320 :
1376 5288 1393 5320 ι
1434 5278 1487 5324 et
1521 5270 1783 5323 continuo
1819 5268 2017 5328 tacuit,
2055 5287 2071 5318 t
2112 5278 2166 5320 et
2195 5278 2317 5322 erat

741 5365 994 5426 tanquam
1041 5360 1204 5414 homo
1241 5375 1347 5414 non
1390 5360 1643 5423 audiens,
1677 5369 1732 5414 et
1762 5376 1868 5413 non
1901 5361 2108 5414 habens
2135 5361 2190 5414 in
2221 5378 2315 5417 ore

741 5463 840 5507 suo
859 5449 1263 5520 redargutiones
1284 5454 1356 5510 ⁸.»
1389 5453 1482 5506 Die
1508 5462 1688 5506 autem
1718 5454 1963 5521 sequenti
1987 5468 2109 5507 cum
2132 5453 2313 5511 sedem

745 5541 1043 5596 iudicialem
1077 5546 1412 5598 ascendisset
1446 5545 1753 5614 Dionysius,
1787 5547 2020 5599 accersit
2055 5546 2316 5615 Doryme-

745 5633 989 5700 dentem,
1049 5645 1103 5690 et
1148 5653 1160 5690 :
1213 5635 1457 5706 lndignc,
1521 5637 1714 5706 inquit,
1771 5647 2010 5702 senator,
2055 5638 2316 5707 quidnam

824 5811 1051 5865 ’Ἀθη-ὴ.
1077 5829 1174 5876 vn,
1204 5813 1293 5865 ‘25.
1369 5819 1386 5844 δ
1418 5813 1558 5864 Psal.
1595 5829 1792 5874 xxxv”,
1824 5812 1909 5863 15.

2415 4634 2602 4704 αῦριον
2631 4635 2687 4686 δὲ
2729 4636 2794 4686 τὰ
2839 4636 2960 4686 κατ’
2994 4633 3157 4684 αὑτὸν
3193 4635 3341 4693 ὅπως
3393 4635 3506 4701 ἔχει
3568 4636 3904 4704 σκεψόμεθα.
3939 4637 3990 4688 '0

2418 4725 2518 4793 μὲν
2549 4720 2644 4776 οὖν
2693 4725 2753 4774 τὸ
2819 4724 3202 4791 δεσμωτήριον
3248 4721 3439 4792 ὥσπερ
3488 4725 3608 4774 τινὰ
3672 4728 3990 4792 κατειλήφει

2413 4816 2758 4884 παλαίστραν
2793 4829 2806 4843 ο
2850 4816 2877 4866 ὁ
2915 4812 3194 4875 Διονύσιος
3248 4814 3304 4865 δὲ
3346 4814 3456 4866 τῶν
3501 4815 3591 4865 ὑπ’
3628 4817 3794 4866 αὐτόν
3845 4834 3988 4876 τινας

2415 4905 2764 4965 ἀποστείλας,
2828 4903 3138 4972 μετάμελον
3204 4902 3366 4956 αὐτὸν
3451 4907 3624 4955 ποιεῖν
3696 4905 3989 4972 ἐπεχείρει.

2418 4991 2512 5057 Οἷς
2546 4996 2818 5062 αὐστηρὸν
2867 4993 3146 5062 ἐμϐλέψας
3208 4998 3235 5045 ὁ
3329 4995 3542 5064 μάρτυς
3607 4994 3704 5043 καὶ
3763 4995 3987 5062 άγριον³

2433 5087 2734 5154 ’Δπόστητε
2762 5082 2856 5137 ἀπ’
2891 5085 3047 5153 ἐμοῦ,
3079 5083 3250 5150 ἔλεγε,
3299 5086 3498 5143 πάντες
3551 5084 3599 5134 οἱ
3640 5083 3992 5153 ἐργαζόμενοι

2422 5178 2684 5244 ἀνομίαν·
2727 5177 2820 5228 καὶ
2862 5175 3024 5238 εὐθὺς
3057 5174 3413 5236 ὲσιώπα,καὶ
3474 5171 3764 5252 ἄνθρωπος
3812 5169 3878 5244 ἦν
3904 5175 3992 5226 οὐκ

2424 5269 2638 5320 ἁκούων
2670 5269 2764 5318 καὶ
2789 5268 2890 5319 οὐκ
2919 5268 3057 5336 ἔχων
3082 5267 3138 5318 ἐν
3157 5265 3234 5335 τῷ
3263 5265 3495 5334 στόματι
3515 5265 3678 5321 αὑτοῦ
3711 5265 3990 5333 ε>.εγμοὺς’

2433 5365 2534 5429 τῆς
2584 5361 2627 5411 δ’
2659 5361 2896 5429 ἑπούσης
2926 5362 3017 5412 ἐπὶ
3053 5359 3142 5410 τὸν
3187 5357 3504 5410 δικαστικὸν
3552 5358 3743 5426 θρόνον
3797 5360 3991 5417 ἀναϐὰς

2422 5448 2700 5510 Διονύσιος
2752 5449 3184 5517 μεταπέμπεται
3253 5445 3341 5498 τὸν
3406 5446 3810 5514 Δορυμέδοντα,
3884 5448 3985 5504 xa",

2435 5540 2646 5604 Ἀνάξιε
2675 5541 2772 5611 τῆς
2799 5540 3020 5611 βουλῆς,
3045 5539 3235 5608 φησὶν,
3290 5538 3340 5591 τί
3373 5538 3560 5592 παθῶν
3617 5538 3769 5605 χθὲς,
3824 5539 3854 5607 ἢ
3891 5539 3990 5586 διι-

2427 5635 2664 5702 νοηθεὶς,
2716 5635 2807 5686 καὶ
2842 5635 2967 5697 τοὺς
3003 5632 3156 5695 θεοὺς
3183 5631 3486 5703 ὲξώμνυσο,
3514 5632 3608 5683 καὶ
3645 5635 3712 5683 τὰ
3749 5629 3987 5701 βασιλικὰ
