  <div class='ocr_page' id='page_1' title='image "/cluster/home/n/w/nwhite01/storage/ocr_20150623/115/uva.x004215515/406.png"; bbox 0 0 4150 6522; ppageno 0'>
   <div class='ocr_carea' id='block_1_1' title="bbox 158 470 263 532">
    <p class='ocr_par' dir='ltr' id='par_1_1' title="bbox 158 470 263 532">
     <span class='ocr_line' id='line_1_1' title="bbox 158 470 263 532; baseline 0.038 -3"><span class='ocrx_word' id='word_1_1' title='bbox 158 470 263 532; x_wconf 72' lang='grc' dir='ltr'><strong>’ΝΘ</strong></span> 
     </span>
    </p>
   </div>
   <div class='ocr_carea' id='block_1_2' title="bbox 1439 474 2144 537">
    <p class='ocr_par' dir='ltr' id='par_1_2' title="bbox 1439 474 2144 537">
     <span class='ocr_line' id='line_1_2' title="bbox 1439 474 2144 537; baseline -0.003 -1"><span class='ocrx_word' id='word_1_2' title='bbox 1439 476 1614 537; x_wconf 81' lang='grc' dir='ltr'>νιτΑ</span> <span class='ocrx_word' id='word_1_3' title='bbox 1658 478 1718 536; x_wconf 92' lang='lat' dir='ltr'><strong>S.</strong></span> <span class='ocrx_word' id='word_1_4' title='bbox 1759 474 2144 534; x_wconf 72' lang='grc' dir='ltr'><strong>ΜΑΤΤΗιΕῙ.</strong></span> 
     </span>
    </p>
   </div>
   <div class='ocr_carea' id='block_1_3' title="bbox 3290 475 3395 538">
    <p class='ocr_par' dir='ltr' id='par_1_3' title="bbox 3290 475 3395 538">
     <span class='ocr_line' id='line_1_3' title="bbox 3290 475 3395 538; baseline 0 -1"><span class='ocrx_word' id='word_1_5' title='bbox 3290 475 3395 538; x_wconf 78' lang='lat'><strong>150</strong></span> 
     </span>
    </p>
   </div>
   <div class='ocr_carea' id='block_1_4' title="bbox 156 578 1768 658">
    <p class='ocr_par' dir='ltr' id='par_1_4' title="bbox 156 578 1768 658">
     <span class='ocr_line' id='line_1_4' title="bbox 156 578 1768 658; baseline 0 -19"><span class='ocrx_word' id='word_1_6' title='bbox 156 586 386 648; x_wconf 50' lang='lat' dir='ltr'><strong>avarae;</strong></span> <span class='ocrx_word' id='word_1_7' title='bbox 463 586 733 657; x_wconf 73' lang='grc' dir='ltr'>ἐφήλατο,</span> <span class='ocrx_word' id='word_1_8' title='bbox 789 588 889 640; x_wconf 67' lang='grc' dir='ltr'><strong>οὐκ</strong></span> <span class='ocrx_word' id='word_1_9' title='bbox 950 587 1141 658; x_wconf 75' lang='grc' dir='ltr'>ἄγριον</span> <span class='ocrx_word' id='word_1_10' title='bbox 1189 578 1363 654; x_wconf 66' lang='grc' dir='ltr'>εἶδεν,</span> <span class='ocrx_word' id='word_1_11' title='bbox 1423 590 1558 642; x_wconf 63' lang='grc' dir='ltr'>ἀλλὰ</span> <span class='ocrx_word' id='word_1_12' title='bbox 1638 606 1768 651; x_wconf 71' lang='grc' dir='ltr'><strong>και⁴</strong></span> 
     </span>
    </p>
   </div>
   <div class='ocr_carea' id='block_1_5' title="bbox 1851 578 3401 658">
    <p class='ocr_par' dir='ltr' id='par_1_5' title="bbox 1851 581 3401 657">
     <span class='ocr_line' id='line_1_5' title="bbox 1851 581 3401 657; baseline 0.003 -16"><span class='ocrx_word' id='word_1_13' title='bbox 1851 597 2014 651; x_wconf 63' lang='lat' dir='ltr'><strong>tatur,</strong></span> <span class='ocrx_word' id='word_1_14' title='bbox 2058 598 2113 641; x_wconf 87' lang='lat' dir='ltr'><strong>et</strong></span> <span class='ocrx_word' id='word_1_15' title='bbox 2140 581 2585 640; x_wconf 84' lang='lat' dir='ltr'><strong>inﬂammabatur</strong></span> <span class='ocrx_word' id='word_1_16' title='bbox 2630 587 2695 642; x_wconf 88' lang='lat' dir='ltr'><strong>ad</strong></span> <span class='ocrx_word' id='word_1_17' title='bbox 2732 587 3008 657; x_wconf 85' lang='lat' dir='ltr'><strong>pietatem.</strong></span> <span class='ocrx_word' id='word_1_18' title='bbox 3063 587 3164 654; x_wconf 85' lang='lat' dir='ltr'><strong>Qui</strong></span> <span class='ocrx_word' id='word_1_19' title='bbox 3223 600 3401 646; x_wconf 82' lang='lat' dir='ltr'><strong>autem</strong></span> 
     </span>
    </p>
   </div>
   <div class='ocr_carea' id='block_1_6' title="bbox 156 678 1728 751">
    <p class='ocr_par' dir='ltr' id='par_1_6' title="bbox 156 678 1728 751">
     <span class='ocr_line' id='line_1_6' title="bbox 156 678 1728 751; baseline 0.002 -23"><span class='ocrx_word' id='word_1_20' title='bbox 156 678 465 747; x_wconf 67' lang='grc' dir='ltr'><strong>περιέλειχε</strong></span> <span class='ocrx_word' id='word_1_21' title='bbox 527 680 594 731; x_wconf 75' lang='grc' dir='ltr'><strong>τα</strong></span> <span class='ocrx_word' id='word_1_22' title='bbox 644 680 807 749; x_wconf 74' lang='grc' dir='ltr'>ἕλκη,</span> <span class='ocrx_word' id='word_1_23' title='bbox 859 684 954 734; x_wconf 71' lang='grc' dir='ltr'>καὶ</span> <span class='ocrx_word' id='word_1_24' title='bbox 1013 682 1296 750; x_wconf 79' lang='grc' dir='ltr'>ἀπέματτε</span> <span class='ocrx_word' id='word_1_25' title='bbox 1354 682 1476 742; x_wconf 66' lang='grc' dir='ltr'>τοὺς</span> <span class='ocrx_word' id='word_1_26' title='bbox 1527 682 1728 751; x_wconf 75' lang='grc' dir='ltr'>ἰχῶρας</span> 
     </span>
    </p>
   </div>
   <div class='ocr_carea' id='block_1_7' title="bbox 154 766 1731 842">
    <p class='ocr_par' dir='ltr' id='par_1_7' title="bbox 154 766 1731 842">
     <span class='ocr_line' id='line_1_7' title="bbox 154 766 1731 842; baseline 0.002 -21"><span class='ocrx_word' id='word_1_27' title='bbox 154 770 249 821; x_wconf 71' lang='grc' dir='ltr'>καὶ</span> <span class='ocrx_word' id='word_1_28' title='bbox 272 770 408 838; x_wconf 71' lang='grc' dir='ltr'><strong>δήλη</strong></span> <span class='ocrx_word' id='word_1_29' title='bbox 433 766 505 840; x_wconf 74' lang='grc' dir='ltr'>ἦν</span> <span class='ocrx_word' id='word_1_30' title='bbox 533 771 756 833; x_wconf 77' lang='grc' dir='ltr'><strong>τούτους</strong></span> <span class='ocrx_word' id='word_1_31' title='bbox 788 773 1029 841; x_wconf 84' lang='grc' dir='ltr'>τιμῶσα,</span> <span class='ocrx_word' id='word_1_32' title='bbox 1062 773 1158 826; x_wconf 78' lang='grc' dir='ltr'><strong>καὶ</strong></span> <span class='ocrx_word' id='word_1_33' title='bbox 1193 773 1282 825; x_wconf 84' lang='grc' dir='ltr'><strong>διὰ</strong></span> <span class='ocrx_word' id='word_1_34' title='bbox 1305 774 1488 842; x_wconf 82' lang='grc' dir='ltr'>πάσης</span> <span class='ocrx_word' id='word_1_35' title='bbox 1524 773 1731 836; x_wconf 77' lang='grc' dir='ltr'>αἰδοῦς,</span> 
     </span>
    </p>
   </div>
   <div class='ocr_carea' id='block_1_8' title="bbox 155 863 1736 934">
    <p class='ocr_par' dir='ltr' id='par_1_8' title="bbox 155 863 1736 934">
     <span class='ocr_line' id='line_1_8' title="bbox 155 863 1736 934; baseline 0.003 -21"><span class='ocrx_word' id='word_1_36' title='bbox 155 863 718 931; x_wconf 79' lang='grc' dir='ltr'>τιθεμένη.’1“οιύταὸ</span> <span class='ocrx_word' id='word_1_37' title='bbox 765 866 864 934; x_wconf 75' lang='grc' dir='ltr'>μὲν</span> <span class='ocrx_word' id='word_1_38' title='bbox 934 865 1243 934; x_wconf 81' lang='grc' dir='ltr'>περιεστὼς</span> <span class='ocrx_word' id='word_1_39' title='bbox 1302 865 1472 934; x_wconf 78' lang='grc' dir='ltr'>δῆμος</span> <span class='ocrx_word' id='word_1_40' title='bbox 1550 865 1736 932; x_wconf 66' lang='grc' dir='ltr'>θαῦμα</span> 
     </span>
    </p>
   </div>
   <div class='ocr_carea' id='block_1_9' title="bbox 155 954 1735 1026">
    <p class='ocr_par' dir='ltr' id='par_1_9' title="bbox 155 954 1735 1026">
     <span class='ocr_line' id='line_1_9' title="bbox 155 954 1735 1026; baseline 0.004 -23"><span class='ocrx_word' id='word_1_41' title='bbox 155 954 396 1006; x_wconf 77' lang='grc' dir='ltr'>ἐποιεῖτο</span> <span class='ocrx_word' id='word_1_42' title='bbox 428 957 526 1006; x_wconf 72' lang='grc' dir='ltr'><strong>καὶ</strong></span> <span class='ocrx_word' id='word_1_43' title='bbox 561 956 1008 1025; x_wconf 76' lang='grc' dir='ltr'>διεθερμαίνοντο</span> <span class='ocrx_word' id='word_1_44' title='bbox 1052 957 1188 1026; x_wconf 72' lang='grc' dir='ltr'>πρὸς</span> <span class='ocrx_word' id='word_1_45' title='bbox 1238 958 1541 1010; x_wconf 71' lang='grc' dir='ltr'>εὐσέϐειαν.</span> <span class='ocrx_word' id='word_1_46' title='bbox 1599 956 1654 1009; x_wconf 85' lang='grc' dir='ltr'><strong>Ὀ</strong></span> <span class='ocrx_word' id='word_1_47' title='bbox 1679 956 1735 1009; x_wconf 76' lang='grc' dir='ltr'><strong>δὲ</strong></span> 
     </span>
    </p>
   </div>
   <div class='ocr_carea' id='block_1_10' title="bbox 155 1046 1735 1116">
    <p class='ocr_par' dir='ltr' id='par_1_10' title="bbox 155 1046 1735 1116">
     <span class='ocr_line' id='line_1_10' title="bbox 155 1046 1735 1116; baseline 0.003 -18"><span class='ocrx_word' id='word_1_48' title='bbox 155 1046 215 1098; x_wconf 83' lang='grc' dir='ltr'><strong>τὸ</strong></span> <span class='ocrx_word' id='word_1_49' title='bbox 247 1046 475 1116; x_wconf 69' lang='grc' dir='ltr'>θέατρον</span> <span class='ocrx_word' id='word_1_50' title='bbox 505 1048 1023 1113; x_wconf 67' lang='grc' dir='ltr'>διαθεὶςΔιονύσιος,</span> <span class='ocrx_word' id='word_1_51' title='bbox 1077 1052 1335 1104; x_wconf 62' lang='grc' dir='ltr'>ἐλάνθανε</span> <span class='ocrx_word' id='word_1_52' title='bbox 1401 1050 1735 1104; x_wconf 70' lang='grc' dir='ltr'>καθ’ἑαυτοῦ</span> 
     </span>
    </p>
   </div>
   <div class='ocr_carea' id='block_1_11' title="bbox 157 1137 1735 1212">
    <p class='ocr_par' dir='ltr' id='par_1_11' title="bbox 157 1137 1735 1212">
     <span class='ocr_line' id='line_1_11' title="bbox 157 1137 1735 1212; baseline 0.002 -25"><span class='ocrx_word' id='word_1_53' title='bbox 157 1137 287 1199; x_wconf 68' lang='grc' dir='ltr'>τοὺς</span> <span class='ocrx_word' id='word_1_54' title='bbox 318 1139 599 1207; x_wconf 78' lang='grc' dir='ltr'><strong>παρόντας</strong></span> <span class='ocrx_word' id='word_1_55' title='bbox 630 1140 980 1210; x_wconf 74' lang='grc' dir='ltr'><strong>συνειλοχὼς,</strong></span> <span class='ocrx_word' id='word_1_56' title='bbox 1011 1142 1107 1194; x_wconf 73' lang='grc' dir='ltr'><strong>καὶ</strong></span> <span class='ocrx_word' id='word_1_57' title='bbox 1148 1142 1248 1212; x_wconf 79' lang='grc' dir='ltr'>τῆς</span> <span class='ocrx_word' id='word_1_58' title='bbox 1280 1141 1492 1202; x_wconf 80' lang='grc' dir='ltr'><strong>οἰκείας</strong></span> <span class='ocrx_word' id='word_1_59' title='bbox 1536 1140 1735 1207; x_wconf 77' lang='grc' dir='ltr'>μᾶλλον</span> 
     </span>
    </p>
   </div>
   <div class='ocr_carea' id='block_1_12' title="bbox 158 1230 1735 1303">
    <p class='ocr_par' dir='ltr' id='par_1_12' title="bbox 158 1230 1735 1303">
     <span class='ocr_line' id='line_1_12' title="bbox 158 1230 1735 1303; baseline 0.001 -21"><span class='ocrx_word' id='word_1_60' title='bbox 158 1230 425 1300; x_wconf 74' lang='grc' dir='ltr'><strong>αἰσχύνης</strong></span> <span class='ocrx_word' id='word_1_61' title='bbox 471 1232 731 1301; x_wconf 61' lang='grc' dir='ltr'>(θεωροὺς,</span> <span class='ocrx_word' id='word_1_62' title='bbox 760 1237 819 1284; x_wconf 82' lang='grc' dir='ltr'><strong>ού</strong></span> <span class='ocrx_word' id='word_1_63' title='bbox 858 1235 957 1302; x_wconf 80' lang='grc' dir='ltr'><strong>τῆς</strong></span> <span class='ocrx_word' id='word_1_64' title='bbox 1015 1234 1125 1286; x_wconf 83' lang='grc' dir='ltr'><strong>τῶν</strong></span> <span class='ocrx_word' id='word_1_65' title='bbox 1157 1233 1454 1303; x_wconf 82' lang='grc' dir='ltr'>μαρτύρων</span> <span class='ocrx_word' id='word_1_66' title='bbox 1497 1233 1735 1299; x_wconf 75' lang='grc' dir='ltr'>ἀγωνίας</span> 
     </span>
    </p>
   </div>
   <div class='ocr_carea' id='block_1_13' title="bbox 162 1322 1736 1395">
    <p class='ocr_par' dir='ltr' id='par_1_13' title="bbox 162 1322 1736 1395">
     <span class='ocr_line' id='line_1_13' title="bbox 162 1322 1736 1395; baseline 0.001 -19"><span class='ocrx_word' id='word_1_67' title='bbox 162 1324 425 1387; x_wconf 84' lang='grc' dir='ltr'>καλέσας,</span> <span class='ocrx_word' id='word_1_68' title='bbox 459 1327 545 1393; x_wconf 55' lang='grc' dir='ltr'>ἐρ’</span> <span class='ocrx_word' id='word_1_69' title='bbox 574 1322 655 1387; x_wconf 71' lang='grc' dir='ltr'>οἷς</span> <span class='ocrx_word' id='word_1_70' title='bbox 688 1326 892 1394; x_wconf 76' lang='grc' dir='ltr'>μᾶλλον</span> <span class='ocrx_word' id='word_1_71' title='bbox 917 1328 1079 1389; x_wconf 75' lang='grc' dir='ltr'>αὐτὸς</span> <span class='ocrx_word' id='word_1_72' title='bbox 1106 1327 1461 1395; x_wconf 78' lang='grc' dir='ltr'>ὲξεϐηριοῦτο</span> <span class='ocrx_word' id='word_1_73' title='bbox 1492 1344 1503 1358; x_wconf 88' lang='grc'><strong>·</strong></span> <span class='ocrx_word' id='word_1_74' title='bbox 1538 1328 1629 1378; x_wconf 73' lang='grc' dir='ltr'>καὶ</span> <span class='ocrx_word' id='word_1_75' title='bbox 1659 1325 1736 1394; x_wconf 80' lang='grc' dir='ltr'>τῷ</span> 
     </span>
    </p>
   </div>
   <div class='ocr_carea' id='block_1_14' title="bbox 161 1417 1737 1488">
    <p class='ocr_par' dir='ltr' id='par_1_14' title="bbox 161 1417 1737 1488">
     <span class='ocr_line' id='line_1_14' title="bbox 161 1417 1737 1488; baseline 0.001 -21"><span class='ocrx_word' id='word_1_76' title='bbox 161 1418 269 1480; x_wconf 73' lang='grc' dir='ltr'>τῷν</span> <span class='ocrx_word' id='word_1_77' title='bbox 306 1417 515 1485; x_wconf 78' lang='grc' dir='ltr'>Θηρίων</span> <span class='ocrx_word' id='word_1_78' title='bbox 555 1418 864 1487; x_wconf 77' lang='grc' dir='ltr'>ἐπιμελητῇ</span> <span class='ocrx_word' id='word_1_79' title='bbox 914 1418 1220 1487; x_wconf 72' lang='grc' dir='ltr'>βαρύτατον</span> <span class='ocrx_word' id='word_1_80' title='bbox 1257 1418 1489 1471; x_wconf 73' lang='grc' dir='ltr'>θανάτου</span> <span class='ocrx_word' id='word_1_81' title='bbox 1538 1418 1737 1488; x_wconf 72' lang='grc' dir='ltr'>τρόπον</span> 
     </span>
    </p>
   </div>
   <div class='ocr_carea' id='block_1_15' title="bbox 157 1509 1740 1579">
    <p class='ocr_par' dir='ltr' id='par_1_15' title="bbox 157 1509 1740 1579">
     <span class='ocr_line' id='line_1_15' title="bbox 157 1509 1740 1579; baseline 0.001 -20"><span class='ocrx_word' id='word_1_82' title='bbox 157 1509 400 1575; x_wconf 69' lang='grc' dir='ltr'>ἠπείλει.</span> <span class='ocrx_word' id='word_1_83' title='bbox 450 1509 507 1561; x_wconf 87' lang='grc' dir='ltr'><strong>Ὀ</strong></span> <span class='ocrx_word' id='word_1_84' title='bbox 542 1510 595 1561; x_wconf 75' lang='grc' dir='ltr'><strong>δὲ</strong></span> <span class='ocrx_word' id='word_1_85' title='bbox 620 1510 825 1573; x_wconf 77' lang='grc' dir='ltr'>δείσας,</span> <span class='ocrx_word' id='word_1_86' title='bbox 867 1512 959 1562; x_wconf 71' lang='grc' dir='ltr'><strong>καὶ</strong></span> <span class='ocrx_word' id='word_1_87' title='bbox 987 1510 1175 1563; x_wconf 79' lang='grc' dir='ltr'>λέοντα</span> <span class='ocrx_word' id='word_1_88' title='bbox 1217 1511 1360 1563; x_wconf 75' lang='grc' dir='ltr'>κατὰ</span> <span class='ocrx_word' id='word_1_89' title='bbox 1386 1510 1499 1562; x_wconf 82' lang='grc' dir='ltr'><strong>τῶν</strong></span> <span class='ocrx_word' id='word_1_90' title='bbox 1534 1509 1740 1579; x_wconf 78' lang='grc' dir='ltr'>μαρτύ-</span> 
     </span>
    </p>
   </div>
   <div class='ocr_carea' id='block_1_16' title="bbox 161 1600 1740 1671">
    <p class='ocr_par' dir='ltr' id='par_1_16' title="bbox 161 1600 1740 1671">
     <span class='ocr_line' id='line_1_16' title="bbox 161 1600 1740 1671; baseline 0.002 -21"><span class='ocrx_word' id='word_1_91' title='bbox 161 1615 268 1667; x_wconf 71' lang='grc' dir='ltr'>ρων</span> <span class='ocrx_word' id='word_1_92' title='bbox 286 1600 522 1668; x_wconf 64' lang='grc' dir='ltr'>ἀιρίησιν</span> <span class='ocrx_word' id='word_1_93' title='bbox 543 1616 557 1630; x_wconf 86' lang='grc'><strong>·</strong></span> <span class='ocrx_word' id='word_1_94' title='bbox 587 1602 700 1653; x_wconf 79' lang='grc' dir='ltr'>ἀλλ’</span> <span class='ocrx_word' id='word_1_95' title='bbox 721 1603 841 1654; x_wconf 67' lang='grc' dir='ltr'><strong>οὐδὲ</strong></span> <span class='ocrx_word' id='word_1_96' title='bbox 877 1600 1028 1666; x_wconf 77' lang='grc' dir='ltr'>οὗτος</span> <span class='ocrx_word' id='word_1_97' title='bbox 1061 1603 1166 1655; x_wconf 79' lang='grc' dir='ltr'><strong>τῶν</strong></span> <span class='ocrx_word' id='word_1_98' title='bbox 1185 1602 1507 1670; x_wconf 70' lang='grc' dir='ltr'>φθασάντων</span> <span class='ocrx_word' id='word_1_99' title='bbox 1537 1603 1740 1671; x_wconf 71' lang='grc' dir='ltr'>Θηρίων</span> 
     </span>
    </p>
   </div>
   <div class='ocr_carea' id='block_1_17' title="bbox 160 1693 1736 1765">
    <p class='ocr_par' dir='ltr' id='par_1_17' title="bbox 160 1693 1736 1765">
     <span class='ocr_line' id='line_1_17' title="bbox 160 1693 1736 1765; baseline 0.001 -20"><span class='ocrx_word' id='word_1_100' title='bbox 160 1693 342 1762; x_wconf 73' lang='grc' dir='ltr'>ἥττων</span> <span class='ocrx_word' id='word_1_101' title='bbox 367 1695 545 1763; x_wconf 68' lang='grc' dir='ltr'><strong>ἐφάνη</strong></span> <span class='ocrx_word' id='word_1_102' title='bbox 569 1695 705 1764; x_wconf 59' lang='grc' dir='ltr'>πρὶς</span> <span class='ocrx_word' id='word_1_103' title='bbox 742 1697 1081 1765; x_wconf 71' lang='grc' dir='ltr'>ἡμερότητα.</span> <span class='ocrx_word' id='word_1_104' title='bbox 1110 1695 1434 1748; x_wconf 79' lang='grc' dir='ltr'>Τούναντξον</span> <span class='ocrx_word' id='word_1_105' title='bbox 1478 1695 1577 1763; x_wconf 84' lang='grc' dir='ltr'>μὲν</span> <span class='ocrx_word' id='word_1_106' title='bbox 1618 1693 1736 1757; x_wconf 68' lang='grc' dir='ltr'>οὖν,</span> 
     </span>
    </p>
   </div>
   <div class='ocr_carea' id='block_1_18' title="bbox 162 1781 1737 1857">
    <p class='ocr_par' dir='ltr' id='par_1_18' title="bbox 162 1781 1737 1857">
     <span class='ocr_line' id='line_1_18' title="bbox 162 1781 1737 1857; baseline 0.001 -20"><span class='ocrx_word' id='word_1_107' title='bbox 162 1788 257 1837; x_wconf 80' lang='grc' dir='ltr'>καὶ</span> <span class='ocrx_word' id='word_1_108' title='bbox 293 1790 549 1854; x_wconf 77' lang='grc' dir='ltr'>γενναῖόν</span> <span class='ocrx_word' id='word_1_109' title='bbox 574 1806 625 1839; x_wconf 77' lang='grc' dir='ltr'><strong>τι</strong></span> <span class='ocrx_word' id='word_1_110' title='bbox 660 1790 805 1841; x_wconf 68' lang='grc' dir='ltr'>κατὰ</span> <span class='ocrx_word' id='word_1_111' title='bbox 833 1788 925 1840; x_wconf 82' lang='grc' dir='ltr'>τοῦ</span> <span class='ocrx_word' id='word_1_112' title='bbox 969 1781 1331 1857; x_wconf 73' lang='grc' dir='ltr'>λεοντοκὸμου</span> <span class='ocrx_word' id='word_1_113' title='bbox 1401 1788 1737 1851; x_wconf 75' lang='grc' dir='ltr'>ἐπεδείξατο.</span> 
     </span>
    </p>
   </div>
   <div class='ocr_carea' id='block_1_19' title="bbox 176 1877 1743 1949">
    <p class='ocr_par' dir='ltr' id='par_1_19' title="bbox 176 1877 1743 1949">
     <span class='ocr_line' id='line_1_19' title="bbox 176 1877 1743 1949; baseline 0.001 -18"><span class='ocrx_word' id='word_1_114' title='bbox 176 1877 233 1931; x_wconf 89' lang='grc' dir='ltr'>Ὀ</span> <span class='ocrx_word' id='word_1_115' title='bbox 260 1878 362 1945; x_wconf 82' lang='grc' dir='ltr'><strong>μὲν</strong></span> <span class='ocrx_word' id='word_1_116' title='bbox 391 1880 499 1947; x_wconf 76' lang='grc' dir='ltr'>γὰρ</span> <span class='ocrx_word' id='word_1_117' title='bbox 528 1881 713 1948; x_wconf 65' lang='grc' dir='ltr'>ἠρέμα</span> <span class='ocrx_word' id='word_1_118' title='bbox 751 1882 1006 1949; x_wconf 71' lang='grc' dir='ltr'>πρόσεισι</span> <span class='ocrx_word' id='word_1_119' title='bbox 1050 1884 1163 1942; x_wconf 78' lang='grc' dir='ltr'>τοῖς</span> <span class='ocrx_word' id='word_1_120' title='bbox 1222 1881 1419 1947; x_wconf 62' lang='grc' dir='ltr'>ἁγίοις,</span> <span class='ocrx_word' id='word_1_121' title='bbox 1461 1881 1552 1933; x_wconf 80' lang='grc' dir='ltr'><strong>καὶ</strong></span> <span class='ocrx_word' id='word_1_122' title='bbox 1595 1881 1743 1933; x_wconf 84' lang='grc' dir='ltr'>κάτω</span> 
     </span>
    </p>
   </div>
   <div class='ocr_carea' id='block_1_20' title="bbox 1837 679 3406 750">
    <p class='ocr_par' dir='ltr' id='par_1_20' title="bbox 1837 679 3406 750">
     <span class='ocr_line' id='line_1_20' title="bbox 1837 679 3406 750; baseline 0.002 -18"><span class='ocrx_word' id='word_1_123' title='bbox 1837 680 2111 733; x_wconf 74' lang='lat' dir='ltr'><strong>theatrum</strong></span> <span class='ocrx_word' id='word_1_124' title='bbox 2144 688 2396 750; x_wconf 81' lang='lat' dir='ltr'><strong>coegerat</strong></span> <span class='ocrx_word' id='word_1_125' title='bbox 2441 679 2753 750; x_wconf 84' lang='lat' dir='ltr'><strong>Dionysius,</strong></span> <span class='ocrx_word' id='word_1_126' title='bbox 2792 695 2900 734; x_wconf 92' lang='lat' dir='ltr'><strong>non</strong></span> <span class='ocrx_word' id='word_1_127' title='bbox 2939 680 3406 741; x_wconf 62' lang='lat' dir='ltr'><strong>animadverterat</strong></span> 
     </span>
    </p>
   </div>
   <div class='ocr_carea' id='block_1_21' title="bbox 1837 772 3404 843">
    <p class='ocr_par' dir='ltr' id='par_1_21' title="bbox 1837 772 3404 843">
     <span class='ocr_line' id='line_1_21' title="bbox 1837 772 3404 843; baseline 0 -17"><span class='ocrx_word' id='word_1_128' title='bbox 1837 787 1892 826; x_wconf 88' lang='lat' dir='ltr'><strong>se</strong></span> <span class='ocrx_word' id='word_1_129' title='bbox 1918 787 2011 825; x_wconf 84' lang='lat' dir='ltr'><strong>eos</strong></span> <span class='ocrx_word' id='word_1_130' title='bbox 2047 774 2133 842; x_wconf 82' lang='lat' dir='ltr'><strong>qui</strong></span> <span class='ocrx_word' id='word_1_131' title='bbox 2177 772 2425 835; x_wconf 79' lang='lat' dir='ltr'><strong>aderant,</strong></span> <span class='ocrx_word' id='word_1_132' title='bbox 2459 780 2648 829; x_wconf 83' lang='lat' dir='ltr'><strong>contra</strong></span> <span class='ocrx_word' id='word_1_133' title='bbox 2685 788 2742 827; x_wconf 87' lang='lat' dir='ltr'><strong>se</strong></span> <span class='ocrx_word' id='word_1_134' title='bbox 2787 787 3144 843; x_wconf 75' lang='lat' dir='ltr'><strong>congregasse</strong></span> <span class='ocrx_word' id='word_1_135' title='bbox 3174 790 3189 826; x_wconf 89' lang='lat'>:</span> <span class='ocrx_word' id='word_1_136' title='bbox 3214 786 3269 828; x_wconf 87' lang='lat' dir='ltr'><strong>et</strong></span> <span class='ocrx_word' id='word_1_137' title='bbox 3322 777 3404 828; x_wconf 89' lang='lat' dir='ltr'><strong>sui</strong></span> 
     </span>
    </p>
   </div>
   <div class='ocr_carea' id='block_1_22' title="bbox 1840 863 3408 932">
    <p class='ocr_par' dir='ltr' id='par_1_22' title="bbox 1840 863 3408 932">
     <span class='ocr_line' id='line_1_22' title="bbox 1840 863 3408 932; baseline 0.001 -18"><span class='ocrx_word' id='word_1_138' title='bbox 1840 864 2018 932; x_wconf 84' lang='lat' dir='ltr'><strong>potius</strong></span> <span class='ocrx_word' id='word_1_139' title='bbox 2081 863 2363 917; x_wconf 79' lang='lat' dir='ltr'><strong>dedecoris</strong></span> <span class='ocrx_word' id='word_1_140' title='bbox 2454 872 2810 931; x_wconf 78' lang='lat' dir='ltr'><strong>spectatores,</strong></span> <span class='ocrx_word' id='word_1_141' title='bbox 2862 879 3023 932; x_wconf 89' lang='lat' dir='ltr'><strong>quam</strong></span> <span class='ocrx_word' id='word_1_142' title='bbox 3095 866 3408 918; x_wconf 78' lang='lat' dir='ltr'><strong>certaminis</strong></span> 
     </span>
    </p>
   </div>
   <div class='ocr_carea' id='block_1_23' title="bbox 1840 955 3407 1025">
    <p class='ocr_par' dir='ltr' id='par_1_23' title="bbox 1840 955 3407 1025">
     <span class='ocr_line' id='line_1_23' title="bbox 1840 955 3407 1025; baseline 0.002 -19"><span class='ocrx_word' id='word_1_143' title='bbox 1840 962 2135 1023; x_wconf 82' lang='lat' dir='ltr'><strong>martyrum</strong></span> <span class='ocrx_word' id='word_1_144' title='bbox 2206 968 2560 1008; x_wconf 81' lang='lat' dir='ltr'><strong>convocasse.</strong></span> <span class='ocrx_word' id='word_1_145' title='bbox 2623 955 2852 1023; x_wconf 84' lang='lat' dir='ltr'><strong>Propter</strong></span> <span class='ocrx_word' id='word_1_146' title='bbox 2892 970 3014 1024; x_wconf 69' lang='lat' dir='ltr'><strong>quae</strong></span> <span class='ocrx_word' id='word_1_147' title='bbox 3066 955 3180 1025; x_wconf 87' lang='lat' dir='ltr'><strong>ipse</strong></span> <span class='ocrx_word' id='word_1_148' title='bbox 3237 957 3407 1025; x_wconf 83' lang='lat' dir='ltr'><strong>magis</strong></span> 
     </span>
    </p>
   </div>
   <div class='ocr_carea' id='block_1_24' title="bbox 1838 1045 3405 1116">
    <p class='ocr_par' dir='ltr' id='par_1_24' title="bbox 1838 1045 3405 1116">
     <span class='ocr_line' id='line_1_24' title="bbox 1838 1045 3405 1116; baseline -0.001 -17"><span class='ocrx_word' id='word_1_149' title='bbox 1838 1046 2187 1109; x_wconf 74' lang='lat' dir='ltr'><strong>eileraiiatur,</strong></span> <span class='ocrx_word' id='word_1_150' title='bbox 2225 1056 2278 1099; x_wconf 91' lang='lat' dir='ltr'><strong>et</strong></span> <span class='ocrx_word' id='word_1_151' title='bbox 2317 1045 2388 1107; x_wconf 84' lang='lat' dir='ltr'><strong>ei,</strong></span> <span class='ocrx_word' id='word_1_152' title='bbox 2429 1046 2519 1114; x_wconf 87' lang='lat' dir='ltr'><strong>qui</strong></span> <span class='ocrx_word' id='word_1_153' title='bbox 2571 1060 2757 1099; x_wconf 87' lang='lat' dir='ltr'><strong>curam</strong></span> <span class='ocrx_word' id='word_1_154' title='bbox 2810 1048 3030 1116; x_wconf 81' lang='lat' dir='ltr'><strong>gerebat</strong></span> <span class='ocrx_word' id='word_1_155' title='bbox 3083 1046 3405 1107; x_wconf 89' lang='lat' dir='ltr'><strong>bestiarum,</strong></span> 
     </span>
    </p>
   </div>
   <div class='ocr_carea' id='block_1_25' title="bbox 1840 1138 3408 1207">
    <p class='ocr_par' dir='ltr' id='par_1_25' title="bbox 1840 1138 3408 1207">
     <span class='ocr_line' id='line_1_25' title="bbox 1840 1138 3408 1207; baseline -0.001 -17"><span class='ocrx_word' id='word_1_156' title='bbox 1840 1150 2072 1192; x_wconf 86' lang='lat' dir='ltr'><strong>mortem</strong></span> <span class='ocrx_word' id='word_1_157' title='bbox 2110 1139 2419 1193; x_wconf 81' lang='lat' dir='ltr'><strong>minabatur</strong></span> <span class='ocrx_word' id='word_1_158' title='bbox 2440 1139 2838 1207; x_wconf 78' lang='lat' dir='ltr'><strong>gravissimam.</strong></span> <span class='ocrx_word' id='word_1_159' title='bbox 2870 1138 2960 1191; x_wconf 87' lang='lat' dir='ltr'><strong>Ille</strong></span> <span class='ocrx_word' id='word_1_160' title='bbox 2983 1147 3163 1191; x_wconf 88' lang='lat' dir='ltr'><strong>autem</strong></span> <span class='ocrx_word' id='word_1_161' title='bbox 3213 1138 3408 1192; x_wconf 78' lang='lat' dir='ltr'><strong>timore.</strong></span> 
     </span>
    </p>
   </div>
   <div class='ocr_carea' id='block_1_26' title="bbox 1839 1227 3406 1298">
    <p class='ocr_par' dir='ltr' id='par_1_26' title="bbox 1839 1227 3406 1298">
     <span class='ocr_line' id='line_1_26' title="bbox 1839 1227 3406 1298; baseline 0 -19"><span class='ocrx_word' id='word_1_162' title='bbox 1839 1227 2089 1287; x_wconf 75' lang='lat' dir='ltr'><strong>aﬂ‘ectus,</strong></span> <span class='ocrx_word' id='word_1_163' title='bbox 2125 1227 2336 1281; x_wconf 85' lang='lat' dir='ltr'><strong>leonem</strong></span> <span class='ocrx_word' id='word_1_164' title='bbox 2364 1242 2582 1297; x_wconf 89' lang='lat' dir='ltr'><strong>quoque</strong></span> <span class='ocrx_word' id='word_1_165' title='bbox 2608 1228 2835 1281; x_wconf 86' lang='lat' dir='ltr'><strong>immisit</strong></span> <span class='ocrx_word' id='word_1_166' title='bbox 2884 1228 2937 1282; x_wconf 90' lang='lat' dir='ltr'><strong>in</strong></span> <span class='ocrx_word' id='word_1_167' title='bbox 2973 1237 3257 1298; x_wconf 83' lang='lat' dir='ltr'><strong>martyres.</strong></span> <span class='ocrx_word' id='word_1_168' title='bbox 3302 1227 3406 1281; x_wconf 87' lang='lat' dir='ltr'><strong>Sed</strong></span> 
     </span>
    </p>
   </div>
   <div class='ocr_carea' id='block_1_27' title="bbox 1840 1318 3409 1389">
    <p class='ocr_par' dir='ltr' id='par_1_27' title="bbox 1840 1318 3409 1389">
     <span class='ocr_line' id='line_1_27' title="bbox 1840 1318 3409 1389; baseline -0.001 -18"><span class='ocrx_word' id='word_1_169' title='bbox 1840 1334 1941 1372; x_wconf 87' lang='lat' dir='ltr'><strong>nec</strong></span> <span class='ocrx_word' id='word_1_170' title='bbox 1973 1320 2017 1372; x_wconf 90' lang='lat' dir='ltr'><strong>is</strong></span> <span class='ocrx_word' id='word_1_171' title='bbox 2045 1318 2148 1372; x_wconf 83' lang='lat' dir='ltr'><strong>fuit</strong></span> <span class='ocrx_word' id='word_1_172' title='bbox 2195 1319 2377 1374; x_wconf 91' lang='lat' dir='ltr'><strong>minus</strong></span> <span class='ocrx_word' id='word_1_173' title='bbox 2405 1319 2665 1388; x_wconf 85' lang='lat' dir='ltr'><strong>placidus,</strong></span> <span class='ocrx_word' id='word_1_174' title='bbox 2722 1336 2887 1388; x_wconf 86' lang='lat' dir='ltr'><strong>quam</strong></span> <span class='ocrx_word' id='word_1_175' title='bbox 2935 1320 3149 1389; x_wconf 84' lang='lat' dir='ltr'><strong>priores</strong></span> <span class='ocrx_word' id='word_1_176' title='bbox 3200 1319 3409 1373; x_wconf 69' lang='lat' dir='ltr'><strong>bestiae.</strong></span> 
     </span>
    </p>
   </div>
   <div class='ocr_carea' id='block_1_28' title="bbox 1838 1410 3407 1481">
    <p class='ocr_par' dir='ltr' id='par_1_28' title="bbox 1838 1410 3407 1481">
     <span class='ocr_line' id='line_1_28' title="bbox 1838 1410 3407 1481; baseline 0 -17"><span class='ocrx_word' id='word_1_177' title='bbox 1838 1410 2039 1464; x_wconf 85' lang='lat' dir='ltr'><strong>Contra</strong></span> <span class='ocrx_word' id='word_1_178' title='bbox 2079 1419 2259 1464; x_wconf 88' lang='lat' dir='ltr'><strong>autem</strong></span> <span class='ocrx_word' id='word_1_179' title='bbox 2294 1427 2406 1465; x_wconf 87' lang='lat' dir='ltr'><strong>rem</strong></span> <span class='ocrx_word' id='word_1_180' title='bbox 2471 1413 2597 1466; x_wconf 74' lang='lat' dir='ltr'><strong>fecit</strong></span> <span class='ocrx_word' id='word_1_181' title='bbox 2662 1414 2982 1481; x_wconf 64' lang='lat' dir='ltr'><strong>praeclaram,</strong></span> <span class='ocrx_word' id='word_1_182' title='bbox 3028 1413 3081 1466; x_wconf 92' lang='lat' dir='ltr'><strong>in</strong></span> <span class='ocrx_word' id='word_1_183' title='bbox 3122 1428 3265 1474; x_wconf 87' lang='lat' dir='ltr'><strong>eum,</strong></span> <span class='ocrx_word' id='word_1_184' title='bbox 3320 1413 3407 1477; x_wconf 88' lang='lat' dir='ltr'><strong>qui</strong></span> 
     </span>
    </p>
   </div>
   <div class='ocr_carea' id='block_1_29' title="bbox 1843 1502 3413 1572">
    <p class='ocr_par' dir='ltr' id='par_1_29' title="bbox 1843 1502 3413 1572">
     <span class='ocr_line' id='line_1_29' title="bbox 1843 1502 3413 1572; baseline -0.001 -15"><span class='ocrx_word' id='word_1_185' title='bbox 1843 1504 1990 1557; x_wconf 80' lang='lat' dir='ltr'><strong>illius</strong></span> <span class='ocrx_word' id='word_1_186' title='bbox 2020 1518 2161 1557; x_wconf 64' lang='lat' dir='ltr'><strong>curm</strong></span> <span class='ocrx_word' id='word_1_187' title='bbox 2196 1513 2445 1572; x_wconf 61' lang='lat' dir='ltr'><strong>praeerat.</strong></span> <span class='ocrx_word' id='word_1_188' title='bbox 2506 1502 2640 1558; x_wconf 84' lang='lat' dir='ltr'><strong>Nam</strong></span> <span class='ocrx_word' id='word_1_189' title='bbox 2667 1505 2754 1558; x_wconf 90' lang='lat' dir='ltr'><strong>ille</strong></span> <span class='ocrx_word' id='word_1_190' title='bbox 2786 1504 3004 1572; x_wconf 84' lang='lat' dir='ltr'><strong>quidem</strong></span> <span class='ocrx_word' id='word_1_191' title='bbox 3066 1502 3292 1565; x_wconf 88' lang='lat' dir='ltr'><strong>sensim,</strong></span> <span class='ocrx_word' id='word_1_192' title='bbox 3357 1514 3413 1556; x_wconf 89' lang='lat' dir='ltr'><strong>et</strong></span> 
     </span>
    </p>
   </div>
   <div class='ocr_carea' id='block_1_30' title="bbox 1843 1595 3413 1663">
    <p class='ocr_par' dir='ltr' id='par_1_30' title="bbox 1843 1595 3413 1663">
     <span class='ocr_line' id='line_1_30' title="bbox 1843 1595 3413 1663; baseline 0 -16"><span class='ocrx_word' id='word_1_193' title='bbox 1843 1604 2006 1663; x_wconf 85' lang='lat' dir='ltr'><strong>caput</strong></span> <span class='ocrx_word' id='word_1_194' title='bbox 2035 1596 2287 1648; x_wconf 84' lang='lat' dir='ltr'><strong>deorsum</strong></span> <span class='ocrx_word' id='word_1_195' title='bbox 2324 1596 2616 1657; x_wconf 87' lang='lat' dir='ltr'><strong>inclinans,</strong></span> <span class='ocrx_word' id='word_1_196' title='bbox 2679 1597 2893 1650; x_wconf 85' lang='lat' dir='ltr'><strong>accedit</strong></span> <span class='ocrx_word' id='word_1_197' title='bbox 2955 1596 3020 1649; x_wconf 92' lang='lat' dir='ltr'><strong>ad</strong></span> <span class='ocrx_word' id='word_1_198' title='bbox 3062 1604 3304 1649; x_wconf 89' lang='lat' dir='ltr'><strong>sanctos.</strong></span> <span class='ocrx_word' id='word_1_199' title='bbox 3363 1595 3413 1648; x_wconf 88' lang='lat' dir='ltr'><strong>ls</strong></span> 
     </span>
    </p>
   </div>
   <div class='ocr_carea' id='block_1_31' title="bbox 1845 1687 3405 1756">
    <p class='ocr_par' dir='ltr' id='par_1_31' title="bbox 1845 1687 3405 1756">
     <span class='ocr_line' id='line_1_31' title="bbox 1845 1687 3405 1756; baseline -0.001 -16"><span class='ocrx_word' id='word_1_200' title='bbox 1845 1699 2026 1740; x_wconf 85' lang='lat' dir='ltr'><strong>autem</strong></span> <span class='ocrx_word' id='word_1_201' title='bbox 2048 1687 2224 1756; x_wconf 90' lang='lat' dir='ltr'><strong>ipsum</strong></span> <span class='ocrx_word' id='word_1_202' title='bbox 2250 1687 2499 1741; x_wconf 78' lang='lat' dir='ltr'><strong>irritabat</strong></span> <span class='ocrx_word' id='word_1_203' title='bbox 2534 1688 2734 1741; x_wconf 88' lang='lat' dir='ltr'><strong>acriter</strong></span> <span class='ocrx_word' id='word_1_204' title='bbox 2769 1688 3104 1750; x_wconf 83' lang='lat' dir='ltr'><strong>exclamans,</strong></span> <span class='ocrx_word' id='word_1_205' title='bbox 3138 1697 3192 1741; x_wconf 87' lang='lat' dir='ltr'><strong>et</strong></span> <span class='ocrx_word' id='word_1_206' title='bbox 3209 1688 3405 1740; x_wconf 78' lang='lat' dir='ltr'><strong>exhor-</strong></span> 
     </span>
    </p>
   </div>
   <div class='ocr_carea' id='block_1_32' title="bbox 1847 1778 3413 1847">
    <p class='ocr_par' dir='ltr' id='par_1_32' title="bbox 1847 1778 3413 1847">
     <span class='ocr_line' id='line_1_32' title="bbox 1847 1778 3413 1847; baseline 0.001 -17"><span class='ocrx_word' id='word_1_207' title='bbox 1847 1779 2061 1832; x_wconf 81' lang='lat' dir='ltr'><strong>tabatur</strong></span> <span class='ocrx_word' id='word_1_208' title='bbox 2086 1780 2352 1832; x_wconf 79' lang='lat' dir='ltr'><strong>adversus</strong></span> <span class='ocrx_word' id='word_1_209' title='bbox 2384 1787 2623 1833; x_wconf 88' lang='lat' dir='ltr'><strong>sanctos.</strong></span> <span class='ocrx_word' id='word_1_210' title='bbox 2642 1779 2943 1833; x_wconf 88' lang='lat' dir='ltr'><strong>Leoautem</strong></span> <span class='ocrx_word' id='word_1_211' title='bbox 2966 1778 3019 1831; x_wconf 91' lang='lat' dir='ltr'><strong>iu</strong></span> <span class='ocrx_word' id='word_1_212' title='bbox 3048 1793 3170 1832; x_wconf 91' lang='lat' dir='ltr'><strong>eum</strong></span> <span class='ocrx_word' id='word_1_213' title='bbox 3190 1788 3413 1847; x_wconf 87' lang='lat' dir='ltr'><strong>repente</strong></span> 
     </span>
    </p>
   </div>
   <div class='ocr_carea' id='block_1_33' title="bbox 1847 1866 3414 1938">
    <p class='ocr_par' dir='ltr' id='par_1_33' title="bbox 1847 1866 3414 1938">
     <span class='ocr_line' id='line_1_33' title="bbox 1847 1866 3414 1938; baseline -0.001 -18"><span class='ocrx_word' id='word_1_214' title='bbox 1847 1868 2117 1928; x_wconf 86' lang='lat' dir='ltr'><strong>insiliens,</strong></span> <span class='ocrx_word' id='word_1_215' title='bbox 2151 1868 2356 1921; x_wconf 83' lang='lat' dir='ltr'><strong>lacerat</strong></span> <span class='ocrx_word' id='word_1_216' title='bbox 2396 1878 2449 1922; x_wconf 88' lang='lat' dir='ltr'><strong>et</strong></span> <span class='ocrx_word' id='word_1_217' title='bbox 2474 1869 2738 1938; x_wconf 89' lang='lat' dir='ltr'><strong>discerpit</strong></span> <span class='ocrx_word' id='word_1_218' title='bbox 2794 1867 3065 1938; x_wconf 86' lang='lat' dir='ltr'><strong>protinus.</strong></span> <span class='ocrx_word' id='word_1_219' title='bbox 3096 1866 3257 1923; x_wconf 85' lang='lat' dir='ltr'><strong>Omni</strong></span> <span class='ocrx_word' id='word_1_220' title='bbox 3313 1869 3414 1921; x_wconf 59' lang='lat' dir='ltr'><strong>ita.</strong></span> 
     </span>
    </p>
   </div>
   <div class='ocr_carea' id='block_1_34' title="bbox 160 1945 1768 2043">
    <p class='ocr_par' dir='ltr' id='par_1_34' title="bbox 160 1969 1739 2043">
     <span class='ocr_line' id='line_1_34' title="bbox 160 1969 1739 2043; baseline 0.006 -24"><span class='ocrx_word' id='word_1_221' title='bbox 160 1969 334 2020; x_wconf 83' lang='grc' dir='ltr'>νεύων</span> <span class='ocrx_word' id='word_1_222' title='bbox 362 1970 462 2037; x_wconf 80' lang='grc' dir='ltr'>τὴν</span> <span class='ocrx_word' id='word_1_223' title='bbox 494 1970 759 2039; x_wconf 65' lang='grc' dir='ltr'>κεφαλὴν,</span> <span class='ocrx_word' id='word_1_224' title='bbox 793 1972 914 2022; x_wconf 68' lang='grc' dir='ltr'>οὐδὲ</span> <span class='ocrx_word' id='word_1_225' title='bbox 946 1971 1303 2022; x_wconf 54' lang='lat' dir='ltr'><strong>Mamertae:</strong></span> <span class='ocrx_word' id='word_1_226' title='bbox 1331 1973 1515 2034; x_wconf 76' lang='grc' dir='ltr'>αὐτοῖς</span> <span class='ocrx_word' id='word_1_227' title='bbox 1576 1972 1739 2043; x_wconf 74' lang='grc' dir='ltr'>εἶχεν.</span> 
     </span>
    </p>
   </div>
   <div class='ocr_carea' id='block_1_35' title="bbox 1851 1945 3416 2043">
    <p class='ocr_par' dir='ltr' id='par_1_35' title="bbox 1851 1945 3416 2029">
     <span class='ocr_line' id='line_1_35' title="bbox 1851 1945 3416 2029; baseline -0.001 -16"><span class='ocrx_word' id='word_1_228' title='bbox 1851 1945 1953 2029; x_wconf 73' lang='grc' dir='ltr'>(ιύο</span> <span class='ocrx_word' id='word_1_229' title='bbox 1984 1975 2079 2028; x_wconf 90' lang='lat' dir='ltr'><strong>spe</strong></span> <span class='ocrx_word' id='word_1_230' title='bbox 2109 1958 2341 2029; x_wconf 82' lang='lat' dir='ltr'><strong>abjecta,</strong></span> <span class='ocrx_word' id='word_1_231' title='bbox 2378 1959 2670 2029; x_wconf 88' lang='lat' dir='ltr'><strong>Dionysius</strong></span> <span class='ocrx_word' id='word_1_232' title='bbox 2702 1974 2795 2013; x_wconf 89' lang='lat' dir='ltr'><strong>eos</strong></span> <span class='ocrx_word' id='word_1_233' title='bbox 2833 1960 3184 2019; x_wconf 81' lang='lat' dir='ltr'><strong>condemnat,</strong></span> <span class='ocrx_word' id='word_1_234' title='bbox 3212 1970 3270 2011; x_wconf 91' lang='lat' dir='ltr'><strong>ut</strong></span> <span class='ocrx_word' id='word_1_235' title='bbox 3302 1959 3416 2027; x_wconf 84' lang='lat' dir='ltr'><strong>gla-</strong></span> 
     </span>
    </p>
   </div>
   <div class='ocr_carea' id='block_1_36' title="bbox 173 2062 1744 2137">
    <p class='ocr_par' dir='ltr' id='par_1_36' title="bbox 173 2062 1744 2137">
     <span class='ocr_line' id='line_1_36' title="bbox 173 2062 1744 2137; baseline 0.006 -25"><span class='ocrx_word' id='word_1_236' title='bbox 173 2062 230 2112; x_wconf 84' lang='lat' dir='ltr'><strong>&#39;U</strong></span> <span class='ocrx_word' id='word_1_237' title='bbox 268 2062 347 2123; x_wconf 80' lang='grc' dir='ltr'><strong>δὲ,</strong></span> <span class='ocrx_word' id='word_1_238' title='bbox 379 2062 674 2131; x_wconf 76' lang='grc' dir='ltr'>ἀνηρέθιζε</span> <span class='ocrx_word' id='word_1_239' title='bbox 705 2062 894 2137; x_wconf 78' lang='grc' dir='ltr'>τοῦτον</span> <span class='ocrx_word' id='word_1_240' title='bbox 927 2063 1021 2126; x_wconf 70' lang='grc' dir='ltr'>ὀξυ</span> <span class='ocrx_word' id='word_1_241' title='bbox 1054 2063 1293 2133; x_wconf 77' lang='grc' dir='ltr'>ὲμϐοῶν,</span> <span class='ocrx_word' id='word_1_242' title='bbox 1321 2065 1415 2115; x_wconf 75' lang='grc' dir='ltr'><strong>καὶ</strong></span> <span class='ocrx_word' id='word_1_243' title='bbox 1467 2067 1606 2118; x_wconf 78' lang='grc' dir='ltr'>κατὰ</span> <span class='ocrx_word' id='word_1_244' title='bbox 1635 2068 1744 2121; x_wconf 83' lang='grc' dir='ltr'><strong>τῶν</strong></span> 
     </span>
    </p>
   </div>
   <div class='ocr_carea' id='block_1_37' title="bbox 159 2152 1747 2227">
    <p class='ocr_par' dir='ltr' id='par_1_37' title="bbox 159 2152 1747 2227">
     <span class='ocr_line' id='line_1_37' title="bbox 159 2152 1747 2227; baseline 0.001 -19"><span class='ocrx_word' id='word_1_245' title='bbox 159 2152 337 2219; x_wconf 74' lang='grc' dir='ltr'>ἁγίων</span> <span class='ocrx_word' id='word_1_246' title='bbox 363 2154 729 2209; x_wconf 77' lang='grc' dir='ltr'>ὲνεκελεύετο.</span> <span class='ocrx_word' id='word_1_247' title='bbox 778 2157 999 2225; x_wconf 77' lang='grc' dir='ltr'>Ἀμέλει</span> <span class='ocrx_word' id='word_1_248' title='bbox 1042 2158 1136 2209; x_wconf 68' lang='grc' dir='ltr'>καὶ</span> <span class='ocrx_word' id='word_1_249' title='bbox 1167 2157 1365 2226; x_wconf 79' lang='grc' dir='ltr'>ἁθρόον</span> <span class='ocrx_word' id='word_1_250' title='bbox 1397 2159 1747 2227; x_wconf 69' lang='grc' dir='ltr'><strong>ἐπιπηδήσας</strong></span> 
     </span>
    </p>
   </div>
   <div class='ocr_carea' id='block_1_38' title="bbox 157 2246 1745 2319">
    <p class='ocr_par' dir='ltr' id='par_1_38' title="bbox 157 2246 1745 2319">
     <span class='ocr_line' id='line_1_38' title="bbox 157 2246 1745 2319; baseline 0.003 -20"><span class='ocrx_word' id='word_1_251' title='bbox 157 2250 184 2299; x_wconf 81' lang='grc' dir='ltr'>ὁ</span> <span class='ocrx_word' id='word_1_252' title='bbox 214 2246 353 2299; x_wconf 81' lang='grc' dir='ltr'>λέων</span> <span class='ocrx_word' id='word_1_253' title='bbox 393 2246 544 2316; x_wconf 80' lang='grc' dir='ltr'>αύτῷ</span> <span class='ocrx_word' id='word_1_254' title='bbox 580 2249 929 2319; x_wconf 73' lang='grc' dir='ltr'>παραχρῆμα</span> <span class='ocrx_word' id='word_1_255' title='bbox 975 2248 1391 2319; x_wconf 75' lang='grc' dir='ltr'>διατπαράττει.</span> <span class='ocrx_word' id='word_1_256' title='bbox 1456 2248 1745 2303; x_wconf 82' lang='grc' dir='ltr'>Ἀπάντων</span> 
     </span>
    </p>
   </div>
   <div class='ocr_carea' id='block_1_39' title="bbox 163 2340 1745 2411">
    <p class='ocr_par' dir='ltr' id='par_1_39' title="bbox 163 2340 1745 2411">
     <span class='ocr_line' id='line_1_39' title="bbox 163 2340 1745 2411; baseline 0.002 -20"><span class='ocrx_word' id='word_1_257' title='bbox 163 2342 348 2391; x_wconf 81' lang='grc' dir='ltr'>τοίνυν</span> <span class='ocrx_word' id='word_1_258' title='bbox 439 2342 709 2407; x_wconf 77' lang='grc' dir='ltr'>ἀπογνοὺς</span> <span class='ocrx_word' id='word_1_259' title='bbox 782 2340 1079 2405; x_wconf 72' lang='grc' dir='ltr'>Διονύσιος,</span> <span class='ocrx_word' id='word_1_260' title='bbox 1138 2342 1352 2395; x_wconf 68' lang='grc' dir='ltr'>τὸνδιὰ</span> <span class='ocrx_word' id='word_1_261' title='bbox 1431 2342 1616 2411; x_wconf 71' lang='grc' dir='ltr'>ξίφους</span> <span class='ocrx_word' id='word_1_262' title='bbox 1650 2344 1745 2394; x_wconf 80' lang='grc' dir='ltr'>αύ-</span> 
     </span>
    </p>
   </div>
   <div class='ocr_carea' id='block_1_40' title="bbox 158 2430 1749 2504">
    <p class='ocr_par' dir='ltr' id='par_1_40' title="bbox 158 2430 1749 2504">
     <span class='ocr_line' id='line_1_40' title="bbox 158 2430 1749 2504; baseline 0.003 -23"><span class='ocrx_word' id='word_1_263' title='bbox 158 2430 267 2481; x_wconf 84' lang='grc' dir='ltr'>τῶν</span> <span class='ocrx_word' id='word_1_264' title='bbox 302 2430 539 2481; x_wconf 75' lang='grc' dir='ltr'>Θάνατον</span> <span class='ocrx_word' id='word_1_265' title='bbox 585 2432 932 2501; x_wconf 76' lang='grc' dir='ltr'>κατακρίνει,</span> <span class='ocrx_word' id='word_1_266' title='bbox 999 2436 1092 2487; x_wconf 74' lang='grc' dir='ltr'><strong>καὶ</strong></span> <span class='ocrx_word' id='word_1_267' title='bbox 1158 2435 1372 2487; x_wconf 76' lang='grc' dir='ltr'>κελεύει</span> <span class='ocrx_word' id='word_1_268' title='bbox 1424 2434 1580 2504; x_wconf 83' lang='grc' dir='ltr'><strong>Θυμῴ</strong></span> <span class='ocrx_word' id='word_1_269' title='bbox 1634 2437 1749 2495; x_wconf 81' lang='grc' dir='ltr'>τοῖς</span> 
     </span>
    </p>
   </div>
   <div class='ocr_carea' id='block_1_41' title="bbox 157 2520 1749 2594">
    <p class='ocr_par' dir='ltr' id='par_1_41' title="bbox 157 2520 1749 2594">
     <span class='ocr_line' id='line_1_41' title="bbox 157 2520 1749 2594; baseline 0.004 -22"><span class='ocrx_word' id='word_1_270' title='bbox 157 2522 383 2589; x_wconf 71' lang='grc' dir='ltr'>δημίοις</span> <span class='ocrx_word' id='word_1_271' title='bbox 414 2520 475 2571; x_wconf 82' lang='grc' dir='ltr'><strong>τὸ</strong></span> <span class='ocrx_word' id='word_1_272' title='bbox 509 2522 725 2573; x_wconf 60' lang='grc' dir='ltr'>στάδιον</span> <span class='ocrx_word' id='word_1_273' title='bbox 747 2526 1211 2593; x_wconf 66' lang='grc' dir='ltr'>εἰσπηδήσαντας,</span> <span class='ocrx_word' id='word_1_274' title='bbox 1244 2529 1342 2589; x_wconf 71' lang='grc' dir='ltr'>τὰς</span> <span class='ocrx_word' id='word_1_275' title='bbox 1360 2528 1467 2580; x_wconf 77' lang='grc' dir='ltr'><strong>τῶν</strong></span> <span class='ocrx_word' id='word_1_276' title='bbox 1487 2529 1749 2594; x_wconf 70' lang='grc' dir='ltr'>γενναίων</span> 
     </span>
    </p>
   </div>
   <div class='ocr_carea' id='block_1_42' title="bbox 154 2608 1748 2686">
    <p class='ocr_par' dir='ltr' id='par_1_42' title="bbox 154 2608 1748 2686">
     <span class='ocr_line' id='line_1_42' title="bbox 154 2608 1748 2686; baseline 0.001 -20"><span class='ocrx_word' id='word_1_277' title='bbox 154 2617 350 2680; x_wconf 80' lang='grc' dir='ltr'>τεμεῖν</span> <span class='ocrx_word' id='word_1_278' title='bbox 382 2612 644 2680; x_wconf 64' lang='grc' dir='ltr'>κεφαλάς</span> <span class='ocrx_word' id='word_1_279' title='bbox 670 2608 771 2684; x_wconf 84' lang='grc' dir='ltr'><strong>ἦγε</strong></span> <span class='ocrx_word' id='word_1_280' title='bbox 810 2616 905 2683; x_wconf 77' lang='grc' dir='ltr'><strong>μὲν</strong></span> <span class='ocrx_word' id='word_1_281' title='bbox 935 2612 1028 2667; x_wconf 66' lang='grc' dir='ltr'><strong>οὖν</strong></span> <span class='ocrx_word' id='word_1_282' title='bbox 1063 2616 1261 2685; x_wconf 76' lang='grc' dir='ltr'>ἐνάτην</span> <span class='ocrx_word' id='word_1_283' title='bbox 1296 2617 1417 2667; x_wconf 77' lang='grc' dir='ltr'>τότε</span> <span class='ocrx_word' id='word_1_284' title='bbox 1451 2617 1590 2686; x_wconf 66' lang='grc' dir='ltr'>προς</span> <span class='ocrx_word' id='word_1_285' title='bbox 1633 2621 1748 2680; x_wconf 83' lang='grc' dir='ltr'>τοῖς</span> 
     </span>
    </p>
   </div>
   <div class='ocr_carea' id='block_1_43' title="bbox 155 2703 1749 2778">
    <p class='ocr_par' dir='ltr' id='par_1_43' title="bbox 155 2703 1749 2778">
     <span class='ocr_line' id='line_1_43' title="bbox 155 2703 1749 2778; baseline 0.003 -22"><span class='ocrx_word' id='word_1_286' title='bbox 155 2703 291 2756; x_wconf 76' lang='grc' dir='ltr'><strong>δέκα.</strong></span> <span class='ocrx_word' id='word_1_287' title='bbox 328 2704 727 2775; x_wconf 72' lang='grc' dir='ltr'>Σεπτέμϐριος,</span> <span class='ocrx_word' id='word_1_288' title='bbox 779 2710 872 2759; x_wconf 72' lang='grc' dir='ltr'><strong>καὶ</strong></span> <span class='ocrx_word' id='word_1_289' title='bbox 910 2709 962 2760; x_wconf 85' lang='grc' dir='ltr'>οἱ</span> <span class='ocrx_word' id='word_1_290' title='bbox 1041 2707 1134 2761; x_wconf 76' lang='grc' dir='ltr'>τοῦ</span> <span class='ocrx_word' id='word_1_291' title='bbox 1180 2707 1418 2777; x_wconf 77' lang='grc' dir='ltr'>Χριστοῦ</span> <span class='ocrx_word' id='word_1_292' title='bbox 1469 2710 1749 2778; x_wconf 82' lang='grc' dir='ltr'>μάρτυρες</span> 
     </span>
    </p>
   </div>
   <div class='ocr_carea' id='block_1_44' title="bbox 157 2795 1745 2870">
    <p class='ocr_par' dir='ltr' id='par_1_44' title="bbox 157 2795 1745 2870">
     <span class='ocr_line' id='line_1_44' title="bbox 157 2795 1745 2870; baseline 0.003 -23"><span class='ocrx_word' id='word_1_293' title='bbox 157 2795 304 2848; x_wconf 78' lang='grc' dir='ltr'>οὕτω</span> <span class='ocrx_word' id='word_1_294' title='bbox 334 2797 431 2848; x_wconf 74' lang='grc' dir='ltr'>τοῦ</span> <span class='ocrx_word' id='word_1_295' title='bbox 458 2797 524 2849; x_wconf 83' lang='grc' dir='ltr'><strong>δι’</strong></span> <span class='ocrx_word' id='word_1_296' title='bbox 552 2800 714 2850; x_wconf 60' lang='grc' dir='ltr'>αὐτον</span> <span class='ocrx_word' id='word_1_297' title='bbox 737 2798 923 2861; x_wconf 78' lang='grc' dir='ltr'>τέλους</span> <span class='ocrx_word' id='word_1_298' title='bbox 971 2801 1344 2870; x_wconf 72' lang='grc' dir='ltr'>ἐπιτυχόντες,</span> <span class='ocrx_word' id='word_1_299' title='bbox 1399 2803 1498 2863; x_wconf 77' lang='grc' dir='ltr'>τὰς</span> <span class='ocrx_word' id='word_1_300' title='bbox 1536 2802 1745 2853; x_wconf 69' lang='grc' dir='ltr'>ἑαυτῶν</span> 
     </span>
    </p>
   </div>
   <div class='ocr_carea' id='block_1_45' title="bbox 155 2886 1743 2962">
    <p class='ocr_par' dir='ltr' id='par_1_45' title="bbox 155 2886 1743 2962">
     <span class='ocr_line' id='line_1_45' title="bbox 155 2886 1743 2962; baseline 0.004 -23"><span class='ocrx_word' id='word_1_301' title='bbox 155 2889 342 2956; x_wconf 61' lang='grc' dir='ltr'>ψυχὰς</span> <span class='ocrx_word' id='word_1_302' title='bbox 372 2891 495 2951; x_wconf 86' lang='grc' dir='ltr'>ταῖς</span> <span class='ocrx_word' id='word_1_303' title='bbox 520 2891 731 2943; x_wconf 77' lang='grc' dir='ltr'>ἐκείνου</span> <span class='ocrx_word' id='word_1_304' title='bbox 765 2894 927 2961; x_wconf 78' lang='grc' dir='ltr'>χερσὶ</span> <span class='ocrx_word' id='word_1_305' title='bbox 955 2886 1409 2962; x_wconf 43' lang='grc' dir='ltr'>παρατίθενταιβ</span> <span class='ocrx_word' id='word_1_306' title='bbox 1444 2894 1525 2947; x_wconf 74' lang='grc' dir='ltr'><strong>Τὰ</strong></span> <span class='ocrx_word' id='word_1_307' title='bbox 1558 2894 1743 2961; x_wconf 81' lang='grc' dir='ltr'>μέντοι</span> 
     </span>
    </p>
   </div>
   <div class='ocr_carea' id='block_1_46' title="bbox 162 2982 1746 3055">
    <p class='ocr_par' dir='ltr' id='par_1_46' title="bbox 162 2982 1746 3055">
     <span class='ocr_line' id='line_1_46' title="bbox 162 2982 1746 3055; baseline 0.004 -24"><span class='ocrx_word' id='word_1_308' title='bbox 162 2982 490 3049; x_wconf 68' lang='grc' dir='ltr'>μαρτυρικᾶι</span> <span class='ocrx_word' id='word_1_309' title='bbox 524 2982 734 3034; x_wconf 81' lang='grc' dir='ltr'>τούτων</span> <span class='ocrx_word' id='word_1_310' title='bbox 769 2985 1024 3051; x_wconf 81' lang='grc' dir='ltr'>σώματα,</span> <span class='ocrx_word' id='word_1_311' title='bbox 1055 2986 1259 3055; x_wconf 75' lang='grc' dir='ltr'>σπουδῇ</span> <span class='ocrx_word' id='word_1_312' title='bbox 1315 2986 1480 3054; x_wconf 76' lang='grc' dir='ltr'>πολλῇ</span> <span class='ocrx_word' id='word_1_313' title='bbox 1532 2987 1618 3037; x_wconf 79' lang='grc' dir='ltr'><strong>διὰ</strong></span> <span class='ocrx_word' id='word_1_314' title='bbox 1653 2987 1746 3037; x_wconf 65' lang='grc' dir='ltr'>τὶν</span> 
     </span>
    </p>
   </div>
   <div class='ocr_carea' id='block_1_47' title="bbox 156 3072 1743 3145">
    <p class='ocr_par' dir='ltr' id='par_1_47' title="bbox 156 3072 1743 3145">
     <span class='ocr_line' id='line_1_47' title="bbox 156 3072 1743 3145; baseline 0.004 -24"><span class='ocrx_word' id='word_1_315' title='bbox 156 3072 254 3122; x_wconf 79' lang='grc' dir='ltr'><strong>τοῦ</strong></span> <span class='ocrx_word' id='word_1_316' title='bbox 291 3072 562 3141; x_wconf 72' lang='grc' dir='ltr'>ἡγεμόνος</span> <span class='ocrx_word' id='word_1_317' title='bbox 591 3073 778 3142; x_wconf 73' lang='grc' dir='ltr'>φοῆον,</span> <span class='ocrx_word' id='word_1_318' title='bbox 803 3076 911 3127; x_wconf 80' lang='grc' dir='ltr'><strong>τῶν</strong></span> <span class='ocrx_word' id='word_1_319' title='bbox 938 3076 1185 3128; x_wconf 79' lang='grc' dir='ltr'>εὑλαόὠν</span> <span class='ocrx_word' id='word_1_320' title='bbox 1205 3095 1349 3139; x_wconf 84' lang='grc' dir='ltr'>τινες</span> <span class='ocrx_word' id='word_1_321' title='bbox 1404 3077 1743 3145; x_wconf 71' lang='grc' dir='ltr'>ἀνελόμενοι,</span> 
     </span>
    </p>
   </div>
   <div class='ocr_carea' id='block_1_48' title="bbox 1844 2049 3422 2119">
    <p class='ocr_par' dir='ltr' id='par_1_48' title="bbox 1844 2049 3422 2119">
     <span class='ocr_line' id='line_1_48' title="bbox 1844 2049 3422 2119; baseline -0.004 -14"><span class='ocrx_word' id='word_1_322' title='bbox 1844 2052 1936 2106; x_wconf 93' lang='lat' dir='ltr'><strong>dio</strong></span> <span class='ocrx_word' id='word_1_323' title='bbox 1974 2052 2060 2106; x_wconf 88' lang='lat' dir='ltr'><strong>eis</strong></span> <span class='ocrx_word' id='word_1_324' title='bbox 2096 2067 2245 2105; x_wconf 84' lang='lat' dir='ltr'><strong>mors</strong></span> <span class='ocrx_word' id='word_1_325' title='bbox 2276 2050 2538 2105; x_wconf 73' lang='lat' dir='ltr'><strong>atieratur</strong></span> <span class='ocrx_word' id='word_1_326' title='bbox 2577 2059 2669 2104; x_wconf 89' lang='lat' dir='ltr'><strong>:et</strong></span> <span class='ocrx_word' id='word_1_327' title='bbox 2696 2051 2772 2103; x_wconf 87' lang='lat' dir='ltr'><strong>ira</strong></span> <span class='ocrx_word' id='word_1_328' title='bbox 2797 2050 3060 2119; x_wconf 89' lang='lat' dir='ltr'><strong>percitus,</strong></span> <span class='ocrx_word' id='word_1_329' title='bbox 3085 2049 3422 2119; x_wconf 68' lang='lat' dir='ltr'><strong>jubetcarnio</strong></span> 
     </span>
    </p>
   </div>
   <div class='ocr_carea' id='block_1_49' title="bbox 1845 2142 3410 2213">
    <p class='ocr_par' dir='ltr' id='par_1_49' title="bbox 1845 2142 3410 2213">
     <span class='ocr_line' id='line_1_49' title="bbox 1845 2142 3410 2213; baseline 0 -18"><span class='ocrx_word' id='word_1_330' title='bbox 1845 2144 2056 2205; x_wconf 87' lang='lat' dir='ltr'><strong>ticibus,</strong></span> <span class='ocrx_word' id='word_1_331' title='bbox 2081 2154 2139 2197; x_wconf 88' lang='lat' dir='ltr'><strong>ut</strong></span> <span class='ocrx_word' id='word_1_332' title='bbox 2182 2145 2549 2213; x_wconf 87' lang='lat' dir='ltr'><strong>irrumpenlcs</strong></span> <span class='ocrx_word' id='word_1_333' title='bbox 2606 2144 2660 2197; x_wconf 92' lang='lat' dir='ltr'><strong>in</strong></span> <span class='ocrx_word' id='word_1_334' title='bbox 2717 2143 2975 2205; x_wconf 83' lang='lat' dir='ltr'><strong>stadium,</strong></span> <span class='ocrx_word' id='word_1_335' title='bbox 3028 2142 3410 2212; x_wconf 60' lang='lat' dir='ltr'><strong>praeclarorum</strong></span> 
     </span>
    </p>
   </div>
   <div class='ocr_carea' id='block_1_50' title="bbox 1846 2215 3416 2304">
    <p class='ocr_par' dir='ltr' id='par_1_50' title="bbox 1846 2215 3416 2304">
     <span class='ocr_line' id='line_1_50' title="bbox 1846 2215 3416 2304; baseline 0.002 -18"><span class='ocrx_word' id='word_1_336' title='bbox 1846 2244 2147 2304; x_wconf 80' lang='lat' dir='ltr'><strong>martyrum</strong></span> <span class='ocrx_word' id='word_1_337' title='bbox 2195 2235 2372 2301; x_wconf 82' lang='lat' dir='ltr'><strong>capita</strong></span> <span class='ocrx_word' id='word_1_338' title='bbox 2423 2244 2795 2302; x_wconf 81' lang='lat' dir='ltr'><strong>amputarent.</strong></span> <span class='ocrx_word' id='word_1_339' title='bbox 2868 2232 3022 2286; x_wconf 87' lang='lat' dir='ltr'><strong>Tunc</strong></span> <span class='ocrx_word' id='word_1_340' title='bbox 3068 2215 3416 2289; x_wconf 52' lang='lat' dir='ltr'><strong>autem&#39;erat</strong></span> 
     </span>
    </p>
   </div>
   <div class='ocr_carea' id='block_1_51' title="bbox 1844 2324 3415 2395">
    <p class='ocr_par' dir='ltr' id='par_1_51' title="bbox 1844 2324 3415 2395">
     <span class='ocr_line' id='line_1_51' title="bbox 1844 2324 3415 2395; baseline -0.001 -16"><span class='ocrx_word' id='word_1_341' title='bbox 1844 2341 2023 2379; x_wconf 90' lang='lat' dir='ltr'><strong>nonus</strong></span> <span class='ocrx_word' id='word_1_342' title='bbox 2077 2325 2319 2380; x_wconf 86' lang='lat' dir='ltr'><strong>decimus</strong></span> <span class='ocrx_word' id='word_1_343' title='bbox 2355 2324 2716 2394; x_wconf 83' lang='lat' dir='ltr'><strong>Septembris.</strong></span> <span class='ocrx_word' id='word_1_344' title='bbox 2767 2326 2834 2379; x_wconf 79' lang='lat' dir='ltr'><strong>Et</strong></span> <span class='ocrx_word' id='word_1_345' title='bbox 2888 2324 3088 2379; x_wconf 89' lang='lat' dir='ltr'><strong>Christi</strong></span> <span class='ocrx_word' id='word_1_346' title='bbox 3151 2335 3415 2395; x_wconf 77' lang='lat' dir='ltr'><strong>martyres</strong></span> 
     </span>
    </p>
   </div>
   <div class='ocr_carea' id='block_1_52' title="bbox 1848 2417 3415 2487">
    <p class='ocr_par' dir='ltr' id='par_1_52' title="bbox 1848 2417 3415 2487">
     <span class='ocr_line' id='line_1_52' title="bbox 1848 2417 3415 2487; baseline 0 -15"><span class='ocrx_word' id='word_1_347' title='bbox 1848 2428 2068 2486; x_wconf 85' lang='lat' dir='ltr'><strong>propter</strong></span> <span class='ocrx_word' id='word_1_348' title='bbox 2087 2418 2262 2487; x_wconf 90' lang='lat' dir='ltr'><strong>ipsum</strong></span> <span class='ocrx_word' id='word_1_349' title='bbox 2290 2417 2439 2472; x_wconf 85' lang='lat' dir='ltr'><strong>hunc</strong></span> <span class='ocrx_word' id='word_1_350' title='bbox 2477 2419 2639 2473; x_wconf 88' lang='lat' dir='ltr'><strong>linem</strong></span> <span class='ocrx_word' id='word_1_351' title='bbox 2667 2421 2927 2483; x_wconf 84' lang='lat' dir='ltr'><strong>assecuti,</strong></span> <span class='ocrx_word' id='word_1_352' title='bbox 2956 2418 3008 2472; x_wconf 87' lang='lat' dir='ltr'><strong>in</strong></span> <span class='ocrx_word' id='word_1_353' title='bbox 3045 2419 3188 2473; x_wconf 92' lang='lat' dir='ltr'><strong>illius</strong></span> <span class='ocrx_word' id='word_1_354' title='bbox 3214 2433 3415 2472; x_wconf 86' lang='lat' dir='ltr'><strong>manus</strong></span> 
     </span>
    </p>
   </div>
   <div class='ocr_carea' id='block_1_53' title="bbox 1849 2508 3413 2576">
    <p class='ocr_par' dir='ltr' id='par_1_53' title="bbox 1849 2508 3413 2576">
     <span class='ocr_line' id='line_1_53' title="bbox 1849 2508 3413 2576; baseline -0.003 -12"><span class='ocrx_word' id='word_1_355' title='bbox 1849 2510 2347 2564; x_wconf 85' lang='lat' dir='ltr'><strong>suastradideruut</strong></span> <span class='ocrx_word' id='word_1_356' title='bbox 2375 2511 2611 2564; x_wconf 87' lang='lat' dir='ltr'><strong>animas.</strong></span> <span class='ocrx_word' id='word_1_357' title='bbox 2658 2508 2947 2576; x_wconf 80' lang='lat' dir='ltr'><strong>Martyrica</strong></span> <span class='ocrx_word' id='word_1_358' title='bbox 2991 2518 3173 2562; x_wconf 86' lang='lat' dir='ltr'><strong>autem</strong></span> <span class='ocrx_word' id='word_1_359' title='bbox 3227 2522 3413 2562; x_wconf 91' lang='lat' dir='ltr'><strong>eorum</strong></span> 
     </span>
    </p>
   </div>
   <div class='ocr_carea' id='block_1_54' title="bbox 1848 2598 3418 2669">
    <p class='ocr_par' dir='ltr' id='par_1_54' title="bbox 1848 2598 3418 2669">
     <span class='ocr_line' id='line_1_54' title="bbox 1848 2598 3418 2669; baseline -0.002 -17"><span class='ocrx_word' id='word_1_360' title='bbox 1848 2614 2078 2666; x_wconf 84' lang='lat' dir='ltr'><strong>corpora</strong></span> <span class='ocrx_word' id='word_1_361' title='bbox 2112 2615 2239 2653; x_wconf 87' lang='lat' dir='ltr'><strong>cum</strong></span> <span class='ocrx_word' id='word_1_362' title='bbox 2282 2615 2478 2669; x_wconf 80' lang='lat' dir='ltr'><strong>magno</strong></span> <span class='ocrx_word' id='word_1_363' title='bbox 2514 2600 2717 2662; x_wconf 89' lang='lat' dir='ltr'><strong>studio,</strong></span> <span class='ocrx_word' id='word_1_364' title='bbox 2790 2598 3003 2651; x_wconf 84' lang='lat' dir='ltr'><strong>occulte</strong></span> <span class='ocrx_word' id='word_1_365' title='bbox 3055 2607 3236 2650; x_wconf 89' lang='lat' dir='ltr'><strong>tamen</strong></span> <span class='ocrx_word' id='word_1_366' title='bbox 3287 2612 3418 2666; x_wconf 88' lang='lat' dir='ltr'><strong>pro-</strong></span> 
     </span>
    </p>
   </div>
   <div class='ocr_carea' id='block_1_55' title="bbox 1849 2688 3410 2759">
    <p class='ocr_par' dir='ltr' id='par_1_55' title="bbox 1849 2688 3410 2759">
     <span class='ocr_line' id='line_1_55' title="bbox 1849 2688 3410 2759; baseline 0.001 -17"><span class='ocrx_word' id='word_1_367' title='bbox 1849 2698 1969 2758; x_wconf 88' lang='lat' dir='ltr'><strong>pter</strong></span> <span class='ocrx_word' id='word_1_368' title='bbox 2033 2700 2237 2744; x_wconf 87' lang='lat' dir='ltr'><strong>mctum</strong></span> <span class='ocrx_word' id='word_1_369' title='bbox 2304 2692 2571 2759; x_wconf 65' lang='lat' dir='ltr'><strong>praesidis,</strong></span> <span class='ocrx_word' id='word_1_370' title='bbox 2624 2688 2843 2758; x_wconf 87' lang='lat' dir='ltr'><strong>quidam</strong></span> <span class='ocrx_word' id='word_1_371' title='bbox 2905 2688 2978 2758; x_wconf 90' lang='lat' dir='ltr'><strong>pii</strong></span> <span class='ocrx_word' id='word_1_372' title='bbox 3033 2688 3410 2749; x_wconf 79' lang='lat' dir='ltr'><strong>sustulissent,</strong></span> 
     </span>
    </p>
   </div>
   <div class='ocr_carea' id='block_1_56' title="bbox 1849 2781 3418 2851">
    <p class='ocr_par' dir='ltr' id='par_1_56' title="bbox 1849 2781 3418 2851">
     <span class='ocr_line' id='line_1_56' title="bbox 1849 2781 3418 2851; baseline -0.001 -14"><span class='ocrx_word' id='word_1_373' title='bbox 1849 2791 1905 2837; x_wconf 86' lang='lat' dir='ltr'><strong>et</strong></span> <span class='ocrx_word' id='word_1_374' title='bbox 1979 2798 2041 2837; x_wconf 91' lang='lat' dir='ltr'><strong>ea</strong></span> <span class='ocrx_word' id='word_1_375' title='bbox 2120 2783 2420 2838; x_wconf 76' lang='lat' dir='ltr'><strong>honorifice</strong></span> <span class='ocrx_word' id='word_1_376' title='bbox 2508 2781 2960 2851; x_wconf 83' lang='lat' dir='ltr'><strong>composuissent,</strong></span> <span class='ocrx_word' id='word_1_377' title='bbox 3028 2782 3418 2850; x_wconf 82' lang='lat' dir='ltr'><strong>deposuerunt,</strong></span> 
     </span>
    </p>
   </div>
   <div class='ocr_carea' id='block_1_57' title="bbox 1853 2869 3418 2943">
    <p class='ocr_par' dir='ltr' id='par_1_57' title="bbox 1853 2869 3418 2943">
     <span class='ocr_line' id='line_1_57' title="bbox 1853 2869 3418 2943; baseline 0 -20"><span class='ocrx_word' id='word_1_378' title='bbox 1853 2872 2220 2943; x_wconf 81' lang='lat' dir='ltr'><strong>gloriﬁcantes</strong></span> <span class='ocrx_word' id='word_1_379' title='bbox 2264 2873 2503 2935; x_wconf 84' lang='lat' dir='ltr'><strong>Patrem,</strong></span> <span class='ocrx_word' id='word_1_380' title='bbox 2548 2880 2599 2926; x_wconf 87' lang='lat' dir='ltr'><strong>et</strong></span> <span class='ocrx_word' id='word_1_381' title='bbox 2641 2870 2863 2934; x_wconf 87' lang='lat' dir='ltr'><strong>Filium,</strong></span> <span class='ocrx_word' id='word_1_382' title='bbox 2912 2880 2967 2925; x_wconf 87' lang='lat' dir='ltr'><strong>et</strong></span> <span class='ocrx_word' id='word_1_383' title='bbox 2997 2869 3259 2940; x_wconf 88' lang='lat' dir='ltr'><strong>Spiritum</strong></span> <span class='ocrx_word' id='word_1_384' title='bbox 3289 2885 3418 2924; x_wconf 86' lang='lat' dir='ltr'><strong>san-</strong></span> 
     </span>
    </p>
   </div>
   <div class='ocr_carea' id='block_1_58' title="bbox 1851 2964 3418 3037">
    <p class='ocr_par' dir='ltr' id='par_1_58' title="bbox 1851 2964 3418 3037">
     <span class='ocr_line' id='line_1_58' title="bbox 1851 2964 3418 3037; baseline -0.001 -19"><span class='ocrx_word' id='word_1_385' title='bbox 1851 2975 2034 3027; x_wconf 90' lang='lat' dir='ltr'><strong>ctum,</strong></span> <span class='ocrx_word' id='word_1_386' title='bbox 2068 2981 2215 3021; x_wconf 87' lang='lat' dir='ltr'><strong>nunc</strong></span> <span class='ocrx_word' id='word_1_387' title='bbox 2264 2974 2319 3020; x_wconf 89' lang='lat' dir='ltr'><strong>et</strong></span> <span class='ocrx_word' id='word_1_388' title='bbox 2347 2981 2588 3037; x_wconf 86' lang='lat' dir='ltr'><strong>semper,</strong></span> <span class='ocrx_word' id='word_1_389' title='bbox 2629 2974 2683 3020; x_wconf 89' lang='lat' dir='ltr'><strong>et</strong></span> <span class='ocrx_word' id='word_1_390' title='bbox 2718 2966 2772 3019; x_wconf 87' lang='lat' dir='ltr'><strong>in</strong></span> <span class='ocrx_word' id='word_1_391' title='bbox 2826 2964 3019 3019; x_wconf 77' lang='lat' dir='ltr'><strong>sarcula</strong></span> <span class='ocrx_word' id='word_1_392' title='bbox 3076 2964 3418 3018; x_wconf 68' lang='lat' dir='ltr'><strong>saeculorum.</strong></span> 
     </span>
    </p>
   </div>
   <div class='ocr_carea' id='block_1_59' title="bbox 1852 3057 2047 3109">
    <p class='ocr_par' dir='ltr' id='par_1_59' title="bbox 1852 3057 2047 3109">
     <span class='ocr_line' id='line_1_59' title="bbox 1852 3057 2047 3109; baseline -0.01 0"><span class='ocrx_word' id='word_1_393' title='bbox 1852 3057 2047 3109; x_wconf 83' lang='lat' dir='ltr'><strong>Amen.</strong></span> 
     </span>
    </p>
   </div>
   <div class='ocr_carea' id='block_1_60' title="bbox 159 3158 3421 3241">
    <p class='ocr_par' dir='ltr' id='par_1_60' title="bbox 159 3158 3421 3241">
     <span class='ocr_line' id='line_1_60' title="bbox 159 3158 3421 3241; baseline -0.001 -21"><span class='ocrx_word' id='word_1_394' title='bbox 159 3169 257 3220; x_wconf 78' lang='grc' dir='ltr'>καὶ</span> <span class='ocrx_word' id='word_1_395' title='bbox 318 3166 624 3236; x_wconf 79' lang='grc' dir='ltr'>φιλοτίμως</span> <span class='ocrx_word' id='word_1_396' title='bbox 690 3168 831 3221; x_wconf 72' lang='grc' dir='ltr'>αὐτὰ</span> <span class='ocrx_word' id='word_1_397' title='bbox 881 3171 1348 3241; x_wconf 82' lang='grc' dir='ltr'>περιστείλαντες,</span> <span class='ocrx_word' id='word_1_398' title='bbox 1400 3170 1454 3221; x_wconf 82' lang='grc' dir='ltr'>ὲν</span> <span class='ocrx_word' id='word_1_399' title='bbox 1508 3169 1815 3239; x_wconf 70' lang='grc' dir='ltr'>ἀποκρύφῳ</span> <span class='ocrx_word' id='word_1_400' title='bbox 1857 3169 2253 3222; x_wconf 74' lang='grc' dir='ltr'>κατατιθέασιο</span> <span class='ocrx_word' id='word_1_401' title='bbox 2314 3166 2631 3233; x_wconf 73' lang='grc' dir='ltr'>δοξάζοντες</span> <span class='ocrx_word' id='word_1_402' title='bbox 2681 3167 2923 3240; x_wconf 77' lang='grc' dir='ltr'>Πατέρα,</span> <span class='ocrx_word' id='word_1_403' title='bbox 2986 3166 3081 3223; x_wconf 80' lang='grc' dir='ltr'>καὶ</span> <span class='ocrx_word' id='word_1_404' title='bbox 3138 3167 3287 3229; x_wconf 75' lang='grc' dir='ltr'>Υἱδν,</span> <span class='ocrx_word' id='word_1_405' title='bbox 3326 3158 3421 3219; x_wconf 73' lang='grc' dir='ltr'>καὶ</span> 
     </span>
    </p>
   </div>
   <div class='ocr_carea' id='block_1_61' title="bbox 160 3243 2850 3333">
    <p class='ocr_par' dir='ltr' id='par_1_61' title="bbox 160 3243 2850 3333">
     <span class='ocr_line' id='line_1_61' title="bbox 160 3243 2850 3333; baseline 0 -18"><span class='ocrx_word' id='word_1_406' title='bbox 160 3259 397 3326; x_wconf 78' lang='grc' dir='ltr'>Πνεῦμα</span> <span class='ocrx_word' id='word_1_407' title='bbox 423 3258 601 3327; x_wconf 75' lang='grc' dir='ltr'>ἅγιον,</span> <span class='ocrx_word' id='word_1_408' title='bbox 626 3259 722 3314; x_wconf 85' lang='grc' dir='ltr'>νῦν</span> <span class='ocrx_word' id='word_1_409' title='bbox 754 3264 845 3315; x_wconf 72' lang='grc' dir='ltr'>καὶ</span> <span class='ocrx_word' id='word_1_410' title='bbox 875 3264 985 3327; x_wconf 75' lang='grc' dir='ltr'>ἀεὶ,</span> <span class='ocrx_word' id='word_1_411' title='bbox 1012 3265 1103 3316; x_wconf 77' lang='grc' dir='ltr'>καὶ</span> <span class='ocrx_word' id='word_1_412' title='bbox 1126 3266 1204 3325; x_wconf 73' lang='grc' dir='ltr'><strong>είς</strong></span> <span class='ocrx_word' id='word_1_413' title='bbox 1233 3264 1359 3324; x_wconf 73' lang='grc' dir='ltr'>τοὺς</span> <span class='ocrx_word' id='word_1_414' title='bbox 1386 3262 1582 3323; x_wconf 76' lang='grc' dir='ltr'>αἰῶνας</span> <span class='ocrx_word' id='word_1_415' title='bbox 1612 3262 1718 3313; x_wconf 78' lang='grc' dir='ltr'><strong>τῶν</strong></span> <span class='ocrx_word' id='word_1_416' title='bbox 1748 3261 1975 3317; x_wconf 83' lang='grc' dir='ltr'>αἰώνων.</span> <span class='ocrx_word' id='word_1_417' title='bbox 2020 3263 2219 3333; x_wconf 78' lang='grc' dir='ltr'>Ἀμήν.</span> <span class='ocrx_word' id='word_1_418' title='bbox 2836 3243 2850 3265; x_wconf 69' lang='grc'><strong>’</strong></span> 
     </span>
    </p>
   </div>
   <div class='ocr_carea' id='block_1_62' title="bbox 168 3431 3403 3467">
    <p class='ocr_par' dir='ltr' id='par_1_62' title="bbox 168 3431 3403 3467">
     <span class='ocr_line' id='line_1_62' title="bbox 168 3431 3403 3467; baseline 0 -2"><span class='ocrx_word' id='word_1_419' title='bbox 168 3431 3403 3467; x_wconf 55' lang='lat' dir='ltr'>W</span> 
     </span>
    </p>
   </div>
   <div class='ocr_carea' id='block_1_63' title="bbox 704 3617 2042 3733">
    <p class='ocr_par' dir='ltr' id='par_1_63' title="bbox 704 3617 2042 3733">
     <span class='ocr_line' id='line_1_63' title="bbox 704 3617 2042 3733; baseline 0.004 -5"><span class='ocrx_word' id='word_1_420' title='bbox 704 3617 888 3729; x_wconf 88' lang='lat' dir='ltr'><strong>DE</strong></span> <span class='ocrx_word' id='word_1_421' title='bbox 1025 3618 1143 3728; x_wconf 90' lang='lat' dir='ltr'><strong>S.</strong></span> <span class='ocrx_word' id='word_1_422' title='bbox 1300 3619 2042 3733; x_wconf 60' lang='lat' dir='ltr'><strong>MATTHAK)</strong></span> 
     </span>
    </p>
   </div>
   <div class='ocr_carea' id='block_1_64' title="bbox 2186 3617 2914 3732">
    <p class='ocr_par' dir='ltr' id='par_1_64' title="bbox 2186 3617 2914 3732">
     <span class='ocr_line' id='line_1_64' title="bbox 2186 3617 2914 3732; baseline -0.004 0"><span class='ocrx_word' id='word_1_423' title='bbox 2186 3617 2914 3732; x_wconf 86' lang='lat' dir='ltr'><strong>APOSTOLO</strong></span> 
     </span>
    </p>
   </div>
   <div class='ocr_carea' id='block_1_65' title="bbox 1250 3857 2361 3950">
    <p class='ocr_par' dir='ltr' id='par_1_65' title="bbox 1250 3857 2361 3950">
     <span class='ocr_line' id='line_1_65' title="bbox 1250 3857 2361 3950; baseline -0.002 -3"><span class='ocrx_word' id='word_1_424' title='bbox 1250 3857 1400 3947; x_wconf 85' lang='lat' dir='ltr'><strong>ET</strong></span> <span class='ocrx_word' id='word_1_425' title='bbox 1506 3857 2361 3950; x_wconf 80' lang='lat' dir='ltr'><strong>EVANGELISTA.</strong></span> 
     </span>
    </p>
   </div>
   <div class='ocr_carea' id='block_1_66' title="bbox 918 4048 2637 4115">
    <p class='ocr_par' dir='ltr' id='par_1_66' title="bbox 918 4048 2637 4115">
     <span class='ocr_line' id='line_1_66' title="bbox 918 4048 2637 4115; baseline 0.002 -19"><span class='ocrx_word' id='word_1_426' title='bbox 918 4054 923 4058; x_wconf 84' lang='lat'>&#39;</span> <span class='ocrx_word' id='word_1_427' title='bbox 973 4048 1115 4111; x_wconf 81' lang='lat' dir='ltr'><strong>(Acta</strong></span> <span class='ocrx_word' id='word_1_428' title='bbox 1143 4049 1433 4097; x_wconf 82' lang='lat' dir='ltr'><strong>Sanctorum</strong></span> <span class='ocrx_word' id='word_1_429' title='bbox 1464 4048 1692 4097; x_wconf 79' lang='lat' dir='ltr'><strong>Boiland.</strong></span> <span class='ocrx_word' id='word_1_430' title='bbox 1721 4049 1779 4098; x_wconf 82' lang='lat' dir='ltr'><strong>ad</strong></span> <span class='ocrx_word' id='word_1_431' title='bbox 1800 4049 1928 4097; x_wconf 83' lang='lat' dir='ltr'><strong>diem</strong></span> <span class='ocrx_word' id='word_1_432' title='bbox 1952 4049 2003 4097; x_wconf 77' lang='grc'><strong>21</strong></span> <span class='ocrx_word' id='word_1_433' title='bbox 2037 4049 2361 4111; x_wconf 77' lang='lat' dir='ltr'><strong>Septembris,</strong></span> <span class='ocrx_word' id='word_1_434' title='bbox 2389 4057 2503 4099; x_wconf 89' lang='lat' dir='ltr'><strong>tom.</strong></span> <span class='ocrx_word' id='word_1_435' title='bbox 2532 4049 2637 4115; x_wconf 83' lang='grc' dir='ltr'>νι.)</span> 
     </span>
    </p>
   </div>
   <div class='ocr_carea' id='block_1_67' title="bbox 1761 4226 1830 4242">
    <p class='ocr_par' dir='ltr' id='par_1_67' title="bbox 1761 4226 1830 4242">
     <span class='ocr_line' id='line_1_67' title="bbox 1761 4226 1830 4242; baseline 0 0"><span class='ocrx_word' id='word_1_436' title='bbox 1761 4226 1830 4242; x_wconf 65' lang='lat'><strong>-</strong></span> 
     </span>
    </p>
   </div>
   <div class='ocr_carea' id='block_1_68' title="bbox 164 4373 1768 4477">
    <p class='ocr_par' dir='ltr' id='par_1_68' title="bbox 164 4398 1753 4477">
     <span class='ocr_line' id='line_1_68' title="bbox 164 4398 1753 4477; baseline -0.004 -18"><span class='ocrx_word' id='word_1_437' title='bbox 164 4404 194 4477; x_wconf 68' lang='grc' dir='ltr'><strong>ε</strong></span> <span class='ocrx_word' id='word_1_438' title='bbox 222 4406 268 4459; x_wconf 82' lang='lat' dir='ltr'><strong>i.</strong></span> <span class='ocrx_word' id='word_1_439' title='bbox 296 4401 560 4477; x_wconf 12' lang='lat' dir='ltr'><strong>Memoria,</strong></span> <span class='ocrx_word' id='word_1_440' title='bbox 585 4398 766 4456; x_wconf 82' lang='lat' dir='ltr'><strong>Sancti</strong></span> <span class='ocrx_word' id='word_1_441' title='bbox 792 4402 846 4455; x_wconf 87' lang='lat' dir='ltr'><strong>in</strong></span> <span class='ocrx_word' id='word_1_442' title='bbox 891 4400 1064 4477; x_wconf 66' lang='lat' dir='ltr'><strong>Fastis</strong></span> <span class='ocrx_word' id='word_1_443' title='bbox 1116 4403 1382 4477; x_wconf 66' lang='lat' dir='ltr'><strong>variarum</strong></span> <span class='ocrx_word' id='word_1_444' title='bbox 1408 4401 1636 4477; x_wconf 63' lang='lat' dir='ltr'><strong>gentium</strong></span> <span class='ocrx_word' id='word_1_445' title='bbox 1669 4401 1753 4477; x_wconf 72' lang='lat' dir='ltr'><strong>di-</strong></span> 
     </span>
    </p>
   </div>
   <div class='ocr_carea' id='block_1_69' title="bbox 1851 4373 3423 4477">
    <p class='ocr_par' dir='ltr' id='par_1_69' title="bbox 1857 4373 3423 4445">
     <span class='ocr_line' id='line_1_69' title="bbox 1857 4373 3423 4445; baseline 0.005 -15"><span class='ocrx_word' id='word_1_446' title='bbox 1857 4375 2022 4430; x_wconf 87' lang='lat' dir='ltr'><strong>dariis</strong></span> <span class='ocrx_word' id='word_1_447' title='bbox 2051 4374 2321 4444; x_wconf 86' lang='lat' dir='ltr'><strong>plerisque</strong></span> <span class='ocrx_word' id='word_1_448' title='bbox 2370 4373 2776 4443; x_wconf 86' lang='lat' dir='ltr'><strong>particularium</strong></span> <span class='ocrx_word' id='word_1_449' title='bbox 2814 4375 3188 4445; x_wconf 71' lang='lat' dir='ltr'><strong>ecclesiarum,</strong></span> <span class='ocrx_word' id='word_1_450' title='bbox 3231 4396 3292 4434; x_wconf 90' lang='lat' dir='ltr'><strong>ac</strong></span> <span class='ocrx_word' id='word_1_451' title='bbox 3326 4384 3423 4439; x_wconf 84' lang='lat' dir='ltr'><strong>de-</strong></span> 
     </span>
    </p>
   </div>
   <div class='ocr_carea' id='block_1_70' title="bbox 242 4471 1756 4540">
    <p class='ocr_par' dir='ltr' id='par_1_70' title="bbox 242 4471 1756 4540">
     <span class='ocr_line' id='line_1_70' title="bbox 242 4471 1756 4540; baseline -0.002 -12"><span class='ocrx_word' id='word_1_452' title='bbox 242 4475 409 4528; x_wconf 75' lang='lat' dir='ltr'><strong>versis</strong></span> <span class='ocrx_word' id='word_1_453' title='bbox 460 4474 637 4525; x_wconf 80' lang='lat' dir='ltr'><strong>diebus</strong></span> <span class='ocrx_word' id='word_1_454' title='bbox 679 4472 1002 4523; x_wconf 83' lang='lat' dir='ltr'><strong>annuntiata</strong></span> <span class='ocrx_word' id='word_1_455' title='bbox 1038 4486 1054 4521; x_wconf 92' lang='lat'><strong><em>:</em></strong></span> <span class='ocrx_word' id='word_1_456' title='bbox 1099 4484 1219 4525; x_wconf 75' lang='lat' dir='ltr'><strong>acra</strong></span> <span class='ocrx_word' id='word_1_457' title='bbox 1268 4471 1420 4540; x_wconf 83' lang='lat' dir='ltr'><strong>plura</strong></span> <span class='ocrx_word' id='word_1_458' title='bbox 1458 4472 1669 4539; x_wconf 79' lang='lat' dir='ltr'><strong>aliaque</strong></span> <span class='ocrx_word' id='word_1_459' title='bbox 1694 4472 1756 4525; x_wconf 87' lang='lat' dir='ltr'><strong>de</strong></span> 
     </span>
    </p>
   </div>
   <div class='ocr_carea' id='block_1_71' title="bbox 240 4548 1220 4597">
    <p class='ocr_par' dir='ltr' id='par_1_71' title="bbox 240 4548 1220 4597">
     <span class='ocr_line' id='line_1_71' title="bbox 240 4548 1220 4597; baseline -0.003 -1"><span class='ocrx_word' id='word_1_460' title='bbox 240 4552 429 4597; x_wconf 81' lang='lat' dir='ltr'><strong>sancto</strong></span> <span class='ocrx_word' id='word_1_461' title='bbox 459 4550 792 4593; x_wconf 78' lang='lat' dir='ltr'><strong>monumento</strong></span> <span class='ocrx_word' id='word_1_462' title='bbox 822 4548 1220 4594; x_wconf 67' lang='lat' dir='ltr'><strong>enumerantur.</strong></span> 
     </span>
    </p>
   </div>
   <div class='ocr_carea' id='block_1_72' title="bbox 242 4652 1748 4723">
    <p class='ocr_par' dir='ltr' id='par_1_72' title="bbox 242 4652 1748 4723">
     <span class='ocr_line' id='line_1_72' title="bbox 242 4652 1748 4723; baseline 0 -14"><span class='ocrx_word' id='word_1_463' title='bbox 242 4656 295 4709; x_wconf 80' lang='grc'><strong>1·</strong></span> <span class='ocrx_word' id='word_1_464' title='bbox 328 4653 784 4721; x_wconf 83' lang='lat' dir='ltr'><strong>Quandoquidem</strong></span> <span class='ocrx_word' id='word_1_465' title='bbox 811 4668 983 4723; x_wconf 87' lang='lat' dir='ltr'><strong>pauca</strong></span> <span class='ocrx_word' id='word_1_466' title='bbox 1013 4652 1080 4707; x_wconf 92' lang='lat' dir='ltr'><strong>de</strong></span> <span class='ocrx_word' id='word_1_467' title='bbox 1109 4653 1273 4723; x_wconf 81' lang='lat' dir='ltr'><strong>gestis</strong></span> <span class='ocrx_word' id='word_1_468' title='bbox 1304 4654 1476 4709; x_wconf 77' lang='lat' dir='ltr'><strong>sancti</strong></span> <span class='ocrx_word' id='word_1_469' title='bbox 1513 4654 1748 4709; x_wconf 69' lang='lat' dir='ltr'><strong>Matthazi</strong></span> 
     </span>
    </p>
   </div>
   <div class='ocr_carea' id='block_1_73' title="bbox 173 4745 1753 4817">
    <p class='ocr_par' dir='ltr' id='par_1_73' title="bbox 173 4745 1753 4817">
     <span class='ocr_line' id='line_1_73' title="bbox 173 4745 1753 4817; baseline -0.001 -16"><span class='ocrx_word' id='word_1_470' title='bbox 173 4747 417 4817; x_wconf 82' lang='lat' dir='ltr'><strong>apostoli</strong></span> <span class='ocrx_word' id='word_1_471' title='bbox 465 4754 521 4800; x_wconf 91' lang='lat' dir='ltr'><strong>et</strong></span> <span class='ocrx_word' id='word_1_472' title='bbox 568 4747 917 4815; x_wconf 72' lang='lat' dir='ltr'><strong>cvangelistze</strong></span> <span class='ocrx_word' id='word_1_473' title='bbox 951 4754 1224 4813; x_wconf 87' lang='lat' dir='ltr'><strong>comperta</strong></span> <span class='ocrx_word' id='word_1_474' title='bbox 1269 4754 1397 4798; x_wconf 90' lang='lat' dir='ltr'><strong>sunt</strong></span> <span class='ocrx_word' id='word_1_475' title='bbox 1447 4752 1502 4798; x_wconf 89' lang='lat' dir='ltr'><strong>et</strong></span> <span class='ocrx_word' id='word_1_476' title='bbox 1532 4745 1753 4799; x_wconf 89' lang='lat' dir='ltr'><strong>indubi-</strong></span> 
     </span>
    </p>
   </div>
   <div class='ocr_carea' id='block_1_74' title="bbox 172 4832 1757 4905">
    <p class='ocr_par' dir='ltr' id='par_1_74' title="bbox 172 4832 1757 4905">
     <span class='ocr_line' id='line_1_74' title="bbox 172 4832 1757 4905; baseline -0.001 -13"><span class='ocrx_word' id='word_1_477' title='bbox 172 4850 308 4899; x_wconf 85' lang='lat' dir='ltr'><strong>tata,</strong></span> <span class='ocrx_word' id='word_1_478' title='bbox 339 4851 576 4905; x_wconf 85' lang='lat' dir='ltr'><strong>eamque</strong></span> <span class='ocrx_word' id='word_1_479' title='bbox 620 4835 689 4888; x_wconf 87' lang='lat' dir='ltr'><strong>ob</strong></span> <span class='ocrx_word' id='word_1_480' title='bbox 720 4850 941 4893; x_wconf 79' lang='lat' dir='ltr'><strong>causam</strong></span> <span class='ocrx_word' id='word_1_481' title='bbox 986 4836 1137 4905; x_wconf 86' lang='lat' dir='ltr'><strong>plura</strong></span> <span class='ocrx_word' id='word_1_482' title='bbox 1183 4832 1251 4889; x_wconf 88' lang='lat' dir='ltr'><strong>de</strong></span> <span class='ocrx_word' id='word_1_483' title='bbox 1293 4850 1357 4889; x_wconf 87' lang='lat' dir='ltr'><strong>eo</strong></span> <span class='ocrx_word' id='word_1_484' title='bbox 1398 4835 1757 4890; x_wconf 82' lang='lat' dir='ltr'><strong>examinanda</strong></span> 
     </span>
    </p>
   </div>
   <div class='ocr_carea' id='block_1_75' title="bbox 174 4925 1756 4996">
    <p class='ocr_par' dir='ltr' id='par_1_75' title="bbox 174 4925 1756 4996">
     <span class='ocr_line' id='line_1_75' title="bbox 174 4925 1756 4996; baseline 0.001 -17"><span class='ocrx_word' id='word_1_485' title='bbox 174 4930 438 4989; x_wconf 85' lang='lat' dir='ltr'><strong>veniunt,</strong></span> <span class='ocrx_word' id='word_1_486' title='bbox 494 4939 653 4996; x_wconf 85' lang='lat' dir='ltr'><strong>quam</strong></span> <span class='ocrx_word' id='word_1_487' title='bbox 686 4925 1013 4994; x_wconf 84' lang='lat' dir='ltr'><strong>simpliciter</strong></span> <span class='ocrx_word' id='word_1_488' title='bbox 1062 4927 1400 4990; x_wconf 82' lang='lat' dir='ltr'><strong>enarranda;</strong></span> <span class='ocrx_word' id='word_1_489' title='bbox 1435 4940 1756 4980; x_wconf 84' lang='lat' dir='ltr'><strong>enumerare</strong></span> 
     </span>
    </p>
   </div>
   <div class='ocr_carea' id='block_1_76' title="bbox 172 5016 1759 5089">
    <p class='ocr_par' dir='ltr' id='par_1_76' title="bbox 172 5016 1759 5089">
     <span class='ocr_line' id='line_1_76' title="bbox 172 5016 1759 5089; baseline -0.001 -17"><span class='ocrx_word' id='word_1_490' title='bbox 172 5020 418 5089; x_wconf 86' lang='lat' dir='ltr'><strong>primum</strong></span> <span class='ocrx_word' id='word_1_491' title='bbox 443 5018 624 5084; x_wconf 85' lang='lat' dir='ltr'><strong>placet</strong></span> <span class='ocrx_word' id='word_1_492' title='bbox 657 5018 960 5073; x_wconf 82' lang='lat' dir='ltr'><strong>vetustiora</strong></span> <span class='ocrx_word' id='word_1_493' title='bbox 985 5016 1382 5088; x_wconf 73' lang='lat' dir='ltr'><strong>MartyrUIOgia,</strong></span> <span class='ocrx_word' id='word_1_494' title='bbox 1405 5018 1603 5086; x_wconf 90' lang='lat' dir='ltr'><strong>quibus</strong></span> <span class='ocrx_word' id='word_1_495' title='bbox 1634 5031 1759 5071; x_wconf 84' lang='lat' dir='ltr'><strong>san-</strong></span> 
     </span>
    </p>
   </div>
   <div class='ocr_carea' id='block_1_77' title="bbox 167 5109 1759 5179">
    <p class='ocr_par' dir='ltr' id='par_1_77' title="bbox 167 5109 1759 5179">
     <span class='ocr_line' id='line_1_77' title="bbox 167 5109 1759 5179; baseline -0.003 -12"><span class='ocrx_word' id='word_1_496' title='bbox 167 5110 246 5167; x_wconf 84' lang='lat' dir='ltr'><strong>cti</strong></span> <span class='ocrx_word' id='word_1_497' title='bbox 283 5109 552 5164; x_wconf 85' lang='lat' dir='ltr'><strong>memoria</strong></span> <span class='ocrx_word' id='word_1_498' title='bbox 582 5110 781 5179; x_wconf 85' lang='lat' dir='ltr'><strong>legitur</strong></span> <span class='ocrx_word' id='word_1_499' title='bbox 818 5109 1066 5170; x_wconf 84' lang='lat' dir='ltr'><strong>inserta;</strong></span> <span class='ocrx_word' id='word_1_500' title='bbox 1099 5119 1153 5162; x_wconf 88' lang='lat' dir='ltr'><strong>et</strong></span> <span class='ocrx_word' id='word_1_501' title='bbox 1179 5124 1302 5163; x_wconf 80' lang='lat' dir='ltr'><strong>mox</strong></span> <span class='ocrx_word' id='word_1_502' title='bbox 1335 5124 1441 5162; x_wconf 90' lang='lat' dir='ltr'><strong>non</strong></span> <span class='ocrx_word' id='word_1_503' title='bbox 1487 5109 1647 5163; x_wconf 90' lang='lat' dir='ltr'><strong>modo</strong></span> <span class='ocrx_word' id='word_1_504' title='bbox 1671 5124 1759 5163; x_wconf 84' lang='lat' dir='ltr'><strong>as-</strong></span> 
     </span>
    </p>
   </div>
   <div class='ocr_carea' id='block_1_78' title="bbox 172 5200 1755 5276">
    <p class='ocr_par' dir='ltr' id='par_1_78' title="bbox 172 5200 1755 5276">
     <span class='ocr_line' id='line_1_78' title="bbox 172 5200 1755 5276; baseline -0.006 -16"><span class='ocrx_word' id='word_1_505' title='bbox 172 5205 425 5276; x_wconf 83' lang='lat' dir='ltr'><strong>signare,</strong></span> <span class='ocrx_word' id='word_1_506' title='bbox 456 5201 552 5257; x_wconf 82' lang='lat' dir='ltr'><strong>sed</strong></span> <span class='ocrx_word' id='word_1_507' title='bbox 582 5204 744 5256; x_wconf 88' lang='lat' dir='ltr'><strong>etiam</strong></span> <span class='ocrx_word' id='word_1_508' title='bbox 770 5214 1047 5271; x_wconf 86' lang='lat' dir='ltr'><strong>utcunque</strong></span> <span class='ocrx_word' id='word_1_509' title='bbox 1105 5202 1407 5271; x_wconf 86' lang='lat' dir='ltr'><strong>pouderare</strong></span> <span class='ocrx_word' id='word_1_510' title='bbox 1432 5200 1755 5255; x_wconf 81' lang='lat' dir='ltr'><strong>doeumenta</strong></span> 
     </span>
    </p>
   </div>
   <div class='ocr_carea' id='block_1_79' title="bbox 172 5291 1757 5364">
    <p class='ocr_par' dir='ltr' id='par_1_79' title="bbox 172 5291 1757 5364">
     <span class='ocr_line' id='line_1_79' title="bbox 172 5291 1757 5364; baseline -0.004 -13"><span class='ocrx_word' id='word_1_511' title='bbox 172 5297 329 5352; x_wconf 81' lang='lat' dir='ltr'><strong>varia</strong></span> <span class='ocrx_word' id='word_1_512' title='bbox 359 5336 373 5359; x_wconf 91' lang='lat'><strong>,</strong></span> <span class='ocrx_word' id='word_1_513' title='bbox 420 5309 488 5350; x_wconf 82' lang='lat' dir='ltr'><strong>ex</strong></span> <span class='ocrx_word' id='word_1_514' title='bbox 534 5294 732 5364; x_wconf 84' lang='lat' dir='ltr'><strong>quibus</strong></span> <span class='ocrx_word' id='word_1_515' title='bbox 787 5303 938 5364; x_wconf 79' lang='lat' dir='ltr'><strong>gesta</strong></span> <span class='ocrx_word' id='word_1_516' title='bbox 979 5293 1153 5349; x_wconf 82' lang='lat' dir='ltr'><strong>sancti</strong></span> <span class='ocrx_word' id='word_1_517' title='bbox 1195 5292 1426 5347; x_wconf 65' lang='lat' dir='ltr'><strong>Matthmi</strong></span> <span class='ocrx_word' id='word_1_518' title='bbox 1468 5291 1757 5345; x_wconf 86' lang='lat' dir='ltr'><strong>haurienda</strong></span> 
     </span>
    </p>
   </div>
   <div class='ocr_carea' id='block_1_80' title="bbox 171 5386 1760 5455">
    <p class='ocr_par' dir='ltr' id='par_1_80' title="bbox 171 5386 1760 5455">
     <span class='ocr_line' id='line_1_80' title="bbox 171 5386 1760 5455; baseline -0.003 -12"><span class='ocrx_word' id='word_1_519' title='bbox 171 5398 325 5443; x_wconf 84' lang='lat' dir='ltr'><strong>sunt.</strong></span> <span class='ocrx_word' id='word_1_520' title='bbox 352 5386 597 5442; x_wconf 81' lang='lat' dir='ltr'><strong>Ecclesia</strong></span> <span class='ocrx_word' id='word_1_521' title='bbox 622 5386 815 5441; x_wconf 88' lang='lat' dir='ltr'><strong>Latina</strong></span> <span class='ocrx_word' id='word_1_522' title='bbox 864 5395 1111 5440; x_wconf 87' lang='lat' dir='ltr'><strong>sanctum</strong></span> <span class='ocrx_word' id='word_1_523' title='bbox 1149 5386 1454 5441; x_wconf 68' lang='lat' dir='ltr'><strong>Matthazum</strong></span> <span class='ocrx_word' id='word_1_524' title='bbox 1489 5386 1760 5455; x_wconf 70' lang='lat' dir='ltr'><strong>prmcipue</strong></span> 
     </span>
    </p>
   </div>
   <div class='ocr_carea' id='block_1_81' title="bbox 173 5476 1760 5548">
    <p class='ocr_par' dir='ltr' id='par_1_81' title="bbox 173 5476 1760 5548">
     <span class='ocr_line' id='line_1_81' title="bbox 173 5476 1760 5548; baseline -0.001 -16"><span class='ocrx_word' id='word_1_525' title='bbox 173 5482 433 5536; x_wconf 79' lang='lat' dir='ltr'><strong>celebrat</strong></span> <span class='ocrx_word' id='word_1_526' title='bbox 466 5476 553 5532; x_wconf 90' lang='lat' dir='ltr'><strong>die</strong></span> <span class='ocrx_word' id='word_1_527' title='bbox 580 5478 641 5531; x_wconf 72' lang='lat'><strong>&#39;21</strong></span> <span class='ocrx_word' id='word_1_528' title='bbox 682 5477 1044 5548; x_wconf 87' lang='lat' dir='ltr'><strong>Septembris,</strong></span> <span class='ocrx_word' id='word_1_529' title='bbox 1071 5492 1179 5545; x_wconf 89' lang='lat' dir='ltr'><strong>quo</strong></span> <span class='ocrx_word' id='word_1_530' title='bbox 1200 5479 1452 5532; x_wconf 85' lang='lat' dir='ltr'><strong>onmibus</strong></span> <span class='ocrx_word' id='word_1_531' title='bbox 1478 5477 1591 5532; x_wconf 82' lang='lat' dir='ltr'><strong>fere</strong></span> <span class='ocrx_word' id='word_1_532' title='bbox 1618 5477 1760 5535; x_wconf 83' lang='lat' dir='ltr'><strong>Mar-</strong></span> 
     </span>
    </p>
   </div>
   <div class='ocr_carea' id='block_1_82' title="bbox 177 5564 1759 5638">
    <p class='ocr_par' dir='ltr' id='par_1_82' title="bbox 177 5564 1759 5638">
     <span class='ocr_line' id='line_1_82' title="bbox 177 5564 1759 5638; baseline -0.003 -17"><span class='ocrx_word' id='word_1_533' title='bbox 177 5569 469 5638; x_wconf 76' lang='lat' dir='ltr'><strong>tyrologiis</strong></span> <span class='ocrx_word' id='word_1_534' title='bbox 508 5578 563 5621; x_wconf 90' lang='lat' dir='ltr'><strong>et</strong></span> <span class='ocrx_word' id='word_1_535' title='bbox 610 5565 950 5623; x_wconf 74' lang='lat' dir='ltr'><strong>Kalendariis</strong></span> <span class='ocrx_word' id='word_1_536' title='bbox 982 5564 1186 5618; x_wconf 77' lang='lat' dir='ltr'><strong>Latinis</strong></span> <span class='ocrx_word' id='word_1_537' title='bbox 1224 5566 1481 5619; x_wconf 87' lang='lat' dir='ltr'><strong>memoria</strong></span> <span class='ocrx_word' id='word_1_538' title='bbox 1515 5564 1759 5631; x_wconf 75' lang='lat' dir='ltr'><strong>ejusdem</strong></span> 
     </span>
    </p>
   </div>
   <div class='ocr_carea' id='block_1_83' title="bbox 176 5656 1761 5727">
    <p class='ocr_par' dir='ltr' id='par_1_83' title="bbox 176 5656 1761 5727">
     <span class='ocr_line' id='line_1_83' title="bbox 176 5656 1761 5727; baseline -0.003 -14"><span class='ocrx_word' id='word_1_539' title='bbox 176 5658 393 5714; x_wconf 78' lang='lat' dir='ltr'><strong>inserta</strong></span> <span class='ocrx_word' id='word_1_540' title='bbox 429 5669 533 5713; x_wconf 87' lang='lat' dir='ltr'><strong>est.</strong></span> <span class='ocrx_word' id='word_1_541' title='bbox 570 5659 681 5713; x_wconf 79' lang='lat' dir='ltr'><strong>Hac</strong></span> <span class='ocrx_word' id='word_1_542' title='bbox 710 5658 858 5711; x_wconf 85' lang='lat' dir='ltr'><strong>enim</strong></span> <span class='ocrx_word' id='word_1_543' title='bbox 906 5658 995 5710; x_wconf 89' lang='lat' dir='ltr'><strong>die</strong></span> <span class='ocrx_word' id='word_1_544' title='bbox 1030 5657 1227 5727; x_wconf 79' lang='lat' dir='ltr'><strong>legitur</strong></span> <span class='ocrx_word' id='word_1_545' title='bbox 1276 5657 1326 5709; x_wconf 88' lang='lat' dir='ltr'><strong>iu</strong></span> <span class='ocrx_word' id='word_1_546' title='bbox 1357 5656 1761 5725; x_wconf 78' lang='lat' dir='ltr'><strong>Martyrologiis</strong></span> 
     </span>
    </p>
   </div>
   <div class='ocr_carea' id='block_1_84' title="bbox 183 5750 1757 5818">
    <p class='ocr_par' dir='ltr' id='par_1_84' title="bbox 183 5750 1757 5818">
     <span class='ocr_line' id='line_1_84' title="bbox 183 5750 1757 5818; baseline -0.002 -12"><span class='ocrx_word' id='word_1_547' title='bbox 183 5752 649 5818; x_wconf 79' lang='lat' dir='ltr'><strong>Hicronymiauis.</strong></span> <span class='ocrx_word' id='word_1_548' title='bbox 690 5751 743 5805; x_wconf 88' lang='lat' dir='ltr'><strong>in</strong></span> <span class='ocrx_word' id='word_1_549' title='bbox 800 5753 1050 5806; x_wconf 81' lang='lat' dir='ltr'><strong>Romano</strong></span> <span class='ocrx_word' id='word_1_550' title='bbox 1112 5750 1302 5813; x_wconf 84' lang='lat' dir='ltr'><strong>Parvo,</strong></span> <span class='ocrx_word' id='word_1_551' title='bbox 1340 5750 1480 5818; x_wconf 85' lang='lat' dir='ltr'><strong>apud</strong></span> <span class='ocrx_word' id='word_1_552' title='bbox 1536 5750 1757 5814; x_wconf 86' lang='lat' dir='ltr'><strong>Bedam,</strong></span> 
     </span>
    </p>
   </div>
   <div class='ocr_carea' id='block_1_85' title="bbox 183 5842 1760 5909">
    <p class='ocr_par' dir='ltr' id='par_1_85' title="bbox 183 5842 1760 5909">
     <span class='ocr_line' id='line_1_85' title="bbox 183 5842 1760 5909; baseline -0.002 -9"><span class='ocrx_word' id='word_1_553' title='bbox 183 5845 433 5904; x_wconf 79' lang='lat' dir='ltr'><strong>Florum.</strong></span> <span class='ocrx_word' id='word_1_554' title='bbox 540 5842 846 5908; x_wconf 79' lang='lat' dir='ltr'><strong>Rabanum,</strong></span> <span class='ocrx_word' id='word_1_555' title='bbox 932 5842 1397 5905; x_wconf 82' lang='lat' dir='ltr'><strong>Wandclhertum,</strong></span> <span class='ocrx_word' id='word_1_556' title='bbox 1493 5844 1760 5909; x_wconf 84' lang='lat' dir='ltr'><strong>Adonem,</strong></span> 
     </span>
    </p>
   </div>
   <div class='ocr_carea' id='block_1_86' title="bbox 182 5933 1763 6005">
    <p class='ocr_par' dir='ltr' id='par_1_86' title="bbox 182 5933 1763 6005">
     <span class='ocr_line' id='line_1_86' title="bbox 182 5933 1763 6005; baseline -0.001 -14"><span class='ocrx_word' id='word_1_557' title='bbox 182 5935 519 5999; x_wconf 84' lang='lat' dir='ltr'><strong>Usuardum,</strong></span> <span class='ocrx_word' id='word_1_558' title='bbox 579 5933 905 6000; x_wconf 84' lang='lat' dir='ltr'><strong>Notherum,</strong></span> <span class='ocrx_word' id='word_1_559' title='bbox 938 5936 991 5987; x_wconf 92' lang='lat' dir='ltr'><strong>in</strong></span> <span class='ocrx_word' id='word_1_560' title='bbox 1039 5935 1433 6005; x_wconf 69' lang='lat' dir='ltr'><strong>Martyrologiis</strong></span> <span class='ocrx_word' id='word_1_561' title='bbox 1464 5945 1515 5990; x_wconf 87' lang='lat' dir='ltr'><strong>et</strong></span> <span class='ocrx_word' id='word_1_562' title='bbox 1566 5935 1763 5991; x_wconf 76' lang='lat' dir='ltr'><strong>Kalen—</strong></span> 
     </span>
    </p>
   </div>
   <div class='ocr_carea' id='block_1_87' title="bbox 1861 4466 3421 4539">
    <p class='ocr_par' dir='ltr' id='par_1_87' title="bbox 1861 4466 3421 4539">
     <span class='ocr_line' id='line_1_87' title="bbox 1861 4466 3421 4539; baseline 0.006 -19"><span class='ocrx_word' id='word_1_563' title='bbox 1861 4484 2006 4521; x_wconf 90' lang='lat' dir='ltr'><strong>mum</strong></span> <span class='ocrx_word' id='word_1_564' title='bbox 2052 4468 2104 4520; x_wconf 93' lang='lat' dir='ltr'><strong>in</strong></span> <span class='ocrx_word' id='word_1_565' title='bbox 2144 4466 2392 4522; x_wconf 80' lang='lat' dir='ltr'><strong>Romano</strong></span> <span class='ocrx_word' id='word_1_566' title='bbox 2442 4466 2828 4539; x_wconf 79' lang='lat' dir='ltr'><strong>Martyrologio</strong></span> <span class='ocrx_word' id='word_1_567' title='bbox 2858 4478 2912 4523; x_wconf 90' lang='lat' dir='ltr'><strong>et</strong></span> <span class='ocrx_word' id='word_1_568' title='bbox 2940 4468 3238 4538; x_wconf 82' lang='lat' dir='ltr'><strong>Breviario,</strong></span> <span class='ocrx_word' id='word_1_569' title='bbox 3278 4485 3331 4528; x_wconf 90' lang='lat' dir='ltr'><strong>et</strong></span> <span class='ocrx_word' id='word_1_570' title='bbox 3370 4476 3421 4530; x_wconf 90' lang='lat' dir='ltr'><strong>iu</strong></span> 
     </span>
    </p>
   </div>
   <div class='ocr_carea' id='block_1_88' title="bbox 1860 4559 3424 4631">
    <p class='ocr_par' dir='ltr' id='par_1_88' title="bbox 1860 4559 3424 4631">
     <span class='ocr_line' id='line_1_88' title="bbox 1860 4559 3424 4631; baseline 0.004 -17"><span class='ocrx_word' id='word_1_571' title='bbox 1860 4560 2119 4614; x_wconf 91' lang='lat' dir='ltr'><strong>omnibus</strong></span> <span class='ocrx_word' id='word_1_572' title='bbox 2165 4559 2364 4627; x_wconf 88' lang='lat' dir='ltr'><strong>passim</strong></span> <span class='ocrx_word' id='word_1_573' title='bbox 2426 4560 2845 4613; x_wconf 86' lang='lat' dir='ltr'><strong>recentioribus.</strong></span> <span class='ocrx_word' id='word_1_574' title='bbox 2908 4561 3088 4631; x_wconf 81' lang='lat' dir='ltr'><strong>Elegia</strong></span> <span class='ocrx_word' id='word_1_575' title='bbox 3130 4563 3217 4617; x_wconf 90' lang='lat' dir='ltr'><strong>hic</strong></span> <span class='ocrx_word' id='word_1_576' title='bbox 3276 4566 3424 4621; x_wconf 83' lang='lat' dir='ltr'><strong>nulla</strong></span> 
     </span>
    </p>
   </div>
   <div class='ocr_carea' id='block_1_89' title="bbox 1862 4650 3424 4721">
    <p class='ocr_par' dir='ltr' id='par_1_89' title="bbox 1862 4650 3424 4721">
     <span class='ocr_line' id='line_1_89' title="bbox 1862 4650 3424 4721; baseline 0.004 -16"><span class='ocrx_word' id='word_1_577' title='bbox 1862 4653 2056 4713; x_wconf 76' lang='lat' dir='ltr'><strong>affero,</strong></span> <span class='ocrx_word' id='word_1_578' title='bbox 2089 4653 2215 4721; x_wconf 86' lang='lat' dir='ltr'><strong>quia</strong></span> <span class='ocrx_word' id='word_1_579' title='bbox 2253 4650 2366 4705; x_wconf 87' lang='lat' dir='ltr'><strong>suis</strong></span> <span class='ocrx_word' id='word_1_580' title='bbox 2423 4650 2633 4719; x_wconf 86' lang='lat' dir='ltr'><strong>singula</strong></span> <span class='ocrx_word' id='word_1_581' title='bbox 2688 4652 2981 4721; x_wconf 86' lang='lat' dir='ltr'><strong>producam</strong></span> <span class='ocrx_word' id='word_1_582' title='bbox 3019 4655 3172 4719; x_wconf 74' lang='lat' dir='ltr'><strong>Idcis,</strong></span> <span class='ocrx_word' id='word_1_583' title='bbox 3205 4657 3293 4711; x_wconf 91' lang='lat' dir='ltr'><strong>ubi</strong></span> <span class='ocrx_word' id='word_1_584' title='bbox 3327 4675 3424 4713; x_wconf 54' lang='lat' dir='ltr'><strong>ex-</strong></span> 
     </span>
    </p>
   </div>
   <div class='ocr_carea' id='block_1_90' title="bbox 1862 4744 3430 4814">
    <p class='ocr_par' dir='ltr' id='par_1_90' title="bbox 1862 4744 3430 4814">
     <span class='ocr_line' id='line_1_90' title="bbox 1862 4744 3430 4814; baseline 0.004 -15"><span class='ocrx_word' id='word_1_585' title='bbox 1862 4745 2049 4814; x_wconf 89' lang='lat' dir='ltr'><strong>pedire</strong></span> <span class='ocrx_word' id='word_1_586' title='bbox 2084 4745 2358 4799; x_wconf 86' lang='lat' dir='ltr'><strong>videbitur</strong></span> <span class='ocrx_word' id='word_1_587' title='bbox 2399 4744 2465 4798; x_wconf 90' lang='lat' dir='ltr'><strong>ad</strong></span> <span class='ocrx_word' id='word_1_588' title='bbox 2509 4744 2972 4813; x_wconf 75' lang='lat' dir='ltr'><strong>praedicationem,</strong></span> <span class='ocrx_word' id='word_1_589' title='bbox 3020 4756 3272 4812; x_wconf 82' lang='lat' dir='ltr'><strong>mortem,</strong></span> <span class='ocrx_word' id='word_1_590' title='bbox 3332 4762 3430 4806; x_wconf 82' lang='lat' dir='ltr'><strong>aut</strong></span> 
     </span>
    </p>
   </div>
   <div class='ocr_carea' id='block_1_91' title="bbox 1860 4837 3426 4911">
    <p class='ocr_par' dir='ltr' id='par_1_91' title="bbox 1860 4837 3426 4911">
     <span class='ocr_line' id='line_1_91' title="bbox 1860 4837 3426 4911; baseline 0.003 -20"><span class='ocrx_word' id='word_1_591' title='bbox 1860 4839 1962 4891; x_wconf 86' lang='lat' dir='ltr'><strong>alia</strong></span> <span class='ocrx_word' id='word_1_592' title='bbox 2007 4838 2071 4891; x_wconf 91' lang='lat' dir='ltr'><strong>ad</strong></span> <span class='ocrx_word' id='word_1_593' title='bbox 2124 4848 2371 4890; x_wconf 82' lang='lat' dir='ltr'><strong>sanctum</strong></span> <span class='ocrx_word' id='word_1_594' title='bbox 2402 4839 2696 4904; x_wconf 86' lang='lat' dir='ltr'><strong>spectantia</strong></span> <span class='ocrx_word' id='word_1_595' title='bbox 2728 4837 3127 4892; x_wconf 89' lang='lat' dir='ltr'><strong>elucidandum.</strong></span> <span class='ocrx_word' id='word_1_596' title='bbox 3164 4840 3426 4911; x_wconf 78' lang='lat' dir='ltr'><strong>Martyro-</strong></span> 
     </span>
    </p>
   </div>
   <div class='ocr_carea' id='block_1_92' title="bbox 1863 4925 3428 4995">
    <p class='ocr_par' dir='ltr' id='par_1_92' title="bbox 1863 4925 3428 4995">
     <span class='ocr_line' id='line_1_92' title="bbox 1863 4925 3428 4995; baseline 0.003 -17"><span class='ocrx_word' id='word_1_597' title='bbox 1863 4925 2019 4995; x_wconf 83' lang='lat' dir='ltr'><strong>logiis</strong></span> <span class='ocrx_word' id='word_1_598' title='bbox 2075 4934 2345 4979; x_wconf 90' lang='lat' dir='ltr'><strong>consonat</strong></span> <span class='ocrx_word' id='word_1_599' title='bbox 2391 4925 2529 4978; x_wconf 88' lang='lat' dir='ltr'><strong>liber</strong></span> <span class='ocrx_word' id='word_1_600' title='bbox 2564 4925 3041 4979; x_wconf 90' lang='lat' dir='ltr'><strong>Sacramentorum</strong></span> <span class='ocrx_word' id='word_1_601' title='bbox 3096 4942 3125 4980; x_wconf 87' lang='lat' dir='ltr'><strong>a</strong></span> <span class='ocrx_word' id='word_1_602' title='bbox 3174 4927 3428 4983; x_wconf 76' lang='lat' dir='ltr'><strong>Menardo</strong></span> 
     </span>
    </p>
   </div>
   <div class='ocr_carea' id='block_1_93' title="bbox 1863 5017 3429 5088">
    <p class='ocr_par' dir='ltr' id='par_1_93' title="bbox 1863 5017 3429 5088">
     <span class='ocr_line' id='line_1_93' title="bbox 1863 5017 3429 5088; baseline 0.003 -16"><span class='ocrx_word' id='word_1_603' title='bbox 1863 5019 2065 5079; x_wconf 87' lang='lat' dir='ltr'><strong>editus,</strong></span> <span class='ocrx_word' id='word_1_604' title='bbox 2092 5026 2145 5071; x_wconf 90' lang='lat' dir='ltr'><strong>et</strong></span> <span class='ocrx_word' id='word_1_605' title='bbox 2174 5018 2231 5071; x_wconf 90' lang='lat' dir='ltr'><strong>S.</strong></span> <span class='ocrx_word' id='word_1_606' title='bbox 2271 5017 2532 5087; x_wconf 87' lang='lat' dir='ltr'><strong>Gregorio</strong></span> <span class='ocrx_word' id='word_1_607' title='bbox 2560 5017 2877 5080; x_wconf 87' lang='lat' dir='ltr'><strong>attributus,</strong></span> <span class='ocrx_word' id='word_1_608' title='bbox 2922 5019 2974 5071; x_wconf 91' lang='lat' dir='ltr'><strong>in</strong></span> <span class='ocrx_word' id='word_1_609' title='bbox 3020 5034 3127 5088; x_wconf 89' lang='lat' dir='ltr'><strong>quo</strong></span> <span class='ocrx_word' id='word_1_610' title='bbox 3163 5021 3229 5075; x_wconf 90' lang='lat' dir='ltr'><strong>ad</strong></span> <span class='ocrx_word' id='word_1_611' title='bbox 3284 5022 3429 5076; x_wconf 87' lang='lat' dir='ltr'><strong>hunc</strong></span> 
     </span>
    </p>
   </div>
   <div class='ocr_carea' id='block_1_94' title="bbox 1863 5108 3429 5181">
    <p class='ocr_par' dir='ltr' id='par_1_94' title="bbox 1863 5108 3429 5181">
     <span class='ocr_line' id='line_1_94' title="bbox 1863 5108 3429 5181; baseline 0.003 -17"><span class='ocrx_word' id='word_1_612' title='bbox 1863 5110 2003 5164; x_wconf 84' lang='lat' dir='ltr'><strong>diem</strong></span> <span class='ocrx_word' id='word_1_613' title='bbox 2046 5109 2241 5178; x_wconf 86' lang='lat' dir='ltr'><strong>legitur</strong></span> <span class='ocrx_word' id='word_1_614' title='bbox 2278 5109 2438 5163; x_wconf 83' lang='lat' dir='ltr'><strong>Missa</strong></span> <span class='ocrx_word' id='word_1_615' title='bbox 2494 5110 2561 5164; x_wconf 89' lang='lat' dir='ltr'><strong>de</strong></span> <span class='ocrx_word' id='word_1_616' title='bbox 2598 5120 2787 5165; x_wconf 90' lang='lat' dir='ltr'><strong>sancto</strong></span> <span class='ocrx_word' id='word_1_617' title='bbox 2842 5108 3114 5176; x_wconf 59' lang='lat' dir='ltr'><strong>Mattheo,</strong></span> <span class='ocrx_word' id='word_1_618' title='bbox 3151 5122 3203 5169; x_wconf 80' lang='lat' dir='ltr'><strong>ot</strong></span> <span class='ocrx_word' id='word_1_619' title='bbox 3258 5115 3429 5181; x_wconf 87' lang='lat' dir='ltr'><strong>pridie</strong></span> 
     </span>
    </p>
   </div>
   <div class='ocr_carea' id='block_1_95' title="bbox 1864 5201 3428 5274">
    <p class='ocr_par' dir='ltr' id='par_1_95' title="bbox 1864 5201 3428 5274">
     <span class='ocr_line' id='line_1_95' title="bbox 1864 5201 3428 5274; baseline 0.003 -19"><span class='ocrx_word' id='word_1_620' title='bbox 1864 5213 2085 5257; x_wconf 88' lang='lat' dir='ltr'><strong>notatur</strong></span> <span class='ocrx_word' id='word_1_621' title='bbox 2114 5201 2313 5271; x_wconf 85' lang='lat' dir='ltr'><strong>vigilia,</strong></span> <span class='ocrx_word' id='word_1_622' title='bbox 2343 5202 2798 5271; x_wconf 86' lang='lat' dir='ltr'><strong>quemadmodum</strong></span> <span class='ocrx_word' id='word_1_623' title='bbox 2851 5203 3091 5273; x_wconf 86' lang='lat' dir='ltr'><strong>ejusdem</strong></span> <span class='ocrx_word' id='word_1_624' title='bbox 3122 5205 3294 5274; x_wconf 59' lang='lat' dir='ltr'><strong>vigilia</strong></span> <span class='ocrx_word' id='word_1_625' title='bbox 3329 5222 3428 5259; x_wconf 89' lang='lat' dir='ltr'><strong>an-</strong></span> 
     </span>
    </p>
   </div>
   <div class='ocr_carea' id='block_1_96' title="bbox 1864 5294 3429 5370">
    <p class='ocr_par' dir='ltr' id='par_1_96' title="bbox 1864 5294 3429 5370">
     <span class='ocr_line' id='line_1_96' title="bbox 1864 5294 3429 5370; baseline 0.004 -21"><span class='ocrx_word' id='word_1_626' title='bbox 1864 5294 2149 5351; x_wconf 88' lang='lat' dir='ltr'><strong>nuutiatur</strong></span> <span class='ocrx_word' id='word_1_627' title='bbox 2194 5296 2248 5348; x_wconf 91' lang='lat' dir='ltr'><strong>in</strong></span> <span class='ocrx_word' id='word_1_628' title='bbox 2306 5296 2490 5348; x_wconf 89' lang='lat' dir='ltr'><strong>multis</strong></span> <span class='ocrx_word' id='word_1_629' title='bbox 2542 5296 2890 5349; x_wconf 81' lang='lat' dir='ltr'><strong>Kalendariis</strong></span> <span class='ocrx_word' id='word_1_630' title='bbox 2928 5306 2983 5349; x_wconf 88' lang='lat' dir='ltr'><strong>et</strong></span> <span class='ocrx_word' id='word_1_631' title='bbox 3039 5295 3429 5370; x_wconf 75' lang='lat' dir='ltr'><strong>Martyrologiis</strong></span> 
     </span>
    </p>
   </div>
   <div class='ocr_carea' id='block_1_97' title="bbox 1866 5387 2288 5443">
    <p class='ocr_par' dir='ltr' id='par_1_97' title="bbox 1866 5387 2288 5443">
     <span class='ocr_line' id='line_1_97' title="bbox 1866 5387 2288 5443; baseline 0 -3"><span class='ocrx_word' id='word_1_632' title='bbox 1866 5387 2288 5443; x_wconf 82' lang='lat' dir='ltr'><strong>recentioribus.</strong></span> 
     </span>
    </p>
   </div>
   <div class='ocr_carea' id='block_1_98' title="bbox 1936 5478 3431 5553">
    <p class='ocr_par' dir='ltr' id='par_1_98' title="bbox 1936 5478 3431 5553">
     <span class='ocr_line' id='line_1_98' title="bbox 1936 5478 3431 5553; baseline 0.002 -19"><span class='ocrx_word' id='word_1_633' title='bbox 1936 5481 1989 5534; x_wconf 72' lang='lat'><strong>9..</strong></span> <span class='ocrx_word' id='word_1_634' title='bbox 2018 5478 2337 5532; x_wconf 85' lang='lat' dir='ltr'><strong>Celebratur</strong></span> <span class='ocrx_word' id='word_1_635' title='bbox 2371 5490 2547 5534; x_wconf 87' lang='lat' dir='ltr'><strong>tamen</strong></span> <span class='ocrx_word' id='word_1_636' title='bbox 2585 5480 2703 5533; x_wconf 88' lang='lat' dir='ltr'><strong>aliis</strong></span> <span class='ocrx_word' id='word_1_637' title='bbox 2731 5496 2947 5553; x_wconf 85' lang='lat' dir='ltr'><strong>quoque</strong></span> <span class='ocrx_word' id='word_1_638' title='bbox 2991 5481 3181 5535; x_wconf 76' lang='lat' dir='ltr'><strong>diebus</strong></span> <span class='ocrx_word' id='word_1_639' title='bbox 3212 5496 3431 5538; x_wconf 78' lang='lat' dir='ltr'><strong>sanctus</strong></span> 
     </span>
    </p>
   </div>
   <div class='ocr_carea' id='block_1_99' title="bbox 1869 5570 3429 5642">
    <p class='ocr_par' dir='ltr' id='par_1_99' title="bbox 1869 5570 3429 5642">
     <span class='ocr_line' id='line_1_99' title="bbox 1869 5570 3429 5642; baseline 0.006 -19"><span class='ocrx_word' id='word_1_640' title='bbox 1869 5570 2154 5624; x_wconf 76' lang='lat' dir='ltr'><strong>Mattltzeus</strong></span> <span class='ocrx_word' id='word_1_641' title='bbox 2186 5571 2237 5624; x_wconf 92' lang='lat' dir='ltr'><strong>in</strong></span> <span class='ocrx_word' id='word_1_642' title='bbox 2271 5574 2477 5642; x_wconf 84' lang='lat' dir='ltr'><strong>aliquot</strong></span> <span class='ocrx_word' id='word_1_643' title='bbox 2524 5572 2920 5642; x_wconf 84' lang='lat' dir='ltr'><strong>Martyrologiis</strong></span> <span class='ocrx_word' id='word_1_644' title='bbox 2954 5571 3178 5629; x_wconf 86' lang='lat' dir='ltr'><strong>Latinis.</strong></span> <span class='ocrx_word' id='word_1_645' title='bbox 3211 5574 3339 5629; x_wconf 81' lang='lat' dir='ltr'><strong>Nam</strong></span> <span class='ocrx_word' id='word_1_646' title='bbox 3376 5580 3429 5633; x_wconf 85' lang='lat' dir='ltr'><strong>in</strong></span> 
     </span>
    </p>
   </div>
   <div class='ocr_carea' id='block_1_100' title="bbox 1868 5660 3428 5736">
    <p class='ocr_par' dir='ltr' id='par_1_100' title="bbox 1868 5660 3428 5736">
     <span class='ocr_line' id='line_1_100' title="bbox 1868 5660 3428 5736; baseline 0.005 -21"><span class='ocrx_word' id='word_1_647' title='bbox 1868 5660 2307 5734; x_wconf 83' lang='lat' dir='ltr'><strong>Hieronymianis</strong></span> <span class='ocrx_word' id='word_1_648' title='bbox 2331 5665 2492 5717; x_wconf 83' lang='lat' dir='ltr'><strong>etiam</strong></span> <span class='ocrx_word' id='word_1_649' title='bbox 2532 5664 2727 5736; x_wconf 83' lang='lat' dir='ltr'><strong>legitur</strong></span> <span class='ocrx_word' id='word_1_650' title='bbox 2760 5664 2825 5718; x_wconf 89' lang='lat' dir='ltr'><strong>ad</strong></span> <span class='ocrx_word' id='word_1_651' title='bbox 2863 5666 2885 5716; x_wconf 71' lang='grc' dir='ltr'><strong>ί</strong></span> <span class='ocrx_word' id='word_1_652' title='bbox 2928 5663 3074 5729; x_wconf 85' lang='lat' dir='ltr'><strong>Maii,</strong></span> <span class='ocrx_word' id='word_1_653' title='bbox 3128 5683 3339 5721; x_wconf 90' lang='lat' dir='ltr'><strong>rursum</strong></span> <span class='ocrx_word' id='word_1_654' title='bbox 3363 5671 3428 5723; x_wconf 83' lang='lat' dir='ltr'><strong>ad</strong></span> 
     </span>
    </p>
   </div>
   <div class='ocr_carea' id='block_1_101' title="bbox 1870 5754 3433 5826">
    <p class='ocr_par' dir='ltr' id='par_1_101' title="bbox 1870 5754 3433 5826">
     <span class='ocr_line' id='line_1_101' title="bbox 1870 5754 3433 5826; baseline -0.001 -17"><span class='ocrx_word' id='word_1_655' title='bbox 1870 5756 1901 5809; x_wconf 83' lang='lat'><strong>6</strong></span> <span class='ocrx_word' id='word_1_656' title='bbox 1944 5754 2084 5814; x_wconf 83' lang='lat' dir='ltr'><strong>Maii.</strong></span> <span class='ocrx_word' id='word_1_657' title='bbox 2117 5765 2169 5808; x_wconf 90' lang='lat' dir='ltr'><strong>et</strong></span> <span class='ocrx_word' id='word_1_658' title='bbox 2199 5757 2262 5809; x_wconf 85' lang='lat' dir='ltr'><strong>ad</strong></span> <span class='ocrx_word' id='word_1_659' title='bbox 2310 5758 2340 5812; x_wconf 89' lang='lat'><strong>9</strong></span> <span class='ocrx_word' id='word_1_660' title='bbox 2372 5754 2643 5811; x_wconf 82' lang='lat' dir='ltr'><strong>Octobris.</strong></span> <span class='ocrx_word' id='word_1_661' title='bbox 2684 5758 2742 5809; x_wconf 87' lang='lat' dir='ltr'><strong>in</strong></span> <span class='ocrx_word' id='word_1_662' title='bbox 2781 5758 2982 5826; x_wconf 83' lang='lat' dir='ltr'><strong>aliquot</strong></span> <span class='ocrx_word' id='word_1_663' title='bbox 3013 5760 3175 5812; x_wconf 89' lang='lat' dir='ltr'><strong>etiam</strong></span> <span class='ocrx_word' id='word_1_664' title='bbox 3231 5762 3433 5816; x_wconf 85' lang='lat' dir='ltr'><strong>codici-</strong></span> 
     </span>
    </p>
   </div>
   <div class='ocr_carea' id='block_1_102' title="bbox 1873 5850 3433 5920">
    <p class='ocr_par' dir='ltr' id='par_1_102' title="bbox 1873 5850 3433 5920">
     <span class='ocr_line' id='line_1_102' title="bbox 1873 5850 3433 5920; baseline 0.002 -17"><span class='ocrx_word' id='word_1_665' title='bbox 1873 5850 1996 5911; x_wconf 88' lang='lat' dir='ltr'><strong>bus,</strong></span> <span class='ocrx_word' id='word_1_666' title='bbox 2025 5850 2279 5902; x_wconf 81' lang='lat' dir='ltr'><strong>videlicet</strong></span> <span class='ocrx_word' id='word_1_667' title='bbox 2310 5851 2361 5903; x_wconf 91' lang='lat' dir='ltr'><strong>in</strong></span> <span class='ocrx_word' id='word_1_668' title='bbox 2391 5850 2802 5919; x_wconf 82' lang='lat' dir='ltr'><strong>Epternacensi.</strong></span> <span class='ocrx_word' id='word_1_669' title='bbox 2842 5851 3173 5911; x_wconf 80' lang='lat' dir='ltr'><strong>Corbciensi,</strong></span> <span class='ocrx_word' id='word_1_670' title='bbox 3208 5853 3433 5920; x_wconf 84' lang='lat' dir='ltr'><strong>aliisque</strong></span> 
     </span>
    </p>
   </div>
   <div class='ocr_carea' id='block_1_103' title="bbox 1876 5940 3433 6013">
    <p class='ocr_par' dir='ltr' id='par_1_103' title="bbox 1876 5940 3433 6013">
     <span class='ocr_line' id='line_1_103' title="bbox 1876 5940 3433 6013; baseline 0 -19"><span class='ocrx_word' id='word_1_671' title='bbox 1876 5941 2046 5994; x_wconf 80' lang='lat' dir='ltr'><strong>sancti</strong></span> <span class='ocrx_word' id='word_1_672' title='bbox 2077 5940 2313 5995; x_wconf 68' lang='lat' dir='ltr'><strong>Matthaei</strong></span> <span class='ocrx_word' id='word_1_673' title='bbox 2342 5941 2395 5997; x_wconf 77' lang='lat' dir='ltr'><strong>fit</strong></span> <span class='ocrx_word' id='word_1_674' title='bbox 2421 5945 2626 5996; x_wconf 87' lang='lat' dir='ltr'><strong>mentio</strong></span> <span class='ocrx_word' id='word_1_675' title='bbox 2659 5941 2720 5995; x_wconf 84' lang='lat' dir='ltr'><strong>ad</strong></span> <span class='ocrx_word' id='word_1_676' title='bbox 2742 5942 2803 5997; x_wconf 68' lang='grc' dir='ltr'><strong>ει</strong></span> <span class='ocrx_word' id='word_1_677' title='bbox 2842 5941 2984 6006; x_wconf 80' lang='lat' dir='ltr'><strong>Maii,</strong></span> <span class='ocrx_word' id='word_1_678' title='bbox 3021 5944 3107 5998; x_wconf 90' lang='lat' dir='ltr'><strong>ubi</strong></span> <span class='ocrx_word' id='word_1_679' title='bbox 3139 5945 3278 6013; x_wconf 84' lang='lat' dir='ltr'><strong>apud</strong></span> <span class='ocrx_word' id='word_1_680' title='bbox 3309 5943 3433 5997; x_wconf 72' lang='lat' dir='ltr'><strong>fio.</strong></span> 
     </span>
    </p>
   </div>
  </div>
