  <div class='ocr_page' id='page_1' title='image "/cluster/home/n/w/nwhite01/storage/ocr_20150623/115/uva.x004215515/407.png"; bbox 0 0 4150 6492; ppageno 0'>
   <div class='ocr_carea' id='block_1_1' title="bbox 713 438 810 503">
    <p class='ocr_par' dir='ltr' id='par_1_1' title="bbox 713 438 810 503">
     <span class='ocr_line' id='line_1_1' title="bbox 713 438 810 503; baseline 0 -1"><span class='ocrx_word' id='word_1_1' title='bbox 713 438 810 503; x_wconf 80' lang='grc'><strong>751</strong></span> 
     </span>
    </p>
   </div>
   <div class='ocr_carea' id='block_1_2' title="bbox 1948 426 2751 489">
    <p class='ocr_par' dir='ltr' id='par_1_2' title="bbox 1948 426 2751 489">
     <span class='ocr_line' id='line_1_2' title="bbox 1948 426 2751 489; baseline -0.002 -2"><span class='ocrx_word' id='word_1_2' title='bbox 1948 426 2236 489; x_wconf 78' lang='lat' dir='ltr'><strong>MENSlS</strong></span> <span class='ocrx_word' id='word_1_3' title='bbox 2276 426 2751 488; x_wconf 81' lang='lat' dir='ltr'><strong>SEPTEMBER.</strong></span> 
     </span>
    </p>
   </div>
   <div class='ocr_carea' id='block_1_3' title="bbox 3873 416 3983 476">
    <p class='ocr_par' dir='ltr' id='par_1_3' title="bbox 3873 416 3983 476">
     <span class='ocr_line' id='line_1_3' title="bbox 3873 416 3983 476; baseline 0.018 -2"><span class='ocrx_word' id='word_1_4' title='bbox 3873 416 3983 476; x_wconf 75' lang='lat'><strong>752</strong></span> 
     </span>
    </p>
   </div>
   <div class='ocr_carea' id='block_1_4' title="bbox 718 529 3978 615">
    <p class='ocr_par' dir='ltr' id='par_1_4' title="bbox 718 529 3978 615">
     <span class='ocr_line' id='line_1_4' title="bbox 718 529 3978 615; baseline -0.007 -13"><span class='ocrx_word' id='word_1_5' title='bbox 718 547 1012 604; x_wconf 80' lang='lat' dir='ltr'><strong>rentinittm</strong></span> <span class='ocrx_word' id='word_1_6' title='bbox 1046 546 1242 615; x_wconf 84' lang='lat' dir='ltr'><strong>legitur</strong></span> <span class='ocrx_word' id='word_1_7' title='bbox 1277 543 1534 604; x_wconf 71' lang='lat' dir='ltr'><strong>Mat/tia;</strong></span> <span class='ocrx_word' id='word_1_8' title='bbox 1576 556 1679 595; x_wconf 87' lang='lat' dir='ltr'><strong>nec</strong></span> <span class='ocrx_word' id='word_1_9' title='bbox 1707 546 1889 612; x_wconf 89' lang='lat' dir='ltr'><strong>potest</strong></span> <span class='ocrx_word' id='word_1_10' title='bbox 1921 549 2080 594; x_wconf 90' lang='lat' dir='ltr'><strong>certo</strong></span> <span class='ocrx_word' id='word_1_11' title='bbox 2118 537 2286 601; x_wconf 86' lang='lat' dir='ltr'><strong>edici,</strong></span> <span class='ocrx_word' id='word_1_12' title='bbox 2317 540 2365 599; x_wconf 81' lang='grc' dir='ltr'>Α</span> <span class='ocrx_word' id='word_1_13' title='bbox 2393 539 2744 600; x_wconf 77' lang='lat' dir='ltr'><strong>mandarunt,</strong></span> <span class='ocrx_word' id='word_1_14' title='bbox 2803 537 2856 590; x_wconf 93' lang='lat' dir='ltr'><strong>in</strong></span> <span class='ocrx_word' id='word_1_15' title='bbox 2909 535 3161 607; x_wconf 84' lang='lat' dir='ltr'><strong>plurimis</strong></span> <span class='ocrx_word' id='word_1_16' title='bbox 3222 541 3432 588; x_wconf 80' lang='lat' dir='ltr'><strong>exstant</strong></span> <span class='ocrx_word' id='word_1_17' title='bbox 3477 529 3760 586; x_wconf 76' lang='lat' dir='ltr'><strong>codicibus</strong></span> <span class='ocrx_word' id='word_1_18' title='bbox 3822 541 3978 581; x_wconf 84' lang='lat' dir='ltr'><strong>mss.-</strong></span> 
     </span>
    </p>
   </div>
   <div class='ocr_carea' id='block_1_5' title="bbox 717 629 2293 708">
    <p class='ocr_par' dir='ltr' id='par_1_5' title="bbox 717 629 2293 708">
     <span class='ocr_line' id='line_1_5' title="bbox 717 629 2293 708; baseline -0.009 -12"><span class='ocrx_word' id='word_1_19' title='bbox 717 651 837 696; x_wconf 86' lang='lat' dir='ltr'><strong>utra</strong></span> <span class='ocrx_word' id='word_1_20' title='bbox 867 641 1028 695; x_wconf 85' lang='lat' dir='ltr'><strong>lectio</strong></span> <span class='ocrx_word' id='word_1_21' title='bbox 1055 640 1126 693; x_wconf 86' lang='lat' dir='ltr'><strong>sit</strong></span> <span class='ocrx_word' id='word_1_22' title='bbox 1161 639 1332 708; x_wconf 83' lang='lat' dir='ltr'><strong>magis</strong></span> <span class='ocrx_word' id='word_1_23' title='bbox 1358 635 1618 706; x_wconf 84' lang='lat' dir='ltr'><strong>genuina,</strong></span> <span class='ocrx_word' id='word_1_24' title='bbox 1645 649 1770 688; x_wconf 92' lang='lat' dir='ltr'><strong>cum</strong></span> <span class='ocrx_word' id='word_1_25' title='bbox 1804 647 1872 686; x_wconf 89' lang='lat' dir='ltr'><strong>ne</strong></span> <span class='ocrx_word' id='word_1_26' title='bbox 1907 633 2148 685; x_wconf 81' lang='lat' dir='ltr'><strong>sciamus</strong></span> <span class='ocrx_word' id='word_1_27' title='bbox 2171 629 2293 700; x_wconf 82' lang='lat' dir='ltr'><strong>qui-</strong></span> 
     </span>
    </p>
   </div>
   <div class='ocr_carea' id='block_1_6' title="bbox 719 724 2293 802">
    <p class='ocr_par' dir='ltr' id='par_1_6' title="bbox 719 724 2293 802">
     <span class='ocr_line' id='line_1_6' title="bbox 719 724 2293 802; baseline -0.006 -15"><span class='ocrx_word' id='word_1_28' title='bbox 719 735 864 794; x_wconf 89' lang='lat' dir='ltr'><strong>dem,</strong></span> <span class='ocrx_word' id='word_1_29' title='bbox 895 746 999 802; x_wconf 89' lang='lat' dir='ltr'><strong>qua</strong></span> <span class='ocrx_word' id='word_1_30' title='bbox 1041 732 1106 786; x_wconf 91' lang='lat' dir='ltr'><strong>de</strong></span> <span class='ocrx_word' id='word_1_31' title='bbox 1149 745 1308 783; x_wconf 87' lang='lat' dir='ltr'><strong>causa</strong></span> <span class='ocrx_word' id='word_1_32' title='bbox 1345 728 1517 782; x_wconf 85' lang='lat' dir='ltr'><strong>sancti</strong></span> <span class='ocrx_word' id='word_1_33' title='bbox 1547 726 1779 780; x_wconf 58' lang='lat' dir='ltr'><strong>Matthxi</strong></span> <span class='ocrx_word' id='word_1_34' title='bbox 1808 728 2070 780; x_wconf 90' lang='lat' dir='ltr'><strong>memoria</strong></span> <span class='ocrx_word' id='word_1_35' title='bbox 2097 726 2150 778; x_wconf 93' lang='lat' dir='ltr'><strong>in</strong></span> <span class='ocrx_word' id='word_1_36' title='bbox 2175 724 2293 778; x_wconf 86' lang='lat' dir='ltr'><strong>aliis</strong></span> 
     </span>
    </p>
   </div>
   <div class='ocr_carea' id='block_1_7' title="bbox 719 815 2289 886">
    <p class='ocr_par' dir='ltr' id='par_1_7' title="bbox 719 815 2289 886">
     <span class='ocr_line' id='line_1_7' title="bbox 719 815 2289 886; baseline -0.008 -7"><span class='ocrx_word' id='word_1_37' title='bbox 719 825 896 879; x_wconf 82' lang='lat' dir='ltr'><strong>Fastis</strong></span> <span class='ocrx_word' id='word_1_38' title='bbox 930 823 1090 877; x_wconf 91' lang='lat' dir='ltr'><strong>toties</strong></span> <span class='ocrx_word' id='word_1_39' title='bbox 1121 821 1285 874; x_wconf 92' lang='lat' dir='ltr'><strong>fuerit</strong></span> <span class='ocrx_word' id='word_1_40' title='bbox 1322 820 1577 886; x_wconf 86' lang='lat' dir='ltr'><strong>repetita.</strong></span> <span class='ocrx_word' id='word_1_41' title='bbox 1638 815 1917 884; x_wconf 86' lang='lat' dir='ltr'><strong>Suspieari</strong></span> <span class='ocrx_word' id='word_1_42' title='bbox 1979 829 2289 883; x_wconf 89' lang='lat' dir='ltr'><strong>possumus,</strong></span> 
     </span>
    </p>
   </div>
   <div class='ocr_carea' id='block_1_8' title="bbox 715 906 2293 986">
    <p class='ocr_par' dir='ltr' id='par_1_8' title="bbox 715 906 2293 986">
     <span class='ocr_line' id='line_1_8' title="bbox 715 906 2293 986; baseline -0.009 -16"><span class='ocrx_word' id='word_1_43' title='bbox 715 919 930 986; x_wconf 88' lang='lat' dir='ltr'><strong>priores</strong></span> <span class='ocrx_word' id='word_1_44' title='bbox 959 913 1202 982; x_wconf 91' lang='lat' dir='ltr'><strong>corporis</strong></span> <span class='ocrx_word' id='word_1_45' title='bbox 1236 910 1643 970; x_wconf 86' lang='lat' dir='ltr'><strong>translationes,</strong></span> <span class='ocrx_word' id='word_1_46' title='bbox 1675 919 1931 976; x_wconf 89' lang='lat' dir='ltr'><strong>ortasque</strong></span> <span class='ocrx_word' id='word_1_47' title='bbox 1970 908 2094 960; x_wconf 88' lang='lat' dir='ltr'><strong>inde</strong></span> <span class='ocrx_word' id='word_1_48' title='bbox 2136 906 2293 959; x_wconf 83' lang='lat' dir='ltr'><strong>festi-</strong></span> 
     </span>
    </p>
   </div>
   <div class='ocr_carea' id='block_1_9' title="bbox 721 1000 2290 1077">
    <p class='ocr_par' dir='ltr' id='par_1_9' title="bbox 721 1000 2290 1077">
     <span class='ocr_line' id='line_1_9' title="bbox 721 1000 2290 1077; baseline -0.007 -15"><span class='ocrx_word' id='word_1_49' title='bbox 721 1013 919 1065; x_wconf 81' lang='lat' dir='ltr'><strong>vitales</strong></span> <span class='ocrx_word' id='word_1_50' title='bbox 974 1008 1288 1077; x_wconf 86' lang='lat' dir='ltr'><strong>designari;</strong></span> <span class='ocrx_word' id='word_1_51' title='bbox 1335 1003 1427 1058; x_wconf 87' lang='lat' dir='ltr'><strong>sed</strong></span> <span class='ocrx_word' id='word_1_52' title='bbox 1464 1019 1565 1056; x_wconf 89' lang='lat' dir='ltr'><strong>nec</strong></span> <span class='ocrx_word' id='word_1_53' title='bbox 1616 1001 1685 1056; x_wconf 87' lang='lat' dir='ltr'><strong>de</strong></span> <span class='ocrx_word' id='word_1_54' title='bbox 1743 1011 1990 1072; x_wconf 87' lang='lat' dir='ltr'><strong>tempore</strong></span> <span class='ocrx_word' id='word_1_55' title='bbox 2041 1000 2290 1069; x_wconf 82' lang='lat' dir='ltr'><strong>priorum</strong></span> 
     </span>
    </p>
   </div>
   <div class='ocr_carea' id='block_1_10' title="bbox 717 1093 2296 1164">
    <p class='ocr_par' dir='ltr' id='par_1_10' title="bbox 717 1093 2296 1164">
     <span class='ocr_line' id='line_1_10' title="bbox 717 1093 2296 1164; baseline -0.007 -8"><span class='ocrx_word' id='word_1_56' title='bbox 717 1103 1140 1158; x_wconf 89' lang='lat' dir='ltr'><strong>translationum</strong></span> <span class='ocrx_word' id='word_1_57' title='bbox 1198 1101 1331 1152; x_wconf 80' lang='lat' dir='ltr'><strong>satis</strong></span> <span class='ocrx_word' id='word_1_58' title='bbox 1379 1105 1617 1158; x_wconf 89' lang='lat' dir='ltr'><strong>constat,</strong></span> <span class='ocrx_word' id='word_1_59' title='bbox 1652 1109 1755 1149; x_wconf 87' lang='lat' dir='ltr'><strong>nec</strong></span> <span class='ocrx_word' id='word_1_60' title='bbox 1795 1093 2071 1164; x_wconf 85' lang='lat' dir='ltr'><strong>designari</strong></span> <span class='ocrx_word' id='word_1_61' title='bbox 2116 1100 2296 1160; x_wconf 78' lang='lat' dir='ltr'><strong>potest</strong></span> 
     </span>
    </p>
   </div>
   <div class='ocr_carea' id='block_1_11' title="bbox 715 1184 2290 1262">
    <p class='ocr_par' dir='ltr' id='par_1_11' title="bbox 715 1184 2290 1262">
     <span class='ocr_line' id='line_1_11' title="bbox 715 1184 2290 1262; baseline -0.01 -10"><span class='ocrx_word' id='word_1_62' title='bbox 715 1212 781 1252; x_wconf 83' lang='lat' dir='ltr'><strong>ea</strong></span> <span class='ocrx_word' id='word_1_63' title='bbox 815 1194 1127 1257; x_wconf 82' lang='lat' dir='ltr'><strong>translatio,</strong></span> <span class='ocrx_word' id='word_1_64' title='bbox 1154 1207 1256 1262; x_wconf 83' lang='lat' dir='ltr'><strong>qua</strong></span> <span class='ocrx_word' id='word_1_65' title='bbox 1296 1191 1467 1245; x_wconf 92' lang='lat' dir='ltr'><strong>sancti</strong></span> <span class='ocrx_word' id='word_1_66' title='bbox 1501 1204 1702 1258; x_wconf 91' lang='lat' dir='ltr'><strong>corpus</strong></span> <span class='ocrx_word' id='word_1_67' title='bbox 1736 1195 2068 1255; x_wconf 86' lang='lat' dir='ltr'><strong>acceperunt</strong></span> <span class='ocrx_word' id='word_1_68' title='bbox 2109 1184 2290 1238; x_wconf 86' lang='lat' dir='ltr'><strong>Saler-</strong></span> 
     </span>
    </p>
   </div>
   <div class='ocr_carea' id='block_1_12' title="bbox 715 1275 2290 1352">
    <p class='ocr_par' dir='ltr' id='par_1_12' title="bbox 715 1275 2290 1352">
     <span class='ocr_line' id='line_1_12' title="bbox 715 1275 2290 1352; baseline -0.011 -8"><span class='ocrx_word' id='word_1_69' title='bbox 715 1288 916 1352; x_wconf 90' lang='lat' dir='ltr'><strong>nitani,</strong></span> <span class='ocrx_word' id='word_1_70' title='bbox 954 1302 1078 1341; x_wconf 89' lang='lat' dir='ltr'><strong>cum</strong></span> <span class='ocrx_word' id='word_1_71' title='bbox 1135 1287 1250 1338; x_wconf 63' lang='lat' dir='ltr'><strong>haec</strong></span> <span class='ocrx_word' id='word_1_72' title='bbox 1308 1282 1542 1336; x_wconf 77' lang='lat' dir='ltr'><strong>laudatis</strong></span> <span class='ocrx_word' id='word_1_73' title='bbox 1583 1278 1982 1350; x_wconf 77' lang='lat' dir='ltr'><strong>Martyrologiis</strong></span> <span class='ocrx_word' id='word_1_74' title='bbox 2020 1277 2179 1347; x_wconf 87' lang='lat' dir='ltr'><strong>longe</strong></span> <span class='ocrx_word' id='word_1_75' title='bbox 2221 1275 2290 1330; x_wconf 91' lang='lat' dir='ltr'><strong>sit</strong></span> 
     </span>
    </p>
   </div>
   <div class='ocr_carea' id='block_1_13' title="bbox 715 1370 2289 1454">
    <p class='ocr_par' dir='ltr' id='par_1_13' title="bbox 715 1370 2289 1454">
     <span class='ocr_line' id='line_1_13' title="bbox 715 1370 2289 1454; baseline -0.008 -19"><span class='ocrx_word' id='word_1_76' title='bbox 715 1381 1006 1454; x_wconf 82' lang='lat' dir='ltr'><strong>posterior.</strong></span> <span class='ocrx_word' id='word_1_77' title='bbox 1051 1379 1303 1430; x_wconf 91' lang='lat' dir='ltr'><strong>Attamen</strong></span> <span class='ocrx_word' id='word_1_78' title='bbox 1361 1372 1704 1428; x_wconf 87' lang='lat' dir='ltr'><strong>Salernitana</strong></span> <span class='ocrx_word' id='word_1_79' title='bbox 1768 1370 2052 1424; x_wconf 86' lang='lat' dir='ltr'><strong>translatio</strong></span> <span class='ocrx_word' id='word_1_80' title='bbox 2097 1383 2289 1423; x_wconf 85' lang='lat' dir='ltr'><strong>recen-</strong></span> 
     </span>
    </p>
   </div>
   <div class='ocr_carea' id='block_1_14' title="bbox 715 1459 2291 1527">
    <p class='ocr_par' dir='ltr' id='par_1_14' title="bbox 715 1459 2291 1527">
     <span class='ocr_line' id='line_1_14' title="bbox 715 1459 2291 1527; baseline -0.009 -2"><span class='ocrx_word' id='word_1_81' title='bbox 715 1471 947 1527; x_wconf 84' lang='lat' dir='ltr'><strong>tioribus</strong></span> <span class='ocrx_word' id='word_1_82' title='bbox 987 1467 1165 1522; x_wconf 86' lang='lat' dir='ltr'><strong>Fastis</strong></span> <span class='ocrx_word' id='word_1_83' title='bbox 1211 1469 1414 1519; x_wconf 88' lang='lat' dir='ltr'><strong>inserta</strong></span> <span class='ocrx_word' id='word_1_84' title='bbox 1466 1471 1570 1519; x_wconf 88' lang='lat' dir='ltr'><strong>est.</strong></span> <span class='ocrx_word' id='word_1_85' title='bbox 1611 1462 1666 1515; x_wconf 89' lang='lat' dir='ltr'><strong>In</strong></span> <span class='ocrx_word' id='word_1_86' title='bbox 1723 1477 1826 1514; x_wconf 91' lang='lat' dir='ltr'><strong>ms.</strong></span> <span class='ocrx_word' id='word_1_87' title='bbox 1873 1459 2116 1514; x_wconf 84' lang='lat' dir='ltr'><strong>Florario</strong></span> <span class='ocrx_word' id='word_1_88' title='bbox 2161 1475 2291 1513; x_wconf 83' lang='lat' dir='ltr'><strong>san-</strong></span> 
     </span>
    </p>
   </div>
   <div class='ocr_carea' id='block_1_15' title="bbox 715 1551 2293 1623">
    <p class='ocr_par' dir='ltr' id='par_1_15' title="bbox 715 1551 2293 1623">
     <span class='ocr_line' id='line_1_15' title="bbox 715 1551 2293 1623; baseline -0.011 -3"><span class='ocrx_word' id='word_1_89' title='bbox 715 1575 930 1620; x_wconf 84' lang='lat' dir='ltr'><strong>ctorum</strong></span> <span class='ocrx_word' id='word_1_90' title='bbox 966 1577 1029 1615; x_wconf 89' lang='lat' dir='ltr'><strong>ea</strong></span> <span class='ocrx_word' id='word_1_91' title='bbox 1068 1565 1532 1614; x_wconf 84' lang='lat' dir='ltr'><strong>commemoratur</strong></span> <span class='ocrx_word' id='word_1_92' title='bbox 1559 1555 1624 1608; x_wconf 90' lang='lat' dir='ltr'><strong>ad</strong></span> <span class='ocrx_word' id='word_1_93' title='bbox 1651 1554 1719 1606; x_wconf 66' lang='lat'>98</span> <span class='ocrx_word' id='word_1_94' title='bbox 1743 1553 1966 1623; x_wconf 81' lang='lat' dir='ltr'><strong>Aprilis,</strong></span> <span class='ocrx_word' id='word_1_95' title='bbox 2023 1561 2081 1605; x_wconf 91' lang='lat' dir='ltr'><strong>ut</strong></span> <span class='ocrx_word' id='word_1_96' title='bbox 2109 1552 2182 1604; x_wconf 90' lang='lat' dir='ltr'><strong>ibi</strong></span> <span class='ocrx_word' id='word_1_97' title='bbox 2212 1551 2293 1603; x_wconf 91' lang='lat' dir='ltr'><strong>di-</strong></span> 
     </span>
    </p>
   </div>
   <div class='ocr_carea' id='block_1_16' title="bbox 713 1643 2291 1716">
    <p class='ocr_par' dir='ltr' id='par_1_16' title="bbox 713 1643 2291 1716">
     <span class='ocr_line' id='line_1_16' title="bbox 713 1643 2291 1716; baseline -0.01 -4"><span class='ocrx_word' id='word_1_98' title='bbox 713 1668 861 1712; x_wconf 86' lang='lat' dir='ltr'><strong>ctum</strong></span> <span class='ocrx_word' id='word_1_99' title='bbox 901 1653 1067 1708; x_wconf 86' lang='lat' dir='ltr'><strong>estin</strong></span> <span class='ocrx_word' id='word_1_100' title='bbox 1116 1648 1523 1704; x_wconf 72' lang='lat' dir='ltr'><strong>Praetermissis.</strong></span> <span class='ocrx_word' id='word_1_101' title='bbox 1576 1647 1635 1700; x_wconf 89' lang='lat' dir='ltr'><strong>ln</strong></span> <span class='ocrx_word' id='word_1_102' title='bbox 1689 1644 2063 1716; x_wconf 79' lang='lat' dir='ltr'><strong>Hagenovensi</strong></span> <span class='ocrx_word' id='word_1_103' title='bbox 2105 1643 2291 1697; x_wconf 81' lang='lat' dir='ltr'><strong>codice</strong></span> 
     </span>
    </p>
   </div>
   <div class='ocr_carea' id='block_1_17' title="bbox 715 1738 2291 1813">
    <p class='ocr_par' dir='ltr' id='par_1_17' title="bbox 715 1738 2291 1813">
     <span class='ocr_line' id='line_1_17' title="bbox 715 1738 2291 1813; baseline -0.01 -9"><span class='ocrx_word' id='word_1_104' title='bbox 715 1746 1013 1804; x_wconf 84' lang='lat' dir='ltr'><strong>Usuardini</strong></span> <span class='ocrx_word' id='word_1_105' title='bbox 1067 1743 1430 1813; x_wconf 78' lang='lat' dir='ltr'><strong>Martyrologii</strong></span> <span class='ocrx_word' id='word_1_106' title='bbox 1493 1741 1682 1796; x_wconf 87' lang='lat' dir='ltr'><strong>eadem</strong></span> <span class='ocrx_word' id='word_1_107' title='bbox 1722 1738 2008 1794; x_wconf 85' lang='lat' dir='ltr'><strong>translatio</strong></span> <span class='ocrx_word' id='word_1_108' title='bbox 2072 1751 2291 1789; x_wconf 86' lang='lat' dir='ltr'><strong>annun-</strong></span> 
     </span>
    </p>
   </div>
   <div class='ocr_carea' id='block_1_18' title="bbox 717 1823 2292 1904">
    <p class='ocr_par' dir='ltr' id='par_1_18' title="bbox 717 1823 2292 1904">
     <span class='ocr_line' id='line_1_18' title="bbox 717 1823 2292 1904; baseline -0.01 -10"><span class='ocrx_word' id='word_1_109' title='bbox 717 1841 888 1896; x_wconf 87' lang='lat' dir='ltr'><strong>tiatur</strong></span> <span class='ocrx_word' id='word_1_110' title='bbox 910 1838 977 1892; x_wconf 88' lang='lat' dir='ltr'><strong>ad</strong></span> <span class='ocrx_word' id='word_1_111' title='bbox 1017 1836 1050 1891; x_wconf 88' lang='lat'><strong><em>6</em></strong></span> <span class='ocrx_word' id='word_1_112' title='bbox 1087 1835 1234 1898; x_wconf 81' lang='lat' dir='ltr'><strong>Maii,</strong></span> <span class='ocrx_word' id='word_1_113' title='bbox 1273 1832 1736 1904; x_wconf 79' lang='lat' dir='ltr'><strong>quemadmodum</strong></span> <span class='ocrx_word' id='word_1_114' title='bbox 1767 1837 1821 1883; x_wconf 92' lang='lat' dir='ltr'><strong>et</strong></span> <span class='ocrx_word' id='word_1_115' title='bbox 1847 1828 1899 1880; x_wconf 93' lang='lat' dir='ltr'><strong>in</strong></span> <span class='ocrx_word' id='word_1_116' title='bbox 1935 1826 2122 1880; x_wconf 88' lang='lat' dir='ltr'><strong>codice</strong></span> <span class='ocrx_word' id='word_1_117' title='bbox 2145 1823 2292 1878; x_wconf 74' lang='lat' dir='ltr'><strong>Vati-</strong></span> 
     </span>
    </p>
   </div>
   <div class='ocr_carea' id='block_1_19' title="bbox 715 1918 2290 2000">
    <p class='ocr_par' dir='ltr' id='par_1_19' title="bbox 715 1918 2290 2000">
     <span class='ocr_line' id='line_1_19' title="bbox 715 1918 2290 2000; baseline -0.01 -14"><span class='ocrx_word' id='word_1_118' title='bbox 715 1948 874 1995; x_wconf 86' lang='lat' dir='ltr'><strong>cano,</strong></span> <span class='ocrx_word' id='word_1_119' title='bbox 907 1931 999 2000; x_wconf 88' lang='lat' dir='ltr'><strong>qui</strong></span> <span class='ocrx_word' id='word_1_120' title='bbox 1035 1930 1112 1983; x_wconf 92' lang='lat' dir='ltr'><strong>sic</strong></span> <span class='ocrx_word' id='word_1_121' title='bbox 1146 1929 1310 1982; x_wconf 78' lang='lat' dir='ltr'><strong>habet</strong></span> <span class='ocrx_word' id='word_1_122' title='bbox 1350 1942 1363 1977; x_wconf 87' lang='lat'><strong>:</strong></span> <span class='ocrx_word' id='word_1_123' title='bbox 1396 1943 1412 1975; x_wconf 76' lang='grc' dir='ltr'>ι</span> <span class='ocrx_word' id='word_1_124' title='bbox 1460 1924 1614 1994; x_wconf 92' lang='lat' dir='ltr'><strong>Apud</strong></span> <span class='ocrx_word' id='word_1_125' title='bbox 1651 1923 1964 1986; x_wconf 83' lang='lat' dir='ltr'><strong>Salernum,</strong></span> <span class='ocrx_word' id='word_1_126' title='bbox 2002 1918 2290 1974; x_wconf 86' lang='lat' dir='ltr'><strong>translatio</strong></span> 
     </span>
    </p>
   </div>
   <div class='ocr_carea' id='block_1_20' title="bbox 715 2015 2292 2088">
    <p class='ocr_par' dir='ltr' id='par_1_20' title="bbox 715 2015 2292 2088">
     <span class='ocr_line' id='line_1_20' title="bbox 715 2015 2292 2088; baseline -0.009 -8"><span class='ocrx_word' id='word_1_127' title='bbox 715 2025 889 2080; x_wconf 83' lang='lat' dir='ltr'><strong>sancti</strong></span> <span class='ocrx_word' id='word_1_128' title='bbox 938 2021 1176 2076; x_wconf 79' lang='lat' dir='ltr'><strong>Matthaei</strong></span> <span class='ocrx_word' id='word_1_129' title='bbox 1227 2017 1457 2088; x_wconf 87' lang='lat' dir='ltr'><strong>apostoli</strong></span> <span class='ocrx_word' id='word_1_130' title='bbox 1512 2027 1566 2071; x_wconf 90' lang='lat' dir='ltr'><strong>et</strong></span> <span class='ocrx_word' id='word_1_131' title='bbox 1607 2015 1968 2086; x_wconf 72' lang='lat' dir='ltr'><strong>evangelistae.</strong></span> <span class='ocrx_word' id='word_1_132' title='bbox 2003 2034 2020 2066; x_wconf 75' lang='grc' dir='ltr'><strong>ι</strong></span> <span class='ocrx_word' id='word_1_133' title='bbox 2058 2015 2292 2069; x_wconf 82' lang='lat' dir='ltr'><strong>Secutus</strong></span> 
     </span>
    </p>
   </div>
   <div class='ocr_carea' id='block_1_21' title="bbox 714 2104 2288 2182">
    <p class='ocr_par' dir='ltr' id='par_1_21' title="bbox 714 2104 2288 2182">
     <span class='ocr_line' id='line_1_21' title="bbox 714 2104 2288 2182; baseline -0.009 -12"><span class='ocrx_word' id='word_1_134' title='bbox 714 2128 800 2172; x_wconf 84' lang='lat' dir='ltr'><strong>est</strong></span> <span class='ocrx_word' id='word_1_135' title='bbox 849 2117 1142 2178; x_wconf 85' lang='lat' dir='ltr'><strong>Baronius,</strong></span> <span class='ocrx_word' id='word_1_136' title='bbox 1186 2111 1280 2182; x_wconf 89' lang='lat' dir='ltr'><strong>qui</strong></span> <span class='ocrx_word' id='word_1_137' title='bbox 1316 2111 1394 2164; x_wconf 90' lang='lat' dir='ltr'><strong>sic</strong></span> <span class='ocrx_word' id='word_1_138' title='bbox 1436 2110 1601 2164; x_wconf 86' lang='lat' dir='ltr'><strong>habet</strong></span> <span class='ocrx_word' id='word_1_139' title='bbox 1649 2111 1704 2163; x_wconf 93' lang='lat' dir='ltr'><strong>in</strong></span> <span class='ocrx_word' id='word_1_140' title='bbox 1744 2107 2125 2178; x_wconf 82' lang='lat' dir='ltr'><strong>Martyrologio</strong></span> <span class='ocrx_word' id='word_1_141' title='bbox 2181 2104 2288 2157; x_wconf 78' lang='lat' dir='ltr'><strong>Ro-</strong></span> 
     </span>
    </p>
   </div>
   <div class='ocr_carea' id='block_1_22' title="bbox 717 2197 2294 2270">
    <p class='ocr_par' dir='ltr' id='par_1_22' title="bbox 717 2197 2294 2270">
     <span class='ocr_line' id='line_1_22' title="bbox 717 2197 2294 2270; baseline -0.013 -3"><span class='ocrx_word' id='word_1_142' title='bbox 717 2225 926 2267; x_wconf 88' lang='lat' dir='ltr'><strong>mano:</strong></span> <span class='ocrx_word' id='word_1_143' title='bbox 974 2227 991 2260; x_wconf 72' lang='lat' dir='ltr'><strong>c</strong></span> <span class='ocrx_word' id='word_1_144' title='bbox 1037 2206 1272 2270; x_wconf 85' lang='lat' dir='ltr'><strong>Salerni,</strong></span> <span class='ocrx_word' id='word_1_145' title='bbox 1324 2204 1611 2257; x_wconf 87' lang='lat' dir='ltr'><strong>translatio</strong></span> <span class='ocrx_word' id='word_1_146' title='bbox 1659 2201 1832 2254; x_wconf 88' lang='lat' dir='ltr'><strong>sancti</strong></span> <span class='ocrx_word' id='word_1_147' title='bbox 1867 2197 2103 2253; x_wconf 64' lang='lat' dir='ltr'><strong>Matthaei</strong></span> <span class='ocrx_word' id='word_1_148' title='bbox 2159 2212 2294 2267; x_wconf 78' lang='lat' dir='ltr'><strong>apo-</strong></span> 
     </span>
    </p>
   </div>
   <div class='ocr_carea' id='block_1_23' title="bbox 715 2287 2290 2368">
    <p class='ocr_par' dir='ltr' id='par_1_23' title="bbox 715 2287 2290 2368">
     <span class='ocr_line' id='line_1_23' title="bbox 715 2287 2290 2368; baseline -0.009 -12"><span class='ocrx_word' id='word_1_149' title='bbox 715 2305 863 2365; x_wconf 90' lang='lat' dir='ltr'><strong>stoli,</strong></span> <span class='ocrx_word' id='word_1_150' title='bbox 897 2301 1055 2368; x_wconf 80' lang='lat' dir='ltr'><strong>cujus</strong></span> <span class='ocrx_word' id='word_1_151' title='bbox 1109 2313 1324 2351; x_wconf 88' lang='lat' dir='ltr'><strong>sacrum</strong></span> <span class='ocrx_word' id='word_1_152' title='bbox 1382 2308 1584 2364; x_wconf 86' lang='lat' dir='ltr'><strong>corpus</strong></span> <span class='ocrx_word' id='word_1_153' title='bbox 1635 2294 1761 2347; x_wconf 82' lang='lat' dir='ltr'><strong>oliui</strong></span> <span class='ocrx_word' id='word_1_154' title='bbox 1805 2307 1871 2346; x_wconf 83' lang='lat' dir='ltr'><strong>ex</strong></span> <span class='ocrx_word' id='word_1_155' title='bbox 1903 2289 2185 2360; x_wconf 58' lang='lat' dir='ltr'><strong>Ethiopia</strong></span> <span class='ocrx_word' id='word_1_156' title='bbox 2226 2287 2290 2342; x_wconf 87' lang='lat' dir='ltr'><strong>ad</strong></span> 
     </span>
    </p>
   </div>
   <div class='ocr_carea' id='block_1_24' title="bbox 716 2381 2291 2460">
    <p class='ocr_par' dir='ltr' id='par_1_24' title="bbox 716 2381 2291 2460">
     <span class='ocr_line' id='line_1_24' title="bbox 716 2381 2291 2460; baseline -0.01 -13"><span class='ocrx_word' id='word_1_157' title='bbox 716 2394 962 2448; x_wconf 76' lang='lat' dir='ltr'><strong>diversas</strong></span> <span class='ocrx_word' id='word_1_158' title='bbox 989 2392 1266 2460; x_wconf 74' lang='lat' dir='ltr'><strong>regiones,</strong></span> <span class='ocrx_word' id='word_1_159' title='bbox 1305 2396 1359 2441; x_wconf 87' lang='lat' dir='ltr'><strong>et</strong></span> <span class='ocrx_word' id='word_1_160' title='bbox 1392 2388 1614 2440; x_wconf 90' lang='lat' dir='ltr'><strong>demum</strong></span> <span class='ocrx_word' id='word_1_161' title='bbox 1651 2385 1718 2439; x_wconf 87' lang='lat' dir='ltr'><strong>ad</strong></span> <span class='ocrx_word' id='word_1_162' title='bbox 1745 2399 1865 2437; x_wconf 86' lang='lat' dir='ltr'><strong>eam</strong></span> <span class='ocrx_word' id='word_1_163' title='bbox 1915 2385 2106 2437; x_wconf 86' lang='lat' dir='ltr'><strong>urbem</strong></span> <span class='ocrx_word' id='word_1_164' title='bbox 2140 2381 2291 2434; x_wconf 86' lang='lat' dir='ltr'><strong>dela-</strong></span> 
     </span>
    </p>
   </div>
   <div class='ocr_carea' id='block_1_25' title="bbox 717 2474 2293 2550">
    <p class='ocr_par' dir='ltr' id='par_1_25' title="bbox 717 2474 2293 2550">
     <span class='ocr_line' id='line_1_25' title="bbox 717 2474 2293 2550; baseline -0.01 -10"><span class='ocrx_word' id='word_1_165' title='bbox 717 2499 855 2550; x_wconf 91' lang='lat' dir='ltr'><strong>tum,</strong></span> <span class='ocrx_word' id='word_1_166' title='bbox 886 2485 1086 2538; x_wconf 84' lang='lat' dir='ltr'><strong>ibidem</strong></span> <span class='ocrx_word' id='word_1_167' title='bbox 1123 2483 1177 2534; x_wconf 94' lang='lat' dir='ltr'><strong>in</strong></span> <span class='ocrx_word' id='word_1_168' title='bbox 1206 2480 1436 2534; x_wconf 84' lang='lat' dir='ltr'><strong>ecclesia</strong></span> <span class='ocrx_word' id='word_1_169' title='bbox 1469 2479 1590 2545; x_wconf 77' lang='lat' dir='ltr'><strong>ejus</strong></span> <span class='ocrx_word' id='word_1_170' title='bbox 1618 2476 1843 2528; x_wconf 90' lang='lat' dir='ltr'><strong>nomine</strong></span> <span class='ocrx_word' id='word_1_171' title='bbox 1875 2474 2053 2528; x_wconf 88' lang='lat' dir='ltr'><strong>dicata</strong></span> <span class='ocrx_word' id='word_1_172' title='bbox 2075 2488 2293 2526; x_wconf 90' lang='lat' dir='ltr'><strong>summo</strong></span> 
     </span>
    </p>
   </div>
   <div class='ocr_carea' id='block_1_26' title="bbox 717 2564 2292 2635">
    <p class='ocr_par' dir='ltr' id='par_1_26' title="bbox 717 2564 2292 2635">
     <span class='ocr_line' id='line_1_26' title="bbox 717 2564 2292 2635; baseline -0.012 -1"><span class='ocrx_word' id='word_1_173' title='bbox 717 2580 927 2634; x_wconf 90' lang='lat' dir='ltr'><strong>honore</strong></span> <span class='ocrx_word' id='word_1_174' title='bbox 954 2573 1236 2627; x_wconf 86' lang='lat' dir='ltr'><strong>cunditum</strong></span> <span class='ocrx_word' id='word_1_175' title='bbox 1277 2571 1398 2626; x_wconf 91' lang='lat' dir='ltr'><strong>fuit.</strong></span> <span class='ocrx_word' id='word_1_176' title='bbox 1453 2588 1469 2620; x_wconf 72' lang='grc' dir='ltr'><strong><em>ι</em></strong></span> <span class='ocrx_word' id='word_1_177' title='bbox 1506 2564 2024 2622; x_wconf 79' lang='lat' dir='ltr'><strong>Consonantoﬂicia</strong></span> <span class='ocrx_word' id='word_1_178' title='bbox 2072 2568 2292 2635; x_wconf 85' lang='lat' dir='ltr'><strong>propria</strong></span> 
     </span>
    </p>
   </div>
   <div class='ocr_carea' id='block_1_27' title="bbox 716 2658 2294 2731">
    <p class='ocr_par' dir='ltr' id='par_1_27' title="bbox 716 2658 2294 2731">
     <span class='ocr_line' id='line_1_27' title="bbox 716 2658 2294 2731; baseline -0.011 -6"><span class='ocrx_word' id='word_1_179' title='bbox 716 2669 975 2725; x_wconf 70' lang='lat' dir='ltr'><strong>Ecclesia:</strong></span> <span class='ocrx_word' id='word_1_180' title='bbox 1024 2663 1406 2725; x_wconf 70' lang='lat' dir='ltr'><strong>Salernitanae,</strong></span> <span class='ocrx_word' id='word_1_181' title='bbox 1457 2677 1584 2731; x_wconf 65' lang='lat' dir='ltr'><strong>qua:</strong></span> <span class='ocrx_word' id='word_1_182' title='bbox 1639 2660 1838 2714; x_wconf 65' lang='lat' dir='ltr'><strong>saeculo</strong></span> <span class='ocrx_word' id='word_1_183' title='bbox 1885 2673 1968 2710; x_wconf 75' lang='grc' dir='ltr'><strong>ινι</strong></span> <span class='ocrx_word' id='word_1_184' title='bbox 2029 2658 2294 2726; x_wconf 88' lang='lat' dir='ltr'><strong>impressa</strong></span> 
     </span>
    </p>
   </div>
   <div class='ocr_carea' id='block_1_28' title="bbox 718 2750 2295 2817">
    <p class='ocr_par' dir='ltr' id='par_1_28' title="bbox 718 2750 2295 2817">
     <span class='ocr_line' id='line_1_28' title="bbox 718 2750 2295 2817; baseline -0.01 0"><span class='ocrx_word' id='word_1_185' title='bbox 718 2763 1024 2817; x_wconf 86' lang='lat' dir='ltr'><strong>habemus:</strong></span> <span class='ocrx_word' id='word_1_186' title='bbox 1065 2758 1118 2810; x_wconf 93' lang='lat' dir='ltr'><strong>in</strong></span> <span class='ocrx_word' id='word_1_187' title='bbox 1150 2757 1216 2809; x_wconf 89' lang='lat' dir='ltr'><strong>iis</strong></span> <span class='ocrx_word' id='word_1_188' title='bbox 1250 2754 1394 2808; x_wconf 91' lang='lat' dir='ltr'><strong>enim</strong></span> <span class='ocrx_word' id='word_1_189' title='bbox 1429 2762 1652 2807; x_wconf 89' lang='lat' dir='ltr'><strong>notatur</strong></span> <span class='ocrx_word' id='word_1_190' title='bbox 1684 2751 1933 2804; x_wconf 87' lang='lat' dir='ltr'><strong>Ollicium</strong></span> <span class='ocrx_word' id='word_1_191' title='bbox 1981 2750 2295 2803; x_wconf 89' lang='lat' dir='ltr'><strong>translatio-</strong></span> 
     </span>
    </p>
   </div>
   <div class='ocr_carea' id='block_1_29' title="bbox 721 2843 2292 2908">
    <p class='ocr_par' dir='ltr' id='par_1_29' title="bbox 721 2843 2292 2908">
     <span class='ocr_line' id='line_1_29' title="bbox 721 2843 2292 2908; baseline -0.009 0"><span class='ocrx_word' id='word_1_192' title='bbox 721 2854 807 2908; x_wconf 85' lang='lat' dir='ltr'><strong>nis</strong></span> <span class='ocrx_word' id='word_1_193' title='bbox 832 2868 955 2906; x_wconf 88' lang='lat' dir='ltr'><strong>cum</strong></span> <span class='ocrx_word' id='word_1_194' title='bbox 986 2857 1176 2904; x_wconf 76' lang='lat' dir='ltr'><strong>octava</strong></span> <span class='ocrx_word' id='word_1_195' title='bbox 1209 2848 1277 2902; x_wconf 80' lang='lat' dir='ltr'><strong>ad</strong></span> <span class='ocrx_word' id='word_1_196' title='bbox 1305 2848 1336 2902; x_wconf 89' lang='lat'><strong>6</strong></span> <span class='ocrx_word' id='word_1_197' title='bbox 1367 2846 1512 2902; x_wconf 85' lang='lat' dir='ltr'><strong>Maii.</strong></span> <span class='ocrx_word' id='word_1_198' title='bbox 1541 2846 1600 2899; x_wconf 87' lang='lat' dir='ltr'><strong>ltt</strong></span> <span class='ocrx_word' id='word_1_199' title='bbox 1647 2847 1866 2900; x_wconf 85' lang='lat' dir='ltr'><strong>laudato</strong></span> <span class='ocrx_word' id='word_1_200' title='bbox 1897 2843 2146 2897; x_wconf 83' lang='lat' dir='ltr'><strong>Florario</strong></span> <span class='ocrx_word' id='word_1_201' title='bbox 2190 2857 2292 2895; x_wconf 89' lang='lat' dir='ltr'><strong>ms.</strong></span> 
     </span>
    </p>
   </div>
   <div class='ocr_carea' id='block_1_30' title="bbox 717 2934 2292 3000">
    <p class='ocr_par' dir='ltr' id='par_1_30' title="bbox 717 2934 2292 3000">
     <span class='ocr_line' id='line_1_30' title="bbox 717 2934 2292 3000; baseline -0.006 -2"><span class='ocrx_word' id='word_1_202' title='bbox 717 2947 910 3000; x_wconf 86' lang='lat' dir='ltr'><strong>eodem</strong></span> <span class='ocrx_word' id='word_1_203' title='bbox 955 2943 1046 2997; x_wconf 91' lang='lat' dir='ltr'><strong>die</strong></span> <span class='ocrx_word' id='word_1_204' title='bbox 1080 2951 1303 2994; x_wconf 88' lang='lat' dir='ltr'><strong>notatur</strong></span> <span class='ocrx_word' id='word_1_205' title='bbox 1352 2939 1639 2992; x_wconf 82' lang='lat' dir='ltr'><strong>translatio</strong></span> <span class='ocrx_word' id='word_1_206' title='bbox 1685 2938 1858 2992; x_wconf 92' lang='lat' dir='ltr'><strong>sancti</strong></span> <span class='ocrx_word' id='word_1_207' title='bbox 1908 2935 2166 2998; x_wconf 66' lang='lat' dir='ltr'><strong>Matthzei,</strong></span> <span class='ocrx_word' id='word_1_208' title='bbox 2200 2934 2292 2989; x_wconf 88' lang='lat' dir='ltr'><strong>sed</strong></span> 
     </span>
    </p>
   </div>
   <div class='ocr_carea' id='block_1_31' title="bbox 717 3027 2296 3098">
    <p class='ocr_par' dir='ltr' id='par_1_31' title="bbox 717 3027 2296 3098">
     <span class='ocr_line' id='line_1_31' title="bbox 717 3027 2296 3098; baseline -0.008 -7"><span class='ocrx_word' id='word_1_209' title='bbox 717 3053 826 3091; x_wconf 92' lang='lat' dir='ltr'><strong>non</strong></span> <span class='ocrx_word' id='word_1_210' title='bbox 907 3034 1146 3098; x_wconf 84' lang='lat' dir='ltr'><strong>additur,</strong></span> <span class='ocrx_word' id='word_1_211' title='bbox 1227 3030 1628 3085; x_wconf 86' lang='lat' dir='ltr'><strong>Salernitanam</strong></span> <span class='ocrx_word' id='word_1_212' title='bbox 1708 3045 1848 3094; x_wconf 88' lang='lat' dir='ltr'><strong>esse,</strong></span> <span class='ocrx_word' id='word_1_213' title='bbox 1929 3029 2005 3082; x_wconf 91' lang='lat' dir='ltr'><strong>uti</strong></span> <span class='ocrx_word' id='word_1_214' title='bbox 2076 3027 2296 3080; x_wconf 91' lang='lat' dir='ltr'><strong>additur</strong></span> 
     </span>
    </p>
   </div>
   <div class='ocr_carea' id='block_1_32' title="bbox 719 3122 2294 3198">
    <p class='ocr_par' dir='ltr' id='par_1_32' title="bbox 719 3122 2294 3198">
     <span class='ocr_line' id='line_1_32' title="bbox 719 3122 2294 3198; baseline -0.008 -13"><span class='ocrx_word' id='word_1_215' title='bbox 719 3131 783 3185; x_wconf 80' lang='lat' dir='ltr'><strong>sd</strong></span> <span class='ocrx_word' id='word_1_216' title='bbox 815 3129 884 3184; x_wconf 67' lang='lat'><strong>28</strong></span> <span class='ocrx_word' id='word_1_217' title='bbox 934 3127 1153 3198; x_wconf 82' lang='lat' dir='ltr'><strong>Aprilis.</strong></span> <span class='ocrx_word' id='word_1_218' title='bbox 1189 3123 1347 3180; x_wconf 87' lang='lat' dir='ltr'><strong>Plura</strong></span> <span class='ocrx_word' id='word_1_219' title='bbox 1405 3125 1471 3180; x_wconf 88' lang='lat' dir='ltr'><strong>de</strong></span> <span class='ocrx_word' id='word_1_220' title='bbox 1529 3123 1978 3178; x_wconf 85' lang='lat' dir='ltr'><strong>translationibus</strong></span> <span class='ocrx_word' id='word_1_221' title='bbox 2032 3122 2294 3175; x_wconf 84' lang='lat' dir='ltr'><strong>disseram</strong></span> 
     </span>
    </p>
   </div>
   <div class='ocr_carea' id='block_1_33' title="bbox 717 3223 982 3280">
    <p class='ocr_par' dir='ltr' id='par_1_33' title="bbox 717 3223 982 3280">
     <span class='ocr_line' id='line_1_33' title="bbox 717 3223 982 3280; baseline -0.03 -1"><span class='ocrx_word' id='word_1_222' title='bbox 717 3240 817 3280; x_wconf 85' lang='lat' dir='ltr'><strong>suo</strong></span> <span class='ocrx_word' id='word_1_223' title='bbox 844 3223 982 3277; x_wconf 88' lang='lat' dir='ltr'><strong>loco.</strong></span> 
     </span>
    </p>
   </div>
   <div class='ocr_carea' id='block_1_34' title="bbox 791 3307 2297 3381">
    <p class='ocr_par' dir='ltr' id='par_1_34' title="bbox 791 3307 2297 3381">
     <span class='ocr_line' id='line_1_34' title="bbox 791 3307 2297 3381; baseline -0.006 -11"><span class='ocrx_word' id='word_1_224' title='bbox 791 3312 1066 3377; x_wconf 78' lang='lat' dir='ltr'><strong>3.Graeci,</strong></span> <span class='ocrx_word' id='word_1_225' title='bbox 1125 3325 1329 3381; x_wconf 90' lang='lat' dir='ltr'><strong>eosque</strong></span> <span class='ocrx_word' id='word_1_226' title='bbox 1371 3309 1575 3381; x_wconf 89' lang='lat' dir='ltr'><strong>passim</strong></span> <span class='ocrx_word' id='word_1_227' title='bbox 1628 3317 1922 3378; x_wconf 86' lang='lat' dir='ltr'><strong>sequentes</strong></span> <span class='ocrx_word' id='word_1_228' title='bbox 1953 3307 2137 3371; x_wconf 86' lang='lat' dir='ltr'><strong>Mosci,</strong></span> <span class='ocrx_word' id='word_1_229' title='bbox 2171 3324 2297 3362; x_wconf 87' lang='lat' dir='ltr'><strong>san-</strong></span> 
     </span>
    </p>
   </div>
   <div class='ocr_carea' id='block_1_35' title="bbox 719 3401 2299 3475">
    <p class='ocr_par' dir='ltr' id='par_1_35' title="bbox 719 3401 2299 3475">
     <span class='ocr_line' id='line_1_35' title="bbox 719 3401 2299 3475; baseline -0.005 -10"><span class='ocrx_word' id='word_1_230' title='bbox 719 3420 866 3465; x_wconf 87' lang='lat' dir='ltr'><strong>ctum</strong></span> <span class='ocrx_word' id='word_1_231' title='bbox 891 3408 1200 3461; x_wconf 72' lang='lat' dir='ltr'><strong>Matthazum</strong></span> <span class='ocrx_word' id='word_1_232' title='bbox 1235 3408 1505 3475; x_wconf 69' lang='lat' dir='ltr'><strong>praecipue</strong></span> <span class='ocrx_word' id='word_1_233' title='bbox 1537 3403 1818 3457; x_wconf 87' lang='lat' dir='ltr'><strong>celebrant</strong></span> <span class='ocrx_word' id='word_1_234' title='bbox 1859 3404 1925 3457; x_wconf 89' lang='lat' dir='ltr'><strong>ad</strong></span> <span class='ocrx_word' id='word_1_235' title='bbox 1964 3402 2028 3457; x_wconf 84' lang='lat' dir='ltr'><strong>l6</strong></span> <span class='ocrx_word' id='word_1_236' title='bbox 2063 3401 2299 3457; x_wconf 78' lang='lat' dir='ltr'><strong>Novem-</strong></span> 
     </span>
    </p>
   </div>
   <div class='ocr_carea' id='block_1_36' title="bbox 723 3494 2295 3563">
    <p class='ocr_par' dir='ltr' id='par_1_36' title="bbox 723 3494 2295 3563">
     <span class='ocr_line' id='line_1_36' title="bbox 723 3494 2295 3563; baseline -0.008 -5"><span class='ocrx_word' id='word_1_237' title='bbox 723 3504 852 3559; x_wconf 85' lang='lat' dir='ltr'><strong>bris.</strong></span> <span class='ocrx_word' id='word_1_238' title='bbox 897 3501 976 3553; x_wconf 89' lang='lat' dir='ltr'><strong>Ad</strong></span> <span class='ocrx_word' id='word_1_239' title='bbox 1037 3500 1180 3554; x_wconf 90' lang='lat' dir='ltr'><strong>hunc</strong></span> <span class='ocrx_word' id='word_1_240' title='bbox 1232 3497 1372 3551; x_wconf 89' lang='lat' dir='ltr'><strong>diem</strong></span> <span class='ocrx_word' id='word_1_241' title='bbox 1421 3496 1471 3549; x_wconf 93' lang='lat' dir='ltr'><strong>in</strong></span> <span class='ocrx_word' id='word_1_242' title='bbox 1514 3495 1787 3561; x_wconf 87' lang='lat' dir='ltr'><strong>omnibus,</strong></span> <span class='ocrx_word' id='word_1_243' title='bbox 1839 3509 1976 3563; x_wconf 85' lang='lat' dir='ltr'><strong>quos</strong></span> <span class='ocrx_word' id='word_1_244' title='bbox 2024 3494 2295 3556; x_wconf 84' lang='lat' dir='ltr'><strong>consului,</strong></span> 
     </span>
    </p>
   </div>
   <div class='ocr_carea' id='block_1_37' title="bbox 724 3587 2298 3655">
    <p class='ocr_par' dir='ltr' id='par_1_37' title="bbox 724 3587 2298 3655">
     <span class='ocr_line' id='line_1_37' title="bbox 724 3587 2298 3655; baseline -0.006 -7"><span class='ocrx_word' id='word_1_245' title='bbox 724 3594 1042 3648; x_wconf 63' lang='lat' dir='ltr'><strong>Graecorum</strong></span> <span class='ocrx_word' id='word_1_246' title='bbox 1089 3590 1265 3645; x_wconf 86' lang='lat' dir='ltr'><strong>Fastis</strong></span> <span class='ocrx_word' id='word_1_247' title='bbox 1297 3589 1559 3642; x_wconf 87' lang='lat' dir='ltr'><strong>memoria</strong></span> <span class='ocrx_word' id='word_1_248' title='bbox 1613 3589 1787 3640; x_wconf 89' lang='lat' dir='ltr'><strong>sancti</strong></span> <span class='ocrx_word' id='word_1_249' title='bbox 1845 3588 2008 3654; x_wconf 81' lang='lat' dir='ltr'><strong>hujus</strong></span> <span class='ocrx_word' id='word_1_250' title='bbox 2067 3587 2298 3655; x_wconf 82' lang='lat' dir='ltr'><strong>apostoli</strong></span> 
     </span>
    </p>
   </div>
   <div class='ocr_carea' id='block_1_38' title="bbox 723 3678 2296 3743">
    <p class='ocr_par' dir='ltr' id='par_1_38' title="bbox 723 3678 2296 3743">
     <span class='ocr_line' id='line_1_38' title="bbox 723 3678 2296 3743; baseline -0.004 -6"><span class='ocrx_word' id='word_1_251' title='bbox 723 3684 1006 3743; x_wconf 89' lang='lat' dir='ltr'><strong>recolitur,</strong></span> <span class='ocrx_word' id='word_1_252' title='bbox 1039 3692 1092 3735; x_wconf 87' lang='lat' dir='ltr'><strong>et</strong></span> <span class='ocrx_word' id='word_1_253' title='bbox 1132 3681 1402 3734; x_wconf 81' lang='lat' dir='ltr'><strong>festivitas</strong></span> <span class='ocrx_word' id='word_1_254' title='bbox 1449 3679 1710 3733; x_wconf 81' lang='lat' dir='ltr'><strong>Solemnis</strong></span> <span class='ocrx_word' id='word_1_255' title='bbox 1742 3678 2071 3732; x_wconf 83' lang='lat' dir='ltr'><strong>celebratur.</strong></span> <span class='ocrx_word' id='word_1_256' title='bbox 2099 3678 2296 3731; x_wconf 59' lang='lat' dir='ltr'><strong>Meuaa</strong></span> 
     </span>
    </p>
   </div>
   <div class='ocr_carea' id='block_1_39' title="bbox 722 3772 2300 3848">
    <p class='ocr_par' dir='ltr' id='par_1_39' title="bbox 722 3772 2300 3848">
     <span class='ocr_line' id='line_1_39' title="bbox 722 3772 2300 3848; baseline -0.004 -15"><span class='ocrx_word' id='word_1_257' title='bbox 722 3781 991 3848; x_wconf 87' lang='lat' dir='ltr'><strong>impressa</strong></span> <span class='ocrx_word' id='word_1_258' title='bbox 1037 3775 1469 3847; x_wconf 72' lang='lat' dir='ltr'><strong>prolixissintum</strong></span> <span class='ocrx_word' id='word_1_259' title='bbox 1500 3773 1764 3827; x_wconf 81' lang='lat' dir='ltr'><strong>exhibent</strong></span> <span class='ocrx_word' id='word_1_260' title='bbox 1806 3773 2180 3842; x_wconf 85' lang='lat' dir='ltr'><strong>elogiutn,sed</strong></span> <span class='ocrx_word' id='word_1_261' title='bbox 2222 3772 2300 3826; x_wconf 86' lang='lat' dir='ltr'><strong>fa-</strong></span> 
     </span>
    </p>
   </div>
   <div class='ocr_carea' id='block_1_40' title="bbox 724 3867 2298 3936">
    <p class='ocr_par' dir='ltr' id='par_1_40' title="bbox 724 3867 2298 3936">
     <span class='ocr_line' id='line_1_40' title="bbox 724 3867 2298 3936; baseline -0.006 -9"><span class='ocrx_word' id='word_1_262' title='bbox 724 3873 1000 3933; x_wconf 84' lang='lat' dir='ltr'><strong>bulosum,</strong></span> <span class='ocrx_word' id='word_1_263' title='bbox 1052 3883 1116 3922; x_wconf 73' lang='lat' dir='ltr'><strong>ex</strong></span> <span class='ocrx_word' id='word_1_264' title='bbox 1153 3884 1262 3936; x_wconf 93' lang='lat' dir='ltr'><strong>quo</strong></span> <span class='ocrx_word' id='word_1_265' title='bbox 1303 3867 1418 3919; x_wconf 85' lang='lat' dir='ltr'><strong>suis</strong></span> <span class='ocrx_word' id='word_1_266' title='bbox 1458 3867 1590 3919; x_wconf 91' lang='lat' dir='ltr'><strong>locis</strong></span> <span class='ocrx_word' id='word_1_267' title='bbox 1636 3867 1924 3918; x_wconf 64' lang='lat' dir='ltr'><strong>affet-emus</strong></span> <span class='ocrx_word' id='word_1_268' title='bbox 1959 3881 2020 3917; x_wconf 85' lang='lat' dir='ltr'><strong>ea</strong></span> <span class='ocrx_word' id='word_1_269' title='bbox 2070 3881 2190 3933; x_wconf 83' lang='lat' dir='ltr'><strong>quae</strong></span> <span class='ocrx_word' id='word_1_270' title='bbox 2233 3867 2298 3920; x_wconf 90' lang='lat' dir='ltr'><strong>ad</strong></span> 
     </span>
    </p>
   </div>
   <div class='ocr_carea' id='block_1_41' title="bbox 726 3955 2300 4033">
    <p class='ocr_par' dir='ltr' id='par_1_41' title="bbox 726 3955 2300 4033">
     <span class='ocr_line' id='line_1_41' title="bbox 726 3955 2300 4033; baseline -0.004 -17"><span class='ocrx_word' id='word_1_271' title='bbox 726 3965 1072 4033; x_wconf 90' lang='lat' dir='ltr'><strong>propositum</strong></span> <span class='ocrx_word' id='word_1_272' title='bbox 1105 3967 1351 4011; x_wconf 90' lang='lat' dir='ltr'><strong>nostrum</strong></span> <span class='ocrx_word' id='word_1_273' title='bbox 1375 3957 1683 4011; x_wconf 89' lang='lat' dir='ltr'><strong>conducere</strong></span> <span class='ocrx_word' id='word_1_274' title='bbox 1708 3955 2063 4021; x_wconf 85' lang='lat' dir='ltr'><strong>videbuntur,</strong></span> <span class='ocrx_word' id='word_1_275' title='bbox 2112 3973 2300 4026; x_wconf 88' lang='lat' dir='ltr'><strong>quent-</strong></span> 
     </span>
    </p>
   </div>
   <div class='ocr_carea' id='block_1_42' title="bbox 727 4046 2304 4120">
    <p class='ocr_par' dir='ltr' id='par_1_42' title="bbox 727 4046 2304 4120">
     <span class='ocr_line' id='line_1_42' title="bbox 727 4046 2304 4120; baseline -0.01 -12"><span class='ocrx_word' id='word_1_276' title='bbox 727 4053 1023 4109; x_wconf 82' lang='lat' dir='ltr'><strong>admodum</strong></span> <span class='ocrx_word' id='word_1_277' title='bbox 1057 4052 1216 4104; x_wconf 86' lang='lat' dir='ltr'><strong>etiam</strong></span> <span class='ocrx_word' id='word_1_278' title='bbox 1242 4067 1308 4104; x_wconf 80' lang='lat' dir='ltr'><strong>ex</strong></span> <span class='ocrx_word' id='word_1_279' title='bbox 1343 4050 1518 4120; x_wconf 84' lang='lat' dir='ltr'><strong>elogio</strong></span> <span class='ocrx_word' id='word_1_280' title='bbox 1552 4046 1733 4102; x_wconf 83' lang='lat' dir='ltr'><strong>minus</strong></span> <span class='ocrx_word' id='word_1_281' title='bbox 1772 4048 2006 4118; x_wconf 83' lang='lat' dir='ltr'><strong>prolixo,</strong></span> <span class='ocrx_word' id='word_1_282' title='bbox 2035 4051 2180 4118; x_wconf 89' lang='lat' dir='ltr'><strong>quod</strong></span> <span class='ocrx_word' id='word_1_283' title='bbox 2220 4053 2304 4105; x_wconf 91' lang='lat' dir='ltr'><strong>in-</strong></span> 
     </span>
    </p>
   </div>
   <div class='ocr_carea' id='block_1_43' title="bbox 729 4139 2300 4210">
    <p class='ocr_par' dir='ltr' id='par_1_43' title="bbox 729 4139 2300 4210">
     <span class='ocr_line' id='line_1_43' title="bbox 729 4139 2300 4210; baseline -0.001 -13"><span class='ocrx_word' id='word_1_284' title='bbox 729 4155 936 4199; x_wconf 76' lang='lat' dir='ltr'><strong>sertum</strong></span> <span class='ocrx_word' id='word_1_285' title='bbox 991 4150 1073 4195; x_wconf 91' lang='lat' dir='ltr'><strong>cst</strong></span> <span class='ocrx_word' id='word_1_286' title='bbox 1114 4139 1412 4210; x_wconf 80' lang='lat' dir='ltr'><strong>Menologio</strong></span> <span class='ocrx_word' id='word_1_287' title='bbox 1464 4140 1754 4192; x_wconf 84' lang='lat' dir='ltr'><strong>Basiliano.</strong></span> <span class='ocrx_word' id='word_1_288' title='bbox 1817 4140 2127 4195; x_wconf 70' lang='lat' dir='ltr'><strong>Matthmum</strong></span> <span class='ocrx_word' id='word_1_289' title='bbox 2193 4159 2300 4197; x_wconf 90' lang='lat' dir='ltr'><strong>una</strong></span> 
     </span>
    </p>
   </div>
   <div class='ocr_carea' id='block_1_44' title="bbox 732 4231 2304 4305">
    <p class='ocr_par' dir='ltr' id='par_1_44' title="bbox 732 4231 2304 4305">
     <span class='ocr_line' id='line_1_44' title="bbox 732 4231 2304 4305; baseline 0.001 -18"><span class='ocrx_word' id='word_1_290' title='bbox 732 4253 857 4292; x_wconf 84' lang='lat' dir='ltr'><strong>cum</strong></span> <span class='ocrx_word' id='word_1_291' title='bbox 883 4235 1113 4305; x_wconf 81' lang='lat' dir='ltr'><strong>reliquis</strong></span> <span class='ocrx_word' id='word_1_292' title='bbox 1136 4234 1396 4303; x_wconf 86' lang='lat' dir='ltr'><strong>apostolis</strong></span> <span class='ocrx_word' id='word_1_293' title='bbox 1415 4231 1587 4288; x_wconf 70' lang='lat' dir='ltr'><strong>Graeci</strong></span> <span class='ocrx_word' id='word_1_294' title='bbox 1619 4237 1781 4286; x_wconf 86' lang='lat' dir='ltr'><strong>etiam</strong></span> <span class='ocrx_word' id='word_1_295' title='bbox 1805 4234 1989 4287; x_wconf 90' lang='lat' dir='ltr'><strong>colunt</strong></span> <span class='ocrx_word' id='word_1_296' title='bbox 2017 4237 2104 4289; x_wconf 91' lang='lat' dir='ltr'><strong>die</strong></span> <span class='ocrx_word' id='word_1_297' title='bbox 2129 4235 2304 4289; x_wconf 73' lang='lat' dir='ltr'><strong>501n-</strong></span> 
     </span>
    </p>
   </div>
   <div class='ocr_carea' id='block_1_45' title="bbox 730 4324 2303 4397">
    <p class='ocr_par' dir='ltr' id='par_1_45' title="bbox 730 4324 2303 4397">
     <span class='ocr_line' id='line_1_45' title="bbox 730 4324 2303 4397; baseline -0.001 -12"><span class='ocrx_word' id='word_1_298' title='bbox 730 4332 830 4397; x_wconf 89' lang='lat' dir='ltr'><strong>nii,</strong></span> <span class='ocrx_word' id='word_1_299' title='bbox 864 4328 954 4382; x_wconf 85' lang='lat' dir='ltr'><strong>tibi</strong></span> <span class='ocrx_word' id='word_1_300' title='bbox 987 4338 1042 4382; x_wconf 91' lang='lat' dir='ltr'><strong>et</strong></span> <span class='ocrx_word' id='word_1_301' title='bbox 1063 4327 1246 4380; x_wconf 85' lang='lat' dir='ltr'><strong>brevia</strong></span> <span class='ocrx_word' id='word_1_302' title='bbox 1272 4325 1530 4379; x_wconf 76' lang='lat' dir='ltr'><strong>exhibent</strong></span> <span class='ocrx_word' id='word_1_303' title='bbox 1562 4324 1736 4395; x_wconf 86' lang='lat' dir='ltr'><strong>elogia</strong></span> <span class='ocrx_word' id='word_1_304' title='bbox 1764 4327 1819 4378; x_wconf 91' lang='lat' dir='ltr'><strong>in</strong></span> <span class='ocrx_word' id='word_1_305' title='bbox 1860 4326 2081 4381; x_wconf 73' lang='lat' dir='ltr'><strong>Menznis</strong></span> <span class='ocrx_word' id='word_1_306' title='bbox 2111 4339 2166 4382; x_wconf 89' lang='lat' dir='ltr'><strong>et</strong></span> <span class='ocrx_word' id='word_1_307' title='bbox 2192 4330 2303 4384; x_wconf 82' lang='lat' dir='ltr'><strong>Me-</strong></span> 
     </span>
    </p>
   </div>
   <div class='ocr_carea' id='block_1_46' title="bbox 733 4417 2299 4491">
    <p class='ocr_par' dir='ltr' id='par_1_46' title="bbox 733 4417 2299 4491">
     <span class='ocr_line' id='line_1_46' title="bbox 733 4417 2299 4491; baseline -0.001 -13"><span class='ocrx_word' id='word_1_308' title='bbox 733 4422 952 4491; x_wconf 86' lang='lat' dir='ltr'><strong>nologio</strong></span> <span class='ocrx_word' id='word_1_309' title='bbox 999 4435 1122 4474; x_wconf 78' lang='lat' dir='ltr'><strong>mox</strong></span> <span class='ocrx_word' id='word_1_310' title='bbox 1172 4418 1412 4472; x_wconf 87' lang='lat' dir='ltr'><strong>laudato.</strong></span> <span class='ocrx_word' id='word_1_311' title='bbox 1464 4417 1664 4472; x_wconf 75' lang='lat' dir='ltr'><strong>Grazcis</strong></span> <span class='ocrx_word' id='word_1_312' title='bbox 1731 4435 1828 4486; x_wconf 89' lang='lat' dir='ltr'><strong>pro</strong></span> <span class='ocrx_word' id='word_1_313' title='bbox 1893 4419 2187 4476; x_wconf 82' lang='lat' dir='ltr'><strong>festivitate</strong></span> <span class='ocrx_word' id='word_1_314' title='bbox 2243 4423 2299 4477; x_wconf 91' lang='lat' dir='ltr'><strong>S.</strong></span> 
     </span>
    </p>
   </div>
   <div class='ocr_carea' id='block_1_47' title="bbox 738 4507 2302 4569">
    <p class='ocr_par' dir='ltr' id='par_1_47' title="bbox 738 4507 2302 4569">
     <span class='ocr_line' id='line_1_47' title="bbox 738 4507 2302 4569; baseline 0.001 -1"><span class='ocrx_word' id='word_1_315' title='bbox 738 4514 979 4568; x_wconf 63' lang='lat' dir='ltr'><strong>Matthxi</strong></span> <span class='ocrx_word' id='word_1_316' title='bbox 1029 4509 1355 4565; x_wconf 86' lang='lat' dir='ltr'><strong>celebranda</strong></span> <span class='ocrx_word' id='word_1_317' title='bbox 1376 4508 1463 4562; x_wconf 90' lang='lat' dir='ltr'><strong>die</strong></span> <span class='ocrx_word' id='word_1_318' title='bbox 1502 4509 1568 4562; x_wconf 80' lang='grc'><strong>16</strong></span> <span class='ocrx_word' id='word_1_319' title='bbox 1598 4507 1924 4563; x_wconf 80' lang='lat' dir='ltr'><strong>Novembris</strong></span> <span class='ocrx_word' id='word_1_320' title='bbox 1947 4513 2302 4569; x_wconf 90' lang='lat' dir='ltr'><strong>consentiunt</strong></span> 
     </span>
    </p>
   </div>
   <div class='ocr_carea' id='block_1_48' title="bbox 2397 625 3979 701">
    <p class='ocr_par' dir='ltr' id='par_1_48' title="bbox 2397 625 3979 701">
     <span class='ocr_line' id='line_1_48' title="bbox 2397 625 3979 701; baseline -0.011 -15"><span class='ocrx_word' id='word_1_321' title='bbox 2397 633 2572 701; x_wconf 89' lang='lat' dir='ltr'><strong>iisque</strong></span> <span class='ocrx_word' id='word_1_322' title='bbox 2611 631 2766 686; x_wconf 81' lang='lat' dir='ltr'><strong>valde</strong></span> <span class='ocrx_word' id='word_1_323' title='bbox 2795 631 3067 698; x_wconf 83' lang='lat' dir='ltr'><strong>antiquis;</strong></span> <span class='ocrx_word' id='word_1_324' title='bbox 3121 643 3230 682; x_wconf 90' lang='lat' dir='ltr'><strong>non</strong></span> <span class='ocrx_word' id='word_1_325' title='bbox 3291 637 3467 680; x_wconf 89' lang='lat' dir='ltr'><strong>tamen</strong></span> <span class='ocrx_word' id='word_1_326' title='bbox 3504 625 3698 681; x_wconf 86' lang='lat' dir='ltr'><strong>eodem</strong></span> <span class='ocrx_word' id='word_1_327' title='bbox 3751 633 3979 689; x_wconf 86' lang='lat' dir='ltr'><strong>prorsus</strong></span> 
     </span>
    </p>
   </div>
   <div class='ocr_carea' id='block_1_49' title="bbox 2399 709 3979 780">
    <p class='ocr_par' dir='ltr' id='par_1_49' title="bbox 2399 709 3979 780">
     <span class='ocr_line' id='line_1_49' title="bbox 2399 709 3979 780; baseline -0.011 -4"><span class='ocrx_word' id='word_1_328' title='bbox 2399 725 2558 776; x_wconf 90' lang='lat' dir='ltr'><strong>modo</strong></span> <span class='ocrx_word' id='word_1_329' title='bbox 2593 722 2645 774; x_wconf 90' lang='lat' dir='ltr'><strong>in</strong></span> <span class='ocrx_word' id='word_1_330' title='bbox 2671 721 2948 774; x_wconf 88' lang='lat' dir='ltr'><strong>omnibus.</strong></span> <span class='ocrx_word' id='word_1_331' title='bbox 2984 717 3259 773; x_wconf 84' lang='lat' dir='ltr'><strong>Habemus</strong></span> <span class='ocrx_word' id='word_1_332' title='bbox 3296 731 3395 770; x_wconf 92' lang='lat' dir='ltr'><strong>nos</strong></span> <span class='ocrx_word' id='word_1_333' title='bbox 3427 729 3488 768; x_wconf 87' lang='lat' dir='ltr'><strong>ea</strong></span> <span class='ocrx_word' id='word_1_334' title='bbox 3543 716 3596 767; x_wconf 93' lang='lat' dir='ltr'><strong>in</strong></span> <span class='ocrx_word' id='word_1_335' title='bbox 3631 723 3846 780; x_wconf 90' lang='lat' dir='ltr'><strong>septem</strong></span> <span class='ocrx_word' id='word_1_336' title='bbox 3891 709 3979 761; x_wconf 86' lang='lat' dir='ltr'><strong>di-</strong></span> 
     </span>
    </p>
   </div>
   <div class='ocr_carea' id='block_1_50' title="bbox 2398 804 3978 879">
    <p class='ocr_par' dir='ltr' id='par_1_50' title="bbox 2398 804 3978 879">
     <span class='ocr_line' id='line_1_50' title="bbox 2398 804 3978 879; baseline -0.007 -14"><span class='ocrx_word' id='word_1_337' title='bbox 2398 815 2572 866; x_wconf 81' lang='lat' dir='ltr'><strong>versis</strong></span> <span class='ocrx_word' id='word_1_338' title='bbox 2626 813 2928 874; x_wconf 89' lang='lat' dir='ltr'><strong>codicibus,</strong></span> <span class='ocrx_word' id='word_1_339' title='bbox 2972 825 3204 879; x_wconf 88' lang='lat' dir='ltr'><strong>quorum</strong></span> <span class='ocrx_word' id='word_1_340' title='bbox 3270 808 3596 862; x_wconf 86' lang='lat' dir='ltr'><strong>vetustiores</strong></span> <span class='ocrx_word' id='word_1_341' title='bbox 3655 804 3864 858; x_wconf 78' lang='lat' dir='ltr'><strong>sa-culo</strong></span> <span class='ocrx_word' id='word_1_342' title='bbox 3929 820 3978 855; x_wconf 70' lang='grc' dir='ltr'><strong>ιι</strong></span> 
     </span>
    </p>
   </div>
   <div class='ocr_carea' id='block_1_51' title="bbox 2397 900 3978 973">
    <p class='ocr_par' dir='ltr' id='par_1_51' title="bbox 2397 900 3978 973">
     <span class='ocr_line' id='line_1_51' title="bbox 2397 900 3978 973; baseline -0.009 -13"><span class='ocrx_word' id='word_1_343' title='bbox 2397 908 2652 960; x_wconf 86' lang='lat' dir='ltr'><strong>videntur</strong></span> <span class='ocrx_word' id='word_1_344' title='bbox 2683 905 3002 973; x_wconf 84' lang='lat' dir='ltr'><strong>conscripti.</strong></span> <span class='ocrx_word' id='word_1_345' title='bbox 3039 903 3258 958; x_wconf 90' lang='lat' dir='ltr'><strong>Contuli</strong></span> <span class='ocrx_word' id='word_1_346' title='bbox 3288 901 3506 955; x_wconf 88' lang='lat' dir='ltr'><strong>codices</strong></span> <span class='ocrx_word' id='word_1_347' title='bbox 3552 900 3710 960; x_wconf 87' lang='lat' dir='ltr'><strong>istos,</strong></span> <span class='ocrx_word' id='word_1_348' title='bbox 3747 910 3808 948; x_wconf 90' lang='lat' dir='ltr'><strong>ut</strong></span> <span class='ocrx_word' id='word_1_349' title='bbox 3847 911 3978 950; x_wconf 71' lang='lat' dir='ltr'><strong>esa-</strong></span> 
     </span>
    </p>
   </div>
   <div class='ocr_carea' id='block_1_52' title="bbox 2397 992 3975 1067">
    <p class='ocr_par' dir='ltr' id='par_1_52' title="bbox 2397 992 3975 1067">
     <span class='ocr_line' id='line_1_52' title="bbox 2397 992 3975 1067; baseline -0.008 -14"><span class='ocrx_word' id='word_1_350' title='bbox 2397 1001 2664 1053; x_wconf 85' lang='lat' dir='ltr'><strong>ntinareni</strong></span> <span class='ocrx_word' id='word_1_351' title='bbox 2695 1015 2759 1052; x_wconf 90' lang='lat' dir='ltr'><strong>an</strong></span> <span class='ocrx_word' id='word_1_352' title='bbox 2788 999 3059 1067; x_wconf 72' lang='lat' dir='ltr'><strong>praecipua</strong></span> <span class='ocrx_word' id='word_1_353' title='bbox 3092 996 3244 1059; x_wconf 85' lang='lat' dir='ltr'><strong>vitia,</strong></span> <span class='ocrx_word' id='word_1_354' title='bbox 3278 993 3477 1062; x_wconf 85' lang='lat' dir='ltr'><strong>quibus</strong></span> <span class='ocrx_word' id='word_1_355' title='bbox 3530 992 3662 1043; x_wconf 85' lang='lat' dir='ltr'><strong>Acta</strong></span> <span class='ocrx_word' id='word_1_356' title='bbox 3700 992 3975 1049; x_wconf 87' lang='lat' dir='ltr'><strong>laborant,</strong></span> 
     </span>
    </p>
   </div>
   <div class='ocr_carea' id='block_1_53' title="bbox 2397 1084 3977 1162">
    <p class='ocr_par' dir='ltr' id='par_1_53' title="bbox 2397 1084 3977 1162">
     <span class='ocr_line' id='line_1_53' title="bbox 2397 1084 3977 1162; baseline -0.008 -16"><span class='ocrx_word' id='word_1_357' title='bbox 2397 1093 2745 1162; x_wconf 83' lang='lat' dir='ltr'><strong>reperiantur</strong></span> <span class='ocrx_word' id='word_1_358' title='bbox 2772 1091 2825 1143; x_wconf 93' lang='lat' dir='ltr'><strong>in</strong></span> <span class='ocrx_word' id='word_1_359' title='bbox 2853 1089 3141 1153; x_wconf 89' lang='lat' dir='ltr'><strong>omnibus;</strong></span> <span class='ocrx_word' id='word_1_360' title='bbox 3179 1102 3279 1140; x_wconf 86' lang='lat' dir='ltr'><strong>nec</strong></span> <span class='ocrx_word' id='word_1_361' title='bbox 3315 1087 3482 1138; x_wconf 92' lang='lat' dir='ltr'><strong>ullum</strong></span> <span class='ocrx_word' id='word_1_362' title='bbox 3520 1084 3706 1138; x_wconf 81' lang='lat' dir='ltr'><strong>inveni</strong></span> <span class='ocrx_word' id='word_1_363' title='bbox 3763 1101 3829 1137; x_wconf 83' lang='lat' dir='ltr'><strong>ex</strong></span> <span class='ocrx_word' id='word_1_364' title='bbox 3891 1099 3977 1136; x_wconf 80' lang='lat' dir='ltr'><strong>to-</strong></span> 
     </span>
    </p>
   </div>
   <div class='ocr_carea' id='block_1_54' title="bbox 2394 1178 3976 1250">
    <p class='ocr_par' dir='ltr' id='par_1_54' title="bbox 2394 1178 3976 1250">
     <span class='ocr_line' id='line_1_54' title="bbox 2394 1178 3976 1250; baseline -0.006 -10"><span class='ocrx_word' id='word_1_365' title='bbox 2394 1186 2610 1241; x_wconf 89' lang='lat' dir='ltr'><strong>dicibus</strong></span> <span class='ocrx_word' id='word_1_366' title='bbox 2665 1185 2890 1245; x_wconf 84' lang='lat' dir='ltr'><strong>nostris,</strong></span> <span class='ocrx_word' id='word_1_367' title='bbox 2949 1184 3151 1250; x_wconf 91' lang='lat' dir='ltr'><strong>inquo</strong></span> <span class='ocrx_word' id='word_1_368' title='bbox 3188 1197 3296 1234; x_wconf 90' lang='lat' dir='ltr'><strong>non</strong></span> <span class='ocrx_word' id='word_1_369' title='bbox 3351 1182 3599 1249; x_wconf 84' lang='lat' dir='ltr'><strong>legantur</strong></span> <span class='ocrx_word' id='word_1_370' title='bbox 3661 1178 3792 1231; x_wconf 82' lang='lat' dir='ltr'><strong>vitia</strong></span> <span class='ocrx_word' id='word_1_371' title='bbox 3856 1194 3976 1230; x_wconf 81' lang='lat' dir='ltr'><strong>mox</strong></span> 
     </span>
    </p>
   </div>
   <div class='ocr_carea' id='block_1_55' title="bbox 2398 1271 3976 1346">
    <p class='ocr_par' dir='ltr' id='par_1_55' title="bbox 2398 1271 3976 1346">
     <span class='ocr_line' id='line_1_55' title="bbox 2398 1271 3976 1346; baseline -0.009 -12"><span class='ocrx_word' id='word_1_372' title='bbox 2398 1279 2773 1340; x_wconf 89' lang='lat' dir='ltr'><strong>memoranda,</strong></span> <span class='ocrx_word' id='word_1_373' title='bbox 2805 1291 2924 1346; x_wconf 86' lang='lat' dir='ltr'><strong>quae</strong></span> <span class='ocrx_word' id='word_1_374' title='bbox 2948 1275 3198 1330; x_wconf 86' lang='lat' dir='ltr'><strong>similiter</strong></span> <span class='ocrx_word' id='word_1_375' title='bbox 3230 1275 3484 1342; x_wconf 84' lang='lat' dir='ltr'><strong>leguntur</strong></span> <span class='ocrx_word' id='word_1_376' title='bbox 3522 1273 3576 1326; x_wconf 86' lang='lat' dir='ltr'><strong>iit</strong></span> <span class='ocrx_word' id='word_1_377' title='bbox 3628 1271 3976 1343; x_wconf 82' lang='lat' dir='ltr'><strong>apngrapho,</strong></span> 
     </span>
    </p>
   </div>
   <div class='ocr_carea' id='block_1_56' title="bbox 2396 1360 3973 1441">
    <p class='ocr_par' dir='ltr' id='par_1_56' title="bbox 2396 1360 3973 1441">
     <span class='ocr_line' id='line_1_56' title="bbox 2396 1360 3973 1441; baseline -0.007 -18"><span class='ocrx_word' id='word_1_378' title='bbox 2396 1372 2539 1441; x_wconf 87' lang='lat' dir='ltr'><strong>quod</strong></span> <span class='ocrx_word' id='word_1_379' title='bbox 2567 1371 2834 1423; x_wconf 87' lang='lat' dir='ltr'><strong>habemus</strong></span> <span class='ocrx_word' id='word_1_380' title='bbox 2879 1382 2942 1420; x_wconf 81' lang='lat' dir='ltr'><strong>ex</strong></span> <span class='ocrx_word' id='word_1_381' title='bbox 2975 1366 3162 1420; x_wconf 89' lang='lat' dir='ltr'><strong>codice</strong></span> <span class='ocrx_word' id='word_1_382' title='bbox 3192 1363 3574 1432; x_wconf 79' lang='lat' dir='ltr'><strong>Ultrajectino,</strong></span> <span class='ocrx_word' id='word_1_383' title='bbox 3633 1372 3690 1417; x_wconf 90' lang='lat' dir='ltr'><strong>et</strong></span> <span class='ocrx_word' id='word_1_384' title='bbox 3754 1364 3807 1414; x_wconf 94' lang='lat' dir='ltr'><strong>in</strong></span> <span class='ocrx_word' id='word_1_385' title='bbox 3851 1360 3973 1413; x_wconf 86' lang='lat' dir='ltr'><strong>aliis</strong></span> 
     </span>
    </p>
   </div>
   <div class='ocr_carea' id='block_1_57' title="bbox 2397 1448 3981 1532">
    <p class='ocr_par' dir='ltr' id='par_1_57' title="bbox 2397 1448 3981 1532">
     <span class='ocr_line' id='line_1_57' title="bbox 2397 1448 3981 1532; baseline -0.005 -18"><span class='ocrx_word' id='word_1_386' title='bbox 2397 1463 2666 1532; x_wconf 89' lang='lat' dir='ltr'><strong>pluribus,</strong></span> <span class='ocrx_word' id='word_1_387' title='bbox 2728 1460 3055 1528; x_wconf 90' lang='lat' dir='ltr'><strong>quibuscum</strong></span> <span class='ocrx_word' id='word_1_388' title='bbox 3116 1458 3484 1529; x_wconf 83' lang='lat' dir='ltr'><strong>apographum</strong></span> <span class='ocrx_word' id='word_1_389' title='bbox 3535 1458 3677 1512; x_wconf 86' lang='lat' dir='ltr'><strong>istud</strong></span> <span class='ocrx_word' id='word_1_390' title='bbox 3724 1448 3856 1510; x_wconf 77' lang='lat' dir='ltr'><strong>olitii</strong></span> <span class='ocrx_word' id='word_1_391' title='bbox 3899 1465 3981 1509; x_wconf 86' lang='lat' dir='ltr'><strong>est</strong></span> 
     </span>
    </p>
   </div>
   <div class='ocr_carea' id='block_1_58' title="bbox 2395 1549 3977 1613">
    <p class='ocr_par' dir='ltr' id='par_1_58' title="bbox 2395 1549 3977 1613">
     <span class='ocr_line' id='line_1_58' title="bbox 2395 1549 3977 1613; baseline -0.006 -3"><span class='ocrx_word' id='word_1_392' title='bbox 2395 1556 2672 1610; x_wconf 90' lang='lat' dir='ltr'><strong>collatum.</strong></span> <span class='ocrx_word' id='word_1_393' title='bbox 2701 1554 2905 1606; x_wconf 83' lang='lat' dir='ltr'><strong>Auctor</strong></span> <span class='ocrx_word' id='word_1_394' title='bbox 2937 1553 3153 1605; x_wconf 91' lang='lat' dir='ltr'><strong>illorum</strong></span> <span class='ocrx_word' id='word_1_395' title='bbox 3183 1552 3464 1613; x_wconf 85' lang='lat' dir='ltr'><strong>Actorum,</strong></span> <span class='ocrx_word' id='word_1_396' title='bbox 3499 1550 3638 1605; x_wconf 87' lang='lat' dir='ltr'><strong>sicut</strong></span> <span class='ocrx_word' id='word_1_397' title='bbox 3669 1561 3722 1602; x_wconf 89' lang='lat' dir='ltr'><strong>et</strong></span> <span class='ocrx_word' id='word_1_398' title='bbox 3746 1549 3977 1602; x_wconf 79' lang='lat' dir='ltr'><strong>altorum</strong></span> 
     </span>
    </p>
   </div>
   <div class='ocr_carea' id='block_1_59' title="bbox 2398 1643 3972 1718">
    <p class='ocr_par' dir='ltr' id='par_1_59' title="bbox 2398 1643 3972 1718">
     <span class='ocr_line' id='line_1_59' title="bbox 2398 1643 3972 1718; baseline -0.006 -16"><span class='ocrx_word' id='word_1_399' title='bbox 2398 1648 2793 1718; x_wconf 80' lang='lat' dir='ltr'><strong>apustolorum,</strong></span> <span class='ocrx_word' id='word_1_400' title='bbox 2831 1646 2991 1715; x_wconf 90' lang='lat' dir='ltr'><strong>vulgo</strong></span> <span class='ocrx_word' id='word_1_401' title='bbox 3025 1652 3250 1698; x_wconf 90' lang='lat' dir='ltr'><strong>vocatur</strong></span> <span class='ocrx_word' id='word_1_402' title='bbox 3277 1643 3498 1704; x_wconf 85' lang='lat' dir='ltr'><strong>Abdias,</strong></span> <span class='ocrx_word' id='word_1_403' title='bbox 3527 1644 3618 1712; x_wconf 90' lang='lat' dir='ltr'><strong>qui</strong></span> <span class='ocrx_word' id='word_1_404' title='bbox 3649 1659 3706 1696; x_wconf 88' lang='lat' dir='ltr'><strong>se</strong></span> <span class='ocrx_word' id='word_1_405' title='bbox 3728 1645 3972 1710; x_wconf 90' lang='lat' dir='ltr'><strong>primum</strong></span> 
     </span>
    </p>
   </div>
   <div class='ocr_carea' id='block_1_60' title="bbox 2396 1735 3978 1812">
    <p class='ocr_par' dir='ltr' id='par_1_60' title="bbox 2396 1735 3978 1812">
     <span class='ocr_line' id='line_1_60' title="bbox 2396 1735 3978 1812; baseline -0.003 -20"><span class='ocrx_word' id='word_1_406' title='bbox 2396 1741 2708 1812; x_wconf 69' lang='lat' dir='ltr'><strong>Babyloniae</strong></span> <span class='ocrx_word' id='word_1_407' title='bbox 2739 1739 3062 1808; x_wconf 89' lang='lat' dir='ltr'><strong>episcopum</strong></span> <span class='ocrx_word' id='word_1_408' title='bbox 3104 1737 3370 1789; x_wconf 89' lang='lat' dir='ltr'><strong>mentitus</strong></span> <span class='ocrx_word' id='word_1_409' title='bbox 3405 1745 3506 1790; x_wconf 91' lang='lat' dir='ltr'><strong>est.</strong></span> <span class='ocrx_word' id='word_1_410' title='bbox 3557 1736 3613 1788; x_wconf 92' lang='lat' dir='ltr'><strong>In</strong></span> <span class='ocrx_word' id='word_1_411' title='bbox 3659 1735 3718 1786; x_wconf 85' lang='lat' dir='ltr'><strong>S.</strong></span> <span class='ocrx_word' id='word_1_412' title='bbox 3753 1735 3978 1788; x_wconf 82' lang='lat' dir='ltr'><strong>Bartho—</strong></span> 
     </span>
    </p>
   </div>
   <div class='ocr_carea' id='block_1_61' title="bbox 2398 1829 3979 1900">
    <p class='ocr_par' dir='ltr' id='par_1_61' title="bbox 2398 1829 3979 1900">
     <span class='ocr_line' id='line_1_61' title="bbox 2398 1829 3979 1900; baseline -0.004 -14"><span class='ocrx_word' id='word_1_413' title='bbox 2398 1836 2589 1888; x_wconf 78' lang='lat' dir='ltr'><strong>lomaeo</strong></span> <span class='ocrx_word' id='word_1_414' title='bbox 2619 1843 2749 1886; x_wconf 85' lang='lat' dir='ltr'><strong>lOlll.</strong></span> <span class='ocrx_word' id='word_1_415' title='bbox 2784 1832 2822 1886; x_wconf 82' lang='lat' dir='ltr'><strong>V</strong></span> <span class='ocrx_word' id='word_1_416' title='bbox 2852 1830 3100 1900; x_wconf 77' lang='lat' dir='ltr'><strong>Augusti,</strong></span> <span class='ocrx_word' id='word_1_417' title='bbox 3137 1845 3258 1898; x_wconf 79' lang='lat' dir='ltr'><strong>pag.</strong></span> <span class='ocrx_word' id='word_1_418' title='bbox 3297 1829 3389 1891; x_wconf 71' lang='lat'><strong>32,</strong></span> <span class='ocrx_word' id='word_1_419' title='bbox 3452 1830 3584 1880; x_wconf 87' lang='lat' dir='ltr'><strong>satis</strong></span> <span class='ocrx_word' id='word_1_420' title='bbox 3617 1829 3862 1888; x_wconf 78' lang='lat' dir='ltr'><strong>ostendi,</strong></span> <span class='ocrx_word' id='word_1_421' title='bbox 3903 1835 3979 1879; x_wconf 85' lang='lat' dir='ltr'><strong>to-</strong></span> 
     </span>
    </p>
   </div>
   <div class='ocr_carea' id='block_1_62' title="bbox 2398 1921 3969 1993">
    <p class='ocr_par' dir='ltr' id='par_1_62' title="bbox 2398 1921 3969 1993">
     <span class='ocr_line' id='line_1_62' title="bbox 2398 1921 3969 1993; baseline -0.004 -13"><span class='ocrx_word' id='word_1_422' title='bbox 2398 1938 2504 1981; x_wconf 90' lang='lat' dir='ltr'><strong>tam</strong></span> <span class='ocrx_word' id='word_1_423' title='bbox 2540 1925 2832 1980; x_wconf 88' lang='lat' dir='ltr'><strong>Historiam</strong></span> <span class='ocrx_word' id='word_1_424' title='bbox 2856 1924 3223 1993; x_wconf 89' lang='lat' dir='ltr'><strong>apostolorum</strong></span> <span class='ocrx_word' id='word_1_425' title='bbox 3259 1921 3684 1990; x_wconf 66' lang='lat' dir='ltr'><strong>pseudo-Abibo:</strong></span> <span class='ocrx_word' id='word_1_426' title='bbox 3720 1935 3827 1973; x_wconf 86' lang='lat' dir='ltr'><strong>non</strong></span> <span class='ocrx_word' id='word_1_427' title='bbox 3851 1934 3969 1973; x_wconf 86' lang='lat' dir='ltr'><strong>esse</strong></span> 
     </span>
    </p>
   </div>
   <div class='ocr_carea' id='block_1_63' title="bbox 2395 2013 3981 2095">
    <p class='ocr_par' dir='ltr' id='par_1_63' title="bbox 2395 2013 3981 2095">
     <span class='ocr_line' id='line_1_63' title="bbox 2395 2013 3981 2095; baseline -0.007 -19"><span class='ocrx_word' id='word_1_428' title='bbox 2395 2021 2501 2076; x_wconf 84' lang='lat' dir='ltr'><strong>fide</strong></span> <span class='ocrx_word' id='word_1_429' title='bbox 2533 2021 2773 2091; x_wconf 83' lang='lat' dir='ltr'><strong>dignam,</strong></span> <span class='ocrx_word' id='word_1_430' title='bbox 2810 2017 2993 2095; x_wconf 80' lang='lat' dir='ltr'><strong>ibique</strong></span> <span class='ocrx_word' id='word_1_431' title='bbox 3025 2015 3222 2069; x_wconf 82' lang='lat' dir='ltr'><strong>adduxi</strong></span> <span class='ocrx_word' id='word_1_432' title='bbox 3270 2016 3436 2068; x_wconf 82' lang='lat' dir='ltr'><strong>verba</strong></span> <span class='ocrx_word' id='word_1_433' title='bbox 3496 2013 3834 2073; x_wconf 79' lang='lat' dir='ltr'><strong>Bellarzuini,</strong></span> <span class='ocrx_word' id='word_1_434' title='bbox 3872 2014 3981 2065; x_wconf 69' lang='lat' dir='ltr'><strong>hmc</strong></span> 
     </span>
    </p>
   </div>
   <div class='ocr_carea' id='block_1_64' title="bbox 2396 2106 3983 2183">
    <p class='ocr_par' dir='ltr' id='par_1_64' title="bbox 2396 2106 3983 2183">
     <span class='ocr_line' id='line_1_64' title="bbox 2396 2106 3983 2183; baseline -0.006 -15"><span class='ocrx_word' id='word_1_435' title='bbox 2396 2114 2464 2168; x_wconf 92' lang='lat' dir='ltr'><strong>de</strong></span> <span class='ocrx_word' id='word_1_436' title='bbox 2525 2129 2591 2168; x_wconf 90' lang='lat' dir='ltr'><strong>eo</strong></span> <span class='ocrx_word' id='word_1_437' title='bbox 2637 2111 3088 2183; x_wconf 87' lang='lat' dir='ltr'><strong>pronuntiantis;</strong></span> <span class='ocrx_word' id='word_1_438' title='bbox 3137 2128 3155 2161; x_wconf 79' lang='grc' dir='ltr'>ι</span> <span class='ocrx_word' id='word_1_439' title='bbox 3208 2106 3343 2163; x_wconf 76' lang='lat' dir='ltr'><strong>Vita:</strong></span> <span class='ocrx_word' id='word_1_440' title='bbox 3409 2110 3816 2177; x_wconf 85' lang='lat' dir='ltr'><strong>apostolorum.</strong></span> <span class='ocrx_word' id='word_1_441' title='bbox 3867 2122 3983 2177; x_wconf 68' lang='lat' dir='ltr'><strong>quae</strong></span> 
     </span>
    </p>
   </div>
   <div class='ocr_carea' id='block_1_65' title="bbox 2397 2196 3983 2268">
    <p class='ocr_par' dir='ltr' id='par_1_65' title="bbox 2397 2196 3983 2268">
     <span class='ocr_line' id='line_1_65' title="bbox 2397 2196 3983 2268; baseline -0.005 -12"><span class='ocrx_word' id='word_1_442' title='bbox 2397 2203 2499 2257; x_wconf 90' lang='lat' dir='ltr'><strong>sub</strong></span> <span class='ocrx_word' id='word_1_443' title='bbox 2544 2201 2766 2256; x_wconf 86' lang='lat' dir='ltr'><strong>nomine</strong></span> <span class='ocrx_word' id='word_1_444' title='bbox 2801 2201 2920 2268; x_wconf 84' lang='lat' dir='ltr'><strong>ejus</strong></span> <span class='ocrx_word' id='word_1_445' title='bbox 2945 2196 3430 2258; x_wconf 78' lang='lat' dir='ltr'><strong>circumferuntur,</strong></span> <span class='ocrx_word' id='word_1_446' title='bbox 3461 2196 3661 2254; x_wconf 84' lang='lat' dir='ltr'><strong>fabulis</strong></span> <span class='ocrx_word' id='word_1_447' title='bbox 3686 2197 3983 2249; x_wconf 86' lang='lat' dir='ltr'><strong>similiores</strong></span> 
     </span>
    </p>
   </div>
   <div class='ocr_carea' id='block_1_66' title="bbox 2397 2287 3984 2364">
    <p class='ocr_par' dir='ltr' id='par_1_66' title="bbox 2397 2287 3984 2364">
     <span class='ocr_line' id='line_1_66' title="bbox 2397 2287 3984 2364; baseline -0.008 -13"><span class='ocrx_word' id='word_1_448' title='bbox 2397 2308 2550 2358; x_wconf 89' lang='lat' dir='ltr'><strong>sunt,</strong></span> <span class='ocrx_word' id='word_1_449' title='bbox 2585 2311 2746 2364; x_wconf 87' lang='lat' dir='ltr'><strong>quam</strong></span> <span class='ocrx_word' id='word_1_450' title='bbox 2774 2309 2919 2347; x_wconf 73' lang='lat' dir='ltr'><strong>vera:</strong></span> <span class='ocrx_word' id='word_1_451' title='bbox 2951 2291 3272 2346; x_wconf 83' lang='lat' dir='ltr'><strong>narrationi.</strong></span> <span class='ocrx_word' id='word_1_452' title='bbox 3307 2309 3324 2341; x_wconf 75' lang='grc' dir='ltr'>ι</span> <span class='ocrx_word' id='word_1_453' title='bbox 3360 2289 3689 2346; x_wconf 88' lang='lat' dir='ltr'><strong>Communis</strong></span> <span class='ocrx_word' id='word_1_454' title='bbox 3718 2287 3806 2341; x_wconf 87' lang='lat' dir='ltr'><strong>hic</strong></span> <span class='ocrx_word' id='word_1_455' title='bbox 3827 2288 3984 2341; x_wconf 87' lang='lat' dir='ltr'><strong>modo</strong></span> 
     </span>
    </p>
   </div>
   <div class='ocr_carea' id='block_1_67' title="bbox 2398 2379 3982 2442">
    <p class='ocr_par' dir='ltr' id='par_1_67' title="bbox 2398 2379 3982 2442">
     <span class='ocr_line' id='line_1_67' title="bbox 2398 2379 3982 2442; baseline -0.008 -1"><span class='ocrx_word' id='word_1_456' title='bbox 2398 2399 2481 2442; x_wconf 92' lang='lat' dir='ltr'><strong>cst</strong></span> <span class='ocrx_word' id='word_1_457' title='bbox 2505 2387 2850 2440; x_wconf 82' lang='lat' dir='ltr'><strong>eruditorum</strong></span> <span class='ocrx_word' id='word_1_458' title='bbox 2881 2396 3184 2436; x_wconf 79' lang='lat' dir='ltr'><strong>consensus</strong></span> <span class='ocrx_word' id='word_1_459' title='bbox 3205 2383 3272 2435; x_wconf 88' lang='lat' dir='ltr'><strong>de</strong></span> <span class='ocrx_word' id='word_1_460' title='bbox 3309 2383 3397 2434; x_wconf 86' lang='lat' dir='ltr'><strong>illa</strong></span> <span class='ocrx_word' id='word_1_461' title='bbox 3429 2381 3666 2434; x_wconf 79' lang='lat' dir='ltr'><strong>Historia</strong></span> <span class='ocrx_word' id='word_1_462' title='bbox 3700 2379 3982 2432; x_wconf 86' lang='lat' dir='ltr'><strong>universa.</strong></span> 
     </span>
    </p>
   </div>
   <div class='ocr_carea' id='block_1_68' title="bbox 2397 2467 3985 2534">
    <p class='ocr_par' dir='ltr' id='par_1_68' title="bbox 2397 2467 3985 2534">
     <span class='ocr_line' id='line_1_68' title="bbox 2397 2467 3985 2534; baseline -0.009 0"><span class='ocrx_word' id='word_1_463' title='bbox 2397 2478 2555 2534; x_wconf 87' lang='lat' dir='ltr'><strong>Libet</strong></span> <span class='ocrx_word' id='word_1_464' title='bbox 2604 2487 2783 2532; x_wconf 90' lang='lat' dir='ltr'><strong>tamen</strong></span> <span class='ocrx_word' id='word_1_465' title='bbox 2846 2477 3048 2531; x_wconf 82' lang='lat' dir='ltr'><strong>addere</strong></span> <span class='ocrx_word' id='word_1_466' title='bbox 3111 2489 3405 2527; x_wconf 82' lang='lat' dir='ltr'><strong>censuram</strong></span> <span class='ocrx_word' id='word_1_467' title='bbox 3469 2470 3698 2524; x_wconf 82' lang='lat' dir='ltr'><strong>Joannis</strong></span> <span class='ocrx_word' id='word_1_468' title='bbox 3756 2467 3985 2523; x_wconf 87' lang='lat' dir='ltr'><strong>Hesselii</strong></span> 
     </span>
    </p>
   </div>
   <div class='ocr_carea' id='block_1_69' title="bbox 2397 2562 3980 2638">
    <p class='ocr_par' dir='ltr' id='par_1_69' title="bbox 2397 2562 3980 2638">
     <span class='ocr_line' id='line_1_69' title="bbox 2397 2562 3980 2638; baseline -0.009 -11"><span class='ocrx_word' id='word_1_469' title='bbox 2397 2573 2779 2632; x_wconf 79' lang='lat' dir='ltr'><strong>Lovanicnsis,</strong></span> <span class='ocrx_word' id='word_1_470' title='bbox 2804 2585 2926 2638; x_wconf 70' lang='lat' dir='ltr'><strong>qua:</strong></span> <span class='ocrx_word' id='word_1_471' title='bbox 2963 2570 3222 2638; x_wconf 86' lang='lat' dir='ltr'><strong>impressa</strong></span> <span class='ocrx_word' id='word_1_472' title='bbox 3247 2565 3480 2619; x_wconf 87' lang='lat' dir='ltr'><strong>habetur</strong></span> <span class='ocrx_word' id='word_1_473' title='bbox 3515 2574 3638 2634; x_wconf 92' lang='lat' dir='ltr'><strong>post</strong></span> <span class='ocrx_word' id='word_1_474' title='bbox 3670 2562 3980 2617; x_wconf 78' lang='lat' dir='ltr'><strong>Usnarduut</strong></span> 
     </span>
    </p>
   </div>
   <div class='ocr_carea' id='block_1_70' title="bbox 2398 2655 3979 2726">
    <p class='ocr_par' dir='ltr' id='par_1_70' title="bbox 2398 2655 3979 2726">
     <span class='ocr_line' id='line_1_70' title="bbox 2398 2655 3979 2726; baseline -0.009 -8"><span class='ocrx_word' id='word_1_475' title='bbox 2398 2662 2625 2718; x_wconf 75' lang='lat' dir='ltr'><strong>Molani.</strong></span> <span class='ocrx_word' id='word_1_476' title='bbox 2675 2683 2690 2713; x_wconf 76' lang='grc' dir='ltr'>ι</span> <span class='ocrx_word' id='word_1_477' title='bbox 2733 2659 2942 2720; x_wconf 81' lang='lat' dir='ltr'><strong>Passio,</strong></span> <span class='ocrx_word' id='word_1_478' title='bbox 2977 2659 3172 2726; x_wconf 86' lang='lat' dir='ltr'><strong>inquit,</strong></span> <span class='ocrx_word' id='word_1_479' title='bbox 3202 2660 3374 2710; x_wconf 83' lang='lat' dir='ltr'><strong>sancti</strong></span> <span class='ocrx_word' id='word_1_480' title='bbox 3415 2657 3650 2710; x_wconf 55' lang='lat' dir='ltr'><strong>Matthei</strong></span> <span class='ocrx_word' id='word_1_481' title='bbox 3713 2671 3825 2708; x_wconf 87' lang='lat' dir='ltr'><strong>non</strong></span> <span class='ocrx_word' id='word_1_482' title='bbox 3865 2655 3979 2722; x_wconf 82' lang='lat' dir='ltr'><strong>pla-</strong></span> 
     </span>
    </p>
   </div>
   <div class='ocr_carea' id='block_1_71' title="bbox 2399 2748 3985 2822">
    <p class='ocr_par' dir='ltr' id='par_1_71' title="bbox 2399 2748 3985 2822">
     <span class='ocr_line' id='line_1_71' title="bbox 2399 2748 3985 2822; baseline -0.01 -8"><span class='ocrx_word' id='word_1_483' title='bbox 2399 2768 2508 2814; x_wconf 86' lang='lat' dir='ltr'><strong>cet.</strong></span> <span class='ocrx_word' id='word_1_484' title='bbox 2559 2776 2577 2809; x_wconf 75' lang='lat' dir='ltr'><strong>t</strong></span> <span class='ocrx_word' id='word_1_485' title='bbox 2629 2758 2769 2810; x_wconf 87' lang='lat' dir='ltr'><strong>&#39;l‘um</strong></span> <span class='ocrx_word' id='word_1_486' title='bbox 2799 2755 2892 2808; x_wconf 86' lang='lat' dir='ltr'><strong>dat</strong></span> <span class='ocrx_word' id='word_1_487' title='bbox 2926 2755 3140 2807; x_wconf 88' lang='lat' dir='ltr'><strong>initiuttt</strong></span> <span class='ocrx_word' id='word_1_488' title='bbox 3175 2752 3388 2822; x_wconf 82' lang='lat' dir='ltr'><strong>prologi</strong></span> <span class='ocrx_word' id='word_1_489' title='bbox 3428 2768 3439 2803; x_wconf 92' lang='lat'>:</span> <span class='ocrx_word' id='word_1_490' title='bbox 3473 2767 3488 2798; x_wconf 77' lang='grc' dir='ltr'>ι</span> <span class='ocrx_word' id='word_1_491' title='bbox 3526 2750 3805 2813; x_wconf 77' lang='lat' dir='ltr'><strong>Quoniam</strong></span> <span class='ocrx_word' id='word_1_492' title='bbox 3880 2748 3985 2799; x_wconf 79' lang='lat' dir='ltr'><strong>lleo</strong></span> 
     </span>
    </p>
   </div>
   <div class='ocr_carea' id='block_1_72' title="bbox 2399 2843 3985 2906">
    <p class='ocr_par' dir='ltr' id='par_1_72' title="bbox 2399 2843 3985 2906">
     <span class='ocr_line' id='line_1_72' title="bbox 2399 2843 3985 2906; baseline -0.007 -1"><span class='ocrx_word' id='word_1_493' title='bbox 2399 2867 2532 2906; x_wconf 90' lang='lat' dir='ltr'><strong>cura</strong></span> <span class='ocrx_word' id='word_1_494' title='bbox 2595 2860 2676 2904; x_wconf 89' lang='lat' dir='ltr'><strong>est</strong></span> <span class='ocrx_word' id='word_1_495' title='bbox 2752 2850 2820 2902; x_wconf 85' lang='lat' dir='ltr'><strong>de</strong></span> <span class='ocrx_word' id='word_1_496' title='bbox 2881 2847 3278 2902; x_wconf 66' lang='lat' dir='ltr'><strong>hominibus.»</strong></span> <span class='ocrx_word' id='word_1_497' title='bbox 3348 2843 3412 2898; x_wconf 88' lang='lat' dir='ltr'><strong>Et</strong></span> <span class='ocrx_word' id='word_1_498' title='bbox 3480 2859 3603 2898; x_wconf 75' lang='lat' dir='ltr'><strong>mox</strong></span> <span class='ocrx_word' id='word_1_499' title='bbox 3673 2846 3985 2895; x_wconf 75' lang='lat' dir='ltr'><strong>Actorum:</strong></span> 
     </span>
    </p>
   </div>
   <div class='ocr_carea' id='block_1_73' title="bbox 2403 2936 3986 3014">
    <p class='ocr_par' dir='ltr' id='par_1_73' title="bbox 2403 2936 3986 3014">
     <span class='ocr_line' id='line_1_73' title="bbox 2403 2936 3986 3014; baseline -0.008 -13"><span class='ocrx_word' id='word_1_500' title='bbox 2403 2948 2574 3001; x_wconf 83' lang='lat' dir='ltr'><strong>Erant</strong></span> <span class='ocrx_word' id='word_1_501' title='bbox 2607 2946 2790 3014; x_wconf 70' lang='lat' dir='ltr'><strong>itaque</strong></span> <span class='ocrx_word' id='word_1_502' title='bbox 2821 2943 2932 2996; x_wconf 89' lang='lat' dir='ltr'><strong>duo</strong></span> <span class='ocrx_word' id='word_1_503' title='bbox 2991 2941 3126 3011; x_wconf 87' lang='lat' dir='ltr'><strong>magi</strong></span> <span class='ocrx_word' id='word_1_504' title='bbox 3187 2940 3391 2995; x_wconf 85' lang='lat' dir='ltr'><strong>Zaroes</strong></span> <span class='ocrx_word' id='word_1_505' title='bbox 3458 2949 3511 2992; x_wconf 91' lang='lat' dir='ltr'><strong>et</strong></span> <span class='ocrx_word' id='word_1_506' title='bbox 3573 2937 3821 2991; x_wconf 74' lang='lat' dir='ltr'><strong>Arfaxat.</strong></span> <span class='ocrx_word' id='word_1_507' title='bbox 3867 2955 3884 2988; x_wconf 75' lang='grc' dir='ltr'><strong><em>ι</em></strong></span> <span class='ocrx_word' id='word_1_508' title='bbox 3932 2936 3986 2990; x_wconf 91' lang='lat' dir='ltr'><strong>ln</strong></span> 
     </span>
    </p>
   </div>
   <div class='ocr_carea' id='block_1_74' title="bbox 2398 3030 3989 3098">
    <p class='ocr_par' dir='ltr' id='par_1_74' title="bbox 2398 3030 3989 3098">
     <span class='ocr_line' id='line_1_74' title="bbox 2398 3030 3989 3098; baseline -0.008 -6"><span class='ocrx_word' id='word_1_509' title='bbox 2398 3037 2654 3092; x_wconf 77' lang='lat' dir='ltr'><strong>omnibus</strong></span> <span class='ocrx_word' id='word_1_510' title='bbox 2691 3034 2975 3088; x_wconf 88' lang='lat' dir='ltr'><strong>codicibus</strong></span> <span class='ocrx_word' id='word_1_511' title='bbox 3015 3033 3240 3096; x_wconf 90' lang='lat' dir='ltr'><strong>nostris,</strong></span> <span class='ocrx_word' id='word_1_512' title='bbox 3302 3047 3414 3085; x_wconf 83' lang='lat' dir='ltr'><strong>uno</strong></span> <span class='ocrx_word' id='word_1_513' title='bbox 3473 3040 3728 3098; x_wconf 86' lang='lat' dir='ltr'><strong>excepto,</strong></span> <span class='ocrx_word' id='word_1_514' title='bbox 3793 3030 3844 3080; x_wconf 92' lang='lat' dir='ltr'><strong>in</strong></span> <span class='ocrx_word' id='word_1_515' title='bbox 3883 3043 3989 3096; x_wconf 87' lang='lat' dir='ltr'><strong>quo</strong></span> 
     </span>
    </p>
   </div>
   <div class='ocr_carea' id='block_1_75' title="bbox 2397 3124 3987 3195">
    <p class='ocr_par' dir='ltr' id='par_1_75' title="bbox 2397 3124 3987 3195">
     <span class='ocr_line' id='line_1_75' title="bbox 2397 3124 3987 3195; baseline -0.006 -14"><span class='ocrx_word' id='word_1_516' title='bbox 2397 3131 2632 3181; x_wconf 83' lang='lat' dir='ltr'><strong>omissus</strong></span> <span class='ocrx_word' id='word_1_517' title='bbox 2659 3136 2742 3181; x_wconf 89' lang='lat' dir='ltr'><strong>est</strong></span> <span class='ocrx_word' id='word_1_518' title='bbox 2789 3128 3062 3195; x_wconf 81' lang='lat' dir='ltr'><strong>prologus,</strong></span> <span class='ocrx_word' id='word_1_519' title='bbox 3124 3125 3263 3178; x_wconf 86' lang='lat' dir='ltr'><strong>idem</strong></span> <span class='ocrx_word' id='word_1_520' title='bbox 3312 3135 3399 3176; x_wconf 87' lang='lat' dir='ltr'><strong>est</strong></span> <span class='ocrx_word' id='word_1_521' title='bbox 3479 3124 3634 3190; x_wconf 84' lang='lat' dir='ltr'><strong>plane</strong></span> <span class='ocrx_word' id='word_1_522' title='bbox 3690 3133 3987 3189; x_wconf 86' lang='lat' dir='ltr'><strong>utrumque</strong></span> 
     </span>
    </p>
   </div>
   <div class='ocr_carea' id='block_1_76' title="bbox 2324 3216 3988 3307">
    <p class='ocr_par' dir='ltr' id='par_1_76' title="bbox 2324 3216 3988 3307">
     <span class='ocr_line' id='line_1_76' title="bbox 2324 3216 3988 3307; baseline -0.005 -35"><span class='ocrx_word' id='word_1_523' title='bbox 2324 3249 2368 3307; x_wconf 64' lang='grc' dir='ltr'>ο</span> <span class='ocrx_word' id='word_1_524' title='bbox 2406 3220 2759 3290; x_wconf 87' lang='lat' dir='ltr'><strong>principium.</strong></span> <span class='ocrx_word' id='word_1_525' title='bbox 2838 3219 2897 3273; x_wconf 85' lang='lat' dir='ltr'><strong>In</strong></span> <span class='ocrx_word' id='word_1_526' title='bbox 2965 3217 3325 3286; x_wconf 88' lang='lat' dir='ltr'><strong>llltrajeetino</strong></span> <span class='ocrx_word' id='word_1_527' title='bbox 3383 3216 3634 3269; x_wconf 86' lang='lat' dir='ltr'><strong>similiter</strong></span> <span class='ocrx_word' id='word_1_528' title='bbox 3697 3226 3988 3281; x_wconf 87' lang='lat' dir='ltr'><strong>utrumque</strong></span> 
     </span>
    </p>
   </div>
   <div class='ocr_carea' id='block_1_77' title="bbox 2405 3310 3986 3383">
    <p class='ocr_par' dir='ltr' id='par_1_77' title="bbox 2405 3310 3986 3383">
     <span class='ocr_line' id='line_1_77' title="bbox 2405 3310 3986 3383; baseline -0.006 -16"><span class='ocrx_word' id='word_1_529' title='bbox 2405 3325 2676 3383; x_wconf 86' lang='lat' dir='ltr'><strong>reperttur</strong></span> <span class='ocrx_word' id='word_1_530' title='bbox 2710 3314 3038 3382; x_wconf 86' lang='lat' dir='ltr'><strong>principium</strong></span> <span class='ocrx_word' id='word_1_531' title='bbox 3086 3329 3099 3375; x_wconf 87' lang='lat'><strong>;</strong></span> <span class='ocrx_word' id='word_1_532' title='bbox 3144 3319 3235 3365; x_wconf 86' lang='lat' dir='ltr'><strong>scd</strong></span> <span class='ocrx_word' id='word_1_533' title='bbox 3273 3310 3556 3380; x_wconf 59' lang='lat' dir='ltr'><strong>praemissa</strong></span> <span class='ocrx_word' id='word_1_534' title='bbox 3619 3321 3751 3363; x_wconf 90' lang='lat' dir='ltr'><strong>sunt</strong></span> <span class='ocrx_word' id='word_1_535' title='bbox 3817 3323 3986 3376; x_wconf 74' lang='lat' dir='ltr'><strong>pauca</strong></span> 
     </span>
    </p>
   </div>
   <div class='ocr_carea' id='block_1_78' title="bbox 2401 3402 3991 3473">
    <p class='ocr_par' dir='ltr' id='par_1_78' title="bbox 2401 3402 3991 3473">
     <span class='ocr_line' id='line_1_78' title="bbox 2401 3402 3991 3473; baseline -0.006 -11"><span class='ocrx_word' id='word_1_536' title='bbox 2401 3409 2468 3462; x_wconf 90' lang='lat' dir='ltr'><strong>de</strong></span> <span class='ocrx_word' id='word_1_537' title='bbox 2507 3409 2725 3460; x_wconf 87' lang='lat' dir='ltr'><strong>nomine</strong></span> <span class='ocrx_word' id='word_1_538' title='bbox 2758 3404 3016 3467; x_wconf 59' lang='lat' dir='ltr'><strong>Matthxi,</strong></span> <span class='ocrx_word' id='word_1_539' title='bbox 3042 3420 3160 3473; x_wconf 77' lang='lat' dir='ltr'><strong>qua:</strong></span> <span class='ocrx_word' id='word_1_540' title='bbox 3199 3402 3436 3456; x_wconf 88' lang='lat' dir='ltr'><strong>alterum</strong></span> <span class='ocrx_word' id='word_1_541' title='bbox 3481 3403 3552 3454; x_wconf 88' lang='lat' dir='ltr'><strong>ibi</strong></span> <span class='ocrx_word' id='word_1_542' title='bbox 3584 3403 3793 3455; x_wconf 81' lang='lat' dir='ltr'><strong>faciunt</strong></span> <span class='ocrx_word' id='word_1_543' title='bbox 3866 3416 3991 3470; x_wconf 78' lang='lat' dir='ltr'><strong>pno-</strong></span> 
     </span>
    </p>
   </div>
   <div class='ocr_carea' id='block_1_79' title="bbox 2403 3495 3704 3569">
    <p class='ocr_par' dir='ltr' id='par_1_79' title="bbox 2403 3495 3704 3569">
     <span class='ocr_line' id='line_1_79' title="bbox 2403 3495 3704 3569; baseline -0.005 -16"><span class='ocrx_word' id='word_1_544' title='bbox 2403 3500 2610 3569; x_wconf 86' lang='lat' dir='ltr'><strong>lugum.</strong></span> <span class='ocrx_word' id='word_1_545' title='bbox 2649 3497 2908 3549; x_wconf 83' lang='lat' dir='ltr'><strong>Rationes</strong></span> <span class='ocrx_word' id='word_1_546' title='bbox 2938 3495 3165 3548; x_wconf 86' lang='lat' dir='ltr'><strong>Hesselii</strong></span> <span class='ocrx_word' id='word_1_547' title='bbox 3192 3495 3352 3546; x_wconf 84' lang='lat' dir='ltr'><strong>modo</strong></span> <span class='ocrx_word' id='word_1_548' title='bbox 3394 3495 3704 3547; x_wconf 86' lang='lat' dir='ltr'><strong>audiamus.</strong></span> 
     </span>
    </p>
   </div>
   <div class='ocr_carea' id='block_1_80' title="bbox 2475 3585 3988 3655">
    <p class='ocr_par' dir='ltr' id='par_1_80' title="bbox 2475 3585 3988 3655">
     <span class='ocr_line' id='line_1_80' title="bbox 2475 3585 3988 3655; baseline -0.005 -11"><span class='ocrx_word' id='word_1_549' title='bbox 2475 3591 2528 3644; x_wconf 82' lang='lat'><strong>5.</strong></span> <span class='ocrx_word' id='word_1_550' title='bbox 2572 3607 2588 3640; x_wconf 70' lang='grc' dir='ltr'>ι</span> <span class='ocrx_word' id='word_1_551' title='bbox 2634 3589 2792 3650; x_wconf 82' lang='lat' dir='ltr'><strong>Diett,</strong></span> <span class='ocrx_word' id='word_1_552' title='bbox 2852 3588 3166 3641; x_wconf 87' lang='lat' dir='ltr'><strong>eunuchum</strong></span> <span class='ocrx_word' id='word_1_553' title='bbox 3220 3585 3397 3647; x_wconf 89' lang='lat' dir='ltr'><strong>illum,</strong></span> <span class='ocrx_word' id='word_1_554' title='bbox 3470 3602 3629 3654; x_wconf 87' lang='lat' dir='ltr'><strong>quem</strong></span> <span class='ocrx_word' id='word_1_555' title='bbox 3697 3585 3988 3655; x_wconf 85' lang='lat' dir='ltr'><strong>Philippus</strong></span> 
     </span>
    </p>
   </div>
   <div class='ocr_carea' id='block_1_81' title="bbox 2403 3677 3991 3754">
    <p class='ocr_par' dir='ltr' id='par_1_81' title="bbox 2403 3677 3991 3754">
     <span class='ocr_line' id='line_1_81' title="bbox 2403 3677 3991 3754; baseline -0.004 -16"><span class='ocrx_word' id='word_1_556' title='bbox 2403 3682 2720 3754; x_wconf 86' lang='lat' dir='ltr'><strong>baptizavit,</strong></span> <span class='ocrx_word' id='word_1_557' title='bbox 2761 3679 3374 3742; x_wconf 72' lang='lat' dir='ltr'><strong>vocatum(Zandaccm,</strong></span> <span class='ocrx_word' id='word_1_558' title='bbox 3437 3693 3557 3732; x_wconf 89' lang='lat' dir='ltr'><strong>cum</strong></span> <span class='ocrx_word' id='word_1_559' title='bbox 3618 3677 3796 3731; x_wconf 88' lang='lat' dir='ltr'><strong>Lucas</strong></span> <span class='ocrx_word' id='word_1_560' title='bbox 3872 3682 3991 3732; x_wconf 87' lang='lat' dir='ltr'><strong>Act.</strong></span> 
     </span>
    </p>
   </div>
   <div class='ocr_carea' id='block_1_82' title="bbox 2405 3773 3985 3844">
    <p class='ocr_par' dir='ltr' id='par_1_82' title="bbox 2405 3773 3985 3844">
     <span class='ocr_line' id='line_1_82' title="bbox 2405 3773 3985 3844; baseline -0.004 -14"><span class='ocrx_word' id='word_1_561' title='bbox 2405 3794 2499 3831; x_wconf 89' lang='lat' dir='ltr'><strong>vttt</strong></span> <span class='ocrx_word' id='word_1_562' title='bbox 2533 3776 2699 3839; x_wconf 83' lang='lat' dir='ltr'><strong>dicat,</strong></span> <span class='ocrx_word' id='word_1_563' title='bbox 2735 3791 2977 3844; x_wconf 85' lang='lat' dir='ltr'><strong>reginam</strong></span> <span class='ocrx_word' id='word_1_564' title='bbox 3010 3773 3336 3841; x_wconf 68' lang='lat' dir='ltr'><strong>Aithiopnnt</strong></span> <span class='ocrx_word' id='word_1_565' title='bbox 3403 3775 3600 3827; x_wconf 80' lang='lat' dir='ltr'><strong>dictam</strong></span> <span class='ocrx_word' id='word_1_566' title='bbox 3651 3773 3985 3827; x_wconf 81' lang='lat' dir='ltr'><strong>Candacem.</strong></span> 
     </span>
    </p>
   </div>
   <div class='ocr_carea' id='block_1_83' title="bbox 2402 3865 3990 3936">
    <p class='ocr_par' dir='ltr' id='par_1_83' title="bbox 2402 3865 3990 3936">
     <span class='ocr_line' id='line_1_83' title="bbox 2402 3865 3990 3936; baseline -0.004 -12"><span class='ocrx_word' id='word_1_567' title='bbox 2402 3869 2496 3924; x_wconf 85' lang='lat' dir='ltr'><strong>Est</strong></span> <span class='ocrx_word' id='word_1_568' title='bbox 2519 3869 2668 3921; x_wconf 78' lang='lat' dir='ltr'><strong>enim</strong></span> <span class='ocrx_word' id='word_1_569' title='bbox 2731 3867 2979 3920; x_wconf 75' lang='lat' dir='ltr'><strong>Conduce</strong></span> <span class='ocrx_word' id='word_1_570' title='bbox 3048 3877 3245 3917; x_wconf 84' lang='lat' dir='ltr'><strong>nomen</strong></span> <span class='ocrx_word' id='word_1_571' title='bbox 3312 3869 3620 3934; x_wconf 85' lang='lat' dir='ltr'><strong>reginarum</strong></span> <span class='ocrx_word' id='word_1_572' title='bbox 3670 3865 3990 3936; x_wconf 43' lang='lat' dir='ltr'><strong>[Ethiopian</strong></span> 
     </span>
    </p>
   </div>
   <div class='ocr_carea' id='block_1_84' title="bbox 2404 3955 3988 4028">
    <p class='ocr_par' dir='ltr' id='par_1_84' title="bbox 2404 3955 3988 4028">
     <span class='ocr_line' id='line_1_84' title="bbox 2404 3955 3988 4028; baseline -0.003 -11"><span class='ocrx_word' id='word_1_573' title='bbox 2404 3966 2550 4017; x_wconf 87' lang='lat' dir='ltr'><strong>sicut</strong></span> <span class='ocrx_word' id='word_1_574' title='bbox 2585 3960 2797 4014; x_wconf 81' lang='lat' dir='ltr'><strong>l’harao</strong></span> <span class='ocrx_word' id='word_1_575' title='bbox 2844 3973 3030 4028; x_wconf 83' lang='lat' dir='ltr'><strong>regum</strong></span> <span class='ocrx_word' id='word_1_576' title='bbox 3089 3955 3334 4028; x_wconf 59' lang='lat' dir='ltr'><strong>Algypti.</strong></span> <span class='ocrx_word' id='word_1_577' title='bbox 3403 3958 3612 4010; x_wconf 86' lang='lat' dir='ltr'><strong>Dicitur</strong></span> <span class='ocrx_word' id='word_1_578' title='bbox 3678 3959 3731 4010; x_wconf 89' lang='lat' dir='ltr'><strong>itt</strong></span> <span class='ocrx_word' id='word_1_579' title='bbox 3800 3962 3988 4012; x_wconf 84' lang='lat' dir='ltr'><strong>eadem</strong></span> 
     </span>
    </p>
   </div>
   <div class='ocr_carea' id='block_1_85' title="bbox 2405 4052 3989 4122">
    <p class='ocr_par' dir='ltr' id='par_1_85' title="bbox 2405 4052 3989 4122">
     <span class='ocr_line' id='line_1_85' title="bbox 2405 4052 3989 4122; baseline -0.003 -14"><span class='ocrx_word' id='word_1_580' title='bbox 2405 4054 2656 4116; x_wconf 91' lang='lat' dir='ltr'><strong>historia,</strong></span> <span class='ocrx_word' id='word_1_581' title='bbox 2680 4054 2821 4121; x_wconf 89' lang='lat' dir='ltr'><strong>quod</strong></span> <span class='ocrx_word' id='word_1_582' title='bbox 2851 4053 3103 4107; x_wconf 78' lang='lat' dir='ltr'><strong>Christus</strong></span> <span class='ocrx_word' id='word_1_583' title='bbox 3141 4062 3453 4106; x_wconf 80' lang='lat' dir='ltr'><strong>terrestrem</strong></span> <span class='ocrx_word' id='word_1_584' title='bbox 3486 4052 3799 4120; x_wconf 85' lang='lat' dir='ltr'><strong>paradisum</strong></span> <span class='ocrx_word' id='word_1_585' title='bbox 3857 4069 3989 4122; x_wconf 80' lang='lat' dir='ltr'><strong>ape-</strong></span> 
     </span>
    </p>
   </div>
   <div class='ocr_carea' id='block_1_86' title="bbox 2403 4145 3988 4214">
    <p class='ocr_par' dir='ltr' id='par_1_86' title="bbox 2403 4145 3988 4214">
     <span class='ocr_line' id='line_1_86' title="bbox 2403 4145 3988 4214; baseline -0.003 -13"><span class='ocrx_word' id='word_1_586' title='bbox 2403 4150 2515 4202; x_wconf 88' lang='lat' dir='ltr'><strong>ruit</strong></span> <span class='ocrx_word' id='word_1_587' title='bbox 2549 4147 2744 4198; x_wconf 90' lang='lat' dir='ltr'><strong>latroni</strong></span> <span class='ocrx_word' id='word_1_588' title='bbox 2785 4153 2840 4198; x_wconf 91' lang='lat' dir='ltr'><strong>et</strong></span> <span class='ocrx_word' id='word_1_589' title='bbox 2868 4145 3158 4197; x_wconf 86' lang='lat' dir='ltr'><strong>animabus</strong></span> <span class='ocrx_word' id='word_1_590' title='bbox 3199 4148 3405 4197; x_wconf 87' lang='lat' dir='ltr'><strong>sanctis</strong></span> <span class='ocrx_word' id='word_1_591' title='bbox 3466 4146 3532 4198; x_wconf 89' lang='lat' dir='ltr'><strong>de</strong></span> <span class='ocrx_word' id='word_1_592' title='bbox 3593 4160 3832 4214; x_wconf 88' lang='lat' dir='ltr'><strong>corpore</strong></span> <span class='ocrx_word' id='word_1_593' title='bbox 3893 4160 3988 4198; x_wconf 75' lang='lat' dir='ltr'><strong>ex-</strong></span> 
     </span>
    </p>
   </div>
   <div class='ocr_carea' id='block_1_87' title="bbox 2407 4237 3991 4308">
    <p class='ocr_par' dir='ltr' id='par_1_87' title="bbox 2407 4237 3991 4308">
     <span class='ocr_line' id='line_1_87' title="bbox 2407 4237 3991 4308; baseline 0 -16"><span class='ocrx_word' id='word_1_594' title='bbox 2407 4239 2690 4300; x_wconf 83' lang='lat' dir='ltr'><strong>euntibus,</strong></span> <span class='ocrx_word' id='word_1_595' title='bbox 2730 4237 2784 4289; x_wconf 85' lang='lat' dir='ltr'><strong>iti</strong></span> <span class='ocrx_word' id='word_1_596' title='bbox 2834 4237 2920 4290; x_wconf 90' lang='lat' dir='ltr'><strong>die</strong></span> <span class='ocrx_word' id='word_1_597' title='bbox 2980 4249 3160 4289; x_wconf 80' lang='lat' dir='ltr'><strong>autem</strong></span> <span class='ocrx_word' id='word_1_598' title='bbox 3231 4237 3528 4290; x_wconf 87' lang='lat' dir='ltr'><strong>novissimo</strong></span> <span class='ocrx_word' id='word_1_599' title='bbox 3581 4240 3991 4308; x_wconf 81' lang='lat' dir='ltr'><strong>resurgentibus</strong></span> 
     </span>
    </p>
   </div>
   <div class='ocr_carea' id='block_1_88' title="bbox 2410 4330 3982 4402">
    <p class='ocr_par' dir='ltr' id='par_1_88' title="bbox 2410 4330 3982 4402">
     <span class='ocr_line' id='line_1_88' title="bbox 2410 4330 3982 4402; baseline -0.003 -16"><span class='ocrx_word' id='word_1_600' title='bbox 2410 4345 2574 4402; x_wconf 80' lang='lat' dir='ltr'><strong>regna</strong></span> <span class='ocrx_word' id='word_1_601' title='bbox 2595 4330 2857 4384; x_wconf 67' lang='lat' dir='ltr'><strong>malorum</strong></span> <span class='ocrx_word' id='word_1_602' title='bbox 2891 4345 2903 4380; x_wconf 89' lang='lat'><strong>:</strong></span> <span class='ocrx_word' id='word_1_603' title='bbox 2936 4344 3059 4383; x_wconf 92' lang='lat' dir='ltr'><strong>cum</strong></span> <span class='ocrx_word' id='word_1_604' title='bbox 3095 4331 3403 4383; x_wconf 84' lang='lat' dir='ltr'><strong>secundum</strong></span> <span class='ocrx_word' id='word_1_605' title='bbox 3434 4330 3666 4382; x_wconf 87' lang='lat' dir='ltr'><strong>Paulum</strong></span> <span class='ocrx_word' id='word_1_606' title='bbox 3702 4338 3759 4382; x_wconf 90' lang='lat' dir='ltr'><strong>et</strong></span> <span class='ocrx_word' id='word_1_607' title='bbox 3826 4333 3982 4384; x_wconf 84' lang='lat' dir='ltr'><strong>tidem</strong></span> 
     </span>
    </p>
   </div>
   <div class='ocr_carea' id='block_1_89' title="bbox 2408 4422 3991 4490">
    <p class='ocr_par' dir='ltr' id='par_1_89' title="bbox 2408 4422 3991 4490">
     <span class='ocr_line' id='line_1_89' title="bbox 2408 4422 3991 4490; baseline -0.004 -9"><span class='ocrx_word' id='word_1_608' title='bbox 2408 4423 2731 4481; x_wconf 88' lang='lat' dir='ltr'><strong>catholicam</strong></span> <span class='ocrx_word' id='word_1_609' title='bbox 2767 4423 3415 4490; x_wconf 69' lang='lat' dir='ltr'><strong>animansanctorumjam</strong></span> <span class='ocrx_word' id='word_1_610' title='bbox 3451 4422 3614 4476; x_wconf 87' lang='lat' dir='ltr'><strong>etiam</strong></span> <span class='ocrx_word' id='word_1_611' title='bbox 3647 4433 3776 4476; x_wconf 85' lang='lat' dir='ltr'><strong>ante</strong></span> <span class='ocrx_word' id='word_1_612' title='bbox 3811 4438 3991 4477; x_wconf 74' lang='lat' dir='ltr'><strong>resur~</strong></span> 
     </span>
    </p>
   </div>
   <div class='ocr_carea' id='block_1_90' title="bbox 2406 4513 3990 4584">
    <p class='ocr_par' dir='ltr' id='par_1_90' title="bbox 2406 4513 3990 4584">
     <span class='ocr_line' id='line_1_90' title="bbox 2406 4513 3990 4584; baseline 0 -13"><span class='ocrx_word' id='word_1_613' title='bbox 2406 4517 2703 4571; x_wconf 88' lang='lat' dir='ltr'><strong>rectionem</strong></span> <span class='ocrx_word' id='word_1_614' title='bbox 2739 4515 2933 4567; x_wconf 87' lang='lat' dir='ltr'><strong>adeant</strong></span> <span class='ocrx_word' id='word_1_615' title='bbox 2965 4515 3150 4569; x_wconf 68' lang='lat' dir='ltr'><strong>cazlos.</strong></span> <span class='ocrx_word' id='word_1_616' title='bbox 3188 4513 3328 4568; x_wconf 86' lang='lat' dir='ltr'><strong>Dicit</strong></span> <span class='ocrx_word' id='word_1_617' title='bbox 3356 4523 3410 4569; x_wconf 89' lang='lat' dir='ltr'><strong>et</strong></span> <span class='ocrx_word' id='word_1_618' title='bbox 3442 4517 3676 4584; x_wconf 89' lang='lat' dir='ltr'><strong>primum</strong></span> <span class='ocrx_word' id='word_1_619' title='bbox 3715 4517 3990 4571; x_wconf 84' lang='lat' dir='ltr'><strong>hominem</strong></span> 
     </span>
    </p>
   </div>
   <div class='ocr_carea' id='block_1_91' title="bbox 738 4600 3992 4678">
    <p class='ocr_par' dir='ltr' id='par_1_91' title="bbox 738 4600 3992 4678">
     <span class='ocr_line' id='line_1_91' title="bbox 738 4600 3992 4678; baseline 0.001 -18"><span class='ocrx_word' id='word_1_620' title='bbox 738 4609 907 4660; x_wconf 81' lang='lat' dir='ltr'><strong>etiam</strong></span> <span class='ocrx_word' id='word_1_621' title='bbox 943 4603 1190 4666; x_wconf 83' lang='lat' dir='ltr'><strong>Armeni,</strong></span> <span class='ocrx_word' id='word_1_622' title='bbox 1233 4611 1290 4654; x_wconf 94' lang='lat' dir='ltr'><strong>ut</strong></span> <span class='ocrx_word' id='word_1_623' title='bbox 1326 4600 1501 4656; x_wconf 86' lang='lat' dir='ltr'><strong>habeo</strong></span> <span class='ocrx_word' id='word_1_624' title='bbox 1529 4616 1593 4655; x_wconf 79' lang='lat' dir='ltr'><strong>ex</strong></span> <span class='ocrx_word' id='word_1_625' title='bbox 1627 4602 1826 4656; x_wconf 88' lang='lat' dir='ltr'><strong>Ordine</strong></span> <span class='ocrx_word' id='word_1_626' title='bbox 1861 4612 2129 4672; x_wconf 89' lang='lat' dir='ltr'><strong>perpetuo</strong></span> <span class='ocrx_word' id='word_1_627' title='bbox 2157 4607 2304 4662; x_wconf 87' lang='lat' dir='ltr'><strong>cele-</strong></span> <span class='ocrx_word' id='word_1_628' title='bbox 2338 4617 2381 4672; x_wconf 85' lang='grc' dir='ltr'><strong>ῐ)</strong></span> <span class='ocrx_word' id='word_1_629' title='bbox 2413 4608 2651 4678; x_wconf 79' lang='lat' dir='ltr'><strong>patuisse</strong></span> <span class='ocrx_word' id='word_1_630' title='bbox 2687 4606 2830 4678; x_wconf 80' lang='lat' dir='ltr'><strong>laqui</strong></span> <span class='ocrx_word' id='word_1_631' title='bbox 2859 4607 2911 4659; x_wconf 92' lang='lat' dir='ltr'><strong>in</strong></span> <span class='ocrx_word' id='word_1_632' title='bbox 2946 4607 3194 4676; x_wconf 87' lang='lat' dir='ltr'><strong>paradiso</strong></span> <span class='ocrx_word' id='word_1_633' title='bbox 3222 4624 3345 4661; x_wconf 85' lang='lat' dir='ltr'><strong>cum</strong></span> <span class='ocrx_word' id='word_1_634' title='bbox 3371 4609 3623 4662; x_wconf 89' lang='lat' dir='ltr'><strong>omnibus</strong></span> <span class='ocrx_word' id='word_1_635' title='bbox 3644 4609 3992 4665; x_wconf 83' lang='lat' dir='ltr'><strong>animalibus.</strong></span> 
     </span>
    </p>
   </div>
   <div class='ocr_carea' id='block_1_92' title="bbox 739 4693 2304 4767">
    <p class='ocr_par' dir='ltr' id='par_1_92' title="bbox 739 4693 2304 4767">
     <span class='ocr_line' id='line_1_92' title="bbox 739 4693 2304 4767; baseline -0.001 -13"><span class='ocrx_word' id='word_1_636' title='bbox 739 4698 938 4754; x_wconf 83' lang='lat' dir='ltr'><strong>brandl</strong></span> <span class='ocrx_word' id='word_1_637' title='bbox 968 4695 1154 4750; x_wconf 76' lang='lat' dir='ltr'><strong>Officia</strong></span> <span class='ocrx_word' id='word_1_638' title='bbox 1184 4706 1238 4748; x_wconf 89' lang='lat' dir='ltr'><strong>et</strong></span> <span class='ocrx_word' id='word_1_639' title='bbox 1289 4693 1617 4747; x_wconf 82' lang='lat' dir='ltr'><strong>festivitates</strong></span> <span class='ocrx_word' id='word_1_640' title='bbox 1646 4698 1786 4762; x_wconf 85' lang='lat' dir='ltr'><strong>apud</strong></span> <span class='ocrx_word' id='word_1_641' title='bbox 1821 4698 2112 4760; x_wconf 80' lang='lat' dir='ltr'><strong>Armenos,</strong></span> <span class='ocrx_word' id='word_1_642' title='bbox 2143 4714 2304 4767; x_wconf 89' lang='lat' dir='ltr'><strong>quem</strong></span> 
     </span>
    </p>
   </div>
   <div class='ocr_carea' id='block_1_93' title="bbox 740 4783 2306 4856">
    <p class='ocr_par' dir='ltr' id='par_1_93' title="bbox 740 4783 2306 4856">
     <span class='ocr_line' id='line_1_93' title="bbox 740 4783 2306 4856; baseline 0.01 -27"><span class='ocrx_word' id='word_1_643' title='bbox 740 4791 933 4844; x_wconf 56' lang='lat' dir='ltr'><strong>Latine</strong></span> <span class='ocrx_word' id='word_1_644' title='bbox 1019 4786 1258 4840; x_wconf 83' lang='lat' dir='ltr'><strong>reddidit</strong></span> <span class='ocrx_word' id='word_1_645' title='bbox 1315 4794 1369 4836; x_wconf 86' lang='lat' dir='ltr'><strong>et</strong></span> <span class='ocrx_word' id='word_1_646' title='bbox 1449 4783 1502 4836; x_wconf 85' lang='lat' dir='ltr'><strong>in</strong></span> <span class='ocrx_word' id='word_1_647' title='bbox 1589 4783 1920 4838; x_wconf 73' lang='lat' dir='ltr'><strong>Bibliodtcca</strong></span> <span class='ocrx_word' id='word_1_648' title='bbox 1991 4785 2306 4856; x_wconf 78' lang='lat' dir='ltr'><strong>Orientalis,</strong></span> 
     </span>
    </p>
   </div>
   <div class='ocr_carea' id='block_1_94' title="bbox 742 4872 2302 4947">
    <p class='ocr_par' dir='ltr' id='par_1_94' title="bbox 742 4872 2302 4947">
     <span class='ocr_line' id='line_1_94' title="bbox 742 4872 2302 4947; baseline 0.001 -14"><span class='ocrx_word' id='word_1_649' title='bbox 742 4886 875 4933; x_wconf 82' lang='lat' dir='ltr'><strong>toni.</strong></span> <span class='ocrx_word' id='word_1_650' title='bbox 908 4876 1000 4942; x_wconf 85' lang='lat' dir='ltr'><strong>lll,</strong></span> <span class='ocrx_word' id='word_1_651' title='bbox 1029 4892 1152 4947; x_wconf 84' lang='lat' dir='ltr'><strong>pag.</strong></span> <span class='ocrx_word' id='word_1_652' title='bbox 1192 4873 1296 4928; x_wconf 80' lang='grc'><strong>645</strong></span> <span class='ocrx_word' id='word_1_653' title='bbox 1335 4872 1510 4928; x_wconf 85' lang='lat' dir='ltr'><strong>edidit</strong></span> <span class='ocrx_word' id='word_1_654' title='bbox 1560 4874 1912 4929; x_wconf 86' lang='lat' dir='ltr'><strong>doctissimus</strong></span> <span class='ocrx_word' id='word_1_655' title='bbox 1949 4878 2302 4934; x_wconf 91' lang='lat' dir='ltr'><strong>Assemanus.</strong></span> 
     </span>
    </p>
   </div>
   <div class='ocr_carea' id='block_1_95' title="bbox 739 4965 2313 5040">
    <p class='ocr_par' dir='ltr' id='par_1_95' title="bbox 739 4965 2313 5040">
     <span class='ocr_line' id='line_1_95' title="bbox 739 4965 2313 5040; baseline 0.001 -15"><span class='ocrx_word' id='word_1_656' title='bbox 739 4969 974 5040; x_wconf 56' lang='grc' dir='ltr'><strong>ΛεωνιῘί</strong></span> <span class='ocrx_word' id='word_1_657' title='bbox 1003 4969 1222 5022; x_wconf 90' lang='lat' dir='ltr'><strong>demum</strong></span> <span class='ocrx_word' id='word_1_658' title='bbox 1271 4977 1325 5020; x_wconf 88' lang='lat' dir='ltr'><strong>et</strong></span> <span class='ocrx_word' id='word_1_659' title='bbox 1382 4965 1670 5036; x_wconf 67' lang='lat' dir='ltr'><strong>A&#39;IthiOpes</strong></span> <span class='ocrx_word' id='word_1_660' title='bbox 1719 4970 1970 5022; x_wconf 89' lang='lat' dir='ltr'><strong>eumdem</strong></span> <span class='ocrx_word' id='word_1_661' title='bbox 2031 4971 2313 5040; x_wconf 81' lang='lat' dir='ltr'><strong>elegerunt</strong></span> 
     </span>
    </p>
   </div>
   <div class='ocr_carea' id='block_1_96' title="bbox 740 5060 2309 5128">
    <p class='ocr_par' dir='ltr' id='par_1_96' title="bbox 740 5060 2309 5128">
     <span class='ocr_line' id='line_1_96' title="bbox 740 5060 2309 5128; baseline 0.001 -10"><span class='ocrx_word' id='word_1_662' title='bbox 740 5066 883 5120; x_wconf 87' lang='lat' dir='ltr'><strong>diem</strong></span> <span class='ocrx_word' id='word_1_663' title='bbox 920 5062 986 5114; x_wconf 76' lang='grc'><strong>16</strong></span> <span class='ocrx_word' id='word_1_664' title='bbox 1043 5060 1394 5123; x_wconf 79' lang='lat' dir='ltr'><strong>Novembris,</strong></span> <span class='ocrx_word' id='word_1_665' title='bbox 1448 5075 1556 5128; x_wconf 88' lang='lat' dir='ltr'><strong>qtto</strong></span> <span class='ocrx_word' id='word_1_666' title='bbox 1605 5073 1828 5114; x_wconf 81' lang='lat' dir='ltr'><strong>sanctus</strong></span> <span class='ocrx_word' id='word_1_667' title='bbox 1875 5061 2159 5118; x_wconf 75' lang='lat' dir='ltr'><strong>Mattlnnus</strong></span> <span class='ocrx_word' id='word_1_668' title='bbox 2211 5081 2309 5119; x_wconf 57' lang='lat' dir='ltr'><strong>an-</strong></span> 
     </span>
    </p>
   </div>
   <div class='ocr_carea' id='block_1_97' title="bbox 741 5143 2311 5220">
    <p class='ocr_par' dir='ltr' id='par_1_97' title="bbox 741 5143 2311 5220">
     <span class='ocr_line' id='line_1_97' title="bbox 741 5143 2311 5220; baseline 0.003 -17"><span class='ocrx_word' id='word_1_669' title='bbox 741 5149 1025 5204; x_wconf 89' lang='lat' dir='ltr'><strong>nuntiatur</strong></span> <span class='ocrx_word' id='word_1_670' title='bbox 1057 5149 1113 5200; x_wconf 84' lang='lat' dir='ltr'><strong>in</strong></span> <span class='ocrx_word' id='word_1_671' title='bbox 1142 5143 1317 5200; x_wconf 82' lang='lat' dir='ltr'><strong>Fastis</strong></span> <span class='ocrx_word' id='word_1_672' title='bbox 1350 5145 1686 5215; x_wconf 76' lang='lat' dir='ltr'><strong>COlearum</strong></span> <span class='ocrx_word' id='word_1_673' title='bbox 1745 5164 1840 5220; x_wconf 90' lang='lat' dir='ltr'><strong>per</strong></span> <span class='ocrx_word' id='word_1_674' title='bbox 1873 5151 2160 5205; x_wconf 85' lang='lat' dir='ltr'><strong>Ludoll&#39;um</strong></span> <span class='ocrx_word' id='word_1_675' title='bbox 2193 5156 2311 5209; x_wconf 85' lang='lat' dir='ltr'><strong>edi-</strong></span> 
     </span>
    </p>
   </div>
   <div class='ocr_carea' id='block_1_98' title="bbox 746 5237 2314 5311">
    <p class='ocr_par' dir='ltr' id='par_1_98' title="bbox 746 5237 2314 5311">
     <span class='ocr_line' id='line_1_98' title="bbox 746 5237 2314 5311; baseline 0.004 -16"><span class='ocrx_word' id='word_1_676' title='bbox 746 5243 838 5306; x_wconf 82' lang='lat' dir='ltr'><strong>tis,</strong></span> <span class='ocrx_word' id='word_1_677' title='bbox 883 5251 937 5294; x_wconf 83' lang='lat' dir='ltr'><strong>et</strong></span> <span class='ocrx_word' id='word_1_678' title='bbox 987 5240 1040 5292; x_wconf 91' lang='lat' dir='ltr'><strong>in</strong></span> <span class='ocrx_word' id='word_1_679' title='bbox 1092 5237 1308 5294; x_wconf 88' lang='lat' dir='ltr'><strong>duobus</strong></span> <span class='ocrx_word' id='word_1_680' title='bbox 1339 5239 1458 5291; x_wconf 91' lang='lat' dir='ltr'><strong>aliis</strong></span> <span class='ocrx_word' id='word_1_681' title='bbox 1495 5237 1809 5311; x_wconf 81' lang='lat' dir='ltr'><strong>Menologiis</strong></span> <span class='ocrx_word' id='word_1_682' title='bbox 1860 5246 2182 5298; x_wconf 90' lang='lat' dir='ltr'><strong>eorumdem</strong></span> <span class='ocrx_word' id='word_1_683' title='bbox 2218 5258 2314 5303; x_wconf 90' lang='lat' dir='ltr'><strong>aut</strong></span> 
     </span>
    </p>
   </div>
   <div class='ocr_carea' id='block_1_99' title="bbox 743 5327 2310 5404">
    <p class='ocr_par' dir='ltr' id='par_1_99' title="bbox 743 5327 2310 5404">
     <span class='ocr_line' id='line_1_99' title="bbox 743 5327 2310 5404; baseline 0.001 -16"><span class='ocrx_word' id='word_1_684' title='bbox 743 5330 1064 5404; x_wconf 81' lang='lat' dir='ltr'><strong>Synaxariis</strong></span> <span class='ocrx_word' id='word_1_685' title='bbox 1094 5343 1230 5380; x_wconf 85' lang='lat' dir='ltr'><strong>mss.</strong></span> <span class='ocrx_word' id='word_1_686' title='bbox 1283 5330 1440 5398; x_wconf 88' lang='lat' dir='ltr'><strong>Apud</strong></span> <span class='ocrx_word' id='word_1_687' title='bbox 1474 5327 1762 5383; x_wconf 85' lang='lat' dir='ltr'><strong>Ludolfurn</strong></span> <span class='ocrx_word' id='word_1_688' title='bbox 1813 5330 2049 5385; x_wconf 70' lang='lat' dir='ltr'><strong>Matthaei</strong></span> <span class='ocrx_word' id='word_1_689' title='bbox 2079 5337 2310 5402; x_wconf 88' lang='lat' dir='ltr'><strong>apostoli</strong></span> 
     </span>
    </p>
   </div>
   <div class='ocr_carea' id='block_1_100' title="bbox 739 5419 2312 5486">
    <p class='ocr_par' dir='ltr' id='par_1_100' title="bbox 739 5419 2312 5486">
     <span class='ocr_line' id='line_1_100' title="bbox 739 5419 2312 5486; baseline 0.001 -8"><span class='ocrx_word' id='word_1_690' title='bbox 739 5427 870 5478; x_wconf 90' lang='lat' dir='ltr'><strong>item</strong></span> <span class='ocrx_word' id='word_1_691' title='bbox 897 5423 954 5475; x_wconf 85' lang='lat' dir='ltr'><strong>fit</strong></span> <span class='ocrx_word' id='word_1_692' title='bbox 977 5420 1188 5475; x_wconf 86' lang='lat' dir='ltr'><strong>mentio</strong></span> <span class='ocrx_word' id='word_1_693' title='bbox 1218 5419 1285 5472; x_wconf 90' lang='lat' dir='ltr'><strong>ad</strong></span> <span class='ocrx_word' id='word_1_694' title='bbox 1315 5420 1649 5486; x_wconf 75' lang='lat' dir='ltr'><strong>UOctobris;</strong></span> <span class='ocrx_word' id='word_1_695' title='bbox 1681 5421 1774 5475; x_wconf 90' lang='lat' dir='ltr'><strong>sed</strong></span> <span class='ocrx_word' id='word_1_696' title='bbox 1808 5437 1926 5475; x_wconf 89' lang='lat' dir='ltr'><strong>eam</strong></span> <span class='ocrx_word' id='word_1_697' title='bbox 1961 5420 2052 5477; x_wconf 90' lang='lat' dir='ltr'><strong>illo</strong></span> <span class='ocrx_word' id='word_1_698' title='bbox 2084 5427 2169 5478; x_wconf 88' lang='lat' dir='ltr'><strong>dic</strong></span> <span class='ocrx_word' id='word_1_699' title='bbox 2203 5444 2312 5480; x_wconf 92' lang='lat' dir='ltr'><strong>non</strong></span> 
     </span>
    </p>
   </div>
   <div class='ocr_carea' id='block_1_101' title="bbox 743 5510 2312 5587">
    <p class='ocr_par' dir='ltr' id='par_1_101' title="bbox 743 5510 2312 5587">
     <span class='ocr_line' id='line_1_101' title="bbox 743 5510 2312 5587; baseline 0.001 -15"><span class='ocrx_word' id='word_1_700' title='bbox 743 5519 960 5587; x_wconf 88' lang='lat' dir='ltr'><strong>reperio</strong></span> <span class='ocrx_word' id='word_1_701' title='bbox 990 5515 1043 5566; x_wconf 89' lang='lat' dir='ltr'><strong>in</strong></span> <span class='ocrx_word' id='word_1_702' title='bbox 1075 5513 1306 5568; x_wconf 86' lang='lat' dir='ltr'><strong>laudatis</strong></span> <span class='ocrx_word' id='word_1_703' title='bbox 1329 5510 1501 5566; x_wconf 81' lang='lat' dir='ltr'><strong>Fastis</strong></span> <span class='ocrx_word' id='word_1_704' title='bbox 1526 5529 1654 5567; x_wconf 88' lang='lat' dir='ltr'><strong>mss.</strong></span> <span class='ocrx_word' id='word_1_705' title='bbox 1689 5513 1812 5569; x_wconf 67' lang='lat' dir='ltr'><strong>Haec</strong></span> <span class='ocrx_word' id='word_1_706' title='bbox 1845 5517 2064 5570; x_wconf 89' lang='lat' dir='ltr'><strong>interim</strong></span> <span class='ocrx_word' id='word_1_707' title='bbox 2084 5519 2149 5572; x_wconf 90' lang='lat' dir='ltr'><strong>de</strong></span> <span class='ocrx_word' id='word_1_708' title='bbox 2170 5517 2312 5573; x_wconf 82' lang='lat' dir='ltr'><strong>Mar-</strong></span> 
     </span>
    </p>
   </div>
   <div class='ocr_carea' id='block_1_102' title="bbox 742 5600 1349 5677">
    <p class='ocr_par' dir='ltr' id='par_1_102' title="bbox 742 5600 1349 5677">
     <span class='ocr_line' id='line_1_102' title="bbox 742 5600 1349 5677; baseline -0.01 -17"><span class='ocrx_word' id='word_1_709' title='bbox 742 5606 1025 5677; x_wconf 79' lang='lat' dir='ltr'><strong>tyrologiis</strong></span> <span class='ocrx_word' id='word_1_710' title='bbox 1057 5600 1349 5655; x_wconf 71' lang='lat' dir='ltr'><strong>sufficiant.</strong></span> 
     </span>
    </p>
   </div>
   <div class='ocr_carea' id='block_1_103' title="bbox 818 5695 2316 5766">
    <p class='ocr_par' dir='ltr' id='par_1_103' title="bbox 818 5695 2316 5766">
     <span class='ocr_line' id='line_1_103' title="bbox 818 5695 2316 5766; baseline 0.007 -16"><span class='ocrx_word' id='word_1_711' title='bbox 818 5699 869 5750; x_wconf 67' lang='grc' dir='ltr'><strong>Δ.</strong></span> <span class='ocrx_word' id='word_1_712' title='bbox 901 5698 1035 5749; x_wconf 84' lang='lat' dir='ltr'><strong>Acta</strong></span> <span class='ocrx_word' id='word_1_713' title='bbox 1072 5695 1243 5749; x_wconf 86' lang='lat' dir='ltr'><strong>sancti</strong></span> <span class='ocrx_word' id='word_1_714' title='bbox 1275 5695 1508 5750; x_wconf 69' lang='lat' dir='ltr'><strong>Matthtei</strong></span> <span class='ocrx_word' id='word_1_715' title='bbox 1539 5696 1792 5764; x_wconf 90' lang='lat' dir='ltr'><strong>apostoli,</strong></span> <span class='ocrx_word' id='word_1_716' title='bbox 1843 5711 1961 5766; x_wconf 65' lang='lat' dir='ltr'><strong>quae</strong></span> <span class='ocrx_word' id='word_1_717' title='bbox 1993 5699 2046 5752; x_wconf 93' lang='lat' dir='ltr'><strong>in</strong></span> <span class='ocrx_word' id='word_1_718' title='bbox 2075 5700 2316 5760; x_wconf 82' lang='lat' dir='ltr'><strong>Ecclesia</strong></span> 
     </span>
    </p>
   </div>
   <div class='ocr_carea' id='block_1_104' title="bbox 750 5787 2316 5866">
    <p class='ocr_par' dir='ltr' id='par_1_104' title="bbox 750 5787 2316 5866">
     <span class='ocr_line' id='line_1_104' title="bbox 750 5787 2316 5866; baseline 0.008 -26"><span class='ocrx_word' id='word_1_719' title='bbox 750 5787 936 5840; x_wconf 81' lang='lat' dir='ltr'><strong>Latina</strong></span> <span class='ocrx_word' id='word_1_720' title='bbox 987 5804 1017 5841; x_wconf 92' lang='lat' dir='ltr'><strong>a</strong></span> <span class='ocrx_word' id='word_1_721' title='bbox 1057 5790 1240 5842; x_wconf 88' lang='lat' dir='ltr'><strong>multis</strong></span> <span class='ocrx_word' id='word_1_722' title='bbox 1269 5789 1482 5842; x_wconf 68' lang='lat' dir='ltr'><strong>saeCulis</strong></span> <span class='ocrx_word' id='word_1_723' title='bbox 1507 5805 1628 5845; x_wconf 84' lang='lat' dir='ltr'><strong>nota</strong></span> <span class='ocrx_word' id='word_1_724' title='bbox 1662 5795 1903 5852; x_wconf 82' lang='lat' dir='ltr'><strong>luerunt,</strong></span> <span class='ocrx_word' id='word_1_725' title='bbox 1941 5809 1992 5846; x_wconf 87' lang='lat' dir='ltr'><strong>et</strong></span> <span class='ocrx_word' id='word_1_726' title='bbox 2024 5810 2091 5848; x_wconf 79' lang='lat' dir='ltr'><strong>ex</strong></span> <span class='ocrx_word' id='word_1_727' title='bbox 2118 5793 2316 5866; x_wconf 88' lang='lat' dir='ltr'><strong>quibus</strong></span> 
     </span>
    </p>
   </div>
   <div class='ocr_carea' id='block_1_105' title="bbox 750 5882 2316 5961">
    <p class='ocr_par' dir='ltr' id='par_1_105' title="bbox 750 5882 2316 5961">
     <span class='ocr_line' id='line_1_105' title="bbox 750 5882 2316 5961; baseline 0.009 -27"><span class='ocrx_word' id='word_1_728' title='bbox 750 5883 1084 5935; x_wconf 79' lang='lat' dir='ltr'><strong>recentiores</strong></span> <span class='ocrx_word' id='word_1_729' title='bbox 1117 5882 1439 5952; x_wconf 80' lang='lat' dir='ltr'><strong>hauserunt,</strong></span> <span class='ocrx_word' id='word_1_730' title='bbox 1470 5901 1588 5954; x_wconf 68' lang='lat' dir='ltr'><strong>quae</strong></span> <span class='ocrx_word' id='word_1_731' title='bbox 1619 5889 1682 5942; x_wconf 81' lang='lat' dir='ltr'><strong>de</strong></span> <span class='ocrx_word' id='word_1_732' title='bbox 1719 5887 1774 5942; x_wconf 89' lang='lat' dir='ltr'><strong>S.</strong></span> <span class='ocrx_word' id='word_1_733' title='bbox 1820 5885 2072 5944; x_wconf 77' lang='lat' dir='ltr'><strong>Matthaco</strong></span> <span class='ocrx_word' id='word_1_734' title='bbox 2098 5894 2316 5961; x_wconf 88' lang='lat' dir='ltr'><strong>scriptis</strong></span> 
     </span>
    </p>
   </div>
   <div class='ocr_carea' id='block_1_106' title="bbox 2416 4697 3991 4769">
    <p class='ocr_par' dir='ltr' id='par_1_106' title="bbox 2416 4697 3991 4769">
     <span class='ocr_line' id='line_1_106' title="bbox 2416 4697 3991 4769; baseline -0.003 -15"><span class='ocrx_word' id='word_1_735' title='bbox 2416 4699 2678 4769; x_wconf 75' lang='lat' dir='ltr'><strong>Ejusdem</strong></span> <span class='ocrx_word' id='word_1_736' title='bbox 2745 4700 3090 4753; x_wconf 77' lang='lat' dir='ltr'><strong>auctoritatis</strong></span> <span class='ocrx_word' id='word_1_737' title='bbox 3124 4709 3226 4760; x_wconf 91' lang='lat' dir='ltr'><strong>est,</strong></span> <span class='ocrx_word' id='word_1_738' title='bbox 3263 4699 3420 4766; x_wconf 79' lang='lat' dir='ltr'><strong>cujus</strong></span> <span class='ocrx_word' id='word_1_739' title='bbox 3454 4697 3568 4750; x_wconf 85' lang='lat' dir='ltr'><strong>Vita</strong></span> <span class='ocrx_word' id='word_1_740' title='bbox 3617 4702 3797 4752; x_wconf 85' lang='lat' dir='ltr'><strong>sancti</strong></span> <span class='ocrx_word' id='word_1_741' title='bbox 3866 4698 3991 4751; x_wconf 79' lang='lat' dir='ltr'><strong>flar-</strong></span> 
     </span>
    </p>
   </div>
   <div class='ocr_carea' id='block_1_107' title="bbox 2421 4790 3992 4864">
    <p class='ocr_par' dir='ltr' id='par_1_107' title="bbox 2421 4790 3992 4864">
     <span class='ocr_line' id='line_1_107' title="bbox 2421 4790 3992 4864; baseline 0.001 -19"><span class='ocrx_word' id='word_1_742' title='bbox 2421 4791 2719 4853; x_wconf 74' lang='lat' dir='ltr'><strong>tbolomaei,</strong></span> <span class='ocrx_word' id='word_1_743' title='bbox 2756 4801 2812 4842; x_wconf 92' lang='lat' dir='ltr'><strong>ut</strong></span> <span class='ocrx_word' id='word_1_744' title='bbox 2845 4799 2994 4858; x_wconf 90' lang='lat' dir='ltr'><strong>patet</strong></span> <span class='ocrx_word' id='word_1_745' title='bbox 3022 4804 3085 4845; x_wconf 79' lang='lat' dir='ltr'><strong>ex</strong></span> <span class='ocrx_word' id='word_1_746' title='bbox 3125 4790 3472 4860; x_wconf 86' lang='lat' dir='ltr'><strong>philosophia</strong></span> <span class='ocrx_word' id='word_1_747' title='bbox 3514 4792 3634 4852; x_wconf 87' lang='lat' dir='ltr'><strong>ejus</strong></span> <span class='ocrx_word' id='word_1_748' title='bbox 3667 4794 3736 4846; x_wconf 85' lang='lat' dir='ltr'><strong>de</strong></span> <span class='ocrx_word' id='word_1_749' title='bbox 3778 4795 3992 4864; x_wconf 79' lang='lat' dir='ltr'><strong>virgini-</strong></span> 
     </span>
    </p>
   </div>
   <div class='ocr_carea' id='block_1_108' title="bbox 2420 4881 3992 4948">
    <p class='ocr_par' dir='ltr' id='par_1_108' title="bbox 2420 4881 3992 4948">
     <span class='ocr_line' id='line_1_108' title="bbox 2420 4881 3992 4948; baseline 0.001 -13"><span class='ocrx_word' id='word_1_750' title='bbox 2420 4891 2528 4936; x_wconf 84' lang='lat' dir='ltr'><strong>tate</strong></span> <span class='ocrx_word' id='word_1_751' title='bbox 2574 4887 2752 4944; x_wconf 82' lang='lat' dir='ltr'><strong>lerrae,</strong></span> <span class='ocrx_word' id='word_1_752' title='bbox 2789 4893 2853 4932; x_wconf 78' lang='lat' dir='ltr'><strong>ex</strong></span> <span class='ocrx_word' id='word_1_753' title='bbox 2904 4895 3009 4948; x_wconf 84' lang='lat' dir='ltr'><strong>qua</strong></span> <span class='ocrx_word' id='word_1_754' title='bbox 3053 4881 3213 4933; x_wconf 90' lang='lat' dir='ltr'><strong>homo</strong></span> <span class='ocrx_word' id='word_1_755' title='bbox 3253 4881 3430 4934; x_wconf 72' lang='lat' dir='ltr'><strong>factus</strong></span> <span class='ocrx_word' id='word_1_756' title='bbox 3482 4891 3584 4934; x_wconf 83' lang='lat' dir='ltr'><strong>est.</strong></span> <span class='ocrx_word' id='word_1_757' title='bbox 3645 4900 3663 4932; x_wconf 77' lang='grc' dir='ltr'><strong><em>ι</em></strong></span> <span class='ocrx_word' id='word_1_758' title='bbox 3722 4881 3992 4938; x_wconf 77' lang='lat' dir='ltr'><strong>Hactenus</strong></span> 
     </span>
    </p>
   </div>
   <div class='ocr_carea' id='block_1_109' title="bbox 2421 4970 3993 5042">
    <p class='ocr_par' dir='ltr' id='par_1_109' title="bbox 2421 4970 3993 5042">
     <span class='ocr_line' id='line_1_109' title="bbox 2421 4970 3993 5042; baseline 0.001 -14"><span class='ocrx_word' id='word_1_759' title='bbox 2421 4973 2723 5037; x_wconf 85' lang='lat' dir='ltr'><strong>Hesselius,</strong></span> <span class='ocrx_word' id='word_1_760' title='bbox 2757 4973 2848 5041; x_wconf 89' lang='lat' dir='ltr'><strong>qui</strong></span> <span class='ocrx_word' id='word_1_761' title='bbox 2884 4972 3034 5026; x_wconf 87' lang='lat' dir='ltr'><strong>hisce</strong></span> <span class='ocrx_word' id='word_1_762' title='bbox 3065 4972 3306 5042; x_wconf 69' lang='lat' dir='ltr'><strong>adiungit</strong></span> <span class='ocrx_word' id='word_1_763' title='bbox 3370 4973 3756 5028; x_wconf 82' lang='lat' dir='ltr'><strong>auctoritatem</strong></span> <span class='ocrx_word' id='word_1_764' title='bbox 3824 4970 3993 5040; x_wconf 65' lang='lat' dir='ltr'><strong>Beda&#39;,</strong></span> 
     </span>
    </p>
   </div>
   <div class='ocr_carea' id='block_1_110' title="bbox 2421 5065 3995 5136">
    <p class='ocr_par' dir='ltr' id='par_1_110' title="bbox 2421 5065 3995 5136">
     <span class='ocr_line' id='line_1_110' title="bbox 2421 5065 3995 5136; baseline 0.001 -15"><span class='ocrx_word' id='word_1_765' title='bbox 2421 5066 2719 5122; x_wconf 83' lang='lat' dir='ltr'><strong>Historiam</strong></span> <span class='ocrx_word' id='word_1_766' title='bbox 2751 5065 2898 5119; x_wconf 82' lang='lat' dir='ltr'><strong>illam</strong></span> <span class='ocrx_word' id='word_1_767' title='bbox 2945 5066 3371 5136; x_wconf 81' lang='lat' dir='ltr'><strong>pseudo-Abdia:</strong></span> <span class='ocrx_word' id='word_1_768' title='bbox 3431 5068 3802 5136; x_wconf 82' lang='lat' dir='ltr'><strong>reprobantis.</strong></span> <span class='ocrx_word' id='word_1_769' title='bbox 3863 5070 3995 5122; x_wconf 82' lang='lat' dir='ltr'><strong>Beda</strong></span> 
     </span>
    </p>
   </div>
   <div class='ocr_carea' id='block_1_111' title="bbox 2421 5154 3994 5224">
    <p class='ocr_par' dir='ltr' id='par_1_111' title="bbox 2421 5154 3994 5224">
     <span class='ocr_line' id='line_1_111' title="bbox 2421 5154 3994 5224; baseline 0 -14"><span class='ocrx_word' id='word_1_770' title='bbox 2421 5167 2602 5210; x_wconf 88' lang='lat' dir='ltr'><strong>autem</strong></span> <span class='ocrx_word' id='word_1_771' title='bbox 2673 5154 2767 5208; x_wconf 88' lang='lat' dir='ltr'><strong>lib.</strong></span> <span class='ocrx_word' id='word_1_772' title='bbox 2830 5154 3240 5208; x_wconf 79' lang='lat' dir='ltr'><strong>Retraclalionis</strong></span> <span class='ocrx_word' id='word_1_773' title='bbox 3299 5156 3355 5207; x_wconf 81' lang='lat' dir='ltr'><strong>in</strong></span> <span class='ocrx_word' id='word_1_774' title='bbox 3422 5160 3552 5210; x_wconf 77' lang='lat' dir='ltr'><strong>Aria</strong></span> <span class='ocrx_word' id='word_1_775' title='bbox 3615 5159 3994 5224; x_wconf 77' lang='lat' dir='ltr'><strong>apostolorum,</strong></span> 
     </span>
    </p>
   </div>
   <div class='ocr_carea' id='block_1_112' title="bbox 2421 5247 3998 5318">
    <p class='ocr_par' dir='ltr' id='par_1_112' title="bbox 2421 5247 3998 5318">
     <span class='ocr_line' id='line_1_112' title="bbox 2421 5247 3998 5318; baseline 0.003 -16"><span class='ocrx_word' id='word_1_776' title='bbox 2421 5263 2543 5318; x_wconf 88' lang='lat' dir='ltr'><strong>cap.</strong></span> <span class='ocrx_word' id='word_1_777' title='bbox 2589 5261 2626 5312; x_wconf 88' lang='lat' dir='ltr'><strong>t,</strong></span> <span class='ocrx_word' id='word_1_778' title='bbox 2682 5249 2864 5301; x_wconf 82' lang='lat' dir='ltr'><strong>laudat</strong></span> <span class='ocrx_word' id='word_1_779' title='bbox 2903 5249 3102 5302; x_wconf 88' lang='lat' dir='ltr'><strong>dictam</strong></span> <span class='ocrx_word' id='word_1_780' title='bbox 3173 5247 3466 5304; x_wconf 85' lang='lat' dir='ltr'><strong>Historiam</strong></span> <span class='ocrx_word' id='word_1_781' title='bbox 3523 5265 3619 5318; x_wconf 89' lang='lat' dir='ltr'><strong>pro</strong></span> <span class='ocrx_word' id='word_1_782' title='bbox 3670 5247 3899 5307; x_wconf 88' lang='lat' dir='ltr'><strong>Simone</strong></span> <span class='ocrx_word' id='word_1_783' title='bbox 3950 5264 3998 5306; x_wconf 85' lang='lat' dir='ltr'><strong>et</strong></span> 
     </span>
    </p>
   </div>
   <div class='ocr_carea' id='block_1_113' title="bbox 2420 5340 3994 5416">
    <p class='ocr_par' dir='ltr' id='par_1_113' title="bbox 2420 5340 3994 5416">
     <span class='ocr_line' id='line_1_113' title="bbox 2420 5340 3994 5416; baseline 0.002 -21"><span class='ocrx_word' id='word_1_784' title='bbox 2420 5340 2556 5396; x_wconf 82' lang='lat' dir='ltr'><strong>Juda</strong></span> <span class='ocrx_word' id='word_1_785' title='bbox 2598 5342 2884 5408; x_wconf 81' lang='lat' dir='ltr'><strong>apostolis,</strong></span> <span class='ocrx_word' id='word_1_786' title='bbox 2919 5353 3083 5411; x_wconf 88' lang='lat' dir='ltr'><strong>atque</strong></span> <span class='ocrx_word' id='word_1_787' title='bbox 3112 5345 3185 5400; x_wconf 84' lang='lat' dir='ltr'><strong>ita</strong></span> <span class='ocrx_word' id='word_1_788' title='bbox 3245 5345 3485 5415; x_wconf 85' lang='lat' dir='ltr'><strong>loquitur</strong></span> <span class='ocrx_word' id='word_1_789' title='bbox 3535 5346 3602 5398; x_wconf 88' lang='lat' dir='ltr'><strong>ad</strong></span> <span class='ocrx_word' id='word_1_790' title='bbox 3661 5361 3867 5416; x_wconf 75' lang='lat' dir='ltr'><strong>prapos</strong></span> <span class='ocrx_word' id='word_1_791' title='bbox 3894 5363 3994 5400; x_wconf 88' lang='lat' dir='ltr'><strong>tum</strong></span> 
     </span>
    </p>
   </div>
   <div class='ocr_carea' id='block_1_114' title="bbox 2423 5434 3994 5508">
    <p class='ocr_par' dir='ltr' id='par_1_114' title="bbox 2423 5434 3994 5508">
     <span class='ocr_line' id='line_1_114' title="bbox 2423 5434 3994 5508; baseline 0.003 -20"><span class='ocrx_word' id='word_1_792' title='bbox 2423 5445 2669 5489; x_wconf 87' lang='lat' dir='ltr'><strong>nostrum</strong></span> <span class='ocrx_word' id='word_1_793' title='bbox 2735 5451 2748 5487; x_wconf 89' lang='lat'><strong>:</strong></span> <span class='ocrx_word' id='word_1_794' title='bbox 2817 5455 2834 5486; x_wconf 75' lang='grc' dir='ltr'>ι</span> <span class='ocrx_word' id='word_1_795' title='bbox 2885 5434 2992 5488; x_wconf 88' lang='lat' dir='ltr'><strong>Hos</strong></span> <span class='ocrx_word' id='word_1_796' title='bbox 3063 5438 3308 5492; x_wconf 81' lang='lat' dir='ltr'><strong>referunt</strong></span> <span class='ocrx_word' id='word_1_797' title='bbox 3367 5437 3627 5502; x_wconf 56' lang='lat' dir='ltr'><strong>historia,</strong></span> <span class='ocrx_word' id='word_1_798' title='bbox 3683 5441 3738 5492; x_wconf 88' lang='lat' dir='ltr'><strong>in</strong></span> <span class='ocrx_word' id='word_1_799' title='bbox 3805 5443 3994 5508; x_wconf 89' lang='lat' dir='ltr'><strong>quibus</strong></span> 
     </span>
    </p>
   </div>
   <div class='ocr_carea' id='block_1_115' title="bbox 2425 5528 3993 5600">
    <p class='ocr_par' dir='ltr' id='par_1_115' title="bbox 2425 5528 3993 5600">
     <span class='ocr_line' id='line_1_115' title="bbox 2425 5528 3993 5600; baseline 0.004 -19"><span class='ocrx_word' id='word_1_800' title='bbox 2425 5528 2799 5597; x_wconf 85' lang='lat' dir='ltr'><strong>apostolorum</strong></span> <span class='ocrx_word' id='word_1_801' title='bbox 2833 5529 3114 5596; x_wconf 84' lang='lat' dir='ltr'><strong>passiones</strong></span> <span class='ocrx_word' id='word_1_802' title='bbox 3156 5531 3526 5597; x_wconf 88' lang='lat' dir='ltr'><strong>continentur,</strong></span> <span class='ocrx_word' id='word_1_803' title='bbox 3559 5541 3612 5584; x_wconf 79' lang='lat' dir='ltr'><strong>et</strong></span> <span class='ocrx_word' id='word_1_804' title='bbox 3666 5547 3695 5583; x_wconf 88' lang='lat' dir='ltr'><strong>a</strong></span> <span class='ocrx_word' id='word_1_805' title='bbox 3755 5534 3993 5600; x_wconf 86' lang='lat' dir='ltr'><strong>pluruuis</strong></span> 
     </span>
    </p>
   </div>
   <div class='ocr_carea' id='block_1_116' title="bbox 2425 5622 3994 5692">
    <p class='ocr_par' dir='ltr' id='par_1_116' title="bbox 2425 5622 3994 5692">
     <span class='ocr_line' id='line_1_116' title="bbox 2425 5622 3994 5692; baseline 0.002 -17"><span class='ocrx_word' id='word_1_806' title='bbox 2425 5629 2750 5689; x_wconf 84' lang='lat' dir='ltr'><strong>reputantur</strong></span> <span class='ocrx_word' id='word_1_807' title='bbox 2781 5622 3121 5690; x_wconf 71' lang='lat' dir='ltr'><strong>apocrypbzc.</strong></span> <span class='ocrx_word' id='word_1_808' title='bbox 3156 5624 3479 5692; x_wconf 65' lang='lat' dir='ltr'><strong>praedicasse</strong></span> <span class='ocrx_word' id='word_1_809' title='bbox 3513 5630 3563 5678; x_wconf 90' lang='lat' dir='ltr'><strong>itt</strong></span> <span class='ocrx_word' id='word_1_810' title='bbox 3619 5624 3872 5688; x_wconf 84' lang='lat' dir='ltr'><strong>Perside,</strong></span> <span class='ocrx_word' id='word_1_811' title='bbox 3902 5631 3994 5681; x_wconf 85' lang='lat' dir='ltr'><strong>ibi-</strong></span> 
     </span>
    </p>
   </div>
   <div class='ocr_carea' id='block_1_117' title="bbox 2426 5717 3994 5785">
    <p class='ocr_par' dir='ltr' id='par_1_117' title="bbox 2426 5717 3994 5785">
     <span class='ocr_line' id='line_1_117' title="bbox 2426 5717 3994 5785; baseline 0.002 -18"><span class='ocrx_word' id='word_1_812' title='bbox 2426 5731 2531 5783; x_wconf 86' lang='lat' dir='ltr'><strong>que</strong></span> <span class='ocrx_word' id='word_1_813' title='bbox 2567 5728 2594 5763; x_wconf 91' lang='lat' dir='ltr'><strong>a</strong></span> <span class='ocrx_word' id='word_1_814' title='bbox 2631 5717 2956 5784; x_wconf 80' lang='lat' dir='ltr'><strong>templorum</strong></span> <span class='ocrx_word' id='word_1_815' title='bbox 3005 5719 3350 5785; x_wconf 82' lang='lat' dir='ltr'><strong>pontificibus</strong></span> <span class='ocrx_word' id='word_1_816' title='bbox 3412 5720 3465 5771; x_wconf 89' lang='lat' dir='ltr'><strong>in</strong></span> <span class='ocrx_word' id='word_1_817' title='bbox 3525 5717 3750 5772; x_wconf 81' lang='lat' dir='ltr'><strong>civitate</strong></span> <span class='ocrx_word' id='word_1_818' title='bbox 3806 5721 3994 5774; x_wconf 86' lang='lat' dir='ltr'><strong>Suanir</strong></span> 
     </span>
    </p>
   </div>
   <div class='ocr_carea' id='block_1_118' title="bbox 2427 5805 3992 5882">
    <p class='ocr_par' dir='ltr' id='par_1_118' title="bbox 2427 5805 3992 5882">
     <span class='ocr_line' id='line_1_118' title="bbox 2427 5805 3992 5882; baseline 0.001 -20"><span class='ocrx_word' id='word_1_819' title='bbox 2427 5820 2656 5862; x_wconf 79' lang='lat' dir='ltr'><strong>OCCISOS.</strong></span> <span class='ocrx_word' id='word_1_820' title='bbox 2697 5805 2974 5877; x_wconf 76' lang='lat' dir='ltr'><strong>Leguntur</strong></span> <span class='ocrx_word' id='word_1_821' title='bbox 3013 5813 3125 5862; x_wconf 53' lang='lat' dir='ltr'><strong>haec</strong></span> <span class='ocrx_word' id='word_1_822' title='bbox 3157 5816 3296 5880; x_wconf 86' lang='lat' dir='ltr'><strong>apud</strong></span> <span class='ocrx_word' id='word_1_823' title='bbox 3329 5812 3579 5870; x_wconf 84' lang='lat' dir='ltr'><strong>Abdiam.</strong></span> <span class='ocrx_word' id='word_1_824' title='bbox 3613 5828 3738 5882; x_wconf 84' lang='lat' dir='ltr'><strong>cap.</strong></span> <span class='ocrx_word' id='word_1_825' title='bbox 3774 5816 3829 5869; x_wconf 86' lang='grc'><strong>6.</strong></span> <span class='ocrx_word' id='word_1_826' title='bbox 3862 5817 3992 5867; x_wconf 81' lang='lat' dir='ltr'><strong>circa</strong></span> 
     </span>
    </p>
   </div>
   <div class='ocr_carea' id='block_1_119' title="bbox 2431 5897 3984 5967">
    <p class='ocr_par' dir='ltr' id='par_1_119' title="bbox 2431 5897 3984 5967">
     <span class='ocr_line' id='line_1_119' title="bbox 2431 5897 3984 5967; baseline 0.006 -17"><span class='ocrx_word' id='word_1_827' title='bbox 2431 5897 2614 5950; x_wconf 78' lang='lat' dir='ltr'><strong>finem.</strong></span> <span class='ocrx_word' id='word_1_828' title='bbox 2670 5916 2686 5948; x_wconf 77' lang='grc' dir='ltr'><strong><em>ι</em></strong></span> <span class='ocrx_word' id='word_1_829' title='bbox 2728 5898 2850 5954; x_wconf 81' lang='lat' dir='ltr'><strong>Post</strong></span> <span class='ocrx_word' id='word_1_830' title='bbox 2891 5917 3059 5967; x_wconf 83' lang='lat' dir='ltr'><strong>pauca</strong></span> <span class='ocrx_word' id='word_1_831' title='bbox 3104 5919 3312 5956; x_wconf 91' lang='lat' dir='ltr'><strong>rursum</strong></span> <span class='ocrx_word' id='word_1_832' title='bbox 3369 5903 3508 5958; x_wconf 75' lang='lat' dir='ltr'><strong>Beda</strong></span> <span class='ocrx_word' id='word_1_833' title='bbox 3574 5906 3688 5959; x_wconf 70' lang='lat' dir='ltr'><strong>haec</strong></span> <span class='ocrx_word' id='word_1_834' title='bbox 3753 5905 3984 5960; x_wconf 83' lang='lat' dir='ltr'><strong>scribtl:</strong></span> 
     </span>
    </p>
   </div>
  </div>
