4150 6536
215 475 321 542 753

1480 473 1654 534 VlTA
1695 475 1757 533 S.
1804 469 2186 536 ΜΑΪΤΗᾸΞΙ.

3357 468 3466 530 754

221 607 239 639 ι
277 586 412 640 Cum
458 586 566 649 ille,
609 586 700 655 qui
768 585 1021 654 prafatas
1077 585 1446 654 apostolorum
1501 581 2184 652 passionesArecentiora
2237 588 2366 652 sint,
2417 588 2716 656 eademque
2763 599 2884 638 cum
2921 582 3060 646 aliis,
3113 582 3214 637 sed
3270 593 3472 642 utcum—

213 677 460 748 scripsit,
497 679 614 746 ipse
642 693 700 732 se
736 679 1041 732 certissime
1092 678 1293 731 incerta
1353 685 1406 730 et
1453 675 1584 730 l'alsa
1645 675 1785 731 scri-

216 772 395 842 psisse
425 771 751 840 prodiderit.
784 770 920 826 Dicit
956 771 1124 830 enim,
1185 768 1311 843 quia
1368 767 1635 823 Caudacis
1687 784 1788 822 eu-

215 864 456 924 nuchus,
485 879 644 932 quem
675 862 995 932 baptizasset
1025 861 1313 932 Philippus
1370 862 1421 914 in
1482 859 1665 914 .lndzea
1722 876 1787 914 eo

214 955 658 1024 temporefuerit
717 957 768 1007 in
827 953 1128 1023 Aithiopia,
1197 970 1304 1020 quo
1373 951 1657 1007 Mattltieus
1714 953 1784 1005 ibi

209 1047 465 1108 docebat,
496 1048 653 1116 eique
693 1047 906 1101 ducenti
934 1048 1193 1100 auxilium
1231 1047 1433 1108 tulerit,
1494 1061 1614 1099 cum
1678 1060 1788 1097 Ina-

210 1139 478 1193 nil‘estnin
511 1140 581 1194 sit
611 1140 917 1194 Candaccm
949 1156 1146 1193 nomen
1211 1155 1330 1193 esse
1365 1155 1472 1194 non
1543 1139 1663 1200 viri,
1694 1135 1788 1190 sed

211 1231 480 1296 feminzn;
547 1233 595 1285 id
633 1243 732 1295 est,
769 1249 874 1284 non
917 1233 1174 1294 eunUcln,
1227 1234 1318 1284 sed
1379 1230 1609 1283 domina:
1647 1230 1786 1296 ejus,

218 1326 427 1393 regina:
463 1322 712 1377 videlicet
751 1323 1096 1390 Aithiopum,
1125 1338 1263 1391 qum.
1320 1322 1461 1375 sicut
1515 1337 1578 1373 ex
1642 1329 1790 1374 vete-

209 1427 336 1467 rum
373 1416 740 1467 monumentis
783 1418 1174 1482 comperimus,
1232 1429 1422 1467 omnes
1489 1411 1789 1479 antiquitus

209 1507 292 1560 sic
325 1507 590 1574 appellari
613 1507 879 1559 solebant.
923 1526 938 1556 ›
977 1505 1099 1561 Haec
1122 1506 1288 1571 Beda,
1322 1523 1428 1560 non
1461 1508 1634 1561 solum
1658 1507 1789 1560 Acta

214 1615 317 1670 pro
410 1599 732 1670 apocryphis
839 1599 1080 1662 habens,
1171 1601 1266 1653 sed
1349 1613 1536 1652 eorum
1625 1599 1789 1652 etiam

209 1698 496 1742 auctorem
536 1690 806 1742 mendacii
840 1707 1099 1757 arguens.
1139 1690 1366 1744 Possent
1397 1701 1450 1744 et
1488 1692 1656 1742 multa
1690 1689 1792 1742 alia

209 1797 277 1834 ex
309 1782 464 1836 Actis
495 1780 714 1852 alla-gari
742 1783 806 1836 ad
840 1784 998 1835 Iidem
1068 1783 1133 1836 iis
1191 1782 1611 1846 detrahendam,
1668 1799 1791 1837 cum

210 1882 407 1926 auctor
435 1874 502 1926 ab
536 1872 691 1926 initio
735 1889 902 1940 usque
958 1875 1022 1927 ad
1061 1875 1220 1927 linem
1284 1875 1551 1927 mirabilia
1623 1876 1792 1942 magis

1889 691 1994 746 quc
2025 677 2340 735 emendata.

1961 769 2011 821 7.
2038 765 2424 824 Verumtamen
2461 785 2570 824 non
2598 779 2744 823 tanta
2775 768 3017 824 adhibita
3050 765 3152 820 iuit
3172 765 3465 823 correctio.

1891 869 2111 931 utgesta
2146 861 2195 913 in
2224 861 2288 915 iis
2320 864 2487 916 relata
2510 862 2704 916 fierent
2737 862 2867 917 satis
2893 858 3218 928 probabilia,
3250 856 3464 911 etiamsi

1892 970 1999 1007 non
2033 963 2306 1008 constaret
2343 955 2411 1009 de
2446 954 2659 1023 origine
2715 968 2782 1007 ex
2841 952 2989 1006 fonte
3044 951 3279 1020 impuro.
3327 945 3462 1000 Nam

1895 1048 2070 1114 primo
2105 1047 2284 1100 statim
2336 1047 2649 1100 advenienti
2712 1046 2766 1099 in
2815 1043 3148 1113 EthiOpiam
3217 1041 3465 1098 Matutae

1891 1137 2091 1192 dicitur
2123 1139 2428 1194 occurrisse
2464 1139 2754 1192 eunuchus
2795 1135 2996 1207 regina:
3039 1134 3328 1196 Candacis,
3372 1131 3464 1200 qui

1893 1230 2202 1300 baptizatus
2234 1241 2350 1284 erat
2374 1247 2401 1282 a
2435 1230 2689 1300 Philippo
2722 1229 2842 1282 Act.
2879 1244 2995 1288 \‘Ill,
3032 1236 3090 1281 ut
3129 1234 3318 1280 auctor
3343 1237 3464 1277 om-

1893 1322 2026 1376 nino
2059 1334 2292 1386 asserat,
2330 1322 2636 1382 Matthatum
2662 1322 2874 1376 venisse
2905 1321 2970 1374 ad
3021 1321 3235 1379 urbem,
3260 1317 3313 1370 in
3361 1330 3465 1384 qua

1892 1415 2075 1484 regina
2103 1414 2358 1470 Candace
2385 1417 2663 1485 regnabat,
2707 1414 2924 1483 quando
2952 1413 3129 1465 dictus
3181 1405 3468 1463 eunuchus

1893 1507 1994 1561 fuit
2029 1521 2342 1560 convcrsns.
2372 1507 2440 1559 At
2475 1507 2546 1558 ibi
2584 1514 2696 1559 tum
2731 1505 2925 1560 dicitur
2961 1503 3128 1557 fuisse
3161 1517 3251 1556 rex
3287 1500 3434 1569 Egyp
3458 1528 3470 1539 ο

1896 1612 2018 1664 pns,
2078 1597 2261 1666 regina
2301 1596 2608 1650 Eufenissa.
2664 1597 2735 1648 De
2796 1594 3074 1658 Candace,
3125 1607 3244 1662 qua:
3308 1587 3470 1658 paulo

1895 1700 2020 1742 ante
2056 1698 2353 1757 regnasset,
2383 1687 2531 1740 nulla
2593 1687 2651 1740 tit
2715 1689 2944 1740 mentio.
3006 1685 3191 1751 Itaque
3269 1695 3468 1734 nomen

1898 1782 2094 1852 regium
2132 1781 2414 1835 Eulenissa
2443 1781 2659 1834 videtur
2717 1777 3052 1833 contrarimn
3107 1773 3289 1828 verbis
3316 1770 3474 1825 Beda

1898 1889 2017 1925 mox
2052 1873 2213 1937 datis,
2248 1890 2370 1926 cmn
2404 1882 2638 1934 asserat,
2671 1873 2928 1926 omnibus
2978 1883 3272 1924 commune
3303 1865 3473 1920 fuisse

210 1972 423 2024 narret,
454 1977 613 2030 quam
641 1963 966 2027 credibilia;
1020 1965 1298 2033 multaque
1350 1967 1501 2032 plura
1558 1941 1794 2034 ttugetur
1825 1941 1866 1996 Β
1900 1981 2096 2018 nomen
2129 1965 2397 2019 Candace-
2449 1965 2736 2020 Consentit
2796 1964 3022 2026 Plinius,
3056 1962 3150 2016 lib.
3215 1978 3289 2024 vi,
3350 1974 3472 2025 cap.

209 2054 280 2108 de
314 2055 568 2122 paradiso
589 2056 859 2117 terrestri.
897 2073 1054 2125 quant
1113 2060 1425 2111 observavit
1480 2058 1791 2123 Hesselius;

209 2155 267 2199 et
300 2145 717 2214 conceptionem
745 2147 1074 2202 beatissima:
1103 2149 1338 2219 Virginis
1362 2161 1600 2220 exponat
1633 2155 1793 2205 modo

211 2238 520 2307 incongruo
539 2247 591 2292 et
625 2239 920 2300 indecenti.
943 2251 1002 2294 ut
1035 2243 1244 2295 mittam
1298 2244 1421 2296 alia.
1483 2243 1678 2297 Verum
1713 2245 1794 2297 di-

209 2336 295 2382 cta
326 2325 606 2382 sutliciunt
644 2329 710 2382 ad
758 2344 976 2383 onmem
1032 2332 1189 2384 (idem
1265 2335 1449 2387 Abdize
1505 2343 1796 2403 personato

209 2418 588 2487 abrOgandam
626 2436 638 2471 :
672 2428 726 2471 at
769 2435 831 2471 ex
865 2422 948 2473 his
985 2423 1086 2473 alia
1117 2425 1248 2475 mihi
1292 2426 1466 2479 oritur
1504 2427 1794 2481 dubitatio.

283 2511 340 2564 6.
371 2514 532 2563 Anno
568 2512 703 2564 1755
737 2511 791 2564 in
820 2512 1155 2566 bibliotheca
1194 2513 1446 2569 VatiCana
1484 2519 1795 2573 invenimus

209 2598 318 2652 alia
354 2599 410 2652 ὃ.
438 2597 673 2652 Μειιιιιιίυὶ
711 2602 841 2653 Acta
877 2601 928 2653 in
965 2601 1151 2657 codice
1208 2601 1400 2657 Latino
1438 2607 1598 2668 1188,
1622 2624 1794 2676 eaque

209 2691 575 2746 exscribenda
602 2693 938 2756 curavimus,
1019 2703 1074 2748 ct
1115 2710 1215 2748 nos
1272 2695 1372 2765 ipsi
1427 2714 1548 2751 cum
1606 2699 1794 2754 codice

208 2781 570 2835 contulimus.
603 2781 724 2834 Hmc
749 2783 882 2836 Acta
916 2794 1104 2838 carent
1133 2787 1394 2841 omnibus
1453 2789 1594 2842 vitiis
1634 2791 1795 2844 modo

211 2869 428 2923 relatis.
462 2870 532 2924 ob
559 2886 676 2938 qua:
707 2872 984 2927 Hesselius
1033 2878 1166 2928 Acta
1227 2879 1651 2945 pseudo-Abdita
1709 2899 1796 2937 re-

209 2962 494 3029 probavit,
523 2965 768 3016 eamdem
807 2965 872 3018 de
906 2967 1072 3020 rebus
1107 2972 1269 3038 gestis
1318 2973 1489 3026 sancti
1555 2974 1792 3030 Matthtci

207 3051 505 3104 continent
533 3052 874 3109 relationem.
908 3054 1087 3121 Quare
1120 3060 1354 3114 dubitari
1389 3075 1586 3131 potest,
1612 3077 1792 3122 utrum

208 3140 661 3208 psoudo-Abdias
689 3147 988 3202 vetnsliora
1015 3154 1187 3204 sancti
1223 3153 1468 3223 Apostoli
1528 3160 1660 3212 Acta
1705 3161 1792 3214 in-

206 3233 589 3299 terpolaverit,
626 3245 679 3291 et
720 3241 904 3293 multis
935 3243 1153 3311 ineptiis
1184 3245 1530 3315 impleverit;
1566 3261 1633 3304 an
1663 3269 1790 3307 vero

209 3339 497 3379 nonnemo
518 3329 702 3386 Abdia:
722 3332 788 3386 de
823 3334 879 3386 S.
901 3333 1154 3388 Martiian
1175 3338 1609 3396 lucubrationem
1636 3360 1788 3400 cras-

208 3413 459 3472 sioribus
498 3421 773 3475 erroribus
809 3421 1043 3478 voluerit
1101 3440 1427 3498 expurgare.
1475 3442 1527 3485 et
1558 3433 1636 3487 sic
1657 3436 1788 3490 Acta

216 3503 388 3574 hujus
483 3512 708 3579 apostoli
801 3525 1074 3585 utcunque
1156 3522 1452 3589 probabilia
1541 3529 1786 3584 reddere.

206 3594 518 3670 Utrumque
553 3604 664 3657 ﬁeri
697 3608 872 3674 potuit
902 3650 917 3673 ,
953 3609 1044 3663 sed
1084 3615 1384 3669 secundum
1440 3620 1789 3676 verisimilius

204 3702 293 3747 est
325 3695 399 3748 ob
432 3697 609 3749 varias
654 3701 914 3754 rationes.
952 3700 1134 3756 Primo
1210 3721 1276 3758 ex
1343 3707 1587 3778 allegatis
1634 3709 1789 3766 Beda:

205 3787 394 3841 verbis
432 3788 716 3855 habemus,
769 3795 1136 3866 apocrypham
1187 3796 1330 3852 illam
1368 3800 1433 3855 de
1473 3807 1637 3872 gestis
1666 3821 1792 3875 apo.

203 3877 480 3932 Stolorum
536 3881 828 3940 Historiam
865 3899 1014 3943 certo
1050 3891 1410 3960 antiquiorem
1443 3911 1562 3952 esse
1592 3901 1789 3959 saeculo

204 3988 329 4037 vm,
355 3989 482 4029 cum
522 3976 662 4031 Beda
691 3979 934 4034 ﬂoruerit
968 3983 1068 4035 sub
1107 3985 1322 4038 initium
1392 3988 1538 4041 illius
1607 3995 1786 4046 sweuii

203 4077 269 4122 er
298 4068 448 4119 illam
489 4066 780 4123 Historiam
809 4071 1026 4143 alleget,
1084 4091 1190 4128 non
1244 4087 1301 4131 ut
1389 4080 1655 4134 novellam
1698 4095 1791 4139 aut

203 4174 390 4227 nuper
423 4161 738 4226 conlictam,
795 4165 890 4218 sed
947 4175 999 4220 ut
1068 4169 1359 4222 multorum
1415 4171 1621 4238 judicio
1658 4193 1790 4246 apo-

205 4252 500 4323 crypham.
543 4255 616 4309 Ex
662 4273 725 4310 eo
759 4259 986 4312 ulterius
1040 4261 1252 4329 Colligo,
1304 4263 1414 4331 jam
1487 4270 1684 4322 sa'cnlo
1714 4289 1786 4336 νι,

203 4360 317 4414 quo
391 4345 621 4401 ﬂorebat
695 4349 998 4406 Venantius
1072 4350 1441 4422 Fortunatus,
1523 4371 1788 4418 vetustam

204 4439 384 4495 visain
425 4455 544 4494 esse
577 4441 719 4494 illam
757 4442 1075 4510 Historiam,
1111 4464 1233 4502 cum
1299 4453 1665 4509 verisimiliter
1723 4473 1788 4513 ex

205 4532 295 4585 illa
330 4534 502 4593 dicat.
532 4548 729 4604 corpus
761 4536 817 4593 S.
877 4539 1109 4593 Matthxi
1168 4557 1288 4596 esse
1359 4545 1411 4598 in
1481 4547 1786 4608 Naddaver.

1896 2058 1965 2111 29
2019 2059 2241 2118 docens,
2315 2072 2589 2123 «regnare
2645 2056 2903 2108 feminam
2963 2053 3289 2112 Candacem,
3325 2050 3470 2118 quod

1896 2165 2096 2207 nomen
2130 2149 2312 2204 multis
2345 2149 2462 2217 jam
2499 2148 2662 2203 anuis
2692 2148 2758 2201 ad
2815 2147 3030 2216 reginas
3088 2142 3327 2202 transiit,
3365 2158 3380 2191 ι
3420 2143 3473 2192 ln

1899 2243 1988 2296 illo
2020 2244 2276 2296 nimirum
2317 2243 2615 2311 Ethiopize
2676 2257 2864 2310 regno,
2941 2241 3097 2307 cujus
3159 2233 3479 2303 metropolis

1897 2347 2014 2390 erat
2039 2336 2240 2391 Meroe.
2268 2336 2677 2389 Asscritautem
2711 2334 2961 2386 laudatus
2997 2331 3243 2390 .Plinins,
3305 2343 3368 2381 ea
3407 2327 3476 2380 do

1899 2426 2083 2496 regnis
2109 2426 2399 2494 2Ethiopia:
2431 2437 2482 2478 et
2508 2424 2718 2478 Meroes
2757 2422 2972 2490 cognita
2999 2430 3056 2474 et
3098 2419 3266 2473 relata
3304 2415 3475 2471 fuisse

1899 2535 1997 2588 per
2031 2520 2400 2588 esploratores
2433 2516 2683 2572 Neronis.
2763 2515 3042 2585 Regnabat
3093 2514 3256 2582 igitur
3295 2510 3475 2579 regi-na

1895 2611 2155 2664 Candace
2203 2609 2419 2664 Nerone
2475 2610 2776 2676 imperante
2830 2615 2884 2659 et
2935 2604 3028 2658 diu
3075 2603 3325 2658 Candace
3381 2600 3479 2653 ali-

1895 2717 1998 2770 qua
2048 2701 2244 2754 ibidem
2287 2707 2628 2767 regnaverat.
2675 2697 2865 2750 saltem
2910 2711 2938 2748 a
2980 2694 3318 2763 temporibus
3363 2695 3477 2746 Au-

1896 2792 2058 2862 gusti,
2094 2803 2152 2845 ut
2195 2790 2467 2861 colligitur
2516 2805 2578 2842 ex
2627 2788 2916 2849 Strabone,
2968 2786 3058 2855 qui
3094 2785 3195 2839 sub
3231 2788 3478 2852 Angusto

1897 2886 2103 2940 floruit.
2138 2885 2336 2938 Strabo
2380 2885 2549 2947 enim,
2609 2881 2880 2942 lib.~xvn,
2940 2866 3231 2948 pag.l820,
3287 2883 3478 2929 narrat

1896 2978 2137 3040 bellum,
2190 2992 2301 3046 quo
2358 2994 2375 3027 1
2438 2974 2716 3037 Candace,
2781 2988 2898 3042 qua:
2957 2986 3054 3039 per
3110 2978 3329 3028 nostra.
3393 2968 3477 3019 ln-

1894 3072 2032 3140 quit,
2094 3079 2333 3139 tempora
2389 3068 2740 3136 Ethiopibus
2800 3064 3120 3130 imperavit,
3183 3080 3200 3112 ι
3268 3061 3473 3113 ιζοιιιαο

1895 3178 1994 3219 nos
2024 3160 2238 3234 Egypti
2271 3161 2523 3214 dominos
2586 3156 2840 3227 impetiit,
2876 3156 3182 3224 imperante
3207 3154 3480 3220 Augusto.

1816 3279 1859 3334 ε
1897 3259 2084 3324 itaque
2126 3264 2429 3323 regnarunt
2456 3255 2509 3307 in
2541 3252 2817 3322 ErliiOpia
2851 3251 3107 3320 reginam.
3136 3247 3332 3316 quibus
3380 3259 3478 3334 ηοξ

1897 3364 2022 3402 men
2058 3357 2172 3400 erat
2206 3345 2472 3404 Candace.
2501 3343 2689 3397 saltem
2749 3344 2817 3394 ab
2877 3345 3116 3408 Angusto
3183 3351 3353 3404 usque
3405 3332 3474 3389 ad

1896 3442 2130 3499 Neronis
2154 3451 2430 3509 tempora;
2463 3453 2562 3492 nec
2591 3436 2736 3490 addit
2768 3435 2992 3495 Plinius,
3031 3432 3135 3485 alio
3169 3431 3329 3483 modo
3361 3429 3476 3482 suis

1900 3535 2237 3604 temporibus
2260 3531 2700 3586 administratum
2728 3528 2895 3583 fuisse
2916 3523 3205 3594 Ethiopian
3225 3535 3476 3590 regnum.

1897 3626 2058 3695 Atqui
2097 3636 2320 3679 sanctus
2344 3622 2644 3687 Matthzeus,
2680 3623 2722 3674 si
2777 3618 3093 3689 prtedicavit
3138 3616 3191 3670 in
3256 3611 3476 3667 Aithio-

1898 3717 2007 3786 pia.
2046 3732 2111 3768 eo
2142 3715 2517 3767 vcrisimiliter
2551 3712 2698 3764 venit
2738 3719 2862 3762 ante
2888 3709 3179 3776 imperium
3216 3702 3471 3767 Neronis,

1897 3819 1991 3863 attt
2031 3818 2180 3862 certe
2219 3806 2429 3860 Nerone
2462 3819 2571 3858 non
2626 3803 2718 3858 diu
2756 3803 3082 3869 imperante.
3124 3795 3317 3851 Omnia
3367 3794 3470 3863 igi-

1901 3913 2006 3962 tur.
2041 3917 2159 3970 quia
2191 3900 2257 3955 de
2314 3907 2458 3953 statu
2514 3897 2664 3967 rcgui
2716 3893 3011 3962 .Elliiopi.e
3073 3891 3366 3945 traduntur
3417 3887 3476 3939 in

1899 3997 2068 4056 Actis,
2116 4006 2340 4061 prorsus
2369 3991 2619 4045 videntur
2647 3987 2854 4050 lictitia,
2894 3999 2995 4038 nec
3029 3983 3194 4036 ullam
3257 3994 3474 4035 meren-

1901 4097 1986 4142 tur
2019 4087 2198 4140 iidem.

1970 4181 2020 4234 8.
2043 4179 2161 4232 Non
2199 4179 2378 4231 minus
2410 4174 2592 4229 ﬂetitia
2636 4172 2907 4232 videntur,
2936 4182 3054 4238 qua
3084 4167 3152 4222 de
3184 4176 3476 4235 progressu

1898 4277 2016 4330 ﬁdei
2063 4274 2380 4326 Christianae
2412 4270 2464 4322 in
2500 4265 2776 4332 Ethiopia
2831 4263 3051 4318 tradant
3080 4261 3230 4314 Acta.
3258 4254 3311 4311 Si
3353 4257 3479 4326 quis

1897 4369 2042 4424 enim
2074 4367 2221 4420 Actis
2254 4365 2477 4419 credere
2510 4359 2762 4424 voluerit,
2799 4357 3070 4413 convertit
3098 4354 3156 4408 S.
3189 4351 3476 4408 Matthzeus

1900 4477 2080 4530 regem
2113 4459 2416 4530 Egyppum,
2471 4455 2710 4523 reginam
2777 4451 3140 4510 Eulenissam,
3174 4457 3478 4511 eorumque

1903 4554 2098 4616 lilium,
2130 4567 2158 4604 a
2188 4560 2362 4603 morte
2433 4546 2586 4615 prius
2628 4543 2972 4606 suscitatum,
3029 4539 3122 4607 qui
3200 4534 3476 4590 Eol‘ranon

205 4622 384 4677 Tanta
417 4637 572 4681 certo
604 4644 710 4683 non
741 4641 824 4685 est
854 4641 1100 4686 vetustas
1145 4636 1347 4690 codicis
1411 4637 1678 4709 Vaticani,
1741 4646 1793 4700 in
1822 4639 1874 4700 D
1905 4651 2151 4704 vocatur,
2197 4641 2465 4706 ﬁliamque
2492 4634 2867 4704 Ephigeniam,
2925 4630 3086 4683 modo
3140 4623 3473 4695 Iphigeniam

203 4730 316 4785 quo
353 4717 718 4774 tolerabiliora
762 4731 980 4777 exstant
1026 4723 1082 4778 S.
1133 4724 1367 4782 Mattluri
1439 4732 1590 4786 Acta.
1646 4737 1794 4801 Qua-

205 4822 441 4881 propter
472 4812 729 4867 videntur
775 4815 826 4870 in
882 4817 973 4872 illo
1009 4819 1194 4874 codice
1242 4823 1490 4878 nonnihil
1552 4841 1794 4885 correcta

207 4904 410 4965 fuisse,
447 4915 505 4959 et
541 4906 958 4964 absurdioribus
1000 4913 1146 4966 vitiis
1186 4927 1504 4986 expurgatu,
1561 4936 1793 4988 praeser-

209 4995 305 5048 tim
352 5010 481 5049 cum
518 4997 708 5065 reliqui
754 5002 955 5068 passim
1012 5005 1228 5057 codices
1264 5010 1392 5062 Acta
1450 5014 1794 5079 contineant,

206 5084 392 5152 qualia
441 5090 735 5155 suntapud
770 5092 1022 5156 Abdiam,
1049 5102 1104 5148 et
1139 5095 1372 5149 necdum
1421 5099 1585 5154 alium
1644 5104 1792 5157 vide-

207 5181 310 5232 rim
350 5181 623 5239 codicem.
666 5183 754 5250 qui
820 5186 1131 5240 consentiat
1196 5203 1316 5240 cum
1371 5191 1461 5244 illo
1511 5192 1791 5251 Vaticano.

209 5272 482 5330 Praeterea
511 5271 564 5326 in
601 5276 701 5330 hoc
757 5277 947 5340 codice
999 5281 1248 5347 praelatio
1303 5284 1536 5352 vulgaris
1593 5289 1793 5344 omissa

207 5375 314 5427 est,
376 5374 435 5417 et
501 5368 796 5422 substituta
867 5371 992 5433 alia,
1047 5389 1161 5438 que
1221 5390 1344 5428 cum
1406 5378 1535 5444 ipsis
1592 5393 1794 5449 pugnat

210 5459 390 5514 Actis.
430 5457 564 5512 Nam
611 5463 918 5516 secundum
981 5465 1348 5534 praelationem
1390 5469 1449 5523 S.
1512 5471 1792 5529 Malthreus

213 5564 413 5619 passus
444 5560 525 5606 est
550 5552 601 5605 in
626 5551 881 5621 Perside;
915 5559 1213 5612 secundum
1238 5562 1389 5625 Acta,
1417 5563 1468 5614 in
1489 5563 1791 5633 inltiopia.

213 5644 367 5696 Actis
415 5642 550 5708 ipsis
585 5654 832 5698 assutum
866 5658 949 5701 est
979 5649 1125 5703 aliud
1160 5651 1488 5722 principium
1533 5657 1598 5708 dc.
1656 5657 1793 5710 scri-

211 5751 307 5806 pto
350 5751 447 5806 per
474 5735 792 5793 Matthazum
833 5740 1147 5812 Evangelio,
1219 5757 1271 5799 et
1340 5756 1458 5814 post
1529 5748 1658 5802 illud
1709 5765 1790 5802 se-

213 5838 464 5896 quuntur
499 5826 632 5882 Acta
666 5833 936 5898 personati
971 5833 1178 5894 Abdiae,
1228 5837 1321 5891 sed
1387 5839 1633 5891 nonnihil
1700 5856 1791 5893 ex-

215 5933 468 5993 purgata.
524 5921 716 5992 Itaque
774 5927 856 5978 vix
922 5925 1170 5981 dubitare
1234 5929 1432 5997 possim
1483 5931 1610 5998 quin
1671 5933 1783 5986 haec

1900 4735 2098 4806 passim
2132 4734 2353 4786 dictant.
2388 4730 2625 4784 Ecclesia
2653 4741 2869 4796 quoque
2898 4730 3210 4777 constructa
3253 4715 3474 4779 dicitur,

1898 4827 1951 4880 in
1988 4842 2092 4895 qua
2129 4822 2412 4876 Mattbaeus
2442 4819 2640 4874 sederit
2712 4817 2872 4870 annis
2918 4815 3010 4869 2‘).
3067 4814 3180 4866 Hoc
3229 4819 3477 4878 tempore

1899 4916 2403 4974 tnultaslahricavit
2434 4913 2718 4972 ecclesias,
2759 4928 2776 4960 ι
2818 4902 3473 4970 constituitpresbyterus

1895 5023 1950 5067 et
1979 5015 2327 5073 diaconos...
2360 5017 2412 5062 et
2471 5022 2569 5074 per
2600 5005 2848 5057 civitates
2873 5009 2925 5054 ct
2951 4997 3171 5052 castella
3203 4994 3477 5048 ordinavit

1895 5108 2194 5174 epiScopos.
2236 5119 2252 5149 ι
2303 5100 2569 5152 Praeterea
2620 5115 2635 5145 ι
2670 5095 2854 5147 omnia
2915 5093 3229 5150 simulacra,
3264 5086 3475 5140 omnia-

1896 5193 2217 5267 quetempla
2255 5210 2275 5244 ›
2313 5198 2639 5246 asseruntur
2675 5205 2691 5236 ι
2732 5188 3030 5240 destructa.
3075 5201 3092 5234 ι
3149 5181 3281 5234 Filia
3329 5180 3472 5246 rogis

1901 5309 1918 5340 ι
1963 5284 2259 5355 prigenia
2302 5301 2319 5334 ι
2361 5281 2726 5350 virginitatem
2774 5275 3040 5344 professa,
3111 5290 3130 5324 ι
3166 5279 3283 5326 erat
3333 5286 3469 5339 prato

1895 5381 2069 5450 posita
2106 5371 2632 5446 virginumamplius
2716 5386 2876 5440 quant
2920 5366 3300 5420 ducentarum.
3346 5363 3471 5416 Hinc

1893 5473 2075 5525 omnia
2107 5469 2247 5521 facta
2303 5467 2584 5526 dicuntur,
2645 5465 2862 5516 vivente
2914 5475 3036 5529 rege
3092 5458 3333 5527 Egyppo.
3394 5453 3470 5506 Eo

1893 5562 2172 5621 defuncto,
2200 5558 2493 5626 occisoque
2525 5555 2585 5609 S.
2634 5555 2884 5608 Matrliaeo
2944 5550 3013 5604 ob
3063 5557 3368 5603 recusatum
3399 5542 3468 5602 ab

1898 5652 2191 5724 [iphigenia
2227 5650 2632 5705 matrimonium
2667 5663 2789 5701 cum
2832 5659 2974 5698 novo
3026 5655 3152 5712 rege
3211 5641 3466 5712 Hyrtaco.

1896 5763 1983 5801 res
2040 5743 2476 5798 Christianorum
2515 5739 2727 5794 modico
2780 5748 3018 5806 tempore
3082 5732 3266 5788 minus
3312 5734 3469 5784 erant

1899 5851 2194 5910 prosperae.
2231 5839 2300 5892 At
2325 5851 2446 5890 cum
2480 5834 2702 5903 punitus
2747 5848 2774 5886 a
2811 5847 2868 5885 se
2898 5839 3040 5883 esset
3097 5825 3381 5896 Hyrtacus.
3414 5830 3469 5876 et

1897 5931 2110 5995 proprio
2149 5945 2204 5983 se
2247 5929 2420 5997 gladio
2453 5925 2768 5990 occidisset,
2807 5923 2972 5977 frater
2997 5915 3306 5990 prigenize
3331 5910 3463 5966 dici-
