4150 6504
721 435 828 496 ⁸155

1944 419 2224 480 MENSIS
2261 414 2550 474 SEPTEM
2564 411 2729 472 BER.

3863 408 3967 469 ’156

724 560 813 600 tur
845 560 1069 615 regnum
1098 546 1348 616 adeptus,
1382 547 1623 616 illudque
1667 543 1906 598 tenuisse
1935 540 2090 592 annis
2125 552 2281 591 sexa-
2315 534 2355 587 Α
2387 546 2492 583 non
2528 531 2786 593 facerem,
2823 528 2864 582 si
2895 528 3008 582 haec
3034 528 3167 581 Acta
3216 526 3457 588 ederem,
3519 541 3583 579 ex
3638 522 3960 591 apograpbo

727 642 872 708 ginta
908 640 1103 693 tribus.
1134 658 1151 690 ι
1185 637 1387 694 Omnes
1409 650 1591 693 autem
1619 635 1914 707 provinciae
1966 631 2283 697 Aithiopum

724 728 974 782 ecclesiis
1008 729 1224 797 repletae
1275 727 1571 782 Catholicis
1627 737 1797 792 usque
1858 720 1911 774 in
1963 717 2284 771 hodiernum

725 820 894 881 diem,
930 819 1339 887 inquitauctor,
1404 832 1503 886 per
1554 811 1906 884 Ephigeniam
1959 808 2287 863 benedicunt

727 913 918 978 Deum,
973 923 1027 966 et
1058 913 1195 967 ﬁunt
1235 913 1499 966 mirabilia
1542 924 1731 981 magna
1788 908 1853 962 ad
1889 906 2287 961 confessionem

729 1007 1117 1075 beatiapostoli
1152 1005 1411 1059 Matthari.
1445 1025 1461 1055 ι
1506 1004 1709 1073 itaque,
1735 1001 1777 1053 si
1810 1000 1959 1054 Actis
1988 997 2286 1056 credimus,

728 1100 872 1152 circa
905 1099 1144 1153 medium
1166 1098 1345 1151 saeculi
1379 1114 1414 1150 ιι
1456 1098 1628 1165 magis
1656 1093 1938 1148 Catholica
1994 1090 2099 1143 ﬁde
2132 1089 2292 1142 flore-

728 1192 820 1245 bat
853 1190 1096 1245 Ecclesia
1146 1190 1467 1260 Aithiopiae,
1524 1202 1685 1259 quam
1744 1187 1850 1239 ulla
1924 1180 2029 1236 alia
2081 1181 2135 1235 in
2178 1188 2291 1234 toto

727 1284 953 1337 mundo.

798 1376 852 1430 9.
890 1377 958 1429 At
984 1392 1046 1430 ea
1074 1390 1297 1446 prorsus
1322 1372 1661 1428 incredibilia
1691 1378 1821 1424 sunt
1848 1384 1910 1422 ex
1936 1366 2153 1423 silentio
2177 1379 2293 1420 om-

732 1470 881 1522 nium
910 1469 1239 1537 scriptorum
1274 1468 1641 1536 antiquorum.
1667 1462 1801 1517 Cum
1826 1463 1969 1515 enim
2018 1459 2293 1528 Aithiopia

730 1557 962 1631 Egypto
997 1559 1071 1613 sit
1092 1559 1452 1621 contermina,
1478 1570 1588 1609 non
1618 1554 1925 1624 potuissent
1955 1553 2145 1606 Patres
2175 1550 2295 1603 alii-

731 1668 838 1721 que
868 1653 1162 1721 scriptores
1188 1650 1507 1713 Christiani,
1568 1650 1659 1718 qui
1714 1648 1987 1719 prioribus
2043 1644 2297 1698 Ecclesia:

731 1745 944 1799 sreeuiis
994 1726 1295 1799 floruerunt
1353 1743 1402 1795 in
1457 1740 1711 1811 Egypto,
1763 1740 1818 1793 in
1896 1738 2201 1797 Palaestina,
2243 1735 2295 1788 in

2387 632 2574 675 nostro
2605 619 2981 674 brevissimum
3028 619 3166 673 dabo
3196 617 3601 688 compendium,
3662 614 3815 685 quod
3856 611 3965 665 sui.

2391 712 2533 765 iit-iet
2562 710 2627 764 ad
2663 709 2818 763 ﬁdem
2843 708 2907 763 iis
2933 707 3344 763 detrahendam.

2462 824 2547 878 Η.
2581 823 2942 878 Constituitur
2964 830 3183 876 sanctus
3212 820 3498 873 Matthreus
3522 819 3676 888 quasi
3709 832 3774 871 ex
3798 818 3966 871 abru-

2392 926 2484 984 pto
2514 914 2660 968 solus
2690 913 2741 965 in
2776 920 2957 966 monte
2992 925 3175 973 orans,
3208 910 3503 978 vidensque
3563 921 3773 975 pueros
3833 908 3966 960 mul-

2395 1014 2478 1058 tos
2510 1019 2633 1057 cum
2674 1003 2803 1057 .lcsu
2837 1002 3065 1071 parvulo
3090 1002 3145 1054 in
3171 1001 3418 1069 paradiso
3482 1008 3794 1053 cantantes.
3854 996 3970 1050 Mox

2394 1096 2545 1149 adest
2573 1094 2951 1155 Jesusoranti,
3015 1099 3070 1145 et
3133 1090 3412 1157 apostolus
3497 1088 3685 1141 videns
3740 1101 3970 1153 puerum

2396 1189 2844 1259 pulcherrimum,
2888 1186 3113 1238 multum
3140 1180 3527 1236 sollicitudinis
3560 1180 3833 1243 insinuat,
3868 1191 3974 1245 quo

2395 1296 2520 1335 eum
2556 1280 2714 1333 modo
2751 1277 2963 1330 nutrire
3014 1274 3184 1344 possit
3239 1272 3291 1325 in
3363 1271 3483 1325 loco
3525 1270 3770 1331 deserto,
3832 1269 3976 1322 omni

2396 1372 2520 1425 cibo
2554 1380 2608 1423 ct
2632 1366 2759 1437 potu
2796 1365 3192 1421 destitutus.At
3227 1362 3386 1417 Jesus
3411 1361 3647 1430 explicat
3669 1361 3797 1426 quis
3823 1363 3981 1417 sit,et

2400 1460 2745 1531 postmultos
2778 1470 3062 1511 sermones
3100 1454 3324 1507 minime
3381 1451 3741 1513 verisimiles,
3783 1450 3982 1517 quibus

2399 1551 2541 1605 inter
2561 1550 2665 1602 alia
2684 1547 2835 1613 dicit,
2864 1544 3133 1599 Herodem
3169 1542 3220 1593 in
3256 1539 3473 1594 inferno
3516 1553 3634 1593 esse
3695 1537 3767 1591 ob
3804 1538 3984 1589 occisa

2400 1641 2651 1696 undecim
2685 1652 2981 1708 puerorum
3053 1632 3243 1695 millia,
3288 1631 3543 1684 Matthtco
3598 1630 3694 1685 dat
3748 1629 3982 1697 virgam,

2404 1748 2567 1804 quam
2619 1731 2773 1801 jubet
2798 1729 3044 1799 plantare
3070 1727 3220 1795 juxta
3277 1730 3489 1792 portam
3540 1722 3795 1775 ecclesia:
3866 1719 3988 1772 fun-

730 1839 935 1902 Airica,
964 1847 1057 1892 aut
1089 1838 1250 1891 etiam
1280 1838 1332 1890 in
1370 1834 1666 1905 provinciis
1698 1833 1764 1887 ab
1818 1829 2093 1899 IEthiopia
2130 1828 2298 1898 magis
2338 1869 2375 1921 Β
2404 1826 2541 1879 datae
2568 1825 2633 1878 ab
2655 1825 2770 1892 ipso
2799 1830 2853 1875 et
2881 1818 3092 1872 Andrea
3124 1818 3367 1885 apostolo
3412 1816 3464 1867 in
3500 1813 3722 1867 civitate
3744 1812 3989 1867 Anthro-

736 1931 976 1995 remotis,
1010 1930 1256 2000 ignorare
1289 1929 1584 1982 Ecclesiam
1636 1926 1787 1994 regni
1818 1921 2134 1993 amplissimi
2167 1919 2302 1973 adeo

735 2023 1041 2089 florentem,
1070 2032 1124 2077 et
1148 2022 1217 2077 de
1254 2036 1316 2075 ea
1341 2035 1567 2090 prorsus
1595 2029 1797 2073 tacere.
1838 2015 2042 2072 Deinde
2106 2028 2235 2067 vero
2260 2012 2302 2065 si

734 2112 1043 2166 Christiana
1103 2110 1236 2164 ﬁdes
1261 2119 1368 2163 tam
1392 2110 1530 2163 bene
1552 2108 1772 2162 fundata
1801 2106 1995 2160 fuisset
2020 2104 2071 2156 in
2093 2100 2307 2154 {Ethio—

744 2205 852 2274 pia,
879 2219 984 2257 non
1015 2204 1280 2272 potuisset
1308 2201 1600 2263 eliminari,
1638 2200 1748 2253 nisi
1784 2195 2121 2267 gravissimis
2183 2207 2307 2262 per-

738 2296 1115 2352 secutionibus
1143 2288 1203 2350 cf
1224 2295 1387 2365 longo
1432 2303 1695 2362 tempore.
1724 2289 1799 2343 De
1837 2288 1919 2342 his
1946 2296 2127 2341 autem
2184 2298 2310 2353 per—

738 2386 1111 2441 secutionibus
1145 2386 1333 2440 saltem
1376 2383 1701 2437 innotuisset
1733 2379 1950 2433 illorum
2004 2385 2308 2445 temporum

742 2479 1132 2546 scriptoribus,
1156 2477 1248 2545 qui
1287 2477 1351 2529 de
1383 2474 1489 2527 illis
1513 2488 1616 2526 non
1655 2471 1977 2529 tacuissent.
2016 2476 2179 2537 prout
2204 2479 2314 2518 non

741 2585 930 2624 omnes
966 2579 1243 2623 tacuerunt
1280 2567 1347 2621 de
1383 2563 1851 2635 persecutionibus
1881 2560 2314 2615 Christianorum

744 2663 794 2715 in
816 2661 1056 2726 Perside,
1082 2661 1172 2717 ubi
1201 2661 1330 2714 tidcs
1352 2673 1626 2727 nunquam
1656 2665 1761 2710 tam
1775 2656 1913 2710 bene
1943 2652 2315 2715 luitstabilita,

743 2770 901 2823 quam
928 2754 1217 2807 stabilitam
1248 2752 1413 2806 fuisse
1456 2751 1507 2803 in
1533 2747 1804 2817 AitliiOpia
1839 2758 2027 2800 auctor
2060 2746 2317 2798 Actorum

744 2847 1025 2903 conﬁnxit.
1059 2842 1173 2900 Hoc
1202 2854 1382 2898 tamen
1422 2850 1796 2911 argumentum
1822 2839 1986 2892 nolim
2009 2838 2179 2892 lector
2204 2850 2322 2888 ver-

746 2948 826 2994 tat
887 2950 1076 2993 contra
1104 2935 1548 3006 praedicationem
1585 2931 1756 3001 ipsam
1807 2928 1975 2982 sancti
2012 2926 2244 2979 Matthaei
2269 2927 2318 2978 in

744 3031 1048 3100 EthiOpia,
1081 3031 1148 3084 de
1170 3044 1275 3098 qua
1309 3042 1408 3082 suo
1472 3026 1594 3080 loco
1655 3037 1854 3094 agam:
1928 3034 2118 3089 tnagna
2172 3019 2318 3072 enim

748 3122 1222 3191 estdiscrepantia
1257 3121 1402 3174 inter
1431 3118 1734 3188 simplicem
1790 3113 1913 3168 ﬁdei
1969 3110 2314 3181 pradicatio-

2407 1914 3052 1988 pop-liagorttrn.\'irgant
3085 1910 3215 1964 dicit
3267 1921 3550 1963 evasuram
3604 1907 3661 1959 in
3705 1904 3985 1963 arborem,

2406 2010 2640 2080 indeque
2675 2008 2940 2061 oriturum
2970 2004 3201 2065 fontem,
3235 2000 3302 2054 de
3331 2014 3438 2067 quo
3457 1997 3537 2052 uti
3588 2007 3645 2051 et
3697 1995 3767 2049 de
3798 1994 3990 2047 arbore

2408 2105 2782 2173 adjnnguntur
2804 2095 3015 2151 fabella:
3055 2093 3339 2164 plurimae;
3367 2089 3747 2161 praedictoque
3772 2091 3991 2141 demum

2413 2196 2673 2266 martyrio
2704 2190 2940 2245 Matthzei
2979 2205 3073 2258 per
3101 2188 3307 2255 ignem,
3345 2199 3481 2253 puer
3505 2183 3717 2237 subito.
3752 2181 3824 2234 ad
3887 2196 3994 2234 cce-

2414 2290 2522 2342 lum
2556 2284 2866 2339 revertitur.
2894 2280 3180 2333 Mattlueus
3208 2290 3335 2330 vero
3364 2279 3431 2328 ad
3482 2274 3674 2326 urbem
3710 2284 3992 2340 properat,

2413 2378 2629 2449 quando
2656 2381 2951 2430 occurrunt
2984 2370 3263 2424 Phulbana
3298 2366 3502 2437 regina,
3533 2363 3863 2419 Phulbanus
3883 2365 3995 2430 ejus

2416 2472 2579 2533 (ilius,
2622 2477 2677 2521 et
2734 2467 2896 2536 hujus
2949 2478 3085 2517 uxor
3150 2461 3315 2525 Erba,
3386 2473 3576 2512 omnes
3614 2454 3995 2526 energumeni,

2418 2562 2747 2616 etMatthzeo
2808 2558 3143 2619 minitantes,
3211 2570 3277 2608 ne
3341 2554 3615 2623 plantaret
3662 2552 3899 2621 virgam.
3933 2553 3998 2603 At

2420 2653 2506 2706 his
2572 2650 2800 2719 singulis
2872 2661 3064 2700 manus
3113 2646 3424 2714 imponens,
3478 2644 3639 2713 ejecit
3698 2642 3997 2703 daemones,

2421 2754 2613 2797 etmox
2642 2741 2864 2795 obvium
2914 2738 3103 2792 habuit
3151 2737 3432 2791 Platonem
3492 2734 3818 2804 episcopum
3881 2748 3998 2786 cum

2425 2844 2535 2887 toto
2566 2834 2733 2887 clero.
2768 2831 3108 2901 Cougregato
3179 2828 3375 2882 deinde
3416 2827 3645 2895 populo,
3681 2838 3997 2889 sermonem

2426 2926 2682 2987 instituit,
2742 2932 2794 2977 et
2822 2923 3021 2992 virgam
3048 2921 3275 2989 plantat,
3317 2928 3395 2982 et,
3441 2916 3669 2986 jubeute
3724 2916 3997 2984 apostolo,

2424 3017 2577 3070 Plato
2627 3016 2871 3086 reginam
2910 3015 3138 3083 ejusque
3176 3011 3343 3065 ﬁlium
3375 3019 3429 3063 et
3475 3026 3675 3063 nurum
3738 3010 3997 3076 baptizat.

2430 3111 2695 3166 Postridie
2736 3108 2882 3177 virga
2913 3108 2966 3159 in
2998 3106 3249 3159 arborem
3284 3112 3532 3157 creverat
3566 3112 3620 3155 et
3686 3101 3893 3153 ﬂuvius
3940 3116 4001 3151 ex

750 3231 872 3270 nem
906 3230 1027 3269 cum
1058 3212 1319 3266 nonnullo
1347 3212 1508 3264 etiam
1543 3207 1746 3269 fructu,
1797 3214 1853 3257 et
1904 3203 2316 3256 conversionem
2344 3213 2388 3274 ς
2424 3203 2620 3256 arbore
2692 3195 3096 3267 egrediebatur.
3164 3190 3404 3261 Populus
3469 3205 3598 3243 vero
3665 3190 4003 3245 manducans

753 3309 921 3363 totius
949 3306 1125 3376 regni,
1154 3319 1274 3374 quae
1303 3303 1367 3357 ad
1398 3304 1668 3369 integrum
1705 3297 1819 3352 fere
1873 3296 2131 3350 saeculum
2198 3292 2317 3345 sine

754 3398 1223 3468 persecutionibus
1251 3396 1442 3449 fuisset
1478 3394 1792 3448 continuata
1831 3388 2133 3443 secundum
2161 3388 2314 3449 Acta,

751 3502 806 3545 et
837 3495 914 3547 sic
941 3491 1146 3560 Optime
1177 3487 1406 3541 ﬁrmata.
1450 3486 1717 3540 Caeterum
1743 3483 1911 3536 multa
1938 3493 2157 3550 quoque
2210 3478 2317 3530 alia

752 3588 809 3639 in
844 3586 991 3640 Actis
1010 3592 1141 3637 sunt
1187 3580 1583 3649 improbabilia,
1621 3593 1742 3643 qua».
1786 3575 2023 3629 breviter
2072 3573 2125 3624 in
2154 3573 2321 3626 adno-

758 3678 885 3732 tatis
913 3676 1201 3745 assignabo
1228 3692 1241 3730 :
1272 3688 1396 3728 nam
1428 3671 1542 3726 haec
1577 3672 1736 3732 Acta,
1768 3668 2018 3737 quamvis
2076 3664 2317 3719 fabulosa

757 3771 1065 3836 sint,edere
1094 3769 1282 3833 statui,
1337 3768 1462 3836 quia
1551 3762 1728 3818 Latini
1810 3760 2165 3823 recentiores,
2230 3756 2321 3825 qui

757 3873 926 3933 agunt
959 3865 1025 3918 de
1056 3871 1246 3917 sancto
1277 3859 1552 3921 Mattiaco,
1574 3856 1757 3909 omnia
1790 3854 1903 3907 fere
1938 3868 2034 3906 sua
2079 3868 2146 3905 ex
2220 3850 2325 3903 illis

758 3958 1086 4011 hauserunt.

832 4049 919 4107 10.
960 4050 1094 4103 Acta
1127 4047 1315 4102 Graeca
1355 4085 1369 4109 ,
1397 4060 1460 4100 ex
1494 4043 1694 4113 quibus
1714 4040 2050 4095 recentiores
2104 4038 2324 4107 quidam

758 4145 829 4201 de
858 4152 1051 4200 sancto
1130 4139 1384 4194 Matrhaeo
1446 4144 1694 4205 egerunt,
1751 4133 1912 4187 nobis
1971 4130 2216 4186 similiter
2262 4130 2327 4183 ad

761 4250 985 4292 manum
1051 4241 1198 4296 sunt,
1240 4229 1511 4299 descripta
1561 4242 1628 4281 ex
1688 4226 1879 4280 codice
1931 4222 2192 4275 Vaticano
2226 4222 2330 4275 808

764 4333 908 4385 inter
926 4328 1166 4384 Graecos.
1193 4324 1341 4377 Nihil
1371 4322 1488 4376 haec
1518 4320 1723 4374 habent
1755 4329 2045 4371 commune
2092 4328 2213 4368 cum
2234 4313 2332 4366 La-

763 4422 897 4476 tinis
930 4419 1093 4474 modo
1115 4414 1436 4486 improbatis
1458 4430 1473 4477 ;
1498 4414 1592 4467 sed
1614 4412 1761 4465 hisce
1778 4410 1941 4463 etiam
1976 4407 2148 4478 magis
2204 4412 2332 4459 sunt

766 4513 1043 4576 informia,
1080 4511 1357 4579 magisque
1392 4506 1641 4569 ridicula,
1680 4517 1804 4557 cum
1838 4516 1946 4555 non
1996 4502 2096 4555 nisi
2133 4514 2334 4569 pauco-

766 4621 887 4660 rum
928 4604 1141 4659 dierum
1173 4612 1322 4672 gesta
1357 4599 1471 4653 fere
1494 4596 1834 4657 contineant,
1885 4601 1939 4645 et
1990 4593 2126 4645 nihil
2190 4594 2333 4647 refe-

769 4707 890 4752 rant
926 4704 1120 4766 prrter
1148 4694 1356 4762 aliquot
1384 4690 1523 4745 facta
1555 4697 1610 4742 et
1660 4684 1905 4755 prodigia
1968 4683 2127 4754 plane
2150 4672 2337 4737 incre-

765 4791 976 4845 dibilia.
1010 4786 1213 4842 llorum
1249 4787 1507 4839 Actorum
1546 4780 1927 4850 compendium
1952 4777 2336 4846 datNicepho-

769 4899 864 4940 rus
902 4881 1180 4939 Callistus.
1208 4878 1301 4931 lib.
1370 4892 1404 4929 ιι
1476 4874 1753 4934 Historiae,
1823 4886 1942 4939 cap.
1985 4870 2075 4923 41.
2128 4871 2199 4923 De
2236 4870 2338 4923 hoc

770 4976 1093 5044 compendio
1118 4969 1383 5025 Baronius
1415 4969 1467 5021 in
1500 4967 1771 5020 adnotatis
1799 4966 1865 5018 ad
1902 4962 2336 5033 Martyrologium

769 5070 841 5124 ita
896 5066 1155 5135 loquitur.
1198 5083 1215 5114 ι
1264 5062 1533 5115 Nonnulla
1569 5061 1634 5112 de
1681 5057 1931 5110 Matthaeo
1963 5056 2148 5109 scribit
2182 5056 2340 5110 Nice~

770 5162 998 5231 pliorus,
1030 5158 1123 5213 lib.
1164 5171 1221 5214 ll,
1262 5169 1379 5221 cap.
1410 5152 1468 5203 ιι
1506 5168 1518 5213 ;
1554 5151 1649 5202 sed
1700 5163 1819 5218 qua:
1867 5146 2075 5200 nulliUs
2117 5158 2341 5214 prorsus

773 5262 904 5308 sunt
934 5250 1244 5305 testimonio
1272 5245 1641 5314 comprobata.
1686 5260 1701 5290 ι
1762 5240 1850 5295 Vel
1884 5242 1962 5294 sie
2028 5250 2204 5294 tamen
2244 5236 2341 5291 Νι-

772 5346 994 5415 cephori
1028 5339 1408 5409 compendium
1433 5338 1579 5403 A_ctis
1614 5336 1745 5403 ipsis
1782 5334 1960 5386 minus
2008 5335 2196 5386 saltem
2256 5342 2341 5386 est

775 5438 1251 5499 ridiculum;cum
1309 5430 1483 5483 multa
1532 5428 1783 5482 omiserit
1855 5426 2107 5493 adiuncta
2174 5425 2343 5493 magis

780 5540 967 5601 aperte
996 5529 1253 5591 fabulosa,
1278 5537 1332 5579 et
1366 5523 1521 5577 initio
1550 5536 1716 5589 pau‘ca
1773 5519 2093 5588 ptuctttiserit
2125 5518 2190 5570 de
2215 5528 2342 5569 san-

780 5634 866 5681 ctn
900 5622 1150 5677 Matthan
1184 5619 1399 5671 aliunde
1424 5625 1572 5671 nota.
1610 5614 1683 5665 Ex
1705 5614 1892 5667 iisdem
1959 5611 2105 5664 Actis
2129 5615 2345 5663 contra-

781 5728 928 5771 ctum
958 5727 1035 5768 est
1068 5712 1325 5786 elogium,
1362 5709 1501 5778 quod
1524 5706 1789 5762 exhibent
1821 5704 2019 5757 Menara
2080 5703 2342 5772 impressa

776 5811 846 5869 Id
879 5824 964 5862 κνι
1003 5805 1324 5863 Nevembris
1362 5819 1379 5867 ;
1406 5802 1498 5855 sed
1524 5812 1577 5854 el
1605 5800 1676 5855 ibi
1702 5798 1881 5864 aliqua
1918 5795 2071 5850 initio
2091 5797 2345 5851 dicuntur

782 5902 992 5967 abaliis
1021 5898 1362 5961 documentis
1386 5903 1625 5962 accepta.
1682 5892 1818 5947 Cum
1882 5903 2058 5959 operte
2112 5894 2340 5961 pretium

2422 3291 2661 3344 fructum
2688 3286 2901 3340 arboris
2933 3280 3189 3352 cognovit
3220 3295 3279 3335 se
3331 3279 3535 3333 nudum
3602 3294 3751 3340 esse,
3806 3282 4003 3331 erube-

2421 3392 2747 3447 scentesque
2778 3377 2975 3447 singuli
3010 3376 3232 3428 domum
3267 3384 3634 3426 cucurrerunt
3687 3368 3757 3422 ad
3821 3381 4001 3425 vestes

2422 3471 2839 3538 comparandas.
2904 3466 3060 3519 Mitto
3121 3477 3292 3532 nugas
3345 3462 3571 3525 similes,
3633 3469 3693 3513 ut
3744 3459 3911 3516 citius
3943 3460 4002 3512 ad

2425 3564 2617 3618 fabula:
2653 3559 3039 3628 catastrOphen
3079 3554 3484 3626 perveniamus.

2498 3675 2583 3729 12.
2618 3672 2932 3729 Pliulbanus
2996 3686 3113 3732 rex,
3193 3667 3460 3722 excitatus
3511 3682 3539 3720 a
3585 3666 3862 3731 daemone,
3918 3669 4004 3722 diu

2428 3774 2626 3829 frustra
2663 3772 2981 3825 Matth-amni
3016 3764 3489 3834 comprehendere
3514 3774 3771 3823 conatur,
3815 3777 3881 3813 ac
3918 3762 4007 3812 dc-

2429 3881 2599 3925 mum,
2644 3863 2735 3918 ubi
2766 3864 2944 3932 ipsum
2988 3858 3370 3918 advocaverat,
3401 3852 3647 3906 caecitate
3679 3852 4007 3920 percutitur.

2431 3958 2667 4013 San‘atus
2690 3955 2757 4009 ab
2794 3951 3060 4024 apostolo,
3095 3948 3242 4003 hunc
3273 3946 3359 4001 vel
3427 3945 3507 4001 sic
3564 3942 4009 4011 comprehendit,

2432 4064 2485 4106 et
2520 4052 2692 4120 longis
2748 4049 2917 4102 clavis
2972 4054 3129 4097 teme
3197 4040 3338 4108 afﬁgi
3380 4039 3554 4108 jubet,
3617 4036 4013 4104 materiemque

2401 4183 2405 4186 ρ
2433 4141 2658 4196 multam
2689 4137 2843 4193 facile
2873 4128 3312 4190 conibustibilem
3364 4130 3509 4183 circa
3567 4128 3747 4194 ipsum
3785 4142 4012 4195 congre-

2431 4234 2569 4304 gari,
2607 4240 2663 4285 et
2699 4229 2776 4283 sic
2808 4222 3077 4281 comburi.
3140 4222 3339 4278 Verum
3411 4218 3699 4275 combusta
3794 4219 4011 4285 quidem

2433 4323 2663 4378 materia
2691 4319 3115 4388 circumposita,
3147 4330 3262 4369 non
3298 4315 3429 4367 item
3490 4311 3651 4364 ltesus
3705 4310 4010 4377 apostolus.

2432 4415 2607 4470 Jussit
2637 4413 2799 4483 igitur
2823 4427 2915 4465 rex
2949 4407 3237 4462 duodecim
3269 4406 3402 4459 deos
3416 4418 3613 4458 aureos
3652 4413 3709 4456 et
3728 4413 4014 4472 argenteos

2435 4512 2640 4566 circum
2668 4519 2851 4577 pyram
2884 4501 3035 4575 poni,
3080 4515 3149 4554 ne
3214 4498 3294 4554 vis
3320 4496 3549 4551 ﬂammze
3606 4496 4012 4564 impediretur;

2442 4604 2668 4669 ipseque
2713 4599 2776 4652 ad
2792 4597 2968 4651 locum
2994 4593 3246 4649 aecessit.
3274 4590 3343 4644 At
3372 4590 3461 4643 ubi
3491 4590 3717 4642 incensa
3748 4598 3837 4640 est
3868 4603 4011 4657 pyra,

2442 4708 2565 4747 mox
2608 4692 2747 4761 ignis
2778 4688 3001 4743 recessit
3039 4701 3069 4740 a
3120 4684 3396 4747 Mattbteo,
3447 4682 3871 4749 combussitque
3900 4696 4014 4734 om-

2443 4800 2540 4839 nes
2564 4783 2697 4837 deos
2723 4795 2913 4834 aureos
2940 4789 2995 4833 et
3020 4788 3330 4847 argenteos,
3364 4775 3781 4840 fugientctttqttc
3839 4786 4012 4844 regem

2442 4874 2711 4944 serpentis
2745 4870 2925 4939 specie
2983 4870 3287 4931 insecutus,
3316 4863 3639 4932 prohibebat
3671 4862 3741 4915 ab
3771 4862 4013 4931 ingressu

2443 4965 2626 5036 palatii
2659 4960 2763 5026 sui,
2791 4962 2965 5015 donec
3026 4965 3394 5012 reverteretur
3444 4955 3512 5009 ad
3567 4950 3913 5014 Matthmum,
3952 4948 4013 5006 ab

2444 5071 2619 5127 eoque
2652 5052 3079 5110 misericordiam
3122 5058 3355 5118 peteret.
3400 5045 3562 5105 Tum,
3624 5054 3826 5097 orante
3892 5044 4015 5095 llat-

2446 5156 2609 5218 thten,
2635 5152 2821 5220 igneus
2846 5149 3008 5200 draco
3039 5144 3262 5195 evanuit
3293 5158 3306 5204 ;
3364 5138 3645 5207 apostolus
3678 5152 3811 5189 vero
3857 5152 4013 5190 orans

2446 5244 2691 5311 Spiritum
2729 5242 2836 5292 Deo
2862 5236 3100 5297 tradidit,
3127 5243 3181 5287 et
3203 5232 3419 5300 quidem
3451 5230 3539 5283 die
3576 5229 3640 5281 16
3668 5229 4009 5289 Novembris,

2445 5340 2489 5392 si
2533 5331 2816 5391 fahuiatori
2853 5328 3145 5383 credimus.
3176 5328 3243 5379 At
3305 5324 3535 5377 necdum
3587 5320 3899 5372 fabularum
3955 5321 4013 5371 ii-

2447 5432 2552 5483 nis.
2577 5427 2733 5481 Jubet
2761 5440 2853 5477 rex
2884 5420 3130 5475 defuncti
3158 5433 3376 5487 corpus,
3466 5426 3635 5465 aureo
3698 5411 4008 5479 impositum

2448 5524 2607 5583 lecto,
2635 5518 2698 5570 ad
2735 5515 2988 5586 palatium
3020 5528 3178 5565 suum
3209 5506 3429 5577 perferri
3461 5526 3473 5560 :
3502 5504 3705 5559 deinde
3745 5504 4008 5556 inclusum

2448 5632 2587 5668 arcte
2623 5612 2827 5668 terrere,
2859 5608 3077 5677 plumbo
3106 5604 3265 5657 etiam
3293 5609 3543 5670 gravatzc,
3584 5598 3639 5649 in
3716 5612 3869 5649 mare
3904 5610 4014 5664 pro-

2446 5705 2559 5777 jici,
2606 5711 2666 5754 ut
2731 5701 3000 5756 crederet.
3040 5697 3080 5751 si
3114 5709 3312 5762 corpus
3337 5708 3399 5746 ex
3437 5689 3571 5743 mari
3607 5686 3820 5740 rediret
3874 5689 4013 5738 ineo-

2450 5774 2614 5852 lume.
2645 5792 2739 5848 llis
2793 5794 3040 5862 peractis,
3070 5797 3295 5856 apparet
3315 5792 3537 5839 sanctus
3584 5778 3881 5833 Matthzeus
3907 5774 4011 5829 Pla-

2454 5887 2565 5947 toni
2592 5887 2868 5954 episcopo,
2893 5889 3197 5945 monetque,
3240 5884 3294 5929 ut
3330 5872 3392 5927 ad
3430 5886 3579 5927 mare
3612 5868 3876 5941 procedat
3916 5866 4007 5919 ritu
