4150 6488
252 418 356 480 757

249 628 479 681 tamdiei
512 629 699 686 horam
728 635 872 692 videt
897 655 926 692 e
953 640 1249 715 longinquo
1276 648 1830 719 episc0pus3anctum

245 719 569 776 Manlianum
606 727 749 782 inter
784 732 922 787 duos
942 736 1085 790 viros
1118 738 1491 797 ambulantem
1518 761 1615 808 per
1640 763 1826 804 mare:

244 822 366 879 post
410 812 603 871 horam
638 821 785 877 videt
821 840 1038 881 crucem
1067 846 1097 884 e
1142 833 1277 887 mari
1349 851 1748 907 emergentem,
1776 851 1831 897 et

241 902 307 953 ad
347 901 511 957 linem
540 910 722 963 crucis
750 927 954 982 arcam,
987 919 1039 973 in
1073 938 1175 990 qua
1209 937 1327 981 erat
1382 928 1569 987 Sancti
1605 951 1825 1006 corpus.

241 990 369 1049 Hac
399 1010 584 1055 autem
627 1018 845 1061 crucem
878 1015 1210 1081 sequebatur
1242 1036 1415 1091 usque
1460 1029 1526 1081 ad
1602 1035 1830 1089 terram.

313 1090 399 1143 15.
447 1091 526 1147 Re
561 1095 859 1163 intellecta,
888 1112 1127 1166 accurrit
1164 1090 1420 1183 populus,
1454 1133 1507 1177 et
1536 1140 1629 1180 rex
1684 1128 1820 1194 ipSe.

238 1178 491 1249 deposita
522 1191 669 1241 omni
694 1191 1096 1264 incredulitate,
1120 1210 1352 1271 accedit,
1386 1226 1697 1280 prostratus
1728 1239 1820 1275 ve-

232 1273 381 1326 niam
418 1279 574 1344 pelit,
614 1293 664 1335 et
695 1284 853 1339 fidem
903 1294 1268 1359 amplectitur.
1306 1301 1488 1366 Quare
1523 1309 1819 1370 honorifice

230 1363 295 1416 ad
326 1368 623 1424 ecclesiam
664 1386 910 1442 portatur
932 1399 1132 1452 corpus
1155 1395 1330 1447 sancti
1386 1397 1647 1459 Mattlnei.
1720 1406 1815 1461 Ba-

227 1455 436 1521 ptizato
462 1462 575 1529 regi
608 1477 774 1520 noctu
849 1485 1072 1531 sanctus
1126 1478 1409 1542 lllatthzrus
1458 1498 1731 1562 apparuit,
1762 1511 1815 1558 et

226 1547 549 1605 Mattlimum
580 1561 760 1613 vocari
789 1561 973 1630 jussit,
1018 1582 1071 1624 et
1106 1579 1480 1649 presbyterum
1516 1591 1809 1659 ordinavit,

225 1641 399 1694 lilium
437 1660 570 1699 vero
601 1649 721 1717 ejus
748 1655 1067 1725 diaconum,
1131 1671 1418 1742 utriusque
1464 1695 1660 1736 uxores
1697 1687 1811 1739 dia—

221 1746 496 1793 conissas.
523 1742 765 1797 omnium
803 1763 1019 1819 quoque
1043 1763 1266 1816 mutatis
1333 1770 1666 1829 nominibus.
1696 1776 1808 1835 Rex

217 1832 392 1891 igitur
423 1841 621 1884 omnes
659 1834 711 1887 in
756 1855 922 1909 regno
953 1861 1052 1900 suo

1079 1915 1089 1917 ῖ
1452 1915 1532 1917 ,
1555 1915 1797 1935 eum“.-.

214 1915 440 1985 alioque
480 1935 603 1991 rege
640 1932 959 1997 constituto,
996 1949 1048 1992 et
1076 1956 1293 2001 mortuo
1326 1963 1449 2018 post
1502 1959 1797 2019 triennium

216 2005 468 2076 Platone,
500 2014 673 2069 lactus
698 2031 780 2073 est
811 2027 1125 2098 episcopus,
1164 2038 1241 2090 uti
1278 2052 1330 2095 et
1358 2043 1500 2101 filius
1530 2050 1653 2118 ejus
1677 2066 1798 2123 post

212 2100 419 2167 ipsum.
451 2106 726 2166 Hactenus
756 2115 887 2171 Acta
922 2124 1055 2179 satis
1094 2132 1438 2200 prolixa,sed
1474 2147 1645 2200 multo
1677 2100 1797 2202 ina-

208 2192 291 2260 gis
327 2197 601 2262 fabulosa,
635 2218 754 2272 qure
784 2213 1058 2277 patienter
1102 2224 1304 2296 perlegi
1366 2242 1420 2286 et
1451 2237 1504 2288 in
1538 2253 1798 2311 compen-

208 2285 359 2311 ,ἔζη-ι
402 2304 477 2311 -Αν
511 2303 522 2311 -
572 2310 579 2311 ί
634 2299 645 2308 ⁹
804 2304 813 2311 ⁸
885 2305 896 2311 ⁵

205 2285 359 2338 dium
397 2299 666 2357 contraxi,
707 2304 929 2361 omissis
969 2318 1149 2368 tamen
1186 2319 1493 2383 visionibus
1561 2343 1615 2387 et
1668 2285 1797 2393 laliis

1224 3068 1509 3141 piseopus,
1550 3082 1783 3154 ejusque

190 3135 487 3177 successor
519 3127 856 3203 Phulbanus,
895 3154 947 3198 et
984 3148 1148 3218 huius
1201 3156 1344 3213 filius
1385 3127 1514 3221 .non
1580 3127 1780 3234 annilius

189 3225 448 3276 persona:
480 3218 737 3279 videntur
770 3241 1184 3298 commentitite.

1240 3298 1249 3301 -
1277 3298 1318 3302 _-
1343 3298 1393 3306 υ.
1436 3298 1502 3312 ..ν
1550 3298 1574 3313 ι.
1598 3298 1780 3325 ιηιυιιῧ

188 3298 282 3352 illo
320 3303 546 3364 aliunde
583 3315 719 3370 nihil
750 3319 994 3391 invenio,
1022 3333 1223 3390 nedum
1268 3340 1335 3395 de
1383 3344 1529 3412 aliis,
1572 3362 1631 3406 ut
1659 3370 1780 3412 orn-

186 3393 324 3445 nino
366 3400 461 3453 liat
494 3408 811 3477 verisimile,
848 3414 1128 3480 Platonem
1167 3444 1231 3484 ex
1259 3434 1341 3488 his
1381 3452 1601 3510 quoque
1628 3447 1781 3506 Actis

848 3602 1077 3667 etplnra
1113 3609 1164 3661 in
1220 3614 1322 3665 isto
1356 3620 1532 3690 elogio
1582 3642 1645 3679 ex
1692 3631 1775 3685 his

182 3668 339 3721 Actis
371 3671 693 3750 deprompta
728 3701 870 3751 esse,
908 3692 1033 3750 licet
1065 3714 1172 3754 non
1199 3709 1381 3764 omnia
1445 3668 1771 3787 congruant.

255 3760 278 3787 Δ
300 3761 320 3787 ι
389 3765 490 3787 Al!‘
533 3785 540 3787 -
942 3785 947 3787 ‘

255 3760 345 3815 14.
375 3765 494 3819 Alia
532 3785 747 3830 rursum
776 3785 950 3839 sancti
978 3787 1213 3849 Matthxi
1268 3800 1401 3856 Acta
1445 3760 1776 3881 congeripsit

255 3871 410 3881 ι-νιΑΑ--
446 3860 543 3881 “-'
630 3872 638 3881 '

1268 3850 1401 3856 ﬂ---
1447 3850 1771 3881 --.......,.s..

179 3850 411 3961 .Siineon
442 3860 858 3942 Metaphrastes,
897 3895 1016 3949 qua:
1063 3885 1245 3945 Grreca
1284 3896 1349 3948 ad
1409 3915 1628 3957 manum
1663 3923 1771 3961 non

913 3943 926 3949 _
1238 3943 1244 3945 _
1286 3943 1348 3948 ___
1410 3943 1628 3957 ............
1664 3943 1770 3961 ..υη

180 3943 385 4006 habeo,
425 3967 525 4005 nec
554 3961 685 4013 tanti
719 3965 968 4025 facienda
1018 3990 1165 4043 sunt,
1204 3995 1257 4035 ut
1314 3992 1560 4046 studiose
1611 3999 1770 4052 modo

176 4047 481 4108 qua-renda
511 4050 819 4111 existimem
863 4077 876 4113 :
920 4079 1042 4118 nam
1079 4086 1136 4122 ea
1169 4072 1359 4132 Latine
1388 4081 1562 4137 edidit
1608 4086 1769 4161 Lipo-

178 4149 574 4239 manns,_tom.
619 4146 681 4211 V,
718 4151 813 4208 fol.
865 4158 964 4214 157
992 4174 1044 4218 et
1074 4166 1189 4231 l38,
1223 4184 1273 4224 et
1307 4172 1499 4231 Surius
1531 4185 1597 4238 ad
1624 4146 1768 4239 hunc

176 4226 348 4283 diem.
390 4232 513 4288 Haec
535 4241 714 4295 minus
752 4246 1001 4305 fabulosa
1027 4266 1291 4323 sunt,sed
1328 4267 1511 4323 brevia
1540 4278 1767 4331 omnino

172 4326 232 4435 e't
254 4316 472 4387 jejuna,
496 4336 553 4380 ut
578 4331 662 4381 vix
686 4336 985 4407 quidquam
1007 4345 1243 4406 afferant
1269 4354 1336 4410 de
1358 4355 1583 4427 Sancto,
1622 4372 1764 4435 quod

174 4422 201 4435 η
233 4408 401 4435 2....-l-
440 4431 535 4435 -αγ
609 4424 639 4435 ⁸-
930 4431 951 4435 λ

844 4406 851 4407 7
1317 4406 1333 4410 τ
1370 4406 1583 4427 -_---..,,
1622 4406 1635 4419 ι
1662 4406 1763 4425 ..υυ

170 4406 404 4466 aliunde
437 4431 545 4471 non
576 4424 645 4477 sit
674 4438 887 4485 notum.
926 4431 1103 4492 Pauca
1134 4453 1317 4499 autem
1375 4449 1485 4517 illa,
1524 4406 1651 4524 qua;
1696 4464 1763 4515 de

170 4506 572 4567 pnndicatione
598 4512 785 4573 Sancti
814 4523 1098 4592 dicuntur,
1140 4549 1249 4588 non
1276 4553 1405 4594 sunt
1439 4506 1561 4602 fidei
1599 4550 1761 4608 intin-

170 4597 360 4651 bitataz
397 4617 410 4663 ;
449 4601 543 4655 5rd
579 4616 740 4663 tanta:
770 4615 947 4670 solum
981 4627 1349 4696 auctoritatis,

164 4690 221 4742 in
250 4690 378 4746 aliis
400 4706 827 4761 esseanctoritas
852 4709 1256 4783 Metaphrastis.
1285 4723 1479 4784 Surius
1505 4739 1757 4793 eamdem

169 4782 348 4839 edidit
380 4787 773 4857 Metaphrastis
798 4802 1261 4880 lucubrationem,
1289 4820 1383 4874 sed
1431 4824 1537 4880 alio
1599 4832 1759 4886 modo

164 4874 367 4949 Latine
408 4885 699 4953 redditam,
738 4910 845 4963 quo
878 4897 1077 4956 factum
1107 4918 1212 4968 est,
1251 4921 1306 4963 ut
1355 4914 1623 4975 Baronius
1672 4923 1757 4977 dio

165 4987 365 5026 versas
392 4979 693 5035 crediderit
732 4987 1168 5063 lucubrationes,
1201 5019 1324 5059 cum
1370 5025 1476 5064 non
1538 5014 1609 5068 sit
1650 5019 1754 5073 nisi

166 5079 274 5118 una
314 5069 624 5140 eademque
648 5074 854 5145 Gra-ea,
906 5101 1066 5154 quam
1133 5093 1276 5149 inter
1330 5100 1476 5156 Vitas
1507 5121 1535 5159 a
1587 5106 1755 5164 Meta-

158 5153 395 5221 phraste
430 5162 668 5230 scrimas
706 5180 1033 5231 memoravit
1062 5182 1292 5241 Allatius
1324 5190 1391 5246 de
1430 5193 1751 5253 Simeonem

156 5248 401 5314 scriptis,
443 5268 563 5325 pag.
604 5258 721 5327 126,
766 5268 1004 5324 recitatis
1059 5275 1269 5333 initium
1315 5286 1574 5343 Actorum
1602 5292 1754 5347 (ira:-

155 5354 377 5406 εοτιηηι
423 5346 524 5417 ἤδη
559 5352 660 5418 μὲν
691 5356 780 5407 τὸν
822 5366 973 5430 παρὰ
1000 5369 1093 5420 τοῦ
1122 5372 1425 5443 πλάσαντος
1480 5385 1625 5452 ἡμᾶς
1662 5386 1749 5441 δο-

159 5430 245 5452 Λ-ν
269 5451 276 5452 κ
462 5438 473 5449 ι
509 5442 518 5452 ι

1404 5430 1421 5443 σ
1485 5430 1623 5452 *μην-³
1664 5430 1748 5441 *ν’

159 5430 351 5485 Οείπιν
381 5438 750 5511 φυλάττοντες
778 5452 1180 5528 ἐντοὶ.ὴν,(]ιι‹›ι1
1211 5465 1282 5520 ita
1314 5485 1636 5540 expressum
1666 5492 1750 5536 est

156 5527 301 5593 apud
337 5528 699 5599 Lipomannm
736 5559 748 5595 :
785 5563 800 5594 ι
828 5546 943 5602 Jam
1003 5554 1219 5620 quidem
1257 5570 1539 5634 nos,qnod
1570 5572 1637 5627 ab
1657 5590 1745 5641 co,

1364 5622 1374 5626 -
1413 5622 1425 5634 .
1518 5622 1523 5623 ν
1574 5622 1631 5627 η
1661 5622 1745 5641 νυ,

151 5622 250 5689 qui
282 5637 388 5677 nos
425 5626 676 5696 ﬁnxerat,
700 5635 883 5692 datum
915 5642 1461 5723 fueratpneceptum,
1516 5680 1745 5721 servan-

158 5722 263 5768 tes.
306 5734 326 5767 ι
354 5720 512 5788 Apud
549 5724 764 5782 Surinm
802 5748 970 5790 vero:
1016 5758 1032 5789 r
1073 5738 1127 5794 Si
1201 5720 1531 5818 prieeeptum
1592 5757 1742 5823 illud,

154 5811 301 5875 quod
333 5812 404 5865 ab
431 5829 517 5873 eo.
554 5820 643 5887 qui
680 5820 953 5892 formavit,
1015 5811 1321 5904 injunctum
1384 5811 1549 5905 nobis
1618 5851 1739 5913 fuit,

157 5918 382 5961 servare
415 5907 797 5973 voluissemus.
835 5918 1073 5994 Utraque
1130 5937 1397 6001 expositio
1452 5950 1575 6010 apta
1633 5958 1735 6013 est,

1547 435 1722 500 VlTA
1757 445 1820 505 S.
1861 444 2244 510 ΜΑΤΤΗΕΙ.

248 536 485 590 solemni
518 555 643 593 cum
675 543 823 599 clero
846 562 969 601 suo.
1013 550 1151 604 Cum
1181 555 1253 607 ibi
1290 567 1497 621 essent,
1531 559 1676 613 circa
1711 577 1834 615 sex-
1862 563 1908 622 A
1937 575 1990 618 et
2022 566 2076 619 in
2112 567 2253 623 idem
2275 573 2492 638 recidit,
2519 576 2659 632 sicut

1228 3248 1394 3306 Certe
1435 3257 1503 3312 de
1550 3261 1852 3354 Platonec

3403 467 3506 531 758

2688 587 2742 632 et
2767 580 2974 649 reliqua
3028 586 3238 648 omnia,
3294 586 3510 644 duobus

1938 662 2180 729 exceptis
2219 664 2372 725 locis,
2416 666 2468 720 in
2495 669 2695 738 quibus
2752 673 3024 743 interpres
3056 678 3322 733 alteruter
3350 683 3507 736 aber-

1937 752 2092 815 ravit,
2127 764 2222 807 aut
2250 757 2495 814 codicem
2531 760 2719 817 habuit
2747 780 3091 836 corruptum,
3124 780 3182 824 ut
3225 770 3392 827 latius
3419 773 3506 828 di-

1934 856 2074 906 cam,
2112 846 2201 900 ubi
2239 860 2429 919 agetur
2457 852 2524 906 de
2582 855 2964 923 praedicatione
3019 863 3188 916 sancti
3240 864 3503 927 Mattlizei,

1932 937 2179 1007 adquam
2222 942 2630 1015 locusnterque
2663 960 2892 1019 spectat,
2943 964 3035 1007 aut
3077 955 3131 1008 in
3191 958 3499 1013 Adnotatis.

1932 1028 2078 1082 Dabo
2115 1033 2227 1087 Inee
2249 1037 2402 1099 Acta,
2429 1039 2646 1094 etiamsi
2674 1059 2783 1097 non
2813 1046 2918 1098 sint
2954 1050 3299 1111 auctoritatis
3354 1066 3502 1105 sum-

1929 1138 2046 1185 mae,
2069 1126 2193 1193 quia
2224 1143 2331 1182 non
2357 1131 2618 1187 habemus
2647 1135 2870 1190 meliora
2893 1139 2960 1193 de
2987 1152 3178 1196 sancto
3208 1141 3496 1208 Matthaz‘o;

1926 1231 2231 1287 sequarqne
2275 1222 2574 1278 editionem
2613 1227 2970 1294 Surii,altera
3034 1233 3356 1302 planiorem,
3381 1252 3500 1290 me-

1926 1308 2244 1379 lioremque,
2288 1324 2345 1368 ut
2374 1316 2645 1379 existimo,
2677 1320 2786 1375 imo
2829 1324 2896 1376 ab
2929 1324 3049 1393 ipso
3096 1326 3262 1381 etiam
3333 1327 3496 1398 Lipo-

1922 1415 2084 1454 tnano
2105 1404 2305 1468 datam,
2343 1417 2474 1461 tom.
2517 1409 2623 1473 Vll,
2657 1412 2745 1465 ubi
2791 1412 2882 1468 fol.
2933 1414 3038 1471 256
3105 1416 3285 1483 docet,
3325 1419 3497 1472 inter~

1921 1498 2091 1563 pretis
2140 1514 2261 1554 esse
2294 1500 2495 1557 Sirleti.
2539 1504 2612 1558 Ex
2649 1507 2729 1561 his
2790 1519 2974 1564 autem
3059 1512 3207 1567 Actis
3256 1513 3496 1582 prudens

1920 1590 2089 1644 lector
2117 1594 2374 1663 colligere
2401 1600 2620 1665 poterit,
2658 1600 3062 1673 Metaphrasten
3097 1622 3205 1661 non
3252 1623 3373 1662 esse
3415 1608 3497 1662 fa-

1919 1684 2165 1739 bularum
2197 1687 2567 1756 inventorem,
2590 1704 2647 1747 nt
2678 1695 2994 1765 frequenter
3025 1713 3278 1755 asserunt
3317 1703 3490 1773 aliqui

1915 1776 2112 1840 eritici,
2149 1780 2381 1834 maxime
2405 1781 2691 1841 Bailletus.
2731 1786 2786 1841 Si
2815 1790 2959 1843 enim
2982 1790 3183 1862 lingere
3209 1795 3490 1860 voluisset,

1076 1850 1241 1917 jussit
1280 1870 1403 1914 esse
1437 1862 1800 1935 Christianos,
1836 1908 1880 1965 Β
1915 1864 1965 1919 id
1996 1866 2175 1922 facere
2206 1871 2473 1937 potuisset
2506 1889 2614 1927 non
2658 1878 2840 1931 minus
2874 1878 2941 1933 de
2983 1892 3174 1935 sancto
3239 1881 3491 1938 Matthazo

1907 1969 1961 2013 et
1990 1961 2111 2015 aliis
2148 1965 2429 2030 apostolis,
2472 1967 2541 2021 de
2568 1984 2804 2037 quorum
2889 1974 3055 2042 gestis
3099 1990 3271 2043 pauca
3312 1978 3488 2030 solum

1902 2058 2365 2119 commemoravit,
2424 2060 2563 2127 quod
2647 2078 2754 2115 non
2819 2065 3087 2131 reperiret
3139 2068 3291 2135 plura
3343 2073 3487 2137 apud

1899 2147 2257 2214 antiquiores.
2322 2149 2437 2205 Non
2497 2153 2760 2209 confinxit
2799 2157 2959 2227 igitur
2994 2158 3144 2213 Vitas
3213 2160 3489 2217 fabulosas

1901 2238 2319 2309 Metaphrastes,
2397 2246 2489 2300 sed
2552 2251 2844 2305 nonnullas
2913 2255 3206 2323 adoptavit,
3267 2264 3322 2310 et
3386 2273 3484 2312 suo

1899 2332 2035 2400 stylo
2059 2337 2331 2401 exposuit.

1974 2422 2061 2478 15.
2102 2423 2416 2483 Orationem
2453 2434 2905 2489 encomiasticam
2964 2436 3034 2492 de
3104 2450 3296 2494 sancto
3341 2440 3480 2495 Mat-

1898 2514 2039 2569 thaao
2070 2521 2319 2587 apostolo
2384 2526 2719 2595 evangelista
2785 2531 2949 2583 etiam
3006 2533 3223 2601 scripsit
3265 2531 3486 2589 Nicetas

1896 2608 2212 2673 David,aut
2245 2615 2541 2687 Paphlago,
2582 2620 2674 2688 qui
2724 2622 2914 2675 eodem
2968 2624 3081 2679 fere
3149 2643 3272 2680 cum
3314 2628 3482 2683 Meta-

1892 2704 2112 2772 phraste
2157 2707 2291 2762 vixit
2332 2722 2595 2781 tempore,
2640 2717 2800 2784 paulo
2834 2728 3014 2773 tamen
3066 2722 3282 2779 videtur
3339 2726 3481 2779 anti-

1889 2798 2068 2866 quior.
2106 2799 2256 2855 Hanc
2288 2802 2491 2860 Nicetre
2527 2811 2834 2865 orationem
2872 2810 3335 2871 Graeco-Latinam
3361 2821 3484 2872 edi-

1890 2888 1971 2943 dit
2014 2889 2373 2949 Combefisius
2415 2898 2467 2950 in
2511 2901 2760 2954 Auctario
2811 2905 3131 2973 novissimo,
3176 2923 3298 2978 pag.
3349 2909 3471 2967 601.

1886 2978 2034 3034 Illam
2081 2985 2343 3040 recudere
2396 3004 2741 3060 nequaquam
2790 2993 2951 3055 libet,
2993 2998 3119 3065 quia
3170 2998 3305 3051 nihil
3358 2998 3475 3053 fere

1887 3072 2048 3127 habet
2077 3075 2143 3128 de
2169 3078 2332 3145 gestis
2364 3082 2537 3135 sancti
2570 3081 2806 3138 Mattliaei
2836 3099 3027 3155 praeter
3059 3092 3394 3147 vocationem
3421 3104 3475 3147 et

1885 3162 2239 3236 Evangelium
2286 3171 2578 3241 scriptum.
2614 3175 2686 3229 De
2732 3178 3117 3246 praedicatione
3154 3200 3279 3237 vero
3331 3202 3470 3255 pau-

1887 3258 2035 3313 ciora
2098 3263 2358 3327 narravit,
2415 3283 2574 3335 quam
2630 3268 3049 3341 Metaplirastes,
3103 3293 3225 3332 cum
3291 3283 3467 3337 tamen

1897 3353 2069 3403 oratio
2117 3356 2287 3408 multo
2336 3358 2408 3410 sit
2458 3362 2720 3427 prolixior
2772 3366 2840 3419 ob
2892 3382 3054 3437 vagas
3107 3370 3468 3427 laudationes.

1890 3439 2125 3495 Aﬂeram
2181 3442 2363 3515 itaque
2407 3462 2472 3501 ex
2520 3464 2581 3503 ea
2627 3450 2679 3504 in
2729 3452 3157 3523 Commentario,
3204 3464 3466 3534 quidquid

1890 3527 2021 3586 utile
2074 3534 2345 3591 videbitur
2389 3540 2454 3594 ad
2502 3546 2839 3613 propositum
2880 3560 3149 3605 nostrum.
3190 3550 3467 3611 Laudatus

1886 3622 2115 3678 Allatius
2156 3644 2276 3697 pag.
2312 3631 2429 3696 122,
2468 3632 2611 3687 inter
2650 3636 2801 3692 Vitas
2836 3639 3326 3715 Sanctornm,qua3
3354 3663 3462 3702 non

1886 3726 2015 3769 sunt
2056 3716 2455 3788 Illetaplirastaa,
2495 3740 2766 3783 recenset.
2807 3735 2967 3786 «Acta
3015 3736 3187 3789 sancti
3230 3743 3465 3809 apostoli

1885 3817 1939 3862 et
1985 3814 2326 3882 evangelista:
2368 3815 2627 3881 Matthaai,
2678 3838 2910 3892 quorum
2958 3828 3063 3881 tale
3118 3828 3209 3883 dat
3261 3831 3463 3899 princi-

1884 3903 2033 3972 pium
2073 3922 2085 3958 :
2117 3908 2396 3972 MarOaio;
2421 3914 2720 3978 ἀπόστολος
2742 3919 2835 3970 καὶ
2863 3919 3336 3993 εὐαγγελιστὴςῆν
3366 3925 3463 3993 μιν

1881 3996 1943 4045 ἐκ
1988 3997 2194 4060 πόλεως
2257 4001 2638 4073 Ἰερουσαλήμ.
2685 4027 2702 4057 ι
2762 4010 3047 4066 .llatthmus
3086 4016 3368 4082 ap0$tolus
3408 4027 3465 4071 ct

1878 4088 2209 4157 evangelista
2276 4102 2393 4147 erat
2452 4110 2517 4148 ex
2582 4097 2799 4153 civitate
2872 4102 3384 4176 Hierosolymitana.
3437 4129 3454 4158 υ

1878 4179 2132 4236 Auctoris
2188 4195 2272 4237 est
2338 4187 2527 4257 ignoti,
2594 4200 2647 4245 et
2708 4194 3078 4251 verisiiniliter
3139 4199 3458 4268 posterioris

1879 4270 2063 4326 Niceta
2123 4285 2175 4327 et
2224 4276 2610 4345 Metaphraste.
2665 4285 2849 4338 Prodit
2908 4290 2997 4341 ille
3050 4293 3156 4359 iam
3210 4293 3457 4361 allegatis

1877 4366 2078 4429 verbis,
2123 4383 2283 4436 quam
2337 4371 2492 4425 nihili
2546 4374 2617 4429 sit
2656 4375 2965 4443 faciendus,
3021 4383 3149 4438 dum
3184 4381 3453 4441 ‘sanctuin

1873 4457 2188 4514 Matthaeum
2223 4461 2351 4518 facit
2394 4464 2964 4542 Hierosolymitanum,
2998 4491 3120 4530 cum
3160 4478 3244 4532 vix
3281 4480 3450 4535 ullum

1872 4548 1941 4604 sit
1972 4550 2217 4618 dubium,
2260 4557 2391 4625 quin
2424 4560 2493 4612 sit
2528 4560 2801 4624 Galilteus,
2831 4574 2888 4617 ut
2914 4581 3014 4619 suo
3044 4568 3165 4621 loco
3197 4569 3448 4635 dicetur;

1384 4650 1586 4701 quanta
1620 4645 1761 4701 sole;
1796 4670 1840 4724 ο
1872 4649 1930 4693 ιιι
2000 4659 2145 4697 certe
2202 4648 2350 4699 nulla
2403 4648 2473 4703 sit
2522 4651 2658 4705 ratio
2710 4668 2829 4720 qua:
2879 4656 3210 4724 persuadere
3280 4665 3450 4730 possit

1868 4728 2415 4806 Hierosolymitanum
2476 4738 2664 4797 fuisse.
2710 4744 2831 4801 Non
2888 4748 3063 4803 habeo
3104 4750 3172 4805 ad
3225 4768 3444 4807 manum

1865 4826 1981 4882 lnec
2016 4831 2168 4895 Acta,
2216 4832 2454 4904 facitque
2504 4838 2792 4909 allegatum
2843 4828 3085 4909 initium,
3132 4854 3190 4898 nt
3224 4862 3286 4901 ea
3322 4857 3443 4902 stu-

1862 4919 2013 4974 diose
2034 4926 2325 4990 qmerenda
2360 4944 2469 4980 non
2505 4946 2781 4985 censeam.
2818 4931 3046 4991 Exstant
3078 4948 3130 4991 et
3160 4937 3341 5006 plures
3372 4941 3441 4994 de

1862 5026 2052 5069 sancto
2095 5016 2349 5074 Matthan
2379 5038 2693 5091 sermones,
2730 5028 2825 5081 sed
2858 5031 2948 5099 qui
2990 5030 3056 5083 ad
3092 5042 3238 5101 gesta
3268 5033 3442 5101 ipsius

1860 5109 2222 5164 examinanda
2248 5124 2341 5166 aut
2367 5119 2672 5172 enarranda
2703 5119 2841 5173 nihil
2863 5122 3199 5178 conducunt.
3226 5125 3361 5179 Tres
3386 5128 3442 5181 id

1860 5212 2030 5265 genus
2065 5215 2345 5257 sermones
2387 5205 2551 5261 habet
2595 5210 2649 5263 S.
2688 5210 2880 5266 Petrus
2910 5211 3199 5271 Da‘mianus
3230 5228 3361 5272 tom.
3393 5221 3437 5274 ll

1859 5286 2120 5357 Operum.

1930 5396 2013 5450 16.
2063 5397 2372 5470 Scriptores
2428 5410 2794 5475 posteriorum
2844 5416 3167 5471 saeculorum
3226 5419 3428 5487 Latini,

1854 5489 1945 5556 qui
1991 5502 2144 5561 gesta
2193 5492 2247 5547 S.
2290 5496 2526 5554 Matrhaei
2574 5518 2835 5561 enarrare
2881 5510 3205 5573 voluerunt.
3246 5518 3429 5571 omnia

1855 5579 1968 5635 fere
2014 5580 2312 5641 hauserunt
2346 5606 2409 5645 ex
2452 5593 2601 5648 Actis
2643 5598 2815 5666 primo
2864 5601 2983 5656 loco
3014 5604 3266 5667 edendis.
3308 5624 3429 5677 qua:

1852 5689 2002 5733 certo
2048 5682 2267 5751 antiqua
2329 5690 2498 5757 magis
2542 5704 2688 5754 sunt,
2735 5710 2901 5762 quam
2952 5700 3273 5769 probabilia.
3333 5703 3423 5761 Illa

1855 5766 1964 5821 fere
2002 5771 2205 5842 integra
2251 5778 2341 5832 dat
2378 5777 2694 5838 Vincentius
2737 5766 3157 5858 Bellovacensis,
3205 5797 3255 5850 in
3290 5798 3420 5868 Spe-

1851 5862 1984 5927 ru/u,
2036 5864 2125 5920 lib.
2175 5884 2244 5929 ix.
2301 5887 2418 5942 cap.
2455 5875 2519 5926 τείν
2562 5888 2616 5927 ιιι
2666 5890 2818 5949 seqq.
2859 5882 3092 5939 Jacobnb
3131 5885 3423 5945 Janueusis

1848 5970 1966 6025 (ap.
2014 5956 2108 6013 135
2138 5978 2199 6014 ex
2238 5962 2421 6019 iisdem
2457 5967 2605 6024 Actis
2642 5974 2820 6027 omnia
2860 5976 3189 6049 deprompsit
3227 5994 3455 6053 praeter
