4150 6488
737 421 843 491 159

1958 428 2241 489 MENSIS
2285 431 2752 490 SEPTEMBER.

3874 422 3978 484 760

735 551 799 588 ea
831 550 950 602 quae
981 535 1352 590 ratiocinando
1399 537 1463 589 de
1510 537 1802 590 virtutibus
1843 538 2028 592 Sancti
2067 537 2298 593 addidit.
2338 550 2374 598 Α
2406 554 2556 592 num.
2606 557 2624 589 ι
2675 536 2730 589 In
2769 538 3048 606 prolixiori
3098 537 3290 590 unicus
3340 535 3493 589 initio
3533 543 3613 588 est
3667 531 3866 588 titulus
3904 533 3974 584 ita

737 621 933 678 Eadem
969 640 1183 679 rursum
1219 627 1347 680 Acta
1383 625 1495 681 fere
1536 628 1779 697 sequitur
1812 628 1997 684 Petrus
2040 630 2108 684 de
2141 631 2303 684 Nata-

737 716 894 779 libus,
927 717 1018 771 lib.
1056 733 1171 780 vut,
1217 732 1336 788 cap.
1382 719 1521 782 10ος
1572 728 1680 773 tam
1726 735 1913 790 presse
1946 732 2123 776 tamen
2155 721 2303 780 Actis

737 824 844 862 non
902 808 1151 874 inhzeret,
1204 819 1264 864 ut
1314 812 1548 866 subinde
1590 829 1697 866 non
1751 813 1911 867 addat
1959 814 2161 882 aliquid
2210 824 2301 866 aut

736 911 909 954 mutet
958 901 1260 955 secundum
1294 917 1355 956 ea
1392 919 1512 972 quae
1547 904 1669 958 alibi
1702 904 1920 974 legerat.
1954 905 2219 958 Baronins
2249 905 2301 958 in

735 992 1020 1046 Adnotatis
1066 994 1133 1048 ad
1174 995 1606 1066 Martyrologium
1649 998 1786 1051 duos
1817 999 1898 1051 sui
1948 997 2206 1066 temporis
2235 997 2301 1050 de

737 1082 796 1136 Β.
835 1085 1081 1139 Matthzeo
1112 1089 1407 1156 scriptores
1442 1102 1691 1143 recenset
1723 1091 1809 1144 his
1835 1090 2015 1143 verbis
2049 1107 2060 1142 :
2099 1108 2116 1139 ι
2157 1089 2301 1143 Peri-

735 1178 896 1232 unius
929 1178 1030 1231 alia
1090 1195 1264 1248 nuper
1319 1181 1659 1249 conscripsit,
1723 1200 1742 1232 ι
1799 1183 1930 1235 Acta
1983 1182 2236 1235 videlicet
2283 1198 2296 1233 :

743 1289 762 1319 ι
798 1268 1100 1323 Novissime
1131 1286 1259 1324 vero
1292 1286 1356 1325 ex
1384 1273 1623 1340 antiquis
1655 1273 2044 1331 monumentis,
2089 1283 2142 1326 et
2171 1289 2298 1326 san-

735 1374 944 1414 ctorum
981 1362 1196 1415 Patrum
1230 1364 1448 1432 scriptis
1478 1363 1690 1434 collegit
1729 1379 1841 1418 rev.
1887 1366 2140 1418 dominus
2164 1364 2297 1418 Mar-

734 1468 832 1506 cus
845 1453 1115 1507 Antonius
1137 1453 1425 1518 Columna,
1448 1455 2300 1524 archiepiscopusSalernitanus,

733 1556 789 1598 et
844 1560 974 1599 sane
1018 1547 1240 1614 quidem
1297 1547 1528 1602 erudite.
1580 1564 1599 1597 ι
1647 1546 1885 1615 Uterque
1935 1547 2066 1599 Acta
2124 1549 2298 1615 prima

735 1651 846 1704 pra:
881 1635 1053 1689 oculis
1096 1635 1306 1699 habuit,
1352 1645 1406 1689 et
1440 1637 1556 1690 sine
1597 1637 1856 1705 scrupulo
1904 1646 2123 1690 secutus
2168 1647 2249 1689 est
2284 1654 2297 1688 :

734 1740 826 1783 aut
857 1729 1032 1796 potius
1057 1728 1172 1797 ipsa
1202 1728 1330 1782 Acta
1356 1729 1782 1797 pseudo-Abdia:
1810 1728 1962 1781 dedit
1991 1727 2297 1790 Perionius,

733 1819 951 1874 omissis
984 1820 1243 1872 duntaxat
1273 1820 1637 1889 paucissimis,
1678 1830 1730 1872 et
1761 1820 1958 1872 additis
1991 1819 2143 1870 initio
2172 1834 2304 1888 pau-

736 1914 833 1973 cis,
878 1921 1040 1981 prout
1080 1911 1214 1964 Acta
1264 1912 1316 1963 in
1364 1912 1552 1965 codice
1599 1911 1779 1980 aliquo
1823 1911 2005 1964 forsan
2050 1911 2300 1965 invenit:

735 2016 858 2055 nam
911 2015 966 2056 et
1012 2008 1064 2055 in
1120 2003 1360 2057 editione
1419 2001 1665 2056 Historiae
1693 2005 2083 2071 apostolorum,
2133 2019 2296 2072 quam

734 2109 879 2147 anno
919 2094 1047 2148 i57l
1099 2095 1250 2148 dedit
1287 2093 1532 2148 Joannes
1572 2092 1747 2149 Faber
1772 2136 1786 2158 ,
1821 2111 1930 2148 non
1966 2109 2132 2163 pauca
2176 2105 2303 2148 sunt

734 2187 958 2250 omissa,
1001 2202 1118 2254 qum
1149 2187 1200 2237 in
1233 2186 1507 2253 plerisque
1550 2187 1832 2239 codicibus
1865 2187 2138 2254 leguntur.
2171 2185 2299 2238 lllu~

735 2278 1048 2330 sti-issimus
1081 2275 1346 2330 Columna
1382 2276 1619 2344 undique
1644 2291 1740 2329 sua
1775 2277 1988 2342 collegit
2025 2277 2146 2330 sine
2173 2274 2301 2329 crisi

733 2367 1053 2430 sulliciente,
1086 2369 1228 2437 quod
1257 2368 1399 2422 aetati
1433 2369 1602 2436 ipsius
1629 2368 1929 2422 condonari
1973 2377 2171 2437 potest.
2200 2365 2306 2419 Re-

735 2459 900 2526 liquis
954 2467 1136 2510 tamen
1191 2457 1339 2511 Actis
1403 2457 1704 2525 praetulisse
1757 2457 1969 2510 videtur
2029 2457 2303 2525 personati

736 2549 921 2603 Abdiae
963 2548 1278 2609 Historiam,
1322 2547 1405 2602 cui
1437 2548 1695 2601 nonnulla
1732 2562 1794 2601 ex
1831 2546 2212 2617 Metaphraste,
2252 2557 2305 2601 et

739 2643 890 2710 plura
929 2657 992 2694 ex
1042 2642 1192 2697 Actis
1246 2640 1467 2704 Grzecis,
1515 2640 1629 2694 sive
1676 2656 1738 2694 ex
1780 2641 2102 2710 compendio
2145 2639 2304 2692 Nice-

737 2734 893 2803 pliori
927 2733 1194 2802 adjunxit.
1222 2731 1439 2786 Meliora
1472 2742 1654 2785 tamen
1680 2732 1840 2784 etiam
1870 2733 2018 2785 dedit
2048 2748 2112 2785 ex
2139 2732 2305 2786 sacris

739 2826 960 2880 Litteris
1007 2835 1059 2880 et
1098 2824 1370 2880 Patribus.
1407 2823 1741 2877 Exatninabo
1775 2825 1937 2894 igitur
1979 2834 2033 2878 et
2077 2825 2305 2880 subinde

737 2917 972 2970 laudabo
1024 2926 1231 2968 asserta
1282 2912 1582 2977 Columnae,
1615 2918 1690 2968 uti
1734 2924 1788 2968 et
1837 2915 2053 2972 Baronii
2106 2918 2156 2969 in
2199 2918 2306 2970 An.

738 3009 972 3072 nalibus,
997 3005 1328 3061 Tillcmoutii
1353 3006 1405 3059 iu
1433 3009 1785 3060 Monumentis
1811 3007 2082 3070 lica/exire,
2111 3017 2240 3061 tum.
2264 3007 2304 3075 Ι,

737 3104 1073 3172 aliorumque
1122 3101 1443 3166 recentium,
1499 3101 1590 3170 qui
1655 3101 2056 3154 accuratiorem
2115 3102 2300 3154 crisim

737 3195 1085 3265 profitentur.

811 3288 898 3341 17.
941 3285 1216 3341 Laudatus
1239 3285 1502 3341 Columna
1528 3284 1976 3356 archiepiscopus
1994 3301 2101 3339 non
2130 3285 2301 3340 solum

738 3380 804 3433 de
853 3380 1016 3450 gestis
1060 3388 1112 3434 et
1158 3381 1418 3450 martyrio
1460 3381 1636 3433 sancti
1684 3377 1918 3434 Mattha~i
1955 3381 2303 3434 Commenta-

744 3473 883 3524 rium
935 3472 1126 3536 edidit,
1176 3473 1272 3526 sed
1310 3472 1482 3526 varias
1527 3487 1745 3540 quoque
1796 3473 2040 3539 corporis
2081 3474 2307 3524 transla-

742 3565 915 3617 tiones
974 3577 1227 3618 sermone
1285 3565 1496 3632 prolixo
1546 3563 1739 3630 magis,
1800 3577 1957 3629 quam
2015 3559 2302 3630 probabili,

737 3657 1034 3709 enarravit.
1074 3655 1216 3708 Vidit
1248 3656 1438 3723 procul
1473 3655 1640 3708 dubio
1681 3655 1948 3708 Baronins
1978 3669 2083 3707 non
2122 3656 2305 3709 COlllﬂ-

742 3762 861 3802 rere
903 3747 1224 3800 relationem
1261 3745 1560 3811 Columnae,
1599 3764 1722 3802 eum
1773 3748 1913 3801 illam
1950 3765 2054 3801 non
2091 3749 2315 3818 ignora.

743 3843 899 3902 verit,
937 3854 1038 3893 nec
1086 3847 1268 3892 tamen
1302 3840 1598 3907 quidquam
1647 3855 1713 3892 ex
1757 3854 1818 3893 ea
1855 3837 2154 3892 Annalibus
2196 3842 2309 3894 suis

745 3933 1075 3996 inseruerit;
1135 3934 1388 4000 quamvis
1443 3929 1510 3983 ad
1569 3945 1774 3984 annum
1841 3929 1946 3984 954
2005 3946 2067 3984 ex
2132 3931 2309 3985 Leone

742 4022 1001 4086 Ostiensi,
1036 4037 1087 4078 et
1121 4025 1185 4079 ad
1223 4041 1429 4078 annum
1465 4024 1600 4080 1080
1632 4040 1696 4077 ex
1737 4023 1980 4093 Gregorii
2031 4024 2184 4093 Papa:
2218 4023 2309 4078 VII

745 4118 980 4186 Epistola
1009 4118 1072 4169 de
1097 4118 1412 4170 inventione
1438 4127 1490 4169 et
1517 4117 1871 4170 translatione
1901 4118 2141 4185 corporis
2165 4125 2306 4187 agat.

745 4211 1085 4278 Quapropter
1133 4209 1213 4263 vel
1268 4209 1382 4264 solo
1436 4209 1651 4264 silentio
1697 4226 1798 4263 suo
1847 4210 2310 4264 eminentissimus

747 4301 978 4369 scriptor
1036 4301 1364 4364 declaravit,
1419 4311 1670 4368 suspecta
1726 4303 1826 4354 sibi
1884 4302 2130 4353 falsitatis
2191 4316 2311 4353 esse

744 4393 1000 4460 adjuncta
1039 4391 1306 4456 locorum,
1353 4407 1704 4461 personarum
1738 4401 1791 4446 et
1839 4401 2164 4462 temporum,
2193 4407 2312 4462 qua:

749 4490 802 4541 in
842 4485 1076 4541 Historia
1111 4487 1524 4544 translationum
1562 4486 1701 4553 apud
1739 4485 2056 4538 Columnam
2099 4490 2306 4555 reperi-

2411 647 2707 701 expressus
2740 649 2752 684 :
2791 651 2807 682 ι
2845 629 3042 699 lneipit
3067 629 3347 682 translatio
3380 627 3437 680 Β.
3471 624 3706 680 Matthxi
3743 623 3975 693 apostoli

2410 733 2463 777 et
2506 722 2872 792 evangelista}.
2916 741 2934 773 ι
2978 721 3035 775 In
3070 729 3295 788 utroque
3331 719 3678 788 przemittitur
3712 717 3974 772 Actorum

2411 816 2791 884 compendium
2827 830 2889 868 ex
2929 814 3345 884 pseudo-Abdia:
3379 811 3608 865 Historia
3647 812 3718 864 ita
3755 811 3978 864 desum-

2412 917 2588 980 ptum,
2621 916 2677 961 ut
2716 909 3040 976 paucissima
3082 913 3285 971 tamen,
3325 919 3496 974 eaque
3529 904 3698 957 nihilo
3729 903 3973 967 meliora,

2410 999 2588 1052 addita
2619 999 2724 1050 sint
2755 1009 2848 1051 aut
2880 1008 3101 1053 mutata.

2483 1091 2566 1146 18.
2617 1089 2818 1144 Deinde
2843 1092 3085 1160 sequitur
3120 1087 3402 1145 translatio
3434 1097 3540 1141 tam
3580 1085 3813 1140 ridicule
3844 1099 3974 1138 con-

2411 1182 2529 1238 ﬁcta
2568 1198 2631 1236 ex
2676 1182 2954 1250 Aﬁtliiopia
2999 1184 3049 1234 in
3094 1181 3446 1239 Britanniam,
3495 1188 3552 1231 ut
3596 1178 3679 1231 vel
3713 1193 3778 1230 ex
3825 1192 3885 1228 ea
3917 1176 3976 1229 li-

2409 1285 2590 1344 queat,
2623 1283 2895 1330 auctorem
2925 1273 3058 1329 crisi~
3081 1273 3332 1328 historica
3369 1285 3587 1339 prorsus
3615 1271 3786 1323 fuisse
3809 1270 3978 1321 desti-

2410 1375 2607 1420 tutum.
2642 1365 2796 1426 Nam,
2838 1375 2893 1418 ιιι
2940 1365 3040 1420 alia
3078 1365 3286 1418 mittam
3332 1363 3734 1430 improbabilia.
3769 1375 3975 1414 merca-

2409 1468 2555 1511 tores
2614 1457 2904 1512 Britannos
2963 1469 3156 1512 auctor
3213 1459 3457 1528 perducit
3507 1459 3560 1511 in
3616 1457 3974 1524 Althiopiam,

2410 1550 2704 1622 paucisque
2735 1550 2926 1604 diebus
2954 1551 3157 1605 reducit
3190 1551 3240 1603 in
3275 1550 3629 1602 Britanniam.
3660 1549 3812 1602 Inter
3842 1563 3976 1617 gen-

2408 1651 2494 1697 tes
2547 1657 2702 1704 Vero,
2743 1656 2772 1695 a
2833 1642 3029 1710 quibus
3071 1652 3330 1695 vastatam
3390 1642 3534 1694 circa
3596 1640 3862 1693 saeculum
3925 1653 3975 1690 tv

2409 1733 2740 1803 Ethiopian}
2789 1735 2957 1804 ﬁngit,
3013 1735 3261 1787 nominat
3311 1732 3606 1787 Sarmatas.
3667 1733 3979 1802 Utrumque

2411 1833 2562 1879 certo
2597 1837 2703 1880 tam
2754 1826 3108 1895 improbabile
3139 1824 3412 1880 videbitur
3447 1823 3712 1876 historico
3761 1823 3981 1878 cuilibet

2407 1919 2748 1987 geographiae
2791 1927 3064 1988 utcunque
3123 1919 3301 1987 perito
3329 1955 3342 1978 ,
3389 1924 3445 1969 ut
3485 1928 3711 1967 necesse
3764 1928 3872 1965 non
3911 1913 3980 1965 sit

2403 2015 2675 2080 exagitare
2702 2011 2805 2065 alia
2845 2013 2921 2066 rei
2959 2021 3192 2080 peractae
3223 2007 3479 2078 adjuncta
3521 2007 3683 2076 plane
3726 2005 3976 2064 ridicula,

2405 2102 2703 2171 priesertim
2737 2119 2859 2155 cum
2890 2112 3076 2156 auctor
3107 2113 3256 2156 certo
3283 2119 3389 2155 non
3416 2101 3611 2153 vixerit
3643 2107 3771 2151 ante
3803 2113 3976 2150 saevu-

2406 2197 2512 2248 luni
2540 2213 2592 2258 x,
2620 2210 2718 2249 nec
2744 2195 2883 2249 ullos
2911 2196 3150 2248 nominet
3173 2203 3341 2248 testes
3366 2201 3633 2254 vetustos,
3655 2206 3719 2243 ex
3746 2205 3976 2257 quorum

2407 2287 2625 2356 scriptis
2675 2303 2770 2341 sua
2825 2287 3116 2341 hausisset.
3170 2285 3311 2352 Quin
3369 2287 3474 2338 imo
3521 2286 3635 2351 ipse
3687 2281 3974 2342 Paulinus,

2406 2382 2766 2450 Legionensis
2801 2391 2896 2435 aut
2935 2381 3233 2436 Lentiensis
3280 2385 3332 2434 in
3375 2382 3652 2434 Britannia
3687 2380 3977 2432 Armorica

2407 2476 2717 2543 episcopus,
2755 2473 2840 2525 cui
2884 2473 3146 2541 scriptum
3189 2473 3318 2524 illud
3353 2473 3700 2526 attribuitur.
3744 2483 3977 2538 persona

2407 2566 2622 2619 videtur
2674 2564 2882 2628 ﬁctilia,
2922 2577 3044 2618 cum
3091 2562 3490 2618 Sammartbani
3526 2571 3656 2613 tom.
3695 2561 3737 2612 ll
3787 2557 3980 2610 Callia

2408 2655 2743 2719 Christianis,
2776 2657 2863 2710 tibi
2908 2656 3038 2710 dant
3069 2654 3371 2722 catalogum
3410 2654 3789 2720 episeoporum
3829 2649 3970 2702 Leo.

2407 2749 2685 2807 nensium,
2721 2749 2926 2818 nullum
2971 2749 3112 2799 inter
3155 2747 3274 2798 illos
3328 2746 3626 2798 exhibeant
3662 2742 3976 2801 Paulinum,

2408 2857 2583 2907 neque
2632 2842 2780 2893 hunc
2827 2839 2950 2896 alibi
3003 2838 3299 2892 inveniam.
3348 2834 3706 2890 Chronotaxis
3752 2850 3864 2890 non
3902 2843 3982 2887 est

2411 2933 2622 2992 melior,
2663 2946 2823 3005 quam
2861 2929 3020 2983 crisis
3067 2930 3324 2983 historica
3363 2949 3372 2982 :
3417 2943 3537 2982 nam
3587 2936 3838 2979 mortuus
3877 2936 3983 2979 sta-

2410 3021 2579 3074 tuitur
2623 3024 2720 3074 sub
2767 3020 2951 3083 Galba,
2992 3021 3042 3074 id
3078 3031 3180 3084 est,
3208 3035 3352 3072 anno
3384 3035 3504 3072 απεε
3543 3016 3881 3072 Christiana!
3915 3015 3982 3072 68

2410 3121 2501 3164 aut
2532 3111 2618 3165 69.
2653 3110 2788 3164 Tutu
2820 3112 3017 3165 dicitur
3051 3111 3307 3165 trecentis
3338 3110 3497 3162 annis
3529 3117 3582 3162 et
3621 3109 3760 3160 ultra
3799 3109 3984 3176 religio

2333 3201 2713 3278 cChristiana
2774 3203 3021 3257 ﬁoruisse
3083 3203 3137 3255 in
3205 3199 3500 3267 AitliiOpia.
3567 3200 3681 3253 Mox
3740 3200 3983 3266 sequitur

2414 3294 2562 3364 regni
2590 3298 2818 3348 vastatio
2849 3303 2903 3347 et
2935 3293 3235 3354 translatio,
3297 3301 3355 3344 ut
3415 3291 3526 3343 huc
3557 3288 3768 3358 ﬁgenda
3834 3295 3981 3340 esset

2413 3386 2608 3439 sacculo
2650 3402 2699 3437 tv
2741 3394 2976 3438 exeunte
3023 3393 3115 3443 aut
3144 3381 3343 3434 smculo
3388 3397 3439 3431 v.
3484 3381 3738 3429 Attamen
3789 3377 3984 3430 asserit

2414 3486 2623 3538 auctor,
2669 3489 2868 3543 corpus
2907 3475 2958 3525 in
2998 3472 3324 3525 Britanniam
3355 3471 3691 3522 Armoricam
3746 3470 3983 3533 venisse,

2415 3573 2541 3625 dum
2577 3569 2834 3640 regnabat
2885 3567 3083 3622 ibidem
3127 3565 3404 3626 Salomon,
3445 3564 3534 3630 qui
3579 3573 3701 3632 post
3746 3564 3983 3616 medium

2416 3663 2596 3718 saeculi
2654 3679 2704 3716 ix
2759 3677 2984 3731 regnare
3038 3661 3201 3730 coepit
3262 3658 3559 3714 secundum
3605 3657 3984 3710 ehronotaxiui

2414 3756 2690 3810 Lobineau
2753 3755 2806 3808 in
2861 3753 3093 3806 Historia
3143 3732 3555 3805 Armoricae-ad
3604 3764 3811 3802 annum
3861 3747 3986 3801 857.

2415 3849 2651 3901 Rursum
2705 3846 3059 3913 quadraginta
3105 3854 3159 3896 et
3203 3859 3394 3895 novem
3442 3857 3614 3896 annos
3665 3849 3987 3894 numerata

2417 3937 2659 4006 corporis
2700 3935 3056 3989 translatione
3094 3935 3142 3986 in
3181 3932 3534 3991 Britanniam,
3582 3932 3803 4000 quando
3833 3933 3988 3985 Salo-

2416 4049 2542 4088 mon
2579 4049 2669 4086 rex
2710 4045 2736 4084 a
2776 4035 2887 4084 suis
2921 4027 3020 4082 fuit
3050 4027 3284 4082 occisus.
3322 4025 3392 4079 At
3425 4024 3674 4076 laudatus
3710 4023 3986 4077 Lobineau

2416 4141 2522 4178 non
2566 4135 2704 4178 totos
2739 4123 2923 4191 viginti
2969 4136 3143 4174 annos
3179 4135 3343 4190 regno
3374 4117 3680 4172 Salomonis
3715 4117 3984 4169 attribuit.

2488 4213 2571 4265 19.
2634 4210 2751 4264 Mox
2813 4209 3032 4275 ineptus
3089 4217 3517 4258 commentorum
3575 4206 3994 4258 consarcinator

2419 4303 2628 4355 inducit
2655 4301 2896 4354 Flavium
2929 4297 3295 4351 Romanorum
3335 4296 3642 4362 patricium,
3677 4295 3993 4351 Salomonis

2418 4393 2581 4448 occisi
2619 4405 2886 4450 socerum.
2923 4389 2989 4442 de
3022 4391 3139 4456 eius
3163 4398 3334 4440 morte
3358 4385 3630 4440 scribente
3655 4387 3722 4437 ad
3754 4385 3995 4440 Valenti-

2417 4487 2635 4540 nianum
2660 4486 3071 4553 imperatorem;
3097 4479 3531 4536 Valentinianum
3561 4493 3689 4532 vero
3715 4480 3993 4546 ingentem

747 4589 933 4632 untur.
973 4578 1159 4631 Habeo
1197 4578 1330 4632 Acta
1381 4593 1505 4639 ms.,
1551 4575 1776 4632 Salerno
1806 4578 1931 4630 olim
1979 4579 2043 4629 ad
2082 4580 2313 4646 majores
2347 4571 2388 4625 D
2419 4577 2470 4630 in
2507 4578 2651 4629 Italia
2682 4577 2907 4630 classem
2941 4574 3222 4642 collegisse
3261 4572 3470 4627 assvrit.
3497 4573 3653 4640 eique
3687 4572 3992 4624 exercitum

747 4678 966 4722 nostros
1000 4667 1345 4726 transmissa,
1389 4683 1454 4721 ex
1496 4669 1697 4734 quibus
1743 4668 1898 4721 video
1938 4683 2032 4721 sua
2069 4669 2315 4727 hausisse

746 4761 1021 4817 laudatum
1059 4760 1297 4814 Marcum
1332 4760 1624 4813 Antonium
1650 4757 1968 4812 Columnam
1997 4758 2313 4817 Marsilium.

749 4848 954 4906 Vellem
998 4867 1150 4916 sane,
1193 4862 1246 4906 ut
1280 4865 1340 4906 ea
1370 4853 1549 4922 potius
1595 4867 1784 4907 severa
1814 4853 1939 4905 crisi
1977 4852 2310 4921 castigasset,

750 4953 844 4997 aut
890 4944 1114 4997 omnino
1165 4945 1328 4998 etiam
1383 4943 1691 5010 abiecisset,
1742 4952 1993 5009 tanquam
2042 4942 2315 5011 improba-

753 5037 898 5093 bilia.
931 5036 1017 5100 At,
1054 5051 1176 5090 cum
1214 5035 1354 5090 istud
1392 5051 1497 5088 non
1529 5035 1736 5097 fecerit,
1768 5051 1867 5101 pro
1895 5033 2144 5087 instituto
2176 5035 2316 5102 ()pe-

751 5130 827 5182 ris
858 5129 1028 5181 nostri
1070 5127 1121 5179 id
1161 5126 1290 5179 mihi
1333 5126 1641 5180 faciendum
1684 5127 1856 5179 video.
1903 5123 2186 5178 Geminum
2235 5135 2318 5179 est

753 5217 1038 5287 scriptum,
1064 5217 1291 5270 alterum
1320 5217 1488 5269 altero
1515 5215 1672 5283 paulo
1697 5215 1983 5282 prolixius;
2010 5214 2102 5266 sed
2131 5214 2316 5266 eadem

754 5311 805 5362 in
837 5318 1065 5376 utroque
1091 5307 1403 5361 referuntur
1427 5307 1587 5361 facta.
1618 5306 1769 5371 Quod
1802 5305 2016 5359 brevius
2045 5316 2145 5366 est,
2171 5303 2318 5356 hunc

755 5404 920 5456 habet
959 5403 1175 5456 titulum
1219 5419 1232 5456 :
1272 5419 1289 5452 ι
1338 5402 1530 5455 Seruio
1573 5399 1895 5454 venerabilis
1935 5397 2164 5459 Paulini,
2214 5395 2316 5449 Le-

755 5497 1032 5565 gionensis
1065 5496 1354 5548 Britannia:
1391 5495 1539 5548 urbis
1572 5495 1833 5559 episcopi,
1866 5498 1931 5545 de
1965 5492 2320 5544 translatione

755 5588 925 5642 sancti
958 5585 1192 5640 Matlltaei
1225 5588 1447 5655 apostoli
1472 5588 1537 5640 ab
1563 5585 1838 5662 [Etliiopia
1877 5585 1930 5636 in
1966 5583 2316 5648 Britanniam,

759 5680 998 5748 itemque
1043 5679 1109 5731 de
1161 5677 1434 5731 Britannia
1484 5679 1534 5730 in
1585 5677 1811 5730 Italiam.
1859 5695 1874 5726 ι
1916 5675 2044 5728 Post
2081 5675 2316 5729 medium

759 5785 974 5826 rursum
1020 5770 1107 5825 bic
1146 5771 1341 5840 legitur
1384 5770 1571 5822 titulus
1618 5784 1630 5821 :
1675 5768 1925 5823 Miracula
1974 5769 2142 5822 sancti
2189 5783 2319 5837 apo-

763 5859 880 5916 Stoli
930 5873 980 5916 et
1031 5861 1368 5932 evangelista?
1412 5859 1643 5915 Matth-ai
1699 5875 1792 5929 per
1839 5858 2082 5915 eumdem
2141 5857 2318 5912 Pauli.

2417 4668 2766 4737 imposuisse,
2801 4676 2854 4718 ct
2894 4667 2970 4718 sic
3016 4679 3352 4732 expugnasse
3399 4678 3624 4731 regnum
3673 4663 3990 4720 Britannia»,

2417 4770 2470 4814 et
2507 4775 2566 4812 ea
2608 4758 2889 4812 occasione
2934 4772 3132 4825 corpus
3182 4755 3233 4808 in
3288 4754 3489 4808 Italiam
3529 4754 3878 4807 translatum.
3930 4756 3994 4806 At

2417 4868 2578 4922 quam
2627 4851 2711 4904 illa
2760 4853 2868 4903 sint
2915 4850 3119 4916 inepta,
3175 4864 3335 4903 nemo
3388 4863 3494 4901 non
3555 4845 3789 4903 videbit.
3835 4846 3994 4897 modo

2419 4941 2867 5000 consideraverit,
2927 4939 3178 4992 ultimum
3234 4955 3297 4992 ex
3357 4939 3532 4991 tribus
3587 4937 3994 4992 Valentinianis

2420 5036 2539 5104 plus
2581 5048 2738 5101 quam
2799 5039 3033 5100 quatuor
3097 5031 3308 5084 steculis
3364 5042 3633 5082 mortuum
3693 5045 3820 5082 esse
3872 5040 3992 5082 ante

2420 5127 2760 5178 Salomonem
2787 5123 3078 5178 Britannire
3109 5139 3307 5192 regem.
3335 5121 3486 5174 Mitto
3515 5122 3774 5188 adjuncta
3816 5138 3990 5175 rerum

2422 5215 2652 5286 plurima
2693 5231 2842 5282 mque
2886 5215 3090 5282 inepta.
3136 5224 3189 5267 et
3226 5229 3389 5282 pergo
3420 5214 3485 5266 ad
3527 5212 3908 5267 inventionem
3945 5214 3991 5265 in

2423 5309 2698 5378 prolixiori
2735 5309 2906 5362 solum
2961 5310 3168 5375 scripto
3202 5308 3445 5358 relatam.
3483 5303 3694 5355 Dicitur
3739 5305 3827 5357 illa
3865 5321 3995 5358 cono

2423 5401 2605 5470 tigisse
2632 5414 2774 5452 anno
2801 5399 2924 5459 95$,
2954 5399 3170 5465 quando
3198 5395 3556 5464 principatum
3586 5391 3991 5448 Salernitanum

2421 5494 2697 5548 obtinebat
2730 5493 3047 5558 Gisulplius.
3099 5492 3219 5544 Haec
3253 5490 3458 5556 epocba
3501 5503 3600 5541 suo
3642 5488 3767 5540 loco
3801 5490 3997 5544 conﬁr-

2422 5587 2614 5640 manda
2652 5588 2847 5638 veniet.
2883 5585 3103 5636 interim
3151 5597 3366 5644 moneo,
3413 5581 3579 5633 multa
3628 5596 3854 5635 rursum
3903 5584 3996 5634 im-

2422 5677 2720 5747 probabilia
2748 5688 2799 5732 ct
2823 5678 3000 5742 inepta
3039 5674 3275 5727 historia:
3310 5671 3646 5726 inventionis
3681 5673 3990 5726 admisceri.

2422 5769 2530 5824 Has
2560 5771 2626 5823 ob
2650 5784 2842 5822 causas
2883 5776 3047 5820 totam
3086 5766 3233 5818 illam
3267 5763 3638 5817 translationis
3686 5764 3989 5822 hiStoriam,

2424 5867 2604 5928 utpote
2633 5861 2904 5914 sexcentis
2939 5855 3130 5909 fabulis
3161 5864 3248 5908 aut
3272 5853 3489 5923 ineptiis
3518 5852 3798 5914 foedatam,
3836 5855 3989 5907 omit-
