4150 6494
222 436 319 505 ’161

1506 447 1676 512 VITA
1721 450 1783 511 S.
1826 449 2162 512 MATTHIE
2174 452 2217 514 Ι.

3367 444 3475 511 762

220 563 335 609 tere
385 552 574 608 statui.
618 551 754 609 Cum
797 560 979 608 tamen
1017 555 1318 623 posteriora
1364 555 1546 611 minus
1600 554 1791 610 saltem
1821 558 2064 624 Avenit,
2110 569 2166 616 et
2209 558 2480 615 habitavit
2528 559 2582 615 in
2635 558 3019 628 Capharnaum
3067 555 3365 622 maritima,
3417 557 3473 611 in

221 646 417 700 vitiosa
457 655 779 715 appareant,
813 647 957 716 quod
989 647 1219 715 scriptor
1253 646 1402 702 hisce
1438 648 1795 717 propinquior

219 736 420 802 fuerit;
449 738 535 791 illa
559 738 788 794 subinde
827 739 1102 793 conteram
1131 753 1253 793 cum
1285 739 1404 794 aliis
1430 739 1791 805 documentis,

221 840 274 883 et
318 842 442 883 cum
494 830 684 883 relatis
715 829 783 883 ab
828 829 1198 885 illustrissitno
1239 831 1503 886 Columna
1540 832 1794 895 Marsilio,

223 930 283 974 ut
310 921 363 974 in
396 920 804 975 Commentario
835 922 1114 976 studiosus
1148 924 1318 977 lector
1343 926 1415 979 sit
1448 926 1793 988 inventurus,

221 1009 489 1078 quidquid
536 1010 814 1063 tolerabile
857 1010 909 1062 in
944 1009 1046 1064 illis
1079 1011 1296 1079 scriptis
1321 1023 1561 1082 apparet.
1598 1012 1795 1084 Ughel-

220 1099 327 1163 lus,
361 1110 494 1154 tom.
530 1099 623 1154 VII
658 1102 830 1153 Italue
862 1117 1031 1154 sacrae
1062 1101 1112 1153 in
1160 1100 1581 1173 archiepiscopis
1619 1106 1799 1159 Saler-

220 1192 430 1247 uitauis
481 1193 647 1247 variis
696 1192 829 1246 locis
872 1192 939 1246 de
974 1193 1329 1247 translatione
1372 1204 1427 1249 ct
1483 1195 1797 1251 inventione

220 1284 396 1338 sancti
440 1282 676 1337 Matthxi
718 1286 849 1355 agit.
882 1293 937 1337 et
979 1282 1209 1336 multum
1254 1284 1435 1339 laudat
1465 1285 1794 1354 Opusculum

221 1374 466 1437 Marsilii,
499 1374 645 1443 quod
676 1389 741 1427 ex
779 1390 936 1436 mss.,
969 1375 1033 1427 de
1076 1374 1275 1443 quibus
1313 1375 1539 1446 agimus,
1573 1383 1799 1430 concin-

221 1477 409 1522 natum
456 1476 559 1523 est.
616 1465 959 1534 Quapropter
1030 1466 1275 1521 studiose
1327 1484 1389 1522 ex
1440 1470 1798 1538 scriptoribus

221 1559 388 1613 medii
420 1558 521 1612 aevi
565 1557 771 1627 singula
802 1558 915 1613 suis
942 1557 1075 1612 locis
1107 1558 1417 1612 examinare
1454 1560 1793 1613 conabimur.

220 1671 246 1742 §
276 1670 338 1725 ll.
382 1672 442 1725 S.
484 1670 721 1742 Matt/uri
752 1673 955 1725 vacatio
984 1687 1048 1725 ea:
1081 1670 1366 1741 Evangelia
1399 1688 1513 1725 cum
1555 1672 1799 1742 observa-

294 1743 523 1795 tionibus
571 1741 793 1794 Patrum
837 1758 855 1796 :
897 1742 1099 1812 aliquot
1138 1744 1504 1796 controversia:
1553 1745 1619 1796 ad
1661 1741 1800 1796 San-

291 1821 440 1865 ctum
481 1822 794 1880 spectantes.

1904 650 2106 706 finibus
2149 650 2393 705 Zabulon
2437 661 2493 707 et
2526 650 2875 721 Nepbthalim
2903 688 2920 713 ,
2987 660 3048 704 ut
3087 648 3477 718 adimpleretur

1900 741 2043 809 quod
2087 742 2291 797 dictum
2343 749 2429 797 est
2476 757 2575 813 per
2627 740 2818 795 Isaiam
2878 741 3207 811 prophetam
3251 756 3266 793 :
3307 739 3480 795 Terra

1903 831 2145 908 Zabplou
2195 842 2252 889 et
2317 843 2460 889 terra
2522 830 2897 903 Nephthalim,
2947 834 3035 886 via
3094 831 3264 885 maris
3326 838 3476 883 ttans

1901 924 2188 980 Iordanem
2218 968 2232 991 ,
2267 925 2484 981 Galilaea
2529 926 2790 997 gentium.
2840 924 3090 994 populus,
3118 922 3207 991 qui
3252 922 3478 976 sedebat

1904 1022 1960 1071 in
2007 1018 2269 1080 tenebris,
2321 1019 2457 1072 vidit
2506 1020 2678 1072 lucem
2733 1030 3028 1083 magnam;
3067 1025 3123 1069 et
3161 1014 3480 1069 sedentibus

1904 1110 1956 1164 in
1990 1112 2209 1179 regione
2242 1110 2446 1165 umbrae
2480 1112 2672 1164 mortis
2709 1109 2798 1163 lux
2841 1119 2960 1166 orta
2993 1116 3079 1165 est
3106 1108 3207 1162 eis.
3256 1123 3275 1158 ι
3313 1104 3480 1159 Recte

1902 1200 2347 1273 Chrysostomus.
2396 1203 2547 1256 hom.
2578 1202 2669 1264 29,
2699 1210 2792 1254 aut
2832 1200 2904 1253 50
2935 1204 2988 1253 in
3030 1199 3375 1256 Mattha'um.
3413 1196 3482 1251 de

1902 1294 2085 1347 verbis
2124 1294 2368 1363 allegatis
2416 1293 2600 1348 dicit:
2643 1311 2661 1344 ι
2706 1291 2998 1346 Civitatem
3046 1306 3197 1345 suam
3243 1289 3329 1343 hic
3371 1286 3479 1342 Ca-

1905 1400 2163 1454 pernaum
2190 1384 2423 1453 appellat
2451 1402 2466 1439 :
2502 1399 2650 1447 nam,
2681 1398 2801 1453 quae
2831 1383 2948 1437 tulit
2974 1383 3150 1450 ipsum
3204 1379 3478 1434 Bethleem

1906 1477 2051 1538 fuit;
2095 1493 2217 1546 qua
2256 1476 2531 1537 educavit,
2561 1474 2866 1537 Nazareth;
2911 1489 3032 1543 qua:
3084 1473 3477 1527 inhabitantem

1906 1566 2114 1627 habuit.
2159 1566 2532 1636 Capernaum.
2566 1585 2587 1618 ι
2632 1566 2916 1621 Habitabat
2958 1565 3121 1636 igitur
3173 1561 3479 1631 Capharnai

1904 1654 2086 1717 Jesus.
2121 1657 2212 1710 ubi
2252 1657 2537 1711 Matthants
2571 1659 2758 1726 procul
2793 1658 2960 1711 dubio
2998 1671 3125 1711 eum
3160 1654 3478 1724 frequenter

1906 1748 2140 1810 viderat.
2178 1750 2458 1817 multaque
2490 1750 2742 1805 audierat
2779 1748 3040 1805 miracula
3066 1787 3081 1806 .
3123 1763 3245 1816 qua:
3279 1746 3475 1813 partim

1907 1839 2237 1911 Capharnai,
2269 1840 2463 1909 partim
2517 1841 2571 1894 in
2614 1841 2749 1895 locis
2785 1840 2978 1894 vicinis
3025 1848 3231 1907 patrata
3265 1836 3482 1891 fuerant

288 1926 569 1984 20.Pauca
586 1926 876 1982 admodum
892 1927 958 1981 de
974 1926 1800 1983 sanctoMatthaoinnotuerunt
1834 1918 1876 1977 Β
1906 1952 1935 1987 ε
1960 1933 2111 1997 ιρευ,
2144 1943 2437 2002 antequam
2470 1932 2648 2002 ipsum
2680 1933 2928 1993 vocabat,
2962 1942 3021 1986 ut
3051 1945 3267 1985 rursum
3292 1930 3482 1983 obser-

222 2036 290 2076 es
320 2020 638 2091 Evangelio.
664 2020 715 2074 in
748 2037 855 2090 quo
876 2023 987 2075 sola
1018 2021 1204 2095 Sancti
1238 2023 1450 2075 vocatio
1472 2035 1592 2074 cum
1613 2032 1800 2076 secuto

221 2113 499 2168 convivio.
530 2124 583 2165 et
613 2112 808 2168 deinde
836 2113 1033 2168 electio
1059 2115 1130 2168 ad
1162 2114 1529 2185 apostolatum
1571 2129 1798 2167 enarra-

223 2213 333 2265 tur,
383 2204 628 2272 exceptis
684 2214 869 2259 tamen
915 2206 1211 2268 nonnullis,
1244 2220 1363 2274 quae
1394 2206 1693 2275 generatim
1735 2204 1803 2257 de

224 2296 484 2349 omnibus
527 2298 789 2364 apostolis
837 2295 1168 2351 referuntur.
1209 2295 1496 2352 Matth-.eus
1536 2295 1648 2360 ipse
1678 2308 1797 2362 cap.

224 2402 301 2451 ix,
340 2388 510 2446 relata
541 2387 843 2455 Capharnai
874 2389 1156 2442 sanatione
1186 2387 1481 2459 paralytici,
1514 2386 1545 2455 Ῡ
1578 2385 1609 2441 9
1645 2399 1804 2438 Voca-

225 2482 430 2534 tionem
476 2494 626 2531 suam
664 2488 846 2533 narrat
879 2480 960 2533 his
992 2479 1171 2533 verbis
1208 2497 1219 2531 :
1261 2497 1279 2530 t
1304 2479 1513 2533 Etcum
1548 2478 1804 2532 transiret

225 2572 354 2627 inde
399 2569 584 2635 Jesus,
639 2571 768 2624 vidit
820 2571 1094 2625 hominem
1141 2571 1421 2625 sedentem
1464 2571 1517 2623 in
1575 2569 1799 2635 telon'to,

223 2663 535 2717 Mattlnenm
594 2665 836 2727 nomine,
887 2672 940 2717 et
989 2663 1063 2716 ait
1114 2662 1184 2715 illi
1231 2680 1244 2715 :
1293 2663 1532 2729 Sequere
1578 2676 1664 2715 me
1703 2670 1800 2724 ;et

221 2771 456 2825 surgens
481 2764 703 2811 secutus
728 2764 970 2809 esteum.
999 2773 1016 2806 ι
1047 2754 1258 2809 Marcus
1281 2770 1397 2824 cap.
1428 2769 1483 2817 n,
1517 2754 1545 2822 ᾖ
1581 2754 1800 2808 Ibidem

222 2858 446 2905 enarrat
480 2848 584 2902 hoc
609 2848 770 2902 modo
801 2869 811 2901 :
851 2866 869 2899 ι
904 2846 963 2902 Ει
992 2863 1246 2918 egressus
1267 2856 1349 2903 est
1383 2864 1570 2903 rursus
1600 2845 1800 2915 (Iesus)

221 2942 289 2996 ad
329 2954 480 2993 mare
523 2957 536 2991 :
584 2940 876 3009 omnisque
933 2940 1088 2995 turba
1144 2941 1393 2995 veniebat
1441 2940 1507 2994 ad
1562 2954 1707 3003 eoin,
1748 2949 1805 2993 et

221 3032 458 3086 docebat
494 3046 607 3084 eos.
647 3030 709 3085 Et
745 3047 869 3086 cum
906 3034 1230 3101 praeteriret,
1268 3032 1405 3087 vidit
1436 3031 1563 3085 Levi
1598 3030 1800 3100 Alphei

224 3124 509 3179 sedentem
538 3122 603 3176 ad
634 3123 918 3184 telonium,
952 3133 1007 3176 et
1044 3125 1120 3175 ait
1159 3123 1232 3174 illi
1273 3140 1286 3176 :
1323 3121 1561 3190 Sequere
1601 3138 1703 3174 me.
1736 3118 1802 3173 Et

224 3232 458 3289 surgens
491 3225 713 3269 secutus
746 3224 827 3269 est
863 3226 1009 3269 eum.
1048 3231 1068 3264 ι
1112 3214 1352 3283 Uterque
1382 3213 1658 3283 subiungit
1689 3212 1801 3276 illa,
1831 3257 1873 3313 Γ

226 3328 348 3381 qua:
390 3310 529 3364 facta
569 3317 716 3370 sunt,
751 3308 967 3376 quando
1004 3307 1057 3360 in
1102 3305 1263 3359 domo
1318 3305 1555 3361 Matth-xi
1587 3321 1804 3360 accum-
1833 3300 1873 3315 "

231 3402 396 3456 bebat
421 3400 599 3454 Jesus.
644 3404 710 3453 At
744 3397 877 3453 satis
910 3399 1033 3457 erit.
1066 3397 1110 3451 si
1136 3394 1203 3450 de
1243 3395 1336 3449 illo
1366 3395 1615 3448 convivio
1642 3394 1805 3447 dede—

228 3495 403 3547 rimus
433 3496 595 3552 Verba
640 3492 817 3553 Lucae,
851 3491 943 3559 qui
978 3505 1098 3558 eap.
1135 3506 1166 3543 ν
1196 3505 1225 3543 a
1258 3491 1288 3558 Ῡ
1322 3488 1386 3541 '27
1421 3488 1487 3542 de
1525 3487 1805 3541 vocatione

227 3596 280 3639 et
309 3594 500 3637 securo
522 3582 772 3635 convivio
798 3582 872 3634 ita
899 3582 1138 3648 loquitur
1165 3597 1179 3633 :
1219 3599 1237 3629 ι
1276 3578 1341 3633 Et
1370 3588 1488 3648 post
1513 3577 1627 3632 haec
1652 3578 1802 3641 exiit,

228 3687 283 3732 et
337 3675 473 3729 vidit
528 3673 870 3742 publicanum
933 3671 1152 3724 nomine
1200 3671 1347 3733 Levi,
1402 3670 1684 3723 sedentem
1737 3666 1803 3719 ad

230 3770 522 3829 telonium,
563 3776 619 3822 et
647 3765 722 3820 ait
752 3765 826 3817 illi
866 3781 880 3818 :
915 3762 1301 3834 Sequerqme.
1344 3760 1409 3815 Et
1453 3760 1657 3815 relictis
1689 3774 1806 3811 om-

227 3860 413 3920 nibus,
460 3871 692 3925 surgens
738 3866 958 3911 secutus
1000 3863 1086 3908 est
1140 3865 1287 3907 etiin.
1342 3851 1404 3905 Et
1435 3852 1562 3906 fecit
1590 3851 1637 3905 ei
1671 3865 1805 3905 cpn-

229 3953 436 4005 viviutn
480 3964 737 4019 magnum
783 3947 908 4001 Levi
942 3948 996 4001 in
1042 3946 1204 3999 domo
1237 3961 1357 4004 sua,
1392 3956 1444 3997 et
1483 3952 1601 3996 erat
1649 3942 1804 3994 turba

231 4044 399 4095 multa
428 4041 870 4108 publicanorum.
899 4047 954 4089 et
979 4035 1338 4099 aliorum,qui
1371 4050 1493 4087 cum
1522 4034 1627 4087 illis
1650 4038 1807 4086 erant

228 4132 663 4189 discumbentes.
700 4128 764 4182 Et
798 4128 1209 4181 murmurabant
1237 4126 1492 4180 Pharisaei
1527 4136 1579 4179 et
1606 4124 1807 4179 Scriba

229 4240 447 4285 eorum,
482 4221 728 4277 dicentes
777 4222 843 4276 ad
893 4219 1188 4289 discipulos
1236 4219 1354 4287 ejus
1401 4235 1412 4270 :
1465 4218 1643 4281 Quare
1680 4231 1803 4270 cum

228 4316 542 4387 publicanis
583 4322 636 4366 et
671 4312 1047 4381 peccatoribus
1093 4309 1430 4362 manducatis
1463 4317 1517 4360 et
1566 4306 1801 4361 bibitis?

233 4408 297 4461 Et
322 4405 665 4473 reSpondens
686 4402 864 4464 Jesus,
892 4401 1027 4458 dixit
1055 4401 1119 4454 ad
1157 4400 1279 4454 illos
1310 4418 1323 4455 :
1354 4400 1469 4453 Non
1500 4407 1681 4468 egent,
1713 4398 1804 4467 qui

231 4500 348 4554 sani
391 4507 548 4556 sunt,
582 4496 814 4558 medico,
840 4495 934 4547 sed
971 4494 1061 4561 qui
1104 4494 1243 4547 male
1285 4492 1503 4546 habent.
1535 4491 1650 4549 Non
1685 4490 1804 4544 veni

1903 2036 1994 2080 vat
2041 2026 2483 2098 Chrysostomus,
2532 2026 2678 2080 hom.
2733 2026 2821 2090 30,
2857 2034 2951 2079 aut
2995 2025 3085 2079 3|.
3114 2023 3261 2077 Data:
3292 2031 3477 2076 autem

1903 2119 2331 2174 observationes
2381 2120 2698 2186 sanatioque
2771 2117 3050 2187 paralytici
3134 2115 3293 2183 paulo
3355 2123 3481 2168 ante

1905 2214 2043 2267 facta
2081 2212 2398 2273 ostendunt,
2428 2226 2589 2280 quam
2630 2212 2813 2279 inepte
2853 2207 3100 2263 Julianus
3130 2216 3185 2261 et
3232 2203 3478 2274 Porphy-

1904 2303 2018 2356 rius
2076 2306 2419 2356 vocationem
2488 2298 2725 2354 Matth-sei
2787 2297 3117 2352 Christianis
3174 2294 3480 2363 objecerint

1904 2405 2159 2465 tanquam
2192 2394 2588 2452 incredibilem.
2625 2402 2683 2447 ut
2724 2402 2870 2448 recte
2919 2391 3153 2445 advertit
3184 2389 3239 2445 S.
3282 2388 3475 2443 Hiero-

1906 2502 2098 2558 nymus
2131 2488 2182 2540 in
2213 2497 2377 2557 caput
2412 2502 2465 2540 ιι
2498 2483 2760 2550 Matthtei,
2790 2484 2881 2538 ubi
2919 2482 3024 2538 illis
3056 2482 3215 2553 plura
3247 2496 3477 2553 respon-
3520 2484 3523 2487 ‘

1905 2579 2017 2633 det.

1974 2667 2065 2723 ‘22.
2114 2667 2208 2721 Vel
2236 2667 2314 2721 sic
2346 2676 2527 2721 tamen
2567 2666 2702 2721 nihil
2738 2665 3135 2721 detrahendum
3164 2672 3247 2719 est
3290 2679 3478 2733 prom-

1905 2770 2007 2830 pta:
2028 2760 2349 2817 obetlientite
2376 2759 2633 2825 llatthaai,
2657 2760 2723 2813 de
2749 2775 2854 2828 qua
2880 2758 3130 2814 laudatus
3149 2756 3479 2829 Chrysosto-

1907 2857 2122 2911 musita
2158 2856 2517 2910 ratiocinatur
2559 2871 2574 2910 :
2608 2873 2627 2900 ε
2671 2854 2739 2910 Ut
2769 2855 3005 2909 didicisti
3039 2856 3283 2908 vocantis
3326 2862 3480 2922 pote-

1906 2960 2122 3012 statem,
2155 2948 2235 3003 sic
2276 2949 2428 3005 disce
2459 2950 2631 3002 vocati
2672 2948 3063 3003 obedientiam.
3112 2946 3295 3014 Neque
3334 2946 3477 3000 enim

1908 3041 2248 3111 repugnavit,
2292 3056 2470 3109 neque
2518 3040 2773 3094 dubitans
2802 3041 2939 3093 dixit
2978 3038 3160 3104 :Quid
3214 3040 3313 3092 hoc
3353 3036 3482 3091 est?

1907 3131 2044 3187 Num
2078 3148 2161 3187 me
2189 3132 2466 3186 hominem
2510 3131 2820 3199 huiusmodi
2869 3131 3244 3186 fraudulenter
3281 3130 3482 3183 vocat?

1908 3226 2040 3280 Nam
2073 3238 2221 3280 certe
2252 3228 2629 3295 intempestiva
2675 3226 2867 3280 fuisset
2924 3225 3231 3294 huiusmodi
3297 3224 3479 3277 humi-

1908 3319 2051 3372 litas.
2085 3318 2190 3372 Sed
2248 3317 2430 3371 statim
2462 3318 2701 3371 obedivit
2736 3335 2750 3373 :
2786 3333 2961 3385 neque
2995 3318 3149 3386 petiit
3179 3326 3235 3369 nt
3261 3316 3480 3370 domum

1907 3412 1985 3464 ire
2022 3411 2228 3471 lice'ret,
2266 3419 2461 3464 utrem
2489 3426 2611 3464 cum
2646 3412 2761 3463 suis
2798 3411 3254 3469 communicaret,
3286 3423 3482 3476 quem-

1906 3504 2195 3557 admodum
2241 3503 2404 3556 etiam
2484 3503 2777 3572 piscatores
2817 3504 3080 3557 fecerunt.
3115 3498 3185 3556 Ut
3218 3501 3362 3554 enim
3405 3498 3480 3551 illi

1906 3596 2065 3657 retia,
2094 3594 2422 3658 naviculam,
2454 3603 2508 3648 et
2541 3603 2769 3661 patrem,
2807 3594 2879 3646 ita
2915 3602 2969 3647 et
3016 3593 3101 3645 hic
3134 3588 3479 3646 teloniariam

1906 3700 2154 3739 mensam
2178 3694 2232 3738 et
2259 3685 2466 3739 lucrum
2498 3685 2737 3752 reliquit,
2762 3695 2820 3737 ut
2850 3692 3188 3753 sequeretur,
3213 3683 3276 3733 ad
3302 3684 3485 3732 omnia

1907 3782 2153 3841 paratum
2200 3772 2440 3824 animum
2477 3773 2746 3825 exhibens
2796 3787 2810 3825 :
2859 3784 2914 3826 et
2954 3787 2983 3824 a
3025 3773 3184 3825 rebus
3229 3769 3483 3824 omnibus

1907 3860 2259 3919 saecularibus
2289 3875 2347 3915 se
2380 3860 2563 3914 statim
2601 3860 2957 3922 abscindens,
2993 3873 3089 3927 per
3113 3857 3480 3911 obedientiam

1908 3955 2203 4021 perfectam
2245 3953 2660 4013 testificabatur,
2696 3968 2858 4022 quam
2892 3949 3213 4019 tempestive
3255 3956 3483 4002 vocatus

1908 4042 2119 4097 fuisset.
2164 4062 2182 4094 ι
2225 4042 2281 4097 S.
2331 4043 2562 4096 Basilius
2616 4048 2668 4095 in
2715 4043 2936 4111 Regillis
2994 4042 3168 4095 fusius
3216 4041 3479 4099 tractatis.

1909 4136 2093 4190 interr.
2128 4136 2184 4193 8.
2212 4135 2384 4205 magis
2415 4137 2577 4189 etiam
2604 4146 2890 4204 exaggerat
2916 4142 3218 4203 promptam
3248 4144 3482 4200 sequen-

1910 4226 1976 4281 tis
2021 4226 2408 4284 obedientiam.
2457 4226 2529 4278 ita
2583 4225 2828 4279 scribens
2875 4241 2888 4277 :
2945 4244 2962 4274 ι
3004 4223 3287 4277 Mattheus
3328 4234 3475 4284 vero,

1907 4328 2029 4367 cum
2054 4315 2122 4366 ab
2155 4314 2272 4381 ipso
2309 4314 2507 4367 telonio
2531 4312 2787 4374 surrexit,
2825 4312 3223 4376 Dominumque
3253 4319 3477 4363 secutus

1907 4413 2012 4466 est,
2058 4405 2074 4464 (
2102 4420 2202 4457 nos
2233 4403 2423 4458 docuit
2454 4404 2509 4472 :)
2542 4403 2633 4472 qui
2667 4418 2775 4457 non
2822 4403 3006 4459 telonii
3048 4402 3222 4455 solum
3266 4400 3478 4453 emolu-

1909 4508 2086 4552 menta
2112 4497 2348 4565 reliquit,
2382 4498 2474 4551 sed
2507 4495 2746 4564 pericula
2774 4496 2937 4548 etiam
2964 4492 3323 4560 contempsit,
3359 4504 3480 4557 quae

230 4604 432 4643 vocare
474 4588 675 4654 justus,
731 4585 823 4638 sed
875 4594 1188 4653 peccatores
1235 4583 1301 4636 ad
1348 4583 1742 4652 paenitentiam.
1779 4600 1796 4632 ι

1909 4607 1936 4643 a
1971 4591 2379 4661 magistratibus
2419 4599 2531 4642 tttm
2586 4588 2688 4642 sibi
2733 4601 2846 4639 tum
2894 4583 3316 4651 consanguineis
3363 4582 3478 4636 suis

232 4679 512 4734 Hactenus
542 4674 888 4747 evangelistae
929 4676 996 4730 de
1032 4674 1342 4729 vocatione.

180 4837 183 4840 ,
300 4775 394 4829 ‘21.
452 4772 533 4828 Ad
591 4771 815 4837 allegata
877 4780 1055 4822 autem
1113 4768 1570 4836 evangelistarum
1640 4767 1804 4821 verba

232 4870 527 4922 observare
591 4876 904 4931 possumus,
958 4872 1206 4914 sanctum
1269 4860 1580 4914 Matthmum
1642 4861 1808 4916 fuisse

234 4969 489 5013 vocatum
551 4968 721 5025 prope
764 4953 1036 5006 civitatem
1088 4951 1469 5021 Capharnaum
1527 4952 1592 5006 ad
1659 4966 1807 5006 mare

232 5051 491 5110 Galilznar,
518 5047 634 5100 sive
662 5045 983 5103 Tiberiadis.
1015 5044 1149 5099 alias
1185 5046 1357 5098 lacum
1385 5044 1717 5099 Genesareth
1752 5044 1805 5096 in

234 5140 536 5211 Scripturis
586 5138 814 5200 dictum,
862 5139 947 5190 ubi
988 5148 1144 5191 erant
1196 5138 1450 5190 solvenda
1502 5136 1803 5205 vectigalia.

233 5236 364 5293 Nam
409 5233 625 5289 Marcus
654 5232 797 5286 clare
826 5231 899 5284 ait
934 5232 963 5300 ᾖ
1007 5232 1042 5285 i.
1082 5230 1263 5283 Jesum
1312 5230 1521 5283 venisse
1562 5229 1806 5298 Caphar-

236 5342 435 5390 naum,
496 5324 682 5389 ibique
735 5337 954 5377 sanasse
999 5321 1370 5390 paralyticum.
1427 5331 1537 5375 tum
1592 5337 1805 5376 rursum

236 5420 406 5473 fuisse
449 5430 753 5485 egressum,
796 5424 849 5466 et
886 5413 1189 5466 Matthceutn
1244 5412 1358 5465 sive
1394 5412 1519 5467 Levi
1564 5426 1804 5469 vocasse.

233 5511 528 5564 Matthmus
571 5520 699 5557 vero
743 5503 896 5563 dicit.
936 5501 1120 5558 Jesum
1160 5504 1373 5557 venisse
1413 5505 1465 5556 in
1528 5504 1805 5559 civitatem

236 5616 413 5659 suam,
446 5598 539 5652 ubi
577 5596 831 5651 nimirum
880 5607 1009 5650 tunc
1040 5596 1339 5658 habitabat,
1384 5606 1443 5648 ut
1489 5596 1628 5650 idem
1671 5596 1804 5651 Mat-

239 5695 415 5746 thteus
465 5704 588 5756 cap.
636 5689 765 5755 IV.’
815 5687 879 5743 l3
929 5696 1156 5741 testatur
1203 5687 1285 5739 his
1339 5688 1566 5742 verbis:
1614 5707 1631 5739 ι
1670 5690 1805 5743 Cum

239 5792 422 5837 autem
458 5778 697 5833 audisset
733 5777 912 5841 Jesus,
941 5779 1081 5848 quod
1110 5776 1347 5832 Joannes
1380 5778 1606 5833 traditus
1636 5789 1803 5844 esset,

241 5870 473 5928 sccessit
502 5870 556 5924 in
586 5867 858 5925 Galilaeam
892 5885 906 5922 :
940 5880 992 5925 et
1027 5870 1213 5925 relicta
1252 5870 1475 5925 civitate
1511 5869 1803 5937 Nazareth,

1909 4683 2327 4754 impendebant.
2352 4680 2496 4752 quod
2530 4680 2873 4750 vectigalium
2907 4681 3147 4731 rationes
3173 4674 3478 4742 reliquisset

1909 4779 2154 4833 iniectas.
2189 4776 2460 4845 Autiquns
2505 4782 2807 4842 anonymus
2848 4771 2912 4821 ad
2948 4764 3281 4836 praesidium,
3316 4766 3476 4833 cuius

1910 4868 2146 4936 Epistula
2182 4865 2326 4919 inter
2370 4862 2547 4932 Opera
2590 4863 2646 4915 S.
2697 4860 3007 4932 Hieronymi
3041 4861 3299 4916 editiOnis
3332 4858 3474 4910 Maro

1912 4960 2105 5015 tianete
2137 4957 2364 5010 habetur
2403 4964 2537 5009 tom.
2582 4954 2645 5018 ν,
2695 4954 2800 5008 col.
2844 4956 2965 5015 Uti,
3014 4955 3267 5008 observat
3309 4950 3476 5005 etiam

1910 5054 2036 5111 alia.
2064 5053 2132 5103 ita
2161 5048 2433 5117 loquens:
2482 5066 2501 5097 ι
2540 5047 2823 5101 Mattheus
2864 5044 3059 5100 sedens
3100 5047 3163 5096 ad
3201 5044 3476 5096 trloncum

1908 5143 2057 5196 audit
2093 5158 2105 5194 :
2135 5137 2376 5207 Sequere
2408 5152 2509 5190 me.
2546 5134 2816 5205 Numquid
2852 5137 3000 5205 prius
3032 5133 3312 5189 ratiocinia
3345 5148 3479 5201 sup-

1910 5230 2137 5302 putat-it,
2185 5238 2241 5282 et
2294 5242 2545 5281 reversos
2605 5229 2828 5282 domum
2878 5242 3098 5279 suorum
3158 5239 3345 5293 passus
3390 5233 3477 5278 est

1909 5325 2192 5393 lacrymas.
2220 5320 2653 5389 praediorumque
2680 5318 2929 5377 auctione
2955 5320 3235 5374 sottleitus.
3271 5330 3475 5385 nequa.

1908 5429 2068 5485 quam
2108 5416 2283 5483 potuit
2322 5412 2533 5467 Domini
2577 5412 2727 5481 sequi
2774 5411 3017 5480 vestigia,
3054 5409 3156 5462 nisi
3190 5409 3374 5462 tnuudt
3412 5424 3471 5465 se

1911 5511 2059 5579 prius
2086 5521 2254 5561 onere
2288 5505 2583 5559 liberaret?
2629 5524 2646 5556 ι
2688 5504 2763 5557 Ita
2790 5504 3007 5571 quidem
3040 5516 3341 5571 anonytnus
3380 5502 3471 5556 hic

1910 5617 2031 5655 cum
2083 5598 2137 5653 S.
2186 5598 2382 5651 Basilio
2416 5598 2627 5651 videtur
2673 5596 2972 5655 insinuare,
3026 5594 3267 5648 rationes
3304 5592 3472 5648 fuisse

1914 5692 2212 5748 reddendas
2248 5693 2438 5745 sancto
2470 5690 2723 5747 Mattlmo
2755 5688 2821 5741 de
2848 5696 3070 5756 accepta
3105 5701 3171 5737 ex
3200 5682 3473 5752 vectigali-

1909 5783 2013 5838 bus
2062 5782 2312 5851 pccunia.
2360 5796 2460 5835 nec
2511 5791 2688 5836 tamen
2743 5780 2811 5835 de
2861 5779 2929 5835 iis
2975 5774 3264 5831 reddendis
3301 5773 3473 5829 fuisse

1911 5876 2219 5933 sollicitum.
2276 5872 2470 5929 Verum
2521 5887 2581 5927 ea
2636 5872 2943 5928 observatio
2986 5883 3136 5938 eque
3189 5865 3321 5920 mihi
3375 5865 3458 5920 in'
