4150 6466
717 414 820 478 763

1960 419 2240 479 MENSIS
2283 419 2571 479 SEPTEM
2587 420 2751 482 BER.

3871 419 3979 482 76L

718 540 869 582 certa
918 537 972 583 et
1016 543 1205 597 parum
1267 531 1561 599 probabilis
1611 543 1852 601 apparet,
1904 548 1965 587 ac
2018 534 2142 586 aliis
2183 534 2294 602 jam
2329 539 2367 591 Α
2402 533 2586 587 telonii
2622 535 2810 589 usibus
2843 537 3106 595 serviebat
3138 537 3288 591 ?Sed
3322 537 3389 592 de
3429 547 3569 591 terra
3612 537 3891 592 sublatus.
3926 538 3980 586 in

719 624 836 676 visa
879 631 983 683 est,
1023 621 1127 673 nisi
1174 638 1291 676 eam
1334 625 1512 677 solum
1548 625 1917 695 intelligamus
1942 626 2010 680 de
2044 638 2296 696 prompta

722 714 999 768 voluntate
1026 717 1091 767 ad
1122 714 1427 769 faciendum
1454 717 1719 787 quidquid
1765 720 1983 787 juberet
2017 721 2296 785 Dominus,

722 823 846 859 eum
892 808 1026 860 satis
1066 808 1225 860 nosse
1264 820 1447 876 posset
1479 810 1614 862 nihil
1645 812 1769 864 mali
1814 813 2117 879 jussurum.
2145 812 2297 877 Quod

724 914 855 952 vero
900 908 1109 967 spectat
1152 902 1216 952 ad
1262 902 1502 955 rationes
1538 903 1697 957 officii
1738 905 2148 974 magistratibus
2178 907 2299 958 red—

721 989 949 1047 dendas,
996 990 1271 1058 conjicere
1326 1008 1642 1059 possumus,
1698 1007 1789 1047 aut
1840 997 2137 1066 obligatum
2190 1012 2299 1050 non

726 1078 894 1132 fuisse
926 1078 1235 1133 Matthaeum
1273 1082 1337 1133 ad
1387 1098 1479 1136 eas
1529 1085 1851 1148 reddendas,
1890 1088 2029 1153 quod
2076 1086 2302 1140 fortasse

725 1180 878 1237 pater
918 1172 1088 1238 ipsius
1122 1174 1376 1241 Alplueus
1420 1176 1581 1228 etiam
1633 1188 1743 1230 tum
1798 1180 2027 1243 viveret,
2075 1190 2191 1237 aut.
2248 1180 2293 1233 si

730 1259 1018 1317 Matthmts
1080 1266 1305 1318 omnino
1368 1279 1529 1335 caput
1580 1268 1795 1323 familiae
1858 1286 1968 1324 suae
2028 1281 2195 1333 esset,
2249 1283 2302 1327 et

726 1355 1079 1423 vemigalihus
1122 1358 1428 1422 przefectus,
1483 1361 1773 1413 Dominum
1822 1363 1999 1415 eidem
2034 1375 2155 1431 post
2189 1366 2302 1432 pri-

730 1460 873 1498 mam
920 1446 1292 1501 obedientiam
1348 1450 1661 1511 mandasse.
1705 1463 1762 1505 ut
1814 1454 1894 1507 vel
1932 1456 2166 1508 rationes
2196 1456 2302 1511 cito

728 1537 1003 1602 redderet,
1039 1539 1124 1592 vel
1161 1555 1277 1593 eam
1313 1556 1499 1595 curam
1539 1545 1690 1597 alteri
1725 1547 2100 1601 demandaret.
2140 1548 2302 1602 Certe

729 1629 1067 1695 convivium,
1120 1631 1265 1699 quod
1320 1633 1373 1684 in
1424 1633 1585 1687 domo
1621 1650 1715 1688 sua
1747 1636 1964 1691 Christo
2014 1640 2302 1708 multisque

726 1718 1035 1787 publicanis
1085 1723 1353 1776 exstruxit
1406 1724 1726 1791 Mattluens,
1772 1728 1990 1782 abunde
2034 1730 2297 1794 insinuat,

728 1808 904 1875 ipsum
950 1807 1112 1862 facile
1147 1811 1201 1862 in
1247 1812 1382 1865 alios
1421 1817 1804 1870 transfundere
1853 1819 2114 1885 potuisse,
2148 1822 2304 1889 quid-

726 1897 855 1965 quid
892 1898 1241 1968 obligationis
1273 1918 1336 1953 ex
1370 1902 1548 1956 ollicio
1582 1916 1947 1962 contraxerat.

797 1987 889 2042 '23.
938 1989 1108 2045 Porro
1151 1994 1354 2047 lattdati
1394 1994 1814 2066 Chrysostomus
1847 2013 1900 2055 ct
1943 2001 2303 2073 Hieronymus

727 2094 850 2155 cum
912 2082 1068 2136 laude
1128 2086 1418 2140 observant
1479 2090 1771 2143 candorem
1840 2105 1896 2147 et
1942 2094 2301 2150 humilitatem

730 2172 789 2225 S.
834 2170 1093 2238 Matthxi,
1128 2177 1270 2244 quod
1323 2180 1436 2246 ipse
1474 2182 1525 2232 in
1568 2180 1860 2251 Evangelia
1905 2185 2180 2253 professus
2206 2189 2299 2252 sit,

730 2258 1083 2328 publicanum
1134 2280 1192 2317 se
1248 2267 1454 2331 fuisse,
1510 2286 1745 2339 ususque
1807 2274 1874 2326 sit
1924 2278 2145 2330 nomine
2200 2294 2302 2332 suo

730 2351 903 2417 magis
947 2351 1183 2419 vulgato,
1228 2369 1352 2409 cum
1392 2358 1602 2413 Marcus
1650 2369 1705 2415 et
1745 2361 1918 2418 Lucas
1952 2364 2081 2420 Levi
2125 2368 2301 2436 ipsum

728 2442 1037 2507 nominent,
1091 2445 1221 2499 dum
1267 2449 1515 2505 scribunt
1558 2456 1945 2520 vocationem;
1992 2459 2302 2512 Matth-arum

731 2547 881 2597 vero,
908 2535 1034 2588 dum
1064 2538 1313 2591 eumdem
1358 2545 1622 2609 apostolis
1651 2556 2037 2603 annumerant.
2069 2550 2122 2602 Si
2160 2552 2303 2607 idem

728 2625 949 2682 fecisset
1025 2630 1312 2687 Mattlneus
1362 2634 1497 2703 ipse,
1550 2648 1605 2692 et
1666 2640 1911 2695 similiter
1961 2643 2013 2696 in
2064 2647 2304 2716 catalogo

730 2720 1100 2784 apostolorum
1146 2724 1490 2791 publicanum
1523 2745 1581 2783 se
1609 2746 1717 2784 non
1744 2736 2099 2798 nominasset.
2123 2741 2304 2795 nullus

727 2807 927 2864 deinde
958 2826 1024 2865 ex
1062 2814 1355 2884 Evangelia
1383 2821 1594 2874 nescire
1630 2825 1917 2891 potuisset,
1957 2829 2303 2896 publicanum

731 2899 898 2954 fuisse
936 2901 1270 2969 Matthaaum,
1316 2917 1409 2963 aut
1457 2914 1704 2967 eumdem
1756 2932 1877 2971 eum
1916 2919 2066 2973 Levi.
2102 2923 2304 2976 Audia-

730 3004 851 3045 mus
874 2994 1030 3049 verba
1064 3001 1236 3054 sancti
1267 3000 1577 3073 Hieronymi
1609 3025 1620 3057 :
1657 3026 1673 3056 ι
1715 3007 1907 3062 Caneri
1937 3014 2304 3082 evangelista,

732 3086 931 3151 inquit,
973 3099 1196 3155 propter
1229 3094 1612 3147 verecundiam
1646 3105 1700 3148 et
1739 3097 2003 3153 honorem
2042 3101 2300 3171 Matthzei,

2402 626 2776 680 fortitudinem
2806 627 2927 681 ferri
2956 629 3230 682 convaluit
3266 648 3276 682 :
3306 630 3461 696 cujus
3489 628 3743 680 videlicet
3768 627 3979 694 lingua,

2401 719 2550 785 quasi
2584 719 2899 772 acutissimo
2944 721 3141 790 gladio,
3183 721 3457 797 Evangelii
3505 719 3984 773 administratione

2404 809 2666 863 Dominus
2700 810 2992 863 intidelium
3041 813 3200 865 corda
3246 812 3555 865 transfixit:
3593 819 3646 863 et
3689 810 3783 878 qui
3831 810 3984 861 infir-

2405 918 2523 955 tnus
2549 904 2696 969 prius
2724 902 3121 970 despectusque
3161 904 3338 957 fuerat
3370 921 3464 972 per
3490 904 3703 956 terrena
3741 902 3981 969 negotia,

2404 992 2560 1045 fortis
2607 993 2950 1060 postmodum
3001 993 3177 1048 factus
3214 1003 3295 1049 est
3341 994 3407 1047 ad
3438 992 3677 1047 cmlestia
3716 992 3985 1060 przedica—

2406 1094 2608 1137 menta.

2458 1194 2560 1254 ιρι.
2611 1198 2762 1264 Quod
2816 1200 2883 1253 ab
2935 1200 3264 1270 Hieronymo
3313 1216 3475 1270 supra
3523 1200 3728 1254 dictum
3781 1211 3870 1254 est
3918 1201 3986 1254 de

2404 1292 2619 1362 gemino
2646 1293 2861 1344 nomine
2901 1292 3147 1359 apostoli,
3195 1292 3283 1359 qui
3339 1290 3633 1344 Matthwus
3679 1294 3987 1347 vocabatur

2405 1393 2459 1435 et
2515 1381 2662 1441 Levi.
2720 1392 2778 1434 ut
2814 1398 3006 1436 omnes
3073 1385 3268 1451 passim
3322 1384 3870 1445 animadverterunt,
3931 1393 3987 1435 ει

2406 1474 2696 1541 Evangelia
2758 1474 3059 1529 clarissime
3114 1473 3411 1535 insinuant,
3464 1475 3683 1528 videtur
3752 1491 3988 1544 negasse

2404 1563 2684 1633 Origenes,
2727 1565 2819 1619 lih.
2852 1582 2865 1619 t
2912 1564 3106 1620 Contra
3144 1564 3386 1625 Cet'sum,
3423 1581 3573 1619 num.
3618 1566 3707 1631 (52,
3744 1568 3835 1619 ubi
3873 1569 3988 1621 haec

2406 1657 2567 1709 habet
2603 1674 2616 1710 :
2659 1675 2675 1707 (
2709 1656 2788 1709 Sit
2811 1668 2864 1710 et
2888 1656 3016 1710 Levi
3045 1656 3385 1725 publicanus,
3423 1657 3511 1723 qui
3538 1657 3727 1711 Jesum
3759 1658 3987 1714 secum:

2407 1750 2497 1803 sit.
2541 1749 2609 1802 At
2658 1765 2762 1801 non
2805 1748 2907 1803 fuit
2942 1749 3029 1802 ille
3069 1765 3134 1802 ex
3190 1749 3557 1817 apostolorum
3591 1765 3847 1813 nmnero,
3881 1752 3990 1805 nisi

2336 1871 2378 1926 Β
2404 1842 2554 1907 juxta
2583 1841 2825 1908 quzedam
2863 1841 3135 1910 Evangelii
3172 1839 3469 1892 secundum
3510 1837 3758 1892 Marcum
3794 1856 3987 1894 exem-

2407 1931 2595 2000 plaria.
2640 1950 2657 1983 ι
2694 1929 3031 1985 Novissimus
3081 1932 3259 1986 editor
3303 1930 3538 1999 Operum
3574 1929 3856 2000 Origenis,
3887 1931 3991 1986 Ca-

2406 2026 2551 2077 rolus
2586 2024 2829 2086 Delarue,
2872 2033 2999 2077 tom.
3036 2024 3078 2085 1,
3113 2040 3232 2095 pag.
3269 2025 3371 2078 376
3414 2024 3466 2076 in
3520 2024 3812 2076 Adnotatis
3839 2025 3993 2079 addit

2406 2116 2559 2180 altos,
2610 2116 2681 2168 ita
2712 2116 2954 2171 scribens
2986 2134 3001 2171 :
3041 2135 3059 2167 ‹
3098 2114 3262 2169 Levin
3301 2131 3329 2168 a
3381 2114 3641 2168 Mattbaao
3689 2115 3991 2185 distinguit

2404 2211 2566 2260 etiam
2633 2206 2930 2260 lleracleon
2996 2199 3285 2260 lueretin
3351 2203 3776 2259 Valentinianus
3837 2207 3986 2274 apud

2404 2299 2739 2355 Clementem
2776 2299 3200 2352 Alexandrinum
3236 2315 3286 2350 tv
3316 2298 3576 2352 Stromat.
3618 2314 3743 2366 pag.
3772 2298 3903 2359 50:2,
3935 2310 3993 2352 et

2406 2389 2550 2443 inter
2601 2391 2941 2443 recentiores
3001 2388 3154 2458 Hugo
3209 2386 3465 2451 Grotius,
3523 2404 3782 2459 magnum
3846 2390 3991 2459 apud

2407 2480 2750 2535 Calvinianos
2778 2481 3019 2549 aliosque
3046 2480 3407 2536 heterodoxos
3437 2496 3657 2535 nomen.
3694 2480 3995 2534 Pro-mittit

2408 2574 2474 2627 de
2518 2571 2770 2643 Origene,
2814 2572 2956 2641 quod
2999 2591 3016 2623 ι
3073 2572 3196 2627 Levi
3247 2588 3369 2627 cum
3418 2572 3669 2626 Matthteo
3729 2572 3993 2623 eumdem

2408 2682 2631 2735 prorsus
2661 2667 2936 2720 hominem
2982 2680 3103 2719 esse
3150 2667 3400 2718 videatur
3442 2664 3644 2716 sentire
3691 2662 3745 2714 itt
3786 2660 3995 2714 Praefa-

2409 2758 2558 2810 tione
2598 2756 2993 2824 explanationis
3046 2756 3099 2807 in
3161 2756 3456 2823 Epistulam
3511 2753 3577 2806 ad
3622 2752 3924 2806 Romanos.
3966 2771 3986 2803 ο

2407 2848 2585 2902 Verba
2628 2848 2741 2915 ipsa
2772 2846 3025 2917 Origenis
3069 2862 3131 2900 ex
3167 2846 3387 2914 antiqua
3424 2844 3665 2899 editione
3702 2848 3855 2914 (nam
3906 2854 3991 2899 to-

2410 2953 2556 2991 mum
2593 2936 2653 2990 IV
2687 2953 2837 2990 nova:
2874 2936 3103 2990 necdum
3135 2935 3418 3004 habemus)
3450 2936 3748 3003 subjungo.
3779 2934 3991 2990 Obser-

2412 3035 2499 3077 vat
2547 3022 2831 3094 Origenes,
2882 3025 3067 3078 multis
3099 3026 3206 3079 duo
3255 3034 3349 3077 aut
3404 3025 3503 3079 tria
3535 3026 3703 3077 fuisse
3742 3027 3987 3090 nomina,

2411 3118 2660 3187 interque
2720 3135 2814 3173 eos
2871 3122 3116 3172 nominat
3172 3119 3518 3191 Mattlueum,
3566 3119 3635 3172 ita
3678 3120 3933 3172 scribens
3974 3135 3989 3171 :

727 3174 1022 3231 noluerunt
1080 3195 1204 3234 eum
1265 3184 1485 3239 nomine
1544 3188 1821 3255 appellare
1880 3193 2142 3262 vulgato,
2203 3196 2297 3249 sed

2412 3227 2429 3259 ι
2469 3207 2601 3261 Nam
2647 3220 2701 3262 et
2740 3209 3019 3262 Mattbzeus
3054 3210 3167 3278 ipse
3200 3186 3364 3263 refert
3420 3210 3483 3264 de
3533 3226 3613 3275 se,
3663 3210 3811 3279 quod
3864 3225 3987 3262 cum

728 3265 1006 3334 dixerunt,
1064 3271 1232 3338 Levi;
1290 3275 1493 3344 ιιιῳιῐςὶ
1552 3280 1757 3349 quippe
1805 3287 2069 3337 vocabulo
2126 3286 2247 3339 fuit.
2282 3305 2301 3337 ι

730 3357 851 3426 Ipse
895 3372 1076 3415 autem
1115 3363 1400 3421 Matthaeus
1436 3371 1739 3423 secundum
1770 3372 1922 3438 illud,
1959 3376 2101 3443 quod
2135 3393 2163 3429 a
2206 3378 2305 3431 Sa—

730 3449 949 3505 lomone
993 3455 1305 3523 praecipitur
1343 3472 1357 3510 :
1401 3476 1417 3509 ι
1453 3458 1613 3515 Jesus
1656 3476 1946 3521 accusator
1979 3478 2059 3523 est
2116 3474 2201 3524 sui
2251 3472 2307 3523 in

732 3542 1005 3611 principio
1044 3549 1335 3605 sermonis.
1379 3570 1396 3602 ι
1447 3552 1512 3606 Et
1561 3556 1613 3607 in
1667 3557 1779 3608 alio
1819 3559 1937 3611 loco
1987 3578 1999 3610 :
2051 3578 2069 3609 ι
2112 3560 2205 3613 Dic
2251 3573 2307 3615 tu

729 3647 951 3701 peccata
987 3647 1095 3700 tua,
1135 3651 1193 3692 ut
1220 3642 1541 3705 justilieeris
1575 3662 1591 3712 ;
1633 3665 1649 3696 ι
1690 3647 2002 3702 Μωιιιηιειηη
2033 3666 2091 3706 se
2123 3660 2179 3706 et
2208 3669 2306 3721 pu-

729 3729 1003 3785 blicanum
1036 3737 1303 3802 nominat,
1353 3748 1411 3792 ut
1438 3744 1688 3797 ostendat
1730 3744 2057 3814 legentibus,
2091 3750 2303 3804 nullum

726 3821 931 3879 debere
953 3827 1183 3883 salutent
1223 3833 1538 3899 desperare,
1576 3837 1617 3888 si
1651 3837 1715 3888 ad
1754 3838 1974 3891 meliora
2004 3856 2307 3895 conversus

729 3916 823 3979 sit,
850 3933 973 3969 cum
1000 3920 1119 3988 ipse
1143 3922 1209 3973 de
1241 3923 1527 3990 publicano
1553 3926 1606 3978 in
1654 3928 1962 3995 apostolum
1988 3932 2058 3983 sit
2083 3942 2307 4000 repente

733 4019 996 4061 mutatus.
1031 4029 1049 4061 ι
1081 4011 1279 4066 Eadem
1310 4014 1423 4069 fere
1457 4017 1709 4071 observat
1736 4018 2178 4090 Chrysostomus,
2213 4025 2306 4094 qui

728 4098 971 4168 adiungit
1001 4102 1162 4155 etiam
1188 4110 1474 4174 sequentia
1514 4127 1524 4159 :
1564 4128 1581 4159 ι
1619 4112 1731 4163 Cur
1762 4128 1918 4178 porro
1948 4115 2102 4179 dixit,
2126 4118 2306 4183 ipsum

728 4192 939 4245 sedisse
974 4194 1029 4246 in
1083 4196 1323 4249 telonio?
1355 4198 1608 4253 Vocantis
1644 4203 1749 4254 vim
1797 4206 2115 4272 ostendens,
2156 4210 2305 4276 quod

729 4296 855 4334 cum
889 4286 1128 4338 nondum
1161 4288 1480 4355 destitisset,
1518 4302 1574 4346 et
1614 4296 1864 4364 improbo
1902 4299 2104 4354 telonio
2133 4302 2307 4356 haere-

728 4384 829 4435 ret,
868 4391 933 4430 ex
968 4380 1156 4433 mediis
1196 4382 1369 4449 ipsum
1402 4386 1555 4438 malis
1582 4391 1894 4444 extraxerit.
1924 4410 1941 4442 ι
1977 4393 2041 4446 Et
2076 4412 2198 4447 tnox
2240 4397 2306 4451 de

726 4470 906 4525 ollicio
940 4474 1359 4542 publicanorum
1403 4479 1475 4533 ita
1522 4492 1761 4538 mentent
1805 4498 1956 4540 suam
2007 4489 2249 4544 declarat
2287 4510 2299 4545 :

735 4583 754 4615 ε
795 4562 919 4620 1⁷1ῑο
957 4577 1137 4620 autem
1178 4569 1425 4624 lucrandi
1462 4574 1599 4627 ratio
1628 4576 1963 4643 impudentia
1998 4584 2153 4648 plena
2184 4596 2303 4638 erat

728 4670 791 4708 ac
835 4660 1157 4725 petulantia,
1190 4674 1429 4729 quaestus
1464 4665 1680 4735 iniquus
1706 4684 1770 4722 ac
1796 4684 2098 4727 mercatura
2133 4677 2303 4730 illibe-

732 4748 879 4801 ralis.
922 4769 939 4800 ι
989 4752 1126 4805 Hinc
1174 4752 1231 4806 S.
1272 4755 1587 4826 Gregorius,
1624 4761 1771 4815 hom.
1810 4764 1878 4816 24
1920 4766 1971 4818 in
2017 4767 2304 4837 Evangelia

730 4838 989 4903 advertit,
1051 4841 1273 4898 Petrum
1342 4848 1560 4917 quidem
1617 4854 1906 4921 aliquando
1968 4860 2196 4915 rediisse
2236 4862 2301 4915 ad

731 4926 1112 4997 piscationem,
1164 4939 1257 4991 sed
1293 4940 1604 4997 Mattltwum
1646 4961 1921 5014 nunquam
1966 4953 2031 5004 ad
2064 4953 2299 5007 officium

730 5020 999 5087 publicani
1051 5028 1296 5094 periculo
1318 5032 1580 5099 .plenum.
1632 5054 1650 5086 ι
1691 5038 1827 5101 Quia
1875 5040 2020 5095 aliud
2074 5052 2179 5106 est,
2221 5043 2305 5097 in-

729 5114 870 5178 quit,
898 5115 1100 5169 victum
1128 5134 1227 5187 per
1258 5122 1617 5189 piseationem
1649 5144 1910 5195 quaerere,
1948 5133 2089 5185 aliud
2123 5146 2301 5188 autem

730 5204 917 5260 telonii
952 5209 1120 5264 lucris
1158 5214 1416 5281 pecunias
1448 5231 1671 5285 augere.
1694 5221 1831 5275 Sunt
1861 5225 2005 5277 enim
2046 5228 2303 5295 pleraque

730 5303 970 5370 negotia,
1018 5321 1140 5373 quae
1199 5311 1317 5363 sine
1371 5315 1609 5379 peccatis
1658 5317 1899 5371 exhiberi
1946 5330 2037 5373 aut
2078 5322 2158 5373 vix
2210 5334 2303 5377 aut

728 5395 1042 5451 nullatenus
1073 5412 1325 5466 possunt.
1368 5402 1500 5466 Qum
1533 5422 1660 5475 ergo
1690 5410 1753 5460 ad
1790 5426 2071 5478 peceatum
2116 5416 2297 5482 impli-

727 5496 877 5552 cant,
940 5491 1004 5542 ad
1065 5491 1177 5545 haec
1233 5509 1456 5549 necesse
1486 5508 1569 5552 est
1626 5508 1681 5551 ut
1722 5494 1838 5568 post
1886 5508 2297 5559 conversionem

727 5580 949 5634 animus
973 5598 1079 5635 non
1107 5596 1373 5639 recurrat.
1408 5587 1683 5645 Laudatus
1708 5595 2019 5662 Gregorius,
2042 5599 2139 5649 lib.
2173 5615 2299 5653 xvttt

729 5672 1015 5729 Moralium
1058 5676 1107 5729 in
1144 5676 1247 5732 Job
1277 5695 1398 5748 cap.
1430 5681 1500 5736 27
1531 5683 1597 5737 de
1634 5701 1827 5756 magna
1860 5688 2027 5740 sancti
2069 5689 2302 5743 Matthaei

725 5769 1033 5822 mutatione
1086 5770 1156 5824 ita
1207 5773 1449 5842 loquitur
1504 5795 1515 5830 :
1575 5796 1591 5829 t
1633 5780 1827 5833 Annon
1904 5781 2187 5837 Mattlneus
2247 5783 2299 5835 in

721 5869 869 5915 terra
904 5861 1157 5919 iuventus
1186 5878 1283 5933 est,
1306 5868 1417 5938 qui,
1452 5873 1682 5927 terrenis
1712 5874 1942 5942 negotiis
1973 5873 2295 5943 implicatus,

2413 3302 2667 3355 transiret
2716 3300 2915 3365 Jesus,
2970 3301 3176 3355 invenit
3243 3303 3529 3372 quemdam
3582 3304 3865 3355 sedentem
3924 3304 3993 3357 ad

2412 3392 2692 3455 telonium,
2725 3394 2946 3447 nomine
2978 3393 3307 3446 Mattha'um.
3338 3392 3509 3444 Lucas
3540 3406 3668 3444 vero
3693 3393 3762 3443 de
3795 3393 3990 3447 eodem

2409 3484 2560 3544 dicit,
2617 3486 2743 3550 quia
2800 3499 2923 3536 cum
2980 3484 3236 3535 transiret
3283 3481 3462 3545 Jesus,
3515 3482 3807 3550 quemdam
3857 3485 3992 3538 vidit

2411 3574 2781 3642 publicanum,
2824 3573 3045 3627 nomine
3085 3572 3236 3632 Levi.
3274 3583 3328 3626 et
3369 3573 3524 3634 dixit,
3554 3574 3799 3642 Sequere
3834 3592 3987 3629 me...

2408 3665 2625 3720 Certum
2657 3677 2735 3721 est
2763 3678 2963 3732 autem,
3018 3665 3381 3736 evangelistas
3413 3682 3519 3719 non
3554 3682 3769 3720 errasse
3802 3668 3855 3720 in
3891 3684 3992 3722 no-

2409 3758 2648 3812 minibus
2690 3759 3101 3827 apostolorum;
3157 3760 3251 3813 sed
3303 3758 3429 3828 quia
3475 3758 3641 3811 moris
3681 3768 3803 3811 erat
3847 3758 3990 3815 binis

2411 3845 2492 3897 vel
2530 3846 2699 3898 ternis
2736 3846 3049 3899 nominibus
3082 3848 3156 3899 uti
3191 3846 3446 3900 Hebraeos
3468 3886 3482 3909 ,
3516 3849 3677 3901 unius
3710 3846 3990 3914 ejusdem-

2410 3951 2515 4005 que
2567 3938 2664 3991 viri
2714 3936 2925 3990 diversa
2979 3937 3179 4006 singuli
3237 3938 3520 3990 nominum
3577 3939 3846 3992 vocabula
3897 3958 3991 4010 po-

2410 4045 2589 4085 suere.
2634 4050 2651 4081 »
2683 4029 2782 4083 llic
2814 4045 2920 4085 non
2946 4031 3107 4084 modo
3144 4030 3452 4083 Manlianum
3489 4039 3538 4082 et
3570 4028 3698 4083 Levi
3733 4033 3988 4085 eumdem

2409 4122 2683 4175 declarant
2739 4121 3037 4191 Origenes;
3089 4124 3180 4178 sed
3228 4124 3390 4177 etiam
3437 4122 3681 4177 ostendit.
3736 4124 3989 4179 eumdem

2411 4226 2552 4273 esse,
2604 4229 2725 4266 cum
2777 4214 2985 4279 Lucas,
3043 4216 3116 4267 uti
3158 4224 3211 4266 et
3251 4215 3458 4269 Marcus
3484 4253 3499 4276 ,
3546 4215 3686 4269 idem
3729 4216 3891 4282 plane
3930 4217 3989 4271 de

2413 4302 2541 4356 Levi
2574 4306 2892 4365 narraverit,
2921 4306 3068 4371 quod
3098 4305 3384 4356 Matthaeus
3413 4304 3479 4357 de
3508 4319 3585 4356 se.
3615 4305 3987 4375 Quapropter,

2412 4394 2454 4450 si
2487 4392 2768 4464 Origenes,
2814 4407 3001 4449 contra
3048 4395 3264 4448 Celsum
3318 4393 3583 4455 scribens,
3627 4410 3820 4448 revera
3865 4399 3985 4450 Levi

2410 4484 2574 4541 alium
2628 4505 2655 4541 a
2706 4488 2955 4542 Matthaeo
3004 4486 3323 4550 crediderit,
3388 4496 3573 4556 postea
3628 4484 3984 4554 frequentiori

2411 4595 2506 4631 usu
2541 4593 2708 4632 sacra:
2751 4580 3045 4646 Scriptura.-
3079 4594 3321 4633 errorem
3361 4578 3621 4633 correxit.
3658 4578 3725 4631 At
3762 4580 3985 4632 fortasse

2406 4670 2665 4737 Origenes
2712 4671 2935 4738 allegata
2980 4670 3145 4725 verba
3202 4672 3380 4725 solum
3433 4671 3658 4739 protulit
3691 4688 3760 4725 ex
3806 4683 3984 4726 mente

2405 4771 2499 4815 aut
2551 4762 2710 4815 dictis
2760 4763 2924 4824 Celsi,
2969 4774 3159 4817 contra
3210 4779 3371 4831 quem
3422 4764 3488 4816 de
3523 4777 3580 4815 re
3616 4764 3845 4816 omnino
3888 4765 3982 4818 alia

2406 4854 2729 4907 disserebat.
2778 4855 2932 4918 Quod
2974 4864 3183 4922 spectat
3232 4854 3295 4907 ad
3335 4853 3725 4907 Heracleonem
3760 4864 3815 4907 et
3849 4855 3981 4907 Cru-

2409 4946 2561 5002 rium.
2598 4946 2968 5013 relinquemus
3016 4945 3120 4998 illis
3151 4945 3469 5012 Opinionem
3503 4962 3657 4997 suam
3703 4943 3979 5013 improbu-

2408 5037 2587 5099 bilern,
2646 5054 2674 5091 a
2730 5040 2894 5093 variis
2946 5040 3053 5107 jam
3111 5040 3425 5099 refutatum,
3478 5049 3530 5090 et
3576 5054 3871 5109 pcrgemus
3920 5040 3979 5092 ad

2407 5128 2565 5179 aliam
2603 5129 3034 5182 controversiam
3071 5132 3241 5200 magis
3273 5130 3608 5198 ambiguam.

2474 5234 2561 5286 95.
2604 5234 2955 5288 Recentimes
2988 5233 3183 5299 Graeci,
3228 5236 3342 5288 sive
3379 5234 3475 5298 illi,
3518 5234 3604 5300 qui
3657 5235 3839 5286 medio
3870 5250 3975 5287 ervo

2406 5326 2728 5391 floruerunt,
2772 5328 2830 5377 S.
2878 5327 3189 5381 Matthaaum
3239 5328 3553 5382 existimant
3596 5324 3824 5377 fratrem
3864 5341 3972 5380 esse

2408 5418 2463 5470 S.
2499 5416 2683 5472 Jacobi
2720 5418 2922 5485 Alphrei
2959 5421 3212 5485 apostoli,
3245 5420 3455 5487 sibique
3489 5417 3736 5471 faventes
3773 5419 3967 5469 habent

2407 5510 2695 5562 nonnullos
2735 5524 2764 5560 e
2801 5508 3093 5571 l’atribus;
3136 5511 3231 5562 sed
3272 5508 3435 5576 aliqui
3481 5509 3744 5573 resistunt
3780 5508 3967 5560 eruditi

2406 5602 2688 5654 neoterici.
2722 5600 3101 5653 llrnschenius
3128 5611 3315 5655 noster
3339 5604 3403 5654 ad
3440 5602 3452 5653 I
3494 5600 3613 5652 Maii
3649 5600 3970 5652 examinavit

2406 5695 2723 5747 Sententiam
2773 5693 3080 5747 Graecorum
3131 5693 3185 5746 in
3240 5692 3296 5747 S.
3335 5693 3558 5754 Jacobo,
3610 5694 3724 5745 sive
3780 5705 3908 5744 tom.
3953 5689 3968 5741 ι

2407 5784 2549 5845 Maii,
2577 5800 2694 5855 pag,
2736 5786 2819 5848 19,
2855 5784 2939 5838 ubi
2976 5800 3070 5852 pro
3109 5785 3194 5837 illa
3231 5789 3500 5839 sententia
3531 5786 3706 5838 laudat
3740 5776 3970 5837 Menoio.

2409 5876 2554 5945 gium
2606 5875 2953 5943 Basilianum,
3004 5873 3364 5944 Synaxarium
3412 5879 3782 5946 pervetustum
3833 5874 3967 5929 Con-
