4150 6520
193 463 296 525 765

1477 473 1646 535 VITA
1689 474 1752 531 S.
1788 473 2172 536 ΜΑΤΤΗᾹΣΙ.

3327 485 3431 551 766

192 585 731 653 stantinopolitanum
753 627 767 650 ,
836 588 1037 643 Meuma
1099 589 1358 660 impressa
1442 601 1530 673 et,
1576 592 1755 646 varios
1784 590 1835 648 Λ
1865 594 2195 659 tinguentem
2226 593 2370 648 inter
2400 603 2645 649 sanctum
2682 593 2873 651 Judatn
2940 595 3269 652 Thaddzeum
3298 615 3432 668 apo-

192 676 409 729 codices
444 692 573 731 mss.
607 676 937 740 Graecorum,
970 679 1211 735 Niretatn
1242 680 1493 735 Davidem
1527 682 1757 751 Paphla-

191 782 410 836 gonem,
473 769 656 821 szeculi
710 784 758 822 ιι
811 772 1152 837 scriptorem,
1197 772 1461 840 aliosque.
1510 772 1760 827 Osrendit

191 869 454 928 pneterea
500 859 946 931 Chrysoslomum
980 873 1034 916 et
1077 864 1478 917 Theodoretum
1513 866 1756 933 ejusdem

191 953 351 1021 plane
391 953 562 1006 videri
595 953 899 1015 sententiae,
938 954 1062 1021 quia
1102 956 1249 1021 prior
1298 955 1438 1007 inter
1484 957 1759 1024 apostolos

191 1055 444 1098 numerat
493 1045 628 1099 duos
676 1046 991 1112 publicanos
1023 1045 1328 1099 Mattlucum
1380 1060 1433 1100 et
1476 1046 1755 1111 Jacobum,

191 1153 313 1191 cutn
349 1147 529 1191 tamen
587 1139 730 1190 nulla
765 1139 833 1191 sit
878 1140 1012 1191 ratio
1073 1155 1170 1193 cur
1212 1140 1455 1193 dicamus
1498 1140 1755 1193 Jacobum

189 1231 395 1298 Alphtei
461 1230 630 1285 fuisse
690 1228 1083 1299 publicanum,
1149 1232 1247 1284 nisi
1305 1231 1447 1300 quod
1513 1230 1759 1288 videatur

190 1321 361 1376 fuisse
423 1323 590 1376 frater
637 1322 912 1385 Blatthwi,
965 1322 1100 1374 alter
1146 1339 1275 1375 vero
1328 1330 1584 1389 utrosque
1628 1324 1758 1375 dicit

190 1413 609 1481 Capharnaitas,
662 1413 804 1479 quod
858 1413 1111 1466 similiter
1149 1414 1291 1465 nulla
1336 1414 1545 1467 ratione
1576 1414 1757 1467 dicere

194 1516 427 1575 poterat,
457 1506 560 1558 nisi
594 1506 915 1561 credidisset
940 1506 1159 1558 fratrem
1199 1505 1454 1569 Matthaei,
1483 1508 1570 1574 qui
1604 1507 1757 1559 habi-

194 1597 338 1649 tabat
375 1596 681 1657 Capharnai
719 1612 731 1647 :
773 1612 950 1664 neque
995 1598 1137 1649 enim
1184 1598 1333 1650 ullihi
1373 1597 1425 1650 in
1464 1597 1758 1675 Scriptttris

191 1689 411 1751 dicitur,
442 1688 530 1742 ttbi
564 1700 723 1742 natus
757 1690 921 1743 fuerit
957 1689 1196 1745 Jacobus
1227 1692 1452 1761 Alphaei,
1484 1703 1577 1745 aut
1604 1694 1758 1759 quale

187 1780 424 1835 cilicium
485 1792 611 1836 ante
654 1784 1015 1850 apostolatutn
1064 1784 1308 1853 gesserit.
1358 1784 1758 1853 [’apebroehius

189 1883 399 1932 noster,
438 1882 572 1926 tom.
608 1871 670 1926 νι
712 1873 831 1926 Maii
874 1873 926 1925 in
966 1874 1212 1941 Alpium,
1267 1890 1428 1943 quem
1474 1876 1757 1943 utriusque

186 1973 398 2031 patrem
431 1965 639 2022 statuit.
674 1980 791 2031 pag.
822 1964 944 2021 35$,
980 1965 1222 2015 eamdem
1259 1966 1539 2032 amplexus
1566 1977 1647 2017 est
1706 1977 1759 2017 et

186 2056 537 2108 confirmavit
571 2059 918 2107 sententiam.
960 2053 1114 2109 Ratio
1145 2054 1454 2110 Gra'corum
1489 2056 1630 2108 haud
1659 2056 1759 2109 du-

188 2151 275 2203 bie
321 2158 424 2204 est.
456 2148 597 2216 quod
644 2146 882 2201 Jacobus
934 2164 1085 2217 mque
1127 2164 1188 2202 ac
1233 2148 1516 2203 Matthacus
1551 2159 1757 2216 patrem

187 2240 441 2292 habuerit
497 2240 797 2309 Alphzcutn,
860 2255 961 2294 nec
1030 2241 1135 2293 ulla
1194 2239 1268 2293 sit
1326 2242 1464 2295 ratio
1519 2238 1760 2303 dieendi,

183 2330 351 2383 alium
406 2330 574 2385 fuisse
610 2332 888 2399 Alphrcum
926 2343 1134 2400 patrem
1168 2332 1425 2398 Matthmi,
1470 2334 1632 2387 alium
1665 2349 1762 2402 pa-

185 2433 326 2476 trem
378 2422 588 2479 Jacobi.
640 2424 1028 2477 Ttllemontius
1082 2425 1134 2477 in
1197 2424 1447 2479 Matthazo
1496 2426 1760 2495 agnoscit,

182 2512 658 2583 Chrysostomum,
689 2513 1117 2574 Theodoretum,
1156 2517 1591 2584 recentioresque
1615 2516 1764 2570 Grae-

183 2622 282 2661 cos
356 2620 550 2658 omnes
601 2608 653 2657 in
717 2621 835 2657 eam
891 2607 1233 2673 conspirasse
1293 2610 1646 2669 sententiam,
1708 2617 1764 2660 ut

186 2696 288 2751 SS.
336 2697 649 2751 Matlbmum
688 2708 743 2751 et
790 2697 1048 2752 Jacobum
1081 2698 1283 2760 Alphzei
1337 2699 1529 2751 fratres
1573 2698 1761 2750 crede-

187 2801 330 2851 rent,
360 2791 485 2859 quia
521 2791 680 2844 ambo
714 2791 969 2844 dicuntur
998 2790 1197 2860 Alphaei
1253 2791 1434 2859 utique
1461 2790 1571 2843 filii.
1599 2791 1762 2843 Asse-

189 2882 258 2935 rit
288 2892 470 2935 tamen
505 2882 770 2936 Laconica
821 2883 1107 2944 brevitate,
1145 2884 1345 2935 nullam
1379 2900 1437 2936 ea
1473 2883 1523 2936 in
1560 2900 1616 2936 re
1645 2898 1764 2937 esse

186 2973 301 3025 veri
360 2974 625 3040 speciem.
682 2973 1011 3025 Tilletnontii
1066 2972 1446 3027 Laconismum
1487 2971 1766 3040 adoptavit

186 3064 468 3118 Calmettts
524 3064 680 3116 initio
740 3065 1071 3131 praefationis
1122 3080 1234 3117 sua:
1296 3065 1346 3116 in
1412 3065 1761 3129 Matlhaum,

189 3158 378 3211 eadem
414 3156 575 3224 plane
608 3156 816 3219 dicens,
852 3168 905 3209 et
936 3156 1112 3207 locum
1139 3154 1329 3225 Operis
1361 3158 1531 3208 nostri
1574 3157 1762 3211 vitiose

1858 686 2089 763 stolum,
2114 684 2383 740 etJudatn
2422 686 2641 741 fratrem
2669 685 2855 742 Jacobi
2898 690 3146 745 minoris.
3188 690 3241 744 Si
3279 707 3344 745 eo
3376 694 3428 747 in

1862 776 1977 830 loco
2024 777 2199 830 visum
2254 785 2337 832 eSt
2388 789 2769 848 argumentum
2822 780 3073 834 idoneum
3130 792 3184 835 et
3228 785 3428 837 sumini

1861 868 2138 930 momenti,
2162 867 2256 921 ubi
2295 880 2473 921 tamen
2512 884 2616 921 non
2648 870 2877 932 valebat,
2917 869 3038 938 quia
3068 868 3432 923 adhibebatur
3494 938 3495 941 η

1863 960 1927 1013 ad
1980 959 2196 1012 fratrem
2245 960 2656 1028 inquirendum,
2702 976 2811 1013 non
2860 961 3089 1015 debebat
3124 961 3211 1014 hic
3258 961 3427 1015 videri

1861 1067 2053 1107 carens
2082 1054 2262 1120 specie
2299 1053 2434 1115 veri,
2478 1069 2601 1106 cum
2653 1054 2943 1107 adhibetur
2985 1054 3049 1107 ad
3082 1066 3427 1107 communem

1862 1145 2144 1213 utriusque
2182 1156 2388 1213 patrem
2426 1147 2859 1214 investigandum
2895 1163 2907 1200 :
2944 1157 3096 1214 pater
3124 1147 3266 1199 enim
3309 1147 3429 1199 iStis

1862 1240 2237 1303 cognomentis
2274 1237 2324 1289 iu
2357 1237 2593 1307 genitivo
2631 1238 2822 1305 positis
2855 1238 2992 1290 solet
3015 1238 3332 1305 significari,
3372 1246 3431 1291 ut

1864 1327 2051 1380 Simon
2104 1326 2350 1392 Joannis,
2432 1330 2483 1383 id
2542 1338 2624 1382 est
2684 1329 2825 1384 lilius
2885 1326 3142 1391 Joannis,
3194 1328 3430 1384 .lacobus

1861 1420 2127 1479 Zebedzci,
2162 1419 2211 1472 id
2258 1431 2341 1473 est
2394 1422 2531 1473 filius
2575 1420 2839 1479 Zehcdaei,
2913 1436 3023 1473 non
3075 1420 3281 1485 frater;
3338 1429 3430 1474 aut

1860 1517 2007 1561 certe
2050 1523 2157 1560 non
2201 1510 2456 1576 produxit
2496 1510 2872 1564 Tillemonlius
2907 1509 3073 1562 ullum
3121 1507 3427 1575 exetnplum

1861 1597 2045 1650 fratris
2077 1611 2171 1664 per
2203 1597 2314 1649 tale
2343 1612 2646 1666 cognomen
2687 1600 2927 1652 indicati.

1928 1688 2018 1741 ΞΤ.
2062 1689 2247 1756 Itaque
2308 1688 2533 1741 minime
2564 1691 3020 1742 contemnendum
3063 1689 3233 1743 videri
3269 1689 3433 1742 debet

1863 1791 2290 1851 argumentum:
2345 1795 2445 1833 nec
2469 1780 2654 1841 credo,
2708 1780 2811 1833 tale
2853 1780 3026 1833 visum
3078 1796 3204 1834 esse
3268 1780 3432 1834 'fille-

1863 1877 2088 1929 tnoutio.
2123 1878 2189 1928 At
2222 1875 2410 1928 habuit
2436 1874 2595 1927 aliam
2653 1874 2915 1926 rationem
2946 1871 3201 1941 negandi,
3237 1870 3431 1924 fratres

1866 1967 2032 2021 fuisse
2060 1967 2364 2020 Matthaeum
2406 1976 2460 2020 et
2513 1965 2781 2023 Jacobum
2817 1965 3041 2033 Alpluei,
3092 1979 3339 2033 eamque,
3376 1976 3435 2016 ut

1862 2060 2133 2115 existimo.
2168 2059 2338 2111 noluit
2360 2060 2617 2111 indicare.
2644 2056 3012 2117 Sustinuerat,
3038 2066 3225 2108 contra
3248 2066 3433 2108 aucto-

1864 2151 2078 2223 ritatem
2113 2152 2496 2219 plerorumque
2524 2148 2764 2209 Patrum,
2800 2158 2854 2199 et
2885 2156 3072 2199 contra
3098 2147 3229 2200 satis
3262 2147 3427 2206 clara,

1865 2254 1924 2298 ut
1954 2244 2193 2309 videtur,
2239 2259 2408 2296 sacra:
2444 2242 2745 2311 Scriptum.
2796 2250 3138 2311 argumenta,
3171 2239 3432 2293 Jacobum

1863 2337 2067 2405 Alpinci
2103 2336 2355 2389 eumdem
2412 2349 2532 2387 esse
2582 2350 2702 2388 cum
2744 2332 2946 2386 Jacobo
2983 2333 3147 2386 fratre
3199 2331 3435 2386 Domini.

1864 2427 2042 2492 Quare
2071 2442 2189 2479 cum
2226 2434 2435 2478 certum
2470 2425 2559 2486 sit,
2588 2423 2900 2478 Mattltaunt
2931 2440 3037 2476 non
3060 2439 3179 2476 esse
3212 2424 3434 2476 fratrem

1863 2516 2048 2571 Jacobi
2092 2517 2271 2569 fratris
2297 2515 2530 2575 Domini,
2561 2529 2669 2567 non
2712 2522 2927 2582 potet-at
2971 2513 3201 2581 amplius
3232 2512 3434 2575 dicere,

1865 2608 2085 2661 fratrem
2114 2621 2231 2659 esse
2280 2602 2459 2659 Jacobi
2496 2603 2735 2672 Alphazi;
2784 2604 3018 2672 ideoque
3058 2604 3245 2656 maluit
3276 2619 3439 2673 argu-

1865 2708 2048 2752 menta
2134 2696 2461 2748 Henschenii
2525 2697 2880 2764 contemptim
2949 2697 3222 2762 abjicere,
3277 2712 3436 2764 quant

1864 2788 2060 2843 dillicili
2098 2800 2360 2854 reSponso
2385 2786 2449 2837 iis
2483 2783 2820 2836 satisfacere.
2871 2783 3071 2838 Verum
3121 2787 3261 2837 illam
3293 2802 3441 2853 (μυε-

1870 2878 2101 2935 Stionem
2142 2886 2253 2929 tum
2302 2876 2400 2927 hac
2455 2874 2521 2925 de
2562 2887 2747 2933 causa,
2781 2882 2892 2924 tum
2931 2874 2998 2925 ob
3032 2872 3088 2924 S.
3145 2872 3439 2940 CleOpham

1866 2986 1989 3026 cum
2023 2971 2211 3023 eadem
2245 2983 2576 3029 connexum,
2605 2965 2917 3020 examinari
2957 2966 3012 3018 in
3047 2958 3440 3019 Dissertatione

1864 3065 2088 3132 prwvia,
2122 3064 2394 3129 credoque
2456 3076 2541 3112 tne
2592 3060 2722 3112 satis
2757 3060 3059 3113 ostendisse
3113 3058 3440 3112 sententiam

1867 3154 2198 3210 Tilletnontii
2233 3167 2331 3205 nec
2355 3166 2478 3203 cum
2509 3150 2681 3202 sacris
2702 3149 2924 3203 Litteris
2959 3150 3233 3203 conciliari
3258 3164 3437 3215 posse,

188 3250 527 3317 assignatum
562 3247 702 3315 apud
730 3247 1158 3313 'l‘illemontium,
1191 3250 1379 3301 eodem
1418 3250 1575 3316 plane
1602 3248 1761 3300 modo
1792 3276 1833 3330 ο
1867 3258 1920 3302 et
1970 3246 2221 3299 Patrihus
2254 3252 2404 3298 certo
2433 3242 2759 3296 contrariam
2792 3256 2932 3304 esse,
2997 3257 3064 3295 ne
3108 3240 3240 3294 nihil
3280 3235 3440 3311 plane

188 3338 495 3406 assignans,
523 3346 673 3389 utne
708 3337 899 3406 legisse
922 3338 1141 3405 quidem
1170 3338 1415 3390 videatur
1442 3348 1759 3406 argumenta

189 3427 523 3481 Henschenii
552 3426 602 3478 in
632 3425 809 3495 Opere
848 3439 1056 3482 nostro.

254 3519 347 3572 26.
405 3520 462 3571 Si
526 3520 712 3573 eadem
767 3522 1035 3575 brevitate
1092 3521 1302 3586 dixero,
1354 3523 1590 3592 ineptam
1643 3537 1763 3577 esse

187 3614 345 3668 istam
380 3611 713 3667 Tillemontii
741 3614 947 3674 crisim,
970 3630 1132 3681 quam
1164 3614 1440 3683 adoptavit
1468 3614 1760 3678 Caltnetus,

187 3704 374 3756 nullus
404 3704 455 3757 id
485 3720 625 3771 aagre
651 3704 790 3756 ferre
819 3704 1038 3770 poterit,
1066 3704 1208 3769 quia,
1232 3703 1371 3753 sicut
1392 3702 1571 3769 Opinio
1596 3703 1764 3769 majo-

190 3811 308 3849 rum
335 3804 653 3848 nostrorum
688 3791 797 3844 visa
817 3802 900 3844 est
923 3792 1022 3859 ipsi
1050 3806 1232 3844 carere
1254 3792 1363 3844 veri
1394 3790 1593 3858 specie.
1619 3791 1687 3843 ita
1711 3800 1764 3844 et

190 3889 323 3942 mihi
358 3894 635 3940 assertum
678 3884 820 3938 istud
855 3883 1001 3937 omni
1040 3884 1257 3937 videtur
1296 3884 1506 3936 ratione
1534 3883 1765 3937 destitu-

192 3991 324 4039 tum,
386 3980 623 4045 ideoque
665 3978 1091 4043 ineptissimum.
1142 3973 1314 4027 Nolim
1365 3985 1541 4027 tamen
1588 3975 1761 4027 solum

187 4074 393 4132 dicere,
436 4081 491 4122 et
523 4069 657 4121 nihil
704 4070 954 4137 probare.
998 4068 1174 4132 Quare
1208 4067 1445 4120 rationes
1491 4068 1650 4118 latius
1686 4066 1764 4119 vi-

188 4164 399 4217 deodas
430 4161 567 4214 locis
595 4176 756 4230 supra
794 4159 954 4213 dictis
986 4158 1225 4212 breviter
1254 4160 1486 4226 explico.
1516 4157 1765 4211 Admittit

189 4254 602 4317 Tilletnontius,
664 4267 854 4306 saneto
900 4252 1150 4305 Malthaco
1206 4268 1501 4320 cognomen
1558 4252 1762 4319 Alphtei

190 4358 309 4400 esse
343 4344 719 4398 verisimiliter
748 4359 775 4395 a
811 4353 985 4409 patre.
1018 4340 1255 4394 Jacobtts
1284 4352 1463 4395 autem
1490 4341 1542 4394 in
1585 4342 1763 4394 otnni-

192 4441 295 4491 bus
330 4446 571 4506 quatuor
619 4435 988 4502 apostolorum
1028 4434 1303 4503 catalogis,
1353 4434 1402 4487 id
1434 4444 1538 4499 est,
1571 4434 1759 4486 Matth.

192 4548 244 4591 tt,
271 4529 438 4581 Marc.
472 4538 553 4585 tu,
581 4526 711 4580 Luc.
745 4544 819 4589 νι,
853 4532 1038 4581 etAct.
1071 4539 1424 4581 [constanter
1455 4528 1764 4580 nominatur

1868 3355 1931 3395 ex
1962 3340 2047 3392 illa
2093 3338 2281 3392 haberi
2316 3338 2484 3406 possit
2520 3347 2707 3390 contra
2748 3335 3165 3402 germanilarem
3202 3335 3439 3388 Mattha-i

1869 3442 1923 3483 et
1974 3429 2183 3483 Jacobi.
2216 3429 2412 3492 Quaero
2479 3428 2659 3493 itaque
2720 3430 2987 3482 rationem
3050 3430 3298 3481 idoneam
3346 3444 3442 3481 cur

1872 3524 2065 3578 fratres
2093 3537 2215 3576 esse
2242 3529 2516 3587 nequeant
2545 3518 2832 3572 Matth-mus
2862 3530 2915 3574 et
2943 3520 3179 3573 Jacobus
3205 3520 3434 3587 Alphaei,

1871 3625 1923 3670 et
1976 3614 2177 3667 nullam
2239 3615 2398 3681 plane
2452 3611 2690 3664 invenio.
2733 3611 2945 3665 Etenim
3000 3625 3123 3664 cum
3155 3609 3439 3665 Matutam!

1871 3703 2179 3757 convivium
2205 3702 2425 3756 Christo
2442 3703 2796 3764 exstruxerit,
2834 3703 2920 3755 cui
2953 3716 3075 3756 cum
3127 3702 3313 3755 multis
3338 3718 3441 3770 pu-

1874 3795 2101 3849 blicanls
2152 3796 2421 3849 interesse
2458 3795 2709 3864 dignatus
2745 3803 2828 3848 est
2860 3794 3158 3860 Dominus;
3200 3797 3331 3849 satis
3357 3804 3441 3849 est

1876 3887 2190 3946 verisimile,
2232 3888 2494 3952 quosdam
2526 3902 2585 3937 cx
2618 3884 2861 3937 convivis
2910 3885 3075 3938 fuisse
3122 3900 3437 3949 conversos,

1873 3984 1928 4027 et
1956 3977 2020 4028 ad
2055 3974 2260 4028 Christi
2309 3975 2691 4043 discipulatuni
2742 3986 3062 4043 pertractos,
3104 3986 3159 4029 et
3194 3979 3440 4030 nomina.

1876 4066 1967 4121 tim
2016 4066 2274 4120 Jacobunt
2318 4066 2523 4134 Alpltwi
2570 4081 2629 4117 ea
2679 4066 2965 4118 occasione
3000 4077 3268 4120 secutum.
3300 4062 3442 4120 Mur-

1875 4159 2213 4211 tnurantibus
2264 4158 2330 4211 de
2385 4157 2474 4210 illo
2526 4156 2777 4210 convivio
2813 4154 3100 4209 Pharisasis
3160 4160 3440 4225 restiondit

1871 4249 2117 4302 Christus
2144 4264 2157 4300 :
2188 4267 2204 4297 t
2232 4246 2349 4301 Non
2369 4250 2491 4301 veni
2514 4263 2705 4301 vocare
2723 4251 2921 4315 justos,
2937 4249 3027 4302 sed
3056 4260 3387 4317 peccatores.
3414 4267 3433 4299 ι

1870 4341 1979 4396 Cur
2013 4342 2175 4410 igitur
2206 4341 2469 4409 suspicari
2511 4356 2618 4392 non
2653 4356 2971 4408 possumus,
3016 4343 3069 4393 in
3126 4343 3217 4395 illo
3248 4342 3439 4396 convi-

1873 4436 1960 4488 vio
1984 4443 2078 4487 aut
2103 4434 2246 4487 illius
2268 4434 2554 4487 occasione
2600 4444 2852 4484 vocatum
2898 4447 3017 4485 esse
3046 4431 3307 4486 Jacobum
3347 4434 3440 4486 Al-

1872 4527 2033 4595 phzei,
2067 4527 2155 4594 qui
2206 4526 2257 4577 in
2310 4524 2554 4593 cataIOgo
2603 4527 2973 4592 apostolorum
3012 4524 3198 4578 Matth.
3247 4542 3275 4578 ι
3326 4536 3438 4580 sla-

191 4619 429 4674 Jacobus
482 4617 713 4686 Alpltaci,
771 4633 872 4671 nec
929 4633 1163 4683 unquam
1221 4618 1272 4669 in
1318 4616 1485 4669 sacris
1546 4614 1765 4669 Litteris
1798 4627 1844 4685 ι)
1874 4622 1967 4673 tim
2001 4629 2119 4687 post
2153 4618 2460 4671 Matthaeum
2486 4618 2755 4684 sequitur,
2784 4620 3242 4685 quemadmodum
3272 4618 3437 4672 etiam

192 4713 299 4766 alio
343 4710 569 4766 nomine
618 4710 952 4777 designatur.
1000 4705 1172 4760 Velim
1236 4708 1397 4761 modo
1444 4708 1585 4761 scire
1627 4709 1768 4762 unde

192 4802 405 4872 Alphrei
445 4816 643 4853 nomen
670 4808 775 4851 tam
808 4807 1121 4852 constanter
1156 4798 1346 4852 habeat
1377 4797 1635 4860 Jacobus,
1662 4798 1767 4851 nisi

192 4910 219 4949 a
256 4904 433 4964 patre.
478 4892 639 4945 Certe
688 4890 832 4943 nulla
885 4890 1021 4943 ratio
1066 4890 1281 4944 dabitur
1329 4891 1519 4943 idonea
1568 4901 1766 4958 pra-ter

196 4985 357 5039 hanc.
391 4985 514 5039 Jam
556 5000 680 5037 vero
707 4985 952 5040 adverto,
1000 4982 1206 5050 Alphaai
1251 4997 1449 5035 nomen
1485 4982 1670 5036 nullibi
1712 4983 1765 5036 itt

194 5077 366 5129 sacris
404 5074 626 5127 Litteris
662 5074 909 5142 reperiri,
949 5073 1047 5125 nisi
1088 5074 1176 5126 ubi
1211 5073 1386 5141 agitur
1421 5074 1486 5126 de
1518 5074 1768 5126 Matthaeo

192 5178 285 5222 aut
323 5165 549 5226 Jacoho,
611 5174 667 5216 ut
708 5166 931 5218 minime
986 5163 1167 5216 dicere
1218 5167 1510 5231 possimus,
1569 5180 1768 5218 nomen

192 5263 365 5315 fuisse
417 5257 603 5311 multis
639 5271 932 5310 commune
980 5274 991 5309 :
1041 5266 1095 5309 et
1140 5257 1238 5308 hac
1281 5259 1347 5309 de
1393 5272 1556 5309 causa
1616 5268 1769 5311 tanto

191 5352 549 5411 uerisimilius
576 5361 677 5411 est,
704 5351 952 5401 eumdem
985 5352 1149 5403 fuisse
1175 5350 1474 5419 Alpina-um,
1504 5352 1594 5418 qui
1623 5364 1771 5421 pater

189 5454 307 5498 erat
347 5441 584 5496 Mattba’i
614 5451 667 5493 et
692 5440 902 5503 Jacohi,
952 5453 1110 5508 prout
1146 5443 1315 5495 Cra-ci
1353 5458 1543 5495 omnes
1580 5445 1770 5497 existi-

192 5547 343 5591 mant
387 5549 508 5603 post
553 5534 998 5601 Chrysostomum
1054 5545 1105 5587 et
1141 5535 1563 5589 'l'heodoretum.
1617 5534 1770 5588 Ratio

191 5632 278 5686 illa
322 5643 389 5680 ex
449 5629 733 5693 utriusque
786 5628 1106 5692 cognomine
1162 5628 1325 5694 petita
1378 5644 1485 5681 non
1540 5628 1770 5682 debebat

188 5736 340 5778 certe
384 5731 495 5771 tam
535 5719 821 5773 imbecillis
849 5717 1017 5775 videri
1050 5720 1413 5780 ’l'illetuontio,
1461 5722 1549 5789 qui
1578 5721 1767 5774 eadem

190 5819 267 5870 uti
325 5811 500 5866 voluit
550 5822 674 5864 nota
719 5813 753 5864 ’Ξ
795 5813 845 5864 in
880 5821 1128 5865 sanctum
1187 5812 1378 5869 Judam
1420 5812 1629 5876 Jacobi,
1675 5826 1769 5868 aut

189 5908 555 5967 Thaddaeum,
587 5902 675 5961 ubi
706 5904 918 5961 disserit
952 5914 1136 5959 contra
1157 5903 1619 5976 Chrysostomum,
1655 5908 1764 5961 dis-

1877 4714 1934 4766 lit
1964 4717 2080 4765 Act.
2113 4728 2125 4764 ι
2154 4711 2176 4763 ?
2216 4711 2270 4763 In
2292 4710 2504 4763 duobus
2536 4709 2655 4761 aliis
2686 4710 2944 4776 catalogis
2976 4710 3212 4762 'l‘homas
3248 4711 3314 4762 iis
3352 4711 3437 4763 in-

1872 4804 2174 4873 terponitur
2205 4804 2369 4855 solus.
2404 4801 2588 4867 Itaque
2616 4800 2816 4864 ubique
2853 4801 2904 4852 in
2934 4800 3192 4864 catalogis
3217 4813 3441 4871 aposto-

1872 4896 2042 4948 lorum
2101 4892 2336 4947 Jacobus
2390 4888 2598 4959 Alphei
2644 4894 2889 4958 sequitur
2948 4908 3055 4945 non
3106 4893 3264 4961 longe
3321 4902 3441 4962 post

1874 4986 2208 5045 Matthzettnt,
2267 4992 2327 5036 ut
2379 4982 2831 5035 verisimillimutn
2876 4982 2966 5035 liat
3021 4980 3279 5035 Jacohum
3333 4998 3440 5035 non

1873 5080 1961 5131 ditt
1991 5086 2113 5144 post
2142 5076 2448 5129 Matthaeum
2476 5090 2503 5125 a
2534 5073 2751 5127 Christo
2799 5076 2863 5125 ad
2897 5075 3233 5141 sequendum
3269 5074 3439 5127 fuisse

1874 5183 2143 5225 νυοθιυιιι.

1942 5264 2034 5316 ‘28.
2070 5265 2221 5316 Dicet
2257 5264 2485 5319 fortasse
2522 5281 2817 5328 nonnemo,
2858 5265 3162 5317 Matthzrutn
3196 5271 3251 5315 et
3282 5258 3429 5313 Jaco-

1875 5357 2002 5411 bum
2041 5357 2249 5421 Alplnei
2288 5357 2482 5411 nullibi
2548 5359 2600 5410 in
2667 5357 2956 5424 Evangelio
2997 5354 3188 5407 fratres
3235 5348 3438 5412 vocari,

1876 5458 2033 5516 prout
2066 5446 2260 5501 fratres
2306 5450 2534 5501 subinde
2566 5460 2825 5503 vocantur
2856 5450 3045 5500 Petrus
3082 5456 3134 5497 et
3172 5445 3437 5502 Andreas,

1871 5540 2108 5593 Joannes
2142 5540 2471 5592 etJacobus.
2530 5540 2725 5592 Verum
2761 5541 2810 5591 id
2842 5538 3031 5604 nequit
3081 5535 3239 5601 ohjici
3269 5549 3297 5585 a
3331 5532 3441 5583 Til-

1873 5629 2128 5685 letnontio
2179 5641 2232 5683 et
2277 5633 2539 5690 (lalmcto,
2594 5646 2692 5683 nec
2756 5629 2825 5680 ab
2870 5630 2990 5679 ullis
3046 5626 3133 5693 qui
3175 5623 3435 5676 Jacobum

1873 5720 2081 5789 Alpha-zi
2141 5722 2330 5777 dicunt
2371 5721 2595 5775 fratrem
2659 5720 2807 5772 .lud7c
2856 5717 3133 5770 Thaddaei.
3172 5715 3227 5767 Si
3287 5713 3432 5767 enim

1871 5814 2116 5876 credant,
2147 5815 2244 5867 hos
2291 5812 2485 5866 fratres
2516 5828 2633 5866 esse
2676 5813 2940 5880 potuisse,
2982 5806 3196 5862 etiarnsi
3240 5806 3291 5857 in
3341 5819 3431 5858 ca-

1871 5902 2059 5973 ιεδΙοδίε
2108 5904 2474 5973 apostolorum
2535 5918 2813 5973 nunquam
2870 5902 3069 5957 fratres
3135 5904 3429 5953 vocentur:
