4150 6464
741 406 842 475 767

751 613 915 684 ριιωί.
949 612 1064 669 lmo
1097 630 1204 668 non
1243 613 1414 667 deerit
1464 611 1630 674 ratio,
1678 626 1781 678 qua
1814 609 2005 662 horum
2042 605 2318 675 germani-

750 713 915 756 tatem
973 703 1226 757 omittere
1283 701 1557 772 potuerint
1610 697 1976 767 evangelistee.
2016 694 2146 748 Nam
2181 695 2316 748 Mat-

749 797 927 850 thaeus
967 809 1030 849 ex
1071 795 1294 864 proprio
1322 791 1612 861 Evangelio
1652 801 1816 844 notus
1848 798 1984 853 erat,
2042 796 2100 842 ut
2139 786 2318 856 publi-

746 902 936 942 canus.
1006 886 1183 954 Quare
1255 888 1300 940 si
1360 886 1704 955 evangelista:
1771 881 2030 937 Jacobum
2106 877 2314 948 Alplnri

743 978 1012 1034 dixissent
1083 979 1320 1033 Matthxi
1395 977 1639 1040 fratrem,
1714 976 2088 1030 insinuassent
2151 970 2316 1025 simul

747 1071 1102 1138 publicanum
1162 1071 1355 1132 fuisse,
1410 1078 1503 1124 aut
1550 1080 1697 1124 certe
1739 1067 2007 1136 publicani
2071 1065 2317 1119 fratrem.

744 1162 928 1229 Atqui.
961 1163 1395 1217 utobservarunt
1416 1163 1838 1231 Chrysostonius
1858 1170 1907 1212 et
1936 1157 2315 1226 Hieronymus,

747 1251 958 1307 Marcus
1014 1263 1068 1307 et
1115 1251 1313 1314 Lucas,
1365 1253 1582 1321 quando
1623 1259 1846 1305 narrant
1897 1249 2125 1302 Mattliaei
2156 1263 2318 1302 voca-

744 1349 972 1408 lioneni,
1004 1346 1180 1412 ipsum
1211 1344 1335 1398 Levi
1362 1356 1580 1414 vocant,
1617 1360 1685 1397 ne
1719 1345 1978 1401 indicent.
2005 1340 2314 1395 Matthtcum

745 1436 916 1493 fuisse
976 1439 1351 1506 publicanum.
1437 1437 1546 1489 Cur
1613 1437 1777 1506 igitur
1847 1451 1954 1489 non
2024 1444 2319 1501 potuerunt

746 1546 939 1583 omnes
966 1531 1031 1583 de
1079 1532 1281 1584 honore
1307 1529 1475 1583 sancti
1499 1527 1684 1581 Jacobi
1720 1527 1924 1596 Alphmi
1969 1543 2123 1595 aeque
2150 1527 2316 1580 fuisse

745 1622 986 1681 solliciti,
1040 1622 1274 1690 ideoque
1318 1621 1476 1674 silere.
1526 1621 1746 1674 fratrem
1788 1620 1956 1673 fuisse
2009 1617 2319 1681 publicani?

745 1709 1024 1765 Sententia
1053 1714 1217 1784 igitur
1257 1711 1661 1782 Chrysostomi,
1690 1710 2018 1764 Theodoreti
2057 1719 2111 1763 et
2149 1709 2315 1763 totius

741 1803 1056 1857 ercorum
1109 1803 1386 1867 Ecclesia,
1459 1805 1592 1856 mihi
1664 1803 1954 1854 admodum
2007 1801 2317 1854 verisimilis

1974 402 2258 466 MENSIS
2296 401 2764 463 SEPTEMBER.

747 521 1024 578 immerito
1052 524 1192 580 idem
1227 525 1500 592 negabunt
1531 522 1598 578 de
1626 521 1880 575 Matthzeo
1907 528 1963 573 et
1989 517 2192 574 Jacobo
2226 516 2319 568 ΑΙ-
2350 519 2390 571 Α
2423 515 2522 568 bus
2595 514 2984 583 apostolorum.

3891 399 3996 462 768

3072 511 3226 570 Varia
3304 521 3484 570 tamen
3531 512 3861 567 referuntur
3929 512 3994 565 de

2421 603 2682 672 apostolis
2733 603 2988 657 omnibus
3014 604 3338 674 generatim,
3371 601 3794 669 videlicetquod
3827 598 3992 651 Chri-

2418 706 2534 750 stus
2557 695 2703 763 ipsos
2731 694 3015 748 donaverit
3043 682 3308 762 potestate
3359 694 3664 763 expellendi
3703 693 3990 746 daemones

2420 788 2769 853 infirmusque
2791 788 3043 851 sanandi,
3069 802 3130 840 ac
3163 788 3432 854 praeclaris
3459 788 3758 840 instructos
3814 784 3993 838 moni-

2423 878 2513 937 tis.
2541 878 2605 929 ad
2644 877 3046 946 przcdicandum
3107 893 3202 945 per
3259 876 3498 930 Juda'am
3545 877 3803 938 miserit;
3850 875 3988 940 quod

2420 967 2474 1020 in
2506 968 2690 1020 ultima
2721 984 2874 1022 ctrina
2913 984 3035 1020 cum
3075 968 3292 1022 Christo
3326 969 3546 1028 fuerint,
3605 967 3990 1032 exiverinlque

2421 1060 2485 1112 ad
2517 1060 2695 1112 villam
2729 1060 3102 1120 Gethseniani,
3154 1070 3208 1114 et
3247 1060 3462 1122 deinde,
3507 1074 3571 1111 eo
3621 1069 3806 1126 capto.
3846 1058 3990 1123 fuge-

2423 1152 2552 1213 rint,
2587 1152 2727 1220 quod
2776 1151 3054 1204 Christum
3102 1153 3270 1205 variis
3327 1151 3534 1204 vicibus
3575 1151 3818 1203 viderint
3872 1160 3989 1217 post

2420 1245 2904 1306 resurrectionem,
2930 1255 2983 1295 et
3011 1246 3227 1296 demum
3278 1245 3330 1296 in
3363 1244 3557 1298 caelum
3587 1242 3987 1296 ascendentem

2421 1335 2830 1402 conspexerint,
2860 1334 3003 1402 quod
3038 1335 3367 1387 unanimiter
3407 1336 3456 1386 in
3498 1335 3749 1389 oratione
3800 1350 3986 1403 perse-

2418 1426 2873 1478 veraverintcum
2895 1426 3060 1478 Maria
3096 1425 3263 1479 Matre
3299 1425 3390 1478 Dei
3411 1436 3467 1478 et
3491 1426 3610 1478 aliis
3632 1425 3987 1492 quibusdam,

2421 1518 2508 1569 tibi
2563 1526 2617 1569 et
2658 1515 2888 1570 Mathias
2935 1515 3089 1569 Judae
3146 1517 3495 1577 substitutus,
3562 1517 3740 1570 donec
3794 1517 3991 1568 ibidem

2419 1607 2678 1676 Spiritum
2710 1619 2955 1662 sanctum
2989 1608 3324 1674 acceperint.
3360 1606 3484 1660 Haec
3549 1616 3702 1660 certo
3736 1607 3806 1659 de
3862 1621 3992 1673 apo-

2421 1699 2576 1753 stolis
2611 1698 2910 1765 generatim
2962 1706 3274 1760 narrantur,
3312 1705 3364 1747 et
3399 1697 3465 1750 de
3497 1705 3686 1749 sancto
3743 1695 3991 1749 Mattiaco

2422 1806 2546 1844 vera
2579 1801 2724 1843 sunt.
2753 1789 2840 1843 Sic
2873 1789 3084 1844 videtur
3107 1792 3171 1842 de
3210 1789 3463 1842 omnibus
3509 1789 3769 1856 apostolis
3813 1790 3936 1842 Act.
3965 1803 3990 1840 v

740 1905 969 1962 ερρκι-ρι
1011 1897 1402 1963 “probamus.
1437 1909 1558 1948 cum
1596 1894 1721 1960 quia
1761 1893 1933 1946 solido
1990 1894 2183 1946 nititur
2231 1907 2318 1944 ar-
2353 1857 2389 1910 Β
2422 1882 2650 1943 narrari,
2679 1882 2882 1935 carceri
2919 1880 3149 1935 infectos
3195 1880 3360 1935 fuisse
3392 1895 3420 1933 a
3463 1879 3712 1948 principe
3739 1881 3993 1933 sacerdo-

741 1995 1002 2051 gumento
1031 1999 1095 2038 ex
1146 1985 1427 2051 utriusque
1477 1985 1710 2053 apostoli
1745 1986 2069 2052 cognomine
2101 1983 2311 2052 Alphaei

740 2074 996 2136 deducto,
1034 2085 1146 2128 tum
1186 2076 1310 2144 quia
1355 2075 1530 2128 nullas
1564 2075 1764 2143 patitur
1793 2073 2155 2127 difficultates.
2198 2074 2318 2126 Cal-

743 2175 921 2218 metus
953 2165 1173 2233 quidem
1217 2168 1269 2219 in
1309 2164 1644 2218 Dictlonario
1687 2161 1892 2217 Biblico
1941 2165 2078 2216 duos
2131 2165 2318 2218 statuit

741 2254 1019 2325 Alpheos,
1054 2256 1283 2309 alterum
1334 2256 1501 2308 sancti
1544 2254 1776 2308 Matthzei
1807 2264 2037 2324 patrem,
2083 2255 2311 2308 alterum

742 2359 948 2416 patrem
990 2348 1046 2402 S.
1079 2348 1263 2402 Jacobi
1298 2348 1528 2416 Alpheal,
1551 2362 1786 2416 eumque
1813 2348 1927 2400 vult
1957 2349 2062 2400 alio
2091 2349 2313 2401 nomine

741 2441 1034 2505 Cleoiiham
1071 2442 1296 2494 dictum.
1330 2441 1397 2494 At
1424 2440 1748 2508 respondeo,
1805 2441 2008 2492 nullam
2066 2454 2186 2492 esse
2217 2454 2303 2492 ne-

740 2532 1053 2585 cessitatem
1104 2530 1379 2584 statuendi
1411 2529 1551 2584 duos
1603 2529 1877 2598 Alpheos,
1937 2537 2032 2582 aut
2075 2528 2313 2590 dicendi,

738 2621 1035 2690 Cleopham
1075 2621 1179 2675 alio
1210 2623 1432 2676 nomine
1469 2621 1751 2690 Alphzeurn
1785 2621 2014 2679 dictum.
2053 2622 2153 2675 nisi
2183 2622 2311 2685 illis,

740 2712 1047 2779 quicontra
1089 2722 1309 2765 Sanctus
1361 2710 1551 2765 Patres
1601 2711 1863 2765 Jacobum
1924 2712 2131 2780 Alphaa.
2187 2729 2310 2766 cum

739 2800 949 2856 Jacobo
991 2803 1157 2858 fratre
1208 2802 1414 2856 Domini
1442 2803 1806 2870 confundunt,
1844 2805 2177 2873 minimeque
2204 2803 2306 2858 du-

743 2894 921 2948 bitare
963 2909 1068 2952 me.
1101 2895 1230 2962 quin
1263 2896 1445 2947 statim
1501 2904 1882 2964 agnoscerent.
1914 2894 2109 2948 fratres
2142 2895 2314 2949 videri

745 2982 1057 3039 Matthzeum
1088 2998 1139 3040 et
1169 2985 1427 3041 Jacobuin
1455 2986 1690 3057 Alphaei,
1741 2986 1847 3040 nisi
1891 2985 2038 3042 hunc
2089 2987 2311 3043 fratrem

740 3073 954 3128 Domini
988 3091 1109 3131 esse
1150 3077 1370 3130 vellent.

2424 1982 2556 2034 tum,
2585 1988 2680 2040 per
2709 1974 2958 2042 angelum
2989 1987 3116 2026 vero
3154 1972 3416 2034 eductos;
3463 1973 3773 2038 iterumque
3809 1980 3993 2038 captos

2419 2072 2473 2117 et
2508 2079 2699 2126 (εςεεοε,
2732 2075 2896 2131 atque
2943 2063 3016 2115 ita
3069 2062 3340 2116 dimissos.
3385 2061 3511 2116 Post
3543 2077 3661 2130 qua:
3713 2059 3992 2130 subiungi-

2421 2164 2529 2213 tur,
2558 2169 2607 2205 v.
2639 2152 2696 2204 41
2735 2167 2746 2201 :
2785 2149 2879 2204 «Et
2904 2150 2977 2204 illi
3011 2150 3228 2220 quidem
3261 2150 3534 2221 (apostoli)
3563 2151 3715 2203 ibant
3741 2151 3986 2214 gauden-

2423 2253 2501 2296 tes
2543 2259 2570 2297 a
2600 2252 2901 2312 conspectu
2925 2242 3161 2306 concilii,
3195 2243 3451 2311 quoniam
3478 2241 3623 2311 digni
3656 2242 3829 2294 habiti
3869 2249 3992 2295 sunt

2421 2348 2516 2400 pro
2553 2333 2775 2384 nomine
2809 2329 2936 2386 Jesu
2970 2332 3356 2386 contumeliam
3395 2334 3526 2400 pati.
3588 2329 3751 2384 Omni
3810 2343 3989 2385 autem

2419 2425 2506 2477 die
2529 2439 2637 2476 non
2673 2425 2964 2478 cessabant
2996 2424 3047 2476 in
3083 2424 3285 2492 templo
3313 2433 3366 2478 et
3402 2427 3546 2478 circa
3567 2425 3762 2479 domos
3791 2425 3992 2478 docen-

2422 2527 2501 2570 tes
2529 2526 2580 2570 et
2610 2517 3046 2587 evangelizantes
3073 2515 3349 2570 Christum
3389 2514 3596 2570 Jcsum.
3629 2535 3648 2568 ι
3706 2517 3866 2570 Mitto
3891 2516 3986 2571 alia

2419 2626 2527 2665 non
2573 2625 2724 2679 aeque
2763 2618 2914 2663 certo
2943 2610 3010 2663 de
3049 2609 3306 2663 omnibus
3331 2609 3496 2663 dicta.

2417 2723 2443 2791 ς
2487 2721 2574 2774 lll.
2633 2721 2976 2792 Erangelium
3039 2722 3291 2800 scripturn
3340 2722 3684 2789 :speclantia
3745 2719 3817 2776 ad
3863 2716 3991 2775 illud

2984 2798 3376 2844 examinantur.

2488 2904 2576 2959 50.
2605 2903 2679 2959 De
2705 2903 2996 2976 Evangelio
3027 2921 3122 2974 per
3138 2916 3382 2960 sanctum
3409 2903 3721 2960 Matthzeum
3746 2909 3991 2962 conseri-

2415 3007 2528 3067 pto,
2568 2998 2881 3066 priusquam
2912 2997 3096 3052 Judaea
3132 2996 3436 3055 excederet.
3463 2997 3582 3051 aliis
3611 3011 3831 3066 quoque
3868 3012 3990 3066 gen-

2416 3091 2558 3144 tibus
2596 3092 3000 3159 praedicaturus,
3054 3089 3338 3153 Eusebius,
3393 3090 3486 3144 lib.
3529 3106 3609 3152 ιιι.
3651 3105 3776 3160 cap.
3805 3090 3877 3143 94
3921 3091 3988 3143 ita

809 3170 898 3221 ἓξ).
934 3171 1150 3222 Annum
1183 3180 1238 3223 et
1263 3185 1524 3231 mensem,
1565 3187 1674 3240 quo
1728 3173 1959 3242 contigit
1996 3176 2209 3230 vocatio
2248 3176 2306 3231 S.
2335 3177 2688 3255 eloquitur:
2731 3196 2749 3230 ι
2795 3177 3077 3234 Mattheus
3126 3193 3248 3232 cum
3287 3178 3521 3232 Hebrmis
3561 3181 3799 3248 primum
3835 3180 3986 3234 fidem

742 3258 1000 3322 Matthxi,
1033 3278 1139 3316 non
1195 3263 1432 3331 inquiro,
1489 3278 1556 3316 ne
1599 3278 1759 3333 cogar
1801 3265 2127 3334 qumstiones
2182 3268 2313 3324 alias

741 3361 1097 3420 pertractare.
1140 3352 1214 3406 De
1246 3353 1441 3410 ordine
1470 3354 1669 3417 solum,
1694 3370 1803 3422 quo
1849 3356 1991 3408 inter
2024 3357 2311 3414 duodecim

742 3457 966 3495 vocatus
1000 3452 1104 3506 est,
1129 3457 1298 3512 pauca
1331 3443 1692 3499 libetdicere.
1724 3444 1839 3498 Non
1877 3445 1981 3499 fuit
2019 3447 2161 3500 inter
2200 3450 2314 3517 pri-

742 3551 861 3590 mos
913 3545 1139 3589 vocatus
1181 3548 1404 3592 sanctus
1452 3539 1738 3591 Matthaeus
1768 3554 1779 3588 :
1815 3554 1939 3592 nam
1997 3551 2147 3594 certo
2177 3557 2317 3611 prae-

745 3636 1030 3681 cesserant
1087 3626 1355 3694 Andreas,
1427 3629 1638 3692 Petrus,
1716 3628 1980 3696 Jacobus,
2056 3631 2314 3699 Joannes,

746 3714 1028 3785 Philippus
1059 3729 1113 3772 et
1137 3719 1441 3774 Nathanael
1479 3720 1593 3774 sive
1627 3721 2078 3783 Bartholonneus,
2108 3725 2199 3792 qui
2258 3727 2314 3778 in

743 3809 996 3862 omnibus
1034 3826 1250 3878 quoque
1277 3811 1646 3876 apostolorum
1675 3811 1934 3881 catalogis
1958 3827 2315 3868 numerantur

742 3910 872 3954 ante
907 3901 1244 3957 Matthaeum.
1277 3900 1348 3956 De
1375 3902 1579 3958 Thoma
1639 3905 1872 3959 dubitari
1939 3916 2138 3974 potesr,
2197 3908 2318 3962 fue-

748 3992 890 4046 ritne
919 4003 1067 4058 ante,
1106 4010 1173 4047 an
1226 4005 1347 4062 post
1402 3995 1734 4059 Matthaeum,
1784 3999 2069 4068 discipulis
2118 4001 2315 4056 Christi

744 4098 1155 4139 annumeratns.
1202 4088 1486 4141 Matthxi-eus
1532 4090 1645 4155 ipse
1668 4090 1932 4142 Thomam
1964 4091 2065 4143 sibi
2101 4107 2314 4160 przepo-

747 4177 848 4239 nit,
894 4187 943 4230 et
988 4180 1106 4231 Act.
1162 4195 1197 4238 ι.
1245 4179 1482 4232 Thomas
1523 4195 1626 4234 non
1659 4181 1834 4234 solum
1897 4180 2170 4245 Matthaeo,
2221 4181 2317 4235 sed

742 4269 909 4323 etiam
936 4269 1326 4324 Barrbolomaeo
1352 4273 1705 4340 praeponitur.
1735 4274 1887 4342 Apud
1916 4275 1998 4327 Ma
2012 4289 2316 4329 rcum‘vero

742 4368 796 4414 et
832 4358 1030 4414 Lucam
1065 4363 1116 4414 in
1148 4360 1449 4431 Evangeliis
1508 4361 1748 4417 Thomas
1797 4364 2101 4419 Mattlueum
2137 4373 2319 4436 sequi-

746 4461 851 4506 tur.
884 4453 1089 4520 ltaque,
1121 4469 1245 4508 cum
1276 4455 1488 4507 vocatio
1537 4455 1764 4508 Thomre
1819 4471 1926 4510 non
1959 4458 2028 4510 sit
2059 4463 2309 4527 exposita

746 4543 798 4596 in
839 4544 1170 4612 Evangeliis,
1205 4552 1260 4598 et
1300 4545 1461 4598 modo
1505 4558 1852 4613 praeponatur
1895 4550 2054 4602 modo
2089 4559 2312 4617 postpo-
2349 4536 2388 4591 ι)
2419 4565 2671 4604 sermone
2704 4549 2885 4602 divina
2926 4549 3254 4618 conscripsit
3279 4549 3494 4603 oracula
3537 4567 3549 4602 :

743 4643 905 4686 natur
951 4633 1224 4696 Matthaeo,
1281 4635 1440 4703 plane
1518 4635 1742 4689 dubium
1803 4648 1887 4690 est
1929 4649 1981 4692 et
2021 4639 2309 4706 incertum,

744 4735 866 4778 uter
897 4739 958 4778 ex
993 4725 1098 4777 illis
1128 4735 1349 4779 vocatus
1380 4728 1448 4780 sit
1484 4729 1648 4796 prior.
1677 4728 1886 4799 Reliqui
1908 4747 2034 4790 vero
2056 4744 2309 4803 quatuor,

746 4816 1002 4868 nimirum
1030 4815 1265 4871 Jacobus
1288 4818 1542 4887 Alplietei,
1562 4820 1729 4875 Judas
1763 4824 2090 4889 'l'haddazns,
2123 4827 2312 4881 Simon

742 4907 1108 4969 Chanana'us,
1135 4920 1188 4963 et
1213 4909 1380 4968 Judas
1417 4911 1703 4968 lscariotes
1735 4917 1998 4984 proditor,
2034 4933 2154 4971 cum
2183 4934 2315 4971 con-

744 5005 953 5050 slanter
1005 4997 1059 5051 in
1112 5002 1368 5055 onmibus
1414 5005 1671 5075 catalogis
1732 5019 1852 5075 post
1889 5007 2194 5062 Mattliaeum
2232 5026 2315 5062 re-

745 5099 1099 5152 censeantur,
1151 5092 1314 5143 etiam
1369 5094 1737 5146 Verisimiliter
1799 5107 1920 5162 post
1967 5098 2143 5165 ipsum
2188 5109 2315 5152 sunt

747 5180 954 5240 vocati,
1007 5181 1076 5232 ita
1119 5191 1176 5234 ut
1228 5183 1514 5239 Mattharus
1585 5186 1832 5240 videatur
1897 5193 2160 5257 septimus
2223 5179 2313 5243 aut

745 5285 975 5325 octavus
1012 5271 1180 5325 fuisse
1207 5275 1348 5328 inter
1398 5278 1683 5331 duodecim
1714 5283 1998 5346 apostolos
2040 5301 2052 5334 :
2089 5283 2140 5334 in
2175 5282 2314 5334 duo-

751 5363 850 5416 bus
883 5365 1028 5416 enim
1049 5365 1313 5434 catalogis
1349 5370 1614 5436 septimus
1649 5374 1892 5439 ponitur.
1929 5373 1978 5424 in
2028 5374 2145 5425 aliis
2177 5378 2311 5427 duo-

748 5450 852 5506 bus
881 5462 1124 5508 Octavus.
1177 5455 1342 5508 Porro
1395 5459 1587 5512 electio
1625 5461 1910 5514 duodecim
1946 5465 2313 5530 apus‘tolorum

750 5558 781 5594 ιι
817 5543 990 5595 tribus
1018 5548 1367 5612 ovangelistis
1404 5553 1640 5605 refertur
1669 5570 1776 5605 non
1810 5553 1900 5606 diu
1933 5565 2053 5623 post
2082 5557 2318 5608 vocatio-

751 5650 875 5687 nem
933 5636 1187 5702 blattliaai,
1222 5644 1585 5705 pratermissa
1620 5647 1905 5700 vocatione
1936 5658 2166 5710 quatuor
2222 5665 2315 5716 po-

751 5727 1161 5791 steriorum,uti
1196 5730 1510 5790 etThomie.
1570 5735 1774 5789 Deinde
1821 5739 1954 5791 nihil
1992 5740 2315 5808 particulare

746 5823 819 5872 de.
846 5817 904 5874 S.
945 5820 1199 5876 Matthaeo
1238 5839 1488 5882 narratur
1523 5831 1573 5884 in
1614 5830 1921 5894 Evangeliis
1947 5843 2037 5888 aut
2071 5834 2119 5886 in
2164 5834 2314 5888 Acti-

2417 3271 2781 3340 przedicasset,
2812 3270 2935 3326 inde
2953 3272 3017 3325 ad
3039 3270 3170 3325 alias
3184 3285 3396 3341 quoque
3414 3280 3601 3341 gemes
3621 3271 3985 3340 profecturus,

2418 3360 2774 3432 Evangeliuin
2817 3377 2973 3414 suum
3018 3362 3193 3430 patrio
3226 3376 3477 3415 sermone
3495 3360 3877 3423 conscribens,
3912 3363 3985 3424 id.

2417 3453 2562 3519 quod
2603 3451 2910 3520 prresentiaa
2962 3467 3075 3505 sua:
3120 3452 3296 3506 adhuc
3347 3466 3632 3521 superesse
3683 3452 3986 3517 videbatur,

2417 3542 2623 3611 scripto
2664 3542 2791 3602 illis,
2851 3556 2989 3610 quos
3034 3542 3398 3609 relinquebat,
3454 3539 3749 3609 supplevit.
3780 3561 3798 3593 ι
3855 3543 3988 3597 Insi-

2416 3643 2550 3690 nuat
2583 3634 2830 3704 allegatis
2857 3634 3035 3688 verbis
3059 3632 3345 3694 Eusebius,
3373 3632 3680 3686 Matthaeum
3703 3637 3990 3704 scripsisse

2416 3741 2670 3782 sermone
2710 3726 2998 3788 Hebraico,
3033 3725 3207 3797 qualis
3252 3734 3379 3780 tunc
3409 3736 3529 3781 erat
3580 3727 3818 3781 usitatus
3848 3728 3988 3796 apud

2415 3821 2653 3878 Judzcos.
2689 3835 2796 3872 non
2839 3820 3058 3886 quidem
3093 3835 3230 3886 puro
3267 3830 3319 3873 et
3370 3829 3606 3882 vetusto,
3644 3821 3740 3873 sed
3792 3821 3993 3874 nonni-

2419 3912 2494 3964 hil
2527 3921 2784 3980 corrupto
2818 3925 2881 3963 ex
2925 3909 3224 3964 Chaldaico
3276 3920 3331 3962 et
3371 3909 3616 3980 Syriaco,
3660 3920 3717 3962 ut
3743 3911 3836 3964 alii
3881 3913 3990 3978 jam

2416 4004 2801 4056 observarunt.
2841 4002 3024 4055 Innuit
3062 4011 3343 4070 prieterea,
3386 4003 3617 4071 primunt
3649 4006 3898 4056 omnium
3927 4018 3991 4056 ex

2418 4092 2764 4160 evangelistis
2791 4093 3076 4160 scripsisse
3126 4093 3434 4147 Mattliwnm
3463 4109 3477 4156 ;
3505 4107 3627 4144 mox
3648 4093 3795 4144 enim
3823 4095 3990 4154 addit,

2420 4193 2607 4252 postea
2648 4183 2931 4252 scripsisse
2983 4183 3223 4237 Marcum
3271 4194 3324 4238 et
3371 4184 3594 4245 Lucam,
3656 4198 3720 4239 ac
3770 4184 3990 4239 demum

2415 4277 2702 4330 Joannem.
2744 4275 2949 4330 Deinde
3000 4292 3124 4346 cap.
3155 4277 3222 4331 38
3267 4276 3380 4330 haec
3415 4276 3609 4346 allegat
3645 4275 3855 4345 Papiae,
3900 4279 3989 4345 qui

2418 4379 2540 4419 cum
2575 4365 2856 4433 discipulis
2897 4368 3262 4433 apostolorum
3298 4367 3505 4420 vixerat
3551 4367 3617 4420 de.
3643 4381 3841 4420 sancro
3866 4369 3992 4421 Malo

2418 4457 2560 4510 threo
2591 4457 2753 4510 verba
2785 4472 2798 4509 :
2834 4473 2852 4506 ι
2889 4454 3172 4510 Μιιιιιιθιιιις
3196 4457 3438 4526 quidem,
3477 4457 3673 4525 inquit,
3717 4455 3988 4514 Hebraico

3593 4550 3990 4618 interpretatus

2415 4649 2495 4694 est
2524 4650 2706 4693 autem
2766 4640 3140 4708 unusquisque
3182 4641 3291 4700 illa.
3344 4647 3503 4708 prout
3561 4639 3759 4705 potuit.
3815 4637 3990 4693 Verba

2415 4731 2588 4786 sancti
2633 4732 2816 4785 lrenmi
2861 4732 3111 4786 laudatus
3139 4731 3424 4792 Eusebius,
3455 4731 3544 4783 lib.
3586 4746 3637 4792 v,
3679 4744 3804 4798 cap.
3833 4733 3866 4783 8
3925 4733 3991 4785 de

2415 4820 2668 4876 Matthaeo
2717 4822 2938 4877 adducit
2989 4824 3097 4875 hoc
3145 4824 3306 4875 modo
3365 4837 3376 4872 :
3433 4820 3736 4877 Mattheus.
3793 4822 3989 4891 inquit,

2416 4913 2556 4981 apud
2594 4915 2848 4968 Helira'os
2881 4915 3098 4983 propria
3143 4928 3329 4967 eorum
3380 4912 3559 4983 lingua
3611 4913 3988 4982 conscriptum

2419 5007 2768 5074 Evangelium
2810 5005 2999 5066 edidit,
3052 5007 3178 5058 dum
3229 5006 3423 5059 Petrus
3457 5022 3518 5057 ac
3561 5003 3764 5060 Paulus
3805 5005 3991 5060 Romae

2415 5099 2692 5152 Christum
2747 5099 3136 5166 prmdicarent,
3201 5107 3252 5149 et
3325 5097 3578 5150 Ecclesiae
3632 5098 3989 5152 fundamenta

2413 5190 2678 5257 jacerent.
2732 5206 2749 5238 ι
2794 5189 2920 5239 flata
2979 5189 3140 5239 verba
3194 5188 3444 5257 leguntur
3509 5189 3649 5256 apud
3701 5189 3989 5255 lrenmum,

2420 5284 2508 5335 lib.
2539 5298 2589 5333 ιιι
2617 5282 2809 5334 Contra
2838 5268 3078 5336 limi-eses.
3099 5295 3217 5348 cap.
3255 5298 3290 5341 i,
3320 5282 3407 5333 tibi
3441 5281 3686 5332 similiter
3718 5281 3986 5346 innuimr,

2419 5376 2650 5442 primum
2688 5374 2827 5424 inter
2861 5373 3226 5438 evangelistas
3261 5371 3428 5423 fuisse
3480 5372 3831 5436 Matthzeum;
3868 5375 3990 5427 licet

2419 5470 2553 5520 alias
2599 5483 2704 5518 non
2740 5476 2961 5518 careant
3005 5469 3184 5535 aliqua
3239 5464 3552 5519 difﬁcultate
3599 5482 3694 5532 pro
3745 5476 3988 5536 tempore

2421 5561 2696 5626 Evangelii
2750 5576 2777 5610 a
2818 5559 3076 5610 Mattlnco
3101 5559 3318 5624 scripti.
3348 5569 3613 5624 utpostea
3657 5558 3985 5612 videbimus.

2416 5651 2651 5704 Adducit
2686 5652 2973 5709 Eusebius,
3010 5650 3102 5701 lib.
3135 5666 3207 5709 vi,
3235 5666 3355 5717 cap.
3387 5649 3455 5701 ‘25
3480 5648 3642 5702 etiam
3676 5652 3844 5702 verba
3868 5647 3988 5702 Ori-

2418 5743 2592 5812 genis,
2654 5745 2887 5798 dicentis
2931 5756 2994 5794 ex
3059 5743 3369 5802 traditione,
3423 5760 3438 5791 ι
3497 5741 3734 5810 primum
3784 5741 3987 5794 scilicet

2419 5834 2767 5903 Evangelium
2805 5833 3060 5897 scriptum
3096 5848 3214 5885 esse
3269 5847 3294 5883 τι
3344 5829 3678 5888 Malthmo,...
3728 5835 3821 5899 qui
3859 5831 3986 5885 illud
