4150 6496
208 438 318 500 769

1495 438 1665 496 νιτΑ
1708 439 1763 500 S.
1814 438 2200 498 ΜΑἸἼἩΑΞΙ.

3365 436 3474 501 ’170

205 548 485 602 Hebraico
539 562 790 602 sermone
843 548 1214 616 conscriptum
1256 545 1459 601 Judaeis
1523 547 1589 600 ad
1637 548 1797 601 (idem
1833 557 1874 610 Α
1909 550 2112 604 fatetur
2140 565 2472 605 consensum
2494 549 2842 620 antiquorum
2875 547 2961 602 his
2989 546 3170 602 verbis
3201 562 3211 597 :
3246 566 3263 596 ι
3291 546 3477 616 Magna

208 641 495 694 conversis
524 640 840 708 publicavit.
893 659 911 691 ι

281 733 371 786 51.
421 734 479 785 S.
533 733 893 803 Hieronymus
930 733 981 786 in
1012 732 1265 800 Catalogo
1319 733 1648 800 scriptorum
1707 747 1797 786 ec-

212 825 651 878 clesiasticorum
690 827 754 880 de
786 837 977 880 sancto
1007 826 1259 879 Matthxo
1282 825 1351 878 ita
1374 827 1540 878 habet
1569 842 1581 878 ε
1612 844 1628 875 ι
1666 825 1794 877 Mat-

214 915 419 973 tlneus.
459 915 550 983 qui
577 924 628 969 et
663 915 810 976 Levi,
838 932 900 968 ex
937 916 1223 984 publicano
1250 916 1550 983 apostolus,
1589 917 1794 984 primus

211 1005 266 1057 in
296 1004 481 1059 Iudaea
551 1019 768 1077 propter
815 1023 929 1066 eos.
988 1008 1081 1075 qui
1139 1022 1202 1059 ex
1252 1006 1679 1060 Circumcisione
1722 1007 1793 1074 (id

212 1109 320 1159 est.
369 1115 432 1152 ex
479 1099 702 1167 Iudaeis)
759 1100 1123 1157 crediderant.
1195 1099 1546 1165 Evangehum
1594 1096 1794 1152 Christi

215 1191 502 1245 Hebraicis
533 1193 730 1246 litteris
785 1192 1074 1259 verbisque
1129 1194 1453 1260 composuit.
1491 1190 1644 1255 Quod
1674 1193 1797 1258 quis

213 1293 399 1352 postea
429 1282 480 1334 in
524 1281 766 1337 Grtccum
831 1283 1183 1341 transtulerit,
1232 1295 1339 1335 non
1406 1282 1538 1334 satis
1586 1292 1793 1334 certum

214 1382 316 1426 est.
361 1375 527 1425 Porro
559 1374 731 1439 ipsum
786 1370 1104 1424 Hebtalcum
1143 1373 1376 1424 habetur
1428 1388 1597 1441 usque
1633 1372 1794 1424 hodie

216 1460 269 1512 in
301 1461 625 1514 Caesariensi
662 1462 1005 1518 bibliotheca.
1029 1479 1188 1530 quam
1243 1462 1559 1529 Pamphilus
1593 1473 1797 1534 martyr

217 1552 627 1605 studiosissime
676 1554 933 1606 coniecit.
993 1552 1121 1605 Mihi
1166 1569 1385 1622 quoque
1415 1569 1443 1606 a
1500 1553 1794 1615 Nazaraeis,

215 1644 303 1712 qui
348 1643 400 1694 in
433 1642 620 1697 Berma
659 1643 790 1695 urbe
825 1644 992 1713 Syriae
1050 1643 1151 1697 hoc
1217 1647 1492 1698 volumine
1545 1656 1794 1706 utuntur,

217 1736 566 1789 describenui
601 1736 827 1790 facultas
858 1739 975 1789 l'ttit.
1007 1738 1057 1788 ltt
1095 1753 1202 1804 quo
1225 1737 1794 1802 animadvertendum,

217 1829 389 1896 quod,
429 1829 739 1896 ubicunque
770 1829 1126 1897 evangelista,
1173 1833 1285 1881 sive
1317 1844 1376 1880 ex
1412 1845 1639 1897 persona
1673 1846 1789 1892 sua,

1903 640 2247 708 antiquorum
2313 640 2554 693 omnium
2647 639 2980 706 ('thpil'alit)
3041 647 3145 698 est,
3211 636 3479 692 Hebraico

1899 745 2156 785 sermone
2219 731 2572 799 Evangelium
2617 729 2852 786 Matthzei
2891 729 3060 782 luisse
3114 727 3411 794 vulgatum.
3457 745 3474 776 ι

1899 819 2033 873 Tum
2063 822 2286 877 subdit:
2318 841 2334 872 ι
2372 823 2500 886 Quae
2523 824 2751 874 eruditis
2796 823 2932 873 bene
2969 819 3149 874 multis
3176 820 3477 871 etiamnum

1901 916 2150 968 arridens
2174 915 2420 975 traditio,
2450 931 2556 968 non
2601 915 2770 984 aequis
2807 930 2936 966 sane
2984 913 3209 965 auribus
3243 927 3272 963 a
3321 911 3475 964 nobis

1898 1009 2138 1062 auditur.
2184 1025 2202 1059 ›
2250 1007 2473 1061 Fatetur
2507 1007 2668 1076 igitur
2708 1004 3024 1074 Basnagius.
3061 1019 3124 1056 ne
3149 1005 3318 1071 aequis
3354 1004 3478 1071 qni-

1900 1103 2022 1154 dem
2069 1101 2290 1154 auribus
2321 1116 2348 1153 a
2387 1115 2447 1154 se
2473 1099 2671 1161 audiri,
2704 1099 2846 1166 quod
2877 1101 2972 1149 toti
2999 1097 3200 1163 placuit
3229 1093 3480 1162 antiqui-

1900 1192 2014 1251 tati.
2047 1193 2350 1244 Audiamus
2382 1209 2442 1244 at:
2472 1192 2538 1244 de
2577 1205 2631 1242 re
2656 1189 2923 1255 judicium
2965 1187 3193 1240 alterius
3258 1187 3481 1239 hetero-

1899 1283 2045 1340 doxi.
2083 1284 2332 1337 videlicet
2363 1282 2616 1338 Guilelmi
2646 1281 2791 1336 Cave
2829 1281 2881 1332 in
2918 1279 3155 1331 Historia
3190 1279 3478 1342 litterario,

1901 1390 2025 1430 ξένε.
2058 1391 2096 1434 1.
2128 1391 2246 1444 pag.
2273 1373 2324 1435 6,
2359 1375 2410 1427 in
2446 1375 2504 1428 S.
2531 1373 2784 1428 Matthaco
2819 1389 2831 1424 :
2883 1389 2900 1421 ι
2952 1371 3010 1424 Et
3044 1371 3267 1437 quidem
3302 1371 3481 1422 Histo-

1900 1469 2033 1521 riam
2061 1483 2213 1522 suam
2242 1468 2615 1536 erangelicam
2646 1465 2913 1519 Ilebraice
2938 1465 3245 1532 scripsisse.
3276 1462 3477 1530 inquit.

1900 1560 2035 1613 miro
2071 1572 2200 1612 sane
2235 1573 2507 1612 consensu
2544 1559 2762 1614 tradunt
2788 1566 3020 1618 veteres,
3050 1556 3185 1608 adeo
3222 1563 3278 1606 ut
3307 1557 3476 1608 totius

1900 1667 2039 1722 pene
2100 1651 2441 1719 antiquitatis
2493 1651 2810 1704 testimonio
2863 1648 3126 1716 refragari
3190 1649 3289 1700 hac
3320 1645 3375 1700 in
3420 1661 3479 1700 re

1864 1730 2052 1800 Ineias
2089 1747 2179 1799 sit.
2219 1765 2234 1795 I
2275 1749 2460 1816 Atego
2490 1759 2597 1796 non
2633 1744 2962 1811 expendunt.
3017 1749 3234 1808 quanta:
3286 1741 3358 1793 sit
3400 1749 3479 1793 le-

1902 1841 2169 1892 meritatis
2213 1853 2241 1891 a
2280 1847 2386 1891 tota
2455 1837 2780 1906 antiquitate
2839 1849 2992 1888 sacra
3039 1835 3314 1894 recedere,
3350 1845 3475 1884 cum

215 1922 330 1973 sive
371 1936 436 1971 ex
485 1935 713 1986 persona
756 1919 966 1971 Domini
1020 1919 1340 1983 Salvatorts,
1390 1923 1585 1973 veteris
1648 1920 1794 1974 Scri-
1831 1911 1868 1963 Β
1903 1932 2147 1983 noverint
2201 1932 2563 1986 heterodoxos
2619 1930 2670 1981 id
2718 1930 2896 1982 l'acere
2950 1927 3141 1981 solitos
3203 1927 3254 1979 in
3314 1926 3479 1980 rebus

216 2019 390 2078 ptume
433 2009 762 2063 testimoniis
817 2013 1082 2075 abutitur,
1113 2026 1219 2064 non
1263 2022 1522 2079 sequatur
1567 2010 1797 2078 Septua-

214 2105 360 2172 ginta
397 2105 777 2157 translatorum
803 2107 1195 2168 auctoritatem,
1250 2105 1344 2157 sed
1383 2106 1719 2157 Hebraicatn.
1756 2104 1795 2156 E

215 2199 416 2266 quibus
435 2198 522 2250 illa
542 2209 668 2250 sunt
696 2213 708 2249 :
733 2217 748 2246 ι
778 2196 850 2250 Ex
879 2197 1110 2269 [Egypto
1132 2202 1316 2252 vocavi
1339 2197 1533 2252 Filium
1557 2213 1792 2253 meum.»

217 2289 283 2346 Et
320 2310 333 2343 :
365 2310 382 2341 ι
422 2291 693 2355 Quoniam
729 2289 1017 2347 Nazarieus
1054 2295 1357 2348 vocabitur.
1403 2311 1419 2344 ι
1469 2294 1800 2364 Chrysosto-

217 2399 362 2446 mus,
401 2387 549 2437 hom.
581 2401 617 2445 ι,
647 2386 699 2436 1η
728 2384 1040 2438 Mzitthceum
1093 2387 1160 2440 de
1191 2388 1380 2439 iisdem
1420 2387 1529 2440 haec
1564 2388 1794 2442 scribit:

224 2495 242 2527 ι
287 2475 552 2528 Narratur
619 2489 800 2544 porro,
844 2475 1184 2536 Matrltaeum.
1256 2465 1678 2532 accedentibus.
1710 2495 1799 2533 ro-

216 2569 587 2639 gantibusque
620 2566 953 2636 Judzeis,qui
987 2570 1354 2627 crediderant,
1387 2584 1448 2620 ea
1467 2583 1584 2636 qua:
1621 2569 1798 2622 verbis

217 2660 544 2727 protulerat,
582 2658 778 2712 litteris
810 2658 1084 2727 descripta
1137 2659 1326 2711 iisdem
1375 2659 1680 2726 reliquisse,
1744 2667 1797 2711 et

218 2750 490 2805 Heliraice
543 2749 902 2820 Evangelium
957 2753 1266 2820 scripsisse.
1321 2751 1489 2815 ldctn,
1545 2755 1690 2806 hom.
1742 2750 1797 2813 4,

221 2843 486 2908 advertit,
531 2845 766 2911 primum
819 2860 881 2897 ex
937 2845 1286 2914 evangcltstts
1339 2846 1625 2913 scripsisse
1663 2842 1798 2898 Mat-

221 2935 442 2989 thalum.
516 2934 750 2988 Sanclus
807 2937 1164 3004 Augustinus,
1209 2935 1302 2987 lib.
1346 2952 1361 2989 t
1419 2936 1493 2987 De
1548 2951 1799 2987 consensu

217 3029 689 3100 evangelistarum,
720 3044 838 3096 cap.
865 3031 918 3088 ‘2,
952 3031 1165 3081 caeteris
1189 3029 1467 3082 consentit
1495 3029 1564 3081 de
1593 3030 1798 3097 scripto

219 3123 454 3189 primunt
493 3134 520 3170 a
565 3118 818 3172 Matthzco
851 3119 1168 3190 Evangelio,
1200 3128 1252 3172 et
1285 3126 1349 3172 de
1391 3136 1796 3186 sertnone,quo

1903 2024 2074 2076 multo
2110 2023 2484 2091 gravioribus:
2522 2022 2615 2074 sed
2647 2020 2821 2075 solum
2857 2019 3200 2080 cxaminabo,
3231 2035 3299 2071 an
3332 2021 3480 2086 ejus-

1900 2113 2042 2165 modi
2078 2113 2191 2166 sint
2231 2115 2471 2165 rationes
2499 2109 2767 2181 Basnagii,
2806 2118 2862 2163 ut
2897 2122 3036 2166 nata:
3068 2111 3178 2162 sint
3234 2110 3478 2177 prudens

1902 2205 2152 2275 ingerere
2187 2205 2410 2258 dubium
2477 2204 2656 2257 :alios
2713 2219 2862 2266 vero,
2913 2202 3006 2271 qui
3045 2211 3170 2255 ante
3213 2212 3305 2254 aut
3356 2207 3480 2270 post

1904 2296 2228 2365 Basnagimn
2273 2298 2433 2353 simili
2478 2299 2639 2351 modo
2702 2297 2986 2366 antiquam
3031 2305 3344 2351 sanctorum
3379 2293 3480 2346 Pa-

1903 2401 2045 2446 trum
2103 2390 2428 2443 sententiam
2486 2390 2816 2456 rejecerunt,
2877 2402 3101 2456 prorsus
3177 2385 3477 2454 relinquam

1903 2482 2184 2542 indictos.
2231 2495 2300 2534 ne
2362 2479 2660 2549 disputatio
2711 2479 2801 2531 liat
2862 2478 3119 2547 prolixior
3197 2493 3356 2542 quam
3409 2480 3482 2530 sit

1901 2587 2158 2634 necesse,
2203 2582 2255 2624 et
2285 2575 2410 2640 quia
2467 2572 2708 2625 omnium
2760 2585 2926 2641 opera
2972 2570 3035 2623 ad
3096 2585 3315 2622 manum
3369 2585 3480 2625 non

1903 2662 2100 2715 habeo.

1972 2779 2060 2833 53.
2094 2777 2291 2848 Accipe
2317 2776 2503 2846 igitur.
2557 2775 2749 2841 lector,
2787 2776 3126 2841 obiectiones
3167 2778 3412 2848 Basnagii
3461 2795 3476 2833 :

1905 2870 2066 2928 Fons.
2109 2873 2303 2942 inquit,
2347 2871 2656 2926 traditionis
2715 2871 2877 2940 hujus
2928 2871 3144 2940 Papias,
3195 2873 3479 2940 pet-tenuis

1905 2965 2103 3032 ingenii
2168 2965 2535 3032 credulusque
2602 2963 2925 3031 scriptor....
2995 2963 3170 3016 Tenet
3217 2971 3270 3015 ct
3339 2966 3479 3019 fama

1901 3054 2223 3109 Panlanum
2268 3056 2319 3108 in
2353 3055 2499 3108 India
2536 3054 2888 3122 Evangelinm
2918 3055 3147 3107 Matthari
3186 3055 3476 3123 reperisse,

1905 3149 2050 3218 quod
2084 3146 2517 3202 Bartbolommts
2552 3145 2833 3199 Hebraicis
2860 3145 3058 3198 littoris
3100 3146 3476 3212 conscriptum

218 3213 348 3265 illud
385 3212 738 3280 conscripsit,
782 3213 897 3266 ait:
930 3232 954 3297 t
987 3212 1184 3267 Horum
1215 3229 1346 3266 sane
1386 3225 1620 3283 quatuor
1647 3219 1797 3269 solus
1827 3240 1869 3296 ε
1909 3212 2226 3308 (cuquam.
2263 3241 2406 3308 quod
2442 3238 2507 3290 ad
2575 3241 2828 3307 Ρηειιίςιε
2863 3252 3032 3305 usque
3090 3246 3326 3303 tempora
3360 3253 3478 3289 εει..

219 3303 508 3357 Matthqu
564 3303 788 3359 chraro
833 3293 1120 3374 scripsisse
1153 3304 1730 3374 pet'hibetm'eloquio.
1769 3326 1788 3357 ι

220 3392 396 3449 Missis
432 3397 574 3458 aliis.
605 3399 693 3466 qui
725 3398 864 3450 idem
898 3401 1166 3450 aliirmant
1211 3439 1221 3452 .
1254 3399 1426 3449 solum
1469 3400 1608 3451 addo
1640 3400 1798 3452 verba

221 3481 276 3536 S.
315 3482 610 3552 Epiphanii
663 3486 868 3538 eres.
928 3486 1015 3548 51,
1069 3503 1187 3554 cap.
1233 3487 1286 3550 5,
1350 3489 1419 3540 ita
1462 3489 1795 3543 scribentis:

225 3593 243 3625 ι
287 3576 572 3629 Mattbwus
605 3577 763 3648 igitur
800 3580 1002 3644 primus
1040 3575 1311 3650 Evangelii
1363 3581 1639 3634 scribendi
1666 3598 1796 3650 pro-

223 3668 460 3721 vincnun
515 3679 708 3722 nactus
770 3682 873 3731 est,
929 3680 987 3723 ut
1037 3674 1317 3736 diximus;
1363 3674 1524 3738 idque
1593 3689 1637 3724 ei
1677 3688 1798 3739 iure

220 3764 420 3815 nterim
473 3764 723 3828 contigit.
763 3761 1063 3827 Oportebat
1092 3765 1259 3824 enim,
1302 3775 1425 3814 eum
1471 3768 1668 3833 ipsum,
1705 3764 1795 3833 qui

220 3854 284 3905 ad
316 3851 726 3906 conciliandam
767 3853 1006 3907 humano
1059 3869 1244 3923 generi
1296 3857 1524 3909 saturem
1565 3859 1799 3909 advene-

221 3954 324 4009 rat,
357 3945 565 4013 quique
597 3947 664 3998 ita
696 3946 948 4000 dixerat:
990 3966 1006 3996 ι
1056 3946 1173 4000 Non
1220 3955 1340 4001 veni
1385 3954 1794 4017 vocarejustos,

219 4037 313 4089 sed
349 4045 670 4105 peccatores
697 4037 764 4087 ad
817 4040 1232 4103 pix-intendam:
1276 4057 1291 4088 ι
1325 4040 1390 4090 ad
1442 4055 1660 4104 eorum,
1704 4042 1796 4108 qui

219 4129 476 4182 servandi
519 4135 677 4179 erant
712 4131 1042 4196 exemplum,
1111 4132 1158 4184 ei
1194 4131 1398 4183 homini
1457 4135 1796 4202 potissimum

219 4223 588 4292 praedicanda:
631 4223 825 4274 salutis
851 4239 1050 4277 munus
1085 4227 1389 4293 itqungere,
1421 4242 1511 4294 qui
1545 4225 1798 4279 abinnu-

221 4317 385 4369 meris
410 4314 649 4388 peccatis
675 4326 991 4377 conversus.
1023 4331 1076 4370 et
1103 4334 1132 4370 a
1172 4319 1376 4370 telonio
1399 4319 1807 4372 suscitansiue-

219 4416 326 4472 rat,
359 4422 422 4460 ac
446 4421 505 4459 se
539 4412 604 4458 ab
640 4409 788 4461 omni
821 4409 1029 4463 scelere
1061 4418 1112 4462 et
1167 4411 1430 4476 itqustitia
1483 4418 1798 4477 revocarat;

221 4509 279 4554 ut
315 4502 384 4554 ab
423 4499 542 4561 illo,
570 4510 771 4566 quanta
795 4501 894 4552 sibi
929 4512 1074 4554 esset
1098 4503 1335 4555 adventu
1372 4501 1572 4554 Christi
1609 4496 1800 4556 huma-

1904 3337 2081 3383 vatum
2134 3346 2253 3384 esse
2302 3340 2657 3382 meumr-ator.
2704 3330 3006 3396 Pigmentis
3049 3327 3280 3380 Eusebio
3326 3327 3479 3382 inco-

1903 3422 2432 3494 gnitistraditionem
2471 3424 2624 3475 istam
2660 3422 2989 3492 Hieronymo
3017 3421 3473 3488 armm-iplacuit:

1905 3514 2213 3570 Pantaenus.
2250 3512 2447 3581 mquit,
2498 3512 2730 3565 Matthxi
2777 3509 3157 3579 Evangelium.
3193 3509 3476 3566 Hebraicis

1905 3609 2100 3660 litteris
2129 3605 2414 3673 scriptum,
2451 3613 2733 3657 revertens
2750 3604 3132 3656 Alexandriam
3172 3617 3354 3656 secum
3385 3617 3474 3656 reo

1904 3699 2044 3751 tulit.
2103 3696 2222 3749 Han:
2263 3696 2561 3763 Basnagius
2608 3711 2704 3764 pro
2753 3711 2850 3747 sua
2901 3696 2953 3746 in
3010 3705 3230 3748 sanctos
3289 3693 3484 3748 Patres

1907 3789 2232 3849 reverentia,
2297 3802 2366 3840 ne
2407 3788 2608 3849 dicam,
2640 3788 2801 3839 stulta
2840 3787 3194 3839 conlidentia.
3273 3789 3475 3842 Omnes

1904 3881 2174 3934 Patresin
2219 3894 2461 3933 errorem
2497 3888 2854 3942 pertrectatos
2882 3895 2910 3930 a
2944 3875 3109 3946 Papia
3137 3879 3336 3941 innuit,
3369 3878 3468 3929 Pa-

1905 3974 2158 4049 piamque
2190 3972 2472 4040 pertenttis
2501 3972 2701 4038 ingenii
2739 3974 3062 4038 scriptorem
3108 3972 3256 4034 dicit,
3306 3984 3359 4024 ut
3387 3974 3470 4022 in-

1901 4066 2103 4128 sinuet,
2137 4065 2310 4132 ipsum
2340 4077 2555 4131 quoque
2578 4061 2734 4114 facile
2764 4062 2894 4114 eain
2928 4077 2982 4113 re
3007 4075 3187 4113 errare
3208 4061 3468 4129 potuisse.

1901 4156 1967 4207 At
2021 4156 2230 4223 Papias,
2271 4157 2359 4221 qui
2416 4169 2539 4206 cum
2582 4153 2859 4220 discipulis
2899 4153 3266 4219 apostolorum
3318 4154 3472 4216 vixit,

1901 4250 1968 4302 ab
1996 4250 2168 4319 iisque
2224 4255 2411 4315 petere
2477 4246 2684 4297 solebat
2723 4245 2851 4311 quid
2904 4247 3168 4306 Andreas,
3203 4243 3329 4309 quid
3370 4241 3473 4296 Pe—

1905 4355 2041 4401 trus.
2076 4342 2205 4412 quid
2247 4339 2555 4408 Philippus,
2588 4338 2718 4406 quid
2759 4335 3020 4398 Thomas,
3062 4338 3193 4407 quid
3215 4337 3470 4402 Jacobus,

1901 4434 2031 4503 quid
2062 4434 2324 4493 Joannes,
2365 4431 2492 4501 quid
2529 4429 2840 4494 Matth-.cus,
2882 4431 3008 4502 quid
3041 4430 3218 4485 caeteri
3261 4426 3470 4483 Domini

1903 4526 2157 4595 discipuli
2211 4527 2394 4578 dicere
2451 4525 2722 4586 solebant,
2769 4533 2827 4576 ut
2882 4525 2994 4591 ipse
3033 4523 3274 4589 loquitur
3327 4520 3470 4589 apud

223 4596 366 4647 nitas
399 4591 623 4653 collata,
650 4592 908 4646 mortales
951 4593 1298 4646 discerent...
1333 4592 1433 4648 Hic
1473 4597 1633 4666 igitur
1660 4595 1796 4649 Mat-

1908 4583 2200 4672 Euse-bium
2234 4618 2328 4670 lib.
2364 4633 2440 4677 ιιι,
2473 4631 2592 4685 cap.
2750 4583 2941 4667 saltem
2969 4583 3474 4668 satis-habebatin-

228 4690 404 4740 threus
433 4683 702 4738 Hebraica
733 4685 916 4755 lingua
946 4687 1167 4757 scripsit
1190 4701 1251 4740 ac
1290 4689 1607 4756 pradicavit
1631 4691 1801 4744 Evan-

227 4780 454 4849 gelium,
500 4796 519 4830 ι
545 4786 652 4831 etc.

297 4869 387 4923 52.
437 4869 510 4921 De
535 4873 738 4937 scripto
777 4883 872 4938 per
906 4865 1217 4923 Manlianum
1254 4869 1571 4940 Evangelio,
1603 4871 1800 4940 etqui-

224 4963 344 5017 dem
404 4970 698 5028 antequam
742 4962 832 5014 alti
883 4965 1221 5030 evangelista
1292 4967 1610 5029 scriberent,
1667 4983 1800 5019 con-

224 5063 518 5110 senserunt
547 5056 948 5122 posterioribus
979 5056 1172 5107 saltem
1220 5057 1439 5109 saeculis
1475 5063 1552 5109 ita
1587 5073 1798 5122 omnes,

230 5159 285 5200 ut
333 5161 566 5201 necesse
622 5160 729 5199 non
773 5157 843 5199 stt
888 5148 1038 5214 plura
1078 5150 1142 5201 de
1204 5149 1268 5201 iis
1315 5152 1515 5202 dicere.
1578 5149 1796 5206 Verum.

225 5255 651 5310 quantacunque
713 5243 869 5294 etiam
918 5243 987 5293 sit
1037 5245 1330 5296 auctoritas
1405 5255 1460 5296 et
1506 5243 1800 5312 antiquitas

225 5329 444 5385 Patrum
484 5329 968 5390 consentientium,
1015 5333 1276 5400 scriptum
1326 5333 1493 5387 fuisse
1546 5348 1799 5386 sermone

227 5423 525 5486 Hebraico,
594 5422 817 5476 fuerunt
849 5425 1167 5476 heterodoxi
1209 5427 1477 5489 nonnulli,
1515 5429 1605 5494 qui
1654 5428 1798 5478 illam

222 5518 359 5570 adeo
401 5530 754 5568 communem
817 5516 1042 5569 Patrum
1101 5520 1426 5569 sententiam
1486 5533 1799 5588 oppugnare

225 5627 329 5666 non
367 5611 714 5671 dubitarunr,
777 5622 826 5660 et
867 5612 1179 5663 existimare
1229 5613 1555 5675 maluerunt,
1613 5611 1798 5667 Graece

223 5705 403 5775 potius
443 5703 713 5768 scriptum
745 5702 910 5754 fuisse
965 5704 1311 5772 Evangelium
1339 5723 1366 5757 a
1392 5707 1666 5759 Matth-x0.
1717 5709 1799 5760 ln-

221 5802 299 5853 ler
336 5801 435 5850 hos
485 5805 571 5847 est
613 5795 832 5849 Samuel
896 5796 1213 5867 Bastmgius,
1265 5800 1445 5869 quiin
1504 5804 1796 5854 Annalibus

217 5889 831 5966 pontico-ecclesias:icis
863 5893 924 5948 ad
949 5907 1145 5945 annum
1188 5894 1394 5946 Domini
1419 5895 1484 5948 64
1514 5936 1527 5962 ,
1556 5911 1701 5950 nunt.
1730 5897 1795 5950 l5

1905 4709 2049 4780 genii
2092 4709 2155 4761 ad
2194 4708 2666 4775 interrogandum,
2697 4722 2807 4776 quo
2833 4722 3085 4760 sermone
3116 4705 3472 4775 Evangelium

1905 4817 2064 4855 suum
2110 4800 2424 4870 scripsisset
2452 4797 2760 4862 Matthacus,
2805 4809 2859 4853 et
2893 4799 3025 4853 satis
3068 4801 3223 4854 bona:
3265 4799 3386 4851 lidci
3421 4809 3476 4852 et

1900 4893 2175 4964 judiciiad
2214 4890 2344 4946 illud
2377 4893 2764 4956 enarrandum,
2811 4893 2953 4946 sicut
2992 4894 3061 4945 ab
3100 4892 3470 4961 apostolorum

1904 4985 2183 5054 discipulis
2227 4999 2333 5036 non
2370 4999 2513 5044 raro.
2543 4994 2596 5036 et
2649 4984 2878 5038 subinde
2899 4986 3062 5036 etiam
3105 4999 3226 5036 cum
3256 4982 3470 5039 ﬁliabus

1903 5076 2140 5146 Philippi
2182 5086 2563 5141 conversatus,
2592 5090 2928 5144 Cognoscere
2961 5086 3165 5144 posset,
3206 5091 3314 5144 quo
3351 5091 3468 5128 sor-

1904 5183 2065 5222 mone
2095 5170 2146 5219 in
2182 5165 2473 5223 scribendo
2509 5181 2639 5219 usus
2687 5166 2875 5221 fuisset
2922 5167 2978 5230 S,
3030 5167 3334 5226 Matthzcus,
3369 5168 3472 5218 Ho-

1902 5257 2157 5314 braicone
2216 5271 2282 5308 an
2334 5257 2540 5318 Graeco,
2583 5275 2689 5327 quo
2749 5257 2941 5326 Papias
3001 5257 3116 5327 ipse
3195 5261 3467 5322 utebatur,

1903 5352 2073 5404 multo
2125 5350 2386 5401 tenuioris
2433 5351 2622 5418 judicii
2700 5355 2901 5405 merito
2959 5352 3248 5408 videbitur.
3307 5368 3468 5420 quam

1903 5443 2106 5513 ingenii
2140 5441 2302 5496 fuerit
2335 5441 2544 5510 Papias.
2597 5443 2938 5512 Quapropter
2963 5450 3258 5498 auctoritas
3289 5443 3466 5513 Papia:

1902 5551 2240 5603 nequaquam
2301 5539 2699 5589 Contetnnenda
2752 5546 2830 5589 est
2907 5537 2959 5590 in
3018 5554 3074 5590 re
3146 5546 3251 5589 tam
3297 5537 3470 5592 [aedis

1901 5631 2248 5700 COgnitionis,
2289 5631 2384 5683 sed
2446 5632 2626 5700 potius
2696 5633 2910 5684 maximi
2965 5633 3208 5687 facienda
3247 5637 3317 5687 ob
3370 5634 3466 5688 viri

1902 5727 2305 5792 antiquitatem,
2364 5728 2662 5793 praesertim
2727 5741 2846 5778 Cum
2898 5725 3073 5779 eidem
3110 5730 3286 5779 nullus
3341 5741 3472 5779 con-

1903 5815 2187 5867 tradixerit
2232 5831 2242 5864 :
2281 5831 2455 5883 neque
2527 5820 2672 5868 enim
2746 5817 2976 5870 deerant
3020 5820 3110 5871 alii
3175 5819 3467 5884 scriptores

1904 5904 2284 5972 ecclesiastici,
2313 5909 2400 5975 qui
2442 5908 2814 5963 comi-adicere
2859 5923 3134 5979 poterant,
3185 5912 3226 5963 si
3279 5912 3469 5962 l‘alsum
