4150 6488
700 410 798 474 ’ΠΙ

1946 405 2227 465 MENSIS
2267 407 2736 468 SEPTEMBER.

3863 417 3975 480 772

702 529 948 583 dixisset.
1002 525 1097 580 Vel
1135 525 1214 580 sic
1273 534 1452 578 tamen
1499 521 1812 576 existimare
1850 536 1955 573 non
1992 522 2275 584 debemus,
2311 531 2348 584 Α
2384 533 2503 590 plus
2540 524 2708 576 fuisse
2741 522 2951 586 Patres,
2987 526 3150 596 idque
3173 527 3238 582 ab
3270 529 3382 582 illis
3416 540 3695 599 sumptum
3734 545 3835 597 pro
3873 548 3973 584 au-

704 636 770 674 ex
807 622 921 672 solo
961 618 1142 688 Papia:
1186 618 1502 671 testimonio
1569 613 1887 684 proﬂuxisse
1926 614 2110 666 omnia
2159 629 2278 681 qua:

701 711 767 764 de
804 711 1070 765 Hebrairu
1097 709 1334 762 Matthwi
1371 705 1659 775 Evangelia
1683 703 1870 757 Patres
1907 703 2277 766 tradiderunt,

703 814 763 857 ut
789 804 926 855 infra
969 803 1280 856 ostendam.

777 897 866 949 54.
919 897 988 948 At
1027 895 1177 963 prius
1234 892 1522 947 elucidabo
1569 901 1975 959 argumentum,
2019 888 2162 958 quod
2216 903 2279 941 ex

706 988 926 1041 invento
977 1002 1075 1054 per
1107 985 1420 1038 Paula-num
1454 981 1749 1053 Evangelio
1784 983 2030 1035 habetur.
2075 981 2282 1034 Floruit

706 1081 998 1134 Pantmnus
1068 1075 1264 1144 insigni
1344 1075 1670 1128 eruditionis
1741 1073 1902 1133 fama,
1976 1082 2027 1124 et
2082 1071 2282 1124 schol-te

705 1170 1085 1225 Alexandrinae
1131 1165 1347 1236 praefuit
1395 1168 1616 1219 ineunte
1666 1166 1865 1218 scceulu
1907 1180 1988 1218 ιιι.
2025 1165 2181 1215 Htmc
2215 1164 2280 1216 ad

705 1266 866 1318 lndos
915 1263 1219 1332 profectum
1257 1262 1332 1314 ait
1396 1255 1692 1320 Eusebius,
1751 1260 1843 1312 lib.
1905 1273 1956 1316 v,
2015 1272 2139 1324 cap.
2193 1254 2280 1321 lO,

707 1355 888 1422 ibique
921 1352 1196 1404 invenisse
1230 1352 1484 1403 relictum
1519 1366 1545 1400 a
1601 1350 1658 1404 S.
1717 1350 2118 1403 Bartholomwo
2148 1365 2280 1416 apo-

708 1446 849 1498 stulo
888 1463 904 1494 ‹
964 1441 1202 1495 Matthazi
1259 1441 1630 1511 Evangelium,
1703 1440 1988 1495 Hebraicis
2039 1440 2282 1494 conscri-

706 1546 856 1605 ptum
914 1534 1134 1587 litteris.
1179 1553 1194 1585 ι
1235 1535 1300 1587 At
1340 1550 1446 1587 non
1512 1535 1680 1596 addit,
1731 1535 1873 1587 istud
1942 1535 2284 1587 a.redeunte

703 1627 961 1679 l'antzcno
1002 1625 1385 1678 Alexandriam
1422 1635 1718 1694 portatura,
1759 1627 1854 1678 sed
1884 1626 2059 1678 solum
2093 1626 2226 1678 dicit
2271 1640 2300 1676 :-

713 1737 730 1768 »
769 1718 922 1783 Quod
958 1717 1178 1786 quidem
1205 1717 1270 1770 ad
1307 1720 1560 1786 przrdiCta
1604 1732 1774 1786 usque
1825 1727 2062 1788 tempora
2100 1731 2288 1770 serva-

707 1823 819 1866 tum
847 1828 966 1865 esse
1006 1821 1361 1873 memoratur,
1401 1830 1416 1860 i
1458 1812 1509 1864 id
1546 1822 1651 1871 est,
1690 1827 1860 1878 usque
1918 1812 1984 1867 ad
2034 1820 2280 1877 tempora

2385 614 2629 668 thentico
2670 616 2928 671 Matthrei.
2997 617 3160 672 Sexto
3217 622 3439 674 demum
3472 623 3548 676 ait
3583 623 3824 677 Matthxi
3870 641 3970 678 au-

2384 705 2706 772 tograplium
2745 706 3160 775 diligentissime
3214 710 3386 764 fuisse
3441 715 3865 767 custodiendum
3907 717 3976 768 ah

2384 796 2626 850 Ecclesia
2662 796 3174 868 Hierosolymitana,
3209 802 3250 855 si
3289 804 3341 854 in
3376 806 3603 872 gratiam
3649 805 3971 860 Jurlmorum

2389 889 2659 943 Hebraice
2701 891 3013 959 scripsisset
3045 892 3372 956 Matthteus;
3406 912 3514 948 non
3569 898 3741 950 fuisse
3789 909 3972 950 autem

2387 994 2797 1046 conservatum,
2835 986 2938 1038 nisi
2981 985 3331 1056 Evangelium
3368 988 3782 1048 Nazarzeorum.
3838 992 3974 1043 boc-

2386 1092 2489 1144 que
2515 1077 2825 1145 suspicatur
2852 1077 3015 1131 fuisse
3053 1095 3159 1131 nun
3190 1079 3289 1132 nisi
3339 1081 3618 1150 antiquam
3658 1083 3974 1136 versionem

2387 1181 2451 1220 ex
2476 1177 2625 1222 textu
2674 1169 2863 1222 Graeco
2901 1170 3134 1223 Mattluei
3164 1171 3384 1225 factam.
3418 1173 3509 1226 Ha:
3539 1184 3667 1225 sunt
3728 1179 3978 1228 rationes

2387 1271 2480 1313 aut
2515 1262 2933 1330 imaginationes
2957 1262 3227 1332 Basuagii,
3255 1266 3344 1333 qui
3395 1281 3502 1317 non
3534 1267 3758 1319 dubitat
3783 1266 3979 1321 Patres

2391 1351 2707 1421 frequenter
2738 1357 2944 1409 erroris
2981 1372 3234 1424 arguere,
3260 1369 3316 1410 ut
3356 1359 3586 1411 somniis
3626 1362 3746 1412 suis
3777 1362 3980 1426 proba-

2393 1445 2663 1498 bilitatem
2702 1448 2938 1516 aliquam
2973 1452 3248 1504 coucrliet.
3311 1452 3498 1521 Itaque
3550 1453 3864 1516 videamus,
3910 1470 3976 1507 an

2392 1545 2600 1590 tantum
2665 1539 2830 1592 fuerit
2903 1541 3148 1612 Basnagii
3210 1559 3463 1609 acumen,
3535 1557 3590 1598 ut
3637 1549 3756 1615 ipse
3807 1547 3978 1599 multa

2390 1635 2702 1703 perspicere
2735 1635 2996 1703 potuerit,
3027 1652 3148 1704 qua:
3179 1637 3510 1690 doctissimis
3547 1639 3828 1701 Patribus,
3861 1640 3980 1693 loco

2391 1735 2444 1778 et
2479 1737 2721 1793 tempore
2755 1726 2917 1779 rebus
2946 1729 3239 1797 disputatis
3273 1729 3430 1797 longe
3461 1732 3980 1799 prOpinquiorihus.

2394 1817 2450 1870 itt
2477 1827 2714 1869 mentem
2745 1832 2852 1870 non
2886 1831 3196 1885 venerunt;
3232 1833 3284 1873 et
3307 1821 3371 1874 ad
3419 1833 3747 1891 argumenta
3784 1824 3981 1892 ipsius,

703 1905 968 1958 Pantmni.
1020 1903 1074 1955 S.
1127 1904 1491 1971 Hieronymus
1534 1904 1584 1954 in
1626 1904 1883 1973 Catalugo
1926 1903 2286 1972 scriptorum,
2325 1881 2362 1933 Β
2396 1927 2516 1979 qum
2549 1912 2831 1964 brevitatis
2856 1928 3016 1965 causa
3063 1916 3376 1969 summatim
3426 1928 3636 1970 tantum
3690 1921 3983 1988 preposui,

709 2010 829 2062 cap.
875 1993 964 2056 56,
1012 1993 1323 2063 plusculum
1394 1993 1649 2056 asseruit,
1702 1994 1918 2060 quando
1964 1995 2184 2062 scripsit
2223 1995 2288 2047 de

705 2089 970 2140 Pantamo
1001 2129 1015 2149 ,
1055 2105 1072 2136 ί
1110 2088 1264 2150 Quod
1316 2086 1600 2141 chraicrs
1645 2091 1838 2141 litteris
1873 2091 2160 2157 scriptum,
2202 2105 2290 2142 re-

706 2189 926 2230 vertens
974 2175 1384 2238 Alexandriam,
1424 2191 1608 2230 secum
1652 2177 1865 2230 detulit.
1919 2196 1936 2228 ›
1989 2177 2111 2231 Haec
2164 2178 2292 2234 Hie-

709 2272 918 2339 ronymi
964 2270 1236 2338 pigmenta
1289 2269 1526 2322 Eusebio
1562 2269 1832 2339 incognita
1887 2281 2044 2324 vocat
2103 2273 2291 2324 mode-

706 2365 981 2417 stissimus
999 2363 1316 2432 Basnagius.
1343 2365 1412 2415 At
1440 2379 1539 2432 ego
1569 2379 1678 2416 non
1729 2365 1886 2418 video
1918 2380 2016 2418 cur
2048 2366 2290 2434 pluscula

705 2458 774 2510 de
817 2457 899 2510 his
931 2471 1261 2526 cognoscere
1291 2470 1397 2509 non
1433 2458 1674 2524 potuerit
1717 2454 2100 2526 Hieronymus.
2124 2474 2287 2526 quam

706 2550 908 2617 scripta
938 2557 1095 2601 erant
1123 2549 1190 2601 ab
1231 2547 1489 2601 Eusebio.
1545 2547 1704 2600 Certe
1756 2549 2046 2602 admodum
2105 2550 2292 2602 verisi-

709 2643 837 2697 mile
875 2651 979 2705 est,
1015 2657 1121 2694 non
1159 2641 1411 2694 relictum
1445 2641 1499 2694 in
1534 2640 1683 2694 India
1736 2657 1763 2694 a
1807 2641 2063 2694 Pauta-no
2116 2640 2292 2696 Evan-

708 2736 912 2805 gelium
982 2733 1334 2798 Hebraicum,
1402 2735 1494 2788 sed
1552 2734 1942 2788 Alexandriam
2005 2735 2290 2799 delatura;

709 2821 875 2890 idque
928 2822 1010 2874 vel
1077 2837 1144 2874 ex
1195 2823 1624 2875 Commentariis
1673 2821 1916 2874 Pantaeui
1961 2823 2154 2890 ipsius,
2210 2827 2292 2877 vel

711 2914 928 2966 aliunde
966 2915 1222 2968 didicisse
1258 2915 1670 2984 Hieronymum.
1714 2912 2085 2982 Undecunque
2109 2924 2290 2969 autem

711 3005 762 3059 id
801 3016 1023 3060 sanctus
1081 3010 1272 3060 ductor
1303 3008 1656 3071 intellexerit,
1687 3017 1852 3062 tanta:
1909 3007 2012 3062 fuit
2067 3008 2293 3078 integri-

713 3101 862 3161 tatis,
904 3110 960 3151 ut
1025 3100 1226 3153 dicenti
1287 3102 1445 3153 tidem
1493 3100 1694 3152 habere
1756 3109 2024 3167 uporteat,
2089 3110 2142 3153 et
2180 3116 2290 3152 nun

715 3192 816 3245 nisi
850 3208 942 3259 per
964 3207 1231 3246 summam
1275 3191 1672 3260 impudentiam
1696 3189 1881 3245 dicere
1906 3191 2201 3261 possimus,
2224 3192 2292 3244 ab

716 3284 1045 3353 Hieronymo
1077 3284 1131 3337 id
1165 3284 1334 3336 fuisse
1376 3284 1693 3338 conﬁctum.
1724 3283 1843 3338 Jam
1887 3300 2017 3338 vero
2081 3286 2122 3337 si
2157 3283 2296 3336 Pan—

717 3387 899 3430 tamtts
951 3378 1001 3430 in
1042 3377 1192 3430 India
1247 3379 1520 3430 invenerit
1561 3396 1578 3426 ι
1620 3376 1975 3446 Evangelium
2034 3375 2292 3437 Matthasi.

715 3468 1003 3523 Hebraicis
1026 3469 1224 3522 litteris
1248 3469 1568 3538 scriptum,»
1603 3470 1656 3521 in
1686 3469 1790 3522 hoc
1817 3465 2084 3521 Eusebius
2107 3469 2298 3520 Hieru-

715 3575 1018 3632 nymusque
1060 3561 1444 3624 consentiunt;
1505 3559 1684 3613 fuerat
1737 3559 1901 3629 igitur
1955 3559 2217 3614 Hebraice
2267 3574 2296 3612 a

719 3653 976 3707 Matthiae
1006 3652 1296 3723 scriptum,
1357 3662 1416 3706 ut
1462 3653 1742 3707 communi
1793 3668 2066 3708 consensu
2110 3653 2296 3706 Patres

720 3746 1010 3799 afﬁrmant.

790 3841 879 3893 55.
923 3860 940 3890 ι
977 3838 1162 3892 Multis
1203 3852 1336 3892 vero
1369 3838 1435 3892 de
1485 3838 1686 3902 causis,
1725 3836 1940 3906 reponit
1976 3836 2296 3907 Basnagius,

720 3941 967 3986 veterum
1005 3947 1066 3984 ea
1103 3930 1324 3984 traditio
1352 3929 1512 3984 fidem
1550 3947 1577 3983 a
1605 3929 1764 3984 nobis
1819 3945 1932 3984 non
1957 3930 2232 3999 impetrat.
2272 3948 2290 3980 ι

719 4022 924 4076 Causas
985 4023 1150 4091 igitur
1207 4024 1604 4074 examinemus.
1643 4043 1660 4074 ι
1731 4023 1972 4077 Primum
2032 4025 2298 4086 omnium,

725 4116 924 4184 inquit,
959 4112 1182 4168 Patrum
1211 4114 1392 4168 nullus
1427 4124 1530 4178 est,
1557 4117 1649 4183 qui
1688 4124 1841 4169 certe
1898 4120 2158 4185 certoque
2220 4127 2300 4170 te-

724 4216 923 4269 stetur,
952 4221 1010 4258 se
1054 4207 1309 4259 manibus
1358 4209 1602 4261 oculisve
1657 4207 1870 4260 trivisse
1911 4207 2144 4260 Matthaei
2195 4208 2300 4262 He-

726 4299 972 4352 braicom
1008 4298 1139 4352 illud
1169 4299 1548 4368 Evangelium,
1583 4301 1729 4369 quod
1767 4311 1947 4354 tamen
1979 4314 2008 4352 a
2035 4299 2304 4354 Christia-

728 4392 814 4444 nis
881 4389 1125 4444 Hebraeis
1192 4392 1525 4460 descriptum
1575 4395 1640 4447 ad
1706 4393 2020 4461 legendum.
2103 4393 2304 4462 ubique

732 4485 997 4542 locorum,
1034 4484 1129 4552 qui
1180 4483 1445 4538 Hebraice
1487 4487 1757 4546 sciebant,
1814 4487 2121 4556 diSpersum
2173 4486 2306 4538 fuis-

2394 2005 2736 2058 discutienda
2775 2005 3175 2075 aggrediamur.

2465 2097 2553 2148 56.
2615 2095 2940 2165 Respondeo
2998 2097 3161 2166 igitur
3227 2100 3464 2168 primum
3519 2101 3768 2173 Basnagii
3824 2121 3987 2175 argu-

2397 2199 2640 2242 mentum
2669 2191 2915 2244 absolute
2939 2191 3307 2258 falsurucsse;
3336 2209 3459 2246 nam
3490 2194 3546 2247 S.
3584 2195 3982 2268 Hieronymus,

2395 2300 2550 2337 num.
2604 2286 2666 2337 51
2726 2284 3002 2346 laudatus,
3084 2295 3137 2338 et
3190 2303 3309 2342 mox
3368 2289 3589 2342 uberius
3651 2286 3982 2354 laudandus,

2400 2388 2633 2445 testatur
2670 2378 2997 2432 Hebraicum
3036 2378 3093 2432 S.
3128 2379 3363 2435 Matthmi
3402 2383 3763 2452 Evangelium
3805 2401 3863 2439 se
3903 2390 3980 2438 vi.

2395 2472 2539 2525 disse
2577 2472 2999 2539 interpretatum
3056 2487 3200 2536 esse,
3243 2474 3496 2543 idemque
3543 2477 3800 2541 allirmat,
3860 2477 3983 2532 usui

2396 2564 2525 2616 illud
2582 2563 2751 2616 fuisse
2801 2561 3044 2633 Origeni,
3074 2574 3124 2617 el
3160 2565 3334 2620 visum
3381 2582 3407 2617 a
3437 2567 3719 2620 Pantaeno.
3755 2570 3983 2638 Accipe,

2396 2655 2643 2708 studiose
2721 2656 2911 2718 lector,
2951 2657 3118 2708 alium
3183 2672 3248 2710 ex
3295 2656 3350 2708 S.
3406 2657 3741 2727 Hieronymo
3800 2661 3982 2715 locum

2395 2763 2458 2802 cx
2501 2748 2740 2816 Epistula
2804 2748 2867 2800 ad
2922 2747 3209 2801 Damasum
3260 2749 3324 2802 (le
3375 2749 3588 2803 duobus
3651 2750 3779 2805 liliis
3842 2756 3984 2821 (qua

2396 2840 2525 2892 olim
2570 2849 2685 2890 erat
2714 2838 2830 2903 HD,
2861 2839 2913 2891 in
2938 2840 3177 2892 editione
3207 2838 3503 2893 Vcronensi
3544 2851 3628 2894 est
3651 2842 3743 2910 2t)
3774 2858 3792 2908 ι
3831 2861 3848 2893 ι
3886 2844 3983 2896 De-

2398 2931 2559 2998 nique
2590 2929 2900 2992 Mattheus,
2956 2931 3152 2999 inquit,
3193 2933 3282 2999 qui
3336 2931 3692 3002 Evangelinm
3753 2937 3982 2992 Hebrro

2397 3037 2655 3076 sermone
2690 3023 3040 3092 conscripsit,
3070 3028 3139 3076 ita
3167 3025 3352 3093 posuit
3384 3043 3395 3076 :
3443 3023 3698 3079 Husanua
3735 3029 3982 3090 barama,

2400 3113 2450 3164 id
2489 3123 2593 3173 est,
2635 3113 2893 3165 Husanna
2933 3115 2984 3166 iu
3016 3115 3270 3167 excelsis.
3309 3134 3326 3166 ι
3354 3114 3641 3179 Quomodo
3673 3119 3839 3170 verba
3882 3119 3986 3173 He-

2399 3203 2581 3257 hraica
2613 3204 2846 3259 Matthmi
2889 3206 3102 3266 recitat,
3150 3208 3193 3258 si
3244 3207 3597 3276 Evangelium
3665 3208 3842 3278 ipsius
3881 3213 3986 3265 He-

2401 3299 2644 3351 braicum
2696 3314 2804 3351 non
2855 3297 3106 3351 viderit?
3163 3299 3244 3351 Ad
3313 3298 3613 3352 secundum
3676 3303 3987 3370 respondeo

2401 3400 2650 3442 sanctum
2688 3389 3073 3460 Hieronymum
3110 3405 3218 3444 non
3271 3391 3580 3446 correxisse
3619 3402 3832 3447 textum
3880 3395 3984 3448 La-

2403 3486 2575 3533 tinum
2610 3493 2673 3532 ex
2707 3479 2996 3543 llebraico,
3036 3482 3129 3534 sed
3166 3497 3228 3533 ex
3259 3481 3472 3543 Graeco,
3502 3485 3628 3553 quia
3660 3485 3848 3539 minus
3868 3497 3986 3540 erat

2403 3581 2585 3624 certus
2627 3573 2694 3625 de
2744 3571 3060 3642 integritate
3121 3580 3174 3625 et
3210 3573 3447 3638 puritate
3483 3584 3663 3627 textus
3705 3576 3983 3639 Hebraici,

2401 3681 2564 3733 quam
2618 3664 2812 3719 Grieci.
2887 3663 2966 3720 Ad
3015 3665 3235 3718 tertium
3290 3666 3414 3720 dico
3473 3666 3729 3721 usitatam
3795 3685 3982 3723 revera

2403 3759 2573 3825 magis
2609 3756 2778 3808 fuisse
2837 3755 3072 3808 Mattliaei
3124 3766 3372 3824 tempore
3433 3759 3676 3825 linguam
3715 3757 3982 3821 Graecam,

2404 3861 2568 3915 quam
2612 3845 2957 3908 Hebraicam,
3013 3844 3065 3897 in
3122 3846 3326 3900 mundo
3382 3863 3396 3899 :
3451 3848 3545 3902 sed
3582 3849 3825 3919 linguam
3887 3852 3985 3904 He-

2407 3941 2647 3994 braicam
2689 3939 2858 3991 fuisse
2884 3934 3221 3992 Judacorum.
3259 3938 3618 4010 Quapropter,
3657 3958 3785 3995 cum
3831 3944 3985 3996 Chri-

2405 4047 2523 4087 Stus
2549 4033 2814 4088 Dominus
2864 4035 3094 4087 voluerit
3149 4042 3205 4089 ut
3262 4035 3491 4102 apostoli
3541 4035 3779 4102 primum
3841 4053 3980 4105 pra:-

2406 4129 2650 4184 dicarent
2687 4129 2845 4182 ﬁdem
2876 4128 3103 4189 Judmis,
3144 4129 3342 4181 deinde
3377 4128 3652 4198 gentibus,
3685 4132 3761 4182 uti
3796 4145 3981 4184 revera

2406 4217 2658 4269 fecerunt
2687 4236 2699 4271 :
2725 4218 2802 4269 sic
2846 4227 2965 4270 erat
2994 4232 3296 4288 congruum
3349 4225 3409 4271 ut
3470 4218 3707 4286 primum
3741 4219 3983 4291 Evangeo

2409 4306 2540 4358 lium
2570 4305 2623 4356 in
2667 4308 2894 4376 gratiam
2926 4307 3242 4362 Judmorum
3283 4309 3642 4369 scriberetur,
3700 4318 3755 4360 et
3792 4324 3984 4364 conse-

2407 4403 2643 4466 quenter
2698 4414 2764 4451 eu
2809 4414 3061 4454 sermone
3107 4413 3267 4467 quem
3331 4414 3523 4452 omnes
3583 4400 3983 4471 itltclligebant,

2343 4529 2362 4547 .
2408 4503 2557 4546 certe
2595 4492 2646 4545 in
2684 4490 2887 4546 Judaea.
2925 4492 3077 4560 Quod
3116 4503 3313 4560 quarto
3347 4494 3715 4547 irreverenter
3765 4498 3900 4550 dicit
3933 4499 3982 4549 in

731 4586 836 4630 set.
890 4597 906 4627 ι
947 4577 1062 4632 Hoc
1092 4578 1326 4646 primum
1358 4578 1607 4648 Basnagii
1660 4589 2069 4649 argumentum.
2109 4578 2302 4646 Objicit
2333 4598 2384 4657 D
2413 4583 2624 4648 Patres,
2681 4590 2829 4639 certo
2865 4583 3061 4638 falsum
3095 4597 3178 4639 est
3210 4586 3278 4639 de
3340 4585 3691 4655 Hieronymo,
3749 4587 3985 4657 Epipha—

734 4673 999 4734 secundu,
1032 4681 1220 4724 sancto
1255 4671 1588 4739 Hieronymo
1659 4672 1712 4724 in
1752 4673 2098 4726 emendando
2128 4672 2307 4725 Evan-

735 4763 999 4830 geliurum
1039 4773 1187 4816 textu
1215 4764 1410 4816 Latino
1442 4778 1550 4816 non
1606 4766 1918 4832 przeluxisse
1977 4766 2307 4818 Hebraicum

733 4853 966 4908 Mattbaci
997 4859 1293 4925 exemplar,
1319 4858 1410 4910 sed
1439 4857 1707 4911 Graecum.
1745 4855 1929 4910 Tertio
1955 4858 2058 4909 late
2116 4860 2306 4925 probat

735 4946 969 5015 linguam
995 4948 1238 5002 Graecam
1269 4947 1437 5003 fuisse
1481 4952 1649 5020 magis
1689 4951 1970 5020 vulgarem
2031 4958 2088 5002 et
2147 4949 2310 5019 longe

739 5041 989 5108 pluribus
1032 5043 1290 5111 gentibus
1320 5043 1596 5106 usitatam,
1633 5058 1795 5111 quam
1844 5041 2187 5103 Hebraica'm,
2224 5042 2310 5094 in-

737 5135 911 5201 deque
979 5134 1188 5188 inl'erre
1244 5135 1435 5188 nititur
1478 5135 1790 5190 Matthaeum
1840 5135 2094 5188 debuisse
2135 5135 2314 5204 potius

739 5228 930 5280 (πάτερ
981 5244 1143 5296 quam
1217 5227 1483 5281 Hebraice
1563 5229 1826 5290 scribere,
1888 5242 2012 5280 cum
2087 5225 2314 5296 apostoli

737 5328 924 5372 essent
949 5321 1085 5384 iussi
1114 5323 1312 5374 ducere
1343 5337 1532 5375 omnes
1562 5331 1769 5389 gentes.
1799 5323 2004 5383 Quarto
2059 5324 2317 5375 observat

740 5433 897 5468 usum
939 5416 1105 5468 videri
1158 5416 1473 5475 Matthaeum
1506 5419 1682 5487 lingua
1714 5426 1840 5469 tunc
1867 5415 2072 5469 Judcels
2099 5414 2313 5476 usitata,

739 5522 851 5560 non
889 5509 1057 5562 veleri
1090 5524 1336 5578 puraque
1394 5511 1593 5580 lingua,
1639 5512 1679 5564 si
1749 5509 2012 5562 chraice
2077 5508 2316 5576 scripsit.

741 5600 1060 5667 Suspicatur
1095 5611 1274 5656 tamen
1311 5598 1497 5653 Patres
1526 5604 1796 5670 cogitasse
1831 5603 1898 5656 de
1959 5600 2141 5671 lingua
2181 5615 2312 5668 pura

743 5690 1003 5745 Hebraica
1041 5710 1051 5743 :
1094 5712 1109 5741 ι
1142 5695 1211 5746 Ex
1249 5709 1354 5762 quo
1385 5693 1721 5760 intelligitur,
1755 5695 1952 5762 inquit,
1987 5693 2039 5745 in
2073 5705 2316 5746 veterum

740 5800 806 5837 ea
837 5787 901 5837 de
929 5801 983 5839 re
1017 5787 1326 5839 testimmiiu
1369 5802 1472 5839 non
1526 5789 1754 5840 multum
1799 5801 1920 5840 esse
1984 5787 2242 5854 praesidii.
2296 5805 2312 5836 ι

749 5877 951 5942 Quinto
1015 5887 1325 5946 SUSplt‘ulur
1389 5878 1677 5949 Evangelio
1722 5877 2103 5934 Nazareorum
2165 5879 2322 5932 dece-

2417 4679 2530 4739 niu,
2557 4677 2813 4742 Origene,
2857 4675 3138 4739 Pantaenu,
3176 4674 3362 4742 Papia,
3435 4674 3689 4737 Eusebio,
3748 4679 3842 4743 qui
3883 4689 3984 4728 non

2416 4770 2760 4838 ignorabant,
2794 4777 2886 4820 aut
2919 4770 3168 4836 ignorare
3206 4778 3480 4838 poterant,
3515 4785 3616 4838 qua
3658 4769 3846 4839 lingua
3872 4780 3982 4824 ute-

2415 4872 2606 4915 rentur
2639 4861 2838 4923 Judati,
2876 4862 3093 4929 quando
3130 4863 3484 4933 Evangelium
3516 4864 3982 4931 scripsitsanctus

2415 4954 2725 5007 Mattlizeus.
2761 4953 2875 5008 lmo
2932 4956 3140 5018 nullus,
3170 4957 3384 5023 upinur,
3428 4953 3649 5006 Patrum
3706 4957 3984 5009 existima-

2415 5045 2514 5104 vit,
2564 5043 2668 5095 alia
2722 5044 2903 5111 lingua
2954 5044 3218 5098 Hebraiea
3259 5059 3415 5098 usum
3479 5059 3600 5099 esse
3651 5045 3982 5112 Matthaeum,

2415 5148 2578 5198 quam
2642 5134 2842 5187 usitata
2907 5150 3007 5189 suo
3069 5147 3334 5204 tempore.
3384 5137 3538 5199 Quod
3600 5154 3730 5192 vero
3795 5141 3986 5195 deinde

2418 5222 2614 5290 quinto
2677 5233 2729 5277 et
2784 5235 2937 5282 sexto
2999 5228 3186 5298 objicit
3230 5227 3534 5300 Basnagius
3583 5228 3651 5282 de
3701 5229 3988 5304 Erangelio

2421 5315 2829 5379 Nazaraeurum,
2898 5319 3062 5387 paulo
3113 5315 3380 5388 prolixius
3445 5319 3833 5389 explicandum
3887 5335 3984 5384 est,

2420 5409 2546 5475 quia
2603 5409 2666 5463 ad
2746 5415 3084 5479 propositum
3157 5425 3403 5466 nostrum
3479 5425 3735 5484 spectat.
3809 5428 3864 5470 et
3929 5432 3986 5469 ea

2423 5503 2763 5570 expositione
2797 5503 2861 5555 ad
2894 5505 3028 5557 alias
3072 5519 3288 5574 quoque
3348 5505 3724 5561 dubitationes
3763 5524 3985 5578 respuu-

2420 5595 2580 5647 debu.

2495 5687 2581 5740 57.
2649 5687 2721 5741 De
2794 5686 3087 5756 Evangelia
3157 5688 3556 5753 Nazarreorum,
3641 5691 3784 5760 quod
3859 5691 3988 5743 alias

2423 5783 2755 5851 vocatjuxta
2798 5781 3071 5844 Hebraeos,
3126 5800 3231 5837 non
3305 5799 3427 5837 raro
3476 5785 3711 5856 loquitur
3769 5795 3988 5842 sanctus

2428 5874 2816 5942 Hieronymus,
2858 5884 2912 5929 et
2943 5877 3086 5929 varia
3122 5891 3182 5930 ex
3220 5874 3308 5931 illo
3361 5877 3583 5934 adducit
3626 5878 3760 5932 locis
3811 5881 3987 5942 variis,
