4150 6504
210 434 313 494 773

1478 427 1652 488 νιΤΑ
1698 428 1758 486 S.
1807 425 2192 486 ΜΑΤΤΗΑΞῘ.

3344 423 3453 486 ΤΗ,

211 556 332 608 qua:
368 554 476 591 non
514 522 763 608 leguntur
825 535 878 588 in
928 534 1218 604 Evangelio
1260 533 1474 604 vulgato
1522 533 1786 588 Matthaei.
1821 537 1860 592 Α
1892 533 1969 586 Ad
2005 533 2118 585 haec
2154 530 2314 585 verba
2353 530 2668 594 notandum,
2698 530 2753 585 S.
2785 531 3142 601 Epiphaniam
3198 546 3306 584 non
3362 549 3451 586 vo-

209 631 470 683 Attamen
533 628 743 681 nullum
803 626 1017 679 videtur
1066 639 1184 677 esse
1240 624 1487 686 dubium,
1549 626 1678 691 quin
1725 624 1781 676 S.

212 721 579 790 Hieronymus
612 717 1031 780 existimaverit,
1078 715 1456 769 Nazaracorum
1510 717 1624 769 sive
1683 715 1786 769 He-

211 814 485 868 bra'orum
551 813 901 881 Evangelium
962 827 991 864 a
1055 821 1246 863 sancto
1305 811 1554 864 Mattha‘o
1618 809 1786 864 fuisse

212 905 506 974 scriptum,
566 905 658 957 sed
711 905 779 956 ab
838 903 944 955 illis
1001 911 1273 970 utcunque
1330 912 1666 970 corruptum.
1727 900 1784 954 In

212 998 479 1067 Catalogo
544 997 893 1063 scriptorum,
953 1009 1073 1061 cap.
1127 1010 1187 1057 ll,
1241 993 1368 1044 illud
1458 993 1637 1045 laudat
1703 992 1786 1044 his

207 1090 444 1144 verbis:
509 1107 526 1139 ‹
583 1087 935 1157 Evangelium
991 1099 1228 1153 quoque,
1284 1077 1426 1153 quod
1485 1085 1786 1152 appellatur

206 1185 516 1238 secundum
551 1182 825 1242 Hebratos,
889 1190 942 1232 et
979 1195 1005 1232 a
1066 1195 1150 1232 me
1210 1195 1383 1246 nuper
1435 1179 1488 1229 in
1540 1178 1782 1230 Graecum

211 1273 581 1343 Latinumque
628 1286 936 1326 sermonem
1004 1271 1331 1322 translatum
1403 1279 1509 1330 est,
1575 1284 1681 1336 quo
1732 1279 1786 1322 et

207 1381 353 1434 smpe
391 1367 583 1426 utitur,
617 1376 724 1417 etc.
770 1382 788 1412 ›
823 1362 939 1416 Non
967 1371 1177 1431 poterat
1213 1378 1323 1414 non
1391 1363 1597 1431 optime
1650 1360 1782 1413 illud

211 1475 379 1518 nosse
448 1459 832 1528 Hieronymus,
904 1457 946 1509 si
1015 1457 1065 1508 in
1118 1455 1366 1509 Gnaeum
1426 1455 1786 1523 Latinumque

207 1565 546 1611 sermonem,
591 1558 647 1600 ut
685 1548 940 1608 aﬂirmat,
1014 1547 1143 1599 illttd
1199 1557 1562 1601 converterat.
1622 1546 1782 1613 Atqui

207 1654 334 1692 mox
372 1654 492 1707 cap.
523 1640 575 1699 ὅ,
610 1640 662 1691 in
695 1639 945 1691 Matthan
983 1655 1088 1690 non
1121 1639 1360 1707 loquitur
1390 1637 1455 1690 de
1478 1638 1583 1694 alio
1610 1636 1786 1688 Evan-

209 1732 377 1797 gelio,
443 1732 658 1798 quando
709 1732 840 1785 dicit
890 1750 902 1786 :
947 1751 963 1780 ε
1005 1732 1169 1785 Porro
1225 1732 1399 1798 ipsum
1462 1728 1781 1783 Hebraicum

209 1822 502 1894 (Matllnei)
539 1826 764 1878 habetur
800 1839 970 1892 usque
1033 1823 1192 1876 hodie
1250 1823 1302 1874 in
1350 1821 1670 1877 Cmsariensi
1705 1821 1782 1875 bi-

213 1913 715 1969 bliotheca...'Mihi
751 1929 968 1982 quoque
994 1929 1023 1965 a
1076 1912 1367 1976 Nazaraais,
1401 1913 1488 1980 qui
1519 1913 1569 1963 in
1597 1912 1780 1964 Berma

211 2007 346 2059 urbe
383 2006 549 2075 Syria:
578 2008 677 2059 hoc
712 2007 989 2059 volumine
1015 2015 1261 2065 utuntur,
1309 2004 1652 2057 describendi
1705 2003 1785 2056 fa-

209 2097 386 2150 cultas
421 2100 542 2149 l'uit.
594 2116 611 2147 ι
644 2098 742 2150 Hic
787 2108 962 2161 vocat,
1005 2096 1320 2148 Ilebraicum
1351 2094 1610 2157 Matt/uri,
1638 2097 1782 2162 quod

213 2201 380 2254 supra
429 2189 711 2240 secundum
778 2185 1043 2249 Hebra'os,
1093 2201 1308 2253 quoque
1375 2187 1449 2238 uti
1504 2186 1782 2241 Nazarzeos

212 2275 466 2330 aiIirmat.
509 2278 699 2344 Liquet
733 2278 835 2330 hoc
867 2293 932 2330 ex
971 2277 1056 2338 iis,
1123 2293 1242 2344 quae
1291 2278 1452 2332 habet
1480 2279 1600 2331 aliis
1631 2279 1782 2333 locis.

214 2363 375 2423 Nam.
404 2365 497 2418 lib.
529 2382 585 2422 ut
615 2367 872 2418 Adversus
911 2366 1246 2436 Pelagianos,
1279 2367 1422 2423 circa
1456 2369 1669 2422 initium
1710 2370 1786 2424 sic

215 2457 456 2525 loquitur
506 2475 518 2511 :
574 2458 684 2511 iln
750 2459 1041 2528 Evangelio
1102 2462 1254 2526 juxta
1315 2458 1590 2521 Hebraeos,
1643 2459 1784 2527 quod

212 2545 508 2601 Chaldaico
535 2548 754 2615 quidem
785 2548 1029 2615 Syroque
1070 2563 1345 2606 sermone,
1383 2550 1474 2601 sed
1514 2549 1785 2602 Hebraicis

215 2639 420 2691 litteris
452 2641 713 2707 scriptum
736 2648 836 2704 est,
901 2655 1008 2707 quo
1036 2651 1259 2692 utuntur
1292 2654 1460 2708 usque
1491 2642 1647 2694 hodie
1675 2641 1784 2694 Na-

217 2729 441 2791 zarteni,
473 2731 770 2783 secundum
803 2733 1094 2798 apOstolos,
1137 2732 1268 2795 sive,
1330 2745 1385 2784 ut
1419 2734 1657 2802 plerique
1691 2751 1787 2788 au-

217 2829 454 2884 tmnant,
502 2822 655 2886 juxta
696 2821 1040 2886 Manlia-um;
1097 2825 1237 2891 quod
1286 2833 1335 2876 et
1379 2825 1430 2876 in
1469 2826 1785 2880 Caesariensi

220 2895 452 2962 habetur
484 2911 831 2974 bibliotheca,
875 2931 891 2961 ›
929 2923 1034 2964 etc.
1068 2917 1345 2966 Assertum
1380 2916 1445 2967 de
1463 2917 1786 2970 Ctesariensi

217 3001 549 3055 bibliotheca
584 3003 725 3056 clare
760 3005 1018 3064 insinuat,
1060 3004 1186 3057 illud
1243 3007 1414 3075 ipsum
1453 3024 1593 3075 esse,
1644 3011 1787 3080 quod

218 3107 383 3160 supra
426 3102 585 3146 vocat
618 3093 939 3146 chrairum
980 3099 1234 3150 Matt/uri.

289 3184 377 3235 58.
421 3182 659 3236 Rursum
687 3186 736 3235 in
769 3183 1001 3237 Matthaei
1052 3203 1172 3254 cap.
1221 3204 1319 3250 xit,
1368 3190 1506 3243 idem
1549 3192 1787 3258 Evangc-
1817 3225 1862 3284 ο

223 3276 350 3328 lium
389 3277 468 3330 sic
497 3277 679 3329 laudat
711 3295 721 3328 2
758 3297 774 3325 ι
811 3278 868 3330 ln
927 3279 1235 3350 Evangelio,
1269 3296 1375 3348 quo
1430 3292 1655 3334 utuntur
1684 3283 1786 3335 Na.

223 3372 419 3423 ιπωηί
450 3380 504 3422 ct
565 3369 829 3423 Ebionitae
885 3370 1046 3440 (quod
1093 3388 1264 3440 nuper
1315 3376 1369 3425 in
1419 3373 1665 3428 Graecum
1724 3375 1790 3427 de

225 3458 452 3514 Hebraeo
488 3477 742 3515 sermone
777 3464 1174 3526 transtulimus,
1212 3475 1266 3518 et
1319 3468 1462 3533 quod
1511 3478 1733 3521 vocatur
1762 3485 1791 3522 a

225 3551 502 3618 plerisque
540 3551 773 3604 Mattlnci
832 3554 1229 3617 authenticum,
1284 3575 1300 3606 ι
1340 3560 1467 3626 etc).
1529 3559 1662 3612 Cum
1705 3559 1792 3613 hic

227 3642 293 3692 de
338 3641 694 3693 translatione
760 3658 857 3693 sua
917 3653 1162 3704 te5tetur,
1210 3648 1416 3698 clarum
1466 3658 1566 3709 est,
1616 3651 1788 3716 ipsum

227 3730 424 3783 iterum
483 3732 549 3783 de
602 3733 790 3785 eodem
848 3733 993 3801 loqui
1056 3734 1370 3804 Evangelio,
1424 3738 1551 3791 illud
1616 3741 1788 3811 ipsum

226 3835 285 3874 se
329 3822 675 3876 transtulisse
704 3824 834 3876 dicit
867 3825 920 3877 in
967 3842 1082 3893 cap.
1123 3843 1194 3879 vn
1234 3829 1493 3894 MiCh‘tL'it‘,
1523 3833 1609 3884 ubi
1637 3844 1792 3886 vocat

228 3911 582 3984 Evangelium
619 3917 901 3967 secundum
939 3918 1185 3970 chra’os
1221 3921 1435 3971 editum.
1479 3922 1698 3974 Uemum
1735 3926 1786 3974 in

231 4024 352 4078 cap.
386 4027 460 4063 vn
492 4011 642 4062 lsai.e
662 4013 848 4063 eodem
872 4011 988 4063 loco
1012 4013 1154 4064 clare
1183 4013 1418 4065 insinuat
1440 4014 1793 4083 Hieronymus

229 4111 469 4153 mentem
504 4116 678 4164 suam,
717 4103 843 4154 dum
883 4101 954 4154 ita
1008 4103 1194 4157 scribit
1226 4120 1240 4155 :
1295 4122 1310 4153 ι
1364 4102 1520 4157 Juxta
1552 4107 1794 4172 Evange-

227 4189 384 4252 ltum,
419 4195 560 4260 quod
610 4193 840 4247 Hebr-eo
895 4209 1134 4247 sermom
1189 4198 1551 4261 conscriptum
1613 4198 1795 4261 legunt

225 4283 463 4337 Naz-arzni
497 4302 510 4335 :
550 4305 566 4335 ι
615 4286 876 4338 Descende
923 4302 1077 4352 super
1122 4302 1238 4337 eum
1276 4284 1593 4355 (Christum)
1628 4289 1795 4340 omnis

227 4378 344 4446 [om
375 4378 606 4444 Spiritus
640 4378 825 4429 sancti.
867 4377 929 4428 Et
965 4392 1124 4430 mox:
1171 4396 1187 4427 ‹
1232 4378 1288 4429 ln
1323 4378 1513 4430 eodem
1553 4377 1791 4431 Matthzni

229 4470 508 4521 volumtne
560 4470 785 4536 legimus
823 4468 974 4530 illud,
1031 4470 1171 4533 quod
1237 4470 1287 4520 in
1337 4475 1794 4537 consequentibus

1887 639 2010 678 care
2045 624 2391 692 Evangelium
2451 624 2591 677 istud
2645 623 3126 689 absolutissimum,
3190 625 3303 678 sive
3342 625 3455 694 ple-

1887 715 2176 767 nissimum
2229 718 2311 783 (ut.
2359 725 2559 768 sonant
2612 716 2774 768 verba
2834 716 3006 783 ipsius
3061 715 3264 783 Graeca)
3328 718 3452 783 quia

1885 804 2256 867 existimabat.
2325 806 2464 858 nihil
2528 806 2687 874 plane
2771 808 3136 874 corruptionis
3209 809 3259 860 in
3322 809 3452 862 illud

1886 901 2192 971 irrepsisse,
2235 905 2326 954 sed
2386 902 2509 967 quia
2574 903 2850 966 credebat,
2903 905 3228 966 exemplaria
3281 903 3448 958 Nazao

1884 1008 2118 1046 morum
2165 992 2345 1046 minus
2376 1008 2495 1045 esse
2524 1004 2804 1062 corrupta,
2868 1009 3028 1062 quam
3079 995 3302 1048 aliorum
3339 998 3454 1049 hac-

1887 1086 2203 1140 reticorum.
2246 1083 2362 1136 Mox
2387 1086 2531 1137 enim
2573 1085 2852 1153 subjungit
2902 1090 3016 1139 lucc
3053 1087 3210 1140 verba
3250 1104 3262 1140 :
3306 1088 3454 1140 «Ve-

1887 1192 2006 1228 rum
2041 1174 2171 1228 illud
2206 1176 2412 1239 nescio,
2446 1191 2574 1227 num
2631 1178 2972 1245 genealogias
3029 1178 3147 1230 illas
3201 1187 3448 1247 amputa-

1889 1267 2019 1328 rint,
2045 1283 2163 1334 qua:
2198 1267 2265 1319 ab
2306 1267 2615 1319 Abrahamo
2633 1269 2696 1320 ad
2726 1267 3000 1322 Christum
3053 1286 3222 1339 usque
3254 1273 3455 1339 perdu-

1886 1369 1984 1411 cta:
2022 1367 2167 1411 sunt.
2207 1376 2224 1408 ι
2266 1356 2410 1410 Talis
2448 1368 2626 1411 autem
2663 1359 2926 1413 dubitatio
2982 1363 3124 1414 clare
3188 1365 3453 1428 insinuat,

1887 1452 2174 1506 Nazaraos
2245 1465 2461 1520 quoque
2533 1463 2813 1520 suspectos
2913 1453 3213 1522 Epiphanio
3291 1455 3458 1512 fuisse

1886 1544 2256 1612 corruptionis
2323 1545 2374 1596 in
2439 1543 2781 1613 Evangelium
2865 1544 3096 1599 Marthzei
3174 1548 3455 1611 intinctae;

1887 1639 2069 1692 minus
2097 1640 2300 1698 tamen,
2341 1651 2501 1704 quam
2557 1638 2854 1701 Ebionitas,
2886 1638 3091 1692 aliosve
3140 1641 3453 1703 haereticos,

1887 1731 1977 1798 qui
2007 1730 2148 1782 idem
2184 1729 2353 1798 magis
2411 1740 2787 1796 corruperant.
2821 1730 3092 1783 Laudatus
3121 1730 3458 1799 Epiphanius

1890 1835 2011 1887 cap.
2047 1820 2074 1871 7
2107 1819 2334 1882 dixerat,
2392 1817 2768 1872 Nazareorum
2837 1831 3038 1872 sectam
3082 1824 3133 1872 in
3186 1819 3457 1877 Berceonsi

1893 1912 2108 1966 civitate
2184 1911 2527 1978 potissimum
2581 1911 2782 1978 vigere.
2846 1911 2999 1968 Unde
3055 1910 3267 1980 colligo,
3331 1913 3458 1966 illud

1895 2003 2068 2068 ipsum
2122 2000 2397 2066 exemplar
2441 1999 2786 2062 Hebraicum,
2838 2002 2903 2053 de
2939 2018 3046 2070 quo
3079 2003 3337 2071 loquitur,
3390 2006 3460 2058 ab

1891 2095 2219 2162 Hieronymo
2247 2094 2410 2147 fuisse
2429 2094 2778 2160 exscriptum,
2829 2095 3124 2164 Graecoque
3183 2105 3234 2151 et
3273 2096 3460 2151 Latino

1892 2198 2140 2236 sermone
2173 2187 2430 2236 donatum
2479 2200 2671 2237 :suum
2704 2187 2846 2237 enim
2889 2187 3089 2238 Beroea:
3134 2203 3161 2239 a
3192 2187 3462 2244 Nazarzcis

1891 2283 2174 2340 acceperat
2190 2272 2564 2342 Hieronymus.
2585 2273 2815 2327 Rursum
2837 2273 3194 2342 Epiphanius,
3218 2277 3347 2330 haar.
3366 2276 3458 2334 30.

1893 2381 2011 2433 quae
2034 2364 2531 2423 estEbionitarum.
2566 2380 2684 2433 cap.
2728 2366 2760 2416 3
2822 2366 3070 2428 allirmat,
3116 2368 3278 2420 hosce
3323 2382 3462 2435 quo-

1893 2473 1998 2525 que
2020 2458 2289 2511 Hebraico
2320 2456 2553 2509 Matthazi
2580 2456 2871 2525 Evangelia
2896 2473 3021 2510 usos
3051 2473 3192 2518 esse,
3238 2468 3290 2510 et
3343 2458 3462 2525 qui-

1894 2545 2015 2597 dem
2093 2545 2206 2600 solo
2280 2545 2755 2598 Cerinthianorum
2820 2546 2904 2598 vel
2976 2547 3460 2602 lllerinthianorum

1897 2637 2088 2700 instar,
2139 2646 2300 2704 atque
2351 2637 2481 2689 illud
2553 2652 2774 2690 vocasse
2853 2641 3138 2690 secundum
3192 2640 3462 2700 Hebraeos.

1896 2726 2101 2781 Deinde
2136 2743 2253 2795 cap.
2290 2728 2354 2780 15
2378 2727 2443 2779 de
2481 2727 2684 2794 majore
2741 2729 2881 2795 apud
2938 2730 3083 2796 ipsos
3116 2733 3465 2799 corruptione

1895 2819 2039 2871 illius
2077 2818 2351 2886 Evangelii
2389 2818 2467 2871 sic
2495 2817 2780 2885 loquitur:
2820 2837 2836 2869 ι
2878 2819 3044 2888 Igitur
3098 2819 3149 2871 in
3195 2835 3280 2882 eo,
3316 2822 3458 2890 quod

1896 2927 2060 2980 penes
2101 2912 2215 2964 illos
2266 2920 2366 2965 est.
2400 2909 2631 2962 Matthaei
2693 2910 3000 2978 Evangelia,
3050 2929 3357 2981 quanquam
3393 2931 3461 2968 ne

1896 3004 2162 3071 integrum
2194 3002 2408 3069 quidem
2444 3002 2570 3053 illud
2594 2999 2813 3065 habent,
2867 3007 2958 3054 sed
3011 3000 3370 3059 adulteratum
3411 3015 3468 3060 et

1895 3094 2164 3156 mutilum,
2192 3094 2351 3161 idque
2380 3093 2552 3161 ipsum
2609 3093 2927 3145 Hebraicum
2964 3105 3175 3157 vocant,
3221 3097 3289 3148 ita
3336 3096 3471 3149 scri-

1899 3198 2049 3254 pturn
2081 3194 2164 3239 est
2201 3204 2217 3234 ι
2256 3197 2361 3237 etc.
2391 3184 2665 3237 llactcnus
2695 3185 3047 3252 Epiphanius,
3092 3204 3121 3239 e
3153 3188 3312 3255 cujus
3347 3203 3468 3241 ver-

1895 3277 1974 3329 bis
2004 3278 2352 3328 manifcstum
2387 3286 2490 3337 est,
2553 3293 2662 3328 non
2716 3278 3012 3338 dubitasse,
3058 3279 3184 3346 quin
3228 3281 3470 3348 Evange-

1893 3367 2024 3419 limn
2058 3366 2376 3419 Hebraicum
2415 3365 2646 3418 Μιλησιιωί
2688 3379 2834 3422 esset
2870 3382 3251 3423 conservatum
3320 3371 3463 3438 apud

1894 3458 2198 3522 Nazaraaos,
2246 3459 2336 3513 sed
2399 3471 2708 3528 suspectum
2773 3461 3027 3515 habuisse
3082 3463 3147 3516 de
3209 3464 3468 3518 nonnulla

1894 3553 2266 3621 corruptione,
2332 3564 2489 3620 prout
2553 3550 2928 3606 Ebionilarom
2991 3554 3463 3622 corruptissimum

1895 3658 2014 3695 esse
2055 3654 2203 3696 certo
2235 3658 2265 3693 η
2279 3652 2484 3696 overat.

1965 3761 2054 3815 40.
2083 3760 2344 3814 Similiter
2367 3771 2588 3814 sanctus
2617 3761 2999 3832 Hieronymus,
3041 3764 3138 3816 etsi
3181 3763 3465 3818 Nazarreoo

1898 3871 2014 3907 rum
2059 3854 2409 3924 Evangelium
2431 3870 2537 3907 non
2573 3870 2695 3907 raro
2720 3856 2935 3922 alleget,
2973 3871 3247 3923 nunquam
3286 3866 3464 3910 tamen

1896 3953 2097 3996 tantam
2160 3944 2258 4010 ipsi
2310 3944 2685 3995 anetoritatem
2731 3945 2939 4005 tribuit,
2986 3956 3242 4012 quantam
3297 3947 3464 3998 textui

1894 4036 2080 4090 GFEPCO
2104 4036 2184 4087 vel
2217 4035 2403 4087 Latino
2434 4036 2500 4088 ab
2541 4035 2772 4088 Ecclesia
2814 4046 3049 4105 recepto.
3107 4040 3161 4090 ld
3213 4040 3328 4104 ipse
3383 4043 3469 4091 in-

1898 4130 2099 4192 sinuat,
2135 4128 2228 4182 lib.
2260 4145 2338 4192 m,
2377 4127 2570 4182 Contra
2605 4128 2939 4197 Pelagianos,
2974 4131 3061 4183 ubi
3114 4131 3373 4186 nonnulla
3400 4148 3463 4187 ex

1898 4221 1989 4272 illo
2025 4223 2334 4288 Evangelio.
2395 4231 2450 4273 et
2484 4221 2660 4284 locum
2703 4224 2939 4288 aliquem
2985 4223 3039 4274 S.
3087 4224 3272 4292 lgnatii
3318 4241 3463 4278 mar-

1901 4314 2029 4384 tyris
2070 4314 2284 4384 allegat,
2319 4323 2374 4368 ct
2406 4316 2527 4367 niox
2579 4315 2799 4385 subjicit
2846 4336 2856 4369 :
2908 4333 2925 4365 ι
2983 4317 3189 4382 Quibus
3225 4319 3471 4372 testimo-

1897 4407 2003 4459 niis
2041 4407 2080 4460 si
2126 4422 2228 4458 non
2271 4407 2437 4460 uteris
2488 4406 2550 4459 ad
2613 4409 3006 4472 auctoritatem,
3063 4414 3217 4463 utere
3275 4411 3466 4462 saltem

1901 4494 1965 4545 ad
2021 4493 2423 4557 antiquitatem,
2507 4495 2636 4558 quid
2701 4510 2894 4546 omnes
2952 4496 3307 4548 ecclesiastici
3368 4496 3468 4551 viri

227 4561 534 4614 scribitur:
584 4559 714 4612 Ecce
750 4559 888 4613 Puer
937 4575 1097 4624 meus,
1150 4576 1300 4628 quem
1349 4562 1498 4628 elegi.
1537 4572 1638 4619 etc.
1697 4562 1790 4616 Hic

1903 4584 2196 4637 senserint.
2258 4601 2274 4632 ι
2317 4581 2430 4636 Hac
2485 4583 2550 4636 de
2607 4599 2770 4638 causa
2815 4595 3036 4640 sanctus
3086 4585 3468 4658 Hieronymus,

231 4655 375 4707 idem
427 4653 798 4723 Evangeliutn.
838 4656 980 4723 quod
1043 4655 1224 4722 legunt
1270 4653 1523 4716 Nazarwi,
1568 4655 1796 4723 apertis-

232 4748 369 4800 sime
434 4748 856 4799 vocatMattlnei
918 4749 1190 4801 volumen.
1239 4749 1419 4815 Itaque
1479 4759 1691 4801 constat
1733 4750 1799 4802 dc

231 4847 416 4893 mente
454 4839 510 4892 S.
544 4838 885 4909 Hieronymi,
921 4840 1010 4906 qui
1045 4836 1410 4908 Evangeliutn,
1443 4857 1550 4908 quo
1572 4837 1800 4893 uteban-

231 4947 321 4988 tur
384 4932 648 4996 Νεῖλε-πί,
716 4942 771 4986 et
844 4933 984 5000 quod
1051 4932 1182 4985 alias
1272 4942 1422 4986 vorat
1501 4934 1796 4984 secundum

233 5027 516 5086 Hebraeos,
587 5040 684 5091 pro
747 5024 867 5092 ipso
928 5023 983 5074 ὃ.
1045 5022 1276 5076 Matthsei
1337 5023 1599 5076 Hebraico
1625 5024 1797 5076 Evan-

231 5119 375 5188 gelio
423 5114 633 5180 habuit,
667 5129 775 5168 non
815 5121 996 5168 autem
1030 5130 1127 5182 pro
1167 5130 1322 5182 puro.
1377 5126 1434 5168 ut
1471 5131 1592 5168 mox
1647 5117 1797 5170 vidc-

237 5217 443 5268 bimus.

299 5306 391 5361 39.
423 5304 708 5358 Sententia
747 5302 804 5356 S.
848 5300 1136 5371 Epiphanii
1185 5316 1290 5356 non
1326 5302 1431 5356 alia
1485 5312 1589 5364 est,
1635 5319 1796 5371 quam

231 5398 574 5470 Hieronymi.
628 5395 760 5449 Nam
831 5396 1023 5449 haeresi
1091 5397 1180 5461 29,
1222 5411 1341 5464 qua:
1394 5409 1475 5450 est
1514 5396 1796 5451 Nazareo-

235 5509 374 5557 rum,
401 5507 524 5560 cap.
574 5491 607 5544 9
638 5489 709 5542 ita
741 5489 902 5542 habet
937 5505 948 5541 :
996 5507 1013 5538 ‹
1052 5489 1148 5542 Est
1170 5505 1294 5542 vero
1326 5506 1490 5559 penes
1521 5491 1644 5545 illos
1672 5491 1798 5560 (Na-

231 5588 454 5653 zarmos)
485 5581 832 5651 Evangelium
862 5581 1160 5633 secundum
1199 5579 1502 5634 Matthmum
1539 5582 1797 5636 Hebraice

230 5681 518 5747 scriptum,
578 5685 633 5727 ct
676 5673 890 5742 quidem
945 5672 1426 5727 absolutissimum.
1492 5675 1601 5728 Hoc
1654 5677 1796 5727 enim

229 5770 558 5830 certissime,
601 5777 760 5835 prout
796 5762 1072 5816 Hebraicis
1108 5765 1299 5816 litteris
1347 5763 1500 5818 initio
1536 5767 1794 5835 scriptmn

230 5874 334 5930 est,
391 5863 446 5914 in
488 5857 814 5914 hodiernum
869 5871 1037 5924 usque
1101 5866 1312 5924 tempus
1364 5869 1709 5913 conservant.
1773 5879 1788 5908 ›

1901 4674 2119 4741 quando
2145 4672 2371 4740 jubente
2403 4681 2590 4726 sancto
2618 4674 2842 4727 Damaso
2867 4676 3030 4744 Papa,
3073 4688 3276 4730 textum
3326 4678 3423 4731 Lat
3445 4707 3472 4721 -

1901 4781 2027 4818 num
2065 4775 2295 4831 quatuor
2328 4765 2742 4833 Evangeliornm
2776 4769 3164 4835 corrigendum
3198 4772 3463 4839 suscepit,

1903 4871 2008 4909 non
2035 4866 2117 4909 est
2137 4871 2264 4909 usus
2292 4855 2584 4925 exemplari
2621 4855 2888 4910 llebraico
2924 4859 3052 4922 ullo,
3085 4861 3228 4928 quod
3255 4862 3462 4913 nullum

1903 4949 2066 5000 sciret
2109 4948 2240 5001 satis
2288 4948 2699 5016 incorruptum;
2762 4951 2854 5004 sed
2917 4953 3140 5006 vetustis
3192 4953 3472 5007 codicibus

1901 5039 2124 5099 Grzrcis.
2156 5044 2215 5092 ut'
2247 5040 2361 5107 ipsc
2396 5041 2581 5092 seribit
2612 5042 2676 5093 ad
2709 5023 3016 5098 Damasum.
3053 5043 3110 5095 ln
3143 5044 3331 5096 eadem
3391 5051 3470 5096 ta-

1903 5147 2025 5184 men
2060 5130 2125 5183 ad
2159 5131 2444 5185 Damasum
2475 5129 2790 5200 pratiatione
2834 5132 3008 5194 docet,
3059 5132 3338 5186 Hebraicis
3374 5135 3472 5188 lit“

1905 5224 2034 5278 teris
2063 5239 2215 5277 usum
2253 5238 2374 5278 esse
2418 5222 2752 5284 Matthazum,
2791 5226 2859 5277 ita
2887 5226 3170 5282 scribens:
3206 5225 3278 5280 De
3319 5226 3470 5280 Novo

1901 5331 2047 5370 nunc
2085 5316 2274 5384 loquor
2311 5315 2657 5369 Testamento
2695 5331 2708 5367 :
2745 5317 2884 5384 quod
2913 5316 3156 5371 Graecum
3184 5333 3304 5372 esse
3357 5334 3467 5372 non

1903 5407 2123 5459 dubium
2153 5415 2256 5465 est,
2293 5415 2522 5474 excepto
2546 5407 2792 5474 apostolo
2846 5406 3119 5473 Matlhaao,
3146 5409 3236 5477 qui
3261 5409 3467 5477 primus

1906 5499 1956 5550 in
2013 5497 2195 5553 Judara
2260 5498 2609 5567 Evangelium
2684 5498 2883 5552 Christi
2951 5499 3224 5553 Hebraicis
3275 5501 3470 5556 litteris

1905 5590 2092 5643 edidit.
2134 5609 2150 5638 ι
2182 5589 2335 5643 Nunc
2364 5589 2532 5644 lector
2588 5590 2867 5644 studiosus
2894 5590 3095 5658 iudicet
3140 5591 3206 5644 de
3248 5591 3467 5643 ratioci-

1899 5683 2009 5735 niis
2055 5681 2320 5750 Basnagii,
2396 5683 2622 5751 ejusque
2680 5683 2731 5733 in
2798 5682 3172 5735 ratiocinando
3221 5683 3467 5736 assertis.

1903 5771 2044 5825 Vidit
2077 5784 2296 5826 sanctus
2333 5772 2690 5842 Hieronymus
2743 5773 3069 5826 Hebraicum
3096 5771 3466 5841 Evangelinm,

1904 5879 2010 5931 quo
2041 5864 2332 5916 utebantur
2359 5864 2623 5923 Nazarzei,
2655 5865 3015 5937 Graecumque
3077 5862 3210 5917 illud
3253 5873 3303 5917 et
3335 5861 3475 5914 Lati-
