4150 6500
737 393 837 456 175

1951 397 2234 457 MENSIS
2277 397 2748 459 SEPTEMBER.

3873 393 3978 456 ’Πϐ

734 523 866 562 num
925 508 1182 574 reddidit,
1215 521 1264 569 et
1305 520 1420 581 post
1459 527 1688 567 examen
1725 522 1830 567 tam
1867 524 2137 573 exactum.
2165 514 2309 580 judi-
2334 523 2379 577 Α
2414 526 2520 567 tum
2544 524 2647 577 est,
2684 516 2916 582 primum
2943 529 3002 566 ex
3028 512 3282 566 omnibus
3305 512 3649 580 evangelistis
3667 510 3978 579 scripsisse,

729 601 868 653 cavit
929 617 1051 656 cum
1115 601 1173 656 S.
1239 603 1560 673 Epiphanio.
1638 605 1813 674 ipsum
1894 622 2015 660 esse
2067 606 2299 660 Matthxi

728 690 1080 756 Hebraicum,
1112 695 1205 748 sed
1239 696 1446 763 aliquot
1500 696 1635 750 locis
1673 707 2011 767 corruptum,
2071 698 2300 765 ideoque

725 782 903 835 debita
960 785 1284 838 auctoritate
1346 800 1588 848 carens;
1651 786 1948 856 Basnagius
1999 802 2146 848 vero,
2208 787 2297 852 qui

727 889 1003 944 nunquam
1053 876 1178 930 illud
1210 876 1361 938 vidit,
1421 879 1701 930 contendit
1760 878 2109 947 Evangeliutn
2168 878 2299 931 illud

725 979 928 1018 meram
971 965 1139 1021 fuisse
1181 969 1488 1021 versionem
1522 985 1586 1021 ex
1625 968 1812 1024 Gra'eo
1843 970 2077 1023 Mattbaei
2108 979 2296 1032 textu;

725 1049 802 1120 id,
869 1060 1110 1124 inquam,
1169 1062 1449 1112 contendit
1503 1070 1691 1112 contra
1768 1074 2010 1113 omnium
2079 1059 2296 1113 Patrum

724 1151 1124 1214 auctoritatem,
1163 1160 1217 1202 et
1251 1152 1369 1203 sine
1395 1152 1503 1204 ullo
1557 1152 1755 1204 vetusti
1809 1152 2093 1221 scriptoris
2148 1152 2297 1204 testi-

722 1242 925 1293 mOttiO.
963 1242 1075 1310 Ego
1111 1257 1239 1294 sane
1276 1259 1385 1296 non
1437 1245 1591 1311 capio
1620 1260 1726 1312 quo
1774 1244 1903 1297 illud
1954 1244 2162 1312 judicio
2203 1259 2297 1296 co-

722 1328 893 1397 gitare
936 1333 1193 1396 potuerit,
1225 1346 1330 1399 qua
1378 1332 1555 1385 l‘ronte
1591 1347 1758 1385 ausus
1815 1332 1978 1385 fuerit
2032 1335 2293 1397 edicere;

721 1420 1160 1488 quandoquidem
1244 1429 1454 1475 tantum
1527 1435 1636 1474 non
1710 1430 1899 1488 aperte
1959 1421 2292 1488 pronuntiat,

721 1513 1186 1580 rectiusjudicare
1212 1528 1269 1566 se
1301 1513 1540 1580 potuisse
1577 1512 1642 1565 de
1693 1511 1984 1580 Evangelia
2018 1527 2292 1579 nunquam

718 1601 871 1664 viso;
900 1619 1059 1669 quam
1090 1604 1465 1659 ductissamum
1509 1602 1896 1673 Hieronymum
1970 1603 2036 1657 de
2101 1605 2290 1657 eodem

721 1696 1289 1766 irequenterperlecto
1310 1700 1617 1769 collatoque
1647 1716 1768 1754 cum
1788 1697 1989 1754 Graecis
2019 1698 2293 1753 etLatinis

718 1790 1144 1857 exemplaribus.

782 1879 871 1932 Η.
909 1880 987 1934 Ne
1023 1890 1202 1934 tanien
1255 1882 1389 1936 nihil
1428 1883 1709 1938 videretur
1757 1897 1821 1936 ex
1874 1882 2115 1950 antiquis
2159 1883 2284 1936 alle-

713 1983 874 2038 gasse
944 1970 1263 2041 Basnagius,
1341 1974 1518 2028 locum
1588 1974 1804 2029 adducit
1857 1991 1920 2028 ex
1986 1974 2289 2043 Epiphanio

715 2060 916 2114 Hmres.
945 2064 1031 2120 50.
1067 2081 1186 2133 cap.
1223 2067 1276 2127 5,
1309 2077 1365 2118 ut
1395 2067 1585 2134 probet
1630 2066 1838 2121 Novum
1873 2066 2283 2119 Testamentum

713 2171 778 2207 ex
812 2157 998 2211 Graeco
1032 2158 1202 2212 fuisse
1235 2159 1499 2213 chraice
1551 2162 1846 2214 redditum.
1908 2161 2145 2214 Aderam
2182 2175 2283 2230 ego

711 2247 892 2302 locum
951 2257 1244 2322 integrum,
1277 2268 1437 2322 quem
1488 2254 1575 2307 ille
1626 2257 1862 2307 medium
1913 2255 2181 2309 recitavit.
2230 2260 2288 2305 ut

710 2342 892 2394 videat
940 2343 1108 2395 lector
1143 2345 1288 2398 hunc
1338 2346 1516 2412 ipsum
1553 2360 1673 2398 esse
1724 2345 1990 2413 Basnagio
2053 2347 2286 2398 maxime

709 2437 1076 2488 contrarium.
1144 2453 1162 2487 ι
1228 2437 1462 2496 Etenim,
1531 2437 1705 2505 inquit
1758 2437 2114 2506 Epiphanius,
2159 2452 2284 2490 vere

708 2523 840 2577 illud
869 2525 1139 2580 alﬁrmare
1186 2543 1500 2595 possumus,
1543 2545 1708 2582 unum
1743 2545 1806 2582 ex
1853 2529 2113 2582 ontnibus
2147 2529 2280 2582 Novi

709 2617 1043 2672 'l‘estamenti
1109 2621 1468 2688 scriptoribus
1537 2620 1846 2674 Matthaeutn
1900 2620 2164 2674 Hebraice
2220 2636 2282 2675 ac

708 2709 907 2765 litteris
962 2711 1245 2768 Hebraicis
1281 2714 1648 2784 evangelicam
1686 2714 1970 2768 historiam
2019 2715 2277 2768 texuisse.

708 2800 818 2856 Nec
853 2805 1079 2858 deluere
1121 2806 1211 2873 qui
1278 2806 1346 2860 de
1388 2804 1613 2860 Joannis
1663 2805 1953 2876 Evangelio
1993 2806 2282 2859 conﬁrma-

709 2903 852 2954 rent,
918 2897 1049 2949 illud
1120 2897 1379 2950 Hebraice
1472 2899 1794 2953 translatum
1871 2897 2157 2950 Tiberiade
2229 2898 2279 2949 in

702 2983 1016 3038 Iudaeorum
1050 2987 1451 3058 gazophylaciis
1484 2988 1770 3048 asservari,
1811 2995 1866 3040 et
1926 2988 1976 3040 in
2028 2987 2283 3041 secretio-

706 3079 860 3132 ribus
915 3078 1241 3146 quibusdam
1295 3080 1669 3149 penetralibus
1714 3077 1933 3133 recondi
1996 3080 2096 3133 :id
2138 3080 2280 3148 quod

704 3171 954 3223 nonnulli
988 3173 1146 3234 mihi,
1180 3176 1269 3240 qui
1297 3188 1353 3224 se
1375 3174 1440 3224 ad
1476 3171 1682 3224 Christi
1724 3170 1881 3225 ﬁdem
1926 3186 1956 3226 e
1999 3172 2280 3226 Judaismo

2404 615 2457 658 et
2503 605 2852 674 Evangelium
2879 604 3278 672 composuisse,
3327 605 3638 670 priusquam
3687 620 3754 656 ex
3789 603 3975 656 Judaea

2403 695 2706 748 discederet
2737 695 2799 747 ad
2832 694 3235 761 pra'dicanduni
3269 693 3388 745 aliis
3425 694 3702 762 gentibus.
3771 693 3831 746 S.
3868 695 3976 746 lreo

2403 802 2552 840 urens
2633 786 2723 839 lib.
2792 802 2845 837 Ill
2899 785 3095 840 Contra
3171 784 3428 842 Ilienses,
3477 800 3598 852 cap.
3657 786 3709 846 1,
3762 786 3976 839 videtur

2401 876 2755 944 scriptionem
2821 875 3236 945 Evangeliorum
3313 876 3488 931 serius
3566 876 3754 945 ﬁgere.
3813 893 3970 943 quam

2402 968 2594 1036 reliqui
2636 969 2846 1029 Patres,
2897 970 3001 1024 nisi
3029 971 3190 1022 verba
3244 969 3416 1038 ipsius
3449 970 3554 1022 alio
3594 984 3763 1021 sensu
3795 969 3969 1021 forsan

2401 1062 2601 1130 exponi
2655 1062 2890 1114 valeant.
2939 1061 3122 1113 Latina
3192 1061 3564 1127 interpretatio
3623 1062 3673 1112 in
3735 1062 3973 1115 editione

2398 1153 2686 1205 novissima
2718 1155 2795 1205 sic
2836 1154 3000 1205 habet
3039 1169 3051 1204 :
3097 1171 3114 1202 ι
3158 1153 3234 1206 lta
3270 1153 3557 1205 Matthatus
3625 1155 3675 1204 in
3726 1153 3971 1205 Hebrmis

2399 1244 2843 1313 ipsorunilingua
2900 1245 3225 1310 scripturam
3278 1245 3445 1296 edidit
3485 1244 3786 1313 Evangelii.
3846 1262 3963 1302 cum

2397 1336 2587 1389 Petrus
2622 1347 2674 1390 et
2722 1336 2919 1390 Paulus
2968 1336 3151 1389 Romae
3188 1336 3649 1404 evangelizarcnt,
3688 1347 3743 1388 et
3775 1335 3972 1388 funda-

2397 1439 2519 1480 rent
2554 1427 2871 1481 Ecclesiam.
2918 1447 2935 1477 ›
2989 1427 3252 1481 Omnibus
3284 1435 3430 1480 certe.
3466 1426 3719 1480 Pati-ibus
3745 1439 3969 1481 conita-

2397 1521 2514 1572 rius
2543 1521 2645 1572 erit
2673 1519 2926 1582 Irenacus,
2957 1520 2998 1571 si
3057 1520 3125 1572 ita
3160 1521 3225 1571 sit
3269 1519 3644 1586 explicandus,
3689 1528 3746 1572 ut
3777 1521 3968 1573 eodem

2395 1623 2637 1680 tempore
2664 1613 2943 1677 scripserit
2997 1611 3299 1669 Matthaeus,
3338 1626 3445 1678 quo
3489 1611 3672 1665 Romae
3715 1613 3968 1683 Evange-

2391 1704 2520 1757 liutn
2561 1705 2930 1773 praedicabant
2992 1704 3184 1757 Petrus
3222 1717 3272 1756 et
3319 1703 3536 1756 l‘aulus.
3589 1705 3656 1758 At
3713 1709 3965 1773 suspicor

2391 1797 2913 1850 noluisselretneum
2950 1796 2996 1848 id
3033 1796 3404 1856 indicare,scd
3437 1797 3611 1848 solum
3657 1798 3970 1852 insinuasse

2329 1884 2616 1952 Bquinatn
2689 1899 2874 1940 essent
2932 1899 3182 1940 auctores
3251 1885 3695 1956 Erangeliorum.
3745 1905 3967 1956 quinam

2396 1993 2523 2028 vero
2562 1978 2871 2030 traditionis
2910 1977 3167 2030 Romanae
3202 1980 3476 2043 Ecclesiae,
3520 1982 3780 2048 eaquede
3807 1997 3966 2036 causa

2393 2068 2469 2120 sic
2505 2068 2743 2122 locutum
2774 2083 2918 2121 esse.
2951 2067 3111 2122 Certe
3163 2069 3450 2123 haereticos
3481 2074 3530 2124 in
3571 2073 3666 2125 illo
3719 2074 3860 2126 libro
3890 2090 3970 2126 re-

2393 2156 2535 2210 futat
2604 2174 2668 2212 ex
2727 2159 3023 2212 traditione
3089 2161 3324 2227 primum
3381 2157 3637 2215 Romanae
3692 2163 3966 2225 Ecclesiae,

2390 2251 2546 2317 cujus
2601 2260 2852 2302 auctores
2883 2250 3104 2302 Petrum
3158 2251 3347 2303 statuit
3380 2261 3434 2304 et
3492 2253 3762 2319 Paulum;
3821 2269 3874 2310 et
3907 2275 3967 2315 ex

2389 2339 2686 2408 Scripturis
2741 2340 2873 2394 Novi
2921 2340 3276 2403 Testatnenti,
3336 2359 3398 2395 ex
3451 2344 3650 2410 quibus
3730 2350 3966 2416 primum

2390 2434 2520 2486 dicit
2546 2433 2893 2504 Evangehum
2921 2433 3178 2489 Matthxi.
3216 2436 3282 2490 Et
3313 2451 3444 2490 sane
3508 2447 3688 2493 textus
3745 2439 3968 2496 Grrecus

2387 2541 2493 2579 non
2526 2537 2607 2580 est
2633 2528 2940 2581 necessario
2979 2531 3335 2598 exponendas
3365 2545 3428 2584 eo
3462 2546 3648 2593 sensu,
3694 2545 3753 2585 ut
3787 2535 3962 2586 Evan-

2387 2619 2584 2685 gelium
2609 2619 2800 2672 eodem
2837 2619 2996 2688 plane
3037 2631 3278 2689 tempore.
3301 2623 3564 2686 scriptum
3594 2623 3836 2684 dicatur,
3860 2640 3968 2690 quo

2387 2709 2580 2762 Petrus
2606 2720 2659 2762 et
2709 2710 2907 2762 Paulus
2941 2711 3123 2762 ltotntc
3182 2712 3565 2776 praedicarunt.
3631 2708 3810 2763 Verba
3845 2731 3963 2766 cum

2386 2795 2606 2852 litterali
2633 2801 2995 2866 explicatione
3015 2802 3285 2869 subjungo
3315 2818 3327 2853 :
3368 2802 3426 2852 Ὀ
3458 2801 3556 2868 μὲν
3593 2802 3654 2872 δὴ
3685 2805 3965 2865 Matinio;

2384 2888 2439 2940 ἐν
2479 2892 2590 2952 τοῖς
2641 2888 2912 2958 Ἑϐραίοις
2948 2893 3011 2960 τῇ
3047 2891 3154 2959 ξόἱᾳ
3185 2891 3449 2960 διαλέκτῳ
3483 2894 3658 2946 αὐτῶν
3686 2898 3787 2946 καὶ
3825 2914 3961 2965 γρα-

2386 2983 2491 3052 φὴν
2551 2985 2841 3053 ἐξήνεγκεν
2889 2984 3243 3050 Εὐαγγέλίου,
3302 2985 3394 3037 τοῦ
3457 2988 3663 3054 Πέτρου
3731 2994 3827 3041 καὶ
3872 2990 3961 3042 τεῦ

2386 3076 2595 3127 [Indico
2620 3079 2675 3128 ἐν
2706 3075 2890 3146 Ῥώμῃ
2914 3076 3415 3145 εὐαγγελιζομένων
3448 3080 3539 3128 καὶ
3559 3078 3961 3145 Οεμεὶιούντων

2382 3167 2479 3236 τὴν
2533 3169 2878 3236 Ἐκκλησίαν,
2931 3185 2947 3218 t
2981 3169 3263 3222 Matth-mus
3309 3171 3527 3238 quidem
3596 3171 3651 3222 in
3722 3171 3962 3224 Hebraeis

706 3264 1121 3323 transtulerant,
1169 3265 1582 3317 accuratissime
1636 3263 2007 3317 declararunt.
2063 3264 2176 3318 ltno
2228 3244 2351 3316 etC
2387 3263 2603 3328 propria
2665 3260 2904 3328 ipsorum
2977 3259 3155 3329 lingua
3216 3271 3269 3313 et
3349 3263 3676 3328 scripturam
3742 3266 3964 3327 protulit

703 3356 1075 3424 apostolorum
1118 3359 1287 3410 Actus
1321 3358 1375 3409 in
1421 3357 1751 3412 Hebraicum
1789 3373 2098 3412 sermonem
2151 3373 2276 3426 per-

704 3447 830 3501 inde
861 3459 1156 3504 eonversos
1192 3465 1222 3502 e
1252 3449 1441 3504 Graeco
1478 3451 1670 3504 iisdem
1700 3452 1754 3504 in
1783 3455 2054 3504 thesauris
2093 3451 2279 3503 haberi

705 3541 1000 3594 multorum
1047 3557 1299 3596 sermone
1338 3544 1678 3612 percrebruit
1721 3559 1733 3591 :
1771 3553 1825 3595 et
1855 3544 1944 3609 qui
1999 3541 2155 3594 nobis
2183 3543 2278 3593 ista

702 3633 1017 3690 narrabant.
1059 3633 1298 3685 indidem
1336 3634 1666 3689 Christiana:
1712 3633 2107 3701 amplectenda:
2157 3633 2278 3686 ﬁdei

702 3724 1050 3775 oceasionem
1109 3735 1465 3793 acceperunt.
1514 3743 1534 3776 ι
1601 3724 1725 3780 Haec
1780 3725 2138 3794 Epiphanius.
2205 3726 2279 3777 Ex

701 3825 767 3862 eo
793 3821 970 3864 autem
1012 3813 1130 3867 loco
1173 3816 1387 3866 discere
1416 3816 1648 3868 debebat
1695 3815 2021 3880 Basnagius,
2091 3814 2282 3866 Patres

701 3905 1011 3957 distinxisse
1048 3906 1190 3958 inter
1220 3907 1383 3958 libros
1414 3906 1648 3974 primum
1702 3903 1967 3957 Hebraice
2019 3905 2280 3972 scriptos,

703 4006 753 4050 et
799 3998 937 4058 illos,
972 4000 1060 4064 qui
1109 4013 1173 4049 ex
1219 3997 1420 4051 Grrccis
1473 3999 1667 4051 redditi
1713 4009 1839 4050 sunt
1894 3997 2185 4060 Hebraici;
2228 4003 2282 4049 et

703 4086 864 4157 longe
913 4091 1285 4140 accuratiorcs
1322 4101 1442 4142 esse
1480 4091 1531 4140 in
1568 4091 1721 4141 lactis
1754 4090 2279 4154 enarrandis,quam

703 4189 762 4233 ut
806 4181 1048 4248 ipsorum
1079 4181 1460 4233 auctoritatem
1503 4191 1704 4234 temere
1742 4182 1980 4248 abjicere
2009 4188 2278 4248 opOrteat.

703 4270 838 4325 Nam
875 4286 938 4325 ex
972 4271 1199 4342 allegato
1231 4272 1349 4327 loco
1392 4256 1618 4336 inferre,
1661 4279 1824 4326 etiam
1848 4273 2080 4326 Matthaai
2104 4273 2280 4326 Evan-

703 4364 902 4435 gelium
958 4378 1020 4416 ex
1083 4364 1272 4416 Graeco
1336 4364 1660 4418 Hebraicutn
1717 4381 1837 4417 esse
1896 4367 2185 4428 redditum,
2230 4367 2278 4417 id

702 4453 939 4507 amentis
972 4453 1154 4521 potius
1182 4463 1284 4513 est.
1307 4470 1468 4525 quam
1506 4455 1901 4511 ratiocinantis.
1934 4453 2103 4520 Quale
2119 4459 2279 4510 etiam

2388 3350 2692 3420 Evangelii,
2730 3351 2888 3404 Petro
2920 3362 2975 3403 et
3007 3351 3172 3405 Paulo
3229 3351 3411 3403 Itonia:
3454 3355 3960 3418 erangchzanttbus

2384 3452 2437 3495 et
2463 3442 2756 3496 licclesiam
2810 3441 3182 3494 l'undautibus.
3224 3458 3242 3490 ι
3299 3442 3423 3494 llaec
3461 3445 3623 3494 verba
3659 3444 3821 3496 lacile
3882 3446 3961 3496 sic

2386 3545 2614 3599 possunt
2643 3530 2967 3600 intelligi,ut
2998 3531 3471 3584 sanctusli'etueus
3505 3532 3744 3585 noluerit
3781 3539 3961 3589 dicere

2387 3636 2677 3692 utrumque
2704 3625 2894 3679 eodem
2934 3635 3179 3694 tempore
3216 3625 3438 3681 fortuiti.
3462 3628 3529 3679 At
3573 3616 3757 3680 libens
3794 3626 3964 3680 lateor

2389 3717 2556 3786 magis
2589 3717 2878 3772 diﬂlculter
2941 3720 3136 3790 exponi
3172 3735 3331 3790 posse
3384 3721 3543 3772 verba
3589 3720 3778 3773 lretnet
3843 3738 3961 3777 mox

2383 3811 2660 3872 sequentia
2680 3810 2744 3860 de
2767 3809 2987 3876 reliquis
3006 3813 3372 3877 evangelistis,
3393 3826 3515 3862 nam
3539 3813 3755 3865 videtur
3775 3816 3960 3870 dicere

2389 3896 2509 3951 illos
2550 3914 2741 3952 omnes
2794 3899 3079 3969 scripsisse
3129 3908 3249 3968 post
3287 3911 3516 3952 mortem
3553 3901 3652 3954 SS.
3698 3901 3844 3958 Petri
3912 3918 3962 3961 et

2384 3989 2558 4054 Pauli,
2596 3993 2698 4046 nisi
2733 4004 2912 4046 textus
2940 3996 3008 4047 sit
3035 4003 3346 4062 Corruptus,
3389 4003 3444 4046 ut
3478 3999 3796 4064 suspicatur
3854 3997 3960 4056 Tll-

2384 4083 2696 4144 lentontius,
2737 4095 2868 4138 tom.
2928 4083 2992 4145 ll,
3040 4097 3162 4139 nota
3215 4088 3247 4139 5
3301 4090 3354 4139 in
3406 4102 3654 4140 sane-uni
3694 4087 3957 4144 Marcum.

2383 4177 2656 4246 Quidquid
2716 4176 2805 4240 sit,
2855 4179 2897 4228 si
2953 4191 3018 4229 ea
3072 4179 3140 4230 sit
3198 4180 3371 4231 sancti
3428 4181 3615 4234 lrenwi
3659 4186 3958 4242 sententia.

2381 4270 2561 4337 qualis
2586 4280 2832 4338 apparet,
2871 4268 3052 4321 malim
3093 4267 3339 4333 Credere,
3372 4269 3547 4338 ipsum
3576 4275 3760 4325 minus
3785 4285 3961 4328 atten-

2382 4361 2528 4412 disse
2584 4361 2649 4411 ad
2701 4367 2945 4413 exactam
2995 4361 3205 4415 illorum
3265 4363 3514 4415 omnium
3551 4363 3956 4427 chronotaxim,

2383 4449 2527 4518 quod
2557 4449 2647 4502 illa
2679 4453 2742 4501 ad
2773 4451 3110 4520 propositum
3150 4453 3320 4522 ipsius
3359 4469 3549 4520 parum
3600 4458 3956 4520 conduceret,

704 4551 810 4606 est,
845 4544 989 4614 quod
1023 4545 1192 4606 addit.
1234 4561 1295 4600 ex
1322 4547 1704 4617 antiquissima
1742 4549 1993 4602 versione
2021 4549 2277 4603 Hebraica
2310 4579 2357 4638 Β
2384 4558 2544 4612 quam
2566 4542 2630 4595 ad
2662 4557 2746 4595 res
2771 4543 2915 4610 ipsis
2938 4558 3074 4612 quas
3131 4545 3231 4596 sibi
3272 4543 3503 4599 habebat
3527 4550 3874 4615 propositas:
3908 4559 3959 4602 et

704 4646 883 4692 ortam
929 4651 1052 4691 esse
1080 4637 1425 4691 traditionem
1462 4638 1530 4691 de
1579 4643 1781 4707 scripto
1812 4639 2072 4694 Hebraice
2104 4643 2277 4695 Evan-

704 4730 868 4799 gelio.
910 4728 1023 4783 Nisi
1056 4721 1204 4784 enim
1261 4729 1450 4784 Patres
1506 4745 1698 4785 omnes
1745 4731 2074 4786 intolerabili
2137 4733 2276 4787 lastu

705 4822 936 4876 velimus
959 4833 1331 4886 contemnere,
1369 4840 1436 4877 ne
1471 4825 1737 4893 suspicari
1797 4827 2016 4895 quidem
2073 4829 2278 4896 poterio

705 4926 850 4973 mus,
889 4912 1028 4965 adeo
1066 4928 1260 4966 omnes
1295 4913 1466 4968 fuisse
1501 4916 1782 4983 deceptos,
1823 4923 1880 4966 ut
1937 4931 2112 4983 neque
2143 4917 2279 4969 anti-

703 5007 951 5074 quissimi
978 5015 1033 5060 et
1065 5007 1440 5077 apostolorum
1500 5009 1843 5079 temporibus
1871 5011 2103 5081 proximi
2137 5011 2279 5064 scire

711 5099 992 5165 potuerint
1015 5113 1116 5168 qua
1161 5100 1340 5169 lingua
1373 5101 1423 5154 in
1461 5102 1750 5156 scribendo
1786 5118 1917 5158 usus
1953 5103 2113 5157 luerit
2142 5103 2279 5155 Mat-

709 5189 904 5255 rhzeus,
937 5205 1038 5245 nec
1069 5193 1369 5246 doctissimi
1412 5193 1649 5255 illorum,
1680 5194 1980 5265 linguaeque
2002 5195 2279 5252 Hebraicm

709 5279 1046 5346 peritissimi,
1078 5281 1290 5352 (quales
1332 5284 1556 5340 luerunt
1607 5296 1757 5341 certo
1819 5289 2174 5359 Hieronymus
2225 5296 2278 5341 et

707 5370 994 5438 Origenes.
1037 5374 1144 5428 itno
1176 5385 1230 5427 et
1259 5376 1616 5446 Epiphanius)
1655 5379 2066 5448 deprehendere
2088 5379 2276 5433 volue-

709 5463 844 5523 rint,
893 5479 955 5515 cx
1014 5462 1201 5520 Graeco
1248 5467 1482 5521 Marthaei
1545 5484 1736 5523 cusum
1790 5482 1873 5524 est
1928 5472 2273 5541 Evangelium

713 5552 1067 5619 Hebraicutn,
1098 5557 1239 5623 quod
1285 5558 1553 5611 habebant
1612 5561 1867 5614 Nazarmi.
1908 5558 2104 5615 Verum
2154 5562 2274 5630 plus

710 5660 873 5714 quain
911 5649 1039 5698 Satis
1069 5649 1134 5700 de
1169 5648 1390 5717 ineptiis
1429 5649 1697 5721 Basnagii.

783 5736 869 5788 Η..
915 5737 987 5792 De
1027 5755 1193 5802 anno,
1224 5758 1328 5808 quo
1363 5755 1581 5797 sanctus
1617 5744 1900 5800 Mattheus
1927 5745 2271 5814 Evangelium

717 5831 1063 5897 Conscripsit,
1115 5835 1246 5885 nihil
1288 5838 1420 5887 certi
1457 5835 1696 5889 :ellcrtur.
1730 5835 1860 5889 Illud
1925 5850 2095 5892 tamen
2160 5856 2277 5893 cer-

2387 4637 2465 4689 sic
2495 4641 2811 4705 reverenter
2868 4633 2936 4686 ab
2973 4634 3092 4702 ipso
3127 4634 3405 4697 recedere,
3466 4650 3629 4698 quam
3666 4653 3696 4690 a
3733 4642 3958 4710 reliquis

2380 4726 2655 4780 omnibus.

2451 4819 2537 4871 ιδ.
2600 4815 2864 4874 Barouius
2914 4817 2967 4873 in
3025 4818 3329 4874 Annalibus
3395 4820 3657 4892 scriptum
3715 4821 3954 4878 Matthzi

2381 4915 2735 4984 Evangelium
2769 4915 2935 4969 refert
2963 4913 3029 4968 ad
3069 4930 3271 4969 annum
3309 4917 3510 4970 Christi
3537 4918 3598 4971 41
3629 4934 3645 4983 ;
3685 4919 3804 4985 sed,
3833 4937 3953 4976 cum

2382 5012 2532 5066 illum
2570 5017 2820 5062 numeret
2883 5007 2999 5063 Caii
3047 5007 3394 5075 imperatoris
3431 5012 3674 5076 tertium,
3711 5012 3953 5082 designao

2383 5112 2468 5156 tur
2517 5118 2584 5156 ex
2618 5101 2943 5154 chronotaxi
3006 5098 3150 5169 Pagii
3203 5109 3258 5153 et
3316 5099 3545 5154 aliorum
3600 5116 3782 5156 annus
3837 5118 3954 5158 cra

2380 5194 2707 5248 Christiana:
2743 5192 3050 5246 tricesimus
3093 5207 3289 5246 nonus.
3333 5190 3834 5248 LaudatBaronius
3857 5211 3952 5265 pro

2380 5284 2662 5354 designato
2687 5297 2832 5337 anno
2856 5283 2970 5337 Caii
3022 5281 3182 5335 tertio
3217 5280 3534 5336 Chronicon
3589 5282 3834 5349 Eusebii,
3899 5286 3950 5338 in

2381 5392 2489 5443 quo
2544 5374 2674 5428 illud
2713 5375 2931 5445 legitur,
2971 5384 3132 5445 prout
3178 5374 3384 5432 editum
3423 5374 3614 5430 Latine
3673 5388 3950 5432 eratante

2382 5465 2697 5520 Baronium.
2767 5469 2856 5528 At,
2899 5465 3355 5535 quemadmodum
3416 5467 3733 5522 observavit
3782 5467 3947 5524 Tille-

2380 5557 2640 5618 niontius,
2691 5573 2797 5611 non
2824 5559 3073 5626 leguntur
3113 5569 3176 5609 ea
3207 5555 3260 5608 in
3296 5556 3536 5613 editione
3587 5558 3798 5620 Graeca.
3851 5575 3949 5616 nec

2381 5650 2434 5701 in
2479 5650 2664 5703 Latina
2697 5649 2975 5717 Scaligeri,
3035 5662 3210 5716 neque
3239 5651 3402 5703 etiam
3436 5652 3487 5704 in
3519 5652 3803 5706 (ibmnico
3852 5653 3947 5707 La-

2383 5744 2496 5795 tino
2528 5759 2628 5796 ins.
2658 5743 2897 5803 Eusebii,
2938 5743 3076 5809 quod
3105 5752 3350 5795 servatur
3404 5745 3456 5796 in
3509 5744 3693 5797 Museo
3740 5759 3948 5798 nostro.

2382 5839 2774 5903 Qttat‘csaltem
2809 5837 3038 5888 dubitari
3092 5847 3269 5900 potest
3334 5853 3399 5889 an
3459 5839 3507 5890 id
3567 5854 3846 5905 nunquam
3889 5844 3949 5892 de
