4150 6530
155 466 250 529 777

1446 453 1618 513 VlTA
1659 452 1720 519 S.
1769 448 2150 510 ΜΑΤΤΗΕΙ.

3317 438 3424 504 778

151 587 390 642 Matthxi
446 579 738 652 Evangelio
773 577 1057 645 scripserit
1092 571 1376 630 Eusebius.
1437 575 1519 623 vel
1562 569 1724 622 etiam
1765 575 1800 627 Α
1838 567 2090 636 rum,qui
2134 575 2227 619 aut
2289 571 2478 619 sancto
2514 561 2711 617 Joauni
2763 559 3034 631 apostolo.
3096 565 3191 612 aut
3238 567 3430 614 sancto

151 679 431 744 interpres
449 673 845 742 Hieronymus;
877 679 929 722 et
962 674 1368 733 consequenter
1395 662 1745 717 multoetiam

153 769 426 822 incertius
477 775 579 827 est,
639 780 708 816 an
763 763 856 815 illo
917 774 1064 812 anno
1136 757 1301 812 fuerit
1351 756 1746 819 conscriptum.

156 859 570 919 Tillemontius,
618 853 807 910 tom.l
864 853 916 906 in
970 850 1152 903 Indice
1212 847 1599 917 chronologico
1642 856 1747 899 tam

156 952 571 1018 dispersionem
606 947 980 1018 apostolorum
1009 958 1168 1011 quam
1220 941 1575 1010 Evaugelium
1613 936 1750 991 Mat-

163 1045 290 1097 tha-i
353 1042 467 1112 figit
523 1043 666 1094 circa
741 1054 944 1093 annum
1013 1036 1101 1089 56.
1156 1033 1257 1086 Alii
1319 1034 1531 1086 malunt
1571 1031 1750 1098 fateri,

161 1150 372 1188 annum
447 1149 572 1187 esse
633 1134 927 1190 incertum,
1006 1135 1169 1195 prout
1236 1140 1416 1178 anuus
1464 1123 1753 1178 divisionis

163 1229 544 1295 apostolorum
597 1224 787 1293 nequit
843 1221 1008 1274 certis
1074 1218 1336 1288 assignari
1390 1215 1750 1286 argumentis.

164 1323 322 1390 Apud
368 1334 467 1372 nos
497 1319 561 1373 ad
613 1318 678 1370 IS
737 1315 864 1368 Julii
931 1313 998 1368 de
1047 1311 1312 1366 divisione
1377 1308 1750 1379 apostolorum

166 1422 352 1464 actum
383 1421 491 1472 est,
532 1408 713 1476 ibique
742 1423 803 1459 ea
848 1406 953 1458 fixa
1001 1420 1146 1458 anno
1182 1418 1306 1457 tera:
1339 1401 1582 1470 vulgaris
1615 1417 1751 1469 qua-

167 1503 484 1573 dragesimo
567 1499 868 1554 secundum
960 1497 1341 1551 chronotaxim
1423 1491 1753 1548 llcnschcnii

166 1595 365 1654 nostri,
403 1609 508 1660 qua
545 1592 747 1646 Christi
782 1589 997 1644 Domini
1029 1588 1212 1643 obitus
1250 1587 1432 1657 ﬁgitur
1473 1590 1574 1639 sub
1617 1600 1756 1638 cou-

165 1688 350 1737 sulatu
399 1685 630 1736 duorum
690 1681 1073 1742 Geminorum,
1147 1679 1262 1733 sive
1314 1695 1458 1733 anno
1509 1677 1578 1730 9.9
1635 1691 1756 1730 (erae

166 1775 428 1845 vulgaris,
451 1776 522 1828 ita
551 1785 607 1828 ut
634 1771 1218 1842 duodecimopostCln
1237 1772 1324 1824 isti
1348 1771 1750 1830 Ascensionem

170 1883 316 1921 anno
356 1866 989 1935 ponaturapostolorum
1027 1863 1249 1917 divisio.
1288 1859 1467 1915 Videri
1497 1869 1756 1928 poterunt

173 1961 319 2013 dicta
363 1959 431 2013 de
471 1959 742 2012 divisione
774 1956 1177 2026 apostolorum,
1231 1963 1285 2007 et
1322 1952 1559 2006 Diatriba
1619 1951 1760 2005 llen-

173 2050 386 2105 schenii
421 2060 548 2104 ante
580 2048 829 2102 tomum!
867 2047 1096 2117 Aprilis;
1131 2060 1308 2113 neque
1333 2045 1477 2097 enim
1503 2043 1762 2095 hic-locus

168 2144 362 2210 exigit,
404 2153 464 2197 ut
490 2152 733 2212 repetam
761 2141 888 2194 alibi
921 2141 1216 2206 disputata.
1247 2135 1457 2188 Dixisse
1500 2132 1759 2195 sullieiat,

170 2238 321 2289 circa
395 2236 538 2290 idem
603 2245 818 2301 tempus
871 2247 899 2284 a
952 2230 1204 2284 Matthteo
1263 2227 1528 2296 scriptum
1593 2223 1765 2277 fuisse

179 2325 562 2395 Evangelium.
614 2332 710 2375 aut
765 2322 928 2392 paulo
957 2332 1104 2385 ante,
1156 2317 1475 2389 priusquam
1531 2313 1764 2383 separati

173 2430 334 2474 erant
375 2418 629 2487 apostoli.

247 2512 338 2565 44.
379 2511 552 2565 Porro
583 2510 849 2564 incertum
879 2522 1032 2576 teque
1062 2513 1166 2566 est,
1212 2504 1333 2573 quis
1366 2502 1573 2572 primus
1606 2499 1770 2552 fuerit

178 2606 456 2674 interpres
489 2604 710 2658 Grzecus
752 2603 1030 2670 Evangelii
1066 2599 1373 2651 secundum
1422 2594 1764 2648 Matthteum.

180 2698 239 2751 In
267 2697 500 2768 Synopsi
537 2691 1211 2763 sanctoAthanasiovulgo
1243 2689 1528 2752 attributa,
1567 2698 1700 2743 tom.
1725 2685 1771 2740 II

182 2789 424 2859 Operam
488 2788 662 2841 sancti
719 2785 1002 2844 Athanasii
1069 2783 1326 2840 editionis
1376 2780 1772 2842 Montfauconi,

186 2899 310 2952 pag.
372 2879 480 2933 202
508 2879 623 2934 hcet:
681 2879 981 2946 leguntur:
1023 2896 1039 2926 α
1082 2875 1436 2945 Evangelium
1474 2875 1773 2929 secundum

184 2973 503 3028 blatthaeum
531 2974 597 3027 ab
630 2973 746 3041 ipso
785 2971 1038 3024 Mattiaco
1069 2967 1340 3021 Hebraico
1379 2966 1611 3020 dialecto
1643 2981 1770 3020 con-

183 3069 450 3135 scriptum
472 3072 575 3127 est,
613 3074 667 3117 et
708 3064 914 3116 editum
978 3059 1394 3131 Hierosolymis,
1452 3059 1778 3128 interpreta-

186 3171 417 3228 tumque
491 3169 575 3212 est
634 3172 682 3212 a.
725 3156 932 3210 Jacobo
987 3155 1153 3209 fratre
1208 3153 1418 3207 Domini
1475 3153 1774 3206 secundum

1855 659 2041 722 Paulo,
2084 666 2178 711 aut
2205 667 2397 712 sancto
2432 655 2715 718 Barnabtr,
2757 662 2852 707 aut
2903 661 3091 707 sancto
3122 651 3306 716 Luem,
3340 657 3434 704 aut

1854 750 1955 824 ipsi
1985 749 2238 804 Mattha‘o
2261 752 2572 803 versionem
2605 747 2848 802 Graacam
2876 745 3270 806 attribuerunt,
3296 753 3434 798 teste

1854 842 2098 894 (falmeto
2150 840 2202 894 in
2275 839 2592 909 praefatione
2644 839 2708 891 ad
2769 836 3106 900 Matthazum,
3170 851 3290 906 pag.
3343 836 3435 888 26.

1857 935 1987 987 Nam
2033 943 2225 988 auctor
2259 931 2551 1003 Syuoiisis,
2604 932 2706 984 etsi
2755 931 2892 984 forte
2925 945 3034 983 non
3101 931 3171 983 sit
3205 929 3442 982 Athana-

1858 1025 1995 1086 sius,
2036 1024 2226 1077 saltem
2293 1023 2538 1076 eruditus
2597 1022 2891 1075 admodum
2929 1019 3048 1084 fuit,
3076 1031 3129 1074 et
3163 1019 3443 1088 antiquior

1859 1114 2078 1168 videtur
2136 1113 2363 1166 aliarum
2422 1113 2819 1166 sententiarum
2893 1111 3164 1180 patronis.
3219 1109 3442 1172 Verum,

1857 1206 2107 1273 quisquis
2140 1203 2306 1257 fuerit
2356 1203 2645 1271 interpres.
2695 1211 2905 1254 certum
2973 1202 3212 1265 videtur,
3270 1201 3444 1255 inter-

1859 1298 2224 1365 pretationem
2271 1295 2514 1351 Gra‘cam
2573 1296 2946 1364 apostolorum
3013 1304 3260 1364 tempore
3323 1309 3446 1349 esse

1858 1390 2077 1445 factam.

1930 1479 2018 1538 45.
2055 1482 2382 1537 Theodorus
2422 1483 2617 1552 lector,
2643 1486 2740 1540 lib.
2781 1501 2840 1550 ιι,
2888 1500 3006 1556 pag.
3052 1483 3154 1538 557
3188 1481 3445 1538 editionis

1863 1575 2061 1629 Valesii
2099 1578 2148 1630 in
2179 1577 2400 1631 Zenone
2430 1578 2544 1632 haec
2590 1579 2780 1632 scribit
2811 1597 2823 1633 ί
2849 1598 2866 1630 t
2902 1578 3164 1633 Barnaba
3207 1575 3440 1646 apostoli

1861 1670 2106 1739 reliqnize
2136 1671 2189 1723 in
2216 1670 2392 1742 Cypro
2422 1673 2523 1724 sub
2546 1673 2742 1726 arbore
2776 1673 2972 1740 siliqua
3036 1682 3266 1739 repertae
3293 1678 3443 1723 sunt.

1867 1762 2044 1831 Super
2113 1762 2273 1832 cujus
2332 1773 2554 1833 pectore
2603 1773 2721 1818 erat
2780 1762 3133 1832 Evangelium
3187 1762 3445 1826 Matthzei,

1866 1856 2037 1925 ipsius
2065 1855 2509 1911 Barnabazmauu
2540 1856 2945 1927 descriptum...
2983 1854 3038 1910 Id
3097 1855 3446 1927 Evangelium

1870 1948 2020 2003 Zeno
2052 1949 2309 2018 deposuit
2349 1950 2402 2002 in
2439 1949 2662 2019 palatio,
2725 1950 2779 2004 in
2830 1952 2946 2005 aede
2985 1947 3042 2004 S.
3090 1948 3375 2019 Stephani.
3424 1966 3444 1998 ι

1870 2038 2030 2090 Plura
2062 2037 2130 2091 de
2180 2038 2264 2090 his
2290 2038 2483 2091 scribit
2529 2038 2840 2093 Alexander
2877 2037 3181 2090 monachus
3222 2035 3453 2106 Cyprius

1870 2132 1922 2184 in
1959 2130 2113 2186 Actis
2147 2132 2322 2186 sancti
2380 2130 2662 2194 Barnabte,
2714 2130 2856 2202 apud
2897 2145 2999 2186 nos
3047 2130 3210 2185 editis
3261 2130 3328 2184 ad
3389 2127 3446 2182 ll

1871 2222 2044 2279 Junii.
2097 2224 2231 2278 Nam
2289 2240 2412 2296 pag.
2480 2225 2603 2288 £50,
2646 2235 2868 2280 sanctus
2921 2223 3202 2278 Barnabas
3256 2223 3460 2279 dicitur

1875 2319 2197 2389 apparuisse
2249 2320 2546 2373 Anthemio
2610 2319 2898 2374 Salamiua:
2950 2317 3229 2389 episcopo,
3299 2317 3459 2385 eique

1878 2412 2152 2466 iudicasse
2193 2411 2284 2466 ubi
2337 2412 2642 2482 depositum
2680 2419 2827 2465 esset
2867 2425 3067 2480 corpus
3127 2423 3288 2463 suum
3334 2422 3460 2463 cum

1875 2503 2169 2573 Evangelio
2229 2501 2404 2557 saneti
2450 2501 2713 2556 Matthaei.
2778 2501 2958 2555 Verba
3006 2500 3290 2566 nonnulla,
3338 2514 3465 2570 qua:

1875 2605 2106 2649 sanctus
2134 2595 2412 2649 Barnabas
2445 2595 2744 2649 Anthemio
2769 2595 2971 2648 dixisse
3018 2593 3300 2658 scribitur,
3359 2594 3467 2646 huc

1878 2683 2149 2741 transfero
2185 2700 2197 2735 :
2225 2701 2244 2735 ι
2288 2685 2400 2738 Sub
2430 2685 2625 2739 arbore
2643 2684 2838 2754 siliqua
2859 2683 3086 2738 eflodias
3113 2684 3462 2753 :speluncam

1878 2778 2022 2835 enim
2070 2788 2233 2847 atque
2269 2793 2454 2832 arcam
2483 2777 2758 2839 invenies,
2805 2775 3062 2847 quOniam
3113 2776 3224 2830 illic
3292 2785 3465 2831 totum

1879 2884 2078 2941 corpus
2109 2886 2293 2926 meum
2326 2870 2608 2928 conditum
2640 2879 2743 2937 est,
2793 2879 2848 2924 et
2905 2869 3259 2941 Evangelium
3301 2886 3465 2925 manu

1882 2967 2101 3035 propria
2144 2964 2435 3033 scriptum,
2471 2964 2615 3031 quod
2659 2979 2689 3016 a
2726 2973 2917 3018 sancto
2939 2964 3191 3033 apostolo
3219 2972 3275 3020 et
3298 2980 3467 3020 evan-

1882 3057 2070 3120 gelista
2094 3055 2348 3110 Matthmo
2387 3054 2597 3123 excepi.
2640 3073 2656 3104 ι
2689 3053 2751 3108 Et
2785 3069 2911 3109 mox
2953 3057 3464 3125 corporisinventio

1885 3149 2144 3210 refertur,
2201 3159 2257 3204 et
2304 3148 2372 3204 de
2407 3147 2706 3219 Evangelio
2749 3149 3019 3203 additur:
3075 3168 3093 3201 ι
3133 3149 3467 3205 Invenerunt

183 3265 433 3311 carnem,
477 3251 570 3318 qui
603 3257 656 3302 et
692 3249 901 3317 primus
950 3245 1450 3314 Hierosolymorum
1483 3244 1774 3312 episcopus
1807 3256 1845 3310 ε
1881 3244 2043 3296 etiam
2094 3243 2449 3312 Evangelium
2487 3258 2655 3312 supra
2714 3241 2980 3300 Barnahte
3039 3256 3231 3314 pectus
3292 3245 3470 3316 impo-

182 3345 524 3397 coustitutus
554 3351 636 3397 est
673 3360 698 3394 a
725 3340 930 3395 sanctis
961 3338 1243 3409 apostolis.
1282 3336 1398 3393 Non
1452 3335 1628 3405 placet
1659 3334 1773 3387 haec

184 3436 464 3490 sententia
499 3433 850 3488 Tillemontio
873 3441 999 3487 nota
1039 3431 1074 3482 2
1108 3431 1165 3484 in
1208 3427 1553 3482 Matthaeum.
1590 3425 1776 3480 Primo

183 3531 281 3592 ait,
307 3531 424 3583 haec
455 3527 751 3597 solumlegi
788 3528 839 3579 in
865 3525 1146 3578 additione
1180 3521 1412 3593 Syuopsi
1439 3522 1675 3593 adjecta.
1708 3523 1778 3576 At

188 3626 398 3679 nullam
419 3621 617 3690 allegat
644 3621 938 3677 rationem,
961 3615 1368 3675 curcaistimet,
1393 3614 1478 3666 illa
1514 3630 1624 3667 non
1658 3630 1777 3667 esse

187 3709 767 3781 ejusdemSynopseos
787 3715 1034 3778 partem:
1079 3719 1181 3759 nec
1218 3717 1317 3775 ego
1351 3703 1514 3758 ullam
1557 3703 1779 3756 invenio

191 3804 335 3868 apud
371 3801 848 3858 blontfauconum.
873 3798 1124 3866 Secundo
1168 3796 1263 3864 ait,
1314 3811 1500 3852 vocem
1534 3795 1777 3852 Graecam

191 3895 524 3970 ἡρμηνεύοη
583 3910 744 3965 posse
779 3893 984 3965 exponi
1037 3907 1192 3963 a-que
1250 3891 1320 3945 de
1355 3894 1499 3944 nuda
1547 3891 1780 3959 explica.

191 3992 364 4048 tione,
400 4004 564 4057 quam
601 3989 668 4040 de
691 3987 1125 4038 translationein
1163 3985 1326 4037 aliam
1355 3983 1619 4052 linguam.
1645 3980 1782 4036 Vere

193 4082 298 4136 hoc
327 4081 436 4134 dici
466 4080 535 4134 de
575 4094 705 4134 voce
733 4077 923 4132 Grmca
980 4077 1158 4133 libens
1204 4090 1475 4147 agnosco;
1533 4077 1628 4132 sed
1658 4090 1782 4130 cmn

189 4177 454 4243 adjuneta
491 4173 676 4227 otintia
723 4183 779 4228 et
806 4174 968 4243 paulo
1005 4181 1128 4242 post
1158 4171 1440 4242 sequentia
1468 4170 1781 4229 ostendant.

191 4271 274 4341 agi
301 4272 368 4324 de
422 4269 779 4323 translatione
851 4268 903 4320 in
963 4267 1203 4335 linguam
1248 4265 1515 4327 Graecam,
1555 4278 1662 4316 non
1705 4270 1785 4314 est

193 4364 330 4418 satis
355 4362 583 4414 fundata
610 4359 695 4412 illa
721 4357 980 4428 obiectio,
1011 4365 1106 4409 aut
1132 4357 1276 4426 justa
1309 4345 1783 4427 suspicio,vocém

197 4457 288 4510 hic
331 4457 404 4507 ita
443 4452 895 4522 intelligendam:
931 4467 1052 4504 nam
1079 4451 1271 4504 eadem
1319 4466 1425 4506 vox
1471 4449 1787 4517 frequenter

193 4548 429 4602 recurrit
457 4545 525 4598 de
549 4545 907 4600 translatione
934 4547 984 4598 in
1023 4545 1184 4597 aliam
1219 4547 1483 4614 linguam,
1506 4543 1574 4598 de.
1614 4559 1788 4612 eaque

1885 3337 2070 3391 situm.
2113 3357 2130 3388 ι
2176 3337 2382 3392 Deinde
2416 3353 2565 3402 vero,
2593 3352 2717 3392 cum
2750 3337 3083 3393 Anthemius
3121 3356 3235 3393 rem
3258 3351 3468 3411 gestam

1884 3431 2231 3499 exposuisset
2261 3429 2470 3486 Zenoni
2515 3431 2855 3500 imperatori,
2917 3441 2973 3487 et
3023 3433 3374 3496 obtinuisset,
3413 3443 3474 3488 ut

1887 3524 2099 3595 Cyprus
2131 3539 2240 3578 non
2273 3525 2523 3580 subesset
2555 3524 2884 3594 patriarcha:
2932 3525 3278 3580 Autiocltcno
3301 3566 3315 3589 ,
3374 3542 3475 3596 pe-

1889 3617 1975 3667 tiit
2010 3615 2248 3669 vicissim
2293 3615 2461 3679 Zeno,
2500 3626 2558 3668 ut
2596 3616 2664 3669 ad
2717 3630 2778 3670 se
2821 3617 3139 3672 mitteretur
3188 3618 3474 3672 inventum

1891 3708 2125 3762 Matthxi
2157 3709 2527 3778 Evangelium.
2572 3727 2587 3758 ι
2623 3711 2898 3764 Λςςειιηυε
2932 3721 3015 3765 est
3069 3713 3194 3781 ejus
3222 3713 3477 3782 petitioni

1890 3803 2204 3873 episcopus,
2257 3804 2332 3858 ait
2379 3804 2710 3866 Alexander,
2766 3817 2918 3858 num.
2964 3803 3054 3865 Η,
3098 3813 3152 3860 et
3185 3805 3476 3876 quemdam

1891 3909 1954 3946 ex
1987 3894 2073 3955 iis,
2107 3907 2246 3959 quos
2291 3907 2478 3945 secum
2512 3893 2747 3946 habebat
2779 3892 3323 3966 (Constantinopoli),
3372 3911 3479 3955 una

1892 3999 2013 4038 cum
2060 3982 2380 4036 fidelissimo
2435 3982 2788 4050 imperatoris
2845 3985 3096 4039 ministro
3157 3985 3478 4056 episcopum

1896 4076 2068 4138 misit,
2109 4077 2200 4145 qui
2233 4074 2590 4147 Evangeliutn
2651 4076 2786 4131 illud
2824 4077 2875 4130 in
2922 4077 3114 4132 urbem
3165 4077 3483 4135 Constanti-

1894 4168 2143 4239 nopolim
2211 4169 2538 4224 attulerunt.
2613 4167 2784 4223 Erant
2851 4181 3037 4228 autem
3097 4174 3217 4226 libri
3275 4174 3483 4228 tabella:

1899 4263 2102 4332 thyinis
2134 4263 2291 4333 lignis
2332 4264 2671 4333 compositae.
2719 4265 3077 4336 Evangelium
3129 4269 3263 4321 illud
3311 4271 3482 4339 impe-

1899 4365 2046 4410 rator
2081 4356 2134 4410 in
2159 4369 2379 4411 manum
2408 4355 2664 4427 sumpsit,
2692 4367 2747 4411 et
2782 4357 3132 4413 deosculatus
3178 4368 3284 4424 est,
3319 4374 3485 4415 auro-

1902 4465 2008 4520 que
2031 4450 2204 4505 multo
2239 4461 2567 4505 exornatum
2599 4452 2653 4505 in
2699 4451 2905 4522 palatio
2956 4468 3054 4508 suo
3091 4453 3358 4524 reposuit,
3394 4454 3484 4508 ubi

1901 4543 1968 4595 ad
2003 4542 2330 4596 hodiernum
2377 4558 2550 4610 usque
2575 4543 2717 4596 diem
2778 4555 3049 4606 servatur,
3099 4553 3150 4596 et
3200 4543 3252 4596 in
3291 4559 3485 4614 magna

211 4641 283 4691 ibi
315 4639 483 4690 unice
509 4637 708 4707 agitur.
751 4636 941 4691 Tertio
988 4638 1066 4688 ait
1109 4635 1496 4689 'fillemOtttius
1533 4654 1546 4689 :
1589 4654 1605 4686 ι
1650 4637 1790 4689 San-
1831 4629 1870 4680 υ
1903 4635 2090 4701 quinta
2127 4634 2346 4689 Pascha:
2380 4635 2514 4690 feria
2556 4636 2852 4706 quotannis
2897 4637 2951 4688 in
3011 4635 3197 4705 palatii
3243 4637 3486 4692 oratorio

198 4739 320 4785 ctus
348 4727 617 4791 Iacobus,
653 4728 738 4781 cui
775 4742 906 4781 cura
946 4728 1012 4780 de
1041 4725 1243 4781 Judaeis
1275 4725 1789 4795 Hierosolymitanis

197 4834 318 4878 erat
366 4822 685 4885 commissa,
723 4821 770 4874 is
800 4829 920 4874 erat
957 4820 1103 4874 inter
1134 4834 1328 4873 onmcs
1369 4818 1667 4888 apostolos,
1702 4818 1787 4872 cui

200 4915 382 4969 minor
421 4923 544 4967 erat
577 4913 968 4984 opportunitas
992 4923 1046 4966 et
1075 4913 1377 4966 necessitas
1419 4909 1786 4964 transferendi

198 5006 556 5076 Evangeliutn
610 5005 787 5058 sancti
840 5004 1076 5058 Matthtei
1123 5006 1178 5056 in
1230 5004 1392 5056 aliam
1455 5004 1715 5071 linguam.
1769 5021 1785 5051 ι

195 5100 265 5153 At
299 5114 402 5170 ego
459 5113 569 5152 non
615 5098 796 5163 video,
857 5098 982 5166 quis
1031 5097 1402 5165 apostolorum
1457 5095 1508 5148 id
1555 5095 1790 5151 ofﬁcium

201 5194 372 5264 magis
397 5199 713 5262 opportune
749 5201 805 5244 et
836 5190 1122 5244 commode
1159 5190 1312 5244 obire
1359 5188 1616 5258 potuerit.
1658 5187 1790 5241 Nam

198 5287 440 5342 Jacobus
506 5284 765 5337 manebat
829 5282 1270 5352 I’Iierosolvmis;
1320 5281 1552 5351 apostoli
1602 5295 1794 5334 omnes

201 5379 264 5433 ad
294 5381 432 5435 alias
462 5376 959 5448 proficiscebantur
990 5376 1323 5444 provincias,
1363 5389 1465 5430 nec
1519 5376 1663 5437 scire
1692 5390 1792 5444 po-

205 5482 407 5537 terant,
441 5471 686 5541 quandiu
728 5472 780 5522 in
821 5470 1051 5541 singulis
1103 5471 1421 5523 civitatibus
1480 5479 1575 5522 aut
1628 5473 1791 5523 etiam

203 5564 507 5633 provinciis
531 5571 840 5615 manerent.
893 5562 1167 5615 Hahitanti
1203 5570 1383 5614 autem
1415 5561 1466 5614 in
1501 5572 1603 5613 una
1657 5576 1793 5616 con-

203 5664 410 5710 stanter
441 5657 667 5708 civitate
692 5657 1034 5708 commodius
1061 5667 1144 5708 est
1195 5655 1393 5707 librum
1428 5654 1670 5708 scribere
1702 5663 1794 5707 aut

205 5747 583 5815 interpretari,
619 5761 782 5816 quant
809 5748 876 5799 de
910 5748 1130 5801 civitate
1173 5749 1227 5800 in
1276 5747 1553 5802 civitatem
1610 5757 1796 5800 trans-

205 5843 354 5899 eunti
391 5847 449 5894 et
486 5851 758 5908 perpetuo
810 5843 1209 5910 peregrinanti.
1240 5841 1422 5910 Itaque
1450 5841 1538 5893 illa
1568 5852 1794 5897 sentcn-

207 5938 274 5990 tia
305 5937 502 5992 saltem
537 5947 648 5984 non
687 5934 869 5989 minus
926 5935 1238 5989 verisimilis
1305 5946 1410 6000 est,
1449 5950 1608 6002 quam
1660 5935 1794 5987 alio-

537 6025 805 6086 PATRHL.
864 6030 983 6088 Gn.
1020 6029 1196 6089 CXV.

1901 4728 2252 4798 Evangelium
2302 4744 2365 4782 ex
2409 4744 2474 4783 eo
2545 4730 2682 4782 libro
2740 4728 3025 4783 recitatur.
3071 4747 3089 4780 ι
3147 4729 3272 4785 Haec
3325 4730 3488 4785 lectio

1897 4821 2260 4882 demonstrat,
2293 4821 2479 4879 GrieCe
2501 4823 2766 4892 scriptum
2794 4823 2963 4878 fuisse
2999 4824 3143 4878 istud
3183 4825 3486 4894 exemplar,

1897 4930 2020 4966 cum
2073 4913 2185 4967 sola
2211 4915 2393 4985 lingua
2422 4915 2609 4970 Graeca
2654 4915 3129 4984 Constantinopoli
3184 4929 3325 4970 esset
3370 4918 3485 4968 vul-

1898 5008 2080 5077 garis;
2139 5010 2374 5076 indeque
2441 5010 2822 5070 confirmatur,
2885 5011 3193 5064 versionem
3243 5009 3485 5064 (inci-am

1897 5100 2273 5170 apostolorum
2310 5109 2556 5170 tempore
2590 5103 2787 5156 lactant
2809 5116 2954 5157 esse.

1970 5192 2061 5249 46.
2097 5192 2506 5263 Papebrochius
2541 5205 2724 5251 noster
2789 5195 2840 5248 in
2879 5195 3170 5251 Adnotatis
3200 5196 3266 5250 ad
3320 5195 3485 5251 verba

1894 5285 2005 5353 jam
2055 5286 2178 5340 data
2216 5286 2532 5356 apparentis
2573 5287 2831 5341 Barnabae
2863 5288 3118 5344 observat
3147 5291 3431 5357 sequentia
3469 5306 3482 5341 :

1907 5400 1921 5428 ι
1956 5378 2180 5434 Nativus
2202 5380 2495 5432 verborum
2531 5395 2730 5434 sensus
2771 5380 2986 5433 videtur
3024 5381 3333 5448 esse,quod
3356 5379 3485 5432 Bar-

1902 5473 2069 5525 nabas
2123 5471 2505 5542 Evangelium,
2579 5471 2834 5542 primitus
2893 5471 3159 5526 Hebraice
3244 5473 3482 5534 editum,

1903 5564 2117 5632 propria
2160 5580 2324 5617 manu
2361 5567 2643 5634 exceperit
2705 5579 2774 5619 ex
2823 5579 2917 5619 ore
2974 5565 3263 5634 ipsinsmet
3309 5567 3482 5620 sancti

1901 5655 2161 5720 Matrhai,
2203 5657 2331 5710 illud
2382 5655 2568 5711 Crazce
2621 5657 2903 5719 dictantis,
2938 5667 2993 5710 et
3032 5673 3217 5711 secum
3273 5657 3481 5720 tulerit,

1899 5750 2046 5801 sicut
2071 5753 2235 5802 etiam
2276 5748 2475 5805 fecisse
2504 5749 2709 5804 dicitur
2755 5760 2981 5804 sanctus
3050 5749 3484 5805 Bartholomazus

1901 5839 1988 5909 (de
2023 5839 2291 5896 Hebraico
2323 5843 2638 5909 nimirum),
2679 5843 2869 5914 plures
2917 5844 3148 5900 forsitan
3200 5844 3311 5907 alii,
3375 5858 3485 5896 uno

1900 5937 2200 6005 eodemque
2239 5947 2429 5992 tenore
2459 5949 2512 5994 ct
2540 5950 2817 6014 ιμηψοτε,
2854 5943 2995 5998 citra
3043 5942 3200 5995 ullam
3231 5937 3491 5990 ditiorem-

3113 6029 3183 6091 εδ
