4150 6468
719 407 817 470 779

1932 399 2216 460 MENSIS
2258 395 2731 458 SEPTEMBER.

3855 386 3968 450 780

719 527 842 581 tiam
871 539 886 588 ;
919 535 1038 589 qua:
1071 519 1304 576 inveniri
1340 517 1586 585 deberet,
1616 517 1661 572 si
1696 517 1928 588 quisque
1951 531 2053 569 suo
2107 525 2283 569 marte
2315 517 2357 572 Α
2388 513 2485 576 dit,
2531 529 2720 583 parum
2760 519 2852 566 aut
2916 507 3051 564 nihil
3111 509 3180 563 de
3257 506 3648 578 prtedicatione
3721 503 3972 559 Matthazi

714 612 989 686 propriam
1024 592 1126 667 sibi
1158 610 1473 666 versionem
1507 608 1747 672 fecisset,
1776 607 1932 676 cujus
1960 605 2285 660 diﬂerentiae

715 702 918 756 nullum
943 700 1153 769 uspiam
1176 708 1353 753 exstat
1388 697 1675 751 indicium.
1709 698 1885 765 Atque
1917 695 2045 750 hinc
2079 696 2284 750 factum

715 795 800 859 sit,
833 801 891 846 ut
913 793 999 849 alii
1032 791 1321 857 Jacobum,
1349 790 1436 844 alii
1461 789 1750 852 Joannem,
1772 790 1860 844 alii
1887 791 2049 843 etiam
2080 790 2283 844 Lucam

719 887 798 940 vel
851 885 1078 939 Paulum
1143 885 1503 954 interpretem
1565 884 1816 949 fecerint,
1867 893 2031 953 prout
2080 882 2288 937 scilicet

716 990 939 1045 quaeque
971 974 1215 1029 Ecclesia
1252 973 1603 1044 Evangelium
1633 974 1844 1044 legebat
1890 988 1956 1025 ex
2006 973 2168 1040 hujus
2199 974 2285 1027 vel

715 1068 858 1121 illius
911 1068 1141 1136 apostoli
1207 1067 1565 1136 autographo.
1625 1085 1641 1117 ι
1701 1065 2020 1119 Verisimilis
2066 1065 2284 1133 quidem

716 1171 938 1229 apparet
976 1160 1090 1214 haec
1118 1161 1467 1227 conjectura;
1520 1158 1824 1217 praesertim
1881 1172 2003 1211 cum
2055 1156 2284 1226 apostoli

716 1270 822 1306 non
854 1253 1136 1307 videantur
1190 1253 1418 1322 profecti
1463 1253 1526 1305 ad
1592 1251 1916 1321 longinquas
1978 1248 2288 1319 provincias

716 1353 842 1400 ante
892 1347 1153 1415 scriptum
1200 1346 1438 1400 Matthzei
1491 1345 1870 1414 Evangelium,
1937 1352 1996 1397 ut
2047 1340 2285 1397 dubitari

715 1440 802 1494 vix
850 1439 1042 1512 possit,
1113 1439 1244 1508 quin
1279 1438 1474 1509 singuli
1527 1437 1805 1506 exemplar
1860 1435 2077 1505 aliquod
2141 1434 2287 1488 illius

716 1532 987 1601 Evangelii
1040 1546 1226 1585 secum
1267 1530 1515 1584 tulerint.
1549 1529 1686 1584 Cum
1736 1538 1916 1583 autem
1971 1543 2080 1581 non
2126 1525 2285 1596 pauci

715 1641 779 1680 ex
812 1625 916 1678 illis
957 1623 1434 1694 proficiscerentur
1489 1621 1554 1676 ad
1607 1620 1935 1691 provincias,
1989 1619 2040 1673 in
2090 1619 2286 1687 quibus

715 1719 826 1774 fere
850 1719 960 1772 sola
995 1718 1194 1771 usitata
1225 1727 1342 1771 erat
1382 1716 1561 1786 lingua
1594 1713 1800 1778 Graeca,
1837 1712 2284 1767 verisimillimum

715 1822 817 1874 est,
852 1813 971 1866 illos
993 1810 1242 1864 Graecum
1275 1810 1455 1878 potius
1487 1809 1787 1878 exemplar,
1841 1817 1900 1859 ut
1952 1815 2164 1859 constat
2222 1806 2288 1858 de

2389 614 2727 674 compertum
2768 603 2872 658 sibi
2937 602 3130 656 fuisse.
3192 600 3407 654 Etenim
3463 597 3666 652 nullam
3717 597 3974 650 nominat

2389 697 2726 766 provinciam
2756 703 2852 748 aut
2879 694 3096 756 urbem,
3130 693 3184 747 in
3221 708 3326 761 qua
3361 690 3522 744 tidem
3579 688 3972 759 pradicaverit

2388 789 2697 852 Matthmus,
2730 797 2924 857 praeter
2973 785 3306 856 Hierapolim
3363 783 3554 856 Syriae,
3583 783 3636 836 in
3663 799 3773 853 qua
3805 799 3972 836 mar-

2390 880 2526 951 tyrio
2562 888 2880 933 coronatum
2939 879 3187 934 credidit.
3231 875 3345 931 liae
3396 877 3464 930 de
3508 889 3695 939 causa,
3750 876 3970 944 opinor,

2387 988 2511 1043 pag.
2549 971 2654 1026 406
2709 985 2773 1024 ex
2841 970 2955 1024 sola
3017 969 3392 1025 verisimilitcr
3446 968 3762 1036 conjectura
3819 964 3971 1028 dicit,

2389 1067 2566 1136 ipsum
2607 1080 2835 1135 corpore
2867 1065 3035 1119 fuisse
3067 1064 3445 1129 imbecilliore,
3497 1060 3970 1131 Evangeliumque

2387 1160 2695 1229 scripsisse,
2724 1159 2852 1214 dum
2875 1159 2963 1212 alii
2988 1157 3130 1226 apud
3158 1159 3334 1211 varias
3358 1164 3546 1228 gentes
3571 1152 3970 1225 praedicabant.

2389 1252 2642 1307 Pluribus
2668 1267 2800 1306 sane
2842 1251 3024 1305 verbis
3069 1251 3119 1305 id
3178 1250 3374 1304 Orator
3431 1248 3804 1319 prosequitur,
3872 1245 3972 1298 sed

2390 1361 2556 1416 pauca
2580 1344 2868 1406 sullicient,
2901 1359 3028 1397 cum
3065 1352 3279 1398 constet
3311 1343 3377 1397 de
3398 1343 3601 1412 scripto
3636 1343 3969 1414 Evangelia:

2395 1455 2414 1488 ι
2448 1434 2688 1505 Quaeque
2717 1435 2853 1489 adeo
2890 1434 3083 1504 reliqui
3133 1433 3407 1504 (apostoli)
3463 1434 3719 1504 gentibus
3769 1436 3973 1504 lingua:

2391 1543 2620 1584 munere
2654 1543 2761 1580 non
2794 1526 2998 1595 scripta
3032 1526 3392 1590 tradiderant,
3421 1526 3539 1581 haec
3572 1542 3806 1597 magnus
3839 1527 3978 1581 Mat-

2393 1626 2564 1675 thazus
2622 1620 2825 1688 scripta
2898 1618 3360 1672 commentatione
3443 1632 3652 1672 summa
3711 1619 3975 1687 colligens

2393 1723 2562 1768 totum
2623 1709 2782 1764 Verbi
2845 1707 3166 1779 mysterium
3238 1706 3409 1761 sacris
3486 1709 3974 1774 praedicationibus

2394 1805 2647 1860 intexuit.
2687 1822 2706 1856 ι
2751 1803 2824 1856 lta
2879 1802 3018 1871 ipse,
3073 1800 3374 1870 interprete
3429 1798 3781 1861 Combelisio,
3833 1798 3975 1852 Mat-

716 1903 983 1966 Barnaba,
1009 1876 1330 1971 sumpsisse,
1362 1915 1520 1968 quam
1585 1876 1932 1962 Hebraicum,
1972 1907 2027 1950 ut
2062 1897 2188 1949 illud
2234 1897 2285 1948 in
2318 1876 2364 1934 Β
2398 1899 2600 1950 thzeum
2661 1894 2867 1949 inducit
2900 1893 3256 1957 scribentem,
3311 1891 3437 1946 dum
3474 1890 3561 1944 alii
3608 1892 3842 1961 apostoli
3880 1908 3978 1960 per

714 1995 958 2050 ecclesiis
974 1993 1242 2062 erigendis
1273 1990 1554 2061 legendum
1586 1988 1718 2042 dare
1755 2000 1978 2057 possent
2004 1996 2056 2041 et
2087 1987 2289 2041 exscri-

718 2085 974 2140 bendum.
1002 2085 1389 2139 Verumtamen
1423 2083 1748 2152 conjecturae
1774 2091 1980 2134 tantum
2013 2090 2140 2134 sunt
2173 2080 2286 2144 lite;

717 2190 896 2244 neque
936 2173 1069 2229 certi
1103 2172 1308 2243 aliquid
1353 2170 1584 2242 proferri
1644 2179 1822 2241 potest
1870 2170 1936 2225 de
1983 2170 2148 2223 rebus
2204 2169 2289 2222 in-

717 2269 902 2324 certis.

788 2362 876 2414 47.
908 2358 1050 2425 Quin
1082 2367 1136 2412 et
1161 2358 1322 2413 verba
1358 2356 1558 2425 Papiae,
1579 2355 1702 2409 data
1726 2371 1877 2408 num.
1908 2354 2292 2418 50,coutraria

717 2448 973 2504 videntur
1008 2447 1166 2502 dictis
1195 2445 1544 2518 conjecturis,
1581 2444 1625 2498 si
1677 2443 2022 2513 intelligenda
2074 2443 2185 2497 sint
2229 2458 2292 2497 eo

721 2557 908 2604 sensu,
937 2554 1044 2607 quo
1066 2538 1267 2608 passim
1295 2544 1662 2609 exponuntur.
1701 2553 1717 2587 ι
1747 2535 2030 2590 Matlhzeus
2047 2535 2290 2608 quidem,

724 2631 918 2700 inquit,
947 2630 1213 2685 Hebraico
1245 2645 1497 2685 sermone
1528 2629 1706 2683 divina
1771 2629 1990 2700 scripsit
2023 2629 2242 2684 oracula
2277 2647 2289 2682 :

723 2724 1115 2793 interpretatus
1145 2731 1229 2776 cst
1287 2735 1469 2776 autem
1512 2721 1889 2792 unusquisque
1946 2722 2059 2786 illa,
2133 2733 2294 2792 prout

724 2816 918 2885 potuit.
953 2834 970 2866 ›
1010 2814 1134 2869 llaec
1166 2813 1329 2868 verba
1354 2831 1383 2868 a
1410 2814 1571 2867 variis
1599 2814 1671 2867 ita
1703 2813 1944 2884 exposita
1978 2815 2161 2878 video,
2184 2813 2292 2866 acsi

722 2910 916 2980 Papias
975 2910 1219 2973 dixisset,
1273 2922 1714 2977 unumquemque
1765 2921 1863 2975 pro
1918 2922 2016 2961 suo
2075 2906 2295 2978 ingenio

721 3016 1034 3072 aggressum
1069 3015 1188 3054 esse
1229 2998 1730 3069 interpretationem
1788 2998 2053 3053 Griecam.
2121 3001 2189 3053 At
2231 3015 2293 3055 ea

723 3095 900 3163 Papiae
932 3094 1218 3147 verborum
1245 3093 1514 3163 expositio
1544 3109 1891 3164 nequaquam
1925 3093 2060 3147 mihi
2095 3108 2293 3147 ncces-

2400 1989 2662 2044 Inundum
2697 1987 3101 2050 discurrebant,
3130 1997 3184 2040 et
3216 1986 3457 2054 undique
3484 2001 3635 2039 sacra
3687 1982 3974 2054 Evangelii

2394 2084 2603 2138 semina
2632 2080 2930 2150 jaciebant.
2966 2079 3164 2133 Verum
3199 2094 3300 2132 nec
3366 2077 3797 2131 imbecillitatem
3851 2092 3978 2130 cor-

2395 2179 2564 2248 poris,
2601 2177 2668 2231 de
2697 2191 2800 2246 qua
2835 2174 2970 2228 nihil
3000 2173 3142 2242 apud
3167 2169 3787 2234 vetustiores,Matlh:eo
3804 2169 3978 2224 fuisse

2397 2268 2794 2338 impedimento
2823 2265 3041 2334 Opinor,
3074 2278 3182 2332 quo
3215 2261 3395 2316 minus
3437 2261 3793 2332 Evangelium
3829 2277 3978 2331 prre-

2397 2359 2652 2420 dicaret;
2718 2371 2821 2409 nec
2865 2356 3142 2408 assentior
3175 2352 3398 2416 Nicetze,
3450 2362 3577 2406 tunc
3635 2367 3663 2405 a
3721 2351 3980 2406 Matth-co

2397 2449 2664 2519 scriptum
2723 2446 2894 2501 fuisse
2934 2444 3310 2516 Evangelium,
3357 2444 3575 2514 quando
3607 2445 3695 2497 alii
3737 2445 3980 2514 apostoli

2397 2545 2460 2596 ad
2491 2544 2812 2614 longinquas
2845 2539 3076 2612 profecti
3113 2549 3269 2594 erant
3297 2538 3639 2609 provincias;
3691 2537 3807 2600 sed,
3842 2552 3970 2590 cum

2398 2636 2511 2706 ipse
2539 2634 2758 2689 Nicetas
2793 2649 2914 2704 pag.
2960 2632 3064 2687 406
3111 2632 3277 2695 dicat,
3312 2629 3564 2684 omittere
3603 2644 3660 2682 se
3710 2629 3979 2697 praeclara

2398 2737 2571 2798 gesta,
2639 2725 3045 2795 praedicationis
3110 2724 3366 2776 nimirum
3446 2728 3500 2774 ct
3564 2719 3980 2784 miraculorum,

2398 2820 2582 2876 malim
2611 2818 2858 2882 credere,
2892 2826 3164 2870 oratorem
3216 2814 3359 2868 nihil
3390 2813 3526 2868 certi
3570 2812 3636 2867 de
3669 2813 3775 2865 illis
3828 2812 3984 2866 inve-

2400 2915 2565 2977 nisse,
2625 2925 2786 2981 quam
2830 2909 3142 2965 Matthzeum
3214 2923 3322 2962 non
3377 2906 3702 2976 praedicasse
3749 2921 3762 2958 :
3803 2919 3985 2975 neque

2398 3006 2544 3060 enim
2641 3005 2862 3075 scriptio
2937 3002 3208 3075 Evangelii
3293 3011 3446 3057 tanto
3540 3012 3785 3070 tempore
3857 3014 3983 3053 san-

2399 3111 2549 3156 etum
2601 3098 2852 3154 detinere
2889 3097 3100 3164 debuit,
3126 3105 3182 3150 ut
3234 3109 3341 3148 non
3368 3094 3607 3164 potuerit
3630 3092 3823 3146 codem
3854 3105 3983 3144 cum

728 3188 871 3238 saria
920 3184 1154 3246 videtur,
1202 3184 1311 3237 imo
1346 3200 1413 3237 ne
1462 3185 1594 3237 satis
1645 3184 1862 3253 quidem
1923 3185 2219 3253 probabilis
2278 3202 2290 3237 :

2401 3193 2519 3247 aliis
2560 3202 2805 3261 tempore
2859 3188 3136 3259 proficisci
3194 3187 3260 3242 ad
3318 3185 3655 3257 provinciam
3697 3184 3798 3238 sibi
3839 3182 3984 3236 assio

728 3292 851 3332 nam
884 3291 986 3332 vox
1041 3274 1397 3346 unusquisque
1460 3283 1670 3329 tantum
1713 3277 1953 3332 insinuat
2003 3293 2292 3332 numerum

725 3369 1102 3436 interpretum,
1139 3377 1197 3420 ut
1228 3381 1337 3421 non
1393 3365 1485 3420 fiat
1523 3367 1837 3433 verisimile,
1878 3367 2100 3438 Papiam
2141 3370 2295 3423 locu-

725 3468 840 3511 tum
873 3470 993 3510 esse
1043 3455 1108 3510 de
1136 3455 1591 3526 interpretatione
1646 3458 1814 3512 totius
1867 3458 2143 3526 Evangelii
2181 3459 2298 3511 sive

725 3547 1076 3605 translatione
1130 3550 1184 3604 in
1243 3551 1480 3620 linguam
1562 3550 1826 3603 Grtecam.
1887 3548 2067 3614 Quare
2124 3549 2296 3604 solum

724 3641 880 3704 dicit,
917 3641 1102 3695 divina
1149 3639 1378 3695 Oracula
1435 3657 1464 3695 a
1522 3639 1777 3695 Matthreo
1812 3642 2013 3711 scripto
2062 3642 2297 3706 tradita;

723 3731 794 3786 ab
814 3731 935 3786 aliis
959 3747 1087 3786 vero
1114 3747 1212 3802 pro
1236 3733 1664 3804 uniuscujusque
1693 3734 1997 3802 capacitate
2025 3736 2190 3788 verbo
2207 3745 2299 3789 aut

726 3826 931 3894 scripto
957 3826 1222 3894 exposita.
1276 3824 1460 3890 itaque
1488 3825 1639 3876 nullo
1693 3825 1854 3877 modo
1892 3825 2102 3877 videtur
2149 3827 2299 3893 loqui

729 3918 796 3971 de
821 3917 1178 3970 translatione
1213 3914 1488 3985 Evangelii
1533 3915 1582 3967 in
1631 3914 1868 3986 linguam
1908 3914 2171 3980 Graetam,
2206 3919 2299 3973 sed

728 4009 808 4062 vel
842 4007 1016 4063 solum
1043 4006 1108 4062 de
1144 4007 1533 4079 praedicatione
1569 4007 1871 4078 Evangelii,
1914 4010 1998 4064 vel
2022 4012 2088 4062 de
2118 4027 2294 4080 expo-

729 4101 927 4157 sitione
964 4117 1178 4167 eorum,
1202 4115 1323 4169 qua:
1358 4101 1414 4152 in
1443 4100 1737 4169 Evangelio
1775 4100 2012 4154 Mattha'i
2043 4117 2301 4156 occurre-

732 4194 864 4248 bant
892 4194 1224 4248 diﬂiciliora.
1266 4191 1381 4247 l-loc
1426 4191 1621 4246 fecisse
1651 4208 2098 4265 unumquemque
2121 4198 2302 4251 docto-

733 4304 854 4342 rum
907 4287 1063 4342 facile
1096 4285 1416 4341 credimus:
1455 4295 1511 4339 at
1560 4300 2004 4355 unumquemque
2055 4303 2152 4357 pro
2203 4303 2303 4342 suo

729 4381 947 4451 ingenio
989 4377 1341 4449 Evangelium
1402 4375 1641 4430 Matthxi
1680 4375 1928 4430 Graecum
1964 4378 2147 4431 facere
2209 4394 2296 4432 vo-

729 4474 917 4538 luisse,
958 4486 1059 4526 nec
1090 4468 1384 4526 verisimile
1432 4476 1541 4536 est,
1582 4483 1686 4523 nec
1724 4467 1856 4523 dicit
1909 4467 2120 4538 Papias.
2176 4469 2300 4526 Sola

2398 3291 2636 3354 gnatam.

2470 3373 2555 3428 49.
2595 3373 2879 3429 Pravincia
2912 3383 3116 3435 autem,
3155 3385 3275 3437 qua:
3307 3369 3360 3421 in
3421 3367 3572 3420 Actis
3624 3365 3855 3420 edendis
3928 3375 3985 3420 et

2399 3466 2629 3519 aliorum
2668 3463 2983 3518 testimonio
3013 3461 3289 3532 assignata
3343 3459 3445 3513 fuit
3489 3468 3678 3511 sancto
3703 3457 3985 3522 Matthato,

2401 3572 2484 3616 est
2534 3557 2844 3627 Ethiopia,
2875 3555 3197 3612 latissimum
3259 3552 3458 3608 Africa:
3495 3568 3746 3624 regnum,
3799 3553 3843 3604 si
3883 3565 3987 3604 vox

2405 3650 2686 3723 {Ethiopia
2720 3650 2791 3706 sit
2821 3647 3174 3719 intelligenda
3196 3661 3360 3702 sensu
3394 3646 3631 3700 maxime
3659 3644 3843 3700 obvio.
3876 3642 3990 3696 ltu-

2402 3746 2567 3813 finus,
2603 3747 2696 3802 lib.
2731 3763 2786 3812 χ,
2811 3760 2935 3815 cap.
2971 3745 3025 3811 9,
3064 3744 3180 3798 haec
3212 3742 3444 3798 scribit:
3496 3742 3585 3796 «ιιι
3621 3756 3683 3796 ea
3708 3737 3986 3794 divisione

2402 3839 2554 3893 orbis
2611 3847 2791 3900 terrae,
2836 3850 2959 3904 quae
3014 3835 3081 3888 ad
3142 3835 3551 3903 praedicandum
3611 3835 3839 3888 verbum
3891 3832 3988 3886 Dei

2404 3939 2551 3987 sorte
2578 3945 2676 4000 per
2706 3927 2985 3999 apostolos
3017 3925 3295 3981 celebrata
3335 3933 3456 3990 est;
3510 3938 3633 3978 cum
3687 3921 3808 3976 aliae
3863 3922 3988 3977 aliis

2405 4024 2702 4095 provinciae
2727 4025 3107 4087 obvenissent,
3139 4019 3364 4075 Thoma:
3385 4018 3625 4083 Parthia,
3650 4025 3705 4071 et
3728 4014 3987 4070 Matthzro

2406 4113 2711 4182 ASthiopia,
2751 4113 2912 4180 eique
2940 4111 3228 4165 adhaerens
3259 4111 3484 4166 citerior
3508 4109 3662 4164 ludia
3694 4108 3990 4163 Bartholo-

2407 4215 2544 4255 maco
2574 4200 2776 4255 dicitur
2811 4207 2961 4253 sorte
2988 4198 3230 4252 decreta.
3260 4217 3278 4250 ›
3313 4199 3513 4254 Eodem
3549 4201 3665 4255 fere
3704 4202 3871 4256 modo
3899 4198 3992 4254 So-

2406 4304 2610 4357 crates,
2646 4292 2742 4345 lib.
2766 4305 2805 4353 ι.
2839 4304 2961 4359 cap.
3013 4288 3079 4344 i9
3112 4304 3126 4342 :
3171 4307 3186 4338 ι
3216 4286 3351 4342 Cum
3383 4291 3612 4360 apostoli
3642 4292 3991 4357 praedicatio-

2407 4386 2494 4436 nis
2513 4399 2680 4437 causa
2707 4381 2774 4436 ad
2817 4390 3008 4453 gentes
3041 4377 3359 4449 profeCturi,
3412 4394 3503 4432 cas
3532 4379 3677 4433 inter
3701 4395 3762 4434 se
3788 4386 3990 4436 sortito

2407 4473 2728 4536 dividerint,
2774 4472 3014 4526 Thomas
3088 4472 3308 4541 quidem
3375 4471 3633 4536 Parthiae,
3693 4472 3987 4530 Matth-.eus

730 4563 1136 4618 neotericorum
1211 4561 1479 4629 expositio
1542 4560 1872 4614 sententiam
1924 4560 2068 4614 illam
2125 4561 2300 4632 Papize
2328 4575 2379 4634 ι)
2411 4581 2541 4620 vero
2567 4563 2862 4635 .‘Ethiopize
2886 4564 3255 4634 apostolatum
3285 4563 3517 4618 sortitus
3542 4578 3647 4619 ρει.
3692 4564 3988 4622 Bartholo-

732 4657 1000 4720 attribuit,
1037 4653 1164 4709 licet
1191 4668 1295 4709 vox
1325 4651 1509 4707 Grieca
1556 4652 1894 4722 ἡρμήνευσε,
1924 4654 2300 4722 interpretatus

733 4762 838 4817 est,
878 4751 1023 4805 illam
1050 4746 1451 4818 expositionem
1477 4745 1709 4800 minime
1755 4747 2020 4816 requirat,
2052 4747 2144 4801 sed
2172 4764 2302 4818 pro-

735 4850 856 4910 pter
917 4839 1169 4908 adjuncta
1221 4837 1402 4908 potius
1450 4847 1666 4892 renuat.
1695 4839 1917 4892 Certum
1969 4839 2132 4909 igitur
2183 4856 2303 4896 esse

735 4934 917 4997 debet,
962 4933 1335 5004 apostolorum
1372 4943 1617 5002 tempore
1657 4933 1852 4987 factam
1919 4949 2042 4988 esse
2101 4937 2306 4990 versio-

736 5038 859 5078 nem
885 5024 1156 5090 Graecam,
1191 5024 1519 5094 unicamque
1547 5023 1714 5078 fuisse
1768 5026 2149 5095 approbatam,
2178 5042 2302 5080 cum

741 5115 804 5172 de
828 5117 1076 5185 pluribus
1106 5117 1290 5170 nullus
1308 5116 1642 5170 meminerit.
1678 5115 1906 5184 Reliqua
1938 5117 2003 5170 ad
2059 5115 2306 5186 Evange-

738 5202 869 5257 lium
906 5203 1142 5258 Matthzei
1177 5204 1483 5274 spectantia
1531 5204 1921 5273 interpretibus
1964 5219 2130 5259 sacra:
2160 5207 2309 5260 Scri-

742 5306 909 5363 ptura:
940 5298 1297 5352 examinanda
1328 5297 1603 5367 relinquo.

739 5432 765 5502 ᾗ
818 5431 907 5486 ιν.
950 5432 1263 5486 Praedicatio
1310 5433 1482 5485 sancti
1540 5431 1780 5487 Matt/imi
1840 5443 1887 5486 et
1962 5431 2304 5501 Martyrium.

809 5570 901 5624 48.
920 5570 992 5623 De
1015 5569 1398 5639 prmdicatione
1422 5570 1692 5638 Evangelii
1716 5570 1768 5621 in
1789 5568 1995 5630 Juda’a,
2017 5576 2306 5635 antequam

738 5661 971 5730 apostoli
1013 5661 1065 5714 in
1094 5661 1404 5729 designatas
1432 5661 1536 5712 sibi
1576 5661 1885 5729 provincias
1913 5661 2306 5724 discesserunt,

739 5754 950 5806 nullum
980 5763 1061 5807 est
1091 5753 1340 5806 dubium.
1398 5752 1614 5806 Nicetas
1645 5753 1918 5822 Paphlago
1957 5755 2008 5803 in
2051 5752 2309 5806 Oratione

737 5847 1150 5912 encomiastica,
1179 5847 1317 5916 apud
1349 5845 1766 5912 Comhefisiuui,
1807 5847 2074 5915 pag-£01,
2111 5859 2308 5900 osten-

2412 4675 2546 4714 mzw
2580 4659 2752 4720 India,
2791 4671 2910 4725 qua
2939 4656 3234 4724 Ethiopian
3269 4659 3500 4710 confinis
3562 4665 3670 4723 est,
3709 4658 3927 4730 obtigit.
3970 4679 3986 4710 i

2411 4751 2640 4805 Accedit
2662 4747 3002 4803 Fortunatus
3024 4746 3167 4801 infra
3191 4747 3503 4803 laudandus
3534 4763 3660 4803 cum
3711 4749 3844 4806 aliis
3874 4754 3993 4821 plu-

2411 4844 2588 4906 ribus,
2623 4842 2766 4894 inter
2797 4853 2938 4908 quos
2993 4837 3122 4893 Milo
3173 4839 3474 4894 monachus
3511 4839 3564 4894 in
3614 4840 3735 4894 \‘ita
3763 4841 3994 4896 metrica

2414 4938 2470 4990 ὃ.
2504 4933 2760 4998 Amandi,
2791 4943 2921 4987 tom.
2970 4932 2986 4985 Ι
3036 4931 3326 4987 Februarii
3389 4932 3536 4998 data,
3590 4949 3715 5003 pag.
3764 4932 3874 4990 87b
3923 4935 3993 4988 ita

2415 5030 2562 5083 canit
2587 5045 2600 5078 :

2415 5136 2698 5192 Mattheus
2733 5134 3010 5203 Ethiopas
3045 5144 3270 5188 torrente
3294 5136 3481 5189 ardore
3514 5148 3777 5192 crematos

2421 5208 2478 5262 Ut
2515 5205 2655 5262 Geou
2686 5207 2909 5258 eximius
2937 5220 3147 5257 sacrato
3179 5209 3335 5258 diluit
3370 5220 3546 5269 amne,

2418 5277 2492 5331 Et
2519 5280 2647 5346 facit
2685 5279 2739 5327 in
2775 5276 2994 5342 speciem
3023 5275 3154 5327 lotos
3192 5279 3416 5330 candere
3453 5278 3703 5332 nivalem.

2488 5391 2577 5444 50.
2615 5387 2987 5443 Florentinius
3027 5388 3082 5441 in
3117 5386 3268 5443 Notis
3303 5390 3368 5442 ad
3417 5388 3723 5446 lndiculum
3770 5402 3992 5461 apostoo

2415 5483 2593 5536 lorum
2651 5480 2705 5533 in
2759 5479 3013 5534 Matthmo
3043 5495 3165 5550 pag.
3233 5481 3336 5535 158
3402 5483 3527 5536 ait:
3574 5501 3591 5533 ι
3632 5481 3994 5540 Commnnior

2417 5581 2601 5625 autem
2626 5572 2848 5625 videtur
2876 5572 3173 5635 sententia,
3211 5571 3524 5628 Mattlneum
3575 5577 3914 5643 pradicasse
3942 5582 3990 5632 in

2417 5665 2657 5717 citcriori
2683 5662 2982 5733 .Etbiopia,
3014 5680 3134 5733 quae
3161 5667 3393 5720 vicinior
3422 5677 3506 5721 est
3535 5665 3774 5738 A‘Sgypto
3807 5684 3994 5739 etquae

2421 5751 2635 5805 Sonnar
2706 5754 2867 5807 hodie
2918 5755 3138 5816 dicitur,
3203 5771 3268 5810 ac
3336 5765 3613 5812 mortuum
3663 5760 3720 5811 in
3778 5764 3994 5816 civitate

2422 5844 2570 5897 Luch
2610 5846 2771 5915 (apud
2802 5862 2830 5898 a
2874 5846 3071 5917 Lapide
3106 5846 3311 5918 Luacb)
3345 5849 3435 5904 ubi
3467 5851 3770 5906 etiamnum
3803 5854 3993 5922 templa
