4150 6550
182 485 276 549 781

1443 482 1617 541 VlTA
1662 481 1720 540 S.
1763 478 2149 540 MATTlLEI.

3313 488 3418 548 78:!

185 608 236 660 iu
265 607 532 659 honorem
560 603 735 658 sancti
764 599 1000 656 Matthaei
1033 610 1248 654 exstare
1281 596 1448 652 habet
1481 611 1544 652 ex
1578 597 1748 652 tradi-
1783 601 1831 658 Α
1857 594 2138 651 Candaces
2168 599 2364 668 reginae
2396 599 2560 654 fuisse
2597 599 2830 671 Egypto
2863 602 3166 672 proximum
3205 613 3258 658 et
3293 620 3423 658 con-

189 696 436 751 tionibus
502 693 826 764 A'Ithiopum
896 696 973 762 (et
1024 694 1221 747 litteris
1281 689 1752 746 missionariorum

185 788 438 858 quamvis
465 802 560 840 eas
583 802 692 840 non
727 786 928 840 laudetl
964 784 1252 839 Cornelius
1278 799 1307 836 ιι
1339 782 1546 851 Lapide
1573 796 1695 850 cap.
1720 782 1754 835 5

184 878 450 934 Prouemii
489 879 540 931 in
579 878 913 933 Matthmum.
965 878 1210 948 Regnum
1248 877 1380 931 illud
1439 876 1753 945 EthiOpiae,

183 970 329 1038 quod
364 970 435 1022 illi
475 968 709 1032 Sonnar,
755 969 842 1022 alii
883 969 1092 1022 Senuar
1132 970 1439 1032 nominant,
1469 971 1632 1024 sitmn
1665 976 1751 1022 est

185 1063 329 1115 inter
368 1060 659 1131 Aigyptum
685 1070 739 1115 et
781 1075 1004 1129 regnum
1031 1061 1355 1116 hodiernum
1393 1061 1752 1115 Habessiniae.

181 1154 356 1210 Jobus
422 1152 703 1218 Ludolfus,
769 1153 821 1206 in
881 1152 1120 1207 Historia
1188 1153 1511 1221 lEthiopica,
1572 1154 1666 1209 lib.
1716 1171 1755 1217 ι,

184 1262 308 1317 cap.
342 1247 400 1310 2,
448 1248 524 1300 ait
576 1261 798 1317 regnum
850 1245 1063 1299 Sennar
1109 1262 1229 1301 esse
1278 1255 1487 1316 partem
1555 1248 1755 1301 veteris

186 1338 400 1393 Nubiae.
440 1337 749 1392 Martiniere
787 1337 840 1390 in
869 1337 1203 1392 Dictiouario
1231 1337 1593 1408 geoaraphico
1621 1339 1757 1392 Sen-

186 1447 288 1484 uar
313 1445 539 1500 regnum
579 1444 701 1484 cum
744 1443 912 1500 regno
946 1428 1134 1484 Nubite
1179 1431 1318 1484 idem
1355 1430 1499 1484 facit.
1555 1429 1755 1483 Verum

187 1534 417 1574 necesse
450 1533 556 1572 non
607 1526 690 1571 est
722 1518 788 1571 ad
840 1519 1181 1587 propositum
1220 1528 1467 1572 nostrum
1517 1517 1678 1571 latius
1707 1517 1756 1570 id

189 1597 474 1678 indagare.
519 1607 663 1663 Satis
715 1618 802 1662 est
841 1609 1108 1662 indicasse
1137 1624 1359 1678 regnum
1394 1609 1604 1662 Scnnar
1641 1622 1763 1662 esse

186 1702 240 1754 iu
313 1710 466 1769 parte
542 1701 955 1770 septentrionali
1031 1699 1321 1769 Ethiopia:
1388 1711 1442 1754 et
1521 1702 1761 1769 proxima

189 1789 448 1860 Egypto.
490 1789 546 1844 In
586 1791 774 1844 eadem
796 1805 1012 1859 quoque
1038 1789 1334 1860 Aitliioriia:
1367 1802 1518 1860 parte
1546 1801 1764 1860 aposto-

189 1882 369 1933 lorum
401 1882 738 1951 temporibus
767 1897 1024 1951 regnasse
1054 1880 1343 1936 Candacen
1372 1882 1632 1951 reginam,
1666 1896 1760 1933 cu-

186 1973 280 2040 jus
305 1973 593 2025 eunuchus
624 1988 653 2025 a
679 1983 868 2026 sancto
896 1971 1150 2040 Philippo
1187 1973 1417 2026 diacono
1456 1974 1760 2040 baptizatus
1799 1955 1836 2006 Β

188 2073 298 2125 cst,
327 2065 543 2116 abunde
567 2062 836 2132 colligitur
873 2079 935 2115 ex
971 2064 1129 2116 dictis
1155 2062 1181 2132 §
1211 2065 1260 2126 ι;
1306 2073 1359 2115 at
1398 2078 1611 2115 rursum
1655 2079 1760 2115 non

192 2155 416 2224 inquiro
458 2169 525 2207 an
580 2154 668 2207 illa
717 2153 880 2208 latius
930 2165 1022 2208 aut
1092 2158 1272 2208 minus
1325 2157 1429 2208 late
1494 2165 1762 2224 regnaret.

191 2245 482 2300 Sententia
534 2257 716 2300 autem
767 2246 1003 2309 illorum,
1057 2247 1147 2317 qui
1197 2247 1514 2301 existimant
1563 2249 1613 2300 in
1681 2247 1766 2299 illa

193 2347 356 2407 parte
405 2336 698 2406 Aﬁthiopiae
749 2337 1074 2406 praedicasse
1134 2351 1380 2392 sanetum
1435 2338 1768 2402 Mattlimum,

197 2429 334 2486 mihi
383 2431 676 2484 admodum
729 2430 1021 2498 probabilis
1053 2440 1276 2500 apparet
1321 2441 1377 2486 et
1411 2431 1767 2485 verisimilis:

194 2539 322 2578 cum
358 2522 485 2590 quia
517 2521 759 2590 proxima
808 2531 927 2574 erat
961 2521 1201 2575 llouiano
1237 2524 1465 2592 imperio
1494 2539 1556 2577 ex
1609 2534 1763 2594 parte

194 2610 443 2682 Egypti,
478 2619 588 2663 tum
620 2611 746 2678 quia
779 2611 1070 2664 eunuchus
1125 2610 1322 2680 regina:
1354 2609 1632 2665 Candaces
1658 2621 1774 2664 erat

197 2719 530 2770 conversus,
562 2713 616 2759 et
647 2703 714 2758 de
742 2703 890 2758 illius
928 2703 1288 2758 conversione
1319 2712 1468 2757 certo
1490 2699 1773 2756 constabat

196 2796 489 2868 apostolis,
522 2804 631 2849 turn
667 2795 790 2864 quia
821 2794 1064 2849 ecclesiae
1096 2795 1265 2849 sancti
1296 2793 1552 2858 Matthxi,
1576 2793 1772 2847 ibidem

201 2889 462 2948 invenlze,
498 2885 776 2938 insinuant
809 2884 994 2954 populi
1017 2885 1292 2953 antiquam
1325 2885 1691 2946 traditionem.
1717 2902 1777 2941 ac

199 2980 424 3034 demum
456 2979 580 3046 quia
609 2976 906 3047 scriptores
959 2987 1231 3031 testantur
1255 2977 1583 3048 1£thiopiam
1615 2979 1780 3034 fuisse

205 3071 465 3126 Matthteo
496 3069 823 3138 assignatam
850 3087 865 3135 ;
903 3085 1004 3123 nec
1039 3070 1142 3123 ulla
1175 3072 1322 3138 regio
1368 3072 1537 3141 magis
1567 3073 1781 3141 proprie

205 3160 490 3230 Aithiopia
522 3158 622 3213 fuit
653 3171 862 3224 vocata,
895 3175 1054 3228 quam
1090 3161 1203 3219 illa.
1228 3162 1314 3215 cui
1347 3178 1544 3218 nomen
1569 3163 1784 3219 Ethio-

209 3254 315 3326 pize
347 3253 618 3307 dederunt
649 3266 838 3306 omnes
869 3251 1160 3323 geographi
1197 3252 1428 3321 antiqui.

285 3346 376 3400 5|.
418 3344 805 3400 Verumtamen
848 3361 910 3399 ea
953 3345 1135 3414 opinio
1178 3345 1454 3413 displicuit
1484 3344 1779 3399 Tillemon-

213 3440 292 3493 tio
316 3459 326 3490 :
356 3454 482 3492 nam
506 3438 616 3499 hic,
643 3448 768 3491 nota
795 3436 828 3490 2
853 3440 904 3490 in
928 3437 1257 3503 Matthaeum,
1285 3437 1508 3508 allegata
1531 3437 1786 3507 Opinione

213 3531 456 3585 Cornelii
490 3546 518 3581 a
557 3529 774 3598 Lapidc.
801 3547 963 3600 quam
994 3529 1358 3585 Florentinius
1379 3531 1563 3586 retulit
1587 3533 1786 3600 potius,

213 3638 380 3692 quam
416 3630 639 3674 secutus
668 3631 773 3680 est.
817 3622 1049 3675 rotunde
1094 3622 1258 3676 edicit
1311 3637 1414 3675 non
1471 3625 1790 3690 prsedicasse

217 3723 468 3766 sanctum
520 3710 824 3766 Matthzeum
898 3713 949 3766 in
1005 3711 1282 3783 IEtltiopia
1336 3713 1788 3782 septemtrionali.

218 3805 480 3861 Bailletus
510 3806 739 3862 lidcliter
773 3816 996 3862 secutus
1030 3817 1112 3863 est
1162 3806 1589 3861 Tillemomium.
1627 3806 1791 3862 liuiea

220 3901 511 3968 utriusque
565 3900 724 3966 ratio,
781 3915 953 3966 caque
1001 3916 1065 3953 ex
1124 3915 1307 3954 errore
1350 3908 1498 3964 nata,
1548 3901 1660 3954 haec
1692 3910 1792 3961 est,

218 3994 366 4070 quod
391 3991 670 4060 AithiOpia
696 3991 1173 4060 septemtrionalis,
1202 3999 1252 4045 et
1278 3991 1505 4060 .{igypto
1533 3991 1794 4057 proxima,

220 4100 332 4140 non
366 4083 642 4152 exceperit
680 4082 836 4136 tidem
863 4081 1251 4143 Christianam,
1278 4083 1378 4135 nisi
1413 4082 1678 4136 saeculorv
1704 4098 1798 4152 per

223 4177 287 4230 ὃ.
343 4175 742 4230 Frumentium.
794 4175 1068 4230 Promittit
1121 4185 1300 4228 autem
1359 4185 1582 4245 uterque
1635 4178 1686 4230 id
1742 4192 1799 4230 se

222 4280 578 4324 ostensurum
627 4270 680 4322 in
732 4268 854 4323 Vita
904 4267 1075 4322 sancti
1110 4266 1413 4322 Frumenti.
1461 4268 1656 4322 Verum
1692 4283 1796 4322 non

221 4362 419 4418 dubito
474 4361 660 4415 eadem
701 4360 964 4415 brevitate
1007 4364 1359 4428 respondere,
1399 4375 1464 4414 ex
1501 4364 1613 4415 sola
1649 4362 1799 4430 igno-

227 4461 404 4514 rantia
443 4467 498 4512 et
522 4469 706 4512 errore
737 4455 1038 4525 profectam
1073 4467 1193 4508 esse
1228 4452 1511 4524 utriusque
1540 4451 1799 4520 objectio-

227 4569 380 4615 nem,
429 4550 576 4621 quod
632 4564 858 4620 regnum
916 4546 1249 4602 Habessinia:
1298 4544 1640 4601 conluderint
1678 4560 1800 4599 cum

1858 688 2172 752 terminum,
2225 704 2348 744 cum
2397 691 2649 747 Candace
2695 693 2983 762 aliquando
3026 696 3144 749 sine
3193 696 3422 750 transitu

1857 779 2082 832 alterius
2119 779 2346 835 ditionis
2375 783 2426 834 in
2453 780 2750 854 AEgyptum
2785 801 2849 839 ex
2887 801 3051 855 regno
3087 801 3184 840 suo
3212 788 3425 840 exerci-

1861 879 1970 923 tum
1999 869 2239 935 duxerit,
2274 881 2328 926 et
2357 889 2571 926 rursum
2620 874 2844 928 llornani
2882 878 3133 932 similiter
3163 879 3425 934 ditionem

1860 961 2030 1022 ipsius
2083 962 2383 1018 invaserint
2429 980 2498 1018 ex
2547 965 2795 1036 Egypto.
2834 967 2948 1033 Qua
2997 969 3163 1038 igitur
3211 984 3421 1025 ratione

1860 1068 2056 1123 negare
2116 1055 2292 1122 potuit
2358 1055 2516 1109 fidem
2570 1059 2622 1110 in
2674 1058 2946 1128 Aithiopia
3001 1063 3426 1130 septemtrionali

1861 1141 2204 1208 praedicatam
2241 1142 2406 1198 fuisse
2437 1155 2563 1198 ante
2591 1147 2842 1200 sreculum
2872 1149 2962 1202 iv?

1933 1231 2022 1286 52.
2081 1234 2378 1288 Audiamus
2423 1237 2604 1300 modo,
2655 1253 2757 1307 qua
2809 1240 3015 1294 ratione
3057 1241 3428 1298 Tillemontius

1864 1324 2054 1392 probet
2095 1324 2148 1377 in
2193 1325 2530 1391 Frumentio,
2583 1337 2715 1383 tom.
2751 1329 2859 1396 VII,
2891 1344 3015 1386 nota
3046 1335 3283 1399 2,fidem
3317 1351 3426 1390 non

1863 1414 2032 1468 fuisse
2067 1416 2408 1482 praedicatam
2438 1420 2492 1472 in
2531 1417 2809 1490 Ethiopia
2848 1424 3276 1491 septemtrionali
3303 1436 3430 1480 ante

1863 1508 2120 1560 saeculum
2147 1524 2218 1560 iv.
2258 1506 2491 1564 Sanctus
2513 1511 2859 1568 Frumentius
2881 1517 3076 1569 szeculo
3105 1533 3174 1578 IV,
3202 1518 3432 1571 testibus

1868 1598 2063 1652 Ruﬁno
2086 1600 2177 1654 lib.
2202 1615 2256 1664 χ,
2281 1616 2396 1669 cap.
2419 1603 2475 1668 9,
2511 1603 2733 1659 Socrate
2756 1607 3004 1676 aliisque,
3038 1608 3196 1662 ﬁdem
3221 1623 3433 1663 annun-

1869 1691 2019 1745 tiavit
2054 1692 2320 1766 gentibus,
2345 1707 2481 1762 quos
2522 1694 2594 1747 illi
2632 1707 2824 1750 vocant
2855 1697 3013 1752 Indos
3044 1699 3352 1764 ulteriores,
3379 1709 3434 1754 et

1868 1784 2067 1851 quibus
2133 1785 2288 1838 tidem
2354 1795 2480 1839 ante
2539 1803 2811 1858 nunquam
2867 1791 3210 1860 pra-dicatam
3265 1792 3434 1846 fuisse

1875 1885 2166 1929 testantur.
2214 1878 2286 1930 Ex
2344 1879 2538 1933 litteris
2575 1896 2702 1934 vero
2751 1881 3054 1937 Constantii
3091 1885 3435 1953 imperatoris

1869 1969 2008 2036 apud
2038 1978 2285 2022 sanetum
2318 1971 2674 2027 Athanasium
2707 1974 2758 2027 in
2795 1978 3050 2045 Apologia
3073 1979 3139 2030 ad
3166 1979 3430 2032 Constat)-

1872 2062 2025 2124 tium,
2076 2073 2206 2114 tom.
2261 2062 2300 2124 Ι.
2353 2080 2470 2133 pag.
2530 2065 2655 2130 515,
2711 2067 3012 2122 ostenditur
3063 2068 3420 2124 Frumentiuu

1872 2151 2038 2204 fuisse
2066 2153 2376 2222 enisi-ortum
2421 2156 2845 2211 Auxumitanum
2897 2158 3009 2211 sive
3047 2161 3434 2215 Axumitanum

1873 2243 1926 2296 iu
1981 2243 2278 2314 {EthiOpim
2330 2247 2434 2299 Per
2493 2249 2653 2303 Indos
2707 2251 2869 2320 igitur
2919 2251 3247 2324 intelligendi
3313 2266 3441 2310 sunt

1873 2331 2180 2401 IEtbiopes,
2219 2345 2274 2389 ct
2303 2341 2676 2407 consequitur,
2725 2351 2781 2394 ut
2813 2342 2899 2396 his
2954 2345 3112 2398 tidem
3160 2362 3436 2414 nunquam

1875 2438 2002 2482 ante
2051 2430 2308 2483 saeculum
2339 2446 2388 2483 tv
2441 2432 2786 2498 praedicatam
2834 2434 3003 2488 fuisse
3031 2435 3299 2490 dicamus.
3333 2437 3449 2490 Rev

1878 2521 2124 2591 spondeo
2179 2530 2348 2575 totum
2375 2522 2473 2575 hoc
2499 2523 2843 2577 rati0einiurn
2871 2525 3148 2580 tolerabile.
3175 2528 3440 2588 futurum,

1879 2615 1920 2667 si
1948 2615 2151 2666 Axuma
2204 2624 2346 2668 esset
2382 2615 2432 2666 iu
2459 2614 2737 2686 {Ethiopia
2764 2622 3214 2687 septemtrionali.
3244 2621 3439 2674 Verum

1878 2710 2082 2760 Asuma
2143 2718 2223 2760 est
2279 2709 2330 2759 in
2369 2707 2712 2774 Habessinia,
2750 2715 2906 2779 cujus
2949 2714 3076 2765 olim
3115 2715 3215 2768 fuit
3242 2723 3442 2765 matro-

1879 2798 2040 2867 polis,
2069 2813 2168 2851 nec
2198 2806 2283 2851 est
2313 2798 2364 2850 in
2399 2808 2551 2867 parte
2583 2803 3009 2867 septemtrionali
3043 2803 3354 2873 .-'Ethi0pi:e,
3380 2805 3447 2861 do

1881 2905 1984 2959 qua
2013 2889 2372 2959 disputamus.
2426 2889 2620 2944 Totum
2660 2908 2879 2961 regnum
2917 2894 3146 2956 Sennar,
3190 2907 3248 2950 ut
3289 2897 3450 2951 hodie

1887 2990 2134 3043 vocatur,
2186 2982 2301 3039 sive
2350 2980 2625 3035 Nubiense
2660 2997 2906 3052 regnum,
2939 2995 3031 3042 aut
3082 3001 3302 3052 regnum
3336 2986 3449 3040 Me-

1885 3089 2030 3137 roes,
2063 3073 2152 3127 ubi
2188 3074 2316 3127 olim
2348 3075 2527 3144 regina
2550 3074 2798 3128 Candace
2825 3075 2929 3127 late
2959 3075 3274 3142 imperabat,
3312 3078 3453 3131 inter

1888 3165 2176 3235 Alg‘vptum
2234 3172 2289 3219 et
2335 3167 2676 3218 Auxumeuse
2722 3164 2802 3217 vel
2860 3165 3168 3218 Axumense
3225 3181 3449 3235 regnum

1809 3291 1855 3350 Ο
1889 3264 1971 3308 est
2010 3255 2415 3319 intermedium,
2454 3256 2591 3308 sicut
2634 3255 2792 3312 modo
2841 3271 3062 3325 regnum
3095 3258 3304 3310 Senuar
3350 3257 3456 3312 Ha-

1890 3346 2183 3402 bessiniam
2218 3350 2361 3400 inter
2390 3360 2444 3400 et
2478 3347 2766 3416 Aigyplum
2792 3348 2956 3414 jacet.
2981 3347 3321 3419 Quapropter
3351 3353 3454 3402 tale

1889 3446 1974 3490 est
1999 3438 2219 3488 omnino
2243 3447 2617 3506 argumentum
2644 3435 2996 3500 Tillemontii,
3024 3456 3083 3492 ac
3118 3442 3158 3493 si
3186 3440 3304 3509 quis
3333 3456 3455 3507 pro-

1891 3530 2072 3584 basset
2111 3529 2268 3582 tidem
2306 3545 2411 3582 non
2447 3527 2612 3582 fuisse
2646 3530 2988 3597 praedicatam
3043 3532 3093 3583 iu
3128 3532 3296 3584 Frisia
3331 3537 3455 3585 ante

1895 3622 2148 3675 smculum
2176 3638 2286 3684 vti,
2333 3621 2563 3690 indeque
2621 3621 2822 3676 inferre
2873 3623 3031 3680 vellet
3075 3624 3314 3677 eamdem
3347 3641 3454 3676 non

1899 3710 2064 3763 fuisse
2100 3719 2224 3763 aute
2259 3711 2462 3763 dictum
2511 3711 2769 3764 saeculum
2799 3711 2850 3764 in
2888 3711 3053 3765 Callia
3088 3714 3452 3782 przedicatam.

1895 3801 2159 3871 Princeps
2189 3801 2471 3866 Auxuma,
2507 3799 2647 3871 apud
2695 3817 2854 3868 quem
2888 3811 3127 3871 tempore
3157 3805 3458 3860 Constantii

1899 3906 1953 3949 et
1992 3895 2273 3949 Athanasii
2309 3893 2464 3947 [idem
2499 3893 2810 3962 praedicavit
2837 3905 3056 3950 sanctus
3088 3896 3458 3966 Frumentius,

1899 3995 2111 4055 paterat
2136 3987 2354 4055 quidem
2383 4002 2566 4056 pacem
2590 4003 2712 4042 cum
2751 3989 3004 4043 Romanis
3031 4002 3122 4044 aut
3151 3991 3461 4047 inimicitias

1900 4093 2178 4141 exercere,
2226 4079 2348 4149 quia
2386 4080 2765 4134 dominabatur
2813 4082 2878 4135 ad
2919 4083 3097 4135 sinum
3133 4084 3461 4149 Arabicum;

1902 4173 1993 4225 sed
2047 4170 2179 4224 alias
2224 4171 2378 4242 longe
2410 4172 2596 4226 aberat
2626 4189 2653 4225 a
2702 4173 2895 4226 liuibus
2943 4174 3154 4243 imperii
3201 4175 3460 4235 Romani;

1903 4263 1994 4316 sed
2031 4262 2150 4316 haec
2197 4263 2359 4317 latius
2389 4263 2748 4318 examinanda
2779 4267 2997 4326 venient
3025 4266 3078 4320 in
3117 4277 3304 4321 sancto
3334 4267 3466 4322 Fru-

1904 4353 2108 4407 mentio
2156 4355 2223 4408 ad
2269 4355 2336 4407 27
2370 4354 2635 4419 Octobris,
2685 4355 2776 4409 ubi
2818 4355 2980 4410 simul
3025 4359 3346 4428 inquiretur.
3395 4377 3464 4416 an

1907 4454 2052 4498 reetc
2110 4443 2259 4500 india
2306 4455 2495 4502 vocata
2533 4445 2699 4502 fuerit
2734 4447 2881 4517 regio
2924 4463 3018 4518 per
3055 4461 3298 4504 sanctum
3329 4450 3466 4504 Fru-

1908 4539 2166 4591 mentium
2202 4555 2480 4595 conversa.

228 4644 508 4712 Ethiopia
583 4641 1048 4712 septemtrionali;
1118 4641 1400 4694 historiam
1457 4653 1584 4694 vero
1629 4639 1882 4698 sanctil)
1981 4630 2067 4683 55.
2111 4630 2265 4696 Quod
2331 4641 2706 4700 argumentum
2772 4632 3098 4689 Tillemoutii
3181 4647 3471 4705 utcumque

232 4731 538 4788 Frutncntii
569 4733 703 4786 adeo
735 4745 842 4785 non
875 4732 1092 4784 obstare
1122 4730 1295 4784 sancti
1330 4729 1562 4784 Matthzei
1608 4731 1802 4800 prsidi—

232 4825 438 4882 catioui
473 4825 524 4879 iu
559 4823 842 4894 [Ethiopia
892 4821 1345 4893 septemtrionali.
1390 4831 1448 4877 ut
1481 4823 1659 4892 potius
1695 4822 1806 4875 ιιειξο

234 4917 556 4990 praedicatio
603 4915 953 4971 verisimilior
985 4917 1079 4968 liat
1108 4929 1171 4970 ex
1205 4913 1291 4968 il'la
1339 4913 1585 4969 historia.
1622 4913 1806 4967 Prius-

236 5026 400 5080 quam
442 5019 620 5064 tamen
671 5016 1051 5079 argumentum
1086 5008 1257 5076 ipsius
1295 5007 1608 5068 discutiam,
1658 5007 1810 5059 lubet

239 5101 429 5171 paucis
458 5101 748 5156 ostendere
794 5114 956 5171 quam
989 5099 1125 5154 belle
1152 5112 1335 5154 secum
1367 5099 1482 5168 ipse
1517 5098 1806 5152 cohaareat.

242 5190 643 5254 'l'illemontius,
676 5201 803 5247 tom.
833 5190 878 5245 ll
905 5191 960 5245 in
993 5190 1050 5246 S.
1087 5188 1335 5260 Philippo
1363 5191 1614 5252 diacono,
1646 5203 1812 5257 expo-

244 5282 323 5336 nit
352 5291 503 5352 gesta
526 5279 765 5334 eunuchi
803 5282 1003 5349 reginze
1023 5281 1318 5346 Caudaces,
1349 5295 1509 5350 quem
1533 5280 1814 5348 Philippus

246 5373 511 5427 diaconus
546 5371 702 5426 tidem
749 5368 1114 5427 Christianam
1163 5372 1345 5426 docuit
1401 5380 1454 5425 et
1501 5371 1813 5439 baptizavit.

247 5464 369 5518 Aet.
397 5464 450 5518 8.
475 5463 684 5517 Laudat
705 5463 777 5518 ibi
801 5472 1051 5517 sanctum
1086 5463 1468 5527 lrenwumJib.
1501 5478 1705 5530 tu,eap.
1737 5461 1817 5524 12,

250 5563 503 5609 sanctum
538 5553 797 5625 Cyrillum
834 5555 1385 5623 llierosolymitanum
1421 5555 1540 5609 Cat.
1576 5555 1662 5618 Π,
1693 5553 1818 5608 Hie-

253 5659 564 5715 ronymum,
591 5647 884 5702 Eusebium
906 5647 1170 5716 aliosque,
1201 5647 1479 5710 docentes,
1508 5645 1822 5701 eunuchum

256 5737 404 5790 illum
446 5737 501 5790 in
524 5737 857 5808 Ethiopiam
885 5738 1054 5794 fuisse
1078 5741 1301 5795 missum
1325 5740 1389 5794 ad
1422 5739 1823 5808 praedicandum

258 5827 649 5900 Evangelium;
685 5832 860 5902 iisque
895 5832 1213 5895 assentitur,
1255 5840 1348 5888 aut
1374 5840 1524 5886 certe
1553 5847 1660 5884 non
1694 5847 1828 5885 eon-

261 5921 476 5977 tradieit
526 5917 929 5977 Tillemontius.
976 5922 1135 5994 Atqui
1194 5931 1399 5976 certum
1453 5931 1556 5988 est,
1602 5936 1826 5990 regnum

1907 4721 2131 4784 evincit,
2164 4732 2217 4774 ct
2248 4722 2406 4776 latius
2437 4722 2628 4790 prohat
2653 4723 2820 4777 Jobus
2849 4723 3111 4780 Ludolfus
3143 4727 3192 4778 iu
3235 4726 3468 4781 Historia

1908 4813 2214 4884 EthiOpira
2240 4815 2353 4872 sive
2388 4816 2535 4888 regni
2561 4817 2999 4884 Habessinorum,
3032 4818 3124 4873 lib.
3155 4834 3233 4884 ιιι,
3266 4835 3382 4890 cap.
3415 4821 3469 4885 ἓ.

1911 4903 2067 4958 ﬁdem
2100 4905 2482 4975 Apostolorum
2515 4916 2756 4975 tempore
2786 4909 3134 4978 praediratam
3165 4925 3272 4964 non
3305 4911 3472 4966 fuisse

1913 4997 1965 5051 in
1996 5013 2160 5067 regno
2205 4998 2618 5054 Auxumitarum
2654 5001 2768 5056 sive
2808 5001 3256 5064 Hahcssinorum,
3303 5004 3474 5073 magis

1914 5092 2258 5147 verisimilem
2276 5092 2409 5148 facit
2423 5094 2861 5164 praedicationem
2879 5095 2936 5150 S.
2953 5095 3186 5152 Matthxi
3201 5098 3251 5151 in
3267 5097 3478 5152 Ethio-

1916 5187 2000 5252 pia
2026 5184 2257 5254 [Egypto
2302 5187 2663 5243 contermina.
2695 5187 2833 5243 llinc
2863 5189 3111 5244 laudatus
3137 5187 3393 5243 Ludoll‘us
3422 5191 3476 5242 iu

1918 5275 2202 5330 Annotatis
2234 5277 2299 5330 ad
2355 5278 2446 5332 lib.
2484 5294 2565 5340 ιιι,
2599 5294 2721 5348 cap.
2752 5281 2805 5332 9..
2845 5295 2964 5348 pag.
3000 5279 3107 5334 280
3139 5294 3203 5333 ex
3246 5279 3476 5335 Historia

1919 5367 2224 5437 .Ethiopica
2276 5367 2607 5424 Balthasaris
2658 5368 2900 5434 Tellezii,
2950 5387 3108 5439 quam
3150 5371 3478 5439 frequentis-

1921 5462 2055 5517 sime
2089 5462 2293 5526 laudat,
2325 5463 2440 5518 haec
2464 5463 2680 5517 adducit
2711 5474 2764 5518 et
2793 5465 3034 5532 sequitur
3057 5463 3214 5517 verba
3247 5481 3258 5516 :
3300 5457 3482 5526 «Quod

1925 5555 2169 5609 nonnulli
2230 5554 2418 5608 dicunt
2468 5567 2710 5610 sanctum
2775 5555 3082 5609 Matthteum
3133 5554 3484 5624 Evangelium

1925 5647 2246 5714 praedicasse
2272 5646 2322 5700 in
2353 5646 2652 5716 Ethiopia,
2689 5663 2774 5702 res
2803 5647 2942 5700 inter
2988 5646 3318 5700 Habessiuos
3345 5657 3486 5697 nova

1926 5745 2030 5802 est,
2067 5748 2120 5793 et
2151 5735 2505 5794 fundamento
2531 5749 2699 5794 caret.
2731 5738 2866 5792 Cum
2902 5737 3131 5808 religiosi
3171 5735 3337 5790 nostri
3380 5733 3487 5789 illis

1929 5843 1994 5882 ex
2041 5830 2278 5885 historiis
2313 5833 2515 5886 nostris
2549 5833 2599 5885 id
2630 5839 2936 5894 narrarent,
2981 5826 3378 5898 responderunt
3411 5829 3491 5890 (et

1931 5924 2147 5994 quidem
2192 5933 2356 5991 recte,
2393 5925 2466 5980 ait
2495 5923 2771 5995 Ludolfus)
2805 5924 2906 5977 hoc
2937 5918 3344 5989 intelligendum
3368 5930 3489 5971 esse
