4150 6496
692 413 802 477 ’183

1936 415 2221 475 MENSIS
2258 415 2705 476 SEPTEMBER

3864 419 3970 481 78$

699 525 767 577 dc
812 521 1092 593 IEthiopia
1127 522 1371 578 infcriori
1409 522 1889 609 (scilicetpmpric
1924 525 2090 588 dicta,
2127 526 2278 579 addit
2307 531 2354 588 Α
2386 524 2735 589 Fortunatus,
2766 525 3090 586 Eucherius.
3127 526 3262 585 Ado.
3297 525 3574 579 Usuardus
3598 513 3970 587 etRabanus.

701 613 981 685 Lttdolftts)
1033 629 1154 683 qua:
1196 614 1508 670 extenditur
1560 631 1589 668 a
1642 612 1930 684 Suaqueua
1989 632 2161 686 usque
2221 618 2280 669 in

697 709 1008 780 ZEgyptum.
1036 707 1484 777 Quandoqmdem
1511 706 1712 760 nullam
1742 722 1978 776 unquam
2024 707 2277 761 notitiam

698 803 924 866 habent,
952 802 1098 871 quod
1128 810 1350 856 sanctus
1380 800 1671 854 Matthatus
1704 810 1800 854 aut
1831 801 2109 869 apostolus
2139 801 2278 858 alius

698 895 1071 950 Habcssiniam
1099 894 1385 946 intraverit
1427 899 1573 958 (ante
1593 900 1843 946 sanctum
1876 889 2275 954 Frumentiutn,

696 1002 756 1043 ut
789 1004 1003 1042 rursum
1058 986 1213 1040 addit
1259 983 1544 1055 Ludolius)
1581 985 1652 1038 uti
1707 993 1858 1038 certo
1902 983 2102 1038 docent
2151 984 2274 1039 libri

706 1079 921 1134 illorum
956 1088 1119 1146 atque
1149 1075 1246 1129 viri
1290 1076 1503 1129 illorum
1534 1071 1702 1138 docti,
1734 1075 1827 1144 qui
1859 1076 2096 1128 maxime
2122 1075 2276 1144 gnari

696 1171 796 1225 sibi
834 1169 1088 1225 videntur
1119 1183 1242 1224 esse
1271 1167 1634 1236 antiquitatis.
1669 1185 1687 1218 ›
1737 1167 1932 1225 Subdit
1963 1167 2226 1222 Ludolfus
2261 1184 2274 1220 :

705 1265 726 1304 ⁸
757 1263 1013 1332 Proxime
1059 1260 1222 1331 igitur
1268 1260 1337 1314 ad
1376 1260 1665 1314 veritatem
1703 1261 1966 1314 accedere
2020 1261 2277 1316 videntur

692 1355 753 1418 ii,
793 1356 884 1424 qui
908 1353 1094 1409 Nubiaa
1115 1353 1532 1409 conversionem
1570 1353 1832 1407 Mattltzeo
1863 1355 2111 1423 apostolo
2135 1355 2275 1408 assi-

693 1455 1018 1516 gnaverunt,
1047 1460 1166 1515 quae
1193 1444 1418 1499 indubie
1453 1445 1748 1515 [Ethiopian
1775 1445 2012 1515 antiquae
2047 1455 2105 1500 et
2140 1461 2269 1516 pro-

694 1539 810 1608 prie
833 1539 992 1593 dicta:
1017 1554 1139 1607 pars
1161 1547 1265 1592 est.
1296 1557 1314 1589 ι
1353 1539 1429 1593 Ex
1457 1539 1608 1592 hisee
1645 1537 1806 1609 igitur
1835 1539 2023 1608 liquet,
2057 1538 2276 1594 Ethio-

694 1631 838 1700 piam
893 1629 1128 1699 Egypto
1190 1627 1516 1699 proximam,
1576 1644 1695 1698 quae
1756 1629 1980 1684 nomine
2036 1636 2274 1685 maxime

695 1721 919 1791 proprio
950 1721 1229 1791 Ethiopia
1279 1719 1385 1774 fuit
1419 1720 1561 1776 dicta
1618 1730 1863 1790 tempore
1916 1722 2094 1776 sancti
2137 1720 2272 1775 Mat-

696 1813 845 1875 thaei,
871 1822 925 1866 et
955 1813 1044 1866 ubi
1085 1812 1280 1866 incolae
1312 1813 1465 1882 nigro
1510 1822 1641 1866 sunt
1684 1814 1869 1866 colore
1903 1812 2075 1881 magis
2106 1829 2266 1881 quam

2387 615 2700 671 Matthmum
2745 619 2798 670 in
2833 615 3107 686 AitltiOpia
3150 617 3474 686 praedicasse
3519 617 3763 680 tradunt,
3807 617 3972 685 idque

2388 706 2886 774 probabilissimum
2924 718 3076 777 puto,
3110 708 3152 761 si
3196 721 3304 759 non
3340 706 3502 759 etiam
3544 707 3811 761 historice
3852 723 3971 764 cer.

2384 803 2500 850 tum
2532 798 2714 852 dicere
2746 808 3010 867 oporteat.

2457 890 2546 944 55.
2589 891 2978 947 Verumtamen
3015 895 3366 956 nominantur
3412 904 3468 950 et
3496 895 3613 952 aliae
3648 896 3965 964 provincia,

2383 987 2436 1035 in
2464 983 2664 1050 quibus
2705 985 3098 1052 prtrdieaverit,
3124 1000 3216 1042 aut
3249 997 3478 1043 mortem
3509 988 3712 1042 obierit
3736 996 3967 1043 sanctus

2382 1073 2690 1128 Ilattha‘us.
2723 1074 2782 1129 S.
2812 1075 3137 1133 Ambrosius
3166 1080 3220 1132 in
3246 1079 3519 1134 Psalmum
3547 1094 3670 1140 ην,
3694 1095 3856 1133 num.
3878 1079 3958 1139 ΞΟ,

2379 1167 2474 1227 ait,
2519 1165 2773 1222 Matthteo
2805 1169 3043 1224 Persiam
3086 1172 3344 1239 patuisse,
3383 1180 3438 1226 et
3466 1171 3693 1225 Thomas
3728 1169 3961 1235 Indiam,

2377 1258 2664 1314 insinuans
2720 1259 2880 1316 (idem
2912 1278 2940 1315 τι
2970 1273 3159 1319 sancto
3185 1262 3438 1320 Mattheo
3469 1267 3522 1319 in
3557 1264 3788 1320 Perside
3826 1281 3960 1334 prae-

2377 1350 2630 1404 dicatam.
2664 1351 2898 1408 Sanctus
2931 1353 3188 1409 Paulinus
3227 1356 3466 1413 Nolanus
3514 1359 3570 1413 in
3603 1357 3866 1414 Poemate
3903 1358 3963 1415 i9

2376 1442 2487 1495 ait:
2539 1461 2556 1493 ι
2595 1443 2815 1498 Parthia
2851 1445 3165 1502 Matthaeum
3203 1450 3607 1519 complectitur.
3648 1469 3666 1501 ι
3707 1451 3966 1505 Censen-

2377 1534 2522 1588 tiunt
2549 1535 2924 1609 Martyrologia
2953 1538 3378 1609 Hieronymiana
3412 1541 3643 1597 inferius
3664 1542 3966 1607 laudanda,

2376 1624 2431 1677 in
2463 1624 2663 1693 quibus
2699 1642 2847 1682 m0rs
2878 1629 3050 1683 sancti
3087 1629 3139 1682 in
3167 1629 3388 1684 Perside
3423 1630 3618 1703 ligitur.
3645 1631 3753 1685 Alii
3780 1632 3968 1685 viden-

2375 1725 2462 1769 tur
2500 1717 2683 1771 dicere
2723 1719 2776 1772 in
2818 1720 3039 1775 Parthia
3073 1730 3321 1776 sanctum
3369 1737 3491 1776 esse
3521 1733 3839 1785 mortuum;
3871 1723 3966 1776 sed

2374 1809 2634 1863 censendi
2666 1821 2792 1864 sunt
2823 1812 3100 1865 Parthiam
3134 1829 3240 1867 nou
3269 1813 3582 1867 distinxisse
3607 1828 3636 1866 a
3667 1813 3964 1867 Persarum

694 1904 748 1957 in
789 1902 1135 1966 llabessinia,
1170 1903 1321 1956 nullo
1368 1912 1692 1974 argumento
1728 1902 2006 1959 exclusam
2039 1903 2206 1959 fuisse
2238 1921 2267 1959 a
2307 1885 2347 1937 Β
2383 1900 2635 1970 imperio,
2687 1903 2832 1970 quod
2887 1902 3074 1958 Parthi
3137 1912 3380 1973 tempore
3425 1902 3661 1956 Matthaei
3711 1903 3966 1957 domina-

696 1997 1083 2067 praedicatione
1129 1997 1300 2050 sancti
1336 1995 1598 2050 Matthzei.

765 2090 854 2145 54.
897 2089 1067 2144 Porro
1103 2089 1440 2158 Ethiopian]
1473 2088 1643 2143 fuisse
1684 2105 2006 2147 conversam
2028 2092 2120 2147 diu
2146 2101 2272 2148 ante

693 2183 988 2237 concilium
1020 2183 1328 2244 Nicmnum,
1365 2181 1581 2237 videtur
1611 2183 1831 2254 probari
1873 2200 1935 2238 ex
1972 2186 2273 2241 canonibus

697 2275 944 2330 Arabicis
979 2275 1199 2328 concilii
1226 2273 1457 2340 Niczeni,
1491 2289 1632 2344 quos
1668 2273 1938 2330 habemus
1969 2277 2113 2346 apud
2138 2277 2276 2333 Lab-

694 2368 858 2423 beutn
916 2375 1050 2420 tom.
1089 2364 1129 2419 ll
1162 2364 1569 2432 Conciliorum;
1613 2381 1739 2419 nam
1797 2365 1852 2419 in
1899 2367 1983 2421 his
2019 2384 2140 2436 cap.
2184 2368 2271 2433 .36,

695 2457 802 2511 col.
851 2455 978 2519 502,
1017 2456 1089 2508 ita
1131 2455 1370 2525 legitur:
1414 2473 1434 2505 ι
1465 2455 1536 2508 Ut
1565 2470 1676 2507 non
1723 2457 1939 2524 possint
1985 2457 2276 2527 Althiopes

691 2565 880 2605 creare
912 2563 1013 2602 nec
1046 2546 1248 2617 eligere
1275 2546 1640 2616 patriarcham
1665 2565 1678 2611 ς
1706 2548 1838 2617 quin
1871 2548 2052 2618 potius
2082 2564 2272 2603 eorum

693 2641 951 2711 praelatus
1003 2639 1106 2694 sub
1153 2645 1426 2708 potestate
1470 2638 1591 2706 ejus
1626 2636 1719 2701 sit,
1761 2639 1851 2708 qui
1890 2648 2038 2694 tenet
2086 2639 2272 2696 sedem

688 2733 1058 2790 Alexandriae.
1103 2731 1184 2785 Sit
1237 2740 1416 2786 tamen
1453 2733 1595 2800 apud
1633 2745 1727 2786 eos
1774 2733 1896 2788 loco
1923 2733 2271 2803 patriarchae,

692 2839 748 2883 et
791 2827 1097 2899 appelletur
1146 2823 1470 2878 catholicus.
1529 2823 1648 2877 Non
1709 2836 1890 2879 tamen
1933 2825 2025 2893 jus
2079 2825 2275 2881 habeat

691 2921 1070 2979 constituendi
1102 2917 1566 2988 archiepiscopos,
1609 2926 1663 2969 ut
1697 2914 1868 2969 habet
1907 2914 2220 2985 patriarcha
2257 2931 2270 2968 :

689 3016 959 3088 siquidem
995 3027 1103 3068 non
1143 3011 1308 3066 habet
1355 3008 1680 3082 patriarcha:
1722 3008 1988 3061 honorem
2039 3021 2142 3061 nec
2172 3021 2271 3077 po—

691 3119 966 3166 testatem.
1009 3108 1163 3174 Quod
1195 3106 1241 3161 si
1300 3103 1563 3159 acciderit
1607 3110 1665 3154 ut
1705 3099 1996 3153 coni-ilium
2034 3099 2088 3151 in
2119 3099 2271 3152 Cra:-

690 3207 774 3262 cia
838 3204 1126 3264 habeatur,
1196 3200 1470 3266 fueritque
1537 3209 1778 3265 praesens
1850 3193 1941 3248 hic
2015 3194 2337 3281 prtelatusc

691 3298 1035 3368 (Etlimpum.
1062 3294 1260 3348 habeat
1294 3290 1585 3360 septimum
1618 3288 1798 3344 locum
1829 3295 1953 3358 post
1987 3287 2268 3357 pratlatum

692 3393 984 3448 Seleucia.
1021 3388 1086 3443 Et
1127 3385 1352 3458 quando
1384 3383 1522 3438 facta
1554 3381 1717 3436 fuerit
1755 3380 1805 3435 ei
1856 3386 2099 3449 potestas
2135 3394 2268 3434 con-

692 3486 957 3544 stituendi
988 3481 1429 3553 arehicpiscopos
1463 3479 1520 3532 in
1545 3477 1830 3547 provincia
1862 3489 1982 3538 sua,
2005 3490 2115 3527 non
2148 3475 2273 3528 lice-

691 3582 772 3637 bit
802 3579 877 3633 illi
920 3576 1262 3630 constitucre
1292 3573 1532 3638 aliquem
1577 3583 1643 3622 ex
1671 3566 1778 3620 illis
1805 3583 1818 3620 :
1857 3576 1911 3621 et
1939 3566 2270 3638 quicumque

692 3687 804 3728 non
853 3667 1115 3737 paruerit,
1154 3662 1394 3735 synodus
1423 3675 1547 3716 eum
1597 3659 2056 3716 etcommunicat.
2099 3679 2116 3711 ι
2159 3658 2269 3714 No-

689 3765 783 3819 lim
816 3772 996 3818 tamen
1027 3757 1383 3820 contendere,
1411 3754 1558 3809 hunc
1578 3768 1845 3808 canonem
1873 3752 2042 3806 fuisse
2067 3752 2268 3806 factum

692 3872 722 3910 a
753 3854 988 3912 concilio
1006 3851 1262 3916 Nicano;
1290 3863 1414 3901 cum
1443 3861 1554 3899 non
1584 3845 1849 3915 ignorem,
1875 3859 2114 3900 canones
2135 3845 2270 3900 Ara-

692 3950 846 4006 bicos
879 3947 946 4002 ab
990 3943 1222 4001 eruditis
1252 3940 1454 4012 passim
1500 3937 1676 4008 rejici.
1715 3937 1768 3992 Id
1802 3952 1969 3991 unum
2012 3941 2266 4004 observo,

693 4053 982 4104 canonem,
1021 4037 1064 4090 si
1116 4033 1246 4104 quid
1283 4033 1451 4095 valet,
1494 4030 1656 4085 unice
1703 4029 1885 4084 valere
1929 4043 2028 4100 pro
2072 4026 2268 4092 Nubia,

693 4135 808 4189 sive
842 4145 942 4203 pro
976 4126 1255 4194 Ethiopia
1302 4125 1448 4176 inter
1478 4119 1858 4174 Habessiniam
1892 4129 1946 4172 et
1975 4118 2266 4189 Aigyptum

690 4226 892 4280 media.
925 4220 1194 4276 Attulerat
1224 4215 1477 4271 eumdem
1507 4210 1777 4268 Ludoll‘us
1814 4211 1870 4264 in
1901 4209 2136 4266 Historia
2168 4227 2266 4268 sua

689 4318 758 4372 ad
793 4311 1208 4371 conversionem
1242 4305 1585 4362 Habessiniz
1630 4303 2010 4374 probandam;
2045 4305 2140 4359 sed
2168 4320 2267 4374 po-

693 4421 809 4465 stea
845 4410 901 4463 in
948 4402 1236 4460 Adnotatis
1279 4416 1400 4472 pag.
1431 4399 1540 4454 282
1571 4397 1708 4452 vidit
1739 4405 1798 4450 et
1838 4396 2097 4450 indicavit
2135 4412 2267 4449 aua-

693 4500 1096 4556 chronismum,
1122 4509 1245 4549 cum
1277 4489 1595 4544 Habessinia
1643 4486 1808 4543 fuerit
1851 4502 2118 4543 conversa
2147 4497 2268 4556 post

693 4590 989 4650 concilium
1031 4587 1331 4650 Nicxnum,
1370 4592 1428 4638 ut
1471 4582 1586 4652 ipse
1630 4582 1897 4651 agnoscit.
1931 4580 2264 4648 Lequienus,
2304 4565 2343 4618 [³

696 4699 827 4743 tom.
857 4686 900 4740 Il
931 4681 1172 4739 Orientis
1207 4677 1525 4741 Christiani,
1562 4691 1687 4746 pag.
1722 4673 1819 4728 6M
1854 4673 2107 4728 eumdem
2140 4689 2266 4742 pro-

693 4783 844 4838 ducit
891 4791 1158 4835 canonem
1204 4789 1301 4844 pro
1337 4772 1700 4826 conversione
1735 4767 2181 4828 Habessinorum,
2214 4778 2269 4823 et

693 4873 778 4926 vel
829 4871 909 4925 sic
944 4881 1137 4925 eorum
1175 4862 1592 4919 conversionem
1647 4860 1900 4913 attribuit
1948 4859 2269 4913 Frutucntio

693 4973 816 5035 post
845 4959 1135 5017 concilium
1187 4955 1467 5011 Nicanum
1501 4951 1771 5008 ordinato.
1830 4949 2027 5004 Verum
2078 4951 2270 5019 nequit

695 5075 791 5128 pro
823 5057 1052 5110 aliorum
1102 5048 1422 5116 Ethiopum
1466 5043 1571 5098 ﬁde
1605 5057 1781 5096 canon
1835 5042 1925 5095 ille
1967 5041 2185 5104 adduci,
2221 5042 2265 5095 si

691 5150 947 5205 Nicmuus
997 5142 1272 5204 credatur,
1305 5152 1466 5208 quam
1497 5149 1593 5207 pro
1636 5133 1988 5203 Ethiopibus
2033 5132 2267 5217 IEgypto

697 5241 977 5314 proximis,
1011 5246 1162 5291 eteo
1191 5231 1414 5286 nomine
1459 5227 1695 5314 maxime
1741 5229 1883 5280 notis
1936 5227 2076 5296 apud
2127 5226 2268 5278 anti-

692 5351 853 5406 quos.
884 5331 991 5384 Hos
1022 5337 1206 5383 autem
1255 5324 1385 5379 olim
1435 5323 1600 5376 fuisse
1643 5320 1986 5376 Christ'anos
2027 5328 2260 5386 constat,

695 5443 796 5482 nec
825 5424 954 5478 satis
986 5420 1247 5483 innotuit,
1285 5432 1315 5471 a
1361 5430 1471 5486 quo
1517 5414 1720 5468 fuerint
1767 5412 2038 5466 conversi.
2074 5413 2264 5466 Eunu-

691 5521 858 5574 chum
899 5517 1100 5585 reginm
1137 5512 1439 5569 Candaccs,
1494 5523 1616 5576 quae
1670 5515 1820 5560 certo
1879 5507 1933 5558 in
1991 5506 2074 5557 illa
2114 5515 2264 5573 parte

694 5607 984 5677 Ethiopia:
1023 5605 1292 5676 regnavit,
1353 5603 1542 5656 Patres
1590 5599 1743 5652 multi
1801 5595 1999 5652 ibidem
2056 5597 2265 5655 faciunt

690 5701 996 5773 apostolum
1030 5717 1043 5751 :
1081 5705 1137 5750 at
1187 5703 1339 5750 certo
1363 5690 1652 5746 eunuchus
1688 5690 1776 5744 ille
1807 5691 1977 5754 solus,
2012 5704 2134 5743 cum
2167 5690 2264 5743 lai-

690 5808 788 5848 cus
817 5799 982 5853 esset,
1009 5787 1272 5842 ecclesias
1301 5783 1373 5838 ibi
1402 5782 1693 5835 instituere
1735 5795 1841 5834 uou
1874 5779 2070 5848 potuit.
2111 5778 2264 5832 Ruti-

697 5895 803 5946 nas
837 5892 892 5939 et
943 5881 1218 5943 Socrates,
1243 5877 1440 5946 quibus
1485 5872 1834 5929 c0nsentiunt
1875 5872 1930 5925 S.
1963 5871 2254 5941 Gregorius

2379 2007 2585 2050 rentur.
2619 1997 2896 2051 lndiculus
2924 1997 3196 2069 Hippolyti
3234 1998 3374 2068 apud
3406 1997 3796 2053 Combefisium
3832 2007 3964 2050 tom.

2378 2090 2572 2148 lll.col.
2605 2089 2817 2152 851,ita
2842 2089 3003 2144 habet
3031 2109 3043 2144 :
3079 2109 3097 2143 ι
3129 2090 3574 2154 Mattliteus,cum
3604 2089 3967 2160 Evangelium

2378 2178 2642 2234 Hebraice
2676 2179 3005 2249 scripsisset,
3040 2180 3433 2252 Hierosolymis
3463 2182 3655 2247 edidit,
3689 2180 3971 2236 obdormi-

2376 2271 2561 2341 vitquc
2592 2269 2796 2325 Hiereae
2835 2271 3158 2327 Parthorum
3190 2275 3431 2329 civitate.
3468 2293 3487 2326 ι
3523 2275 3732 2330 Verum
3765 2275 3965 2343 exigua

2378 2370 2555 2430 potest
2585 2374 2705 2413 esse
2737 2362 3037 2416 auctoritas
3065 2362 3209 2415 illius
3240 2360 3489 2422 lndiculi,
3522 2363 3732 2430 apertis
3757 2363 3969 2432 aliquot

2377 2451 2662 2505 erroribus
2705 2450 2911 2518 fmdati,
2959 2452 3116 2522 cujus
3146 2461 3335 2507 auctor
3367 2463 3451 2509 est
3483 2454 3748 2509 incertus.
3797 2456 3969 2512 Addit

2376 2540 2734 2596 Combelisius
2765 2542 2820 2596 in
2847 2544 3139 2598 Aunotatis
3174 2562 3186 2597 :
3228 2563 3246 2595 ι
3284 2545 3459 2599 Etiam
3491 2545 3808 2602 Dorotheus
3838 2545 3970 2602 Hie-

2376 2637 2549 2707 ropoli
2574 2635 2808 2692 Parthiae
2825 2636 3027 2691 obiisse
3061 2637 3243 2690 tradit.
3271 2656 3288 2687 ι
3325 2637 3388 2690 At
3417 2637 3966 2706 pseudoDorotheus

2374 2728 2550 2782 nihilo
2579 2727 2770 2780 melior
2801 2738 2885 2782 est
2933 2727 3246 2796 Hippolyto.
3297 2726 3653 2794 Freculphus.
3687 2727 3743 2779 in
3784 2727 3967 2782 Chro-

2376 2815 2523 2876 nico.
2552 2814 2647 2870 lib.
2680 2829 2744 2881 ιι,
2766 2830 2887 2884 cap.
2913 2814 2966 2888 ι,
2995 2821 3116 2883 post
3142 2813 3376 2884 elogium
3408 2813 3643 2870 Mattliazi
3672 2832 3739 2870 ex
3769 2827 3966 2872 sancto

2376 2907 2708 2979 llieronymo
2737 2907 2922 2962 datum
2960 2904 3080 2960 haec
3113 2905 3265 2962 addit
3297 2923 3310 2960 :
3365 2925 3383 2958 ι
3418 2906 3468 2961 ls
3509 2907 3745 2978 primum
3783 2911 3842 2965 in
3870 2911 3964 2965 Ju-

2375 3001 2490 3056 daea
2521 2999 2937 3072 evangelizavit,
2981 2999 3328 3070 postmodum
3368 3002 3420 3055 in
3452 3001 3778 3058 Macedonia
3817 3021 3963 3076 prze-

2375 3094 2610 3158 dicavit;
2650 3093 2942 3164 requiescit
2976 3094 3028 3148 ir.
3055 3094 3336 3149 monlibus
3369 3094 3718 3151 Parthorum.
3751 3118 3768 3150 ι
3804 3098 3963 3166 Quod

2375 3186 2441 3241 de
2464 3185 2782 3245 Macedonia
2811 3187 3033 3251 dicitur,
3063 3187 3200 3243 mihi
3234 3202 3344 3241 non
3376 3187 3510 3241 satis
3546 3187 3605 3242 iit
3636 3190 3962 3256 verisimile,

2373 3281 2503 3350 quia
2539 3280 2725 3335 notius
2753 3281 2808 3335 id
2841 3279 3034 3335 fuisset
3063 3279 3291 3344 Grmcis,
3333 3279 3375 3334 si
3409 3279 3610 3334 factum
3638 3293 3813 3337 esset.
3860 3286 3963 3339 Ea-

2372 3371 2496 3426 dem
2535 3371 2604 3426 de
2634 3386 2796 3426 causa
2838 3371 3047 3435 dubito,
3082 3386 3149 3422 an
3199 3372 3329 3424 satis
3377 3373 3673 3441 probabilis
3723 3375 3798 3429 sit
3827 3375 3965 3429 Mat-

2375 3463 2500 3516 thmi
2538 3462 2851 3531 praedicatio
2880 3460 3156 3535 Hierapoli
3191 3459 3244 3514 in
3294 3461 3471 3533 Syria.
3509 3480 3670 3535 quam
3723 3467 3964 3522 adstruit

2373 3525 2591 3606 Nicetas
2630 3551 2922 3625 Paphlago,
2960 3525 3021 3605 in
3049 3525 3244 3608 eadem
3278 3525 3439 3608 etiam
3475 3525 3608 3610 urbe
3635 3559 3962 3615 defunctum

2371 3646 2635 3700 scribens.

2447 3761 2532 3817 56.
2579 3761 2976 3834 Metaphrastes
3035 3764 3266 3820 Parthos
3335 3765 3709 3836 prmdicationi
3790 3767 3962 3840 ipsius

2371 3853 2645 3918 attribuit,
2698 3856 2794 3908 sed
2840 3855 3175 3924 EthiOpiam
3229 3856 3470 3911 ultimam
3518 3858 3646 3914 facit
3694 3863 3962 3930 praedica-

2373 3944 2542 3999 tionis
2572 3942 2808 3999 Mattlttei
2848 3952 2906 3998 et
2957 3944 3201 4016 martyrii
3237 3945 3564 4014 palrestram.
3596 3948 3758 4018 Apud
3791 3953 3962 4007 Asse-

2374 4050 2595 4090 manum
2649 4036 2706 4090 in
2758 4035 3087 4091 Bibliotheca
3119 4035 3397 4101 Orientati,
3425 4045 3560 4112 tom.
3592 4038 3686 4104 ιιι,
3717 4053 3858 4108 part.
3901 4063 3959 4109 ιι,

2375 4142 2494 4197 pag.
2521 4128 2573 4190 5,
2599 4126 2819 4189 Amrus,
2839 4131 3077 4197 scriptor
3099 4129 3279 4184 saeculi
3302 4145 3414 4196 xiv,
3436 4131 3501 4186 de
3524 4131 3783 4189 Matthan
3800 4137 3876 4190 ait
3897 4155 3908 4189 :
3937 4156 3955 4188 ι

2381 4239 2398 4272 1
2431 4219 2638 4274 Ferunt
2671 4218 2982 4274 Matthaeum
3017 4222 3406 4290 evangelistam
3454 4222 3660 4276 lndiatn
3705 4229 3956 4293 petiisse,

2373 4315 2559 4385 ibique
2595 4312 2941 4385 prmdicasse.
2985 4331 3003 4364 ι
3042 4311 3244 4368 Verum
3276 4329 3378 4369 nec
3405 4313 3553 4368 Amri
3584 4315 3733 4372 illius
3757 4331 3952 4373 aucto-

2375 4411 2508 4461 ritas
2541 4415 2687 4462 tauta
2719 4414 2822 4469 est,
2854 4416 2914 4461 ut
2942 4408 3271 4477 persuadere
3300 4407 3460 4464 nobis
3492 4409 3668 4478 possit
3700 4426 3877 4482 usque
3904 4415 3956 4466 in

2376 4497 2580 4552 Indiam
2599 4498 2813 4552 venisse
2833 4507 3082 4551 sanctum
3108 4498 3439 4553 Matthzeum.
3459 4502 3793 4557 Asscmanus
3819 4507 3957 4573 ipse,

2377 4605 2498 4663 pag.
2537 4592 2591 4656 5,
2624 4589 2880 4644 observat
2914 4606 2942 4644 a
2975 4587 3125 4660 Syris
3158 4599 3213 4644 et
3255 4590 3520 4645 Cltaldais
3551 4592 3715 4646 etiam
3758 4610 3954 4650 nume-

2375 4684 2481 4737 rari
2510 4683 2821 4737 Matthzeum
2866 4683 3011 4737 inter
3063 4683 3344 4753 apostolos
3391 4683 3481 4754 qui
3510 4685 3876 4754 pra-dicarunt
3902 4687 3954 4741 in

2374 4773 2524 4845 Syria
2549 4784 2602 4830 et
2630 4774 2915 4842 Chaldzea;
2945 4789 3055 4828 non
3080 4781 3261 4830 tamen
3289 4778 3639 4832 annumerari
3666 4783 3956 4850 praecipuis

2373 4867 2588 4924 illarum
2646 4867 3052 4936 provinciarum
3085 4867 3367 4937 apostolis.
3415 4867 3572 4935 Quod
3607 4871 3956 4942 Nicephorus

2373 4972 2498 5013 cum
2530 4957 2750 5011 Menaeis
2794 4956 3107 5011 hlatthteum
3139 4955 3413 5011 Mirinena:
3445 4958 3589 5027 apud
3635 4959 3955 5032 Anthropo—

2374 5052 2579 5123 phagos
2599 5050 2674 5104 ait
2702 5049 3026 5118 praedicasse
3049 5057 3104 5104 et
3131 5050 3479 5115 occubuisse,
3507 5051 3594 5105 vix
3618 5052 3811 5107 referri
3841 5072 3957 5109 me.

2373 5152 2544 5206 retur,
2586 5156 2712 5195 eum
2743 5141 2952 5194 oriatur
2972 5155 3040 5194 ex
3069 5142 3295 5195 historia
3332 5141 3577 5196 fabulosa
3610 5151 3666 5197 et
3693 5144 3856 5213 plane
3885 5147 3928 5199 ri

2369 5233 2568 5288 dieula.
2613 5231 2771 5286 Videt
2813 5232 3096 5287 studiosus
3143 5235 3337 5298 lector,
3371 5242 3635 5304 quantum
3672 5238 3947 5298 existimo.

2369 5327 2552 5380 omnia
2583 5325 2673 5380 illa
2706 5325 2772 5379 de
2809 5325 3044 5382 Matthti
3093 5328 3481 5395 praedicatione
3515 5327 3684 5398 magis
3742 5330 3951 5386 incerta

2369 5433 2510 5482 esse,
2551 5431 2712 5485 quam
2749 5425 2806 5470 ut
2836 5419 3043 5486 aliquid
3077 5429 3193 5474 tuto
3229 5418 3484 5474 all‘trmari
3521 5422 3732 5490 possit;
3772 5424 3952 5491 plures

2370 5521 2551 5566 tamen
2598 5512 2911 5565 consentire
2951 5509 3008 5564 in
3057 5511 3338 5567 Persidem
3376 5521 3472 5565 aut
3500 5512 3802 5582 Parthiam,
3831 5532 3951 5585 quia

2368 5600 2682 5668 provincim,
2726 5595 2851 5655 licet
2884 5602 3156 5656 distinctae
3201 5604 3332 5666 sint,
3366 5600 3519 5658 facile
3547 5603 3813 5658 confundi
3851 5622 3949 5675 ρο-

2369 5703 2612 5756 luerunt,
2645 5693 2939 5761 cumquod
2991 5693 3222 5747 invicem
3259 5695 3448 5748 vicinze
3491 5694 3623 5755 sint,
3657 5703 3772 5749 tum
3805 5698 3947 5766 quod

2373 5794 2618 5854 tempore
2651 5784 2826 5839 sancti
2873 5784 3112 5838 Matthzei
3147 5785 3434 5854 imperium
3471 5792 3615 5840 esset
3645 5791 3787 5857 apud
3823 5787 3947 5842 Par-

2368 5879 2508 5940 thos,
2542 5875 2684 5944 quod
2721 5884 2904 5945 postea
2935 5874 3111 5931 Persae
3137 5885 3481 5945 receperunt.
