4150 6526
179 488 272 552 785

1445 499 1489 556 V
1502 497 1617 556 [TA
1657 496 1718 555 S.
1762 490 2155 551 ΜΑΤΤΗΜ.

3326 480 3432 543 788

242 605 321 657 57.
366 603 440 658 De
472 605 595 660 loco
622 608 814 661 mortis
843 615 936 661 aut
964 607 1206 677 martyrii
1241 624 1348 663 non
1386 610 1564 663 minus
1594 608 1740 663 varia
1770 606 1821 665 Δ
1847 600 2078 673 “rgum.
2112 601 2207 654 llb-
2232 617 2304 661 ιν»
2332 599 2704 668 caninum-
2729 597 2815 662 ιδ,
2844 601 3090 650 sanctum
3119 591 3431 647 “numnum

187 703 232 747 et
264 692 492 747 invicem
530 694 805 748 contraria
836 694 1211 762 reperiuntur.
1254 695 1314 749 In
1351 694 1743 767 Martyrologiis

185 781 597 854 Hieronymianis
626 795 856 855 quatuor
883 786 1089 841 diebus
1124 789 1387 841 memoria
1419 786 1477 842 S.
1504 786 1742 842 Matthaei

183 874 554 941 annun’tiatur;
585 876 679 931 sed
712 877 927 932 duobus
953 879 1107 934 locus
1137 875 1432 944 omittitur,
1466 880 1586 934 aliis
1615 893 1744 934 vero

178 967 379 1025 duobus
398 969 734 1038 adiungitur.
762 970 843 1026 Ad
870 975 1015 1028 hunc
1038 974 1182 1028 diem
1218 983 1396 1030 textus
1423 974 1744 1029 Florentinii

179 1062 252 1117 sic
296 1063 503 1119 habet:
550 1084 567 1115 ι
610 1064 669 1120 1η
714 1065 937 1122 Persida
976 1068 1203 1123 civitate
1234 1069 1497 1124 Tarseum
1549 1069 1746 1123 natalis

181 1152 341 1207 sancti
387 1152 626 1209 Matthxi
679 1156 908 1224 apostoli
960 1168 1014 1214 et
1044 1159 1409 1229 evangelista.
1450 1179 1469 1211 ι
1521 1160 1580 1214 in
1615 1159 1748 1214 Cor-

184 1242 413 1298 beieusi;
452 1262 471 1295 ‹
506 1244 563 1299 In
600 1242 818 1301 Persida
846 1247 1064 1304 civitate
1094 1249 1368 1304 Tarrium.
1404 1269 1423 1302 ι
1462 1252 1521 1303 ln
1558 1249 1751 1318 Epter-

184 1334 394 1389 nacensi
449 1334 570 1391 aliis
625 1335 931 1404 antiquiore
979 1338 1148 1393 solum
1188 1339 1412 1409 legitur,
1470 1358 1487 1389 ι
1528 1338 1583 1391 iu
1620 1339 1748 1393 Per-

182 1424 309 1492 sida,
349 1445 367 1478 ι
406 1427 605 1480 omissa
637 1427 891 1495 civitate;
925 1429 999 1484 uti
1020 1432 1180 1489 etiam
1213 1430 1269 1485 lit
1298 1430 1351 1484 in
1385 1430 1751 1486 Rhinovicnsi

183 1518 313 1588 apud
342 1532 463 1572 nos.
488 1516 918 1576 Hichenoviense
946 1535 1074 1575 vero
1100 1531 1369 1577 consonat
1398 1521 1748 1589 Corbeiensi,

188 1608 449 1678 habetque
480 1610 700 1665 civitate
737 1609 1007 1677 Tarrium,
1040 1613 1502 1683 quemadmodum
1535 1626 1590 1669 et
1615 1614 1752 1670 Cor-

185 1693 397 1751 heiense
436 1695 701 1754 brevius.-
730 1699 953 1771 Reliqua
985 1700 1408 1775 Hieronymiana
1459 1715 1553 1760 aut
1580 1706 1751 1760 solam

185 1781 448 1838 Persidem
481 1785 741 1854 iudicant,
773 1800 866 1844 aut
904 1790 1082 1846 locum
1108 1807 1331 1861 prorsus
1355 1796 1638 1850 omittunt.
1665 1794 1755 1851 Sic

185 1876 246 1931 ad
281 1892 325 1930 vn
357 1876 505 1944 Maii,
558 1878 628 1932 In
668 1879 886 1937 Persida
936 1886 1295 1939 annuntiatur
1337 1898 1568 1944 sanctus
1618 1890 1754 1945 Mat-

185 1968 375 2030 tbaaus,
412 1983 520 2022 non
561 1968 844 2041 designato
898 1973 1120 2042 propius
1170 1976 1417 2047 martyrii
1450 1977 1589 2033 loco.
1628 1980 1752 2034 Flo-

184 2058 447 2116 rentinius
474 2060 530 2115 in
564 2061 852 2119 Annotatis
880 2064 946 2119 ad
985 2065 1131 2133 hunc
1167 2067 1309 2121 diem
1347 2068 1442 2123 dat
1465 2070 1753 2140 conjectu-

186 2168 293 2205 ram
346 2163 666 2221 sequentem
700 2172 715 2210 :
757 2174 776 2208 ι
808 2154 1066 2214 Tarsiana
1125 2158 1264 2214 urbs
1302 2158 1609 2217 Carmaniae
1657 2177 1752 2218 seu

185 2242 377 2300 Persia:
424 2242 719 2302 Ptolemao
769 2256 869 2314 est,
927 2257 983 2303 et
1026 2248 1274 2307 Tarsium
1320 2252 1625 2308 Carmaniae
1659 2271 1753 2310 seu

187 2335 378 2392 Persize
397 2341 851 2408 promontorium,
873 2342 940 2400 de
962 2358 1069 2413 quo
1100 2343 1365 2399 Arrianus
1396 2345 1454 2399 in
1480 2346 1699 2402 indicis.
1732 2366 1748 2399 ι

186 2428 275 2480 Est
301 2425 584 2481 Carmania
619 2427 825 2483 Persidi
874 2432 1093 2500 preprie
1128 2433 1287 2489 dictae
1322 2438 1661 2492 contermina
1689 2439 1756 2495 ad

182 2516 351 2569 sinum
388 2514 668 2572 Persicum
704 2526 893 2576 versus
937 2522 1167 2601 Indiam,
1213 2516 1439 2597 eratque
1476 2530 1757 2599 provincia

184 2606 388 2676 imperii
425 2606 656 2679 Persici,
684 2611 888 2668 habens
912 2615 978 2669 ad
1002 2615 1143 2671 latus
1164 2619 1604 2688 septemtrionale
1632 2620 1760 2676 Par-

185 2697 373 2764 thiam,
408 2699 481 2754 ita
537 2710 596 2755 ut
627 2702 784 2757 facile
832 2704 912 2759 sic
951 2706 1208 2776 explicari
1244 2721 1463 2778 possent
1495 2711 1758 2785 Martyro-

182 2789 342 2861 logia.
373 2807 497 2861 qua
530 2804 759 2850 mortem
789 2794 971 2851 Sancti
1004 2810 1215 2867 ponunt
1242 2801 1552 2857 in'Perside
1581 2817 1675 2862 aut
1707 2807 1759 2860 in

182 2884 459 2939 montibus
488 2884 839 2952 Parthorum,
890 2905 1124 2958 quorum
1173 2900 1301 2948 tunc
1331 2906 1448 2952 erat
1476 2894 1758 2953 Persicum

184 2971 491 3039 imperium.
525 2975 716 3031 Posset
739 2979 935 3035 similis
961 2981 1077 3035 fieri
1100 2984 1414 3053 conjectura
1438 2988 1503 3042 de
1530 2987 1759 3042 Tariana

185 3070 279 3115 aut
305 3060 565 3118 Tarsiana
594 3066 839 3133 civitate,
872 3085 1033 3139 quam
1065 3075 1119 3125 in
1151 3072 1403 3142 Susiana,
1433 3078 1601 3134 altera
1635 3081 1759 3135 Per-

183 3152 277 3207 sici
304 3152 514 3225 imperii
542 3157 839 3227 provincia,
872 3174 1118 3220 recenset
1139 3162 1403 3224 Cellarius
1434 3169 1488 3224 in
1520 3168 1760 3241 Geogra-

1849 704 2007 751 voeat
2035 692 2329 761 Ethiopian
2363 688 2806 761 pradicatorem.
2870 686 2927 742 S.
2973 683 3271 739 Venantius
3298 683 3433 739 For—

1849 796 2073 841 tunatus
2096 784 2357 856 Gregorio
2390 791 2911 851 contemporaueus,
2934 780 3029 834 lib.
3058 796 3112 841 v,
3133 775 3325 846 (περὶ,
3363 776 3436 832 ita

1850 880 2000 935 canit
2040 895 2052 930 :

1852 970 2141 1024 Mattha’us
2179 968 2455 1035 (Ethiopes
2490 978 2808 1037 attemperat
2846 980 2934 1020 ore
2966 980 3199 1031 vapores,

1934 1040 2163 1105 Vivaque
2190 1042 2243 1094 in
2270 1048 2459 1091 exusto
2480 1039 2703 1107 ﬂumina
2739 1037 2870 1105 fudit
2902 1054 3049 1106 agro.

1924 1156 2073 1213 Idem
2115 1168 2360 1219 rursum,
2390 1152 2489 1208 lib.
2527 1155 2560 1207 8
2600 1153 2824 1208 (πίτυι
2858 1170 2871 1206 :

1856 1246 1992 1302 Inde
2027 1245 2444 1313 triumphantem
2478 1243 2757 1311 fert-vindia
2795 1243 3260 1303 Bartholontwum,

1926 1316 2237 1370 Matt/«reum
2267 1314 2526 1367 ea‘imirun
2553 1313 2840 1367 Naddaver
2867 1313 2979 1366 ulta
3011 1314 3197 1366 cirum.

1856 1429 1915 1481 in
1953 1424 2205 1497 sequenti
2239 1423 2491 1478 carmine
2526 1422 2594 1477 de
2627 1420 2907 1477 Naddavcr
2937 1436 3153 1475 rursum
3187 1420 3434 1474 meminit

1856 1518 2217 1578 Fortunatus,
2256 1515 2548 1569 insinuans
2593 1513 2903 1567 Mattba’um
2948 1511 3017 1566 ibi
3056 1521 3330 1565 mortuum
3379 1520 3434 1564 et

1857 1610 2161 1680 sepultum,
2189 1606 2654 1678 quemadmodum
2683 1605 2931 1658 Andreas
2958 1602 3151 1664 Patris.
3190 1602 3430 1657 Joannes

1855 1701 2057 1771 Ephesi
2129 1700 2347 1755 fuerunt
2404 1697 2644 1754 defuncti
2705 1705 2758 1750 et
2816 1695 3033 1765 sepulti.
3100 1692 3412 1747 VersicuLus

1860 1792 1948 1847 hic
1982 1802 2063 1846 cst
2097 1810 2111 1846 :

1930 1883 2072 1949 Quos
2105 1883 2295 1945 Putra,
2329 1900 2455 1954 quos
2499 1882 2753 1953 Ephesus,
2790 1880 3213 1935 Naddavcrarre
3267 1884 3429 1930 tenet.

1858 1975 1982 2031 Haec
2009 1975 2358 2033 Fortunatus.
2392 1975 2485 2044 qui
2523 1973 2709 2042 procul
2742 1972 2904 2025 dubio
2938 1969 3169 2024 credidit
3212 1966 3432 2021 Nadda-

1857 2084 1953 2123 ver
1979 2068 2327 2123 esseurbem
2381 2054 2694 2133 Ethiopiie,
2737 2078 2856 2117 cum
2890 2061 3006 2114 loco
3037 2060 3269 2129 primum
3301 2057 3431 2110 alle-

1857 2169 1982 2230 gato
2020 2174 2125 2213 non
2156 2159 2314 2223 alios,
2350 2174 2509 2229 quam
2530 2156 2815 2226 Ethiopes
2868 2153 3153 2208 docentem
3213 2148 3438 2203 inducat

1864 2252 2205 2306 Matth-xum.

1931 2337 2017 2397 59.
2050 2342 2304 2397 Attamen
2333 2340 2618 2397 contraria:
2668 2335 2941 2408 opinionis
2969 2343 3050 2389 est
3101 2332 3430 2390 Muratorius

1860 2440 1911 2492 in
1940 2439 2017 2490 An
2033 2438 2234 2490 notatis
2263 2437 2327 2490 ad
2359 2435 2416 2490 S.
2452 2433 2734 2489 Paulinum
2768 2429 2876 2486 col.
2941 2428 3069 2491 451,
3109 2428 3197 2481 ubi
3245 2426 3428 2481 dicit.:

1866 2547 1883 2578 ι
1925 2527 2122 2583 llrbcm
2155 2525 2533 2581 Naddaverem
2581 2525 2634 2577 in
2668 2522 2883 2577 Parthia
2925 2520 3157 2590 positam
3203 2517 3426 2573 arbitra.-

1863 2637 1972 2683 rer,
2005 2634 2112 2688 quo
2160 2618 2336 2681 sancti
2374 2611 2611 2671 hlatthaei
2641 2628 2763 2671 ossa
2820 2621 2942 2683 post
2967 2618 3196 2666 mortem
3231 2608 3433 2663 fueriat

1864 2712 2147 2765 translata.
2188 2727 2206 2761 ι
2255 2707 2367 2764 Hoc
2403 2708 2519 2774 ille,
2549 2717 2607 2761 ut
2641 2716 2890 2761 sanctum
2923 2704 3210 2758 Paulinum
3254 2698 3438 2754 conci-

1862 2802 1959 2858 lict
1998 2818 2122 2857 cum
2178 2809 2369 2860 sancto
2404 2799 2674 2855 Venantio
2728 2797 3045 2862 Fortunato,
3101 2792 3331 2849 credens
3384 2790 3437 2842 in

1866 2905 2101 2964 utroque
2132 2909 2299 2965 regno
2334 2892 2657 2964 praedicasse
2676 2890 3007 2953 Matthmum,
3036 2885 3130 2941 sed
3153 2886 3204 2938 in
3230 2880 3441 2938 Aithio-

1864 2984 1950 3056 pia
1987 2985 2328 3049 defunctum,
2360 2997 2670 3052 corpusque
2697 2996 2762 3035 ex
2784 2978 3062 3048 Ethiopia
3086 2976 3138 3029 in
3161 2974 3438 3029 Parthiam

1865 3085 1961 3131 aut
1994 3076 2272 3132 Persidem
2312 3092 2339 3131 a
2377 3075 2666 3145 discipulis
2699 3073 3041 3128 translatum.
3080 3069 3277 3125 Verum
3316 3079 3440 3119 cum

1865 3167 2027 3223 venia
2058 3169 2156 3223 viri
2190 3167 2579 3230 eruditissimi,
2637 3181 2666 3220 a
2705 3165 2896 3237 paucis
2950 3160 3109 3217 annis
3174 3158 3441 3219 defuncti.

186 3245 310 3314 phia
334 3246 558 3317 antiqua
588 3264 692 3321 pag
737 3250 859 3305 488.
888 3252 1077 3309 Neutri
1103 3258 1439 3327 conjecturae
1465 3260 1763 3318 obstabunt
1794 3272 1833 3336 ς
1867 3263 2194 3332 coniectura
2228 3263 2320 3315 illa
2364 3260 2498 3314 mihi
2532 3260 2680 3314 omni
2720 3254 3213 3314 verisimilitudinis
3261 3252 3453 3323 specie-

188 3337 285 3401 illi,
316 3337 409 3408 qui
444 3340 705 3396 dixerunt
747 3341 1059 3399 Matthaaum
1104 3348 1431 3405 occubuisse
1465 3351 1517 3404 in
1555 3354 1757 3406 monti-

188 3433 289 3484 bus
317 3429 664 3489 Parthorum.
702 3443 760 3488 ut
791 3434 1133 3510 Freculphus
1163 3441 1441 3511 superius,
1479 3454 1534 3499 et
1566 3444 1761 3501 Petrus

187 3524 257 3577 de
306 3523 587 3579 Natalibus
638 3527 733 3582 lib.
764 3545 880 3593 vni,
918 3546 1042 3601 cap.
1088 3532 1205 3590 lOO.
1257 3535 1575 3608 Anonymus
1616 3540 1759 3610 apud

187 3612 614 3679 (Ecumeninrn,
673 3621 763 3686 qui
826 3619 1139 3678 Matthwum
1196 3626 1388 3680 scribit
1448 3628 1650 3687 obiisse
1708 3632 1761 3684 in

188 3701 352 3754 Hiera
375 3702 595 3758 civitate
627 3706 884 3768 Parthia,
917 3717 1053 3765 teste
1087 3710 1449 3778 Florentinio,
1478 3733 1598 3790 pag.
1640 3721 1759 3783 159.

189 3793 269 3849 uti
316 3802 371 3849 et
409 3810 575 3865 supra
636 3796 975 3871 Hippolytus,
1016 3812 1069 3856 et
1129 3803 1434 3864 Dorothens
1486 3809 1760 3882 flicropoli

188 3886 442 3954 Parthiae,
477 3895 765 3947 nominant
810 3893 990 3949 locum
1046 3896 1205 3967 plane.
1258 3899 1501 3971 ignotum
1544 3906 1596 3957 in
1633 3904 1756 3957 Paro

190 3978 409 4030 thorum
469 3980 717 4048 imperio.
774 3982 884 4039 Nec
918 4003 1247 4057 magnopere
1290 3993 1591 4047 audiendos
1632 4005 1763 4064 puto

188 4066 330 4132 illos,
397 4068 486 4137 qui
540 4068 812 4141 Hierapoli
864 4075 918 4128 in
981 4077 1133 4147 Syria
1201 4097 1371 4150 prope
1429 4082 1761 4152 Euphratem

187 4157 391 4215 abiisse
442 4161 694 4220 scribunt
727 4164 1061 4249 llfatthaeum,
1112 4180 1169 4224 ut
1216 4172 1432 4229 Nicetas
1474 4176 1763 4249 Paphlago,

184 4261 243 4305 et
271 4262 463 4307 auctor
491 4254 774 4327 Menologii
801 4257 1080 4314 Basiliani.
1114 4264 1329 4319 Etenim
1372 4282 1482 4323 non
1512 4270 1765 4327 videntur

185 4341 476 4409 Eusebius,
528 4345 908 4417 Hieronymus,
957 4337 1398 4423 Chrysostomus,
1448 4355 1765 4413 Theodore-

186 4443 298 4498 tus,
329 4437 531 4506 aliique
572 4435 777 4504 Patres,
828 4441 917 4510 qui
949 4441 999 4495 in
1031 4442 1183 4515 Syria
1217 4457 1313 4501 aut
1342 4449 1629 4506 Palaestina
1663 4451 1764 4508 llo-

183 4535 436 4593 ruerunt,
472 4544 664 4586 omnes
699 4531 993 4603 ignoraturi
1022 4545 1117 4590 aut
1140 4540 1355 4595 tacituri
1385 4541 1557 4596 fuisse
1582 4543 1762 4597 locum

1868 3355 2131 3407 destituta
2162 3354 2398 3419 videtur,
2439 3353 2703 3422 omnique
2735 3366 2927 3405 carere
2976 3347 3351 3402 fundamento.
3386 3345 3446 3399 Si

1872 3446 2212 3502 Fortunatus
2234 3447 2429 3503 urbem
2488 3445 2777 3501 Naddaver
2816 3445 2885 3513 in
2937 3441 3153 3497 Parthia
3211 3438 3443 3509 positam

1871 3538 2216 3601 credidisset,
2264 3547 2551 3608 postquam
2610 3535 2907 3591 docentem
2954 3531 3245 3604 [Ethiopes
3293 3530 3447 3583 exhiv

1872 3631 2067 3685 buerat
2093 3629 2430 3694 Blattbaeum,
2464 3629 2712 3685 translati
2746 3626 3003 3697 corporis
3031 3625 3193 3681 etiam
3260 3623 3449 3677 memi-

1873 3721 2067 3786 nisset,
2100 3736 2168 3774 ne
2199 3720 2432 3775 lectores
2468 3735 2600 3776 suos
2636 3721 2689 3773 in
2718 3732 2963 3773 errorem
3002 3717 3309 3772 induceret.
3348 3713 3448 3767 Fa-

1873 3812 2031 3867 cilius
2064 3814 2257 3882 itaque
2287 3824 2341 3868 et
2398 3813 2752 3868 verisimilius
2798 3812 2902 3867 dici
2941 3821 3142 3881 potest,
3196 3819 3445 3864 sanctum

1868 3909 2161 3963 Paulinum
2195 3918 2289 3960 aut
2330 3907 2506 3962 solum
2545 3906 2686 3975 loqui
2716 3906 2782 3960 de
2813 3903 3193 3975 prtedicatione
3215 3900 3448 3955 Matthxi

1874 4004 2016 4068 apud
2048 3998 2301 4063 Parthos,
2357 3997 2444 4051 ubi
2488 3998 2735 4064 ejusdem
2777 3994 2919 4063 apud
2956 3994 3149 4047 Persas
3187 3992 3449 4059 pradica—

1874 4091 2077 4145 tionem
2110 4086 2449 4145 solummodo
2475 4086 2707 4141 afﬁrmat
2727 4094 2949 4139 sanctus
2982 4082 3299 4137 Ambrosius
3322 4090 3449 4145 ;aut

1876 4184 2094 4255 utrique
2143 4185 2323 4236 minus
2377 4190 2687 4251 perspectas
2755 4178 2923 4233 fuisse
2971 4176 3221 4251 regiones
3294 4185 3452 4230 extra

1877 4275 2184 4331 Romanum
2235 4273 2525 4342 imperium
2578 4272 2812 4340 positas,
2854 4270 3090 4337 ideoque
3151 4276 3453 4334 utrumque

1875 4367 2111 4423 credere
2154 4365 2416 4435 potuisse,
2467 4360 2780 4417 Matthaum
2830 4359 2884 4413 in
2937 4357 3220 4429 provincia
3276 4357 3454 4424 aliqua

1877 4456 2235 4517 famosissimi
2301 4454 2516 4524 imperii
2590 4452 2931 4510 Persiciaut
2989 4448 3227 4503 Parthici
3289 4460 3455 4501 occu-

1876 4551 2080 4606 buisse.
2115 4548 2226 4603 Hoc
2256 4554 2461 4602 certum
2505 4555 2609 4609 est,
2676 4553 2935 4599 neutrum
2979 4542 3217 4605 edicere,
3260 4539 3313 4593 in
3348 4553 3457 4608 qua

184 4619 516 4677 mortualem
575 4623 744 4677 sancti
786 4624 1043 4691 Matthxi,
1100 4630 1145 4683 si
1195 4630 1469 4704 Hierapoli
1514 4634 1565 4688 in
1620 4634 1773 4707 Syria
1811 4628 2034 4714 Dparte
2075 4640 2330 4697 latissimi
2397 4637 2544 4694 illius
2587 4636 2808 4708 imperii
2858 4634 3018 4689 fuerit
3041 4641 3263 4687 sanctus
3326 4630 3459 4692 Mat-

183 4711 440 4771 obiisset.

257 4803 350 4859 58.
414 4806 548 4862 Acta
595 4809 805 4863 edenda
875 4809 1072 4866 habent
1150 4825 1401 4871 sanctum
1459 4818 1772 4875 Maritimum

184 4899 455 4970 martyrio
486 4914 806 4955 coronatum
839 4918 961 4960 esse
1028 4905 1081 4960 in
1118 4907 1427 4981 Etliiopia,
1469 4909 1526 4965 in
1552 4915 1775 4968 civitate

170 4992 358 5061 regia,
390 5008 512 5062 quae
540 4993 738 5049 ibidem
786 4994 1081 5062 Naldaber,
1115 5002 1252 5055 alias
1306 5001 1593 5057 Naddabcr
1633 5005 1769 5059 scii-

182 5082 358 5138 bitur.
415 5082 700 5148 Sententia
752 5098 934 5143 autem
978 5090 1094 5145 hare
1154 5093 1227 5147 de
1280 5093 1667 5163 praedicatione
1721 5106 1775 5150 et

182 5181 373 5229 morte
406 5176 585 5229 sancti
622 5175 857 5233 Matthxi
900 5182 955 5236 in
1000 5182 1283 5256 Ethiopia
1330 5184 1512 5255 plures
1562 5185 1775 5242 videtur

182 5264 397 5323 habere
429 5276 687 5337 patronos
722 5282 779 5324 et
806 5273 1086 5337 meliores,
1131 5293 1297 5346 quam
1338 5278 1439 5331 ulla
1486 5279 1610 5332 alia.
1638 5278 1772 5333 Nam

180 5367 392 5427 prater
432 5358 693 5416 Rufinum
761 5373 819 5417 et
876 5364 1186 5430 Socratem,
1220 5378 1443 5425 sanctus
1475 5370 1775 5427 Eucherius

179 5451 608 5522 Lugdunensis,
643 5456 885 5525 scriptor
919 5458 1104 5513 saeculi
1151 5478 1201 5523 v,
1235 5461 1288 5513 in
1330 5476 1496 5529 opere
1530 5462 1601 5515 De
1629 5480 1774 5533 qua:-

177 5545 447 5601 stionibus
470 5547 587 5599 novi
626 5551 949 5605 Teatmnenti
974 5592 988 5615 ,
1021 5559 1155 5605 tom.
1203 5554 1262 5607 Vl
1297 5553 1623 5609 Bibliotheca
1668 5555 1775 5609 l’a-

178 5646 329 5692 trum
370 5636 510 5694 edit.
546 5638 795 5711 Lugdun.
836 5658 961 5713 pag.
989 5646 1118 5710 852,
1157 5647 1226 5699 ita
1266 5647 1545 5714 loquitur:
1581 5667 1598 5699 ι
1649 5648 1773 5701 Bar-

178 5728 541 5788 tholomasus
564 5731 615 5785 in
648 5732 833 5799 Indos,
863 5734 1107 5791 Thomas
1161 5737 1389 5805 tetendit
1426 5738 1479 5791 in
1516 5740 1771 5794 Parthos:

175 5818 487 5881 Mattheus
512 5821 826 5893 Ethiopes,
856 5827 1103 5882 Andreas
1125 5826 1359 5899 Scythas
1392 5831 1777 5897 przedicatione

172 5915 456 5980 mollivit.
498 5933 518 5966 θ
562 5925 670 5974 etc.
708 5914 766 5972 S.
826 5916 1125 5990 Gregorius
1167 5921 1219 5974 in
1282 5921 1481 5977 librum
1544 5922 1775 5991 primum

1880 4736 2054 4791 thaus
2086 4752 2099 4789 :
2131 4732 2363 4803 ideoque
2397 4731 2611 4785 illorum
2636 4725 3021 4783 auctoritatem
3065 4738 3171 4777 non
3213 4736 3334 4777 esse
3367 4721 3456 4776 hic

1880 4827 2014 4881 tanti
2042 4824 2375 4889 faciendam,
2398 4822 2590 4893 quanti
2618 4822 2782 4885 foret,
2814 4820 2857 4873 si
2896 4819 3077 4873 minus
3103 4831 3235 4889 vage
3262 4816 3452 4886 loque-

1878 4925 2092 4968 rentur.

1941 5009 2021 5064 -60
2063 5006 2179 5061 Ado
2215 5006 2269 5060 in
2312 5004 2498 5060 libello
2532 5004 2605 5057 De
2652 5005 3037 5075 festivitatibus.
3070 5001 3449 5071 apostolorum,

1880 5112 1999 5167 pag.
2032 5095 2101 5150 δι
2130 5093 2447 5163 martyrium
2476 5095 2648 5148 sancti
2675 5094 2907 5148 Matthwi
2947 5093 3198 5147 similiter
3223 5091 3450 5146 collocat

1878 5187 1932 5241 in
1964 5184 2268 5256 Ethiopia,
2299 5184 2487 5242 dicens
2519 5205 2532 5240 :
2568 5204 2587 5237 ι
2620 5184 2721 5250 Qui
2758 5185 2966 5254 primus
2992 5185 3047 5237 in
3071 5184 3250 5237 Iudaea
3272 5182 3450 5235 Evan—

1877 5274 2080 5350 gelium
2117 5278 2319 5347 Christi
2350 5278 2580 5334 Hebrzeo
2608 5291 2863 5332 sermone
2929 5274 3277 5345 conscripsit.
3322 5271 3451 5328 Post

1877 5386 2006 5425 vero
2040 5370 2181 5440 apud
2206 5369 2540 5441 Aitliiopiam
2568 5370 2889 5440 prmdicans,
2917 5366 3233 5438 martyrium
3257 5371 3448 5435 passus

1878 5472 1978 5517 cst.
2011 5482 2029 5514 ι
2072 5462 2440 5518 Consentiunt
2471 5464 2726 5517 liabanus
2754 5473 2808 5517 et
2839 5460 3121 5517 Usuardus
3147 5459 3213 5513 de
3247 5457 3445 5528 praedi-

1879 5555 2096 5610 catione
2125 5615 2129 5618 ,
2160 5566 2213 5609 et
2254 5557 2511 5627 martyrio
2554 5556 2607 5608 in
2658 5554 2959 5623 Aithi0pia,
3006 5554 3461 5617 recentioresquo.

1880 5647 2119 5715 plurimi.
2150 5646 2413 5703 Omnibus
2442 5658 2621 5702 autem
2651 5646 3011 5701 consideratis
3069 5652 3123 5701 et
3166 5640 3439 5711 expensis.

1880 5737 1993 5793 huic
2017 5739 2149 5793 mihi
2174 5726 2441 5794 seniculia
2490 5736 2820 5809 probabilior
2848 5738 3078 5797 videtur,
3115 5739 3273 5803 quam
3311 5748 3450 5802 qun-

1884 5831 1934 5884 in
1988 5832 2207 5887 Perside
2252 5842 2345 5888 ant
2397 5832 2612 5891 Parthia
2670 5832 2983 5891 defunctum
3058 5826 3237 5880 tradit.
3287 5824 3443 5881 Ratio

1881 5926 2053 5997 prima
2107 5934 2208 5985 est.
2256 5924 2715 5997 ῳιοάΛέιΜυρῖδ
2757 5937 2893 5979 esset
2947 5916 3177 5992 Λῐςγρῖυ
3234 5926 3453 5973 contero-
