4150 6508
736 478 835 539 78Ὶ

1965 476 2245 538 ΜΕΝΒΙΞ
2283 473 2575 534 SEPTEM
2588 477 2755 538 BER.

3882 485 3982 549 788

731 590 897 652 mina,
935 586 1167 657 ideoque
1198 604 1307 643 non
1342 588 1593 643 videatur
1635 588 2097 660 praetermittenda
2134 586 2304 641 fuisse
2336 588 2381 640 Α
2417 602 2435 635 ι
2468 586 2639 651 Quem
2663 585 2987 657 (Christum)
3012 589 3285 644 imitantes
3318 590 3567 660 apostoli,
3600 592 3771 661 utqui
3793 608 3981 647 revera

731 680 797 733 ab
820 681 1101 749 apostolis,
1131 682 1429 749 praesertim
1466 698 1590 736 cum
1627 681 1862 736 eunuchi
1906 684 2104 752 regina:
2157 681 2300 737 Can-

731 775 895 829 daces
951 774 1243 829 conversio
1292 789 1443 844 spem
1510 790 1758 846 magnam
1809 774 2051 844 pmbere
2116 786 2301 845 posset

732 866 1030 937 1E1lti0pl33
1063 868 1467 923 convertendae.
1500 868 1709 939 Itaque.
1761 885 1883 924 eum
1926 884 2037 923 non
2088 880 2302 923 constet

730 962 797 1015 de
827 962 1217 1030 prmdicatione
1251 963 1415 1017 ullius
1442 962 1667 1017 alterius
1702 978 1763 1017 ex
1793 961 2076 1032 discipulis
2095 961 2296 1017 Christi

727 1055 782 1108 in
806 1054 1109 1126 Ethiopia,
1128 1056 1314 1112 Patres
1336 1073 1461 1111 vero
1480 1059 1659 1127 plures
1696 1060 2007 1112 eunuchum
2030 1059 2207 1128 ipsum
2228 1058 2299 1111 ibi

727 1148 847 1200 fidei
892 1164 1200 1217 praeconem
1268 1149 1487 1214 faciant,
1542 1149 1761 1204 videtur
1816 1151 2044 1205 omnino
2108 1166 2299 1205 assen-

727 1240 972 1293 tiendum
1010 1242 1135 1306 illis,
1179 1243 1272 1311 qui
1305 1244 1620 1299 Matthaeum
1646 1260 1713 1299 eo
1750 1243 1974 1298 missum
2006 1254 2295 1299 asserunt:

728 1329 898 1385 solius
923 1332 1069 1385 enim
1102 1334 1365 1401 eunuchi,
1422 1344 1615 1407 utpote
1655 1336 1803 1399 laici,
1834 1336 1962 1390 dum
1997 1351 2063 1391 eo
2113 1352 2299 1392 rever—

728 1435 823 1473 sus
864 1430 1214 1484 est,conatus
1244 1442 1350 1480 non
1384 1436 1597 1495 poterat
1629 1427 1877 1482 sutlicere
1920 1426 1984 1482 ad
2038 1429 2300 1485 ecclesias

723 1512 1030 1582 erigenilas,
1094 1516 1198 1573 nisi
1251 1520 1538 1575 accederet
1590 1524 1905 1592 apostolus,
1960 1532 2055 1577 aut
2109 1524 2297 1578 saltem

724 1607 980 1662 sacerdos
1010 1608 1228 1678 aliquis.
1280 1610 1435 1667 Hunc
1468 1628 1595 1669 vero
1626 1614 1794 1671 fuisse
1840 1614 2157 1670 Matthteum
2191 1625 2299 1668 tra-

723 1694 862 1749 dunt
911 1698 1211 1767 scriptores
1249 1702 1380 1758 satis
1433 1704 1639 1774 antiqui
1684 1716 1737 1761 et
1774 1722 1968 1778 graves
2022 1708 2086 1761 ad
2139 1706 2296 1760 fidem

724 1785 824 1837 hac
854 1784 909 1838 in
935 1801 991 1841 re
1014 1788 1391 1846 obtinendam.
1410 1792 1589 1848 Altera
1616 1798 1754 1850 ratio
1778 1807 1880 1860 est,
1905 1797 2047 1866 quod
2083 1796 2295 1853 Persica

723 1889 816 1932 aut
851 1876 1108 1935 Parthica
1141 1884 1317 1938 sancti
1366 1887 1679 1955 pradicatio
1736 1889 1911 1943 solum
1959 1890 2198 1946 breviter
2245 1902 2297 1945 et

722 1986 855 2041 vage
892 1972 964 2025 sit
990 1987 1199 2030 asserta
1227 1979 1293 2033 ab
1314 1979 1605 2036 Ambrosio
1640 1992 1693 2037 et
1717 1983 1963 2051 Paulino,
2000 2001 2062 2040 ex
2096 1987 2295 2055 quibus

724 2063 777 2117 in
821 2062 1013 2121 Fastos
1074 2068 1528 2142 llicronymianos
1582 2076 1815 2131 transire
1879 2079 2077 2146 potuit.
2115 2078 2297 2133 Potuit

725 2166 905 2214 tamen
947 2161 1014 2216 ibi
1049 2178 1265 2233 quoque
1291 2168 1608 2233 praedicare,
1648 2180 1701 2223 et
1740 2180 1929 2240 postea
1965 2171 2017 2223 in
2077 2171 2296 2225 Aithio-

722 2249 866 2316 piam
897 2252 1173 2320 proficisci
1209 2272 1220 2309 :
1257 2272 1383 2310 nam
1422 2258 1489 2313 de
1522 2269 1698 2315 morte
1748 2271 1841 2316 aut
1872 2266 2128 2335 martyrio
2176 2268 2293 2320 lau-

720 2340 832 2395 dati
865 2342 1051 2401 Patres
1081 2348 1217 2404 uihil
1270 2351 1562 2408 affirmant.
1596 2352 1751 2419 Quod
1790 2372 1917 2410 vero
1968 2368 2179 2427 spectat
2229 2360 2293 2413 ad

720 2434 1023 2505 civitatem,
1058 2456 1179 2510 qua:
1208 2441 1493 2498 Naddaver
1524 2446 1577 2499 in
1634 2449 1782 2501 Actis
1827 2457 1879 2501 et
1928 2451 2069 2517 apud
2104 2450 2297 2505 Fortu-

720 2538 910 2583 natum
938 2543 1185 2597 vocatur,
1226 2537 1372 2590 nulla
1410 2538 1555 2593 illius
1596 2540 2027 2610 planeonominis
2054 2555 2180 2601 nota
2214 2555 2295 2601 est

718 2614 776 2670 in
806 2618 1107 2690 IEthiopia.
1167 2624 1298 2679 Erat
1345 2636 1524 2682 tamen
1593 2630 1821 2703 Augusti
1870 2642 2110 2703 tempore
2166 2637 2294 2690 urbs

715 2708 922 2779 Napata
991 2713 1133 2779 apud
1195 2714 1517 2772 Strabonem
1585 2739 1706 2793 pag.
1761 2722 1863 2776 8'20
1910 2726 2071 2789 dicta,
2132 2745 2290 2796 quam

718 2801 1007 2859 Petronius
1068 2805 1315 2865 Romano
1367 2812 1632 2867 exercitui
1690 2817 1979 2884 praefectus
2029 2821 2176 2887 cepit
2230 2837 2294 2874 ac

716 2894 884 2949 diruit
914 2898 967 2950 in
1006 2899 1146 2955 bello
1176 2912 1364 2957 contra
1416 2908 1656 2976 reginam
1692 2910 2008 2965 Candacen.
2046 2912 2291 2983 Napatis,

718 2996 858 3043 teste
901 2989 1191 3057 Strabone,
1222 2993 1505 3052 Candaces
1538 3000 1682 3071 regia
1715 3011 1855 3057 erat.
1880 3003 1997 3059 Jam
2031 3023 2161 3061 vero
2202 3008 2289 3062 alii

717 3082 1093 3149 considerent,
1127 3100 1192 3137 an
1223 3088 1352 3142 urbs
1380 3088 1719 3162 Aitltiopica,
1753 3111 1912 3163 quam
1961 3096 2164 3167 Napata
2194 3116 2290 3154 vo-

717 3182 914 3226 carunt
950 3174 1146 3242 Graeci,
1197 3192 1308 3231 non
1345 3185 1584 3248 potuerit
1633 3185 1735 3237 alia
1769 3188 2112 3254 expositione
2144 3190 2290 3244 vocis

2405 682 2589 727 essent
2612 676 2921 745 cognitione
2950 677 3160 746 pnediti
3190 687 3244 732 et
3279 680 3529 746 perfecti,
3565 698 3665 750 pro
3700 683 3980 745 ecclesiis,

2405 750 2540 835 quas
2584 768 2905 834 fundarunt,
2968 772 3110 841 passi
3161 782 3307 827 sunt.
3365 792 3383 826 ›
3452 774 3804 845 Quapropter
3850 776 3979 828 mihi

2405 861 2559 933 longe
2594 864 2927 932 probabilior
2956 874 3180 933 apparet
3214 871 3485 920 sententia
3518 869 3975 937 communis.qua

2408 962 2607 1023 martyr
2656 954 2897 1008 creditur
2947 955 3275 1011 Matthaaus:
3324 973 3447 1010 nam
3482 974 3580 1012 nec
3616 958 3979 1027 Meuologium

2404 1044 2734 1100 Basilianum
2773 1046 2915 1101 clare
2950 1050 3287 1102 contrarium
3343 1049 3526 1113 habet,
3555 1066 3655 1103 nec
3678 1050 3981 1103 Heracleon

2404 1138 2542 1206 apud
2575 1137 2916 1194 Clementem
2952 1157 2964 1192 :
3011 1154 3113 1193 nec
3146 1140 3340 1193 horum
3378 1140 3677 1194 auctoritas
3708 1156 3810 1209 par
3839 1151 3983 1194 esset

2407 1231 2629 1299 reliquis
2655 1231 2933 1295 onmibus,
2964 1231 3006 1285 si
3042 1231 3271 1285 omnino
3299 1234 3636 1287 contrarium
3684 1234 3980 1286 haberent.

2404 1326 2477 1379 De
2510 1336 2755 1395 tempore
2806 1326 3050 1397 martyrii
3093 1342 3202 1379 non
3260 1335 3496 1382 constat.
3556 1327 3983 1396 Chrysostoutus

2404 1428 2584 1474 tamen
2663 1420 2810 1474 hom.
2890 1418 2954 1472 76
3021 1417 3112 1488 (al.
3198 1418 3288 1488 77)
3357 1419 3414 1472 in
3477 1421 3789 1472 Malum-um
3849 1417 3980 1471 insi-

2404 1523 2560 1575 nuat,
2614 1511 2891 1566 Sanctum-
2930 1511 3104 1566 fuisse
3156 1510 3473 1566 defunctum
3531 1520 3659 1566 ante
3705 1510 3980 1565 excidium

2403 1608 2979 1683 Hierosolymitanum,
3014 1605 3157 1676 quod
3184 1606 3363 1677 figitur
3390 1621 3533 1661 anno
3558 1605 3626 1659 70
3656 1620 3785 1660 εει-ω
3820 1602 3978 1658 Chri-

2402 1700 2612 1755 stianre.

2473 1795 2560 1848 62.
2605 1793 2872 1849 Caeterum
2940 1794 3007 1849 de
3080 1793 3243 1849 modo
3298 1792 3516 1848 vivendi
3576 1800 3632 1846 et
3677 1791 3981 1844 virtutibus

2328 1925 2373 1984 Β
2404 1886 2461 1943 S.
2492 1886 2729 1942 Matthagi
2782 1902 2948 1958 pauca
2996 1887 3348 1956 reperiuntur
3399 1886 3539 1956 apud
3579 1895 3822 1939 veteres.
3859 1882 3983 1935 Cle-

2404 1996 2556 2035 mens
2590 1981 3013 2045 Alexandrinus,
3044 1981 3140 2035 lib.
3170 1996 3204 2034 tt
3234 1979 3539 2050 Pwdagogi,
3566 1996 3688 2048 cap.
3720 1980 3769 2039 1,
3806 1976 3980 2029 victus

2399 2074 2748 2127 sobrietatem
2776 2072 2979 2137 laudat,
3023 2072 3092 2126 ita
3147 2073 3395 2127 scribens
3434 2087 3450 2128 :
3490 2090 3508 2123 ι
3550 2070 3845 2124 Matthzeus
3878 2070 3978 2121 ita-

2396 2184 2501 2238 que
2533 2166 2810 2236 apostolus
2845 2165 3166 2225 seminilms.
3199 2165 3385 2219 baccis
3409 2175 3463 2219 et
3492 2164 3737 2219 oleribus
3770 2164 3978 2231 absque

2399 2261 2658 2316 carnibus
2702 2260 2974 2312 utebatur.
3018 2279 3035 2309 ι
3094 2258 3539 2327 Chrysostomus,
3596 2258 3746 2309 hom.
3781 2257 3853 2308 47
3885 2258 3973 2324 (al.

2399 2353 2485 2422 £8)
2522 2356 2571 2404 in
2615 2351 2807 2404 Matth.
2842 2366 2905 2403 ex
2951 2351 3120 2405 sacris
3150 2351 3371 2405 Litteris
3401 2350 3634 2419 elogium
3684 2349 3977 2403 collectum

2400 2448 2471 2499 ita
2518 2444 2835 2500 contexuit:
2877 2444 3111 2515 «Cogita
3149 2444 3281 2498 mihi
3334 2445 3553 2515 (inquit)
3596 2444 3745 2497 hunc
3801 2444 3975 2512 ipsum

2398 2539 2811 2607 evangelistam,
2868 2537 3078 2591 etiamsi
3128 2551 3235 2589 non
3294 2546 3458 2589 totam
3507 2538 3625 2606 ejus
3674 2537 3845 2589 vitam
3882 2537 3975 2589 de-

2397 2631 2654 2700 scriptam
2694 2630 3037 2682 habeamus:
3074 2638 3312 2681 attamen
3357 2641 3420 2681 ex
3460 2626 3670 2697 paucis,
3724 2642 3848 2694 qua:
3895 2641 3975 2679 re-

2396 2732 2561 2785 stant,
2590 2724 2714 2777 lieet
2736 2723 3025 2791 imaginem
3046 2724 3162 2791 ejus
3183 2722 3559 2789 splendentem
3586 2722 3792 2772 videre.
3823 2720 3973 2784 Quod

2399 2814 2618 2867 humilis
2668 2823 2723 2867 et
2754 2813 3022 2867 contritus
3072 2821 3238 2877 esset,
3271 2812 3395 2865 audi
3430 2810 3605 2880 ipsum
3636 2811 3693 2863 in
3726 2810 3976 2873 Evange-

2398 2908 2468 2960 lio
2497 2924 2615 2962 sese
2639 2907 2988 2978 publicanum
3016 2917 3336 2971 vocantem;
3375 2904 3520 2975 quod
3545 2916 3730 2958 autem
3765 2905 3976 2957 miseri-

2394 3016 2517 3055 cors
2559 3010 2725 3064 esset,
2761 3000 2881 3054 vide
2922 2998 3073 3053 illum
3103 2998 3359 3053 omnibus
3386 3008 3612 3052 exutum
3642 2996 3839 3051 Jesum
3893 3013 3976 3051 se.

2395 3104 2676 3165 quentem.
2728 3092 2881 3157 Quod
2919 3092 3040 3161 pius
3072 3100 3237 3155 esset,
3276 3093 3451 3160 palam
3478 3098 3563 3144 est
3589 3104 3655 3142 ex
3699 3090 3975 3160 dogmati-

2397 3186 2516 3239 bus.
2553 3183 2968 3256 lntelligentiam
3004 3195 3057 3236 et
3091 3181 3414 3237 charitatem
3460 3181 3580 3251 ejus
3606 3196 3673 3234 ex
3708 3195 3801 3243 eo,
3836 3182 3976 3251 quod

715 3261 1067 3335 Ethiopian,
1103 3278 1193 3322 aut
1243 3270 1433 3325 saltem
1464 3276 1820 3345 corruptione
1870 3277 2155 3335 Naddaver
2200 3299 2291 3336 ex-
2321 3285 2359 3340 (ἶ
2395 3279 2744 3350 conscripsit,
2798 3278 3092 3349 Evangelio
3147 3275 3331 3331 videre
3361 3278 3442 3330 est
3475 3293 3487 3329 :
3538 3275 3787 3329 universi
3828 3276 3976 3329 enim

714 3355 902 3425 primi.
937 3357 1195 3412 Eamdem
1232 3360 1423 3415 urbem
1454 3363 1587 3417 alibi
1628 3364 1862 3438 Naggata
1907 3371 2069 3426 scribi
2104 3372 2291 3428 obser-

713 3456 807 3505 vat
838 3448 1126 3516 Cellarius,
1163 3452 1214 3506 in
1248 3452 1843 3531 Geograpliia-antiqua,
1881 3461 1974 3515 lib.
1998 3478 2070 3529 tv,
2090 3480 2210 3536 cap.
2236 3467 2288 3531 8,

714 3553 840 3612 pag.
876 3542 978 3595 156

787 3634 877 3689 6|.
913 3633 1068 3701 Quod
1108 3648 1318 3709 spectat
1353 3642 1419 3697 ad
1453 3647 1771 3717 martyrium
1814 3650 1986 3704 sancti
2024 3652 2288 3722 Mattha-i,

713 3728 820 3783 hoc
852 3730 1029 3799 ipsum
1064 3732 1279 3788 videtur
1316 3736 1563 3791 dubium.
1597 3739 1971 3813 Martyrologia
2021 3745 2287 3818 llierony-

716 3820 897 3874 miana
929 3832 983 3876 et
1052 3827 1183 3877 Acta
1216 3825 1407 3879 Latina
1459 3843 1581 3881 eum
1633 3834 2007 3903 martyrologis
2035 3838 2289 3894 omnibus

715 3911 877 3965 medii
916 3914 1017 3966 :evi
1055 3914 1353 3984 insinuant,
1389 3918 1698 3978 Matthtnum
1720 3926 1923 3982 obiisse
1962 3942 2285 4003 martyrem.

713 4004 783 4057 At
824 4006 1185 4079 menologium
1208 4009 1539 4068 Basilianqu
1558 4016 1623 4069 ad
1646 4017 1709 4071 l6
1733 4016 2050 4077 Novembris
2066 4026 2131 4079 de
2148 4041 2288 4079 mar-

715 4098 852 4168 tyrio
874 4101 1023 4155 clare
1056 4104 1245 4157 saltem
1282 4122 1390 4160 non
1420 4109 1685 4177 loquitur,
1718 4114 1811 4168 sed
1849 4119 2017 4170 utitur
2038 4136 2171 4173 voce
2190 4139 2282 4173 τε·

708 4188 975 4258 λειοῦται,
998 4208 1546 4271 consummatur,quo
1567 4212 1744 4259 tamen
1776 4208 1942 4263 verbo
1967 4215 2283 4285 martyrium

712 4292 864 4338 innui
930 4296 1133 4355 potest.
1188 4292 1425 4346 maxime
1479 4310 1601 4349 cum
1670 4301 1831 4367 paulo
1898 4313 2022 4359 ante
2071 4307 2287 4363 dicatur

714 4376 880 4431 multa
928 4389 1193 4436 tormenta
1254 4398 1545 4453 perpessus
1607 4388 1751 4456 apud
1808 4394 2282 4466 Antropophagos.

706 4468 770 4521 ln
804 4467 995 4523 eodem
1020 4469 1323 4544 Menologio
1356 4476 1423 4530 ad
1450 4478 1517 4532 '50
1563 4477 1713 4534 Junii
1774 4483 1973 4537 dicitur
2014 4485 2284 4556 lapidibus

713 4561 965 4619 obrutus.
998 4563 1402 4639 Metaphrastes
1460 4581 1515 4624 et
1564 4572 1778 4630 Nicetas
1827 4578 2100 4650 Paphlago
2141 4598 2283 4635 mar-

714 4656 907 4725 tyrium
944 4663 1242 4727 generatim
1293 4674 1565 4718 asserunt.
1615 4666 1668 4719 In
1704 4670 1925 4724 Menaeis
1976 4676 2041 4728 ad
2081 4675 2143 4728 16
2172 4677 2284 4729 Νο-

712 4750 947 4805 vembris
965 4755 1198 4819 primum
1232 4757 1494 4810 asseritur
1518 4776 1611 4828 per
1642 4763 1817 4832 ignem
1853 4779 2281 4835 consummatus,

713 4842 907 4895 deinde
940 4844 1100 4897 datur
1126 4846 1360 4917 elogium
1426 4848 1761 4917 fabulosum,
1822 4856 1875 4910 in
1914 4873 2022 4927 quo
2086 4859 2286 4914 iliestis

712 4936 779 4987 ab
812 4934 934 5005 igne
967 4952 1087 4991 mox
1132 4938 1185 4992 in
1244 4943 1488 4998 oratione
1518 4945 1721 5001 obiisse
1773 4950 1992 5017 dicitur,
2032 4962 2089 5006 ut
2122 4953 2283 5008 etiam

712 5029 875 5085 habet
907 5028 1275 5101 Nic-ephorus.
1334 5035 1656 5105 Heracleon,
1703 5043 1993 5101 haereticus
2046 5046 2285 5101 Valenti-

711 5122 943 5187 nianus,
993 5127 1133 5197 apud
1170 5127 1509 5185 Clementem
1555 5134 2025 5204 Alexandrinum,
2088 5140 2179 5194 lib.
2234 5154 2283 5194 tv

710 5214 1064 5279 Stromatum,
1092 5220 1306 5274 videtur
1335 5239 1531 5294 negare
1575 5228 1891 5296 martyrium
1942 5246 2048 5285 non
2106 5232 2279 5287 solum

710 5306 970 5373 Matthazi,
995 5310 1090 5364 sed
1125 5311 1287 5364 etiam
1326 5314 1585 5386 Philippi,
1605 5316 1828 5375 Thotnze
1845 5331 1899 5376 et
1929 5322 2279 5393 Levis,quem

713 5416 996 5469 perperam
1027 5417 1053 5455 a
1077 5402 1331 5457 Matthmo
1354 5406 1655 5479 distinguit,
1682 5414 1785 5467 nisi
1817 5414 1956 5469 forte
1991 5416 2277 5473 Lebbzeum

710 5492 827 5544 sive
846 5489 1177 5548 Thaddazum
1209 5511 1276 5551 eo
1316 5497 1535 5552 nomine
1563 5500 1847 5573 designare
1891 5507 2076 5560 voluit.
2127 5508 2274 5563 Atta-

712 5595 833 5635 men
865 5581 1076 5651 phrasis
1103 5593 1186 5637 est
1209 5586 1510 5652 obscurior,
1554 5589 1796 5661 mihique
1848 5596 2163 5667 ambiguum
2200 5606 2281 5653 est

711 5689 779 5727 an
834 5690 1022 5729 revera
1090 5678 1383 5733 lleracleon
1452 5698 1650 5752 negare
1714 5686 1963 5747 voluerit.
2018 5700 2279 5761 martyres

711 5766 881 5821 fuisse
916 5768 1160 5823 laudatos
1199 5773 1496 5841 apostolos.
1532 5776 1685 5841 Quod
1722 5776 1764 5830 si
1796 5793 1980 5831 revera
2012 5781 2061 5835 id
2093 5785 2277 5839 volue-

711 5856 802 5918 rit,
861 5860 1064 5925 exigute
1117 5863 1259 5929 apud
1306 5877 1498 5916 omnes
1551 5867 1707 5920 debet
1755 5883 1874 5922 esse
1935 5874 2272 5929 auctoritatis

709 5948 909 6005 dictum
949 5951 1243 6018 illud,cum
1283 5953 1535 6010 Clemens
1569 5956 1679 6027 ipse
1722 5962 1879 6029 paulo
1912 5975 2029 6031 post
2058 5964 2194 6020 diCat
2243 5986 2254 6021 :

2394 3376 2541 3432 orbis
2573 3390 2756 3431 curam
2794 3373 2976 3444 gessit.
3014 3372 3287 3426 Bonorum
3317 3385 3545 3440 operum
3579 3380 3977 3438 argumentum

2396 3469 2561 3522 habes
2597 3483 2659 3520 ex
2696 3466 2914 3528 throno,
2953 3465 3006 3517 in
3054 3478 3162 3532 quo
3206 3478 3461 3516 sessurus
3515 3470 3641 3513 est:
3696 3460 3979 3514 fortitudio

2394 3574 2539 3621 nem,
2573 3557 2715 3629 quod
2745 3556 2989 3629 gaudens
3030 3572 3282 3610 reversus
3314 3555 3382 3609 sit
3413 3570 3442 3609 a
3485 3554 3623 3609 faeie
3668 3556 3915 3607 concilii.
3954 3575 3971 3605 ι

2394 3652 2663 3706 Hactenus
2689 3650 3128 3721 Chrysostomns.
3156 3647 3631 3703 Eminentissimus
3658 3646 3811 3701 Bona
3837 3648 3928 3700 lib.
3957 3664 3972 3700 ι

2393 3746 2592 3799 Rerum
2621 3745 3013 3815 liturgicarum,
3042 3759 3161 3811 cap.
3197 3742 3248 3804 8,
3289 3758 3439 3794 num.
3472 3741 3526 3805 εὶ,
3560 3739 3728 3794 refert
3752 3752 3972 3795 exstare

2392 3839 2553 3893 etiam
2597 3837 2819 3890 neruine
2870 3836 3046 3888 sancti
3088 3833 3325 3887 Matthtei
3362 3833 3658 3899 Liturgiam
3708 3834 3974 3901 aliquam,

2389 3948 2508 3999 qua:
2534 3929 2852 3998 .‘Ethiopum
2879 3942 2999 3981 esse
3034 3926 3251 3982 dicitur.
3278 3924 3573 3998 Liturgiam
3594 3923 3921 3996 Aithiopum
3946 3946 3971 3977 ιι

2390 4027 2555 4080 variis
2600 4025 2797 4079 editam
2852 4022 3108 4083 invenio;
3147 4020 3241 4075 sed
3284 4035 3394 4074 non
3442 4020 3595 4075 video
3647 4022 3972 4074 attributam

2390 4128 2578 4173 sancto
2604 4117 2877 4171 Matthueo.
2908 4115 3066 4170 Certe
3094 4114 3461 4185 Raynodotius
3493 4114 3543 4167 in
3566 4112 3750 4182 Opere
3786 4114 3855 4169 de
3888 4112 3974 4165 Li-

2392 4210 2580 4280 turgiis
2624 4209 2995 4265 Orientalibus
3048 4207 3210 4260 etiam
3256 4203 3600 4273 Ethiopicas
3650 4206 3873 4259 edidit:
3922 4215 3973 4258 at

2389 4302 2593 4356 nullam
2626 4301 2695 4355 ibi
2733 4299 2953 4354 nomine
2990 4296 3226 4355 Matthri
3260 4296 3572 4368 insignitant
3612 4297 3749 4349 vidi.
3790 4296 3971 4363 Quare

2388 4397 2640 4453 existimo
2698 4395 2841 4449 illam
2900 4409 3003 4448 non
3057 4392 3147 4446 diu
3222 4389 3279 4447 S.
3331 4389 3587 4445 Mattiaco
3645 4392 3969 4446 attributam

2387 4492 2574 4547 fuisse.

2389 4606 2415 4676 ᾗ
2457 4606 2519 4660 γ.
2572 4604 2643 4659 De
2671 4604 3102 4677 translationibus
3138 4600 3369 4677 corporis
3402 4596 3562 4666 quod,
3599 4597 3881 4677 inventum
3917 4600 3971 4649 in

2465 4678 2721 4731 Lucania.
2794 4675 3113 4743 trunsfrrtur
3182 4669 3479 4729 Salernum,
3552 4683 3617 4719 ac
3696 4670 3971 4723 brae/tium

2458 4747 2643 4799 deinde
2678 4747 3047 4799 Beneventum.

2460 4861 2552 4916 65.
2573 4857 3022 4928 Quandoquidem
3040 4874 3143 4911 non
3158 4856 3421 4912 habemus
3436 4856 3564 4909 Acta
3586 4854 3970 4908 translationis

2388 4954 2561 5011 sancti
2597 4952 2859 5018 Matthtei,
2901 4966 3023 5020 qua:
3059 4951 3213 5004 fidem
3262 4958 3540 5015 merentur
3577 4948 3683 5001 viri
3727 4950 3960 5007 eruditi.

2387 5055 2479 5103 aut
2510 5063 2630 5101 eam
2673 5047 2919 5100 obtinere
2955 5042 3308 5114 possunthoc
3336 5052 3604 5111 tempore,
3638 5050 3697 5097 et
3725 5044 3967 5111 scripto-

2386 5155 2472 5193 res
2506 5136 2839 5206 antiquiores
2870 5149 2979 5188 non
3012 5134 3114 5187 nisi
3139 5148 3325 5203 vagam
3357 5130 3593 5202 aliquam
3620 5142 3677 5185 et
3698 5133 3967 5187 incertam

2386 5233 2653 5287 dederunt
2700 5227 2948 5283 notitiam
3002 5227 3068 5282 de
3108 5226 3246 5290 loco,
3300 5226 3351 5279 in
3396 5241 3504 5294 quo
3532 5240 3739 5294 corpus
3782 5242 3962 5279 serva-

2387 5326 2543 5379 batur
2589 5332 2713 5377 ante
2760 5321 3164 5375 translationcm
3211 5320 3262 5371 in
3319 5316 3624 5385 Europam,
3673 5316 3963 5373 difficulter

2385 5417 2586 5484 aliquid
2633 5412 2768 5470 certi
2813 5413 3116 5480 reperietur
3157 5410 3224 5464 de
3266 5407 3557 5463 occasione
3597 5416 3653 5460 et
3688 5419 3960 5478 tempore.

2386 5524 2492 5577 quo
2528 5507 2763 5577 primum
2818 5504 2869 5557 in
2915 5504 3124 5557 Italiam
3163 5502 3263 5554 fuit
3295 5500 3663 5570 deportatum.
3701 5500 3957 5555 illustris-

2384 5601 2556 5654 simus
2595 5599 2861 5655 Columna
2894 5597 3005 5667 jam
3039 5594 3307 5657 laudatus,
3350 5596 3441 5664 qui
3490 5594 3760 5660 majorem
3798 5594 3951 5649 fidem

2384 5709 2543 5765 quam
2572 5693 2754 5747 crisim
2785 5689 3032 5745 adhibuit
3066 5687 3119 5741 in
3160 5688 3435 5757 sequendo
3461 5683 3783 5741 Relationes
3806 5687 3950 5749 Mss,

2385 5782 2925 5855 quasimprobabilcs
2947 5795 3065 5835 esse
3082 5778 3336 5849 ostendi§
3370 5781 3416 5843 l,
3450 5777 3748 5833 Historiam
3781 5790 3951 5833 trans-

2390 5877 2609 5934 lationis
2644 5877 2792 5933 dedit
2833 5873 3057 5928 minime
3104 5872 3469 5929 verisimilem.
3508 5871 3728 5927 Etenim
3774 5890 3891 5940 cap.
3922 5872 3955 5925 5

2378 5979 2561 6026 narrat.
2599 5969 2768 6025 sancti
2813 5983 3013 6036 corpus
3067 5981 3129 6021 ex
3178 5965 3449 6035 £thiopia
3492 5965 3741 6020 delatum
3775 5964 3830 6021 in
3860 5964 3957 6020 Bri-
