4150 6498
186 429 290 493 789

1475 435 1650 496 VlTA
1694 435 1756 494 S.
1799 433 2182 502 MATTH£L

3329 435 3437 498 790

189 547 438 599 tanniam
476 547 810 600 Armoricam
841 562 933 614 per
966 555 1293 602 mercatores
1319 544 1609 598 Britannos
1638 554 1762 597 tem-
1794 546 1840 602 Α
1870 545 2086 614 bentur,
2129 551 2258 604 tom.
2305 553 2342 604 V
2372 552 2695 622 Scriptorum
2734 553 2934 616 Halm,
2966 567 3086 621 pag.
3121 549 3212 610 Ἡ.
3246 548 3435 602 eadem

189 651 316 704 pore
370 635 511 704 regis
558 635 885 699 Salomonis,
935 638 1025 706 qui
1076 638 1324 707 regnavit
1365 647 1488 702 post
1518 636 1758 688 medium

189 725 372 779 saeculi
403 741 486 790 ix;
517 725 662 794 (nam
697 742 793 795 pro
825 727 1011 781 lictitio
1047 743 1193 779 nunc
1226 728 1460 780 habetur
1487 727 1627 780 alius
1661 726 1760 779 Sa-

191 816 396 879 lomon,
436 835 594 888 quem
651 820 856 889 aliquot
902 819 1114 873 saeculis
1167 821 1331 874 citius
1386 821 1440 874 in
1481 821 1760 873 Armorica

190 922 448 977 regnasse
487 909 651 978 aliqui
690 912 820 965 olim
851 910 1223 980 crediderunt)
1257 911 1676 981 depositumque
1708 910 1759 962 in

190 999 413 1054 civitate
446 1000 793 1072 Legionensi.
824 1002 892 1054 At
923 1017 1028 1054 non
1063 1002 1404 1072 ignorassent
1428 1001 1550 1063 hoc,
1588 1017 1760 1069 ireque

192 1092 492 1146 tacuissent
512 1108 701 1146 omnes
723 1094 1012 1162 scriptores
1032 1093 1170 1148 Galli
1199 1094 1409 1147 illorum
1437 1104 1758 1162 temporum,

189 1192 282 1236 aut
339 1183 502 1252 paulo
551 1183 935 1254 posteriorum,
995 1187 1036 1239 si
1086 1185 1286 1239 factum
1346 1196 1508 1240 esset.
1561 1185 1761 1240 Deinde

191 1289 314 1344 cap.
346 1275 378 1330 6
415 1276 578 1331 refert
635 1275 981 1331 Salomonem
1013 1293 1193 1348 regem
1234 1293 1378 1331 anno
1421 1279 1760 1347 quinquage-

191 1364 331 1419 simo
364 1382 392 1418 a
426 1366 778 1420 translatione
813 1367 1060 1436 corporis
1092 1383 1121 1421 a
1167 1367 1441 1422 Britannis
1473 1368 1584 1421 suis
1617 1367 1760 1422 occi-

191 1469 311 1508 sum
337 1471 351 1518 ;
392 1469 563 1523 eaque
593 1455 661 1509 de
687 1471 849 1511 causa
883 1454 1322 1511 Valentinianum
1353 1457 1758 1527 imperatorem.

191 1543 282 1612 qui
315 1543 520 1612 aliquot
564 1545 774 1600 saeculis
826 1555 952 1601 ante
986 1545 1327 1602 Salomonem
1361 1547 1460 1602 fuit
1494 1558 1761 1612 mortuus,

193 1653 256 1690 ex
291 1633 439 1690 Italia
467 1639 743 1708 ingentem
767 1639 978 1695 misisse
1002 1641 1229 1696 classem
1255 1641 1322 1696 ad
1348 1641 1763 1712 expugnandam

193 1729 554 1794 Britanniam,
581 1741 634 1785 et
677 1731 775 1797 sic,
807 1741 962 1800 capta
1003 1731 1219 1786 civitate
1254 1730 1603 1801 Legionensi,
1635 1750 1761 1788 cor—

192 1837 296 1890 pus
333 1822 505 1874 sancti
536 1820 768 1874 Matthari
807 1822 858 1873 in
907 1820 1198 1875 Lucaniam
1239 1823 1581 1877 translatum.
1638 1824 1762 1879 Haec

1864 639 2062 693 clarius
2091 652 2144 695 et
2180 644 2373 698 melius
2409 645 2687 714 leguntur.
2725 645 2895 698 Verba
2933 646 3160 713 accipe:
3200 661 3217 692 ε
3259 643 3312 694 In
3360 643 3440 711 ip-

1864 731 1980 784 sius
2028 733 2288 800 principis
2335 736 2585 806 Gisulplii
2635 737 2970 806 temporibus
3023 736 3307 789 inventum
3356 743 3438 788 est

1866 823 2294 877 sacratissimum
2335 840 2535 894 corpus
2567 825 2627 879 Β.
2667 825 2893 880 Matthxi
2928 825 2980 877 in
3023 823 3275 878 Lucaniae
3312 822 3435 876 fini-

1865 911 1987 972 bus,
2025 921 2186 982 atque
2234 928 2358 968 cum
2389 916 2573 970 debito
2613 917 2819 970 honore
2863 930 2956 982 per
2985 915 3283 984 jussionem
3325 913 3435 979 jam

1865 1002 1955 1058 fati
2007 1004 2260 1075 Gisulphi
2308 1007 2572 1076 principis
2626 1009 2910 1062 Salernum
2973 1006 3276 1061 deducitur.
3331 1003 3435 1056 Sed

1864 1111 1998 1166 quot
2031 1101 2314 1155 evenerint
2343 1103 2492 1172 signa
2517 1114 2568 1158 et
2607 1103 2862 1157 miracula
2892 1112 2948 1156 et
2973 1101 3244 1170 quomodo
3272 1099 3438 1152 fuerit

1865 1201 2186 1260 repertum,
2242 1195 2559 1249 omnimodo
2602 1211 2744 1249 nunc
2794 1195 3034 1264 pandere
3086 1192 3434 1247 omittimus:

1865 1286 2235 1353 postmodum,
2301 1288 2406 1341 Deo
2461 1296 2755 1350 annuente,
2819 1286 3227 1338 innotescemus
3276 1290 3438 1348 atque.

1869 1369 1997 1424 huic
2070 1371 2320 1428 Historiae
2401 1373 2691 1428 adneCIere
2750 1374 3028 1428 faciemus.
3079 1389 3097 1422 ι
3166 1369 3455 1424 llactenus-

1865 1470 2078 1523 auctor,
2109 1463 2436 1532 quicumque
2469 1463 2557 1524 sit,
2591 1462 2733 1532 quod
2774 1477 2881 1514 non
2917 1459 3152 1529 inquiro.

1943 1555 2033 1609 66.
2075 1556 2150 1610 De
2216 1573 2362 1612 anno
2403 1558 2756 1620 inventionis,
2789 1571 2950 1626 quem
3005 1554 3109 1609 954
3154 1550 3288 1607 dixit
3328 1549 3438 1604 Leo

1867 1646 2158 1712 Ostiensis,
2191 1650 2400 1704 etiamsi
2425 1649 2561 1705 forte
2586 1665 2694 1705 non
2718 1650 2946 1703 omnino
2967 1647 3036 1701 sit
3061 1654 3266 1708 certus,
3288 1642 3438 1696 litem

1869 1739 2198 1794 movendam
2227 1755 2336 1794 non
2377 1755 2607 1806 censeo;
2634 1755 2756 1793 cum
2797 1747 2945 1793 certe
2983 1738 3072 1790 illo
3114 1751 3259 1790 anno
3285 1733 3438 1804 prin-

1871 1833 2113 1902 ciparum
2157 1833 2562 1888 Salernitanum
2600 1834 2874 1887 obtineret
2920 1828 3219 1899 Gisulphus
3277 1825 3442 1882 Guai-

193 1912 465 1973 retulisse,
493 1912 709 1965 omissis
741 1912 901 1965 etiam
932 1912 1766 1992 improbabilibustranslationis
1804 1896 1841 1948 Β
1876 1923 2029 1975 marii
2085 1923 2248 1985 filius,
2314 1925 2416 1978 sub
2461 1940 2567 1993 quo
2617 1924 2986 1977 inventionem
3028 1919 3318 1989 contigisse
3368 1916 3442 1969 ait

189 2003 485 2072 adjunctis,
527 2003 790 2057 refutasse
819 2014 922 2058 est.

264 2097 354 2151 6L
397 2097 536 2162 Mox,
573 2113 692 2166 cap.
730 2098 778 2159 7.
811 2098 1015 2153 fatetur
1059 2111 1268 2165 auctor,
1304 2117 1523 2156 onmem
1558 2118 1766 2155 memo-

198 2186 334 2239 riam
387 2187 454 2241 de
491 2199 706 2241 servato
761 2188 811 2240 in
872 2190 1016 2242 ltalia
1053 2205 1281 2258 corpore
1318 2193 1491 2245 sancti
1531 2190 1768 2246 Mattha-i

189 2277 450 2345 paulatim
495 2277 885 2343 intercedisse;
924 2281 1409 2351 inventionemque
1462 2284 1538 2336 ait
1589 2285 1767 2338 conti-

188 2370 336 2438 gisse
368 2369 509 2421 circa
538 2370 883 2424 millesimum
920 2381 975 2425 et
1019 2374 1532 2443 quinquagesimum
1565 2389 1767 2428 annum

187 2472 218 2510 a
253 2455 474 2511 Christo
510 2469 659 2516 nato.
691 2460 847 2515 Hisce
881 2461 946 2515 de
979 2477 1212 2531 corpore
1243 2464 1336 2517 diu
1368 2464 1685 2518 abscondito
1717 2476 1770 2518 et

189 2548 411 2603 demum
458 2550 681 2606 invento
735 2555 1086 2609 consentiunt
1132 2555 1431 2624 scriptores
1465 2555 1569 2610 fide
1600 2558 1767 2627 digni,

188 2641 287 2696 sed
325 2641 526 2698 factum
567 2645 705 2699 illud
741 2645 911 2717 ﬁgunt
958 2657 1071 2701 toto
1108 2647 1222 2703 fere
1253 2649 1450 2704 sacculo
1483 2649 1668 2712 citius,
1712 2658 1770 2704 ut

188 2749 315 2788 mox
337 2735 644 2791 ostendam.
673 2736 885 2791 Interea
916 2738 1169 2804 observo,
1204 2741 1385 2808 priora
1415 2741 1618 2806 omnia,
1651 2757 1768 2808 qth

186 2824 502 2879 referuntur
555 2828 622 2882 de
685 2830 896 2898 gemina
953 2831 1329 2894 translatione,
1389 2833 1647 2886 nimirum
1701 2851 1768 2888 ex

185 2914 465 2984 Ethiopia
499 2917 550 2970 in
581 2917 938 2984 Britanniam,
991 2930 1044 2974 et
1074 2936 1138 2974 ex
1193 2919 1469 2975 Britannia
1507 2922 1559 2975 in
1593 2922 1768 2977 Luca-

187 3007 359 3072 niam,
389 3025 452 3062 cx
478 3009 813 3078 coniecturis
846 3013 1068 3066 incertis
1097 3014 1342 3082 potuisse
1371 3015 1643 3086 conﬁngi;
1675 3018 1767 3069 sed

186 3106 298 3150 tam
334 3098 763 3166 improbabiliter
791 3101 960 3156 fuisse
991 3105 1263 3171 exposita,
1303 3116 1364 3160 ut
1397 3106 1579 3160 malim
1614 3107 1768 3176 igno-

189 3205 314 3244 rare
360 3206 474 3258 quo
520 3192 685 3246 modo
711 3203 764 3247 et
803 3209 910 3262 quo
944 3203 1187 3264 tempore
1217 3211 1429 3250 sacrum
1464 3198 1593 3251 illud
1639 3198 1768 3252 ~eor-

185 3295 294 3350 pus
327 3280 380 3334 in
429 3281 724 3338 Lucaniam
777 3285 1106 3355 pervenerit,
1158 3302 1320 3354 quam
1355 3288 1440 3341 vel
1474 3288 1758 3341 minimum

183 3386 256 3426 ex
297 3372 560 3428 relatione
602 3374 687 3428 illa
731 3375 1013 3444 adoptare.
1045 3374 1118 3429 De
1149 3378 1326 3446 capite
1360 3377 1561 3442 sancti,
1618 3377 1762 3446 quod

187 3463 295 3518 sibi
350 3466 658 3520 attribuunt
702 3467 990 3532 Armorici,
1027 3479 1214 3535 postea
1259 3479 1450 3537 agetur
1489 3484 1589 3523 suo
1623 3469 1762 3524 loco.

187 3557 298 3611 Leo
320 3557 589 3611 Ostiensis
621 3559 673 3610 in
713 3558 962 3612 Chronico
997 3558 1296 3622 Casinensi,
1335 3560 1426 3614 lib.
1470 3576 1531 3623 lt,
1564 3577 1682 3630 cap.
1710 3565 1764 3628 5,

189 3649 256 3701 ad
294 3649 627 3717 propositum
670 3659 915 3704 nostrum
948 3649 1059 3704 haec
1091 3651 1315 3707 scribit:
1359 3651 1560 3718 Quinto
1600 3653 1764 3722 hujus

187 3739 400 3794 abbatis
429 3740 713 3812 (Aligcrni)
739 3756 902 3804 anno,
932 3742 1024 3816 qui
1059 3753 1141 3797 est
1171 3759 1198 3795 a
1236 3742 1525 3798 Nativitatc
1554 3743 1764 3798 Domini

188 3834 640 3904 nongentesimus
668 3834 1078 3904 quinquagesim
1092 3852 1152 3890 us
1183 3846 1432 3905 quartus,
1462 3836 1766 3896 beatissimi

185 3925 420 3992 apostoli
446 3933 495 3976 et
527 3918 870 3993 evangelista:
895 3925 1125 3979 Matthxi
1166 3942 1385 3995 corpus,
1423 3931 1564 3997 quod
1589 3931 1767 4000 primo

185 4015 332 4083 apud
367 4012 724 4082 Ethiopiam,
758 4015 847 4068 ubi
879 4025 934 4068 et
967 4031 1160 4085 passus
1184 4017 1385 4081 fuerat,
1420 4021 1765 4090 postmodum

185 4119 372 4162 autem
406 4107 548 4177 apud
579 4105 915 4162 Britanniam
951 4125 1046 4178 per
1081 4119 1328 4180 tempora
1367 4113 1584 4168 diversa
1613 4117 1768 4182 quie-

189 4211 368 4266 verat,
409 4201 628 4256 tandem
676 4203 923 4272 ejusdem
959 4205 1127 4258 sancti
1159 4207 1507 4276 evangelistze
1554 4209 1769 4262 revela-

187 4297 339 4350 tione
367 4305 665 4364 repertum,
705 4305 866 4364 atque
901 4295 953 4347 in
985 4294 1270 4350 Salernum
1309 4300 1630 4354 translatum
1661 4311 1763 4356 cst.

185 4389 481 4455 Baronius,
531 4388 624 4457 qui
676 4388 798 4442 data
833 4387 1032 4443 Leonis
1064 4390 1228 4446 verba
1281 4391 1533 4462 allegavit
1568 4393 1634 4448 ad
1670 4411 1768 4448 an-

184 4496 318 4535 num
350 4480 476 4542 954,
499 4494 650 4532 num.
682 4481 736 4540 2,
761 4480 813 4532 in
840 4483 1078 4550 margine
1115 4485 1344 4547 notavit,
1382 4501 1479 4553 pro
1514 4487 1765 4553 vocibus,

185 4572 331 4643 apud
363 4570 722 4631 Britanniam,
756 4571 890 4622 alias
915 4569 1041 4640 legi,
1075 4573 1218 4639 apud
1254 4571 1582 4643 Bithyniam.

256 4664 348 4719 65.
386 4665 705 4730 Anonymus
731 4659 1101 4716 Saleruitanus
1122 4662 1175 4716 in
1197 4660 1468 4720 Chronico
1493 4680 1614 4736 cap.
1640 4664 1763 4728 145.

183 4757 302 4812 sive
337 4764 470 4808 tom.
503 4749 546 4806 ll
599 4749 928 4819 Scriptorum
971 4749 1166 4817 ltalim,
1217 4765 1357 4821 part.
1393 4771 1452 4817 ιι,
1487 4757 1590 4810 col.
1636 4756 1762 4821 280,

182 4853 251 4906 dc
286 4848 607 4902 inventione
637 4845 704 4898 ita
753 4844 1027 4912 loquitur:
1068 4861 1084 4895 ι
1130 4844 1187 4897 In
1223 4843 1392 4912 ipsius
1423 4847 1766 4915 temporibus

183 4945 473 4997 inventum
505 4949 587 4991 est
618 4936 1046 4990 sacratissimum
1095 4952 1297 5004 corpus
1333 4937 1389 4989 Β.
1429 4936 1667 4993 lliattluei
1711 4940 1764 4993 in

180 5033 445 5088 Lucania:
477 5029 696 5090 ﬁnibus,
726 5035 887 5095 atque
909 5042 1030 5080 cum
1063 5029 1248 5082 debito
1277 5029 1486 5084 honore
1519 5049 1617 5101 per
1648 5033 1766 5102 jus.

182 5126 405 5183 sionem
440 5121 549 5192 iam
575 5120 668 5175 fati
707 5117 969 5189 principis
1000 5117 1287 5175 Salernum
1316 5123 1628 5179 deducitur.
1657 5124 1762 5179 Sed

181 5227 321 5289 quot
351 5215 508 5284 signa
559 5223 615 5266 et
648 5212 923 5277 miracula,
964 5220 1017 5264 et
1061 5216 1336 5282 quomodo
1381 5213 1545 5270 fuerit
1577 5232 1767 5285 reper-

183 5323 325 5374 tum,
353 5306 669 5362 omnimodo
693 5321 838 5360 nunc
887 5306 1123 5375 pandere
1153 5308 1474 5362 omittimus.
1512 5308 1764 5363 Postmo-

187 5405 347 5467 dum,
387 5399 498 5451 Deo
535 5408 832 5460 annuente,
876 5397 1104 5452 fideliter
1140 5399 1571 5464 innotescamus,
1603 5410 1765 5470 atque

184 5495 315 5548 huic
343 5489 598 5545 Historiae
629 5500 918 5544 annectere
956 5489 1217 5545 faciamus
1243 5509 1255 5543 :
1289 5491 1412 5547 llaec
1437 5509 1770 5564 anonymus,

185 5585 287 5640 sub
318 5582 592 5653 Cisulpho
642 5582 888 5651 principe
937 5581 1287 5636 Salernitano
1326 5598 1639 5638 memorans
1677 5584 1763 5639 iu-

186 5675 525 5733 ventioncm,
559 5671 683 5724 licet
715 5671 762 5724 id
799 5687 905 5724 non
930 5682 1187 5740 appareat
1212 5671 1329 5726 loco
1355 5673 1608 5742 allegato,
1637 5679 1764 5742 quia

187 5776 361 5823 totum
395 5773 583 5832 caput,
610 5763 660 5814 in
695 5776 801 5828 quo
833 5761 898 5816 de
922 5762 1188 5832 Gisulpho
1214 5765 1414 5835 agitur,
1441 5778 1524 5818 est
1554 5781 1619 5820 eo
1645 5766 1762 5821 loco

183 5859 478 5915 omissum.
513 5853 572 5908 ln
603 5853 885 5924 Excerptis
911 5868 1027 5924 qua:
1055 5854 1394 5925 Heremperti
1421 5857 1644 5914 nomine
1671 5857 1762 5914 ba-

1868 2027 2175 2081 anonymus
2221 2012 2617 2066 Salernitanus.
2652 2006 3301 2080 Ugliellus,tom.X.col.
3345 2005 3438 2060 157
3503 2015 3507 2019 ‘

1871 2104 1922 2156 in
1947 2105 2219 2173 episcopis
2252 2103 2536 2167 Paestanis,
2579 2111 2633 2157 et
2656 2102 2929 2156 Antonius
2960 2099 3136 2154 Mazza
3161 2098 3228 2152 εἰη
3263 2095 3446 2151 Histo-

1873 2196 1950 2247 ria
1995 2197 2143 2248 urbis
2189 2196 2568 2254 Salernitarm.
2607 2209 2725 2261 cap.
2765 2193 2820 2254 5,
2859 2207 3012 2244 num.
3067 2192 3153 2252 15,
3182 2190 3249 2245 de
3298 2205 3440 2244 anno

1870 2287 2036 2338 etiam
2083 2287 2460 2341 consentiunt.
2509 2284 2582 2340 De
2635 2285 2754 2338 loco
2791 2284 2867 2338 ait
2912 2282 3189 2354 Ughellus,
3243 2297 3442 2350 corpus

1871 2373 2152 2428 inventum
2177 2389 2296 2428 esse
2318 2374 2370 2427 in
2396 2389 2596 2428 eversae
2624 2373 2775 2428 urbis
2802 2370 3101 2442 (Paestana)
3129 2370 3439 2424 ruderibus.

1871 2464 2048 2520 Mazza
2083 2465 2257 2519 solum
2314 2464 2469 2530 dicit,
2501 2465 2554 2519 in
2608 2463 2862 2519 Lucania:
2891 2464 3089 2518 ﬁnibus
3136 2463 3439 2515 inventum.

1872 2554 2314 2608 Translationem
2339 2570 2468 2610 vero
2498 2553 3012 2610 enarrathisverbis
3045 2569 3058 2604 :
3093 2571 3110 2604 ‹
3145 2550 3440 2620 Gisulphus

1871 2641 2171 2698 Guaimarii
2232 2645 2374 2698 filius
2399 2645 2565 2698 etiam
2620 2644 2880 2714 parvulus
2913 2643 3050 2714 patri
3099 2641 3441 2698 succedendo

1870 2733 2138 2802 regnavit.
2207 2733 2356 2788 Beati
2381 2734 2638 2804 apostoli,
2669 2733 3018 2803 evangelista:
3070 2746 3132 2784 ac
3185 2731 3440 2800 martyris

1873 2825 2110 2881 Matllnei
2153 2841 2372 2895 corpus,
2422 2825 2675 2880 Lucaniae
2720 2825 2919 2877 finibus
2982 2824 3361 2884 inventum,...
3409 2833 3442 2874 e

1869 2918 2113 2972 Paestana
2161 2919 2382 2971 civitate
2439 2933 2584 2971 anno
2617 2916 2719 2970 954
2749 2955 2763 2980 ,
2818 2925 3060 2984 tempore
3121 2912 3441 2983 prasulatus

1868 3009 2129 3064 Bcrnardi
2190 3011 2254 3072 Il.
2314 3025 2523 3065 summa
2563 3025 2686 3064 cum
2746 3008 3094 3062 veneratione
3144 3006 3198 3060 in
3250 3005 3439 3060 urbem

1872 3102 2276 3156 Salernitanam
2324 3102 2628 3166 transtulit,
2669 3102 2828 3171 cujus
2880 3101 3177 3154 adventum
3222 3105 3445 3151 sanctus

1797 3230 1836 3283 ε
1872 3191 2242 3246 Grammatius
2304 3192 2347 3245 li
2405 3192 2782 3245 Salernitanus
2864 3191 3175 3260 epiSCOpus,
3237 3189 3445 3244 ultimis

1871 3283 1989 3350 ejus
2021 3285 2142 3337 vitae
2179 3284 2331 3337 horis
2373 3283 2457 3338 his
2507 3283 2757 3353 praedixit
2792 3284 2975 3338 verbis
3029 3301 3044 3338 :
3112 3300 3130 3333 ι
3171 3284 3288 3336 Non
3321 3290 3442 3350 post

1868 3372 2038 3425 multa
2074 3383 2316 3440 tempora
2365 3373 2594 3426 ecclesia
2653 3373 2992 3428 Salernitana
3058 3373 3267 3428 caelesti
3326 3371 3446 3426 the-

1868 3481 2029 3520 sauro
2102 3465 2471 3529 deCorabitur,
2538 3475 2700 3536 atque
2759 3468 2825 3520 ad
2898 3482 3169 3521 summum
3225 3466 3443 3520 honoris

1868 3558 2081 3627 apicem
2115 3558 2370 3614 ducetur.
2423 3558 2646 3614 Festum
2707 3577 2837 3614 vero
2875 3559 3031 3614 dictae
3074 3559 3444 3615 translationis

1868 3648 2093 3718 singulis
2124 3650 2429 3719 quibusque
2475 3652 2639 3705 annis
2660 3653 2839 3721 pridie
2871 3650 3053 3705 Nonas
3085 3653 3206 3706 Maii
3241 3652 3439 3708 solem-

1869 3742 2011 3796 niter
2047 3757 2140 3811 per
2161 3750 2284 3795 octo
2303 3743 2418 3796 dies
2446 3741 2692 3814 hymnis,
2756 3743 2894 3797 rosis
2935 3753 2990 3797 et
3025 3741 3272 3808 ﬂoribus,
3330 3757 3444 3796 ma-

1871 3835 2016 3886 ximo
2053 3833 2235 3904 populi
2289 3849 2560 3889 concursu
2615 3834 2924 3889 celebratur
2979 3852 2994 3890 :
3045 3836 3481 3913 universusque

1871 3925 2072 3990 clerus,
2109 3926 2353 3990 abbates,
2377 3942 2440 3980 ac
2471 3928 2965 3996 comprovinciales
2996 3927 3176 3982 cuncti
3197 3927 3440 3996 episcopi

1871 4015 2061 4084 primis
2092 4018 2355 4085 vesperis,
2383 4032 2488 4071 nec
2525 4032 2635 4069 non
2681 4018 2857 4072 missae
2894 4017 3126 4072 solemni
3174 4019 3444 4074 interesse

1873 4108 2297 4177 compelluntur.
2332 4128 2349 4160 ι
2389 4108 2517 4164 Haec
2565 4109 2768 4164 Mazza.
2820 4108 2974 4176 Quod
3004 4121 3185 4165 autem
3237 4121 3446 4180 spectat

1873 4205 1938 4260 ad
1997 4203 2407 4277 praedictionem
2462 4203 2635 4256 sancti
2705 4205 3050 4265 Grammatii,
3117 4218 3233 4257 eam
3281 4203 3445 4256 etiam

1874 4297 2036 4353 refert
2080 4294 2358 4366 Ughcllus,
2405 4295 2459 4346 in
2483 4295 2890 4362 ArchiepiscoPis
2929 4293 3304 4357 Salernitanis,
3330 4296 3445 4349 sive

1876 4400 2005 4444 tom.
2033 4387 2138 4450 νη,
2167 4387 2271 4442 col.
2303 4384 2408 4440 ’552
2431 4385 2484 4439 in
2519 4397 2708 4440 sancto
2743 4385 3095 4446 Grammatio,
3132 4385 3222 4455 qui
3245 4385 3442 4438 ibidem

1875 4481 2073 4535 dicitur
2098 4480 2308 4533 colidie
2339 4477 2390 4529 ll
2431 4477 2723 4540 Octobris;
2761 4478 2824 4529 ad
2895 4492 3054 4544 quem
3092 4475 3235 4528 diem
3285 4477 3445 4530 latius

1800 4581 1841 4636 ι)
1872 4572 2013 4641 apud
2058 4586 2161 4625 nos
2192 4569 2494 4624 examinari
2527 4566 2751 4635 poterit.
2809 4566 2882 4620 De
2933 4567 3155 4636 reliquis
3194 4566 3446 4621 similiter

1878 4663 2069 4717 Mazue
2095 4662 2391 4715 assentitur
2426 4656 2693 4726 Ugliellus
2721 4657 2776 4710 in
2804 4658 3083 4712 Bernarth
3117 4656 3180 4722 ll,
3207 4659 3439 4717 col.562.

1875 4755 2130 4821 additque
2161 4765 2360 4820 corpus
2404 4749 2646 4805 delatum
2681 4765 2802 4803 esse
2838 4751 2890 4802 in
2921 4749 3211 4803 ecclesiam
3271 4749 3444 4818 majo-

1875 4860 1986 4898 rem
2030 4853 2232 4898 sanctae
2261 4841 2460 4896 Mariae.
2521 4842 2730 4910 Gaspar
2775 4840 2954 4893 Musca
2996 4839 3052 4892 in
3102 4839 3442 4908 Compendio

1876 4939 2010 4994 Vitae
2041 4939 2211 4994 sancti
2258 4937 2496 4991 Mattluei
2529 4937 2594 4990 de
2639 4935 2723 4988 his
2756 4934 2830 4986 ait
2871 4951 2884 4988 :
2920 4952 2938 4986 ι
2985 4934 3145 4988 Anno
3183 4949 3307 4988 vero
3338 4934 3434 4988 95‘

1876 5032 1978 5085 sub
2013 5029 2236 5100 Agapito
2272 5028 2510 5082 secundo
2538 5030 2745 5095 ipapa),
2805 5024 3117 5079 Bernardus
3168 5027 3444 5080 secundus

1878 5124 2040 5194 huius
2073 5121 2309 5175 nominis
2340 5119 2648 5188 episcopus,
2699 5133 2759 5171 ac
2823 5117 3118 5186 Cisulphus
3187 5117 3442 5185 princeps

1876 5214 2343 5269 Salernitanorum
2378 5211 2464 5265 die
2495 5219 2646 5263 sexta
2673 5207 2820 5272 Maii,
2851 5223 3056 5277 corpus
3111 5207 3344 5276 apostoli
3372 5223 3437 5262 ex

1877 5309 2121 5362 Paestana
2163 5302 2385 5356 civitate
2432 5298 2744 5361 Salernum,
2779 5298 2831 5351 in
2860 5295 3227 5351 cathedralem
3266 5297 3439 5352 eccle-

1876 5401 2012 5454 siam
2062 5394 2163 5450 sub
2227 5392 2490 5449 vocabulo
2573 5391 2786 5443 Sancta:
2854 5386 3031 5441 Maria:
3110 5388 3438 5455 Angelorum

1880 5486 2163 5545 transferri
2196 5494 2482 5548 curarunt,
2510 5483 2564 5535 in
2598 5498 2701 5550 qua
2733 5479 3001 5547 requievit
3055 5495 3226 5532 atuios
3253 5477 3376 5530 121.
3419 5497 3433 5517 ι

1875 5585 1954 5638 De
1997 5585 2095 5638 hac
2147 5575 2503 5633 translatione
2539 5576 2722 5643 itaque
2779 5589 2887 5628 non
2938 5571 3151 5627 videtur
3183 5569 3437 5622 dubitan-

1876 5676 2024 5730 dum.

1947 5767 2037 5819 67.
2074 5765 2323 5819 Attamen
2373 5762 2478 5815 alia
2525 5757 2784 5812 nonnulla
2810 5757 3034 5811 veniunt
3060 5752 3438 5816 examinanda,

1878 5876 1995 5928 qua:
2037 5860 2088 5912 in
2129 5855 2376 5928 corporis
2445 5850 2766 5908 inventione
2798 5859 2858 5906 er
2884 5856 3006 5902 ante
3030 5843 3440 5899 translationem
