4150 6492
689 425 784 487 791

1946 417 2225 478 MENSlS
2264 414 2729 473 SEPTEMBER.

3833 403 3938 464 7'39.

691 540 1098 595 Saleruitanam
1130 551 1314 594 narrat
1346 541 1637 602 Marsilius,
1671 549 1724 594 et
1752 541 1987 593 breviter
2016 536 2271 589 laudatus.
2295 539 2334 590 Α
2369 531 2602 597 aliquot,
2638 531 2840 598 quibus
2892 529 3030 582 facta
3089 530 3139 579 in
3200 544 3302 579 ms.
3362 527 3527 578 relata
3586 522 3759 591 magis
3806 521 3941 574 fiunt

689 635 869 688 Musca
898 635 1214 703 perstringit
1267 636 1347 689 his
1373 635 1549 688 verbis
1587 651 1598 686 :
1639 654 1655 684 ι
1701 633 1820 699 Quo
1850 641 2092 699 tempore
2129 631 2256 682 bea-

2362 622 2762 691 improbabilia,
2785 631 2840 674 ct
2865 622 3059 689 magis,
3081 632 3239 688 quam
3272 631 3494 671 necesse
3512 627 3594 668 est
3647 625 3940 667 accusatur

691 725 934 780 tissimus
981 725 1258 795 apostolus
1297 724 1523 795 Pelagia;
1555 726 1772 780 cuidam
1814 722 2031 778 moniali
2065 720 2257 777 vetula
2361 715 2722 769 Athanasius.

693 819 745 871 in
794 820 1006 872 somnis
1078 832 1274 886 corpus
1324 831 1482 871 suum
1548 816 1936 876 manifestans,
1978 815 2092 882 ipsa
2153 812 2260 866 filio

691 911 984 964 Athanasio
1013 911 1302 973 monacho,
1336 909 1428 979 qui
1457 912 1506 961 in
1533 910 1689 961 altari
1737 910 1968 977 quodam
1996 922 2026 960 a
2071 906 2263 961 barba-

694 1005 768 1056 ris
790 1005 991 1064 diruto,
1011 1013 1062 1057 et
1082 1005 1336 1072 vepribus
1361 1003 1721 1071 unilequaquc
1753 1011 2023 1064 contecto,
2046 1013 2260 1054 sacrum

695 1111 901 1162 corpus
958 1095 1260 1163 reperiens,
1311 1094 1511 1148 exinde
1565 1094 1630 1146 ad
1698 1108 1919 1163 parvam
1977 1090 2264 1146 ecclesiam

699 1200 871 1254 prope
904 1186 1209 1240 Paestanam
1240 1186 1518 1240 civitatem
1551 1188 1770 1240 locavit.
1798 1185 1936 1239 Hinc
1956 1199 2081 1238 vero
2100 1182 2263 1236 Joan-

699 1294 797 1331 nes
825 1276 1103 1332 Ptestauus
1130 1277 1416 1348 episcopus
1455 1279 1521 1332 ad
1559 1277 1954 1348 Acathedralein
2008 1273 2267 1328 vocabulo

696 1369 911 1424 Sancta:
953 1370 1131 1424 Mariae
1181 1372 1381 1424 eximia
1437 1386 1633 1440 pompa
1693 1369 2016 1439 deportavit.
2061 1385 2078 1416 ι
2128 1367 2267 1418 Mar-

704 1462 861 1516 silius
915 1479 1035 1533 cap.
1086 1463 1116 1515 7
1162 1479 1268 1516 una
1301 1479 1426 1516 cum
1471 1463 1735 1517 relatione
1781 1478 1886 1516 ms.
1931 1462 2116 1522 habet,
2169 1458 2266 1513 Pe-

701 1555 859 1624 lagia!
885 1555 1208 1624 apparuisse
1233 1563 1481 1609 sanctum
1517 1554 1830 1608 Μειιῑὴειιυω
1868 1553 2047 1605 tribus
2080 1568 2273 1603 conse-

701 1655 936 1716 quenter
1014 1646 1291 1708 noctibus,
1345 1646 1506 1715 eique
1570 1647 1716 1699 varia
1778 1646 2049 1698 indicasse
2100 1645 2272 1714 signa,

703 1739 904 1810 quibus
923 1754 1139 1794 sacrum
1160 1755 1362 1809 corpus
1395 1741 1749 1810 reperiretur,
1776 1740 2114 1810 jussisseque
2159 1754 2274 1789 (tm-

2434 828 2520 881 69.
2571 825 2748 892 Quare
2819 826 2918 879 ἰείη
2963 839 3176 892 quoque
3241 839 3302 876 ex
3345 838 3444 874 ms.
3488 822 3592 873 huc
3647 818 3882 871 traduco
3929 833 3942 869 ε

2371 938 2386 967 ι
2431 919 2640 969 lntcrea
2671 916 2804 968 clam
2839 913 3246 967 sanctissimum
3297 924 3498 978 corpus
3547 907 3948 961 Constantino-

2366 1010 2556 1078 poleos
2590 1008 2805 1060 deferre
2835 1005 3203 1060 meditabatur
3236 1005 3300 1056 ad
3329 1003 3543 1060 urbem,
3579 1013 3776 1052 revera
3841 1012 3944 1048 non

2369 1098 2645 1167 religionis
2714 1098 2912 1168 gratia,
2971 1095 3064 1149 sed
3128 1093 3262 1147 lucri
3337 1091 3636 1161 cupiditate
3707 1087 3945 1139 illectus.

2372 1189 2663 1259 ignorante
2700 1187 2880 1255 itaque
2918 1195 3117 1246 matre,
3176 1184 3374 1236 tollens
3415 1179 3648 1247 apostoli
3717 1189 3946 1242 corpus,

2372 1279 2715 1348 Amalphiam
2783 1278 2934 1331 adire
2969 1275 3218 1336 tentavit,
3269 1288 3495 1342 sperans
3524 1287 3580 1325 se
3617 1267 3688 1322 ibi
3730 1265 3948 1335 aliquod

2376 1375 2729 1425 inventurum
2765 1383 2886 1422 esse
2917 1367 3218 1436 navigium,
3267 1380 3376 1432 quo
3410 1358 3948 1425 Constantinopolim

2376 1473 2716 1534 properaret.
2777 1460 3022 1528 Cumque
3076 1456 3306 1510 festinus
3352 1455 3591 1508 lembum
3666 1451 3949 1507 intrasset.

2377 1557 2498 1611 velo
2546 1569 2808 1623 remoque
2865 1551 3168 1606 nitentibus
3206 1548 3406 1607 nautis,
3463 1547 3528 1599 ad
3583 1546 3794 1606 locum,
3847 1559 3954 1612 quo

2378 1648 2745 1717 disposuerat,
2779 1644 2954 1713 pergit
3010 1643 3106 1694 ire.
3156 1639 3259 1697 Sed
3303 1646 3361 1691 ut
3401 1636 3550 1689 navis
3594 1633 3879 1704 paululum
3927 1647 3954 1683 a

2381 1749 2525 1794 terra
2565 1739 2930 1795 discessisset,
2968 1741 3134 1786 ruunt
3183 1729 3396 1800 agmina
3430 1737 3739 1786 ventorum,
3775 1721 3956 1792 pluvia

707 1833 800 1886 nia
841 1848 960 1887 eam
989 1833 1229 1887 indicare
1251 1836 1547 1888 Athanasio
1571 1834 1700 1897 filio,
1734 1847 1789 1889 et
1819 1849 1940 1885 cum
1976 1849 2040 1886 eo
2071 1849 2274 1900 corpus
2310 1870 2354 1927 Β
2382 1842 2436 1883 et
2469 1835 2766 1897 tempestas
2795 1835 2979 1879 exorta
3013 1832 3118 1886 est,
3156 1822 3209 1874 in
3268 1829 3479 1873 tantum
3546 1815 3835 1886 equidem,
3902 1823 3962 1866 ut

706 1939 972 1994 quaerere.
1011 1922 1194 1977 Tertia
1223 1933 1403 1977 autem
1434 1934 1614 1984 nocte,
1642 1924 1686 1975 si
1708 1937 1819 1976 rem
1873 1933 2016 1975 recte
2053 1935 2278 1972 enarra-

707 2018 786 2072 vit
821 2027 1035 2082 auctor,
1065 2018 1258 2071 eadem
1314 2015 1455 2069 visio
1490 2015 1738 2083 apparuit
1777 2016 1939 2068 etiam
1983 2014 2281 2065 Athanasio

711 2110 1002 2172 monacho,
1033 2117 1088 2161 et
1120 2109 1338 2176 utrique
1358 2122 1572 2177 paruam
1603 2106 1885 2160 minitatus
1909 2113 1990 2157 est
2014 2117 2282 2171 apparens

712 2198 1019 2268 apostolus,
1053 2198 1155 2251 nisi
1189 2196 1254 2250 ad
1293 2212 1508 2250 sacrum
1548 2211 1751 2264 corpus
1807 2194 2154 2260 querendum
2224 2207 2282 2245 se

713 2290 1082 2358 accingereut.
1134 2287 1478 2358 Quapropter
1517 2303 1678 2341 mane
1718 2288 1878 2341 simul
1929 2285 2286 2355 egrediuntur

713 2399 811 2451 per
846 2383 988 2435 viam
1021 2381 1340 2440 indicatam,
1371 2391 1622 2449 qumrnnt
1674 2381 1798 2433 data
1833 2378 2055 2452 indicia,
2096 2383 2150 2429 et
2175 2375 2285 2427 cito

717 2475 1021 2542 reperiunt.
1057 2472 1336 2526 Fodiendo
1376 2473 1538 2538 igitur
1569 2471 1740 2524 altare
1764 2471 2044 2536 detegunt,
2073 2474 2285 2518 anteta-

716 2583 821 2636 que
880 2582 1067 2621 mensa
1104 2579 1431 2630 marmorea,
1479 2579 1690 2619 sacrum
1738 2577 1938 2632 corpus
1975 2557 2283 2614 inveniunt.

722 2658 836 2714 Hoc
872 2671 999 2713 vero
1031 2658 1208 2714 defert
1229 2657 1560 2711 Athanasius
1584 2656 1648 2709 ad
1682 2656 1870 2709 matris
1900 2655 2141 2714 domum,
2179 2649 2287 2706 ibi-

724 2770 830 2823 que
876 2753 1144 2808 asservari
1179 2751 1354 2822 jubet,
1413 2752 1590 2821 inquit
1648 2749 1939 2816 llarsilius,
1992 2769 2010 2802 ι
2050 2753 2289 2820 quandiu

723 2846 907 2900 divina
935 2845 1190 2914 quapiam
1236 2844 1570 2898 revelatione
1613 2851 1922 2903 moneatur,
1949 2843 2078 2911 quid
2104 2843 2168 2896 de
2226 2861 2291 2898 eo

722 2935 794 2988 sit
856 2934 1113 3003 deinceps
1167 2933 1236 2988 ab
1278 2933 1411 3004 ipsis
1465 2933 1760 3002 agendum.
1812 2952 1832 2985 ι
1875 2931 2019 2988 Nihil
2080 2936 2133 2988 in
2189 2951 2291 2990 ms.

723 3025 920 3097 legitur
943 3025 1010 3079 de
1039 3034 1357 3094 exspectata
1386 3024 1486 3078 hac
1526 3025 1879 3089 revelatione,
1914 3027 2048 3081 nihil
2078 3044 2292 3098 quoque

723 3118 791 3172 de
823 3117 1082 3171 mandato
1112 3117 1525 3187 apostoli,quod
1561 3117 1834 3173 Marsilius
1860 3121 2073 3186 astruit,
2098 3137 2213 3191 cap.
2238 3121 2290 3176 8.

730 3217 788 3262 ut
811 3223 1011 3276 corpus
1035 3206 1426 3264 transferretur
1455 3210 1767 3268 Salernum.

797 3299 885 3354 68.
918 3299 1046 3353 Post
1065 3300 1436 3370 apparitiones
1463 3302 1692 3374 Pelagia:
1717 3315 1770 3358 et
1789 3305 2084 3361 Athanasio
2104 3307 2293 3371 factas,

727 3390 785 3444 in
815 3405 1047 3461 quarum
1074 3391 1261 3444 ultima
1296 3395 1453 3447 mina:
1475 3405 1634 3447 erant
1671 3395 1959 3465 adjunctze,
1993 3399 2046 3452 in
2068 3415 2168 3453 ms.
2216 3401 2299 3453 in-

730 3483 914 3537 ventio
969 3483 1050 3537 sic
1082 3485 1318 3537 refertur
1367 3502 1380 3537 :
1430 3503 1447 3534 α
1506 3485 1620 3552 Qua
1679 3489 2103 3543 comminatione
2153 3506 2301 3544 com-

729 3575 922 3644 pulsus
1001 3576 1353 3638 Athanasius,
1448 3577 1762 3633 falcastrum
1856 3580 2299 3650 (instrumentum

731 3669 892 3722 falcis
951 3668 1215 3723 instarad
1268 3670 1692 3727 rescindendum
1733 3675 1947 3747 vepres)
2010 3677 2300 3748 arripiens,

732 3762 1054 3832 prtedicmm
1104 3763 1205 3818 sibi
1256 3764 1434 3818 locum
1500 3766 1710 3821 curiosa
1753 3768 2098 3837 indagatione
2141 3769 2306 3836 carpit

734 3855 1033 3924 inquirere.
1070 3853 1179 3908 Sed
1220 3856 1266 3912 is
1318 3857 1469 3909 locus
1526 3868 1675 3913 tanta
1715 3869 1830 3913 erat
1879 3861 2122 3930 veprium
2175 3864 2306 3918 dett-

734 3947 900 4003 sitate
945 3959 1253 4011 contectus.
1308 3957 1366 4005 ut
1417 3949 1620 4018 nullus,
1669 3963 1774 4020 qua
1819 3952 2028 4022 ingredi
2099 3967 2302 4024 posset,

738 4048 953 4109 pateret
982 4040 1182 4094 aditus.
1205 4040 1274 4094 Et
1329 4055 1452 4094 cum
1515 4043 1761 4110 veprium
1810 4043 2135 4098 densitatem
2197 4053 2307 4098 toto

739 4129 865 4184 nisu
896 4126 1226 4194 succideret,
1271 4131 1486 4185 tandem
1533 4145 1724 4185 eversa
1789 4135 2046 4200 ecclesia,
2110 4145 2168 4190 ut
2205 4137 2304 4190 sibi

745 4239 843 4294 per
891 4225 1285 4278 revelationem
1327 4239 1551 4278 ostensa
1577 4224 1773 4290 fuerat,
1810 4227 1979 4281 oculis
2014 4229 2155 4282 illius
2211 4246 2307 4300 ap-

743 4324 892 4384 paret
939 4315 1083 4370 :sed
1118 4313 1310 4376 altare,
1337 4314 1459 4381 quia
1507 4316 1757 4385 congerie
1810 4317 2090 4386 Spiuarum
2146 4320 2309 4386 atque

742 4407 1043 4461 urticarum
1088 4405 1382 4461 admodum
1417 4416 1526 4459 erat
1562 4418 1896 4473 contcetum,
1955 4411 2179 4462 minime
2214 4426 2311 4480 po-

745 4510 884 4553 terat
916 4497 1138 4552 intueri.
1176 4496 1331 4551 Tunc
1381 4500 1554 4561 caesis,
1591 4515 1708 4567 quae
1754 4511 2097 4568 supererant,
2139 4502 2310 4570 spinis

745 4610 808 4646 ac
842 4592 1112 4656 sentibus,
1139 4590 1205 4644 ad
1232 4591 1376 4659 quod
1400 4591 1506 4658 jam
1530 4592 1788 4661 llagrandi
1822 4593 2098 4646 desiderio
2129 4595 2308 4647 inten-

745 4688 930 4748 debat,
957 4686 1131 4754 ipsum
1175 4686 1336 4738 etiam
1369 4684 1536 4736 altare
1568 4683 1772 4737 invenit
1810 4700 1826 4735 :
1871 4687 2153 4743 inventum
2189 4704 2308 4739 cum

749 4794 938 4852 magna
969 4777 1182 4832 cautela
1221 4791 1465 4830 reserare
1503 4778 1773 4831 tentavit:
1828 4788 1882 4832 et
1936 4788 1994 4831 ut
2052 4794 2310 4844 marmor,

747 4889 854 4941 quo
890 4873 1030 4925 idem
1059 4871 1228 4923 altare
1266 4879 1384 4921 erat
1413 4881 1686 4938 opertum,
1724 4885 1786 4924 ex
1819 4886 1918 4924 suo
1967 4872 2087 4925 loco
2116 4873 2314 4925 movis-

749 4970 852 5029 set,
913 4966 1056 5019 illico
1103 4964 1254 5018 locus
1306 4964 1530 5031 quadris
1586 4972 1876 5020 contextus
1927 4965 2211 5021 lateribus.
2263 4967 2314 5015 in

749 5072 862 5126 quo
916 5071 1119 5124 corpus
1181 5055 1513 5135 sanctissimi
1562 5056 1787 5123 apostoli
1856 5067 1906 5109 et
1980 5056 2339 5126 evangelistae'

751 5146 1089 5218 quiescebat,
1116 5147 1386 5216 apparuit.
1419 5147 1546 5201 Inde.
1574 5148 1906 5200 Athanasius
1931 5149 2321 5201 tremebundus

754 5256 956 5310 corpus
985 5239 1215 5310 apostoli
1244 5239 1527 5308 detegens,
1562 5255 1684 5293 cum
1735 5241 1899 5294 multa
1932 5240 2208 5310 diligentia
2268 5241 2318 5293 in

683 5348 685 5350 ‘
757 5336 986 5390 sindon:
1017 5334 1216 5388 munda
1242 5333 1487 5395 involvit,
1513 5329 1736 5400 suisque
1767 5335 2050 5401 imponens
2082 5333 2323 5386 humeris

757 5427 824 5480 ad
883 5424 1164 5496 proprium
1196 5424 1565 5478 habitaculum
1601 5425 1882 5482 remeavit,
1915 5433 1966 5476 et
2022 5426 2320 5492 pretiosum

756 5519 1075 5573 thesaurum
1114 5519 1269 5570 matri
1316 5515 1730 5569 custodiendum
1792 5516 1958 5568 dedit.
2005 5536 2020 5565 ›
2081 5514 2197 5567 Mox
2270 5518 2322 5567 in

760 5625 861 5662 ms.
885 5607 1153 5679 sequitur,
1183 5609 1422 5663 voluisse
1449 5608 1809 5661 Athanasium
1855 5607 2028 5676 primo
2053 5607 2323 5660 Constan-

759 5702 1062 5771 tinOpotim,
1136 5701 1336 5754 deinde
1399 5701 1648 5763 Romam,
1699 5717 1820 5754 cum
1882 5715 2036 5755 sacro
2099 5715 2326 5768 corpore

760 5794 1049 5861 navigare;
1085 5793 1178 5848 sed
1199 5791 1267 5847 ab
1287 5803 1520 5863 utroque
1549 5791 1742 5846 itinere
1765 5792 2101 5861 impeditum.
2128 5787 2324 5844 Eadem

761 5897 971 5949 narrat,
1003 5901 1120 5956 cap.
1149 5885 1202 5952 8,
1239 5883 1530 5951 Marsilius,
1589 5884 1683 5941 sed
1735 5899 1845 5938 non
1879 5883 1998 5938 sine
2051 5884 2317 5955 adiunctis

2386 1921 2474 1973 vix
2498 1920 2562 1974 ad
2589 1927 2826 1986 portum,
2894 1929 3054 1983 quem
3122 1911 3445 1979 reliquerat,
3501 1915 3792 1961 remearet.
3849 1905 3962 1959 Hoc

2386 2013 2476 2067 ille
2530 2010 2826 2064 frustratus
2873 2004 3125 2065 consilio,
3175 2002 3374 2056 iterum
3430 2015 3614 2053 secum
3660 1998 3959 2066 cogitabat,

2384 2101 2624 2173 qualiter
2647 2114 2769 2153 cum
2800 2094 3150 2150 sanctissimo
3204 2104 3436 2159 corpore
3493 2087 3724 2140 Romam
3763 2100 3963 2153 prope-

2387 2203 2533 2249 raret
2567 2210 2578 2244 :
2613 2191 2709 2246 sed
2754 2201 3096 2258 nequaquam
3133 2183 3221 2236 Dei
3258 2181 3426 2236 valuit
3472 2177 3742 2233 obsistere
3772 2175 3966 2227 volun-

2391 2287 2506 2349 tati,
2538 2283 2627 2353 qui
2657 2283 2768 2336 tale
2795 2281 2962 2334 inhas
3001 2284 3181 2348 partes
3206 2274 3460 2344 dignatus
3483 2278 3566 2324 est
3588 2267 3966 2322 transmittere

2389 2378 2616 2432 donum.
2654 2373 2788 2428 Nam
2823 2372 3008 2426 denuo
3033 2368 3248 2436 navigio
3278 2373 3606 2434 praeparato,
3662 2360 3967 2429 assumptis

2392 2469 2584 2523 validis
2649 2467 2704 2520 in
2757 2461 3074 2534 remigandi)
3134 2457 3288 2520 viris,
3347 2455 3560 2525 placida
3611 2466 3837 2520 mquora
3892 2457 3970 2501 est

2395 2563 2696 2634 ingressus.
2731 2555 2837 2610 Sed
2873 2562 3165 2622 antequam
3203 2549 3357 2602 littus
3382 2547 3466 2600 vix
3503 2543 3680 2598 oculis
3717 2541 3972 2609 reliquis-

2392 2667 2497 2720 set,
2532 2653 2726 2722 ingens
2753 2647 2988 2716 procella
3023 2643 3203 2697 subito
3235 2641 3436 2707 erupit,
3458 2639 3532 2690 ita
3573 2645 3633 2690 ut
3695 2635 3786 2688 vix
3816 2647 3972 2686 vora-

2394 2750 2572 2820 ginem
2606 2741 2905 2797 evaderent
2973 2733 3168 2805 pelagi.
3225 2731 3489 2792 Tandem,
3541 2725 3793 2798 quamvis
3851 2739 3972 2778 cum

2395 2817 2587 2910 inagna
2629 2831 2913 2892 maestitia,
2965 2826 3264 2882 semivivus
3297 2839 3423 2878 suos
3471 2819 3611 2875 redit
3646 2818 3712 2873 ad
3787 2817 3971 2870 fines:

2395 2908 2626 2996 cumque
2657 2920 3002 2994 cognovisset
3032 2917 3320 2979 veraciter,
3345 2912 3443 2967 sibi
3478 2910 3646 2964 Deum
3675 2908 3973 2969 obsistere,

2396 3028 2450 3071 et
2480 3016 2617 3069 adeo
2669 3021 2860 3067 contra
2912 3023 2970 3062 se
2999 3002 3339 3059 inscusibilia
3375 3000 3650 3055 elementa
3703 3008 3973 3064 pugnare,

2398 3109 2451 3163 in
2478 3104 2732 3165 ecclesia,
2772 3116 2891 3170 quge
2948 3112 3057 3152 non
3090 3097 3250 3166 longe
3287 3109 3318 3146 a
3345 3091 3480 3147 cella
3519 3090 3666 3143 illius
3707 3087 3814 3141 sita
3838 3096 3976 3147 erat,

2326 3225 2370 3287 ς
2402 3197 2830 3257 sacratissimum
2867 3191 3156 3248 abscondit
3185 3189 3522 3243 thesaurum.
3557 3202 3575 3233 ι
3614 3182 3741 3235 flare
3777 3181 3831 3232 in
3854 3193 3976 3237 ms.,

2403 3311 2465 3349 ex
2498 3307 2606 3362 quo
2645 3289 2834 3358 nequit
2875 3291 3026 3343 certo
3059 3281 3268 3351 colligi,
3315 3275 3665 3330 Athanasium
3701 3272 3979 3326 Constan-

2403 3384 2632 3454 tinopoli
2691 3392 2784 3434 aut
2820 3379 3004 3432 Romae
3065 3389 3277 3427 sacrutn
3339 3383 3539 3440 corpus
3591 3366 3834 3419 vendere
3888 3376 3980 3414 vo-

2404 3481 2591 3540 luisse,
2629 3484 2686 3528 ut
2716 3473 2906 3529 scribit
2939 3467 3230 3523 Marsilius.
3281 3465 3517 3518 Lucrum
3571 3461 3717 3514 cnim
3757 3471 3980 3528 sperare

2406 3578 2637 3644 poterat,
2664 3566 2875 3622 etiamsi
2907 3579 3104 3633 corpus
3140 3576 3245 3614 non
3290 3557 3582 3612 venderet,
3636 3567 3702 3604 ert
3742 3550 3983 3604 benevo—

2405 3664 2651 3733 lentiaet
2685 3659 3009 3713 liberalitate
3039 3670 3252 3714 eorum,
3297 3652 3495 3721 quibus
3533 3647 3661 3698 illud
3721 3647 3978 3697 donaret.

2411 3757 2525 3809 Alia
2572 3753 2792 3808 Marsilii
2828 3747 3088 3818 adiuncta
3112 3749 3289 3800 mitto.

2480 3870 2546 3925 70
2613 3865 2737 3921 Post
2780 3863 2902 3918 data
2945 3859 3106 3914 verba
3153 3860 3342 3912 auctor
3398 3869 3498 3908 ms.
3556 3860 3768 3916 narrat,
3822 3850 3979 3904 inno-

2411 3965 2578 4017 tuissc
2608 3958 2801 4015 Joanui
2852 3954 3108 4024 episcoiio
3137 3951 3382 4004 Paestano
3451 3945 3829 4000 inventionem
3859 3959 3981 3998 cor-

2411 4053 2558 4131 ppris
2586 4050 2758 4104 sancti
2794 4043 3062 4106 Mattlnei;
3095 4055 3331 4107 eumque
3367 4051 3488 4090 cum
3519 4034 3737 4088 clericis
3778 4034 3985 4099 aliquot

2411 4121 2718 4215 porrexisse
2748 4154 2842 4208 per
2872 4151 3057 4189 att-ram
3121 4130 3352 4202 pluviam
3405 4134 3456 4179 et
3491 4135 3774 4178 ventosant
3801 4123 3869 4174 ad
3909 4121 3985 4173 lu~

2411 4211 2558 4296 cum,
2615 4229 2702 4284 ubi
2752 4225 3057 4293 depositum
3112 4229 3261 4282 erat;
3308 4231 3481 4284 eoque
3529 4212 3709 4268 vocari
3759 4211 3988 4280 jussissc

2414 4319 2790 4379 Athanasium.
2822 4314 3000 4374 Hunc,
3032 4311 3120 4364 tibi
3156 4310 3472 4366 advenerat,
3502 4305 3566 4357 de
3601 4304 3832 4356 invento
3867 4316 3985 4354 cor-

2415 4432 2544 4486 pore
2591 4416 2909 4476 interrogat.
2945 4420 3005 4459 ac
3045 4401 3488 4470 tergiversantem
3541 4396 3702 4448 minis
3734 4402 3910 4463 urget,
3941 4401 3992 4444 et

2420 4510 2496 4563 sic
2525 4506 2753 4564 obtinet,
2803 4512 2861 4554 ttt
2893 4499 2960 4552 ad
2993 4494 3286 4550 videndum
3324 4504 3535 4545 sacrum
3589 4502 3795 4555 corpus
3823 4486 3994 4538 duca-

2423 4612 2529 4663 tur,
2563 4597 2800 4664 illndquc
2827 4607 2948 4646 cum
2982 4588 3194 4643 clericis
3221 4585 3420 4638 videat.
3459 4599 3475 4631 ι
3510 4579 3814 4649 Episcopus
3843 4593 3990 4634 vero,

2421 4693 2494 4744 ait
2526 4695 2734 4749 auctor,
2775 4695 2988 4735 sacrum
3020 4693 3217 4745 corpus
3245 4675 3371 4743 (iam
3401 4674 3598 4737 visum)
3631 4671 3870 4722 sindone
3901 4669 3995 4722 ite-

2421 4795 2538 4834 rum
2575 4775 2876 4829 involutum
2917 4768 3099 4820 annuli
3125 4767 3204 4820 sui
3232 4761 3589 4832 impressione
3624 4759 3884 4826 signavit,
3919 4757 3982 4808 si-

2423 4880 2643 4942 gnatum
2675 4867 2726 4918 iu
2761 4880 2882 4916 arca
2921 4860 3058 4913 seris
3092 4857 3319 4914 munita,
3353 4852 3542 4922 sigillis
3575 4847 3835 4902 similiter
3865 4863 3988 4900 con-

2424 4941 2652 5034 signata,
2687 4955 2948 5028 reposuit.
2994 4973 3010 5004 ι
3048 4952 3141 5005 His
3171 4949 3345 5007 factis,
3379 4947 3421 5000 si
3459 4945 3735 4999 credimus
3763 4941 3992 5002 auctori,

2425 5033 2578 5126 petiit
2609 5052 2921 5122 episcopus,
2952 5056 3005 5099 ut
3051 5040 3380 5098 Athanasius
3415 5034 3718 5090 monachus
3748 5033 3994 5086 esurieno

2429 5124 2573 5201 tibus
2607 5145 2788 5198 cibum
2826 5146 3097 5207 quaereret
3151 5144 3203 5185 ct
3237 5136 3556 5200 apponeret.
3590 5127 3660 5181 At
3711 5126 3803 5179 ille
3855 5124 3997 5177 cibos

2425 5240 2640 5307 quidem
2677 5231 2934 5292 habebat,
2963 5228 3056 5280 scd
3092 5225 3218 5278 vino
3249 5237 3473 5292 prorsus
3502 5218 3747 5274 carebat.
3780 5215 3995 5284 Episco-

2427 5347 2526 5402 pus
2563 5327 2723 5398 igitur
2753 5326 2894 5377 inter
2929 5318 3323 5374 comedendum
3368 5311 3546 5367 afferri
3571 5310 3737 5380 jussit
3771 5324 3995 5362 vacuum

2427 5401 2738 5480 vasculum,
2781 5417 2926 5485 quod
2967 5414 3222 5467 omnibus
3250 5407 3527 5463 sufficiens
3556 5404 3747 5458 vinum
3784 5401 3995 5463 effudit,

2426 5519 2468 5568 si
2503 5530 2627 5567 vera
2673 5521 2859 5565 narrat
2891 5520 3210 5577 anonymus,
3251 5501 3344 5569 qui
3378 5515 3438 5555 ea
3471 5498 3721 5568 pluribus
3754 5492 3993 5561 exponit.

2429 5604 2695 5661 Marsilius
2725 5617 2854 5655 Vero
2880 5601 3027 5669 plura
3051 5594 3212 5650 etiam
3245 5592 3506 5661 adjungit.
3533 5586 3685 5651 Mihi,
3718 5597 3779 5640 ut
3809 5587 3996 5642 fatear.

2429 5695 2609 5750 omnia
2653 5693 2738 5744 illa
2772 5689 2944 5758 magis
2977 5691 3226 5753 snspccta
3274 5690 3401 5736 sunt
3437 5675 3706 5740 falsitatis,
3752 5689 3917 5745 quam
3947 5680 3997 5724 ut

2429 5788 2543 5856 ipsa
2574 5784 2734 5837 verba
2763 5785 2869 5836 huc.
2895 5778 3190 5834 transferre
3220 5772 3421 5827 lubeat.
3456 5767 3715 5838 Apertius
3745 5775 3831 5818 est
3860 5778 3998 5817 com-

2431 5890 2700 5941 mentum,
2731 5877 2874 5947 quod
2908 5871 3172 5942 sequitur,
3211 5885 3271 5922 ac
3304 5866 3346 5920 si
3379 5877 3542 5916 noctu
3573 5875 3668 5930 per
3702 5858 3993 5912 fenestram
