4150 6498
174 409 280 470 793

1477 432 1658 489 YlTA
1703 432 1763 489 S.
1811 434 2195 504 MA'l‘TH/ﬁl’.

3356 470 3461 536 794

173 527 225 580 in
260 533 548 586 ecclesiam
575 537 878 603 irrumpere
909 543 1176 597 voluisset
1209 545 1586 612 Athanasius,
1617 561 1670 604 et
1695 567 1780 605 sa-
1817 553 1854 606 A
1894 555 2121 612 habebat
2155 561 2340 620 ﬁliam.
2378 569 2535 636 cujus
2581 572 2784 626 viscera
2818 581 2923 629 tam
2956 580 3206 648 gravibus
3236 594 3461 639 contor-

366 637 559 648 μηη,
603 629 724 648 ,λμμ
942 633 954 648 .
1099 642 1109 648 .
1316 637 1362 648 ..
1524 639 1542 648 -
1577 643 1587 648 -
1659 646 1666 648 μ

169 635 321 672 erum
363 637 562 692 corpus
599 629 730 682 clam
780 632 884 683 alio
925 633 1237 703 deportare.
1291 637 1484 706 Aique
1521 639 1768 698 fabulosa

173 712 439 766 videntur
472 718 720 786 adjuncta
752 725 928 776 omnia
978 728 1360 782 translationis
1390 732 1460 783 ad
1491 732 1766 788 civitatem

163 806 668 876 Caputaquensem.
704 815 886 880 Itaque
912 818 1126 872 omissis
1161 820 1399 887 reliquis
1463 821 1651 877 ultima
1674 839 1766 878 so.

167 894 276 948 lum
315 901 481 952 verba
515 903 821 973 subiungo:
875 926 890 956 r
926 907 1205 972 Castrum,
1252 909 1340 964 cui
1378 910 1563 981 Caput
1593 915 1766 982 Aquis

165 999 368 1038 nomen
403 999 505 1048 est.
554 998 933 1056 ascenderunt,
977 1009 1139 1067 atque
1177 1003 1231 1053 in
1277 1003 1516 1058 ecclesia
1556 1017 1763 1061 sancta:

172 1072 410 1147 Virginis
443 1084 644 1145 Mariae,
679 1087 729 1138 in
773 1102 874 1155 qua
911 1090 1169 1157 praefatus
1201 1094 1504 1165 episcopus
1546 1115 1760 1168 pransu-

164 1169 332 1224 latum
363 1176 601 1244 regebat,
634 1195 754 1233 cum
781 1183 922 1235 omni
960 1187 1267 1240 reverentia
1290 1189 1699 1259 deposuerunt.
1733 1215 1751 1247 r

165 1263 242 1316 Ex
295 1265 379 1318 his
443 1270 644 1334 verbis,
701 1274 743 1326 si
800 1277 925 1343 quid
981 1279 1184 1346 valent,
1243 1290 1398 1338 recte
1459 1286 1753 1356 colligitur,

164 1357 456 1427 episcopos
491 1362 761 1420 l’aastanos
785 1369 894 1436 jam
927 1372 1124 1425 sarculo
1152 1390 1180 1427 ι
1219 1377 1497 1432 resedisse
1531 1379 1583 1432 in
1624 1381 1757 1433 civi-

167 1456 274 1502 tate
318 1448 702 1522 Caputaqnens
730 1498 744 1520 ,
795 1469 855 1516 et
883 1476 1280 1531 ceasequenter
1317 1469 1617 1537 episcopos
1647 1471 1753 1526 Ca-

159 1550 536 1608 putaquenscs
584 1562 644 1600 ex
701 1549 961 1608 Paestanis
1017 1567 1188 1619 ortos,
1245 1559 1313 1614 de
1375 1575 1485 1630 quo
1537 1564 1751 1620 dubitat

163 1629 450 1700 lr'ghellus.
492 1639 685 1693 Verum
717 1647 781 1695 ad
821 1661 932 1698 rem
969 1648 1279 1706 redeamus.

229 1726 317 1780 Ἠ.
364 1727 628 1786 Audierat
678 1733 974 1806 Gisulphus
1047 1743 1304 1812 princeps
1361 1744 1747 1805 Salernitauus

1875 651 2182 716 qut-bantur
2221 655 2521 720 doloribus.
2556 672 2612 715 ut
2644 665 2863 726 medici,
2894 668 3242 736 impendendi
3277 687 3460 727 reme-

1873 741 1942 795 dii
1979 759 2136 798 enim
2177 748 2508 817 laborantes,
2534 754 2744 812 nullum
2777 759 3018 813 valerent
3041 760 3293 817 conferre
3325 765 3459 819 sub-

1873 833 2093 888 sidium.
2141 836 2267 906 Ejus
2306 843 2585 899 cruciatus
2615 858 2786 902 mater
2811 864 2916 903 neu
2951 851 3250 915 sustinens,
3292 853 3454 909 filiam

1869 925 1935 977 ad
1968 941 2165 995 corprrs
2194 934 2424 999 apostoli
2480 936 2693 999 detulit.
2748 939 2838 992 ubi
2896 940 3212 1010 lacrymosis
3259 945 3455 999 oblatis

1868 1018 2143 1085 precibus,
2198 1023 2427 1079 salutem
2479 1036 2642 1088 nate.
2701 1046 2862 1099 quam
2920 1031 3124 1103 ingenti
3177 1034 3454 1090 desiderio

1868 1111 2240 1177 postulabant,
2297 1117 2495 1171 meruit
2540 1106 2852 1189 impetrare,
2887 1123 2956 1177 ita
2994 1134 3052 1178 ut
3099 1141 3218 1194 qua:
3257 1127 3453 1183 alienis

1863 1197 2020 1254 allata
2082 1201 2259 1256 fuerat
2315 1207 2591 1269 manibus,
2653 1209 2875 1263 domum
2931 1226 3056 1266 cum
3110 1223 3281 1270 matre
3333 1219 3448 1272 suis

1861 1290 2136 1357 gressibus
2168 1306 2456 1349 remearet.
2499 1317 2521 1347 ι

1931 1381 2016 1434 74.
2063 1381 2304 1437 Tertium
2352 1387 2678 1443 beneﬁcium
2711 1391 2908 1448 dicitur
2934 1397 3236 1464 praestitum
3282 1415 3442 1454 servo

1857 1470 2075 1528 cuidam
2114 1472 2404 1540 Rothildae,
2444 1482 2651 1534 sororis
2688 1482 2937 1554 Cisulphi
2967 1486 3230 1557 principis
3261 1486 3440 1543 Saler-

1856 1565 2053 1630 nitani,
2087 1577 2141 1621 et
2178 1569 2355 1622 viduas
2387 1570 2716 1641 Athenolphi
2746 1575 3010 1645 principis
3036 1577 3438 1636 Beneventani.

1853 1658 2188 1729 Athenolphi
2236 1671 2418 1716 autem
2455 1663 2600 1718 illius
2635 1668 2967 1720 mentionem
3019 1669 3227 1723 invenit
3258 1670 3435 1725 Mura-

1853 1751 2046 1814 torius,
2085 1752 2135 1806 in
2169 1755 2464 1809 Annalibus
2512 1754 2709 1823 Italia,
2757 1773 2929 1826 usque
2969 1761 3032 1815 ad
3066 1778 3265 1817 annum
3302 1763 3436 1838 940,

153 1820 535 1879 inventionem
563 1837 615 1881 et
651 1831 1060 1888 translationem
1095 1837 1238 1891 sacri
1263 1843 1540 1910 corporis,
1569 1859 1744 1914 eaque
1782 1888 1820 1940 Β
1855 1845 1923 1896 ita
1951 1854 2007 1896 ut
2033 1845 2158 1897 inde
2187 1848 2462 1910 conjiciat,
2490 1849 2679 1902 eodem
2706 1866 2850 1903 anno
2877 1852 2980 1908 9-10
3002 1852 3179 1923 ipsum
3207 1855 3434 1911 obiisse.

170 1913 232 1940 ,1η
269 1931 430 1940 κλμ--
540 1919 617 1940 me,
643 1923 673 1940 νο
827 1926 840 1940 1
936 1936 944 1940 -
1055 1929 1066 1939 ο
1130 1932 1164 1940 _.
1359 1933 1369 1940 .
1426 1939 1432 1940 ,
1619 1937 1628 1940 _
1857 1935 1938 1940 ---_
1967 1937 1975 1940 _

167 1913 232 1966 de
265 1931 457 1972 causa.
490 1943 507 1970 ι
538 1919 772 1976 Nimium
810 1926 875 1979 de
933 1929 1066 1981 tanti
1125 1932 1369 1985 thesauri
1423 1937 1742 1993 inventione

149 2006 395 2073 gavisus,
447 2010 522 2062 ait
568 2029 870 2084 anonymus
921 2019 973 2070 in
1045 2035 1173 2082 ms.,
1228 2026 1563 2082 venerabilis
1615 2029 1738 2084 vitae

147 2094 420 2153 Joannem
477 2101 726 2179 a'bbatem
785 2107 1031 2178 aliosque
1072 2111 1426 2170 honorabiles
1475 2119 1621 2173 viros
1670 2121 1736 2175 ad

145 2174 463 2243 Pastanum
503 2192 698 2248 direxit
745 2199 1084 2269 episcopum,
1121 2205 1415 2272 mandans,
1460 2219 1518 2264 ut
1550 2221 1736 2280 patro-

144 2281 352 2334 cinium
406 2286 597 2352 patria:
650 2286 1007 2346 Salernitanre
1061 2294 1419 2353 adinventum
1478 2303 1579 2357 sibi
1635 2305 1737 2360 sub

145 2375 293 2424 omni
341 2376 628 2431 celeritate
691 2385 1105 2440 transmitteret.
1161 2387 1424 2457 Sequenti
1476 2409 1602 2448 vero
1649 2397 1737 2452 die

142 2465 481 2519 venerabilis
509 2469 694 2530 abbas,
725 2481 778 2525 et
810 2476 898 2542 qui
929 2493 1049 2528 cum
1079 2493 1145 2532 eo
1175 2480 1325 2533 missi
1358 2493 1508 2548 sunt,
1535 2487 1736 2542 inaesti-

143 2553 330 2608 mabili
369 2555 630 2612 thesauro
662 2563 844 2616 onusti
881 2575 1253 2621 revertuntur.
1289 2569 1398 2625 Sed
1433 2584 1726 2646 antequam

141 2647 337 2700 urbem
370 2652 597 2718 propius
628 2657 975 2723 accederent,
1030 2674 1134 2712 una
1161 2676 1282 2715 cum
1318 2661 1598 2722 Bernardo
1636 2686 1731 2724 ve-

139 2741 394 2793 nerando
448 2745 678 2810 praesule
729 2759 836 2804 tota
896 2751 1088 2806 civitas
1144 2754 1358 2810 obviam
1408 2762 1582 2831 pergit
1629 2763 1731 2820 ire.

140 2830 244 2886 Ubi
297 2843 486 2887 autem
533 2841 893 2905 apostolicum
939 2859 1138 2914 corpus
1169 2849 1351 2917 adepti
1395 2830 1542 2917 sunt,
1581 2866 1668 2911 tan
1700 2876 1732 2913 0

141 2925 339 2994 repleti
366 2934 499 2979 sunt
528 2930 744 2998 gaudio,
770 2947 822 2985 ut
849 2947 1002 3002 gestu
1029 2947 1083 2991 et
1113 2941 1338 2997 vocibus
1369 2948 1729 3005 exsultantem

135 3017 389 3072 laetitiam
427 3028 790 3076 ostentarent.
826 3024 1028 3083 Praesul
1060 3045 1211 3097 vero,
1248 3049 1534 3106 assumpto
1566 3057 1728 3096 vene-

135 3111 301 3166 rabili
339 3127 576 3182 corpore
604 3124 655 3168 et
698 3119 891 3174 sericis
930 3125 1191 3179 obvoluto
1219 3131 1568 3200 tegminibus,
1603 3152 1725 3189 cum

1853 1935 1978 1988 Mihi
2019 1951 2248 1989 necesse
2293 1952 2403 1990 non
2460 1948 2566 2004 est,
2613 1950 2830 2012 tempus
2878 1945 3059 2000 obitus
3108 1947 3436 2018 Athenolphi

1852 2025 2074 2093 propius
2127 2026 2429 2095 inquirere.
2479 2028 2664 2084 Solum
2719 2034 2972 2097 observo,
3012 2036 3228 2091 viduam
3265 2037 3436 2108 ipsius

1851 2117 2164 2172 Rothildam
2205 2121 2456 2188 potuisse
2499 2122 2658 2178 facile
2710 2141 2998 2196 superesse
3033 2146 3202 2200 usque
3237 2132 3303 2186 ad
3335 2147 3434 2185 an-

1851 2227 1983 2265 num
2018 2213 2143 2275 95!,
2178 2229 2286 2280 quo
2322 2216 2509 2269 omnia
2556 2220 2851 2288 contigisse
2894 2223 3166 2287 dicuntrrr,
3204 2226 3438 2280 maxime

1844 2304 2038 2358 cumirr
2069 2304 2331 2359 viduitate
2363 2307 2684 2373 perdurans.
2715 2310 2765 2362 id
2789 2320 2892 2376 est,
2923 2313 3018 2365 diu
3047 2314 3207 2368 vidua
3251 2316 3303 2368 in
3329 2331 3433 2373 ms.

1847 2405 2145 2450 asseratur.
2175 2397 2383 2452 Servus
2415 2408 2596 2453 autem
2629 2399 2918 2465 ltothildze,
2970 2402 3285 2475 Stephanus
3335 2424 3436 2464 no-

1845 2483 2011 2543 mine,
2051 2481 2252 2536 dicitur
2277 2499 2404 2539 cum
2447 2486 2791 2557 impatientia
2827 2501 3036 2548 etcum
3083 2495 3440 2554 invocatione

1841 2570 2040 2624 diaboli
2097 2585 2294 2641 aquam
2353 2578 2606 2644 petiisse,
2657 2594 3052 2653 acceptumque
3098 2601 3293 2656 aquam
3342 2591 3434 2646 ubi

1845 2661 2124 2721 ebibisset.
2160 2663 2420 2718 obsessus
2452 2665 2623 2722 fuisse
2646 2685 2674 2722 a
2704 2672 2972 2728 daemone.
3000 2673 3106 2730 Res
3135 2678 3431 2736 confestim

1843 2755 2083 2809 innotuit
2118 2771 2225 2810 non
2283 2758 2458 2810 solum
2493 2759 2783 2828 Rothildae,
2815 2764 2913 2819 sed
2943 2766 3111 2822 etiam
3166 2768 3433 2842 Gisulpho

1842 2848 2095 2918 principi,
2128 2851 2452 2917 cunctisque
2493 2855 2816 2922 proceribus
2860 2867 2915 2913 et
2959 2862 3214 2932 episcopo
3246 2863 3430 2919 Saler-

1841 2944 2046 2995 nitauo.
2081 2941 2416 2996 Servabatur
2449 2961 2858 3017 euergumenus
2891 2953 2945 3005 in
2997 2956 3201 3010 sacello
3235 2958 3422 3026 palatii

1837 3032 2069 3087 vinculis
2090 3035 2447 3098 constrictus,
2475 3046 2531 3092 et
2565 3040 2856 3110 episcopus
2884 3057 3078 3098 omnes
3107 3047 3426 3104 hortabatur

1838 3129 1904 3181 ad
1942 3143 2130 3196 preces
2159 3143 2258 3195 pro
2283 3142 2350 3185 eo
2381 3128 2710 3187 fundendus.
2747 3152 2767 3185 α
2801 3134 2937 3188 Dum
2967 3134 3084 3191 ιιωε
3110 3150 3424 3208 agerentur,

135 3203 363 3273 hymnis
394 3215 449 3259 et
482 3208 734 3265 laudibus
772 3213 824 3265 in
859 3216 1044 3271 urbem
1078 3221 1284 3274 rediit:
1319 3231 1484 3294 atque
1513 3227 1566 3279 in
1606 3220 1721 3280 aula

1839 3220 1910 3270 alt
1944 3229 2156 3280 auctor,
2184 3221 2520 3274 Athanasius
2543 3223 2808 3279 intererat
2832 3229 3132 3283 monachus
3157 3229 3424 3300 (corporis

133 3298 234 3351 Dei
271 3295 574 3355 Gerritricis
608 3304 790 3359 debita
836 3312 1142 3366 reverentia
1178 3314 1484 3381 collocavit,
1525 3320 1577 3372 in
1614 3338 1718 3390 qua

132 3392 498 3458 praesentiam
534 3393 615 3446 sui
662 3401 905 3466 corporis
956 3406 1292 3476 evangelista
1347 3412 1724 3469 sanctissimus

127 3485 254 3539 suis
289 3487 555 3539 virtutum
590 3488 868 3545 miraculis
898 3492 1216 3552 declaravit.
1254 3520 1273 3551 r
1323 3501 1441 3555 Mox
1470 3518 1718 3573 sequun-

129 3588 222 3629 tur
271 3578 325 3628 in
380 3586 615 3647 utroque
655 3578 753 3636 Ms.
801 3581 1062 3642 beneficia
1119 3590 1370 3658 quredam
1421 3595 1724 3663 patrocinio

125 3667 310 3720 sancti
375 3667 611 3724 Matthzei
659 3671 876 3729 miseris
921 3679 1182 3746 praestita,
1234 3697 1354 3751 quae
1406 3683 1718 3752 lectoribus,

126 3770 299 3828 prout
328 3759 403 3821 ibi
442 3761 719 3831 leguntur,
761 3769 1204 3837 communicabo,
1254 3775 1511 3830 abscissis
1543 3787 1721 3833 tamen

122 3854 422 3908 nonnullis
453 3855 760 3920 superﬂuis,
796 3875 914 3926 qua:
943 3864 1152 3919 tradam
1189 3871 1534 3938 compendio.

194 3945 284 3998 72.
335 3941 434 3996 Vir
481 3945 725 4012 qurdam,
785 3949 1034 4007 Andreas
1082 3960 1326 4027 nomine,
1384 3966 1541 4033 cuius
1609 3971 1713 4024 filia

121 4037 343 4092 diutina
373 4035 694 4093 infirmitate
729 4057 989 4112 oppressa
1029 4047 1337 4119 languebat,
1367 4057 1504 4113 adeo
1535 4071 1591 4116 ut
1623 4065 1720 4119 do-

123 4145 249 4182 mus
288 4136 402 4182 tota
442 4127 678 4185 vicinum
708 4132 818 4202 jam
846 4135 965 4205 ejus
991 4139 1198 4195 obitum
1233 4160 1592 4216 exspectaret.
1625 4173 1718 4224 pa-

124 4233 288 4278 terno
342 4231 529 4276 motus
584 4225 792 4280 viscere
846 4230 936 4282 ditt
989 4231 1228 4300 plorans,
1280 4239 1495 4295 tandem
1543 4245 1716 4301 fessus

120 4331 325 4368 somno
353 4315 634 4382 arripitur.
676 4337 693 4367 r
752 4320 1070 4376 Somniabat
1104 4334 1311 4393 autem,
1366 4331 1526 4390 ﬁliam
1559 4353 1710 4394 suam

116 4407 218 4457 sibi
252 4424 280 4456 e
317 4403 559 4456 brachiis
588 4408 722 4473 eripi
769 4424 796 4459 a
849 4418 987 4464 tetro
1030 4413 1263 4484 Spiritu;
1299 4437 1421 4476 mox
1459 4442 1590 4480 vero
1619 4429 1713 4483 ad-

115 4509 264 4554 stare
300 4499 488 4551 virum
539 4501 925 4568 venerabilem,
976 4507 1066 4575 qui
1117 4510 1323 4569 dolenti
1374 4520 1512 4584 patri
1545 4521 1707 4575 filiam

1836 3312 2128 3380 inventor),
2158 3311 2273 3381 qui,
2309 3321 2368 3366 ut
2415 3311 2526 3381 jam
2563 3313 2826 3379 diximus,
2872 3319 2940 3373 de
2982 3336 3147 3375 manu
3191 3321 3424 3379 Putaui

1831 3402 2077 3474 praesulis
2102 3404 2320 3456 dentem
2349 3405 2678 3458 sanctissimi
2710 3409 3058 3479 evangelista
3101 3427 3422 3483 susceperat

1831 3492 2110 3563 (nimirum
2140 3493 2270 3547 dum
2303 3493 2479 3549 eidem
2532 3509 2735 3566 corpus
2765 3499 3009 3566 tradidit,
3059 3501 3152 3555 ubi
3186 3501 3238 3555 id
3273 3502 3418 3556 θωτ-

1832 3594 1940 3638 mat
1969 3586 2203 3652 auctor).
2234 3583 2283 3639 ls
2305 3587 2600 3648 accedens.
2627 3589 2868 3658 praefatae
2896 3590 3165 3648 Hothildae
3189 3594 3417 3648 auribus

1829 3675 2116 3740 intimavit,
2159 3676 2391 3732 dicens:
2426 3676 2602 3731 Penes
2655 3696 2742 3732 me
2792 3684 2969 3736 habeo
3020 3685 3246 3738 dentem
3279 3702 3422 3756 apo-

1825 3767 1948 3820 stoli
1998 3776 2053 3820 et
2100 3768 2446 3839 evangelista
2481 3768 2738 3827 Mattha'i.
2782 3773 2881 3829 llic
2932 3790 3095 3829 manu
3158 3778 3418 3846 prasulis

1825 3859 2071 3913 mittatur
2095 3859 2150 3913 in
2171 3861 2507 3917 benedictam
2529 3879 2746 3933 aquam,
2774 3881 2934 3935 quam
2957 3869 3085 3922 dum
3117 3876 3414 3939 sumpserit

1820 3952 2214 4013 darmoniacus,
2247 3951 2516 4004 mirabilia
2556 3953 2647 4006 Dei
2693 3944 2918 4010 videbis.
2954 3957 3020 4010 Et
3055 3961 3171 4014 haec
3198 3963 3408 4025 dicens,

1822 4039 2075 4095 Rothdda
2107 4051 2385 4096 annuente
2411 4053 2468 4097 et
2495 4044 2831 4113 deposcente
2886 4059 2945 4102 ut
2981 4049 3158 4115 fieret,
3190 4053 3407 4105 dentem

1820 4128 2040 4199 praesuli
2076 4130 2192 4186 suis
2227 4133 2450 4188 tradidit
2492 4137 2773 4191 manibus.
2815 4138 2992 4194 Allata
3029 4141 3217 4213 itaque
3248 4157 3412 4212 aqua,

1821 4221 1964 4276 idem
1999 4224 2435 4293 praesulsignuur
2465 4228 2646 4282 crucis
2674 4230 2866 4292 edidit,
2893 4232 3115 4286 dentem
3141 4235 3193 4285 in
3215 4251 3411 4304 aquam

1817 4318 1991 4372 misit.
2025 4319 2319 4386 ablatoque
2350 4319 2536 4384 dente,
2574 4336 2774 4392 aquam
2804 4324 2900 4385 illi,
2929 4324 3020 4394 qui
3048 4326 3281 4396 maligno
3303 4329 3414 4395 Spi-

1821 4414 1926 4464 ritu
1959 4413 2287 4475 vexabatur,
2327 4413 2527 4467 obtulit
2565 4417 2990 4485 comminanter,
3019 4433 3202 4488 atque,
3235 4431 3295 4475 ut
3327 4423 3403 4475 bi-

1819 4505 1995 4567 heret,
2020 4506 2335 4575 imperavit.
2363 4508 2478 4574 Qua
2502 4520 2742 4580 sumpta,
2773 4513 2974 4567 acriter
3001 4515 3182 4567 vexari
3219 4517 3412 4586 carpit.

116 4590 385 4644 restituit.
429 4589 598 4660 Rogat
653 4602 824 4660 pater,
863 4600 985 4668 quis
1035 4602 1124 4667 sit,
1179 4614 1235 4658 ct
1285 4625 1480 4666 munus
1515 4617 1697 4674 offert.
1747 4586 1788 4636 υ
1832 4601 1896 4653 Ει
1937 4598 2063 4666 qm“
2101 4600 2324 4667 iniquus
2362 4602 2552 4664 hos'is'
2587 4617 2748 4655 sum
2789 4603 3095 4658 "bsis‘emc
3131 4619 3285 4676 pou"
3321 4623 3414 4675 per

113 4682 202 4736 llle
235 4691 428 4736 autem
464 4682 676 4752 placido
707 4689 853 4744 vuifu
888 4696 1172 4762 respondit,
1200 4714 1214 4749 :
1255 4717 1271 4748 ι
1308 4701 1468 4758 Nullo
1502 4717 1596 4764 luo
1627 4713 1711 4766 irt-

115 4774 276 4844 digco
329 4790 595 4842 munere;
641 4780 734 4833 sed
787 4783 945 4846 scias,
1000 4801 1084 4840 me
1130 4802 1254 4844 esse
1305 4800 1609 4864 aposrolum
1661 4812 1714 4860 et

114 4866 519 4937 evangelistam
547 4869 879 4938 Mattharum,
913 4879 1071 4945 cujus
1106 4898 1306 4951 corpus
1333 4888 1592 4950 hesterno
1622 4897 1710 4952 die

113 4958 409 5014 Salernum
450 4965 764 5020 translatum
785 4980 918 5022 est.r
959 4973 1021 5028 Et
1058 4978 1172 5032 haec
1203 4980 1414 5046 dicens,
1448 4988 1516 5041 ab
1537 4991 1708 5046 oculis

113 5054 230 5120 ejus
259 5053 484 5105 ablatus
515 5065 617 5109 est.
647 5055 1095 5131 Exspcrgefactus
1127 5071 1389 5130 Audrzcas
1424 5093 1546 5132 cum
1594 5099 1706 5136 nra-

111 5160 216 5210 gno
255 5156 501 5200 tremore
546 5163 696 5203 suatn
727 5153 884 5210 tiliam
919 5159 1196 5226 requisivit
1226 5182 1238 5216 :
1266 5168 1362 5222 "sed
1393 5185 1512 5224 eam
1542 5173 1701 5229 saluti

108 5234 218 5300 jam
246 5239 542 5306 reperiens
564 5242 888 5309 restitutam,
917 5254 1058 5317 quod
1079 5253 1184 5306 sibi
1215 5254 1266 5308 in
1290 5261 1497 5316 somnis
1522 5274 1704 5320 osten-

114 5337 232 5375 sum
271 5326 482 5386 fuerat.
518 5332 750 5395 cunctis,
782 5337 869 5402 qui
901 5339 1146 5407 aderant,
1184 5351 1476 5402 enarravit.
1518 5354 1700 5409 Primo

112 5424 291 5469 autem
328 5418 579 5475 diluculo
615 5426 972 5480 venerabilem
1009 5433 1139 5487 adiit
1183 5438 1494 5507 prtesulem,
1541 5447 1698 5514 eique

113 5506 364 5560 mirabile
405 5507 608 5564 factum
643 5518 893 5583 apostoli,
945 5526 1085 5588 quod
1121 5525 1174 5578 in
1222 5528 1329 5582 filia
1366 5506 1492 5598 ejus
1520 5506 1698 5604 patra-

111 5609 277 5660 verat,
304 5597 510 5653 ordine
544 5607 805 5660 recitavit.
839 5629 856 5660 r
902 5610 1201 5670 Verisimile
1232 5633 1339 5685 est,
1369 5635 1572 5690 patrem
1605 5645 1697 5696 pro

109 5687 212 5743 tilia
248 5687 436 5760 pridie
463 5703 616 5758 Opem
648 5708 816 5754 sancti
846 5700 1079 5759 Matllrrei
1114 5687 1446 5777 implorasse
1481 5732 1494 5769 :
1538 5719 1586 5772 id
1606 5687 1695 5773 Uta-

107 5790 225 5830 men
262 5787 468 5834 auctor
497 5785 856 5848 praetermisit.

176 5872 258 5931 ῑδ.
311 5897 332 5929 ¢
383 5875 586 5931 Eodem
640 5889 874 5952 tempore
929 5892 1123 5948 mulier
1173 5899 1421 5964 quaedam
1472 5904 1684 5961 unicam

1826 4706 1887 4746 os
1918 4690 2067 4745 exire
2099 4708 2209 4744 non
2245 4694 2443 4756 valuit,
2473 4709 2596 4746 cum
2626 4695 2831 4764 ingenti
2882 4696 3077 4751 faetore
3111 4713 3207 4767 per
3231 4711 3415 4769 poste-

1819 4783 1962 4838 riora
1992 4797 2246 4853 egressus
2275 4795 2380 4842 est.
2415 4783 2763 4855 Quapropter
2791 4800 2983 4842 omnes
3008 4788 3272 4844 Salvatori
3303 4792 3412 4846 Deo

1817 4876 2022 4942 pariter
2068 4875 2272 4943 gratias
2325 4876 2582 4941 retulere,
2633 4880 2723 4946 qui
2756 4895 2855 4948 per
2890 4883 3195 4947 apostolum
3243 4900 3403 4940 suum

1816 4968 1920 5020 tale
1972 4966 2228 5036 dignatus
2282 4977 2362 5021 est
2408 4972 2624 5037 operari
2678 4966 3025 5029 miraculum.
3070 4977 3400 5036 Athanasius

1811 5070 1988 5110 autem
2021 5060 2260 5120 dentem,
2291 5076 2453 5128 quem
2484 5061 2550 5114 ad
2577 5064 2962 5132 expellendum
2997 5069 3204 5121 hostem
3244 5070 3392 5123 mali-

1809 5168 1971 5223 gnum
2006 5151 2254 5213 dederat,
2305 5153 2623 5224 recolligere
2668 5168 2939 5226 satagens,
2975 5161 3159 5215 multis
3190 5163 3381 5219 frustra

1809 5243 1998 5299 etlusis
2067 5244 2345 5311 precibus,
2405 5261 2747 5313 nequaquam
2812 5249 2981 5303 valuit
3033 5251 3300 5307 obtinere.

1808 5337 2085 5390 Hactenus
2116 5337 2292 5406 priora
2330 5337 2594 5392 beneficia
2623 5336 2985 5396 Salernitanis
3024 5344 3240 5399 collata.

1879 5443 1965 5498 75.
2013 5444 2069 5497 ln
2097 5456 2326 5512 utroque
2360 5458 2463 5498 ms.
2490 5443 2838 5517 subjuugitur
2861 5450 3147 5506 translatio
3167 5453 3380 5510 brachii

1807 5538 2196 5598 Beneventum,
2227 5536 2294 5590 de
2325 5553 2432 5606 quo
2465 5546 2645 5592 tamen
2691 5540 2820 5592 nihil
2860 5543 3074 5612 reperio
3120 5547 3260 5614 apud
3295 5547 3381 5601 Vi-

1806 5645 1985 5699 peram
2005 5631 2247 5698 aliosque
2266 5632 2560 5699 scriptorcs
2586 5630 3016 5688 Beneventauos.
3040 5637 3178 5702 Quid
3201 5655 3377 5697 causte

1804 5725 1892 5787 sit,
1933 5739 2148 5792 nequeo
2198 5723 2468 5783 divinare,
2521 5722 2622 5774 nisi
2676 5721 2835 5788 forte,
2890 5729 3034 5796 quod
3087 5731 3371 5787 brachium

1802 5813 1940 5867 istud
1979 5829 2086 5866 non
2138 5812 2228 5867 diu
2266 5813 2526 5868 manserit
2559 5813 2880 5873 Beneventi.
2916 5819 3253 5894 Subjungam
3289 5835 3374 5880 ta~

1802 5923 1944 5971 men,
1978 5923 2098 5977 quae
2125 5907 2178 5964 iu
2205 5923 2336 5964 mss.
2368 5909 2602 5980 reperio,
2631 5925 2856 5982 quisque
2877 5928 2942 5968 ex
2977 5913 3168 5972 iisdem
3200 5917 3372 5973 etiam
