4150 6508
678 482 687 487 _
707 424 813 489 ’195

1934 410 2162 472 MENSI
2177 410 2217 467 S
2259 404 2545 465 SEPTEM
2560 404 2728 465 BER.

3866 392 3975 456 796

709 537 987 596 enarravit
1031 535 1320 597 Marsilius,
1372 549 1471 603 cap
1526 532 1624 586 IO:
1684 551 1700 582 ι
1739 529 1873 585 Cum
1924 538 2108 581 autem
2146 524 2285 577 fama
2317 520 2361 576 Α
2394 520 2565 583 Quam
2600 518 2758 572 facile
2796 528 2976 572 autem
3025 515 3172 569 illius
3231 510 3474 581 corporis
3516 508 3783 565 memoria
3830 508 3978 560 inte-

712 633 879 701 lignis
926 629 1314 697 miraculisque
1367 628 1526 696 longe
1574 626 1792 691 lateque
1849 619 2182 683 vulgaretur,
2232 624 2287 668 et

716 721 1067 789 Laiidulplius
1110 719 1523 772 Beneventanus
1546 717 1797 784 princeps
1821 711 2081 773 audisset,
2112 708 2288 762 Saler-

714 814 963 868 nitaiium
983 810 1239 881 populum
1263 807 1560 863 beatissimi
1579 805 1813 860 Matthxi
1834 819 2052 872 corpus,
2074 802 2288 856 Christo

715 906 974 966 donante,
1028 901 1329 971 possidere,
1384 913 1691 954 convocans
1734 912 1861 951 suos
1907 904 2186 965 magnates
2237 902 2291 946 et

716 995 1009 1060 sapientes,
1062 992 1291 1055 Scitote,
1331 991 1531 1059 inquit,
1567 1005 1596 1043 a
1632 988 1739 1042 Deo
1767 988 2019 1041 donatam
2056 985 2287 1038 salutem

718 1085 1081 1138 Salernitanis
1113 1084 1424 1145 advenisse,
1484 1096 1685 1150 eosque
1717 1095 1919 1147 corpus
1959 1074 2290 1132 sanctissimi

718 1176 947 1245 apostoli
975 1184 1029 1229 et
1061 1175 1409 1244 evangelista:
1446 1172 1709 1235 Mattliaci,
1756 1172 1873 1239 ipso
1907 1170 2202 1225 revelante.
2238 1167 2291 1218 in

720 1266 968 1321 Lucania:
999 1267 1197 1321 finibus
1230 1276 1528 1335 repertum,
1560 1279 1685 1318 cum
1723 1263 1937 1333 hymnis
1965 1272 2018 1315 et
2043 1260 2293 1314 laudibus

719 1358 861 1411 intra
906 1359 1053 1412 urbis
1090 1374 1203 1413 sua:
1236 1357 1439 1412 mcenia
1466 1356 1783 1411 collocasse.
1819 1351 1991 1417 Unde,
2022 1352 2064 1405 si
2093 1353 2292 1421 placet,

717 1449 1121 1504 Salernitauum
1167 1449 1473 1519 principem
1526 1457 1689 1515 atque
1736 1444 2047 1515 pontificem
2094 1444 2294 1512 pariter

719 1542 1435 1605 obsecrandomandenius,
1473 1548 1530 1593 ut
1562 1538 1629 1592 ad
1665 1538 1888 1590 tutelam
1916 1544 2120 1589 nostra:
2155 1548 2291 1603 quo»

720 1647 825 1701 que
857 1633 1094 1687 civitatis
1124 1649 1189 1687 ex
1235 1634 1426 1687 eodem
1456 1630 1803 1684 sanctissimo
1835 1643 2059 1698 corpore
2090 1637 2296 1697 partem

721 1725 951 1791 aliquam
980 1724 1155 1794 largiri
1184 1724 1493 1794 dignentur.
1524 1724 1630 1776 Illis
1649 1726 1831 1775 autem
1860 1720 2128 1789 principis
2151 1719 2294 1772 dicta

724 1815 1105 1883 probantibus,
1145 1817 1296 1871 missi
1325 1826 1455 1871 sunt
1486 1815 1737 1883 protinus
1786 1815 2026 1869 illustres
2066 1812 2161 1865 viri
2198 1811 2299 1865 Sa-

722 1907 959 1973 lernum,
1013 1911 1192 1979 magni
1240 1909 1485 1963 muneris
1536 1923 1724 1978 preces
1774 1908 2105 1961 humillimas
2155 1906 2303 1960 defc-

724 2008 927 2052 rentes.
977 2000 1124 2065 Quos
1173 2000 1430 2069 princeps
1475 2010 1527 2053 et
1573 1999 1815 2069 pontifex
1855 1999 2085 2067 benigne
2132 1999 2310 2052 susci-

728 2091 965 2158 pientes,
996 2102 1156 2160 atque
1190 2107 1377 2145 eorum
1418 2091 1773 2159 petitionibus
1819 2099 2147 2154 annuentes,
2185 2089 2305 2143 bra-

726 2182 910 2233 ehiuni
959 2182 1065 2234 illis
1116 2184 1259 2236 sacri
1295 2184 1542 2251 corporis
1589 2197 1803 2234 summa
1837 2198 1960 2234 cum
1999 2182 2303 2234 reverentia

729 2275 949 2328 tradunt
982 2276 1094 2328 suis
1146 2276 1464 2330 concivibus
1491 2276 1871 2334 deferendum.
1904 2277 2025 2340 Quo
2058 2287 2303 2343 accepto,

729 2365 1023 2432 plurimum
1096 2367 1456 2436 gratulantes,
1508 2368 1915 2435 immensasque
1966 2368 2075 2420 Deo
2146 2377 2307 2433 atque

731 2460 977 2525 apostolo
995 2458 1195 2512 Christi
1220 2460 1421 2527 gratias
1441 2458 1763 2519 referentes,
1787 2459 2308 2527 iiicomparahilique

732 2547 875 2600 dono
909 2549 1294 2617 tripudiantes,
1346 2548 1720 2605 Beneventum
1768 2552 1988 2605 concito
2021 2552 2188 2621 gradu
2225 2568 2310 2605 re-

730 2639 900 2705 gressi
949 2650 1098 2693 sunt.
1153 2639 1260 2694 Sed
1307 2650 1604 2709 antequam
1642 2642 1787 2695 urbis
1833 2643 2106 2697 maznibus
2138 2644 2309 2712 appli-

731 2729 994 2790 cuisseiit,
1025 2731 1163 2784 idem
1201 2733 1454 2801 princeps
1499 2743 1551 2787 et
1580 2734 1897 2803 episcopus,
1943 2736 2033 2803 qui
2071 2746 2201 2787 tum:
2227 2736 2311 2787 ei-

733 2820 856 2872 deni
888 2822 1093 2876 civitati
1127 2834 1420 2893 praeerant,
1452 2842 1577 2879 cum
1606 2826 1753 2879 omni
1794 2826 1993 2895 populo
2024 2826 2310 2894 utriusque

736 2926 898 2967 sexus
950 2923 1005 2967 et
1053 2917 1229 2969 artatis
1264 2918 1344 2970 eis
1393 2917 1609 2971 obviam
1656 2918 1927 2982 exierunt,
1979 2928 2140 2987 atque
2188 2936 2310 2975 cum

740 3004 957 3074 hymnis
985 3018 1040 3062 et
1083 3008 1334 3064 laudibus
1365 3009 1505 3063 sacri
1535 3011 1781 3078 corporis
1811 3011 2096 3065 brachium
2140 3013 2311 3065 hono-

737 3101 978 3155 rabiliter
1004 3105 1420 3167 transtulerunt,
1455 3114 1620 3174 atque
1648 3105 1788 3157 intra
1816 3104 1966 3157 urbis
1993 3106 2193 3159 minoia
2226 3122 2309 3159 re-

739 3202 992 3245 verenter
1022 3194 1376 3248 collocarunt.
1413 3214 1429 3246 ι

814 3282 900 3337 76.
943 3285 1034 3339 His
1056 3286 1273 3341 additur
1299 3288 1642 3354 beneficium,
1680 3289 1822 3358 quod
1856 3291 2133 3359 accepisse
2168 3306 2316 3345 asse-

742 3376 879 3428 ritur
918 3377 1271 3447 Landulpliiis
1304 3395 1671 3452 cognomento
1705 3376 1964 3447 'Grtecus,
2011 3384 2104 3452 qui
2140 3384 2311 3437 Bene-

746 3470 889 3523 venti
922 3485 1139 3525 carcere
1170 3482 1286 3525 erat
1319 3474 1584 3533 reclusus,
1617 3485 1671 3526 et
1700 3475 1953 3527 manibus
1984 3475 2319 3542 pedibusque

746 3558 982 3611 vinctus.
1022 3559 1153 3612 Dum
1185 3564 1331 3613 enim
1358 3563 1613 3616 audiebat
1641 3565 1857 3617 sonitus
1884 3563 2129 3631 festivos,
2166 3566 2324 3619 intel-

749 3645 1051 3719 Iigcbatque
1079 3666 1174 3706 eos
1210 3652 1294 3706 edi
1343 3653 1413 3708 ob
1443 3654 1667 3709 allatum
1705 3658 1878 3713 sancti
1928 3659 2162 3713 Ilattliuci
2201 3660 2323 3714 bra-

748 3737 956 3801 chium,
1026 3740 1201 3795 eidem
1252 3756 1444 3797 sancto
1503 3760 1561 3798 se
1611 3746 2037 3807 commendavit,
2095 3759 2150 3799 et
2199 3765 2320 3801 mox

750 3830 930 3882 omnia
968 3831 1180 3885 vincula
1213 3848 1311 3886 sua
1357 3834 1575 3905 dirupta
1614 3835 1765 3899 vidit,
1814 3837 2137 3890 mirantibus
2180 3852 2323 3890 cun-

752 3918 877 3978 etis,
924 3919 1015 3989 qui
1065 3922 1314 3979 aderant.
1372 3944 1390 3976 ‹
1430 3926 1674 3995 Cumque
1724 3927 1826 3982 hoc
1865 3928 2096 3999 principi
2138 3927 2329 3984 fuisset

756 4011 1006 4074 relatum,
1037 4015 1214 4084 inquit
1239 4026 1453 4077 auctor,
1487 4034 1612 4071 eum
1644 4019 1798 4075 ocius
1823 4020 1889 4074 de
1921 4036 2140 4075 carcere
2172 4022 2325 4076 educi

758 4106 1053 4166 mandavit.
1105 4116 1268 4175 atque
1311 4117 1438 4164 ante
1484 4126 1642 4164 suum
1681 4121 2035 4179 conspectum
2082 4114 2276 4169 adduci
2313 4132 2327 4169 :

756 4212 915 4264 quem
964 4199 1178 4266 placitis
1211 4213 1524 4271 correptum
1566 4204 1743 4258 verbis
1771 4220 1871 4260 suo
1901 4206 2190 4261 confestim
2232 4209 2332 4261 lio-

759 4305 874 4343 iiori
910 4295 1164 4360 restituit,
1187 4296 1583 4366 pristinainque
1610 4298 1685 4355 illi
1712 4301 1941 4370 gratiam
1970 4300 2275 4357 redonavit.
2309 4318 2327 4351 ο

759 4380 1031 4438 IIacteiius
1051 4397 1241 4439 auctor
1269 4402 1595 4456 anonymus,
1626 4390 1717 4457 qui
1748 4390 2117 4444 verisimilitcr
2148 4390 2333 4445 floruit

763 4478 963 4531 sarculo
996 4493 1048 4537 ι.
1105 4494 1227 4533 cum
1265 4479 1402 4533 nihil
1460 4480 1634 4535 tradat
1665 4482 1732 4537 de
1778 4482 1865 4543 iis,
1914 4499 2033 4551 quae
2083 4485 2330 4553 sequenti

2394 614 2501 663 rire
2532 609 2765 679 potuerit
2798 609 2850 661 in
2884 606 3147 669 Lucania,
3186 606 3272 659 tibi
3316 605 3626 672 depositum
3680 601 3867 655 fuerat
3921 599 3973 650 in

2392 700 2621 755 ecclesia
2658 716 2824 769 prope
2883 701 3141 758 Paestum,
3180 696 3451 750 civitatem
3482 694 3691 747 bellicis
3729 690 3979 744 motibus

2394 806 2621 860 prorsus
2651 791 2906 853 dirutam,
2956 791 3101 842 clare
3157 786 3547 856 pchpiciemus
3603 799 3664 835 ex
3709 784 3795 843 iis,
3861 796 3980 847 qii:c

2394 884 2641 952 sequenti
2677 882 2875 935 saeculo
2902 881 3245 947 contigerunt
3270 878 3322 929 in
3360 877 3474 945 ipsa
3517 876 3739 927 civitate
3790 872 3980 925 Saler—

2396 975 2603 1037 nitaiia,
2634 973 2722 1026 tibi
2755 972 3004 1026 similiter
3028 970 3200 1038 primo
3237 968 3334 1021 fuit
3364 966 3639 1021 oblivione
3666 964 3974 1033 perditum,

2394 1083 2457 1120 ac
2489 1077 2675 1136 postea
2701 1064 2933 1118 feliciter
2970 1065 3268 1116 inventum.
3304 1058 3571 1112 Baronius
3629 1056 3696 1109 ad
3768 1071 3977 1107 annum

2398 1158 2537 1212 1080
2570 1174 2635 1211 ex
2669 1156 2989 1225 conjectura
3046 1152 3437 1206 verisimillima
3492 1150 3646 1213 dicit,
3707 1148 3780 1201 ob
3836 1148 3981 1199 varia

2396 1252 2661 1307 bellorum
2697 1248 3014 1303 discrimina
3042 1244 3375 1300 occultatum
3409 1241 3595 1304 fuisse,
3653 1249 3729 1302 ct,
3767 1250 3823 1290 nt
3860 1254 3981 1290 cre-

2398 1345 2557 1407 didit,
2589 1360 2652 1398 cx
2716 1342 2994 1397 hominum
3037 1340 3296 1393 memoria
3364 1336 3469 1403 jam
3515 1334 3827 1390 efﬂuxerat,
3888 1329 3979 1384 sed

2403 1436 2520 1490 fere
2544 1435 2717 1488 solum
2743 1433 2960 1502 ignotus
2981 1439 3094 1483 erat
3130 1428 3300 1490 locus,
3323 1427 3409 1480 tibi
3440 1426 3615 1478 fuerat
3638 1422 3977 1491 depositura.

2403 1526 2515 1581 Hoc
2538 1535 2719 1579 autem
2776 1538 2881 1575 non
2908 1536 3031 1573 raro
3060 1519 3285 1587 contigit
3315 1518 3381 1570 de
3416 1517 3535 1570 aliis
3578 1529 3802 1584 quoque
3856 1528 3981 1564 san-

2403 1627 2610 1671 ctorum
2644 1612 2988 1683 corporibus,
3021 1625 3139 1679 qum
3169 1609 3361 1661 timore
3390 1607 3660 1667 nimio,ue
3692 1603 3983 1656 auferren-

2406 1721 2493 1763 tur
2532 1725 2559 1761 a
2593 1723 2889 1778 quoquam,
2926 1704 3170 1774 deposita
3201 1701 3418 1755 fuerant
3474 1700 3593 1751 loco
3633 1697 3829 1767 paucis
3895 1712 3987 1748 co-

2406 1803 2574 1871 gnito,
2612 1812 2664 1855 et
2687 1802 2765 1855 sic
2782 1808 2877 1852 aut
2903 1798 3072 1852 multo
3106 1806 3349 1865 tempore
3374 1793 3645 1845 latuerunt
3680 1789 3981 1847 autetiam-

2408 1910 2534 1948 num
2565 1893 2753 1947 latent.

2478 1987 2564 2039 78.
2592 1985 2813 2039 Certum
2833 1996 3048 2051 quoque
3070 1990 3173 2042 est,
3196 1989 3440 2047 tempore
3466 1973 3523 2029 S.
3554 1974 3810 2045 Gregorii
3829 1970 3983 2040 Papae

2408 2076 2493 2131 VII
2530 2078 2808 2130 inventum
2853 2074 3021 2127 fuisse
3045 2069 3255 2124 Salerni
3290 2084 3486 2137 corpus
3512 2068 3689 2121 sancti
3724 2064 3985 2126 Matthzci,

2409 2180 2462 2223 et
2496 2167 2791 2224 secundam
2836 2166 2976 2217 hanc
3035 2178 3155 2216 csse
3220 2160 3588 2213 inventionem
3648 2158 3793 2211 sacri
3847 2157 3989 2209 illius

2414 2262 2655 2316 thesauri
2722 2261 2774 2313 in
2842 2272 3009 2326 regno
3083 2254 3456 2322 Neapolitano,
3532 2251 3658 2304 licet
3719 2247 3990 2301 Marsilius

2412 2368 2534 2419 cap.
2564 2353 2594 2403 9
2630 2348 2924 2403 secundam
2961 2346 3335 2399 inventionem
3376 2357 3498 2396 cum
3535 2341 3709 2410 prima
3752 2340 3990 2393 confun-

2414 2443 2524 2497 dat.
2566 2444 2778 2494 Annum
2815 2439 3153 2493 inventionis
3209 2436 3464 2492 secundm
3521 2433 3713 2487 nullibi
3750 2433 3994 2501 assigna-

2413 2547 2523 2591 ttiiii
2558 2536 2794 2589 invenio.
2831 2534 2901 2586 At
2932 2548 3080 2595 cum,
3126 2530 3461 2599 temporibus
3488 2525 3735 2594 Gregorii
3766 2524 3880 2586 VII,
3911 2525 3991 2574 Al-

2412 2628 2575 2699 phaui
2595 2624 2987 2692 archiepiscopi
3009 2618 3356 2679 Salernitani,
3385 2628 3439 2671 et
3461 2616 3751 2668 Salernum
3772 2624 3991 2666 tenente

2414 2720 2650 2771 Itoberto
2681 2713 2999 2774 Guiscardo,
3047 2712 3185 2764 facta
3210 2709 3279 2763 sit
3309 2708 3395 2761 illa
3424 2704 3684 2769 inventio,
3715 2715 3773 2757 ut
3794 2706 3997 2772 colligit

2414 2827 2475 2865 ex
2516 2809 2712 2864 litteris
2764 2805 3092 2877 Gregoriiad
3129 2803 3439 2871 Alphanum
3479 2816 3601 2854 mox
3667 2800 3992 2861 recitaiidis,

2416 2919 2524 2957 non
2560 2910 2738 2969 potest
2758 2900 2913 2969 longe
2942 2898 3130 2951 abesse
3160 2896 3229 2949 ab
3257 2909 3407 2948 anno
3438 2893 3594 2956 1080,
3614 2910 3726 2962 quo
3762 2892 3996 2946 refertur

2416 3011 2444 3048 a
2476 2993 2732 3046 Baroiiio.
2769 2991 2901 3045 Nam
2952 3006 3093 3044 anno
3142 2988 3278 3043 1077
3343 2985 3626 3041 Salernum
3675 3002 3705 3039 a
3759 2985 3999 3039 Rohcrto

2418 3088 2718 3142 Guiscardo
2784 3097 3105 3154 occupatum
3181 3080 3454 3136 existimat
3528 3078 3885 3140 Muratorius,
3950 3078 3997 3130 in

2345 3198 2387 3253 ο
2423 3181 2720 3234 Annalibus
2756 3178 2951 3237 Italiae,
2994 3175 3059 3229 ad
3104 3188 3307 3227 annum
3360 3172 3514 3225 I077.
3568 3168 3671 3221 Alii
3730 3169 3797 3221 ad
3868 3168 4000 3221 1075

2422 3283 2516 3327 aut
2564 3272 2700 3327 1076
2736 3272 2881 3324 illius
2932 3269 3167 3323 civitatis
3216 3264 3673 3335 expugnationem
3734 3260 3998 3312 referunt.

2423 3370 2575 3425 Ohiit
2605 3382 2785 3421 autem
2845 3365 3096 3418 laudatus
3152 3362 3421 3412 Itobertus
3451 3374 3593 3409 anno
3636 3356 3794 3411 1085,
3833 3355 3908 3406 oti
3955 3365 4002 3406 et

2424 3461 2719 3530 Gregorius
2780 3457 2891 3521 VII,
2956 3458 3065 3510 iiiio
3119 3465 3173 3507 et
3220 3453 3504 3521 Alphanus
3555 3450 4003 3516 archiepiscopus

2426 3552 2730 3608 secundum
2768 3548 3075 3618 Uglicllum.
3108 3546 3358 3600 Iuventio
3390 3543 3553 3614 igitur
3595 3550 3748 3594 certo
3773 3542 4001 3609 contigit

2428 3649 2567 3701 inter
2598 3659 2798 3697 annum
2838 3642 2967 3695 l075
2996 3653 3048 3696 et
3085 3642 3245 3702 1085,
3281 3638 3533 3705 ideoque.
3570 3644 3628 3686 ut
3682 3634 3996 3693 minimum,

2428 3750 2647 3795 centum
2689 3747 2744 3790 et
2784 3737 2970 3805 viginti
3006 3736 3164 3789 annis
3207 3744 3329 3802 post
3363 3730 3616 3801 primam,
3650 3736 3705 3779 ut
3741 3724 3893 3778 nulla
3931 3739 4004 3774 ra-

2431 3832 2575 3884 tione
2606 3843 2728 3881 cum
2748 3828 2838 3881 illa
2863 3827 3125 3881 confundi
3161 3827 3358 3877 valeat.
3394 3823 3557 3875 ltecte
3620 3820 3785 3888 igitur
3818 3818 4007 3871 ambas

2431 3926 2779 3981 inventiones
2812 3917 3102 3989 distinguit
3132 3916 3339 3985 Gaspar
3368 3913 3547 3966 Musca
3586 3914 3637 3961 in
3670 3909 4007 3976 Compendio

2430 4020 2496 4074 de
2534 4020 2653 4073 Vita
2719 4028 2774 4073 et
2823 4009 3278 4070 translationibus
3336 4004 3508 4061 sancti
3556 3999 3798 4055 Matthwi
3845 4010 3901 4052 et
3959 4000 4007 4049 in

2432 4110 2868 4179 archiepiscopis
2897 4102 3286 4161 Salernitanis.

2506 4204 2593 4257 79.
2622 4200 2860 4268 Epistola
2888 4196 2946 4249 S.
2974 4193 3221 4262 Gregorii
3270 4188 3382 4251 VII,
3426 4202 3489 4239 ex
3548 4199 3651 4253 qua
3699 4183 3812 4251 jam
3871 4182 4007 4234 dicta

2436 4295 2789 4362 colliguntur,
2825 4286 2970 4355 apud
3001 4282 3291 4336 Baronium
3334 4279 3398 4330 ad
3432 4290 3634 4328 annum
3676 4273 3815 4326 1080
3880 4273 4011 4325 reci-

2441 4394 2587 4440 tatur
2620 4382 2722 4435 lioc
2778 4377 2939 4433 modo
2993 4390 3007 4427 :
3055 4391 3074 4424 (
3135 4367 3432 4441 Gregorius
3483 4364 3775 4435 episcopus
3826 4376 4010 4416 servus

2441 4488 2723 4532 servorum
2757 4471 2850 4525 Dei
2877 4467 3034 4524 fratri
3065 4474 3120 4521 et
3154 4464 3484 4533 coepiscopo
3517 4455 3877 4513 Salernitano
3917 4454 4007 4505 Αι-

765 4569 964 4622 szeculo
996 4571 1133 4625 facta
1161 4572 1501 4637 videbimus;
1533 4572 1643 4626 imo
1680 4574 2039 4627 vehementer
2068 4577 2333 4643 suspicor,
2366 4548 2411 4604 ί)
2442 4574 2621 4643 pliano
2644 4569 2873 4623 salutem
2915 4572 2971 4617 et
3004 4558 3360 4629 apostolicam
3422 4549 3892 4606 benedictionem.
3929 4544 4009 4597 Di-

765 4674 872 4712 non
912 4662 1075 4713 alium
1109 4677 1230 4717 esse
1271 4666 1337 4718 ab
1366 4677 1640 4733 anonymo
1680 4664 2049 4727 Salernitano,
2085 4668 2176 4735 qui
2213 4682 2337 4721 ver-

767 4749 852 4803 bis
886 4766 1036 4803 num.
1071 4751 1139 4807 65
1168 4752 1309 4807 datis
1350 4759 1420 4809 de
1455 4755 1605 4810 hisce
1646 4758 1871 4811 uberius
1919 4774 1977 4817 se
2008 4759 2334 4829 scripturum

770 4854 1040 4908 promisit.

765 4999 793 5069 §
827 4999 911 5055 VI.
941 5000 1137 5072 Carpus
1165 5005 1353 5057 iterum
1397 5006 1659 5059 inventum
1688 5004 1924 5067 Salerni,
1961 5018 2008 5060 et
2038 5012 2108 5062 ad
2158 5027 2339 5062 novam

880 5073 1150 5126 ecclesiam
1179 5076 1518 5129 translatum.
1564 5075 1722 5130 Varia
1750 5076 1935 5131 Sancti
1966 5080 2225 5147 bene/icio.

853 5214 945 5266 77.
974 5212 1291 5282 Quanquam
1328 5228 1436 5267 non
1480 5215 1612 5268 satis
1649 5216 1918 5273 novimus.
1947 5232 2054 5282 quo
2105 5225 2344 5282 tempore

778 5314 873 5361 aut
900 5305 1056 5372 cujus
1079 5322 1239 5373 Opera
1270 5322 1468 5377 corpus
1500 5306 1679 5361 sancti
1708 5307 1939 5361 Matthaii
1975 5309 2025 5358 iii
2053 5307 2343 5361 Lucaniam

780 5396 949 5451 fuerit
992 5396 1257 5460 delatum,
1300 5398 1429 5452 illud
1488 5406 1665 5452 tamen
1704 5398 1901 5451 ibidem
1953 5412 2095 5450 anno
2129 5395 2233 5448 954
2268 5396 2347 5446 iii-

784 5500 1030 5552 ventitm,
1063 5502 1119 5545 et
1170 5491 1457 5544 Salernum
1491 5505 1656 5559 opera
1709 5488 1957 5559 Gisulphi
2007 5489 2266 5557 principis
2298 5498 2351 5540 et

781 5584 1073 5640 Bernardis
1104 5584 1345 5652 episcopi
1365 5582 1691 5636 Salernitani
1716 5581 2031 5636 translatum
2053 5582 2350 5647 scriptores

784 5686 1054 5732 testantur
1093 5686 1199 5729 tam
1252 5676 1481 5742 antiqui,
1512 5674 1770 5728 nimirum
1813 5676 2128 5743 Anonymus
2174 5674 2353 5724 Saler-

787 5771 1023 5831 nitanus,
1055 5771 1145 5838 qui
1180 5770 1289 5824 fere
1326 5771 1515 5824 eodem
1571 5770 1769 5823 vixisse
1825 5778 2065 5837 tempore
2118 5766 2348 5828 videtur,

788 5874 838 5916 et
881 5860 984 5916 Leo
1017 5861 1301 5928 Ostiensis,
1366 5873 1423 5917 ut
1454 5861 1611 5915 fidem
1641 5862 1706 5916 iis
1744 5876 1940 5932 negare
1994 5876 2346 5929 nequeamus.

2440 4640 2579 4715 vina:
2609 4656 2828 4727 pietatis
2858 4649 3130 4721 respectui
3168 4647 3369 4716 gratias
3401 4644 3649 4711 ingentes
3697 4640 4010 4692 referimus.

2439 4752 2599 4821 cuius
2638 4744 2883 4819 dignatio
2916 4743 3235 4797 thesaurum
3277 4748 3533 4805 magnum
3560 4731 3767 4793 totique
3812 4733 4012 4782 mundo

2441 4844 2788 4917 profuturum
2824 4838 3027 4892 nostris
3064 4830 3404 4901 temporibus
3448 4823 3878 4882 misericorditer
3936 4838 4015 4874 re-

2442 4938 2663 4993 velavit.
2716 4932 2831 4988 Non
2861 4928 3133 4985 immerito
3164 4936 3272 4978 tua:
3318 4933 3536 4990 quoque
3566 4916 3847 4970 dilectioni
3890 4931 4010 4981 grii-

2443 5033 2702 5090 tulamur,
2730 5040 2851 5095 qua:
2883 5029 3043 5077 tanta:
3064 5015 3270 5071 latitia:
3299 5012 3515 5067 coalitus
3559 5022 3746 5062 revera
3787 5018 4013 5059 osteiisle

2448 5120 2744 5191 participes
2780 5131 2879 5170 nos
2932 5114 3146 5167 eIIicere
3178 5107 3412 5163 sollicite
3464 5100 3802 5174 procuravit.
3831 5099 4012 5153 Credi-

2449 5228 2569 5267 mus
2604 5209 2872 5281 siquidem
2921 5214 2975 5259 et
3004 5204 3388 5257 incunctanter
3416 5194 3733 5254 asseriinus,
3783 5191 3855 5246 de
3886 5191 4009 5243 tanti

2448 5304 2694 5375 corporis
2731 5298 3045 5354 inventione
3077 5309 3187 5349 non
3220 5291 3395 5345 solum
3429 5288 3606 5356 ipsum
3638 5284 3861 5338 beatum
3890 5283 4012 5336 Mat-

2454 5401 2652 5453 thazum
2677 5392 3006 5464 apostolum,
3044 5402 3233 5441 verum
3269 5382 3434 5437 etiam
3476 5387 3704 5432 caeteros
3732 5387 4012 5446 coaposto-

2453 5491 2533 5543 los
2558 5504 2680 5543 cum
2709 5484 2929 5540 Sanctis
2959 5480 3213 5532 omnibus
3258 5474 3501 5544 ipsisque
3550 5468 3871 5523 cmlestibus
3902 5468 4012 5535 Spi-

2458 5583 2676 5641 ritibus,
2702 5588 2756 5631 et
2787 5574 3017 5645 gloriosa
3054 5571 3143 5621 Dei
3166 5565 3446 5621 Geiiitrice
3481 5561 3668 5623 Maria,
3700 5561 4012 5614 mortalibus

2459 5672 2827 5740 congauderc,
2866 5676 3022 5732 atque
3051 5660 3292 5729 ipsorum
3339 5654 3583 5709 omnium
3641 5653 3826 5705 studia
3887 5651 4013 5703 circa

2460 5767 2758 5819 Iiuniaiiuiii
2796 5774 2962 5830 genus
3001 5755 3099 5806 hoc
3148 5762 3418 5821 tempore,
3450 5763 3609 5817 quam
3659 5745 3807 5806 aliis,
3863 5742 4014 5795 multo

2463 5856 2816 5928 prOpensiora
2883 5848 3219 5914 multumque
3312 5857 3432 5896 esse
3529 5838 3908 5895 uberautiora.
3969 5832 4011 5885 Si
