4150 6494
149 446 256 508 797

149 558 298 615 enim
379 557 590 613 caeteris
661 557 999 628 temporibus

150 651 382 709 trocinia
433 652 522 721 pia
580 665 690 705 non
742 651 1036 717 deserunt;
1090 651 1402 707 certissime
1468 657 1605 701 tunc
1643 663 1742 716 p0-

151 745 422 800 tissimum
457 745 729 812 speranda
761 752 890 798 sunt
925 758 1114 798 eorum
1172 742 1398 805 auxilia,
1444 756 1573 796 cum
1611 755 1745 793 san-

149 836 400 892 ctissima
433 851 626 890 eorum
653 850 882 904 corpora
914 835 1072 890 nobis
1105 835 1263 904 quasi
1295 833 1542 889 rediviva
1560 834 1749 887 divino

152 939 292 984 nutu
334 929 792 983 manifestantur:
823 939 880 982 et
916 929 1058 982 sicut
1083 943 1183 998 per
1215 927 1466 998 corporei
1488 935 1749 996 aspectus

153 1021 418 1074 intuitum
474 1030 734 1090 tanquam
793 1019 927 1074 fides
993 1019 1268 1085 cernitur,
1325 1034 1452 1088 spes
1503 1020 1614 1089 jam
1668 1031 1752 1073 te-

153 1123 359 1178 netur;
416 1113 490 1166 ita
538 1128 728 1168 eorum
803 1110 1066 1166 beneficia
1127 1121 1260 1166 tunc
1333 1126 1462 1180 erga
1521 1111 1748 1165 devotos

154 1208 432 1271 renovari,
482 1207 817 1275 uberiusque
873 1205 1184 1259 redundare
1253 1203 1590 1259 credendum
1637 1214 1746 1260 est.

155 1298 309 1354 Unde
370 1298 536 1353 etiam
597 1308 787 1353 saneta
846 1297 1174 1352 universalis
1226 1295 1491 1358 Ecclesia,
1535 1296 1741 1351 dudum

154 1390 368 1458 magnis
396 1388 706 1444 turbinibus
739 1385 1012 1456 variisque
1040 1387 1299 1455 procellis
1331 1386 1590 1457 impulsa,
1627 1386 1743 1441 cla-

158 1496 365 1536 morem
391 1495 552 1535 suum
584 1496 613 1534 a
647 1480 1220 1535 Dominoexauditum
1247 1496 1355 1535 non
1386 1479 1623 1545 dubitet,
1645 1481 1743 1536 sed

154 1576 220 1627 ad
253 1573 424 1644 quieti
459 1573 660 1628 littoris
693 1573 1047 1628 securitatem
1079 1575 1294 1629 alacres
1350 1575 1543 1630 oculos
1605 1589 1637 1628 e
1666 1575 1746 1629 vi-

153 1667 280 1721 cino
315 1667 630 1729 intendens,
659 1667 801 1722 beati
836 1666 1073 1721 Matthazi
1140 1668 1372 1738 apostoli
1425 1668 1742 1738 praesidium

149 1760 303 1829 juxta
342 1761 784 1830 contempletur:
814 1760 1074 1830 quoniam
1107 1761 1220 1827 jam
1259 1775 1406 1815 nunc
1436 1775 1546 1813 non
1581 1760 1746 1815 dubie

151 1852 263 1920 agit
303 1852 356 1905 in
390 1860 572 1922 portu,
602 1854 685 1905 cui
721 1868 870 1905 suam
902 1853 1251 1920 prmsemiam
1280 1853 1519 1906 ostendit
1541 1853 1744 1922 guber-

1457 447 1626 505 Vl'l‘A
1671 448 1730 505 S.
1770 447 1820 504 Μ
1835 444 2160 505 ΑΤΤΗᾸΞΙ.

1097 567 1415 613 sanctorum
1501 573 1603 611 nos
1654 572 1745 626 pa-
1781 562 1824 616 Α
1857 559 2047 610 venire
2077 570 2140 610 ac
2175 554 2367 626 primis
2400 556 2661 624 Vesperis
2690 571 2790 612 nec
2826 571 2935 612 non
2967 555 3149 611 misse
3209 555 3443 612 solemni

3333 443 3440 511 798

1857 649 2261 720 pontificalibus
2321 649 2502 704 induti
2558 653 2844 712 interesse.
2931 659 3078 704 certa
3163 649 3443 718 proposita

1856 757 2014 812 poma
2047 752 2330 796 tenentur.
2372 741 2533 807 Quod
2568 755 2623 798 et
2644 744 2764 798 sine
2794 743 3219 810 intermissione
3248 743 3443 799 hacte-

1858 849 1963 888 nus
1991 833 2417 902 diligentissime
2454 845 2728 888 servatum
2761 844 2870 898 est,
2905 843 2960 889 et
2990 834 3209 889 assidue
3253 849 3443 888 serva-

1856 938 1963 983 tur.
2012 949 2030 979 ι
2063 928 2188 983 Post
2213 928 2330 981 hazc
2367 927 2625 983 laudatus
2653 938 2845 983 auctor
2878 929 3055 995 vergit
3109 929 3174 982 ad
3227 927 3440 982 descri-

1857 1021 2100 1090 ptionem
2125 1019 2367 1090 regionis
2409 1019 2836 1082 Picentinorum,
2866 1029 2920 1073 et
2950 1018 3102 1073 urbis
3139 1017 3440 1072 Salernita-

1855 1125 1960 1176 nte,
2000 1126 2122 1180 quae
2143 1110 2264 1179 ejus
2291 1117 2374 1162 est
2410 1110 2730 1179 tnetrOpolis
2763 1111 2828 1164 ad
2889 1123 3037 1162 mare
3090 1106 3436 1178 Tyrrhenum

1853 1210 1907 1254 et
1941 1201 2126 1253 sinum
2172 1199 2585 1254 Salernitanum
2637 1200 2758 1253 sita.
2813 1198 2948 1252 Tum
3016 1196 3276 1265 templum
3320 1195 3436 1265 jam

1850 1292 2084 1353 dictant,
2117 1291 2266 1361 quod
2314 1291 2796 1361 metropolitanum
2839 1297 2944 1352 est,
2999 1288 3107 1342 late
3152 1285 3434 1350 describit,

1851 1383 2098 1453 illudque
2123 1384 2344 1438 aitesse
2392 1382 2746 1453 longitudinis
2797 1396 3054 1451 passuum
3117 1379 3436 1450 nonaginta,

1853 1475 2159 1532 latitudinis
2214 1490 2345 1530 vero
2403 1475 2648 1546 triginta,
2687 1482 2742 1528 et
2787 1473 2948 1543 justo:
3008 1471 3200 1527 itidem
3252 1469 3438 1525 altitu-

1853 1571 2019 1627 diuis.

1924 1665 2013 1720 8f.
2047 1665 2303 1736 Cryptam
2335 1666 2521 1737 templi
2563 1666 3008 1725 subterraneam,
3038 1662 3094 1717 in
3129 1673 3233 1729 qua
3261 1657 3435 1727 depo-

1851 1759 2016 1813 situm
2050 1770 2133 1814 est
2161 1776 2361 1830 corpus
2415 1759 2589 1815 sancti
2631 1757 2889 1821 Matthaai,
2947 1754 3198 1810 similiter
3229 1752 3436 1806 descri-

1851 1852 1950 1916 bit,
1984 1851 2128 1906 etde
2153 1851 2477 1921 corpureibi
2509 1851 2822 1907 servatoita
2882 1847 3144 1916 loquitur,
3179 1859 3300 1913 pag.
3341 1841 3428 1895 80:

155 1955 314 2000 nator
343 1943 628 2011 antiquus.
657 1941 1004 2012 Quapropter
1032 1943 1099 1997 de
1130 1943 1265 1997 tanti
1305 1944 1551 1998 thesauri
1583 1960 1739 2000 reve-
1778 1938 1816 1992 Β
1853 1963 1873 1997 e
1911 1943 2017 1998 Sed
2061 1933 2207 2012 quod
2258 1955 2342 1996 est
2374 1944 2428 1996 in
2461 1945 2574 2011 ipsa
2611 1949 2796 2010 crypta
2841 1936 3228 1996 venerabilius,
3265 1941 3319 1986 et
3366 1945 3429 1983 ex

154 2035 360 2090 latione
395 2047 488 2090 tua
532 2035 846 2090 fraternitas
886 2037 1120 2091 exsultet
1150 2039 1202 2090 in
1239 2036 1489 2100 Domino.
1525 2049 1581 2093 et
1615 2039 1743 2092 bea-

158 2127 405 2183 tissimas
470 2127 734 2198 reliquias
774 2129 972 2184 debita;
1023 2130 1398 2185 venerationis
1456 2131 1743 2201 obsequiis

156 2221 341 2292 dignis
401 2221 761 2290 amplectens,
806 2222 1105 2293 gloriosum
1169 2221 1364 2276 ducem
1416 2221 1740 2290 Robertum,

157 2312 862 2384 ipsiusquenobiliSsimam
916 2315 1202 2384 conjugem
1255 2316 1504 2370 hortetur
1539 2327 1593 2371 et
1624 2334 1743 2372 mo-

160 2413 306 2466 neat,
349 2413 627 2471 quatenus
696 2413 801 2456 tam
861 2405 1061 2474 insigni
1114 2417 1365 2474 patrono,
1417 2410 1505 2476 qui
1565 2425 1622 2464 se.
1666 2411 1746 2466 eis

157 2499 540 2551 demonstrare
566 2496 817 2566 dignatus
843 2505 948 2562 est,
981 2499 1342 2551 reverentiam
1387 2509 1442 2553 et
1477 2501 1741 2557 honorent

158 2588 790 2654 decenterexhibentes,
851 2589 1022 2660 ipsius
1087 2591 1318 2660 gratiam
1375 2601 1432 2645 et
1480 2595 1742 2646 auxilium

160 2683 264 2737 sibi
300 2682 530 2752 suisque
563 2684 862 2753 promereri
914 2683 1127 2738 nisibus
1176 2699 1404 2739 summa:
1436 2685 1745 2742 devotionis

158 2775 521 2831 contendant.
588 2776 707 2830 Dat.
737 2775 922 2831 Romre
980 2793 1074 2831 xm
1113 2776 1233 2834 Kal.
1273 2775 1466 2832 Octob.
1505 2797 1522 2830 ι
1549 2778 1748 2833 Hacte-

158 2883 263 2922 nus
298 2865 616 2936 Gregorius,
676 2867 833 2938 cujus
888 2867 1128 2936 Epistola
1191 2866 1593 2938 procul'dubio
1622 2871 1744 2924 data

155 2969 260 3016 est.
305 2966 594 3026 postquam
647 2973 836 3027 pacem
896 2957 1094 3012 inierat
1148 2975 1272 3013 cum
1329 2960 1570 3016 Roberto
1615 2962 1748 3017 Gui-

157 3048 378 3112 scardo,
413 3049 557 3118 quod
593 3049 791 3104 factum
819 3059 899 3106 est
924 3066 1069 3106 anno
1125 3050 1284 3117 1078,
1317 3061 1375 3107 ut
1407 3055 1625 3109 ostendi
1679 3057 1746 3110 ad

159 3144 227 3198 16
261 3142 607 3211 Septembris
640 3143 691 3196 in
730 3142 790 3197 Β.
832 3141 1056 3199 Victore
1114 3145 1205 3208 lll,
1233 3145 1259 3217 ς
1285 3147 1345 3212 8-,
1375 3162 1501 3201 cum
1567 3148 1746 3204 hono-

158 3234 371 3289 rificam
439 3231 509 3288 de
563 3232 803 3287 Roberto
853 3232 1018 3286 faciat
1084 3236 1446 3286 mentionem.
1507 3232 1745 3287 Rursum

155 3326 363 3398 scripta
389 3335 540 3381 certo
557 3335 640 3380 est
672 3325 898 3392 epistola
928 3323 1197 3394 Gregorii,
1249 3335 1543 3394 antequam
1570 3327 1746 3381 ftoma

158 3435 313 3475 anno
350 3419 490 3473 1084
534 3417 862 3480 discederet,
894 3429 948 3472 et
974 3421 1347 3476 verisimiliter
1387 3430 1514 3475 ante
1554 3420 1749 3476 condi-

161 3523 272 3565 tam
306 3527 336 3564 a
364 3510 613 3565 Roberto
657 3512 834 3566 sancti
898 3511 1133 3567 llatthtei
1170 3514 1482 3578 ecclesiam,
1526 3514 1594 3569 de
1640 3529 1746 3582 qua

160 3620 286 3660 mox
328 3619 507 3677 agam,
545 3612 605 3660 ut
645 3620 872 3661 necesse
900 3607 993 3668 sit,
1032 3616 1138 3660 tam
1165 3606 1746 3674 inventionem,quam

157 3697 519 3769 scriptionem
560 3697 810 3766 Epistolas
838 3695 1085 3766 Gregorii
1135 3697 1301 3765 ﬁgere
1330 3698 1477 3751 circa
1538 3711 1745 3750 annum

159 3792 303 3847 1080
337 3809 348 3845 :
383 3791 485 3845 hoc
522 3789 667 3844 enim
729 3789 847 3860 ipso
911 3804 1054 3844 anno
1107 3790 1420 3860 contigerit,
1480 3801 1575 3847 aut
1638 3808 1748 3846 uno

157 3885 404 3936 alterove
427 3896 572 3935 anno
606 3881 769 3936 citius
808 3891 900 3936 aut
925 3882 1123 3937 serius.

231 3974 325 4029 80.
363 3973 438 4028 De
472 3984 790 4029 constructo
823 3975 997 4026 sancti
1055 3973 1293 4027 Matthai
1357 3977 1560 4044 templo
1625 3989 1749 4044 post

155 4076 535 4136 expugnatum
556 4065 842 4118 Salernum
863 4065 915 4118 in
940 4063 1193 4120 Chronico
1213 4065 1495 4122 Catinensi
1545 4069 1639 4122 lib.
1663 4087 1745 4134 ιιι,

158 4173 285 4228 cap.
327 4158 418 4220 45,
447 4159 711 4228 leguntur
735 4159 1019 4228 sequentia
1051 4175 1066 4213 :
1102 4177 1121 4210 ι
1163 4159 1398 4213 Civitate
1416 4171 1600 4216 autem
1649 4179 1749 4230 po-

160 4251 278 4316 tita,
326 4251 598 4306 Bobertus
638 4252 928 4309 ecclesiam
962 4252 1135 4306 sancti
1200 4251 1435 4321 apostoli
1476 4266 1531 4307 et
1576 4269 1745 4307 evan-

157 4343 367 4414 gelista:
391 4341 626 4398 Matthzei
668 4343 799 4397 inibi
828 4343 1280 4412 construijussit,
1322 4345 1377 4398 iu
1430 4361 1536 4414 qua
1582 4344 1746 4397 etiam

157 4453 382 4492 sacrum
434 4436 685 4506 ejusdem
725 4436 956 4506 apostoli
1002 4451 1202 4506 corpus
1251 4451 1461 4492 summa
1493 4452 1618 4489 cum
1651 4451 1747 4490 ve-

157 4529 445 4584 neratione
475 4528 697 4591 locavit,
731 4543 793 4584 os
816 4530 1089 4598 integrum
1126 4530 1339 4584 brachii
1372 4529 1515 4597 ejus,
1544 4545 1747 4600 argeu-

1847 2035 1979 2090 orbe
2012 2043 2124 2088 toto
2155 2032 2499 2088 Christianos
2528 2031 2781 2085 homines
2805 2028 2974 2082 allicit
3006 2043 3020 2089 ;
3051 2025 3288 2095 quiescit
3327 2022 3430 2076 ibi-

1851 2128 1975 2182 dem
2012 2126 2423 2182 sanctissimum
2448 2133 2502 2179 et
2537 2123 2993 2196 gloriosissimum
3025 2118 3266 2174 Matthrei
3295 2131 3431 2185 apo-

1847 2222 1968 2275 stoli
2008 2232 2063 2273 et
2093 2221 2441 2289 evangelista:
2483 2233 2685 2288 corpus
2727 2214 3134 2286 religiosissime
3198 2211 3433 2266 colloca-

1849 2321 1961 2367 tnm
2000 2330 2013 2367 :
2053 2311 2323 2381 siquidem
2380 2312 2706 2379 quadratum
2765 2317 2848 2363 est
2903 2309 2956 2361 in
3015 2305 3193 2362 media
3246 2310 3433 2373 crypta

1849 2407 2106 2477 Spatium,
2135 2405 2282 2476 quod
2324 2404 2524 2474 lapidei
2588 2401 2980 2472 cancellatique
3011 2400 3248 2471 parietes
3279 2396 3431 2450 bicu-

1850 2499 2047 2552 bitales
2085 2499 2337 2553 ambiunt
2361 2499 2426 2552 ad
2466 2497 2623 2552 ulnas
2656 2513 2720 2551 ex
2741 2495 2889 2552 omni
2917 2495 3085 2549 latere
3121 2490 3434 2553 duodecim,

1848 2605 1957 2658 quo
1988 2592 2156 2644 veluti
2188 2602 2346 2659 septo
2388 2591 2560 2646 altare
2585 2591 2823 2660 cingitur
2853 2587 3308 2644 vetustissimum,
3330 2581 3433 2636 sub

1848 2697 1955 2752 quo
1994 2681 2288 2735 thesaurus
2325 2681 2414 2736 ille
2453 2683 2730 2751 repositus
2757 2690 2862 2743 est,
2893 2681 2966 2733 ita
3020 2689 3076 2733 ut
3109 2680 3263 2732 locus
3312 2677 3433 2746 ipse

1849 2790 1946 2845 per
1975 2773 2183 2828 ferreos
2216 2774 2495 2828 cancellos
2525 2771 2813 2828 commode
2837 2771 3006 2826 videri
3044 2771 3235 2841 possit.
3259 2767 3432 2823 Tanta

1851 2866 1952 2921 fuit
1984 2878 2164 2921 autem
2190 2867 2322 2921 olim
2353 2876 2406 2920 et
2435 2877 2522 2920 est
2558 2865 2720 2921 hodie
2747 2880 2964 2935 quoque
3009 2863 3295 2919 celebritas
3325 2861 3432 2916 loci

1851 2959 2032 3028 hujus,
2065 2967 2122 3011 ut
2151 2974 2259 3010 non
2319 2956 2653 3013 Salernitani
2693 2957 2875 3021 modo,
2909 2957 3003 3011 sed
3030 2955 3274 3009 omnium
3327 2953 3435 3008 cir-

1850 3065 2200 3120 cumquaque
2234 3049 2641 3119 provinciarum
2694 3051 2884 3105 incola:
2939 3050 3159 3104 assidue
3198 3065 3436 3103 concur-

1855 3154 2021 3208 rant;
2055 3147 2163 3197 imo
2224 3157 2358 3197 vero
2383 3149 2440 3196 et
2474 3141 2861 3197 remotissimae
2891 3154 3111 3210 quoque
3145 3149 3335 3210 gentes
3369 3154 3434 3194 ex

1853 3234 2072 3306 Europa
2103 3245 2213 3290 tota
2249 3237 2573 3306 frequenter
2599 3235 2902 3302 confluant,
2939 3244 2995 3290 et
3021 3245 3130 3289 tam
3158 3233 3438 3306 ingentem

1854 3325 2054 3380 visura
2102 3326 2520 3390 beatitudinem,
2570 3337 2624 3382 et
2663 3345 2691 3381 a
2728 3329 2835 3382 Deo
2865 3327 3098 3382 Domino
3157 3344 3224 3383 ex
3276 3328 3439 3395 hujus

1853 3418 2080 3489 apostoli
2116 3418 2327 3475 meritis
2378 3420 2631 3489 petitura:
2679 3420 2922 3484 divitias,
2979 3421 3270 3486 honorem,
3308 3421 3438 3474 vita:

1855 3513 2306 3579 diuturnitatem,
2357 3525 2598 3585 optatam
2630 3515 2868 3587 denique
2905 3515 3219 3572 felicitatem
3244 3517 3300 3570 in
3335 3515 3439 3570 hoc

1854 3604 2077 3666 sacculo,
2106 3614 2159 3656 et
2186 3605 2484 3673 (pratcipne
2511 3607 2756 3674 quidem,
2805 3609 2851 3661 si
2916 3611 3159 3678 sapiunt,
3207 3607 3437 3676 gratiam

1853 3693 1965 3750 Deo
1991 3695 2134 3750 bene
2160 3697 2458 3763 serviendi,
2486 3698 2904 3769 ohtinendique)
2933 3701 3157 3771 gloriam
3181 3703 3235 3755 in
3255 3701 3440 3755 futuro

1853 3798 2197 3858 perpetuam.
2234 3793 2555 3859 Augetcum
2579 3790 2938 3848 admiratione
2963 3793 3221 3862 pietatem
3254 3793 3439 3862 liquor

1854 3883 2129 3950 pretiosus
2169 3890 2474 3936 ctsattctus
2515 3883 2737 3952 (manna
2795 3887 2956 3956 vulgo
2989 3887 3208 3954 dicitur)
3257 3889 3344 3954 qui
3372 3903 3437 3938 ex

1853 3974 2167 4028 beatissimo
2211 3991 2439 4046 corpore
2473 3987 2680 4042 manat,
2719 3977 2786 4033 ad
2812 3980 2950 4032 mala
3013 3981 3195 4032 omnia
3223 3982 3438 4050 propel-

1854 4065 2009 4119 lenda
2082 4066 2366 4121 antidotus
2452 4067 2904 4135 praesentissima,
2973 4071 3435 4139 quemadmodum

1851 4155 2105 4223 frequens
2137 4158 2322 4210 docuit
2382 4161 2721 4226 experientia
2784 4162 3019 4230 plurium
3090 4163 3438 4218 surculorum.

1853 4244 1980 4302 Htec
2013 4249 2079 4302 de
2110 4264 2264 4302 saera
2291 4253 2537 4320 corporis
2571 4253 2866 4307 novissima
2893 4257 3249 4309 translatione
3285 4257 3434 4310 sufli—

1855 4344 2027 4406 ciant,
2075 4359 2092 4392 ι
2155 4342 2338 4412 inquit
2391 4355 2606 4410 auctor,
2665 4346 2758 4414 qui
2823 4347 3016 4400 transit
3059 4349 3124 4399 ad
3174 4348 3433 4401 miraciila

1851 4435 2100 4504 qurcdam
2160 4438 2509 4506 exponenda.
2561 4440 2629 4492 At
2703 4441 2989 4495 nonnullla
3056 4457 3122 4496 ex
3171 4441 3276 4496 illis
3321 4443 3430 4511 jam

1852 4528 2101 4596 exposui,
2125 4524 2229 4580 alia
2253 4529 2498 4597 quaedam
2535 4533 2602 4585 ad
2632 4531 2770 4586 alios
2802 4533 2982 4602 potius
3002 4543 3245 4598 sanctos,
3271 4549 3430 4605 quam

157 4633 241 4678 tea
279 4623 442 4676 theca
478 4622 823 4676 reconditum
856 4623 922 4677 ad
949 4638 1103 4676 suam
1127 4622 1476 4693 filiorumque
1513 4625 1741 4680 tutelam
1779 4634 1822 4690 ι)
1851 4620 1916 4673 ad
1954 4630 2205 4676 sanctum
2246 4621 2556 4675 Multhteum
2610 4636 2857 4692 spectare
2888 4624 3160 4678 videntur.
3186 4627 3432 4694 Quapro-

157 4727 476 4770 reservans.
513 4730 532 4765 ι
571 4712 645 4767 De
664 4713 828 4783 hujus
861 4715 1108 4769 ecclesiae
1159 4717 1576 4774 constructione
1624 4719 1748 4773 illu—

157 4807 472 4861 strissimus
510 4805 803 4870 Marsilius,
831 4823 954 4878 cap.
989 4807 1043 4874 9,
1072 4823 1199 4880 pag.
1245 4809 1340 4877 7f,
1380 4810 1483 4865 ista
1516 4811 1746 4865 scribit:

161 4916 180 4947 ι
221 4898 514 4968 Regnante
548 4898 712 4968 igitur
744 4898 988 4956 Roberto
1034 4901 1362 4970 Guiscardo,
1422 4920 1486 4959 ac
1518 4907 1751 4961 sedente

155 4987 430 5060 Gregorio
461 4989 565 5053 Vll,
615 4993 832 5062 triginta
866 4995 1088 5050 circiter
1129 4999 1258 5049 anni
1295 4999 1365 5051 ab
1425 4999 1750 5054 inventione

157 5084 496 5138 transierant
527 5083 660 5153 (imo
686 5095 910 5140 centum
939 5096 994 5141 et
1020 5086 1243 5142 circiter
1277 5090 1467 5158 viginti
1502 5092 1748 5161 quinque

155 5177 221 5230 ab
249 5167 578 5233 inventione
611 5178 721 5242 illa,
769 5177 837 5233 de
890 5196 996 5248 qua
1059 5182 1324 5250 loquitur,
1389 5182 1444 5237 in
1502 5185 1750 5256 partibus

157 5265 438 5340 Lucaniae)
469 5272 1074 5341 magnificentissinnnn
1119 5276 1383 5345 templum
1416 5277 1544 5332 divo
1613 5293 1748 5346 apo-

157 5365 296 5418 stolo
328 5365 674 5419 construitur
697 5382 819 5420 tera:
855 5365 1025 5436 ipsius
1077 5364 1302 5425 Roberti
1370 5370 1657 5438 peculiari,
1695 5372 1748 5425 in

160 5468 266 5524 quo
310 5473 413 5527 per
436 5471 636 5512 novam
657 5458 821 5513 veluti
858 5460 1278 5516 translationem
1304 5478 1478 5518 sacrae
1504 5465 1750 5533 reliquiae

160 5547 377 5604 demum
405 5553 659 5622 repositae
689 5564 839 5620 sunt,
871 5567 927 5610 et
987 5556 1150 5610 hodie
1185 5573 1406 5628 quoque
1456 5561 1752 5632 religiosis—

160 5641 292 5695 sime
362 5653 741 5709 asservantur,
813 5657 868 5700 et
916 5647 1146 5716 singulis
1209 5649 1520 5718 quibusque
1589 5652 1749 5705 annis

162 5731 331 5800 pridie
367 5729 553 5786 Nonas
578 5736 699 5792 Maii
736 5735 935 5792 festum
973 5739 1147 5808 ipsius
1172 5739 1374 5795 divinas
1431 5746 1747 5796 translatio-

160 5825 243 5879 nis
273 5825 598 5883 solemniter
647 5831 985 5894 celebratur,
1045 5847 1155 5900 quo
1217 5836 1399 5889 clerus
1439 5839 1746 5901 universus,

165 5912 408 5987 abbates,
448 5928 506 5976 et
534 5922 1025 5991 comprovinciales
1092 5923 1338 5999 episc0pi
1390 5942 1582 5982 omnes
1616 5945 1747 5983 con-

1855 4725 1976 4784 pter
2025 4730 2084 4766 ea
2127 4723 2337 4768 tantum
2400 4716 2504 4768 huc
2547 4715 2774 4772 traduco
2846 4718 3103 4785 breviter,
3165 4732 3436 4791 quatenus

1855 4807 2030 4860 sancti
2066 4805 2305 4861 Matthaei
2329 4808 2634 4878 patrocinio
2669 4809 2973 4879 prudenter
3015 4814 3252 4868 adscribi
3311 4832 3438 4884 pos-

1855 4911 2010 4956 SUlllo

1925 4996 2196 5052 82.Mitto
2228 4999 2390 5068 igitur
2414 5015 2554 5068 qua),
2626 5015 2748 5068 cap.
2794 5001 2878 5067 ll,
2943 4999 3113 5056 refert
3158 5001 3435 5058 Marsilius

1853 5089 1920 5142 de
1950 5091 2221 5145 translatis
2247 5091 2311 5145 ad
2335 5091 2622 5146 ecclesiam
2647 5095 2816 5148 sancti
2848 5092 3085 5149 Matthxi
3107 5097 3436 5166 corporibus

1852 5181 1951 5238 SS.
1987 5183 2294 5249 Fortunati,
2339 5184 2454 5239 Cati
2502 5197 2557 5240 et
2602 5188 2811 5242 Anthes
2866 5198 3161 5260 martyrum
3212 5207 3436 5260 tneque

1853 5280 1997 5330 enim
2031 5288 2286 5346 spectant
2317 5280 2384 5333 ad
2417 5291 2666 5334 sanctum
2726 5280 3065 5349 Mattlneum,
3098 5293 3154 5338 et
3178 5282 3246 5338 de
3276 5285 3438 5338 dictis

1855 5370 2186 5438 martyribus
2244 5372 2386 5439 apud
2441 5387 2542 5425 nos
2594 5388 2774 5427 aetum
2825 5384 2910 5428 est
2960 5376 3027 5428 ad
3077 5373 3147 5431 28
3183 5378 3432 5448 Augusti,

1857 5461 1946 5514 ubi
2001 5463 2284 5516 translatio
2342 5463 2446 5516 ulla
2477 5468 2786 5520 accuratius
2821 5476 2903 5521 est
2946 5469 3211 5538 exposita.
3281 5472 3434 5533 Quod

1858 5555 2140 5626 subjungtt
2182 5556 2248 5609 de
2299 5557 2384 5627 pia
2438 5573 2569 5623 anu,
2607 5561 2693 5614 cui
2745 5575 2943 5614 nomen
2999 5573 3116 5616 erat
3162 5561 3435 5628 l’olisena,

1859 5649 2048 5717 nequit
2114 5658 2267 5703 certo
2321 5651 2549 5708 attribui
2629 5653 2892 5707 beneficio
2945 5655 3116 5708 sancti
3172 5654 3430 5709 Mattha’i.

1863 5740 2032 5794 Yet-ba
2069 5750 2249 5796 tamen
2288 5745 2546 5813 pleraque
2586 5747 2828 5801 auctoris
2857 5748 2962 5802 huc
2993 5745 3435 5802 transfero.Fre-

1858 5834 2156 5904 quentabat
2197 5835 2282 5889 illa
2331 5836 2772 5906 diligentissime,
2822 5851 2880 5894 ut
2943 5841 3192 5911 pluribus
3243 5841 3434 5903 refert,

1859 5926 2139 5982 ecclesiam
2174 5929 2362 5986 Sancti
2416 5930 2684 5997 Matthrci,
2748 5934 2990 6003 quotidie
3037 5935 3302 5991 accedens
3354 5937 3422 5990 ad
