4150 6488
727 422 833 484 τα)

1947 430 2230 490 MENSlS
2272 429 2741 493 SEPTEMBER.

3872 426 3981 489 800

730 552 943 597 sacrum
973 542 1240 599 Oillcium.
1280 565 1298 597 ι
1342 546 1567 600 Pactum
1629 548 1749 613 fuit,
1809 548 2005 617 inquit,
2051 560 2128 612 ut,
2177 562 2300 599 eum
2333 548 2377 603 Α
2407 547 2622 613 queritis
2661 546 2809 610 anni,
2849 547 2972 601 licet
2999 547 3064 600 de
3093 556 3311 615 peccato
3348 562 3447 601 suo
3476 547 3706 599 multum
3740 543 3978 598 doleret;

736 630 964 686 solemni
995 636 1227 702 quodam
1277 638 1365 691 die
1425 639 1608 707 templi
1662 638 1922 710 ingressa,
1983 648 2093 694 toto
2142 638 2305 692 corde

733 720 1020 790 gloriosum
1050 727 1353 793 apostolum
1380 728 1661 793 salutaret,
1691 738 1743 782 et
1777 730 1978 782 lusrrali
2006 745 2128 783 sese
2163 743 2302 796 aqua

734 813 1102 881 perfunderet,
1164 827 1330 886 guttae
1389 834 1600 885 omnes,
1668 833 2023 889 quaecumque
2085 818 2303 886 pallium

731 915 895 973 atque
934 907 1190 962 liuteolos
1229 911 1537 978 tetigerant,
1589 910 1640 962 in
1706 924 1897 964 norum
1956 909 2305 979 purissimum

739 1008 1103 1066 verterentur,
1136 999 1278 1066 quod
1316 1009 1366 1052 ct
1394 1001 1623 1068 populus
1659 1002 1949 1055 universus
1974 1017 2163 1070 magna
2183 1016 2303 1053 cum

730 1088 1092 1143 admiratione
1121 1092 1413 1159 perspexit,
1463 1100 1516 1145 et
1570 1091 1786 1144 familia:
1821 1108 2020 1146 nomen
2051 1107 2116 1145 ex
2165 1092 2307 1147 acci-

730 1177 880 1232 dcnti
916 1181 1106 1245 edidit,
1165 1198 1285 1250 quae
1316 1184 1381 1236 de
1411 1183 1674 1236 Aurofiuo
1704 1182 1926 1245 dicitur,
1983 1192 2146 1251 prout
2210 1198 2307 1250 per

732 1280 945 1338 patrum
985 1273 1306 1327 traditiones
1333 1276 1399 1328 ad
1434 1276 1573 1328 hanc
1609 1290 1779 1343 usque
1810 1276 1954 1329 diem
2000 1275 2140 1329 fama
2177 1290 2305 1344 per-

734 1363 892 1416 rexit.
937 1382 956 1414 1
997 1361 1194 1418 Verum
1232 1381 1340 1419 non
1368 1374 1595 1434 apparet
1650 1350 1782 1419 mihi
1834 1367 2035 1419 factum
2070 1365 2210 1419 istud
2241 1379 2305 1419 ex

733 1454 847 1508 sola
912 1456 1205 1512 traditione
1257 1456 1390 1510 satis
1426 1466 1659 1521 certum,
1717 1457 1913 1531 nedum
1951 1466 2098 1511 certo
2155 1456 2309 1509 attri-

735 1548 1014 1601 huendum
1055 1557 1245 1602 sancto
1274 1549 1544 1605 Blatthtco.
1576 1550 1651 1605 Ex
1678 1550 1968 1603 traditione
1995 1549 2108 1603 sola
2140 1549 2302 1603 etiam

733 1638 965 1693 fortasse
996 1640 1216 1708 scripsit
1242 1638 1527 1705 Marsilius,
1562 1640 1706 1709 quod
1760 1640 2035 1709 subiungit
2088 1639 2157 1692 de
2206 1637 2304 1691 Sa-

735 1728 890 1783 lerno
936 1725 1201 1783 divinitus
1235 1729 1461 1785 defenso
1502 1740 1691 1784 contra
1727 1729 2136 1787 Ferdinandum
2166 1728 2305 1783 San-

735 1819 1044 1872 severinum
1077 1819 1376 1888 principem
1405 1820 1833 1873 Salernitanum.
1877 1818 2096 1873 Factum
2124 1829 2301 1873 tamen

2409 638 2587 691 Pridie
2624 639 2765 693 illius
2802 639 2931 703 diei,
2970 654 3091 694 cum
3126 640 3190 691 ad
3233 640 3517 691 ecclesiam
3560 637 3832 706 pergeret,
3858 646 3979 685 mo-

2407 740 2615 782 netura
2652 730 2900 783 mendico
2946 730 3117 783 sancti
3162 729 3494 783 Germiniaui
3544 726 3785 796 episcopi
3819 722 3983 777 Muti-

2408 820 2595 874 nensis
2617 835 2774 889 opem
2799 822 3109 889 implorare.
3139 821 3368 884 Quando
3400 831 3578 873 autem
3622 815 3893 887 postridie
3924 814 3979 868 in

2405 913 2636 967 ecclesia
2695 915 2865 967 sancti
2900 911 3135 969 Mattha-i
3177 914 3364 968 divino
3411 913 3631 967 servitio
3689 912 3976 971 intererat,

2408 1003 2723 1073 proferente
2795 1006 3050 1073 episcopo
3096 1005 3257 1059 verba
3320 1004 3460 1058 illa:
3514 1022 3532 1053 ι
3582 1002 3722 1061 Ecce
3769 1002 3979 1069 lignum

2405 1095 2607 1157 crucis,
2637 1095 2713 1148 ait
2761 1104 2971 1157 auctor.
3003 1096 3397 1159 Bernardinus,
3435 1097 3525 1164 qui
3560 1106 3775 1146 summa
3811 1091 3980 1146 devo-

2408 1184 2555 1237 tione
2592 1183 2909 1252 prociderat,
2957 1185 3140 1239 divino
3177 1185 3380 1255 Spiritu
3431 1182 3691 1254 agitante,
3725 1181 3981 1235 clamavit

2406 1291 2539 1346 voce
2578 1291 2773 1345 magna
2796 1294 2810 1332 :
2831 1275 2968 1332 Ecce
3008 1277 3210 1348 lignum
3238 1277 3441 1338 crucis,
3473 1284 3789 1344 exteraque
3820 1272 3979 1327 verba

2406 1368 2618 1435 singula
2672 1367 2930 1436 deinceps
2990 1368 3268 1436 explicuit,
3345 1380 3463 1435 qua:
3527 1380 3623 1435 per
3677 1364 3979 1421 antistitem

2407 1462 2546 1516 dicta
2580 1470 2727 1524 sunt,
2754 1469 2809 1515 et
2839 1460 3019 1513 statim
3062 1460 3228 1515 veluti
3261 1471 3509 1513 mortuus
3546 1457 3771 1511 cecidit.
3826 1454 3979 1508 Tunc

2408 1568 2559 1617 vero,
2585 1553 2709 1621 quia
2742 1560 2905 1604 notus
2935 1550 3149 1604 civibus
3192 1560 3330 1612 erat,
3369 1562 3423 1602 et
3450 1563 3611 1601 nemo
3669 1546 3976 1615 ignorabat,

2407 1642 2556 1695 illum
2585 1650 2743 1695 antea
2768 1639 2916 1709 loqui
2958 1653 3062 1695 non
3104 1638 3366 1707 potuisse,
3399 1634 3980 1704 acclatnavitpopulus

2410 1728 2696 1782 universus
2740 1746 2755 1783 :
2806 1726 3157 1782 Miraculuml
3226 1725 3575 1779 miraculum!
3654 1734 3711 1778 et
3769 1725 3978 1777 tametsi

2409 1834 2507 1888 per
2538 1820 2590 1873 id
2624 1828 2837 1889 tempus
2894 1821 3074 1874 nullus
3105 1822 3177 1873 sit
3230 1817 3281 1871 in
3311 1818 3557 1871 ecclesiis
3586 1832 3978 1886 campanarum

733 1910 974 1963 breviter
1000 1910 1251 1979 suhji‘cio.
1285 1910 1707 1964 Valdemontius
1733 1909 2101 1977 Lothariugire
2133 1912 2300 1979 tegttll
2338 1895 2375 1946 Β
2411 1927 2562 1973 usus,
2603 1912 2695 1966 scd
2725 1928 2790 1965 ex
2828 1914 2995 1965 veteri
3033 1910 3290 1965 Ecclesia:
3323 1910 3425 1963 ritu
3452 1909 3646 1976 ligneis
3681 1909 3979 1962 indumen—

729 2000 919 2064 frater,
943 2001 1139 2069 inqutt,
1162 2000 1307 2059 facili
1347 2002 1568 2070 negotio
1590 2011 1958 2071 occupaverat
1988 2002 2301 2066 Salernum,

730 2100 788 2145 ut
819 2092 1069 2161 pluribus
1100 2088 1283 2146 narrat
1315 2090 1661 2157 Muratorius,
1684 2093 1739 2145 iu
1774 2092 2070 2149 Annalibus
2106 2092 2296 2155 Italiae,

726 2182 794 2238 ad
824 2198 1027 2236 annum
1064 2183 1222 2237 1527.
1258 2183 1638 2238 Ferdinandus
1671 2183 1944 2253 princeps,
1995 2198 2053 2236 re
2092 2184 2304 2239 intelle-

732 2284 844 2336 cra.
882 2276 1174 2329 confestim
1210 2286 1448 2329 turmam
1485 2274 1688 2344 colligit
1734 2275 2022 2327 tnilitarem
2077 2289 2141 2330 ae
2168 2274 2303 2327 civi-

732 2375 897 2419 tatem
954 2367 1386 2436 recuperandam
1422 2373 1475 2420 ct
1501 2364 1651 2418 cives
1683 2364 1990 2433 puniendos
2023 2383 2036 2418 :
2075 2382 2095 2415 (
2157 2364 2303 2418 Tan-

731 2460 843 2512 tum
874 2454 1070 2520 abfuit,
1114 2454 1290 2524 inquit
1336 2464 1546 2521 auctor,
1575 2464 1634 2508 ut
1673 2455 1780 2509 voti
1806 2469 2037 2525 compos
2071 2456 2305 2509 exsiste-

730 2556 836 2614 ut,
889 2552 1028 2602 utet
1060 2547 1345 2603 confestim
1385 2548 1634 2617 repulsus
1696 2549 1880 2617 fuerit,
1936 2561 1991 2604 et
2042 2549 2304 2619 plurimos

729 2656 796 2694 ex
827 2641 944 2695 suis
981 2641 1245 2698 militibus
1276 2642 1437 2696 unius
1467 2643 1613 2697 horae
1652 2643 1829 2712 spatio
1882 2642 2296 2700 desideraverit.

726 2731 838 2790 Nec
863 2748 993 2787 vero
1034 2740 1140 2786 tam
1177 2733 1388 2789 felicem
1418 2733 1725 2803 fortemque
1775 2748 1999 2804 operam
2046 2735 2303 2805 oppidani

729 2824 1122 2895 praestiterunt,
1173 2826 1263 2893 qui
1300 2834 1355 2878 et
1410 2825 1723 2894 paucissimi
1782 2826 2020 2883 inermes
2077 2838 2235 2881 erant
2288 2843 2302 2881 :

728 2916 824 2973 sed
884 2924 1087 2969 stetere
1158 2932 1353 2987 magno
1416 2916 1633 2985 Quidcm
1680 2930 1909 2971 numero
1963 2916 2016 2968 in
2069 2916 2305 2970 hosuum

726 3019 1026 3078 conspectu
1056 3023 1155 3078 pro
1183 3010 1393 3063 civibus
1420 3008 1613 3077 galeati
1669 3009 2045 3080 thoracatique
2110 3010 2305 3064 milites

730 3101 972 3154 cmlestis
1002 3100 1279 3154 exercitus
1309 3101 1411 3153 sub
1450 3108 1687 3170 quatuor
1715 3100 2034 3156 ductoribus
2067 3102 2301 3167 eximiis.

2406 2004 2475 2057 tis
2516 2007 2687 2057 soleat
2710 2004 2967 2073 strepitus
2991 2003 3215 2057 excitari
3244 2001 3510 2071 lugubris,
3534 1997 3983 2068 quamdiujaceit

2406 2095 2463 2149 in
2505 2096 2760 2164 sepulcro
2818 2095 3087 2158 Salvator,
3125 2110 3225 2163 pro
3270 2092 3520 2146 miraculi
3571 2096 3759 2145 tamen
3824 2089 3981 2159 hujus

2404 2185 2647 2239 novitate
2670 2201 2862 2241 omnes
2887 2199 3164 2252 campanae
3220 2183 3507 2237 confestim
3553 2182 3787 2252 pulsatae
3828 2192 3973 2244 sunt,

2408 2282 2716 2341 cateraque
2772 2275 3133 2325 instrumenta
3183 2272 3388 2333 omnia,
3446 2282 3566 2339 qua:
3606 2267 3884 2323 habentur
3932 2268 3981 2319 in

2406 2364 2649 2418 ecclesiis
2676 2363 2741 2418 ad
2765 2363 3129 2433 psallendum.

2476 2451 2814 2507 84.1nterim
2866 2452 2931 2507 ad
2970 2468 3027 2506 se
3062 2465 3310 2506 reversus
3364 2446 3737 2505 Bernardinus
3808 2448 3981 2517 palam

2406 2542 2533 2599 fecit
2579 2544 2853 2607 omnibus,
2916 2544 3057 2614 quod
3130 2545 3394 2599 hactenus
3446 2542 3751 2610 agitaverat
3817 2536 3986 2591 corde

2409 2642 2646 2699 tantum,
2680 2649 2877 2704 nempe
2908 2646 3034 2688 ante
3068 2649 3267 2687 annum
3309 2647 3371 2685 ea
3426 2632 3541 2698 ipsa
3608 2629 3696 2681 die
3754 2627 3981 2695 impium

2407 2724 2875 2793 seintidclemque
2906 2722 3095 2783 fuisse,
3150 2721 3296 2790 quod
3358 2715 3741 2773 sacratissima:
3803 2717 3985 2771 crucis

2408 2813 2724 2885 particulam
2778 2811 3136 2868 adulterinam
3166 2818 3220 2865 et
3255 2808 3683 2865 commentitiam
3732 2809 3988 2863 credide-

2407 2908 2781 2976 rit;ideoque
2839 2904 3091 2976 loquendi
3146 2903 3400 2957 facultate
3459 2902 3657 2955 merito
3708 2900 3982 2970 privatum

2406 2998 2575 3053 fuisse
2611 3013 2625 3051 :
2659 3013 2803 3052 nunc
2859 3012 2989 3052 vero
3015 2996 3339 3066 praecedenti
3378 2995 3467 3051 illa
3512 3004 3673 3046 nocte
3704 3006 3900 3045 secum
3935 2994 3983 3043 in

2406 3091 2635 3145 somniis
2665 3091 2906 3145 locutum
2942 3072 3114 3143 fuisse
3140 3090 3356 3143 beatum
3398 3083 3788 3139 Geminianum
3823 3083 3983 3135 Muti-

729 3205 869 3259 quos
898 3189 1063 3244 fuisse
1100 3191 1543 3261 glorississimum
1569 3191 1878 3246 Matthxum
1912 3204 1966 3246 et
1994 3203 2104 3245 tres
2154 3202 2297 3247 tute-

2409 3198 2656 3246 ncnsem,
2720 3183 3121 3248 monuissequc,
3160 3188 3217 3231 ut
3275 3169 3462 3230 eadem
3501 3175 3612 3243 ipsa
3666 3173 3827 3240 hora,
3868 3192 3984 3244 qua:

730 3282 870 3336 lares
942 3296 1164 3341 sanctos
1210 3283 1587 3349 (Fortunatam
1625 3293 1677 3335 ct
1731 3282 1926 3353 socios)
1987 3282 2129 3338 haud
2171 3298 2303 3336 sane

731 3375 962 3428 dubium
1030 3375 1173 3435 fuit;
1222 3391 1346 3429 cum
1400 3375 1663 3444 populare
1715 3374 1877 3432 fuerit
1914 3378 2299 3447 spectaculum,

729 3477 784 3521 et
813 3468 1069 3537 princeps
1100 3466 1211 3536 ipse
1240 3467 1544 3536 singulique
1576 3467 1775 3525 milites
1795 3468 1846 3521 id
1879 3470 2080 3537 ipsum,
2102 3470 2303 3536 pacatis

731 3571 917 3631 postea
974 3559 1159 3623 rebus,
1224 3562 1668 3628 practlicaverint.
1718 3578 1735 3610 ι
1778 3559 2050 3613 Hactenus
2091 3571 2301 3619 auctor.

729 3653 820 3720 qui
852 3650 1042 3705 eodem
1078 3650 1278 3705 saeculo
1311 3650 1555 3719 scripsit,
1590 3650 1755 3705 rebus
1796 3660 1973 3705 tamen
1998 3654 2165 3723 gestis
2198 3667 2303 3708 non

731 3741 925 3809 adfuit,
960 3748 1143 3812 utpote
1166 3742 1398 3796 necdum
1439 3747 1623 3793 natus.

803 3836 894 3890 85.
953 3833 1250 3904 Suhjuttgil
1275 3832 1420 3887 aliud
1451 3832 1675 3898 factum,
1713 3834 1856 3903 quod
1899 3834 1975 3888 ait
2014 3834 2303 3906 contigisse

732 3930 875 3983 circa
904 3927 1041 3982 idem
1073 3928 1184 3982 fere
1212 3938 1445 3995 tempus.
1484 3926 1655 3980 Pauca
1705 3928 1860 3983 nobis
1922 3928 1988 3981 de
2032 3928 2125 3982 illo
2158 3928 2303 3983 δυω-

727 4018 897 4072 cient.
933 4016 1039 4069 Fur
1092 4017 1393 4083 sacrilegus
1434 4016 1610 4069 locum
1679 4016 1909 4083 sepulcri
1951 4018 2119 4070 sancti
2167 4017 2302 4071 Mat-

734 4109 860 4165 thxi
913 4110 1194 4176 expilavit.
1244 4106 1693 4174 Compreheusus
1766 4108 1855 4161 ille
1919 4107 2019 4163 fuit
2086 4110 2190 4164 alia
2236 4111 2303 4165 de

734 4216 920 4265 causa,
955 4215 1125 4270 caque
1156 4200 1445 4254 occasione.
1486 4199 1630 4255 istud
1678 4215 1894 4271 quoque
1918 4201 2125 4255 crimen
2164 4202 2305 4255 ultro

734 4294 1040 4348 confessus.
1096 4313 1111 4344 ι
1155 4293 1219 4346 Ει
1275 4303 1395 4362 post
1449 4294 1565 4346 dies
1616 4293 1843 4363 aliquot,
1912 4294 2107 4362 inquit,
2157 4304 2305 4347 tanto

732 4394 813 4439 est
844 4385 1048 4438 findore
1088 4387 1327 4454 (fictore,
1362 4385 1663 4453 Opinor)ac
1711 4401 1943 4441 lllQH'Ul'c
1996 4397 2299 4456 correptus,

732 4486 794 4531 ut
818 4485 1099 4529 contracta
1136 4476 1373 4545 propria:
1406 4478 1586 4531 carnis
1616 4482 1896 4549 corruptio
1941 4480 1994 4532 in
2018 4480 2298 4548 pediculos

2411 3282 2537 3324 tunc
2588 3285 2732 3324 anno
2794 3279 3105 3323 rccurrente
3152 3267 3371 3336 jamjam
3426 3265 3737 3333 appetebat,
3791 3266 3981 3319 eodem

2411 3366 2530 3417 loco
2559 3377 2717 3417 suum
2779 3360 3097 3430 deploraret
3151 3368 3431 3428 peccaturo
3474 3371 3653 3410 coram
3701 3357 3985 3425 gloriosis-

2405 3452 2543 3504 simo
2574 3451 2816 3518 apostolo
2847 3446 3138 3511 Mattha'o;
3184 3457 3237 3501 ct
3309 3447 3555 3501 crederet
3590 3459 3779 3498 veram
3842 3448 3981 3498 illam

2405 3544 2585 3596 crucis
2615 3558 2735 3597 esse
2770 3543 3096 3612 portionem.
3135 3541 3187 3594 in
3219 3554 3326 3607 quo
3376 3539 3624 3593 Salvator
3673 3538 3841 3593 Jesus
3889 3556 3981 3609 pro

2408 3633 2639 3687 humana
2702 3641 2859 3700 gente
2897 3633 3151 3700 pependit
3194 3649 3207 3684 :
3245 3635 3435 3686 fecisse
3490 3648 3548 3685 se
3611 3633 3776 3702 paulo
3834 3648 3979 3698 ante,

2405 3719 2665 3791 quidquid
2689 3722 2768 3771 vir
2794 3718 2879 3772 ille
2910 3732 3129 3774 sanctus
3153 3730 3453 3784 tuouuerat,
3489 3730 3538 3773 et
3574 3724 3979 3776 sanctissimum

2407 3812 2716 3867 Matthasum
2750 3826 3032 3877 exorasse,
3074 3822 3133 3865 ut
3175 3812 3295 3866 fidei
3352 3828 3463 3869 suae
3528 3816 3980 3882 protestationem

2405 3910 2625 3963 Christo
2663 3908 2891 3964 Domino
2922 3909 3239 3979 dignaretur
3275 3906 3495 3972 olIerre,
3559 3923 3623 3963 ac
3658 3908 3848 3961 statim
3902 3906 3979 3959 lo-

2407 4004 2609 4070 quendi
2681 4003 2785 4057 vim
2853 4002 3109 4055 amissam
3183 4015 3554 4070 recuperasse.
3612 4001 3738 4053 Hmc
3801 4000 3980 4054 omnia

2409 4094 2582 4145 fusius
2612 4096 2727 4163 ipse
2765 4110 2966 4162 perque
2988 4095 3187 4147 multos
3220 4099 3452 4163 gemitus
3491 4091 3663 4160 palam
3698 4094 3978 4161 exposuit;

2410 4186 2723 4254 rogavitque
2755 4186 3063 4253 przcsulem,
3111 4195 3169 4238 ut
3232 4185 3555 4237 miraculum
3608 4185 3756 4237 istud
3821 4200 3980 4238 cura-

2410 4288 2489 4331 ret
2546 4276 2595 4328 in
2626 4284 2742 4328 acta
2788 4274 2975 4328 referri
3016 4276 3080 4329 ad
3128 4286 3441 4343 perpetuam
3482 4276 3553 4327 rei
3612 4277 3957 4327 memoriam.

2407 4369 2770 4439 Quamobrem
2831 4367 3061 4437 publicis
3122 4365 3467 4419 documentis
3525 4367 3687 4434 jussit
3735 4364 3838 4419 fioc
3895 4367 3972 4419 di-

2410 4462 2640 4532 ligenter
2712 4461 3148 4528 comprehendi:
3205 4460 3349 4529 quod
3415 4468 3524 4513 tum
3608 4458 3787 4526 ipsius
3858 4459 3978 4512 Ber-

734 4565 901 4626 fuerit
931 4566 1188 4635 paulatim
1215 4584 1497 4630 conversa,
1545 4585 1776 4646 quorum
1837 4580 1988 4623 tanta
2050 4571 2303 4639 epullula-

2411 4554 2622 4608 nardini
2670 4554 3055 4624 jurejurando,
3122 4562 3231 4605 tum
3271 4555 3663 4606 canonicorum
3710 4555 3976 4614 omnium,

732 4658 825 4715 bat
853 4659 956 4720 vis,
982 4669 1056 4710 rut
1105 4673 1213 4711 non
1252 4657 1413 4713 modo
1458 4658 1671 4712 tunicas
1714 4661 1831 4728 ejus
1871 4674 2061 4714 euntes
2118 4661 2305 4730 imple-

736 4758 836 4814 ret,
872 4747 966 4802 sed
1000 4757 1168 4802 totum
1201 4749 1357 4819 plane
1374 4765 1573 4819 corpus
1596 4753 1790 4820 passim
1811 4753 2084 4807 erodcrct.
2105 4751 2304 4818 Quam-

732 4847 921 4898 obrem
973 4842 1289 4898 foedissimis
1340 4843 1445 4897 illis
1503 4845 1781 4897 vermibus
1803 4845 2301 4914 celeriter-putruit,

734 4947 789 4991 et
836 4938 985 5007 justa
1017 4936 1185 4991 divini
1238 4936 1488 4993 Numinis
1551 4938 1628 4989 ira
1682 4936 2158 5006 (quemadmodum
2192 4938 2304 5005 ipse

734 5030 912 5099 palam
938 5028 1193 5083 omnibus
1238 5028 1532 5098 fatebatur)
1566 5043 1631 5083 eo
1658 5030 1776 5099 ipso
1818 5030 2012 5084 morbo
2048 5032 2301 5083 miseram

739 5119 983 5173 evomuit
1011 5120 1270 5173 animam.
1330 5137 1352 5172 1
1381 5120 1438 5174 ln
1474 5136 1640 5189 pauca
1677 5121 1927 5177 similiter
1957 5124 2301 5183 contraham,

738 5211 883 5278 quod
914 5225 1058 5265 anno
1091 5211 1231 5264 159.5
1269 5224 1322 5265 et
1351 5213 1490 5265 15⁸26
1519 5199 1809 5284 contigisse
1837 5222 2023 5263 auctor
2056 5211 2299 5264 allirmat.

740 5300 1117 5356 Bernardinus
1146 5302 1363 5370 quidam
1395 5318 1424 5355 e
1448 5301 1880 5356 Nacearcllorum
1924 5300 2146 5365 familia,
2178 5303 2304 5354 dum

742 5392 881 5447 feria
907 5405 1057 5450 sexta
1098 5392 1149 5445 in
1184 5407 1472 5461 parasccve
1500 5393 1694 5461 prioris
1729 5393 1995 5448 aunierat
2019 5392 2070 5444 in
2132 5396 2306 5447 certe-

742 5486 821 5538 sia
847 5484 1020 5535 sancti
1065 5482 1325 5544 Matthxi,
1387 5480 1780 5538 dubitnbat‘dc
1811 5482 2074 5551 particula
2121 5498 2304 5536 sacro-

742 5581 944 5626 sancta:
970 5572 1171 5635 crucis,
1209 5573 1553 5626 venerationi
1596 5573 1893 5640 preposita,
1925 5581 1979 5623 et
2008 5573 2168 5641 impia
2196 5576 2307 5627 haec

743 5666 905 5720 verba
933 5664 1157 5734 protulit
1191 5681 1203 5717 :
1246 5684 1262 5715 ι
1290 5667 1475 5725 Eheu!
1515 5666 1641 5733 quid
1676 5667 1716 5718 si
1746 5662 1943 5718 Christi
1985 5680 2114 5718 crux
2154 5682 2307 5720 mons

747 5757 859 5821 ipse
891 5755 1157 5809 Vcsuvitts
1212 5756 1442 5816 fuisset?
1498 5776 1515 5808 ι
1574 5758 1667 5810 His
1696 5757 1872 5819 dictis,
1915 5756 2093 5808 statim
2116 5758 2307 5812 obtnu-

747 5847 870 5913 tuit,
899 5859 1188 5919 mutuSquc
1233 5852 1429 5907 mansit
1465 5864 1634 5920 usque
1667 5850 1729 5909 ad
1758 5848 2006 5903 emndem
2034 5849 2170 5905 diem
2219 5865 2305 5904 se-

2407 4646 2497 4714 qui
2530 4658 2823 4713 prtesentes
2856 4644 3340 4709 fucrant,solemni
3376 4644 3591 4695 fuerant
3628 4645 3977 4696 attestationc

2408 4738 2641 4790 firmata.
2692 4754 2709 4785 1

2479 4850 2564 4903 85.
2613 4849 2735 4904 l’ost
2762 4847 2876 4903 lucc
2904 4846 3077 4919 pergit
3099 4857 3288 4902 auctor
3318 4846 3383 4901 ad
3405 4844 3730 4899 beneficium
3772 4846 3977 4899 defensi

2407 4941 2663 4995 divinitus
2690 4952 2879 4995 contra
2931 4942 3157 4995 classem
3205 4940 3501 4995 Turcaruin
3582 4937 3817 4992 Salerni.
3877 4938 3979 4993 Hoc

2408 5035 2634 5093 accidit.
2672 5033 2790 5102 ipso
2821 5036 3009 5088 saltem
3047 5036 3289 5100 vivente,
3328 5036 3421 5087 sed
3476 5036 3712 5087 necdum
3771 5033 3977 5090 Salerni

2412 5126 2666 5195 ilcgcntc.
2721 5125 3037 5179 Secundum
3080 5126 3321 5179 Annales
3370 5124 3651 5177 Muratorii
3714 5140 3803 5178 res
3852 5125 3977 5178 facta

2409 5228 2489 5270 est
2518 5231 2660 5269 anno
2702 5216 2859 5277 15M.
2896 5216 3196 5270 Audiamus
3240 5215 3557 5273 Marsilium,
3611 5215 3879 5268 resciscis
3905 5224 3977 5267 ta-

2411 5324 2535 5362 tnen
2615 5309 2883 5376 adiunctis
2942 5308 3146 5377 aliquot
3200 5324 3309 5360 non
3375 5306 3698 5360 necessariis
3739 5324 3753 5360 :
3798 5326 3816 5357 ι
3872 5306 3977 5371 Qu:

2412 5411 2723 5469 tempore...
2761 5398 2990 5453 Carolus
3050 5400 3089 5451 \'
3132 5400 3496 5453 Romanorum
3548 5398 3868 5466 imperator,
3933 5408 3982 5450 et

2410 5486 2781 5543 Frauciscusl
2831 5487 3105 5541 Gallorum
3171 5504 3262 5541 rex
3323 5485 3387 5540 de
3431 5485 3596 5538 totius
3658 5484 3774 5537 fere
3829 5485 3981 5539 ltal‘ur.

2412 5579 2645 5647 primatu
2673 5577 3095 5634 contendebant.
3120 5576 3423 5643 impetravit
3447 5572 3981 5645 GallusaSolymano

2411 5669 2709 5723 Turcarum
2745 5668 2991 5737 principe
3012 5669 3239 5723 claSsem
3263 5668 3491 5721 validam
3524 5676 3576 5718 et
3603 5681 3980 5729 numerosam,

2412 5761 2717 5817 Haradieno
2743 5760 3069 5814 Barbarussa
3112 5759 3386 5828 pra‘fccto,
3423 5769 3481 5812 ut
3508 5759 3816 5814 maritimas
3845 5776 3980 5821 oras,

2417 5869 2533 5923 qua:
2556 5868 2804 5907 cmsarea:
2845 5849 3101 5908 factiOnis
3138 5860 3311 5915 erant,
3342 5858 3558 5904 vexaret
3588 5860 3755 5919 atque
3787 5850 3988 5922 diripe-
