4150 6514
150 437 243 501 801

1349 484 1356 492 .
1447 441 1483 499 ι’
1503 440 1618 498 rm
1662 440 1720 496 s.
1759 421 2142 500 narrum.

3313 438 3419 502 802

150 562 251 607 rel.
297 573 314 606 ι
348 552 570 608 Factum
609 553 714 610 hoc
766 567 911 607 anno
950 553 1103 609 ltili).
1151 557 1236 616 At,
1295 567 1419 606 cum
1486 554 1733 623 sequenti
1765 553 1814 614 Α
1845 553 1972 610 Diva
2005 553 2258 623 DivErque
2281 569 2471 609 omnes
2493 555 2879 625 propitiantur.
2907 566 2961 610 et
2991 571 3206 612 sacrum
3242 563 3421 613 missae

146 663 288 698 anno
315 647 640 702 Franriscus
699 647 717 701 l
779 645 1078 700 terribilem
1122 645 1265 699 illam
1308 645 1561 708 classem,
1613 662 1735 715 qua:

147 737 546 806 nihilutilitatis
570 739 847 798 attulerat.
882 737 1092 792 meliori
1122 738 1357 791 consilio
1390 739 1728 802 remitteret;

146 830 476 883 Barbarussa
510 829 564 882 in
595 829 824 884 transitu
882 828 1058 882 varias
1123 827 1376 882 civitates
1431 828 1754 882 maritimas-

142 933 195 974 et
226 923 431 974 insulas
457 922 656 989 partim
696 921 901 975 frustra
947 919 1195 981 tentavit,
1232 929 1288 972 ct
1347 920 1545 986 partim
1588 920 1732 988 cepit

142 1029 201 1072 et
225 1015 475 1085 diripuit,
526 1025 584 1069 ut
612 1017 858 1085 pluribus
893 1015 1124 1084 exponit
1157 1025 1378 1070 auctor.
1441 1016 1728 1070 Salernum

142 1106 397 1168 similiter
428 1109 693 1163 invadere
726 1107 916 1162 voluit.
966 1125 984 1158 ι
1026 1107 1194 1160 Plane
1236 1107 1328 1164 ubi
1369 1106 1422 1161 in
1457 1106 1577 1175 ejus
1598 1121 1732 1161 con-

141 1211 390 1268 specturn
423 1203 667 1264 devenit,
742 1201 921 1270 inquit
959 1199 1258 1264 Marsilius,
1319 1214 1595 1254 armorum
1626 1197 1730 1254 fui-2

144 1309 272 1362 gere
305 1304 360 1348 et
409 1295 663 1363 aSpccttts
697 1292 917 1352 feritate
951 1293 1232 1352 terribilis.
1269 1292 1481 1346 civibus
1514 1289 1730 1345 cunctis

141 1395 368 1440 catenas
413 1397 468 1440 et
493 1386 811 1454 compedes,
838 1386 957 1442 urbi
991 1394 1176 1438 autem
1218 1384 1506 1438 barbaram
1543 1391 1728 1438 vasta-

142 1484 350 1533 tionem
387 1476 768 1531 denuntiabat.
805 1475 1072 1542 Quocirca
1103 1475 1167 1529 ad
1209 1484 1415 1529 trucem
1441 1484 1726 1546 tympano-

141 1587 263 1623 rmn
295 1569 536 1624 sonitum
579 1579 632 1623 et
662 1569 903 1622 minaces
933 1569 1191 1622 tibiarum
1235 1566 1517 1630 modulos,
1553 1581 1726 1636 usque

143 1662 282 1716 adeo
316 1661 552 1730 pepulus
613 1662 905 1717 universus
962 1661 1206 1732 expavit,
1249 1667 1310 1713 ut
1361 1661 1731 1731 demigrantes

142 1754 338 1809 incola:
373 1754 559 1808 animo
579 1763 966 1818 consternato,
999 1764 1055 1809 et
1115 1767 1332 1806 summa
1387 1768 1512 1807 cum
1555 1752 1726 1820 trepi-

141 1846 369 1900 datione
403 1845 520 1900 fere
550 1862 741 1901 omnes
773 1846 838 1900 ad
867 1858 1124 1900 montana
1159 1844 1543 1914 confugerent.
1592 1843 1729 1898 Fer—

141 1939 302 1992 vebat
345 1948 462 1992 tum
491 1939 729 1993 maxime
765 1947 926 1992 aestas
953 1939 1054 1992 sub
1114 1937 1407 2006 septimum
1461 1934 1732 1990 Kalendas

141 2031 477 2096 Quinctiles,
505 2038 560 2086 et
586 2039 734 2085 tanta
759 2039 876 2085 erat
907 2030 1028 2084 (ταιιὶ
1090 2032 1372 2100 marisque
1422 2028 1734 2098 tranquilli-

137 2136 242 2192 tas,
287 2137 349 2180 ut
380 2125 660 2179 immobile
690 2125 852 2194 plane
888 2124 1170 2178 videretur
1225 2124 1446 2193 pelagus
1481 2138 1494 2173 :
1533 2121 1736 2176 Barba-

141 2235 305 2273 russa
371 2225 554 2272 autem
597 2217 882 2287 prtedcnsa
936 2216 1276 2287 navigiorum
1332 2215 1448 2270 acie
1506 2215 1730 2285 jamjam

138 2307 442 2374 accedens,
505 2309 798 2363 tormentis
835 2308 887 2362 in
932 2307 1113 2362 fronte
1147 2307 1450 2369 collocatis,
1486 2295 1734 2376 pronun-

138 2402 319 2466 tiavit,
361 2403 648 2458 utmilitcs
685 2401 1103 2458 descensionem
1144 2401 1413 2464 facerent,
1446 2410 1499 2455 et
1537 2394 1734 2470 praeda

132 2503 304 2564 atque
346 2495 619 2550 incendiis
644 2494 1030 2548 incumberent
1067 2510 1080 2546 :
1114 2508 1238 2548 cum
1273 2509 1402 2550 ecce
1434 2503 1732 2563 tempestas

136 2587 617 2642 turbulentissima
679 2597 908 2656 repente
939 2586 1210 2652 exoritur,
1255 2595 1310 2640 et
1341 2585 1505 2640 veluti
1541 2585 1731 2656 prodi-

132 2680 292 2751 giosa
325 2695 386 2733 ac
412 2679 660 2734 horribili
691 2690 848 2734 terrae
881 2688 1030 2733 motu
1058 2694 1206 2734 mare
1240 2678 1558 2733 concutitur
1592 2678 1734 2732 inter

132 2772 482 2842 Amalphiam
523 2781 687 2842 atque
736 2771 1026 2827 Salernum
1083 2788 1097 2826 :
1163 2771 1423 2826 inusitata
1467 2782 1732 2841 prazterea

135 2865 485 2919 diversorum
545 2877 835 2920 ventorum
916 2863 1295 2932 coniuratione
1359 2877 1530 2932 usque
1596 2863 1735 2917 adeo

135 2967 482 3012 commotum
539 2958 805 3019 intimuit,
888 2963 946 3011 ut
1015 2954 1300 3010 immensis
1348 2954 1602 3009 ﬂuctibus
1644 2953 1734 3024 ja-

133 3059 276 3105 ctata
336 3049 526 3103 classis
588 3051 638 3102 in
689 3050 845 3103 littus
914 3050 1255 3120 adigeretur,
1295 3065 1580 3119 navesque
1609 3065 1734 3104 om-

133 3159 233 3197 nes
283 3143 610 3198 nutantibus
664 3141 840 3205 malis,
903 3152 1068 3210 atque
1121 3141 1266 3196 inter
1312 3157 1371 3195 se
1411 3143 1592 3211 proris
1639 3142 1734 3197 ad-

1837 646 2080 700 solemne
2136 647 2446 703 conficitur.
2502 666 2519 698 ι
2587 645 2864 705 Hactenus
2927 647 3200 702 llarsilius
3261 653 3421 706 annis

1837 738 2062 795 circiter
2134 740 2350 809 triginta
2423 739 2668 810 quinque
2740 750 2862 809 post
2927 757 3040 795 rem
3116 751 3420 810 peractam,

1821 831 2054 898 quando
2104 831 2256 883 multi
2291 830 2480 899 procul
2534 831 2699 886 dubio
2740 831 3002 886 vivebant
3060 829 3421 890 Salernitani.

1836 922 1928 992 qui
1967 921 2168 975 factum
2210 911 2648 981 illud'vidcrant.
2675 934 2726 977 et
2759 924 2825 977 de
2861 923 3136 991 adjunctis
3165 923 3423 978 omnibus

1836 1021 2090 1080 poterant
2114 1015 2383 1083 judicare.
2425 1015 2624 1070 Eadem
2657 1016 2879 1070 brevius
2925 1016 3176 1070 referunt
3213 1016 3418 1077 Musca,

1833 1103 1923 1173 qni
1951 1103 2190 1161 Marsilio
2235 1107 2494 1170 convixit,
2544 1107 2597 1161 in
2640 1107 3075 1176 archiepiscopis
3115 1107 3420 1162 Salernita~

1835 1195 1941 1257 nis,
1976 1212 2100 1267 pag.
2129 1198 2216 1263 56,
2251 1195 2455 1257 Mazza.
2481 1201 2532 1252 in
2555 1198 2798 1252 Historia
2821 1198 3190 1260 Salernitmta,
3212 1215 3332 1268 cap.
3364 1200 3418 1264 ϐ,

1833 1296 1889 1342 et
1923 1289 2210 1358 Ughellus.
2232 1300 2364 1344 tom.
2400 1290 2486 1345 \‘ll
2514 1292 2566 1345 in
2593 1292 3009 1360 Art-Iiiapiscopis
3041 1289 3418 1354 Sulci-nitaris,

1836 1381 1888 1433 in
1922 1379 2153 1435 Nicolao
2195 1382 2506 1453 Rodulpho,
2527 1383 2616 1449 qui
2645 1393 2773 1437 tunc
2804 1382 3422 1454 prmcratSalernitanm

1832 1469 2098 1525 ecclesiae.
2134 1470 2317 1526 Redeo
2339 1475 2408 1530 ad
2443 1474 2767 1528 Marsilium.

1905 1555 1994 1618 87.
2039 1583 2060 1616 ι
2099 1563 2409 1621 Novissime
2429 1566 2607 1633 placet
2640 1567 2768 1621 illud
2796 1581 2906 1622 non
2943 1566 3196 1631 reticere,
3219 1566 3422 1637 inquit,

1834 1653 1984 1721 quod
2025 1655 2185 1709 nobis
2226 1655 2359 1725 ipsis
2402 1658 2455 1709 in
2486 1657 2591 1712 bac
2639 1657 2871 1712 ecclesia
2925 1658 3244 1713 sedentibus
3297 1668 3425 1714 ante

1841 1742 2128 1798 biennium
2161 1746 2408 1816 contigit.
2450 1746 2696 1801 Tametsi
2738 1748 2885 1801 enim
2947 1749 3014 1803 ab
3041 1764 3107 1802 eo
3165 1749 3273 1809 die,
3316 1763 3428 1819 quo

1842 1832 1993 1887 locus
2037 1835 2127 1888 ille
2158 1835 2260 1889 fuit
2288 1852 2386 1905 per
2443 1839 2790 1908 sacrilegium
2824 1824 3252 1906 contaminatus,
3332 1838 3424 1898 ubi

1837 1929 2264 1998 glm'iosissimus
2313 1930 2786 2000 apostolusjaeet,
2833 1933 3052 1986 div-inus
3091 1934 3268 2003 liquor
3298 1949 3425 2004 pero

1838 2019 2068 2090 exiguus
2106 2036 2325 2090 semper
2350 2024 2661 2084 emerserit,
2697 2013 2860 2078 adeo'
2890 2033 2947 2080 ut
3009 2025 3093 2078 vix
3127 2025 3423 2081 multorum

1838 2111 2052 2165 dierum
2085 2111 2264 2182 spatio
2303 2112 2516 2167 modica
2554 2119 2794 2182 potuerit
2846 2112 3096 2184 ejtisdem
3149 2117 3427 2186 quantitas

1841 2201 2084 2266 hauriri;
2128 2202 2553 2258 advenientibus
2602 2201 2783 2259 tamen
2820 2207 3131 2262 illustribus
3192 2224 3257 2262 ex
3291 2207 3424 2263 Sar-

1839 2294 2003 2347 matia
2039 2294 2173 2348 viris
2200 2292 2438 2366 Georgio
2465 2293 2762 2359 Radziroil,
2798 2302 3152 2368 episcopatus
3174 2299 3426 2356 thnen-

1841 2382 1918 2437 sis
1948 2383 2294 2453 coadjutore,
2329 2394 2382 2439 et
2411 2385 2640 2441 Alberto
2677 2387 2956 2458 Radziroll
2982 2387 3172 2454 fratre,
3206 2399 3262 2444 et
3284 2389 3426 2447 duce

1837 2471 1891 2526 in
1924 2469 2094 2539 Olica;
2136 2488 2200 2528 ac
2237 2473 2434 2530 devote
2465 2478 2821 2546 petentibus,
2864 2487 2924 2533 ut
2957 2487 3013 2534 et
3061 2479 3166 2534 loci
3196 2480 3424 2537 videndi

1839 2573 1895 2619 et
1931 2581 2144 2620 marinas
2175 2566 2349 2637 ipsins
2392 2569 2444 2622 in
2472 2571 2708 2640 patriam
2741 2571 3051 2627 deferendae
3097 2574 3312 2644 copiam
3345 2573 3428 2630 fa-

1840 2668 2112 2722 ceremus,
2145 2657 2382 2713 libenter
2433 2669 2728 2729 utrumque
2782 2663 3157 2720 concessimus
3217 2683 3232 2720 :
3281 2665 3427 2737 lage-

1842 2762 2080 2817 namque
2115 2751 2314 2819 ipsam,
2353 2767 2477 2819 qua:
2508 2754 2685 2821 pridie
2712 2753 2865 2808 arida
2914 2771 3061 2825 pene
3089 2757 3289 2824 fuerat,
3331 2771 3426 2813 sa-

1840 2853 1936 2894 cro
1970 2839 2201 2894 humore
2234 2841 2372 2896 adeo
2423 2843 2688 2912 repletam
2744 2845 3159 2916 undantemque
3217 2848 3430 2918 reperis

1839 2947 1983 2999 nios,
2037 2942 2095 2986 ut
2134 2930 2430 2990 liberaliter
2456 2937 2802 3008 principibus
2841 2939 2978 3009 ipsis
3031 2941 3166 2996 viris
3206 2954 3427 2997 eorum.

1837 3043 1946 3096 que
1980 3027 2276 3083 comitibus
2313 3031 2655 3098 potuerimus
2716 3031 2890 3101 ipsam
2922 3032 3279 3089 distribuere.
3309 3036 3424 3092 lino

1841 3135 1970 3175 vero
1999 3130 2054 3176 et
2088 3120 2226 3176 duas
2288 3120 2779 3191 ampullas,eodem
2849 3123 3060 3193 liquore
3119 3125 3309 3196 plenas
3353 3128 3423 3184 ad

130 3235 315 3290 versis
385 3249 447 3289 ac
517 3233 794 3305 puppibus
854 3242 1270 3297 concurrentes,
1324 3234 1529 3306 ingenti
1590 3234 1731 3288 cala-

1840 3211 2168 3285 Gregorium
2235 3211 2353 3268 XIII
2391 3215 2454 3268 P.
2512 3213 2586 3268 ﬂ.
2657 3214 2860 3271 deferri
2899 3218 3237 3282 curavimus,
3286 3234 3422 3289 quas
3447 3253 3456 3264 ς.

131 3328 329 3381 unitate
389 3326 593 3382 collisa:
664 3343 728 3383 ac
775 3327 1067 3398 dill‘raetae,
1145 3331 1397 3386 luctuoso
1446 3328 1733 3400 naufragio

128 3428 541 3486 mergerentur.
582 3439 600 3472 ι

198 3508 292 3564 86.
344 3526 362 3560 ι
402 3511 649 3566 Accessit
705 3527 922 3583 quoque
979 3513 1244 3570 miraculo
1279 3515 1432 3570 visus
1480 3515 1532 3570 in
1593 3516 1734 3571 cmlo

127 3617 303 3658 senex
337 3618 571 3658 summa:
599 3606 947 3678 proceritatis
969 3647 983 3669 ,
1005 3608 1229 3676 ipsaque
1265 3605 1491 3677 prolixae
1554 3610 1733 3664 barba:

127 3693 440 3762 spectanda
473 3695 676 3748 canitie
719 3693 1073 3765 conspicuus,
1117 3697 1209 3767 qui
1258 3697 1550 3752 videbatur
1585 3701 1766 3753 illam.

125 3784 379 3838 excitare
417 3784 735 3853 procellam,
770 3795 822 3840 et
871 3802 970 3856 pro
1011 3804 1105 3842 sua
1157 3790 1309 3859 quasi
1368 3790 1589 3847 civitate
1632 3810 1732 3862 pu-

125 3891 302 3948 gnare.
349 3878 525 3932 :visa:
558 3887 682 3933 sunt
754 3880 918 3935 etiam
973 3881 1324 3937 validissima:
1377 3887 1731 3956 promptissi-

125 3987 352 4024 morum
410 3972 642 4024 militum
691 3981 745 4026 et
810 3975 1011 4028 civium
1051 3978 1328 4042 cohortes,
1398 3979 1734 4050 fulgentibus

124 4081 226 4137 per
254 4063 409 4118 muri
437 4077 696 4118 coronam
741 4065 914 4134 galeis
947 4076 1115 4135 atque
1145 4069 1499 4130 thoracibus.
1538 4071 1729 4125 urbem

125 4163 407 4226 perpetua
444 4157 599 4225 quasi
632 4157 865 4210 statione
896 4155 1212 4212 defendere.
1286 4157 1438 4213 Unde
1492 4169 1729 4228 constat,

126 4251 442 4306 immanem
501 4249 653 4303 illmn
711 4250 1003 4305 barbarum
1057 4267 1122 4307 ea
1159 4253 1247 4308 die
1301 4258 1728 4320 contremuisse,

122 4351 178 4397 et
209 4340 573 4413 paucissimis
608 4342 944 4406 triremibus,
983 4358 1104 4413 qua:
1132 4345 1214 4397 vix
1246 4359 1547 4404 evaserunt
1583 4351 1732 4406 inco-

122 4435 327 4502 lumes,
403 4433 548 4488 ultra
601 4434 942 4499 Palinurum,
1008 4437 1477 4495 invalesccntibus
1527 4444 1726 4508 ventis,

123 4536 348 4596 raptum
379 4526 575 4580 fuisse.
600 4527 811 4582 Cretera
838 4529 1051 4599 navigia
1075 4532 1476 4605 cujuscumque
1512 4536 1729 4605 generis

121 4621 202 4674 vel
244 4620 417 4688 plane
450 4630 706 4687 quassata
738 4620 939 4676 sensim
971 4622 1226 4693 absorpta
1277 4635 1432 4687 sunt,
1462 4628 1545 4680 vel
1579 4628 1730 4683 fatali

123 4714 175 4766 in
213 4714 415 4769 littore
439 4713 798 4777 dcsedernnt,
836 4716 1126 4786 przedaquc
1165 4719 1374 4784 omnia,
1409 4735 1573 4792 quam
1630 4737 1730 4793 per

123 4808 204 4863 fas
266 4819 328 4864 et
406 4807 563 4862 nefas
620 4807 888 4863 barbarus
951 4811 1337 4881 undecumque
1415 4814 1729 4888 collegerat,

120 4901 187 4957 ad
220 4899 643 4954 Salermtanum
671 4897 828 4953 littus
871 4898 1069 4968 ejecta,
1107 4901 1302 4958 incolis
1325 4909 1731 4973 occupantibus

120 5000 204 5044 est
238 4987 507 5058 quaesita.
539 4986 679 5042 Cum
731 4988 894 5059 igitur
936 4990 1314 5046 imminentem
1360 4994 1572 5048 cladem
1622 5006 1727 5050 tam

123 5084 272 5138 felici
327 5091 566 5143 eventu,
595 5095 702 5133 non
736 5082 986 5136 humana:
1042 5084 1202 5146 vires,
1239 5086 1334 5138 sed
1402 5085 1542 5138 Deus
1605 5087 1728 5155 Opt.

126 5180 269 5229 Max.
315 5172 647 5234 avertisset,
687 5183 977 5242 acceptum
1023 5175 1074 5228 id
1105 5175 1442 5230 Salernitani
1485 5181 1734 5234 tulerunt

125 5268 400 5337 precibus
444 5273 501 5318 et
537 5265 749 5318 meritis
803 5265 1040 5319 Μαιηιωὶ
1074 5275 1128 5319 et
1181 5269 1417 5322 Andre:
1453 5273 1731 5339 apostolo-

125 5376 284 5417 rum:
325 5358 420 5411 hic
455 5356 918 5427 Amalphitanam,
957 5358 1043 5412 ille
1079 5358 1489 5416 Salernitanam
1520 5364 1729 5432 plagam

125 5451 486 5506 defenderat.
512 5446 884 5513 Quamobrem
915 5451 1163 5518 Sequenti
1224 5450 1313 5504 die
1345 5452 1732 5509 Salernitanus

128 5545 374 5616 papulus
445 5543 559 5597 Deo
601 5541 857 5612 ingentes
902 5543 1104 5613 gratias
1155 5543 1268 5613 egit
1307 5561 1317 5594 :
1356 5551 1412 5595 et
1455 5545 1733 5614 deinceps

129 5636 440 5708 quotannis
470 5648 532 5687 ea
568 5633 679 5703 ipsa
714 5633 801 5687 die
835 5632 1080 5687 miraculi
1111 5636 1378 5688 memoria
1411 5643 1728 5698 renovatur,

129 5733 257 5800 quia
326 5739 388 5783 et
455 5727 738 5794 proprium
795 5725 865 5778 ob
928 5727 974 5778 id
1014 5723 1264 5780 Ofﬁcium
1314 5727 1629 5780 celebratur
1679 5729 1730 5780 in

128 5829 301 5881 choro
357 5818 596 5886 majoris
623 5821 892 5883 ορειεεὶεε,
943 5828 996 5873 et
1030 5835 1126 5886 per
1158 5817 1442 5873 civitatem
1500 5817 1730 5874 solemni

131 5917 502 5990 processione
534 5913 877 5977 discurritur,
926 5913 978 5967 in
1036 5929 1140 5982 qua
1193 5911 1426 5967 alternis
1483 5912 1732 5981 precibus

1837 3310 1888 3362 ei
1930 3310 2268 3379 gratissimas
2319 3309 2600 3369 exstitisse
2664 3324 2762 3380 per
2823 3309 3034 3365 litteras
3087 3312 3422 3383 accepimus.

1839 3400 2030 3458 Tantm
2057 3404 2221 3472 igitur
2254 3402 2330 3456 rei
2364 3403 2668 3456 novitatem
2695 3403 2850 3457 valde
2889 3403 3143 3458 admirati
3179 3419 3371 3460 sumus
3403 3422 3422 3471 ;

1838 3497 1897 3550 et
1942 3495 2124 3558 veriti,
2180 3507 2249 3548 ne
2302 3493 2660 3549 beatissimus
2713 3496 2996 3564 apostolus
3037 3496 3167 3550 huic
3196 3498 3423 3567 Lpopulo

1838 3588 1908 3641 ob
1957 3587 2164 3642 scelera
2227 3589 2399 3641 multa
2460 3596 2805 3652 succenseat,
2860 3588 3075 3659 precari
3121 3602 3420 3657 naniquam

1837 3678 2159 3732 desistimus
2234 3677 2411 3739 illum,
2504 3688 2564 3731 ut
2614 3679 2894 3733 civitatem
2944 3681 3105 3735 istam
3166 3685 3422 3751 civesque

1837 3783 2030 3825 omnes
2095 3770 2348 3840 dignetur
2381 3785 2481 3840 pro
2535 3785 2632 3826 sua
2665 3781 2930 3826 consueta
2967 3773 3213 3829 bonitate
3236 3783 3425 3845 prote-

1837 3879 1984 3935 gere.
2035 3881 2054 3914 ι

1906 3954 1995 4010 88.
2032 3973 2050 4006 ι
2107 3952 2350 4010 Tandem
2399 3966 2454 4010 et
2505 3957 2637 4010 illud
2700 3958 2879 4027 placet
2958 3959 3101 4014 inter
3157 3960 3422 4018 miracula

1837 4064 2151 4110 recensere,
2193 4050 2334 4116 quod
2362 4064 2426 4102 ex
2475 4045 2730 4103 universa
2763 4051 3050 4121 provincia
3097 4052 3425 4123 frequentis-

1835 4141 1973 4194 sime
2007 4139 2314 4194 ail'eruntur
2345 4126 2597 4196 homines
2633 4145 2921 4213 utriusque
2969 4159 3156 4206 sexus,
3194 4147 3283 4216 qui
3309 4162 3424 4200 ma-

1835 4239 1902 4293 lis
1927 4237 2214 4308 spiritibus
2255 4239 2521 4292 acerrime
2572 4239 2904 4294 divexantur
2953 4259 2966 4293 :
3007 4251 3062 4296 et
3088 4257 3185 4298 eos
3229 4258 3424 4299 ourncs

1835 4339 1963 4386 ante
2006 4330 2182 4400 ipsum
2218 4329 2282 4382 Ι).
2322 4329 2557 4384 Matthaet
2592 4332 2766 4386 altare
2800 4333 3133 4389 constitutos
3167 4335 3424 4390 sacerdos

1838 4437 1984 4478 unus
2039 4423 2298 4493 imposita
2333 4441 2494 4479 manu
2539 4425 2751 4482 liberat.
2778 4425 2955 4495 ~Quod
2995 4442 3148 4494 sane,
3207 4429 3420 4482 tametsi

1834 4521 1902 4574 ab
1932 4522 2051 4591 ipso
2093 4522 2469 4578 translationis
2504 4523 2656 4577 initio
2684 4522 2993 4577 factitatum
3040 4525 3262 4580 assidue
3284 4525 3419 4588 fuit,

1769 4620 1809 4674 ι)
1839 4615 1962 4685 quia
1999 4624 2183 4672 tamen
2220 4617 2287 4671 ad
2325 4615 2437 4669 haec
2473 4631 2646 4686 usque
2692 4625 2942 4687 tempora
2985 4627 3322 4689 perseverat,
3369 4633 3426 4674 et

1839 4707 2000 4762 nobis
2041 4709 2206 4762 etiam
2241 4707 2560 4762 videntibus
2597 4707 2930 4778 quandoque
2993 4719 3274 4777 peractum
3312 4719 3422 4771 est,

1839 4819 1948 4857 non
1981 4805 2082 4858 fuit
2122 4803 2232 4857 ulla
2271 4804 2483 4857 ratione
2514 4805 2964 4874 pratereundunt
3007 4804 3252 4860 silentio.
3291 4823 3307 4856 ι
3348 4805 3423 4859 Ita

1836 4905 2050 4951 auctor.
2100 4895 2177 4950 Ex
2235 4895 2441 4950 ultimis
2500 4898 2686 4958 verbis
2734 4897 2953 4968 colligo,
3027 4898 3197 4950 multa
3249 4893 3420 4951 sancti

1838 4987 2076 5043 .‘llattha-l
2124 4989 2387 5050 beneficia
2450 4993 2676 5062 scriptis
2729 4991 3048 5061 consignata
3082 5006 3196 5045 non
3227 4990 3416 5046 fuisse:

1838 5095 2014 5150 neque
2043 5081 2192 5134 enim
2231 5096 2738 5154 cnergumenorum
2791 5082 3148 5141 liberationes
3199 5083 3420 5147 invenio

1831 5174 2089 5243 scriptas.

1905 5264 1994 5318 89.
2039 5265 2110 5317 Ex
2146 5263 2249 5318 illis
2281 5281 2447 5319 unum
2476 5267 2658 5322 Sancti
2695 5265 3014 5325 beneficium
3053 5265 3418 5329 Salernilanis

1837 5360 2136 5428 prmsritum
2166 5358 2397 5412 refertur
2423 5375 2450 5412 a
2477 5359 2780 5413 lloninalda
2808 5359 2850 5412 ll
2879 5361 3291 5430 archiepiscopo
3325 5358 3421 5413 Sa-

1837 5451 2135 5507 lernitano.
2175 5451 2264 5519 qui
2302 5452 2483 5504 omnia
2537 5466 2775 5522 praesens
2828 5455 3012 5506 videre
3066 5452 3262 5521 potuit,
3294 5468 3417 5505 cum

1841 5546 2014 5615 patria
2071 5543 2240 5597 fuerit
2289 5544 2686 5610 Salernitanus,
2741 5555 2794 5598 et
2851 5546 3152 5602 secundum
3211 5545 3416 5616 Ughelli

1836 5638 2213 5691 chronotaxitn
2242 5639 2351 5706 jam
2385 5640 2575 5704 patria:
2620 5653 2730 5692 suae
2760 5651 3008 5708 praeesset
3052 5639 3419 5706 archiepisco-

1837 5744 1957 5799 pus.
1991 5730 2207 5797 quando
2245 5745 2330 5781 res
2366 5741 2580 5798 peracta
2615 5741 2716 5795 est,
2764 5738 2856 5783 ant
2883 5731 3245 5798 quadriennio
3294 5739 3414 5799 post

1838 5822 2282 5895 archiepiscopus
2311 5823 2468 5877 fuerit
2501 5823 2676 5900 factus
2705 5838 2770 5876 ex
2807 5825 3124 5878 chronotaxi
3161 5823 3418 5892 GaSparis

1841 5915 2039 5970 lllusca.
2080 5913 2301 5969 Factum
2353 5929 2381 5966 a
2433 5914 2749 5982 Maratorio,
2805 5918 2857 5971 in
2896 5919 3185 5972 Annalibus
3219 5916 3411 5982 Italic,
