4150 6488
733 401 841 464 803

1965 397 2251 458 MENSIS
2286 398 2570 457 SEPTEM
2584 399 2673 455 BE
2686 398 2754 456 Π.

3882 396 3992 458 80L

737 517 973 572 refertur
997 515 1060 569 ad
1095 529 1299 568 annum
1335 512 1490 578 “6‘2,
1531 524 1693 585 atque
1717 514 1791 569 ita
1825 514 2114 583 exponitur
2145 526 2174 565 a
2207 512 2315 566 Ro—
2344 527 2384 576 Α
2417 512 2537 566 silia
2583 521 2772 564 neuter
2814 510 2951 565 scire
3002 511 3205 580 potuit;
3244 522 3290 563 at
3345 513 3473 565 mihi
3523 513 3842 582 conjectura
3884 512 3994 565 Bo-

746 606 975 671 mualdo,
1012 616 1141 658 tom.
1176 604 1261 657 VII
1292 603 1619 673 Scriptorum
1658 604 1851 667 Italia,
1893 603 1997 658 col.
2026 604 2151 658 205.
2178 602 2307 657 Gui-

745 703 955 759 Iielmus
986 697 1004 750 I
1034 697 1235 753 Sicilire
1264 712 1356 751 rex
1397 704 1758 767 cognomento
1792 694 1980 759 Malus,
2012 704 2133 765 post
2162 710 2311 748 com-

744 809 960 865 pressos
988 791 1301 847 rebellionis
1327 800 1505 844 motus
1529 791 1581 843 in
1615 804 1779 859 regno
1808 787 2177 858 Neapolitano,
2212 807 2231 839 ‹
2258 799 2311 841 et

741 888 821 941 sic
856 893 1169 954 recuperata
1206 892 1346 936 terra
1382 890 1488 935 tota
1525 883 1668 951 (cum
1692 880 1977 947 exercitu),
2015 878 2305 933 Salernum

744 978 912 1033 venit.
944 976 1010 1030 Et
1048 976 1175 1045 quia
1211 972 1521 1043 indignatus
1550 983 1665 1027 erat
1697 972 2050 1027 Salernitanis
2078 972 2309 1036 civibus,

744 1068 932 1121 urbem
983 1067 1185 1120 intrare
1216 1064 1405 1127 noluit,
1440 1063 1533 1118 sed
1562 1063 1712 1132 juxta
1745 1078 1861 1117 eam
1914 1062 2143 1116 tentoria
2180 1062 2310 1114 fixit.

745 1158 925 1227 Cmpit
961 1167 1142 1211 autem
1192 1172 1220 1210 a
1256 1155 1467 1211 civibus
1506 1170 1755 1226 magnam
1788 1154 2073 1223 pecuniam
2107 1163 2312 1223 petere.

744 1250 916 1317 Quam
943 1266 1107 1321 quum
1141 1250 1216 1303 illi
1243 1250 1422 1303 statim
1446 1248 1657 1304 solvere
1682 1262 1789 1301 non
1816 1254 2059 1316 possent,
2094 1246 2312 1301 inventa

741 1346 1030 1401 occasione
1085 1344 1369 1413 plurimum
1426 1343 1761 1413 indignatus,
1812 1341 2072 1410 quosdam
2117 1356 2182 1395 ex
2238 1339 2316 1394 eis

745 1439 1003 1509 suspendi
1033 1438 1179 1499 fecit,
1226 1436 1585 1490 comminatus
1632 1434 1772 1498 aliis,
1814 1434 1980 1505 quod,
2010 1434 2114 1489 nisi
2150 1449 2316 1503 pecu-

748 1533 893 1585 niam
924 1531 1035 1584 cito
1066 1529 1360 1592 solverent,
1396 1528 1583 1581 urbem
1622 1526 1949 1581 destrueret.
1988 1524 2185 1579 Beatus
2216 1540 2317 1578 au-

748 1630 857 1675 tem
898 1620 1174 1689 apostolus
1207 1619 1508 1684 Matthaaus,
1541 1618 1633 1687 qui
1674 1615 2032 1672 Salernitanae
2056 1616 2257 1671 civitati
2289 1632 2315 1669 a

751 1712 861 1766 Deo
890 1720 1150 1782 patronus
1177 1712 1336 1767 datus
1364 1721 1446 1766 est
1471 1720 1526 1765 et
1552 1710 1827 1770 defensor,
1861 1707 2136 1761 civitatem
2164 1723 2315 1762 suam

749 1802 805 1857 in
843 1811 991 1857 tanto
1023 1804 1336 1859 discrimine
1373 1819 1478 1857 non
1512 1801 1747 1870 reliquit.
1780 1799 1913 1852 Nam
1954 1814 2117 1865 quum
2148 1816 2239 1853 rex
2266 1800 2317 1853 in

2411 605 2614 659 mualdi
2650 604 2979 674 praeferenda
3014 605 3245 667 videtur,
3269 606 3392 673 quia
3418 606 3676 659 terribilis
3708 606 3801 660 ille
3828 605 3994 659 turbo

2412 711 2535 752 eum
2574 712 2763 751 revera
2796 695 3049 751 effectum
3084 696 3363 766 produxit,
3400 708 3456 751 ut
3491 699 3701 752 nullum
3728 709 3997 769 praaterea

2412 791 2669 844 damnum
2706 789 3066 844 Salernitanis
3091 790 3162 844 sit
3192 790 3395 843 illatum
3423 809 3437 854 ;
3478 795 3571 846 sed
3608 792 3775 847 vitam
3808 792 3996 846 occiso

2414 896 2519 933 non
2551 879 2808 933 reddidit.

2416 1038 2445 1111 ᾗ
2478 1039 2590 1092 VII.
2632 1035 2879 1105 Reliquias
2912 1039 3225 1111 variislocis
3293 1050 3515 1093 serrane
3551 1056 3568 1093 :
3606 1041 3721 1092 loca
3784 1040 3996 1108 aliquot

2801 1125 2955 1160 sacra
2990 1109 3045 1160 S.
3073 1108 3316 1162 Matthwo
3335 1114 3529 1164 dicata.

2487 1224 2576 1279 9i.
2628 1223 2854 1277 Restant
2902 1222 3165 1276 nonnulla
3217 1222 3444 1276 dicenda
3500 1221 3567 1275 de
3623 1220 3872 1289 reliquiis
3941 1220 3998 1274 S.

2418 1316 2673 1378 Matthxi,
2698 1331 2815 1385 qua:
2833 1329 2860 1367 a
2897 1314 3107 1379 reliquo
3130 1329 3358 1381 corpore
3381 1324 3643 1381 separata:
3677 1322 3994 1365 servantur.

2418 1408 2596 1462 Mazza
2624 1408 2863 1477 quidem,
2895 1407 2946 1460 in
2974 1406 3203 1459 Historia
3254 1405 3615 1468 Salcruitana,
3650 1421 3777 1473 cap.
3808 1404 3840 1457 6
3862 1404 3998 1457 dicit

2420 1501 2587 1555 sancti
2631 1499 2866 1553 Matthtci
2903 1500 3130 1568 apostoli
3190 1514 3385 1569 corpus
3441 1498 3729 1567 integrum,
3769 1508 4001 1563 excepto

2420 1593 2581 1647 dente
2607 1592 2933 1657 acbraehio,
2980 1592 3183 1644 servari
3249 1593 3299 1644 in
3354 1591 3501 1644 altari
3559 1590 3731 1643 eidem
3797 1590 4000 1655 dicato,

2420 1686 2487 1741 de
2525 1702 2632 1755 quo
2688 1686 2770 1755 egi
2808 1703 2958 1740 num.
3008 1686 3093 1741 8i.
3130 1683 3196 1738 At
3240 1683 3366 1736 illud
3422 1683 3639 1737 certiori
3684 1680 4002 1735 testimonio

2422 1784 2535 1837 sive
2565 1781 2766 1836 ossium
2802 1781 3142 1850 inspectione
3176 1779 3463 1848 probatum
3497 1777 3712 1836 vellem,
3758 1784 3813 1829 et
3849 1783 3997 1829 certe

747 1909 818 1948 εο
872 1903 1019 1948 esse;
1067 1895 1367 1963 proposito,
1401 1894 1543 1963 quod
1592 1868 1754 1947 "gum
1786 1894 1922 1947 mala
1965 1892 2318 1947 salemuanis
2355 1875 2393 1929 B
2424 1886 2532 1930 tam
2569 1874 2753 1929 stricte
2792 1873 3115 1927 sumendum
3142 1888 3246 1925 non
3284 1878 3387 1930 est,
3446 1878 3503 1921 ut
3534 1868 3866 1922 credendum
3906 1868 3996 1931 sit,

752 1990 997 2052 inferret,
1050 1989 1225 2042 media
1272 1988 1381 2051 die,
1429 2003 1596 2056 quum
1644 1996 1788 2041 tanta
1840 1998 1985 2042 esset
2031 1986 2319 2051 serenitas,

749 2084 892 2153 quod
923 2084 1067 2136 nulla
1101 2082 1154 2136 in
1202 2097 1326 2136 aere
1358 2083 1528 2136 nubes
1569 2089 1875 2151 appareret,
1924 2081 2106 2134 subito
2149 2096 2176 2133 a
2229 2079 2323 2133 Se-

752 2176 1078 2249 ptemtrione
1120 2185 1314 2228 ventus
1366 2173 1571 2227 validus
1602 2189 1725 2228 cum
1780 2172 1981 2245 ingenti
2032 2172 2232 2243 pluvia,
2271 2181 2326 2226 et

754 2269 913 2323 turbo
954 2268 1291 2335 impetuosus
1334 2262 1533 2335 erupit,
1576 2265 1667 2334 qui
1702 2265 1867 2319 totius
1899 2265 2169 2319 exercitus
2207 2269 2327 2319 ten-

755 2360 892 2414 toria
925 2360 1173 2412 universa
1205 2358 1421 2428 dejecit,
1459 2366 1511 2411 et
1544 2358 1836 2412 tentorium
1869 2358 2077 2426 regium
2104 2359 2155 2410 in
2190 2357 2327 2411 emi-

753 2452 901 2507 nenti
937 2452 1171 2521 positum
1210 2451 1287 2505 sic
1322 2466 1351 2505 a
1385 2450 1527 2513 loco,
1554 2451 1605 2503 in
1647 2466 1755 2519 quo
1797 2450 1959 2504 ﬁxum
1993 2450 2190 2514 fuerat,
2228 2450 2329 2503 im-

753 2541 889 2611 pulit
917 2550 971 2594 et
1003 2539 1319 2600 commovit,
1365 2539 1508 2607 quod
1549 2553 1728 2609 regem
1775 2537 2139 2591 dormientem
2189 2550 2327 2607 pene

755 2634 1063 2705 prostravit.
1098 2631 1522 2703 Expergefactus
1556 2647 1676 2696 rex,
1705 2640 1761 2685 et
1792 2640 1937 2686 tanta
1969 2630 2328 2687 inundatione

766 2725 1054 2788 attonitus,
1092 2730 1251 2791 carpit
1283 2724 1490 2793 fugere,
1515 2731 1566 2775 et
1599 2722 1843 2791 Apostoli
1873 2724 2131 2776 auxilium
2172 2722 2328 2775 invo-

756 2831 901 2877 care,
932 2825 985 2869 et
1016 2814 1101 2867 vix
1145 2816 1194 2867 in
1235 2814 1467 2883 quodam
1521 2827 1691 2882 parvo
1736 2813 1969 2866 tentorio
2017 2811 2229 2881 fugiens
2271 2826 2331 2865 se

760 2908 982 2976 recepit.

828 2998 917 3053 90.
962 2999 1023 3051 Et
1057 3000 1181 3053 licet
1214 3014 1304 3052 rex
1355 2997 1520 3051 animi
1574 2996 1654 3051 sui
1710 2998 1957 3051 timorem
2008 3011 2171 3065 super
2229 2995 2332 3049 hoc

759 3091 900 3145 facto
931 3091 1318 3153 dissimularet,
1364 3101 1644 3161 magnates
1688 3101 1866 3143 tamen
1920 3090 2084 3144 curia:
2136 3101 2190 3144 et
2226 3088 2330 3142 viri

770 3183 1069 3253 prudentes
1098 3182 1385 3236 manifeste
1417 3191 1700 3247 noverunt,
1732 3183 1831 3236 hoc
1868 3182 2187 3235 miraculum
2224 3180 2333 3234 vir-

761 3284 875 3328 tute
914 3274 1209 3342 apostolica
1239 3285 1629 3343 perpetratum.
1653 3274 1945 3342 Apostolus
1972 3272 2115 3326 enim
2148 3272 2200 3325 in
2228 3272 2329 3326 hoc

764 3366 904 3420 facto
930 3376 984 3420 et
1006 3367 1296 3420 commisso
1328 3365 1429 3418 sibi
1459 3367 1656 3435 pepulo
1679 3374 1735 3419 et
1766 3365 1870 3436 regi
1898 3365 2182 3421 manifeste
2204 3381 2332 3420 con-

764 3459 915 3524 sulit,
954 3457 1080 3513 dum
1112 3467 1168 3512 et
1205 3458 1555 3512 commissum
1586 3458 1689 3512 sibi
1720 3459 1973 3528 populum
2015 3474 2043 3511 a
2091 3459 2332 3527 periculo

765 3552 933 3616 eruit,
960 3561 1013 3604 et
1062 3566 1260 3620 regem,
1294 3566 1364 3605 ne
1396 3552 1728 3620 propositum
1778 3552 1979 3605 malum
2025 3549 2330 3618 perliceret,

772 3641 1072 3711 impedivit.
1099 3641 1212 3694 Rex
1244 3656 1395 3709 ergo,
1427 3642 1570 3709 quod
1594 3641 1790 3695 factum
1824 3641 2012 3703 fuerat,
2047 3657 2227 3695 secum
2255 3657 2335 3695 rc-

765 3735 1030 3805 cogitans,
1083 3742 1136 3788 et
1187 3735 1609 3805 indignationem
1673 3733 2018 3804 apostolicam
2082 3733 2335 3803 pertime-

766 3842 944 3889 scens.
978 3842 1143 3897 quum
1173 3842 1229 3880 se
1256 3835 1594 3881 moraturum
1622 3826 1762 3881 circa
1788 3826 2069 3881 Salernum
2093 3828 2337 3896 aliquan-

766 3917 939 3971 tulum
988 3916 1375 3985 disposuisset,
1424 3924 1630 3969 mutato
1682 3918 1977 3985 proposito,
2031 3918 2199 3972 altera
2250 3918 2338 3973 die

766 4006 946 4076 galeas
983 4005 1058 4075 (id
1105 4015 1189 4060 est
1242 4005 1514 4074 triremes)
1550 4006 1789 4073 intravit,
1834 4014 1889 4062 et
1918 4007 2243 4063 festinanter
2281 4008 2335 4062 in

770 4097 1013 4152 Siciliam
1045 4097 1226 4151 rediit.
1261 4115 1279 4147 ι
1314 4096 1468 4164 Hugo
1497 4095 1823 4161 I-‘alcandus,
1847 4099 1936 4165 qui
1964 4098 2152 4153 eodem
2174 4100 2336 4154 etiam

770 4190 969 4245 sacculo
1023 4188 1259 4259 scripsit,
1319 4188 1373 4241 in
1430 4186 1666 4240 Historia
1717 4186 1922 4254 Sicula,
1971 4190 2169 4244 ibidem
2218 4200 2341 4260 post

773 4281 1055 4336 Romualdi
1079 4280 1377 4335 chronicon
1406 4278 1573 4345 edita,
1595 4280 1658 4334 de
1690 4280 1829 4336 facto
1855 4281 2157 4352 prodigiose
2182 4280 2341 4351 plane

771 4373 1081 4437 consentit;
1123 4371 1215 4426 sed
1255 4386 1472 4426 causam
1515 4372 1742 4442 prodigii
1776 4374 2022 4428 attribuit
2057 4375 2212 4429 morti
2245 4374 2342 4428 ali—

773 4466 931 4533 cujus
959 4464 1163 4519 innoxii
1195 4464 1542 4530 Salernitani,
1574 4468 1665 4534 qui
1698 4466 1841 4535 regis
1868 4467 2023 4535 jussu
2057 4481 2180 4520 cum
2222 4468 2341 4521 aliis

776 4557 952 4609 fuerat
996 4570 1317 4625 suspensus.
1369 4556 1446 4610 De
1494 4556 1707 4610 turbine
1754 4557 1917 4615 hanc.
1950 4564 2007 4609 ut
2052 4557 2243 4621 credit,
2271 4558 2341 4611 ob

774 4660 995 4701 causam
1024 4656 1234 4709 exorto,
1276 4647 1346 4701 ita
1378 4648 1617 4716 loquitur
1645 4648 1750 4702 col.
1778 4648 1918 4704 299;
1977 4667 1993 4700 ι
2028 4649 2159 4703 Cum
2194 4649 2340 4702 enim

774 4738 913 4789 adeo
943 4752 1169 4791 serenus
1205 4748 1347 4794 esset
1371 4752 1483 4802 aer,
1510 4747 1568 4790 ut
1593 4738 1796 4792 nullum
1819 4754 2042 4809 prorsus
2071 4740 2123 4792 in
2154 4754 2220 4793 eo
2243 4754 2346 4791 nu-

778 4831 863 4882 bis
898 4830 1188 4899 vestigium
1233 4838 1541 4899 apparcret,
1602 4842 1745 4885 tanta
1796 4840 2021 4900 repente
2058 4841 2348 4901 tempestas

776 4930 965 4975 exorta
1019 4933 1124 4988 est,
1181 4924 1440 4987 tonitrua,
1511 4923 1935 4987 coruscationes,
1987 4932 2042 4977 et
2096 4924 2347 4980 imbrium

779 5011 1061 5065 inundatio
1095 5008 1404 5077 subsecuta,
1435 5023 1493 5067 ut
1524 5030 1620 5083 per
1655 5024 1825 5069 totum
1856 5018 2151 5070 exercitum
2179 5018 2350 5069 instar

783 5106 1111 5173 rapiuiSsimi
1142 5107 1399 5160 torrentis
1430 5121 1567 5175 aqua
1597 5108 1929 5171 decurreret,
1963 5116 2018 5160 et
2042 5118 2148 5160 tam
2184 5109 2352 5178 ipsius

781 5196 945 5266 regis,
986 5212 1143 5264 quam
1175 5209 1493 5252 ceterorum
1540 5198 1780 5253 omnium
1834 5200 2093 5264 tentoria,
2138 5201 2352 5269 paxillis

782 5288 984 5342 avulsis
1045 5290 1325 5359 ruptisque
1381 5289 1620 5353 funibus,
1678 5292 1912 5361 procella
1987 5293 2351 5359 subverteret,

785 5391 1076 5449 tantusque
1107 5396 1285 5452 regem
1318 5391 1371 5435 ct
1405 5384 1718 5438 universum
1749 5387 2044 5440 exercitum
2075 5396 2248 5442 terror
2276 5388 2356 5441 in-

784 5469 943 5533 vasit,
980 5478 1057 5532 ut,
1089 5487 1268 5525 rerum
1303 5472 1550 5526 omnium
1583 5475 1795 5544 jactura
1836 5475 2168 5544 posthabita,
2199 5491 2357 5547 coge-

786 5572 976 5617 rentur
1008 5562 1075 5618 de
1101 5567 1271 5621 salute
1318 5566 1538 5636 propria
1586 5569 1930 5638 desperare.»
1987 5567 2099 5623 Hoc
2150 5572 2260 5637 ille,
2302 5580 2357 5624 ut

788 5654 921 5717 dixi,
969 5655 1211 5711 evenisse
1261 5669 1415 5725 putat
1475 5658 1545 5712 ob
1595 5663 1794 5715 eaedem
1840 5664 1976 5717 civis
2030 5664 2355 5727 innoeentis,

788 5746 1121 5803 Romualdus
1173 5749 1239 5803 ad
1297 5754 1761 5807 conservationem
1810 5757 1957 5809 urbis
2016 5764 2070 5809 et
2122 5757 2357 5825 plurium

788 5839 1159 5897 innocentium
1192 5859 1219 5897 a
1244 5843 1455 5899 damnis
1486 5845 1806 5902 inferendis.
1850 5845 2071 5904 Occulta
2105 5849 2197 5903 Dei
2228 5864 2360 5905 con-

2424 1968 2558 2021 nihil
2612 1966 2959 2035 reliquiarum
2996 1964 3166 2019 sancti
3205 1963 3434 2016 Matthaei
3487 1961 3552 2015 ad
3614 1962 3715 2013 alia
3782 1975 4002 2028 quoque

2424 2058 2538 2112 loca
2568 2058 2904 2128 pervenisse.
2944 2056 3163 2109 Interim
3227 2056 3472 2108 laudatus
3516 2062 3706 2107 auctor
3746 2062 3999 2112 testatur,

2426 2149 2643 2201 dentem
2681 2164 2847 2200 unum
2904 2158 2957 2201 et
2992 2144 3270 2199 brachium
3318 2144 3501 2198 Sancti
3540 2146 3589 2196 in
3617 2145 3889 2223 superiori
3917 2160 4005 2197 sa-

2427 2239 2605 2292 crario
2636 2238 2879 2308 ejusdem
2931 2239 3173 2293 ecclesia:
3228 2238 3558 2292 conservari.
3632 2238 3705 2292 Dc
3768 2249 4007 2307 utroque

2428 2332 2591 2386 etiam
2620 2332 2861 2400 loquitur
2892 2331 3175 2396 Marsilius,
3202 2346 3322 2400 Cap.
3359 2330 3409 2387 9.
3442 2347 3560 2400 pag.
3598 2330 3687 2388 79.
3719 2330 3809 2383 ubi
3838 2346 4010 2399 expo-

2435 2424 2517 2475 nit
2548 2432 2760 2475 servata
2791 2422 2841 2474 in
2874 2426 3133 2482 Sacrario.
3155 2433 3315 2492 atque
3343 2423 3556 2475 dentem
3588 2422 3734 2475 illum
3770 2424 4007 2490 positum

2430 2528 2552 2567 esse
2589 2516 2642 2567 in
2672 2529 2833 2569 cruce
2883 2524 3135 2584 argentea
3178 2515 3340 2567 variis
3381 2514 3621 2581 reliquiis
3654 2506 3854 2574 dicata.
3894 2533 3913 2564 ι
3950 2513 4006 2567 In

2431 2605 2618 2659 dextra
2655 2606 2831 2673 (parte
2886 2604 3085 2672 crucis)
3147 2604 3515 2674 gloriosissimi
3572 2602 3812 2657 Matthasi
3873 2604 4013 2657 dens

2432 2697 2592 2757 alius.
2628 2695 2693 2750 de
2721 2712 2827 2763 quo
2868 2704 2921 2749 et
2949 2710 3071 2756 nos,
3112 2695 3307 2764 inquit,
3341 2709 3501 2763 supra
3532 2695 3700 2748 locuti
3732 2710 3953 2748 sumus.
3990 2714 4006 2742 ι

2434 2787 2677 2841 Insinuat
2711 2788 2894 2855 igitur,
2938 2802 3058 2842 esse
3085 2786 3234 2840 illum
3271 2788 3444 2856 ipsum
3484 2786 3728 2848 dentem,
3762 2789 3855 2854 qui
3882 2802 4015 2840 con-

2434 2894 2620 2933 cessus
2652 2879 2831 2932 fuerat
2877 2879 3176 2932 Athanasio
3216 2878 3481 2933 monacho
3536 2878 3789 2948 corporis
3820 2879 4015 2935 iuven-

2437 2972 2561 3034 tori,
2601 2980 2660 3024 ut
2728 2969 2936 3024 dictum
2988 2986 3139 3024 num.
3181 2970 3282 3037 ’ἵεις
3333 2970 3533 3040 quique
3574 2971 3750 3023 eidem
3800 2970 4016 3023 ablatus

2436 3063 2631 3116 deinde
2670 3072 2775 3124 est,
2805 3062 3263 3131 quemadmodum
3296 3064 3597 3132 expositum
3640 3068 3722 3115 est
3744 3076 3901 3114 num.
3927 3062 4012 3113 75.

2439 3152 2513 3207 De
2571 3153 2792 3207 brachio
2837 3156 3087 3208 laudatus
3128 3155 3394 3209 Marsilius
3427 3159 3497 3208 ita
3537 3155 3779 3224 loquitur
3813 3173 3828 3209 ;
3866 3174 3885 3205 ε
3926 3153 4018 3208 Est

2434 3257 2486 3302 et
2516 3247 2578 3299 D.
2616 3246 2854 3301 Matlhazi
2916 3247 3199 3301 brachium
3243 3246 3394 3309 illud,
3421 3247 3559 3314 quod
3593 3246 4019 3299 Beneventanus

2433 3342 2703 3411 quondam
2734 3343 2988 3411 princeps
3020 3358 3047 3393 a
3087 3340 3348 3409 Gisulpho
3388 3339 3640 3408 precibus
3685 3340 4020 3408 impetrave-

2433 3443 2517 3487 rat
2550 3450 2563 3484 :
2596 3443 2651 3486 et
2690 3434 2940 3501 quamvis
2985 3442 3210 3500 argento
3255 3433 3621 3495 concluditur,
3655 3447 3717 3486 ex
3750 3432 4017 3485 cancellis

2438 3537 2616 3581 tamen
2645 3527 2820 3580 carnis
2847 3536 2902 3579 et
2930 3527 3132 3579 ossium
3163 3534 3412 3594 aspectus
3449 3527 3791 3579 intuentibus
3808 3536 3978 3594 patet.
3997 3545 4014 3575 ι

2441 3620 2563 3672 Hzec
2607 3620 2900 3683 Illarsilius,
2931 3634 3037 3672 non
3069 3619 3369 3687 explicans,
3403 3634 3507 3688 qua
3567 3622 3860 3673 occasione
3891 3621 4020 3673 bra-

2446 3710 2652 3775 chium,
2715 3710 2861 3781 quod
2919 3711 3117 3765 sarculo
3164 3709 3207 3763 Χ
3260 3711 3625 3766 Beneventum
3688 3714 4019 3767 translatum

2438 3806 2724 3869 asset-itur,
2761 3815 2948 3875 postea
2990 3806 3220 3859 relatum
3257 3805 3420 3859 fuerit
3449 3804 3761 3857 Salernum.
3812 3804 4015 3858 Verum

2439 3894 2581 3950 sicut
2611 3912 2807 3967 corpus
2842 3897 2900 3952 S.
2929 3897 3172 3952 Januarii
3209 3898 3406 3951 sreculo
3440 3914 3489 3951 ix
3531 3897 3856 3952 translatum
3918 3897 4022 3952 fuit

2438 3987 2658 4060 Neapoli
2682 3990 3076 4055 Beneventum,
3102 3992 3335 4061 indeque
3366 3995 3579 4045 rursum
3613 3992 3720 4045 alio
3750 3992 4021 4045 delatum:

2439 4083 2766 4153 domumque
2852 4083 3131 4154 Neapolim
3189 4086 3437 4145 relatum,
3512 4085 3602 4136 tali
3675 4096 3770 4137 aut
3852 4086 4022 4140 simili

2441 4176 2601 4229 modo
2638 4176 2921 4230 brachium
2989 4177 3161 4231 sancti
3215 4174 3448 4231 Matthxi
3497 4175 3785 4230 Salernum
3838 4175 4023 4233 redire

2444 4267 2657 4335 potuit.-
2695 4265 2855 4322 Certe
2881 4268 3012 4322 illud
3048 4269 3207 4323 modo
3245 4268 3456 4324 Salerni
3496 4284 3635 4329 esse.
3673 4271 3749 4323 uti
3782 4281 3838 4323 et
3888 4270 4026 4324 den-

2446 4365 2578 4420 tem,
2630 4360 2796 4410 etiam
2826 4360 3022 4413 asserit
3049 4359 3230 4413 Musca
3293 4360 3345 4413 in
3371 4359 3706 4429 Compendio
3752 4361 3867 4428 jam
3905 4361 4025 4413 Iau-

2443 4449 2588 4504 dato.

2370 4588 2419 4646 ι)
2476 4562 2607 4626 .92.
2666 4562 2723 4618 Si
2756 4572 2937 4618 autem
2979 4564 3109 4619 illud
3181 4565 3357 4634 ipsum
3406 4563 3478 4618 sit
3525 4564 3832 4629 brachium,
3880 4566 4027 4637 quod

2450 4657 2548 4710 fuit
2578 4658 2778 4712 sreculo
2819 4674 2848 4710 x
2903 4657 3213 4722 Beneventi,
3277 4658 3486 4712 videtur
3516 4669 3570 4712 et
3627 4659 3859 4713 alterum
3902 4662 4027 4715 bra-

2448 4749 2630 4803 chium
2652 4764 2681 4801 a
2712 4745 2920 4817 reliquo
2943 4763 3169 4818 corpore
3196 4759 3499 4817 separatum
3533 4750 3703 4803 fuisse
3731 4753 4024 4807 saeculoxi.

2450 4838 2662 4907 Quippe
2700 4836 2971 4893 Bobertus
3022 4838 3354 4893 Guiscardus
3407 4856 3471 4895 ex
3534 4841 3757 4896 invento
3796 4858 4027 4913 corpore

2454 4933 2718 5000 integrum
2743 4944 2804 4984 os
2831 4930 3040 4986 brachii
3067 4947 3163 5001 pro
3189 4946 3245 4986 se
3268 4933 3511 4996 retinuit,
3537 4935 3849 4990 utvidimus
3871 4953 4026 4995 num.

2452 5023 2541 5079 80.
2618 5022 2694 5078 De
2738 5022 2833 5077 illo
2878 5039 2999 5078 osse
3050 5024 3101 5078 in
3146 5023 3397 5080 Chronico
3445 5024 3733 5090 Catinensi,
3786 5028 3883 5084 lib.
3945 5047 4025 5099 tu,

2453 5130 2572 5185 cap.
2608 5114 2699 5181 57,
2728 5113 2893 5168 relata
2914 5114 3133 5169 Roberti
3162 5125 3359 5179 morte,
3395 5115 3508 5171 haec
3536 5115 3796 5188 leguntur
3834 5139 3846 5172 :
3884 5141 3901 5171 ε
3929 5120 4027 5175 llic

2455 5206 2663 5259 interea
2720 5203 3032 5272 (Hohertus)
3064 5205 3129 5258 ad
3186 5205 3327 5260 diem
3380 5206 3561 5262 obitus
3621 5212 3703 5261 sui
3740 5208 4027 5265 brachium

2456 5297 2628 5351 sancti
2675 5295 2903 5364 apostoli
2946 5309 2994 5352 et
3051 5300 3395 5368 evangelista:
3448 5298 3683 5352 blatthaei
3734 5304 4029 5371 capellanis

2457 5390 2592 5454 suis,
2624 5388 2734 5443 filio
2765 5404 2888 5453 suo,
2925 5390 3135 5446 Salerni
3175 5394 3773 5462 reportandum,.atque
3804 5396 4029 5449 redden-

2458 5484 2585 5539 dum
2608 5485 2847 5553 reliquit.
2880 5485 2985 5540 Sed
3026 5484 3098 5539 illi
3150 5486 3449 5539 substantia
3505 5502 3794 5557 pauperes,
3833 5504 3898 5542 ac
3933 5490 4030 5545 fide

2460 5578 2835 5645 panperiorcs,
2875 5578 3088 5631 thecam
3129 5588 3461 5647 argenteam,
3507 5579 3557 5631 in
3612 5594 3719 5647 qua
3786 5594 4028 5636 sanctum

2461 5667 2743 5721 brachium
2780 5679 2901 5723 erat
2927 5669 3288 5731 reconditum,
3316 5671 3457 5724 inter
3491 5687 3550 5726 se
3580 5670 3852 5735 dividunt,
3881 5677 4033 5727 inde.

2462 5772 2567 5825 que
2631 5758 3057 5831 Hierosolymam
3126 5772 3433 5831 pergentes,
3504 5771 3723 5817 sanctas
3781 5768 4033 5833 reliquias

2464 5864 2636 5919 usque
2661 5852 2725 5906 ad
2751 5852 2893 5905 diem
2946 5852 3127 5907 obitus
3169 5856 3251 5908 sui
3301 5855 3443 5925 apud
3472 5869 3529 5909 se
3555 5855 3833 5911 retinuere
3890 5859 4030 5912 cela-
