4150 6556
146 479 241 542 805
1416 465 1591 527 γιτΑ
1636 467 1696 527 S.
1747 466 1768 524 ll

1871 465 2129 527 ΓἸΗΕῘ.
3299 458 3404 520 806

150 600 244 646 tas.
299 590 379 646 Ad
406 599 632 644 mortem
669 597 848 644 autem
881 585 1191 650 venientes,
1223 580 1568 652 supradictas
1595 578 1721 633 reli-
1746 580 1796 638 Δ
1827 578 1990 634 habet
2016 577 2430 638 monasterium,
2459 582 2536 635 et.
2581 581 2639 630 ut
2665 572 2920 629 laudatus
2972 582 3168 628 auctor
3220 573 3408 630 obser—

149 687 316 755 quias,
361 684 551 739 insciis
602 683 786 742 sociis.
833 679 1016 750 pueris
1051 677 1166 731 suis
1212 673 1567 736 contradunt,
1625 670 1718 739 qui
1824 675 1929 731 vat,
1974 668 2100 722 olim
2135 675 2254 724 erat
2290 666 2565 730 Fratrum,
2598 665 2692 735 qui
2743 664 3090 734 appellantur
3114 664 3406 732 Cruciferi,

152 778 375 846 qualiter
404 784 652 830 sanctum
686 772 966 827 brachium
1001 766 1338 836 temporibus
1369 760 1586 817 Girardi
1625 760 1722 814 ab-
1823 776 1969 815 nunc
2008 769 2093 815 est
2128 760 2232 816 sub
2271 774 2399 816 cura
2428 757 2680 813 Fratrum
2727 757 2783 811 5.
2812 756 3121 827 Augustini,
3150 758 3408 812 nimirum

154 845 290 926 batis
329 869 396 922 ad
451 869 600 922 hunc
650 868 830 920 locum
877 860 1190 922 detulerint,
1238 859 1360 912 loco
1391 870 1489 912 suo
1519 853 1724 910 scribe-
1827 850 2237 920 Hybernorum,
2269 856 2332 902 ut
2372 847 2520 903 addit
2563 855 2755 902 auctor
2811 846 3245 900 recentissimus.
3303 845 3412 901 Ob-

154 977 290 1015 mus.
330 980 348 1012 ι
391 959 594 1014 Deinde
623 958 714 1012 lib.
747 973 819 1020 tv,
841 971 962 1024 cap.
995 953 1083 1017 73,
1107 950 1363 1006 laudatus
1397 955 1590 1004 auctor
1609 946 1727 1000 haec
1827 950 2052 996 servant
2093 948 2358 1010 praeterea
2413 948 2692 1000 auctores.
2725 938 3011 993 ecclesiam
3041 938 3188 991 illam
3219 953 3415 993 recen-

155 1054 339 1107 scribit
379 1071 392 1108 :
434 1071 451 1103 t
493 1051 590 1105 llic
624 1053 830 1104 interea
863 1048 1031 1101 abbas
1057 1043 1398 1113 (Casinensis
1438 1038 1726 1106 Girardus)
1830 1033 1937 1088 seri
1979 1036 2124 1086 inter
2191 1032 2378 1087 titulos
2425 1030 2829 1094 Cardinalitios,
2886 1040 2940 1086 et
2993 1030 3215 1100 quidem
3271 1031 3412 1084 inter

155 1163 273 1201 cum
318 1147 461 1216 apud
494 1145 861 1199 Beneventum
909 1143 962 1196 in
1004 1138 1318 1209 Apostolico
1348 1132 1570 1188 servitio
1609 1146 1730 1200 per-
1833 1123 2191 1192 antiquiores.
2260 1131 2320 1177 ut
2369 1122 2613 1192 plerique
2671 1121 2900 1176 addunt.
2949 1119 3203 1173 Nonnulli
3251 1119 3416 1174 etiam

157 1212 422 1302 maneret,
456 1247 512 1292 et
543 1245 693 1290 ccrto
721 1234 922 1290 certius
977 1231 1259 1285 brachium
1288 1225 1460 1281 sancti
1499 1221 1730 1292 apostoli
1835 1223 2115 1279 asserunt,
2151 1224 2516 1270 constructam
2543 1215 2714 1268 fuisse
2745 1216 2889 1269 circa
2916 1229 3118 1268 annum
3140 1212 3416 1282 600,quod

157 1341 209 1387 et
236 1331 581 1402 evangelista:
622 1327 856 1383 Matttttei
898 1326 950 1378 in
994 1325 1181 1379 eadem
1218 1320 1437 1377 civitate
1486 1315 1736 1371 recondi-
1837 1321 1946 1402 uon
2011 1305 2158 1359 lubet
2195 1305 2530 1359 examinare.
2583 1303 2696 1358 Hoc
2731 1304 2935 1357 certius
2973 1313 3078 1366 est.
3109 1304 3414 1357 dedicatam

158 1435 269 1479 tum
305 1440 427 1479 esse
452 1423 750 1483 didicisset,
784 1420 848 1473 ad
880 1433 938 1474 se
962 1418 1071 1487 jam
1099 1415 1228 1470 dicti
1256 1408 1735 1469 brachiicnstodes

157 1532 486 1577 convocans.
517 1514 768 1584 qualiter,
787 1511 869 1566 vel
917 1525 1024 1580 quo
1067 1508 1259 1564 ordine
1282 1505 1527 1577 ejusdem
1557 1499 1734 1556 sancti

159 1610 392 1679 apostoli
431 1607 712 1662 brachium
757 1603 1091 1665 liabuiSsent,
1135 1597 1482 1670 percunctari
1531 1595 1738 1650 Studio-

156 1700 376 1755 sissime
424 1697 610 1766 cmpit.
653 1695 754 1761 Qui
791 1695 916 1748 dum
967 1693 1304 1754 retulissent,
1339 1688 1572 1758 qualiter
1608 1685 1735 1742 illud

156 1807 345 1846 st-cnm
420 1788 693 1844 Robertns
751 1789 857 1844 dux
912 1788 1198 1841 detulisset
1268 1787 1320 1836 in
1367 1781 1734 1850 expeditione,

153 1898 323 1951 quam
355 1893 544 1936 contra
577 1881 827 1934 Alexium
886 1879 1270 1946 imperatorem
1331 1871 1621 1935 habuerat,
1673 1887 1736 1926 ac

155 1978 380 2031 demum
405 1975 704 2045 eapellanis
743 1974 860 2027 suis
897 1973 960 2025 ad
989 1979 1219 2024 mortem
1269 1969 1585 2039 reliquerat,
1611 1965 1743 2035 ipsi-

154 2085 266 2140 que
307 2067 730 2139 postmodumin
766 2065 852 2119 die
891 2064 1073 2119 obitus
1104 2063 1186 2117 sui
1242 2060 1341 2116 sibi
1397 2060 1740 2122 dimiserant,

157 2163 333 2216 abbas
379 2176 601 2214 monere
629 2159 748 2214 illos
808 2157 1072 2212 attentius
1120 2155 1307 2223 cmpit,
1362 2161 1419 2206 ut
1466 2160 1616 2204 tanta
1663 2150 1746 2203 di-

157 2254 352 2325 gniora
381 2252 668 2306 Casinensi
696 2250 948 2305 coenobio
972 2247 1305 2301 conferrent.

234 2347 326 2402 95.
369 2365 388 2397 t
425 2344 505 2400 llli
533 2353 714 2398 autem
737 2342 892 2396 ocius
912 2355 969 2393 se
1002 2339 1116 2392 litec
1149 2335 1449 2406 adimplere
1480 2339 1745 2398 latcntur,

159 2443 207 2496 si
263 2435 431 2495 abbas
481 2440 603 2492 illos
651 2448 992 2506 quacumque
1042 2434 1175 2487 hora
1209 2430 1274 2485 ad
1327 2429 1748 2484 conversionem

159 2532 358 2586 venire
389 2529 611 2593 vellent,
655 2527 863 2596 absque
907 2525 1091 2594 aliquo
1137 2523 1314 2594 pretio
1368 2521 1487 2575 illos
1547 2519 1598 2572 in
1648 2519 1752 2572 hoc

163 2620 819 2690 monasterioreciperet.
850 2617 1004 2683 Quod
1037 2631 1161 2670 cum
1187 2614 1359 2668 abbas
1392 2612 1753 2666 libentissime

163 2732 230 2772 se
263 2715 614 2785 impleturum
643 2712 1047 2784 spopondisset,
1093 2710 1168 2763 illi
1205 2706 1492 2763 confestim
1537 2714 1756 2760 sanctas

165 2810 439 2879 reliquias
471 2808 536 2862 ad
603 2807 751 2861 hunc
796 2805 973 2860 locum
1032 2802 1282 2858 ferendas
1342 2799 1518 2854 eidem
1574 2796 1753 2852 abbati

165 2903 532 2957 contradunt.
588 2897 902 2967 Suscipieus
925 2896 1089 2966 igitur
1117 2894 1262 2948 idem
1307 2892 1475 2946 abbas
1537 2897 1755 2943 sanctas

169 2994 463 3063 reliquias,
533 2990 737 3059 diuque
787 2987 1135 3049 deosculans,
1197 3001 1296 3056 per
1357 2984 1518 3053 hujus
1562 2994 1760 3036 nostrae

169 3084 626 3156 congregationis
669 3082 866 3136 fratres
901 3082 966 3136 ad
999 3081 1104 3135 hoc
1133 3077 1527 3134 monasterium
1583 3085 1762 3128 trans-

172 3183 403 3236 mittere
435 3180 666 3234 studuit.
711 3177 791 3232 Διὶ
847 3176 1004 3245 cujus
1069 3174 1363 3229 adventum
1416 3185 1607 3224 omnes
1657 3176 1764 3221 ter-

173 3286 324 3333 ram,
360 3272 450 3338 qtti
487 3270 628 3321 hanc
663 3268 1060 3329 inhabitabant,
1095 3262 1445 3334 cumingenti
1470 3260 1759 3315 devotione
1790 3273 1830 3329 ο

173 3374 236 3418 et
272 3362 495 3433 gaudio,
525 3359 738 3412 obviam
777 3364 1186 3428 processerunt.
1224 3357 1368 3407 Sane
1401 3369 1525 3406 cum
1551 3353 1664 3405 lucc
1696 3352 1762 3404 ad

176 3457 356 3527 hujus
384 3462 588 3508 nostrae
623 3449 1058 3521 congregationis
1089 3447 1339 3501 notitiam
1361 3446 1762 3515 pervenissent,

173 3545 559 3603 inaestimabili
617 3543 979 3598 exsultatione
1040 3541 1251 3612 repleti,
1315 3555 1378 3594 ac
1429 3537 1769 3595 soiemnibus

172 3637 538 3693 vestimentis
591 3634 806 3700 induti,
865 3649 985 3689 cum
1023 3631 1366 3700 lampadibus
1431 3639 1484 3682 et
1540 3630 1771 3698 thymia-

173 3730 432 3783 matibus
496 3739 668 3793 usque
700 3725 764 3776 ad
825 3732 1035 3791 portam
1090 3731 1330 3775 veterem
1384 3719 1654 3781 exierunt,
1708 3733 1772 3772 ac

172 3837 352 3878 terra:
381 3818 640 3891 prostrati
669 3825 916 3871 sanctum
955 3815 1347 3887 evangelistam
1374 3811 1767 3867 adoraverunt:

171 3925 598 3988 surgentesque
623 3931 743 3969 cum
777 3912 1012 3969 maxima
1069 3908 1383 3965 reverentia
1416 3906 1775 3962 deosculave-

172 4018 346 4074 runt,
382 4017 438 4060 et
473 4021 596 4058 cum
633 4003 845 4075 hymnis
872 4011 925 4057 et
949 4001 1201 4056 laudibus
1232 3998 1364 4053 illud
1418 3996 1472 4049 in
1502 4002 1776 4050 monaste-

169 4102 334 4155 rium
393 4096 819 4158 introduceutes,
853 4105 1015 4162 atque
1055 4094 1107 4145 in
1157 4105 1416 4161 argentea
1451 4105 1636 4159 capsa,
1663 4097 1775 4141 tur-

171 4194 334 4243 rium
370 4189 546 4242 instar
579 4196 779 4252 aptata,
826 4196 1073 4238 sanctum
1138 4183 1424 4238 brachium
1489 4182 1780 4237 recluden-

170 4295 285 4348 tes,
320 4282 377 4334 in
405 4288 664 4351 argentea
693 4278 843 4333 trabe
876 4291 1001 4332 ante
1043 4277 1184 4332 beati
1228 4275 1505 4331 Benedicti
1527 4275 1778 4330 altarium

169 4374 632 4446 suspenderunt,
669 4386 814 4424 anno
872 4371 1168 4423 Dominicze
1219 4369 1623 4423 lncarnationt's
1657 4366 1778 4419 titil—

169 4471 396 4524 lesimo
422 4464 726 4520 centesimo
763 4461 1021 4516 vicesinto
1058 4459 1326 4516 secundo.
1366 4477 1383 4510 ι
1436 4459 1491 4512 lu
1540 4459 1781 4514 Adnota-

171 4559 250 4611 tis
288 4555 495 4626 Angeli
531 4553 599 4607 de
632 4551 779 4606 Nuce
812 4551 1036 4605 editoris
1067 4551 1291 4609 additur
1343 4550 1625 4604 brachium
1651 4549 1780 4603 illud

169 4652 359 4707 modo
386 4644 618 4708 servari,
676 4644 730 4696 in
795 4643 952 4696 theca
1010 4653 1288 4712 argentea,
1339 4642 1544 4697 brachii
1589 4642 1781 4697 forma.

171 4734 613 4812 l‘apebrochius
661 4742 845 4786 noster
905 4731 958 4784 in
1032 4731 1320 4786 Itinerario
1374 4730 1498 4794 δίς»,
1563 4733 1706 4800 quod
1755 4747 1785 4784 a

170 4848 348 4890 mora
393 4827 639 4883 Romana
705 4838 879 4892 usque
912 4823 980 4878 ad
1013 4823 1249 4878 reditum
1280 4823 1332 4876 in
1384 4821 1629 4893 Belgium
1657 4836 1786 4875 con-

168 4925 450 4994 scripsit,
486 4935 610 4989 pag.
649 4911 772 4978 108,
807 4914 951 4968 inter
997 4910 1276 4983 reliquias,
1321 4925 1459 4981 quas
1530 4911 1667 4964 vidit
1733 4911 1785 4963 in

169 5016 450 5078 sacrario
471 5006 926 5072 Casinensi,illud
958 5021 1018 5060 os
1052 5005 1266 5060 brachii
1314 5006 1492 5060 sancti
1547 5003 1786 5060 Matth-xi

171 5114 485 5170 recenset.

251 5206 359 5260 94.
407 5200 584 5254 Roma
630 5197 683 5250 in
713 5193 880 5248 variis
929 5192 1180 5248 ecclesiis
1206 5190 1465 5261 reliquias
1489 5191 1790 5246 nonnullas

169 5292 376 5354 sancti
423 5288 665 5343 Matthxi
717 5284 960 5343 exhibet.
1022 5281 1170 5336 Inter
1217 5294 1540 5334 numerosas
1609 5290 1790 5334 autem

174 5389 366 5444 Urbis
408 5379 676 5437 ecclesias
730 5393 834 5430 una
883 5388 967 5430 est
1015 5384 1206 5429 sancto
1274 5375 1528 5428 Mattlneo
1587 5374 1789 5439 dicata,

173 5497 312 5554 quze
343 5474 774 5545 cognominatur
807 5471 860 5523 in
898 5470 1212 5532 Marulana,
1267 5485 1365 5537 pro
1419 5468 1475 5519 in
1520 5468 1791 5532 Μαιιαηη,

173 5575 318 5645 quia
345 5565 666 5642 prepinqua
699 5572 783 5617 est
829 5561 1045 5631 tr0pa3is
1092 5559 1274 5623 Marii,
1310 5571 1368 5613 ut
1393 5559 1526 5613 varii
1561 5559 1796 5627 scripto-

178 5685 277 5725 rcs
310 5667 614 5721 asserunt.
651 5657 1002 5719 Martincllus,
1029 5657 1082 5711 in
1112 5656 1283 5711 Roma
1308 5672 1488 5719 sacra,
1525 5655 1794 5727 pag.257,

177 5763 300 5835 agit
325 5761 404 5812 de
444 5755 550 5808 hac
621 5751 793 5806 sancti
823 5749 1055 5804 Μυτιὴωί
1099 5748 1333 5804 ecclesia
1384 5749 1436 5800 in
1486 5749 1794 5811 Merulana,

176 5858 322 5910 alias
360 5846 654 5908 Mariana,
693 5843 745 5895 in
797 5843 1017 5911 regione
1046 5841 1344 5906 montium,
1374 5842 1558 5895 eundo
1585 5857 1613 5894 a
1649 5841 1798 5896 Basi-

176 5952 286 6006 ιιςει
345 5935 641 5996 5.51m:
696 5932 912 6002 hlajoris
962 5932 1026 5986 ad
1084 5932 1434 5989 Lateranum.
1498 5934 1789 5988 Annexum

1820 4615 1861 4669 Β

1840 1391 2010 1448 fuisse
2055 1409 2084 1446 a
2126 1391 2389 1448 Paschale
2442 1391 2509 1456 ll,
2567 1393 2682 1446 sive
2740 1393 2790 1446 id
2833 1395 3033 1447 factum
3079 1393 3244 1447 fuerit
3297 1401 3419 1464 post

1844 1486 2308 1540 constructionem
2345 1485 2598 1554 primam,
2629 1485 2744 1538 sive
2789 1494 2910 1554 post
2945 1485 3418 1542 instaurationem.

1843 1575 2059 1630 Etenim
2087 1574 2342 1629 laudatus
2365 1574 2706 1630 Martinellus
2731 1575 2945 1645 longam
2979 1575 3173 1630 recitat
3223 1575 3422 1628 inscri-

1846 1669 2117 1735 ptionem,
2152 1681 2273 1736 qua:
2309 1667 2652 1722 consecratio
2702 1668 2791 1721 illa
2853 1668 3120 1721 asseritur
3165 1665 3217 1719 in
3277 1666 3424 1720 hunc

1847 1761 2092 1814 modum.
2140 1778 2157 1810 t
2202 1761 2256 1813 In
2294 1760 2516 1814 nomine
2553 1760 2764 1814 Domini
2800 1760 2973 1817 nostri
3030 1759 3154 1813 Jesu
3200 1758 3421 1813 Christi.

1847 1855 2041 1908 Amen.
2080 1855 2242 1909 Anno
2288 1851 2685 1908 lncarnationis
2739 1852 3031 1907 Dominica:
3077 1852 3232 1917 1110,
3281 1850 3426 1905 indi-

1779 1927 1818 1981 Β
1846 1949 2031 2002 ctione
2066 1957 2144 2010 tn,
2188 1947 2321 2000 feria
2361 1963 2409 2000 νι
2439 1957 2648 2015 quartae
2680 1946 2976 2000 Dominica:
3023 1945 3075 1999 in
3117 1945 3430 2014 Quadrage—

1847 2041 2008 2103 siina,
2044 2040 2133 2093 die
2162 2039 2562 2093 lnearnationis
2596 2038 2842 2106 ejusdem
2879 2038 2937 2091 D.
2982 2038 3045 2092 Ν.
3078 2038 3210 2093 Jesu
3263 2038 3427 2091 Chri-

1846 2129 1937 2195 sti,
1998 2131 2351 2201 pontilicatus
2415 2130 2477 2186 D.
2537 2130 2816 2183 Paschalis
2868 2129 3028 2197 Papa:
3072 2129 3114 2183 ll
3171 2145 3315 2184 anno
3362 2129 3423 2184 ll

1851 2222 2067 2291 (omnes
2090 2230 2235 2276 nota:
2281 2219 2623 2274 concordant
2665 2233 2812 2270 anno
2853 2218 3008 2284 1110)
3059 2218 3308 2272 dedicata
3348 2227 3434 2273 est

1851 2313 2176 2368 venerabilis
2202 2311 2319 2367 hac
2355 2312 2589 2367 ecclesia
2625 2313 2679 2364 in
2717 2309 2980 2363 honorem
3021 2309 3134 2374 Dei,
3166 2310 3225 2364 Β.
3254 2311 3434 2365 Maria:

1851 2421 2071 2477 semper
2104 2406 2360 2477 Virginis,
2412 2414 2468 2459 et
2521 2404 2664 2460 beati
2693 2404 2924 2476 apostoli
2980 2413 3036 2459 et
3087 2404 3436 2474 evangelista:

1854 2499 2113 2564 Matthaei,
2153 2514 2276 2554 cum
2309 2508 2544 2568 quatuor
2582 2498 2871 2563 altaribus,
2899 2511 3020 2566 qua
3066 2505 3198 2552 sunt
3239 2498 3291 2550 in
3347 2511 3434 2551 ea.

1855 2593 1987 2660 Qum
2015 2592 2356 2647 consecratio
2387 2591 2528 2644 lat-la
2554 2600 2640 2643 est
2660 2605 2688 2643 a
2718 2588 2946 2658 praefato
2977 2588 3224 2654 domino,
3267 2597 3322 2643 et
3346 2602 3439 2642 νε-

1863 2683 2272 2738 nerabilissimo
2305 2681 2565 2735 Pontilice
2596 2679 2842 2733 Paschali
2877 2680 2921 2734 ll
2954 2695 3109 2749 papa.
3160 2680 3217 2733 In
3251 2679 3440 2750 majori

1859 2775 2128 2843 siquidem
2164 2769 2323 2826 altari
2355 2772 2653 2827 celebravit
2681 2771 2824 2826 idem
2851 2770 2912 2825 D.
2942 2786 3082 2848 papa
3125 2773 3345 2825 missam
3386 2771 3442 2825 in

1861 2867 2126 2922 honorem
2161 2866 2219 2921 Β.
2249 2865 2512 2920 Matthaci.
2534 2865 2899 2934 Coadjutores
2931 2880 3062 2920 vero
3087 2866 3204 2935 ejus
3221 2863 3446 2919 fuerunt

1863 2970 2073 3029 septem
2104 2939 2414 3020 {videlicet
2446 2955 2753 3026 Raynerius
2808 2958 2875 3009 de
2915 2954 3088 3017 Ostia,
3150 2953 3448 3008 Riccardus

1861 3053 1930 3107 de
1965 3051 2150 3114 Portu,
2189 3051 2384 3105 Petrus
2404 3051 2471 3106 de
2508 3049 3007 3114 Tibure,Julianus
3037 3051 3102 3103 de
3129 3049 3448 3114 Ferentino,

1864 3145 2189 3200 Anastasius
2221 3146 2289 3199 de
2318 3145 2478 3208 Alba,
2500 3145 2697 3198 Petrus
2728 3143 2795 3196 de
2814 3143 3152 3207 Tusculano,
3181 3141 3452 3196 Antonius

1868 3237 1934 3291 de
1965 3237 2194 3299 Amelia,
2220 3237 2582 3306 praesentibus
2615 3235 2873 3289 omnibus
2899 3232 2958 3289 S.
3002 3235 3067 3290 11.
3103 3232 3166 3285 Ε.
3191 3232 3453 3287 Cardina—

1871 3331 2033 3395 libus,
2067 3331 2422 3400 presbyteris,
2446 3339 2503 3384 et
2528 3329 2874 3391 diacouibus,
2900 3341 3132 3382 necnon
3155 3326 3448 3380 innumera

1869 3422 1998 3476 cleri
2027 3436 2083 3478 et
2104 3426 2293 3493 populi
2318 3423 2546 3477 Romani
2577 3423 2950 3476 multitudine.

1941 3537 2031 3593 95.
2073 3536 2128 3590 In
2162 3538 2348 3608 majori
2382 3547 2565 3591 autem
2593 3536 2766 3602 altari,
2806 3546 3128 3592 consecrato
3163 3551 3191 3590 a
3227 3535 3455 3607 praefato

1874 3631 1937 3686 D.
1976 3646 2132 3701 papa,
2164 3631 2251 3685 cui
2289 3631 2451 3686 etiam
2489 3630 2694 3700 prtelati
2722 3632 2965 3700 episcopi
2994 3633 3304 3693 astiterunt,
3340 3631 3460 3682 fue-

1875 3733 2002 3776 runt
2026 3724 2106 3776 ha:
2128 3723 2366 3791 reliquiae
2402 3724 2677 3779 collocata:
2696 3740 2710 3777 :
2737 3734 2789 3778 et
2811 3723 2984 3794 primo
3004 3723 3070 3778 de
3092 3722 3238 3793 ligno
3259 3732 3460 3778 sanctte

1875 3815 2087 3880 Crucis,
2125 3815 2409 3869 brachium
2452 3818 2624 3869 sancti
2659 3817 2917 3877 Matthtei,
2960 3816 3029 3868 de
3071 3816 3247 3883 lapide
3278 3816 3455 3883 sepul-

1878 3910 1958 3964 cri
1991 3909 2194 3963 Christi
2227 3918 2382 3964 etc...
2417 3908 2484 3962 Et
2508 3923 2606 3978 ego
2647 3905 2925 3962 Paschalis
2961 3921 3097 3978 papa
3135 3907 3462 3960 universalis

1881 4001 2140 4054 Ecclesize
2170 4016 2292 4054 cum
2320 3999 2560 4069 praefatis
2592 4000 2860 4071 episcopis
2900 4001 2998 4056 has
3032 4011 3345 4055 sanctorum
3381 4017 3464 4055 re-

1881 4089 2074 4160 liquias
2119 4091 2288 4144 oculis
2333 4093 2569 4161 pr0prris
2604 4093 2733 4155 vidi,
2786 4088 3149 4161 manibusque
3186 4093 3324 4146 meis
3373 4102 3462 4146 at-

1885 4183 2135 4244 trectati,
2194 4192 2247 4237 et
2278 4183 2553 4237 recondidi
2609 4197 2733 4237 cum
2789 4182 3013 4253 antiquo
3069 4183 3223 4239 titulo
3254 4184 3308 4238 in
3342 4201 3469 4240 arca

1885 4293 2190 4332 marmorea
2235 4279 2336 4332 sub
2381 4279 2534 4331 altari
2584 4279 2802 4348 majori.
2844 4300 2861 4332 ι
2898 4280 3062 4334 Addit
3107 4280 3472 4358 indulgentias

1885 4370 2235 4423 visitantibus
2267 4371 2552 4424 ecelcsiam
2589 4372 2734 4424 illam
2771 4372 2908 4424 atlte
2943 4374 3371 4428 conseCrationis
3402 4374 3473 4429 25

1888 4461 2064 4517 blattii
2093 4478 2268 4531 usque
2309 4463 2375 4517 ad
2414 4460 2678 4516 Octavam
2733 4462 3114 4530 Pentecostes;
3152 4474 3205 4519 et
3249 4464 3303 4519 in
3331 4465 3472 4520 festo

1890 4556 2065 4610 sancti
2113 4554 2353 4609 Matthxi
2398 4555 2460 4608 21
2516 4553 2873 4626 Septembris.
2913 4555 3183 4612 Caeterum
3211 4574 3306 4628 per
3345 4559 3474 4612 brae

1892 4644 2075 4701 chiutn
2105 4648 2280 4700 sancti
2332 4646 2588 4708 Matthxi,
2625 4648 2852 4716 quodin
2901 4649 3054 4702 altari
3105 4652 3470 4715 reconditum,

1890 4735 2106 4803 aliquod
2133 4751 2196 4791 os
2237 4736 2447 4792 brachii
2493 4738 2902 4810 intelligendum
2953 4752 3104 4810 puto,
3149 4758 3256 4799 non
3298 4753 3472 4799 totum

1891 4824 2200 4881 brachium.
2238 4825 2552 4883 Pancirolus
2582 4830 2632 4884 in
2658 4845 2823 4902 opere
2848 4831 3034 4886 Italico
3075 4831 3148 4886 Dc
3192 4832 3475 4889 Thesauri:

1892 4917 2237 4982 absconditis,
2304 4919 2489 4974 Romae
2561 4922 2613 4973 in
2687 4924 2916 4978 ecclesia
2997 4925 3169 4979 Sancti
3238 4925 3475 4982 Matthxi

1892 5025 2016 5080 pag.
2074 5009 2174 5065 1⁸57
2222 5013 2439 5078 asserit,
2490 5015 2636 5070 aliud
2689 5015 2971 5072 brachium
3021 5020 3194 5073 sancti
3243 5019 3476 5076 Mattliaei

1894 5106 2099 5159 servari
2139 5107 2192 5159 in
2225 5105 2443 5160 basilica
2475 5119 2674 5162 sanctae
2712 5108 2891 5162 Mariae
2916 5109 3156 5180 Majoris,
3189 5112 3333 5166 aliud
3359 5130 3480 5168 rur-

1895 5211 2015 5251 sum
2055 5198 2107 5252 in
2156 5199 2385 5255 ecclesia
2428 5199 2600 5253 sancti
2633 5198 2869 5255 Marcelli
2909 5218 3098 5272 paptn:
3132 5213 3185 5259 et
3215 5206 3266 5259 in
3301 5207 3478 5263 indice

1899 5291 2252 5359 reliquiarum
2296 5292 2540 5364 adjungit
2576 5294 2749 5347 sancti
2788 5293 3021 5348 Matthaei
3055 5308 3258 5350 costam
3293 5298 3479 5352 haberi

1898 5378 1950 5432 in
1983 5382 2211 5436 ecclesia
2244 5382 2301 5437 S.
2334 5383 2540 5438 Nicolai
2572 5385 2624 5438 in
2655 5385 2904 5441 Carcere.
2941 5387 3034 5442 llis
3065 5389 3318 5444 omnibus
3349 5405 3481 5445 con-

1899 5475 2068 5527 sentit
2101 5473 2292 5528 Piaua
2326 5475 2379 5530 in
2419 5477 2795 5548 llemerologio
2835 5495 2992 5534 sacro
3022 5481 3088 5534 ad
3139 5481 3282 5535 hunc
3316 5483 3478 5543 diem,

1901 5564 1994 5623 tibi
2022 5566 2191 5633 addit,
2226 5568 2473 5621 nonnihil
2511 5569 2674 5623 etiam
2728 5571 3078 5640 reliquiarum
3129 5573 3301 5627 sancti
3347 5575 3483 5630 Mat-

1903 5661 2028 5715 thzei
2060 5660 2264 5716 servari
2302 5661 2356 5713 in
2387 5659 2607 5713 basilica
2640 5660 2896 5715 Vaticana
2929 5666 3100 5718 sancti
3144 5664 3311 5732 Petri,
3341 5676 3395 5721 et
3427 5667 3481 5721 in

1902 5737 2152 5807 ecclesiis
2199 5762 2508 5805 sanctorum
2575 5754 2944 5822 apostolorum
2996 5765 3049 5808 et
3106 5757 3166 5810 S.
3221 5758 3482 5823 CK’CiiiJ};

1904 5847 2163 5914 variaque
2214 5853 2496 5897 enumerat
2542 5841 2729 5899 Romae
2759 5848 2930 5903 sancti
2973 5845 3210 5904 Matthxi
3262 5850 3484 5918 sacella,

1905 5953 2026 6007 qua:
2057 5937 2338 5991 brevitatis
2367 5950 2529 5990 causa
2568 5936 2749 5994 mitto.
