4150 6488
738 398 844 459 807

1968 392 2250 456 MENSlS
2282 391 2750 453 SEPTEMBER.

3872 393 3975 457 808

803 506 892 561 96.
943 504 1180 559 Masinus
1232 505 1282 558 in
1339 505 1574 559 Bononia
1621 506 1969 571 peritis-truta,
2027 523 2149 577 pag.
2206 502 2370 562 46οΑ
2403 500 2646 571 catalogo
2700 502 3047 570 reliquiarum
3103 495 3386 570 utriusque
3436 503 3746 557 monasterii
3796 504 3973 557 nullas

736 605 981 658 testatur.
1016 586 1271 651 Bononia:
1296 611 1414 649 esse
1433 597 1719 657 ecclesiam
1747 597 2089 667 paraecialem
2114 607 2305 650 saneto

733 686 986 741 Matthmo
1017 686 1270 748 dicatam,
1305 686 1359 739 in
1402 702 1505 754 qua
1538 688 1706 756 ipsius
1738 688 2005 742 festivitas
2034 688 2306 757 prmcipue

732 777 1074 839 celebratur,
1108 776 1161 829 in
1194 777 1293 830 alia
1341 793 1471 831 vero
1501 778 1728 833 ecclesia
1776 776 2087 846 parochiali,
2121 786 2308 829 sancto

733 865 955 920 Nicolao
1002 884 1177 931 sacra,
1207 870 1446 938 ejusdem
1500 869 1728 938 apostoli
1764 869 2044 922 brachium
2089 866 2306 937 aliquod

732 959 1064 1019 conservari,
1099 959 1281 1028 ibique
1307 959 1703 1013 solemnitatem
1740 958 1856 1026 ejus
1888 957 2149 1012 celebrari
2180 971 2305 1011 eum

734 1051 1082 1120 indulgentiis
1160 1050 1442 1120 pleuariis.
1503 1050 1824 1104 Laurentius
1866 1047 2201 1119 Beyerlinck,
2254 1050 2308 1100 in

738 1143 957 1195 ’l‘lieatro
987 1142 1103 1195 vitae
1132 1144 1396 1206 liumame,
1433 1151 1563 1195 tom.
1600 1144 1684 1206 Vl,
1719 1144 1784 1197 ad
1819 1157 2003 1197 vocem
2029 1142 2303 1211 Reliquia',

733 1244 983 1288 recenset
1016 1251 1137 1304 pag.
1175 1235 1279 1288 505
1331 1235 1583 1303 reliquias
1620 1235 1818 1289 multas
1850 1234 2066 1302 Neapoli
2116 1250 2304 1288 serva-

730 1339 830 1388 tas,
878 1330 1125 1396 interque
1166 1346 1256 1379 eas
1301 1330 1478 1381 sancti
1530 1328 1765 1381 Mattba‘i
1801 1327 2059 1396 reliquias
2113 1328 2305 1380 tribuit.

728 1420 973 1473 ecclesia:
1021 1418 1076 1472 S.
1141 1419 1318 1473 Mai-iw
1362 1422 1430 1473 de
1480 1420 1779 1488 Sapientia,
1822 1429 1874 1472 et
1903 1434 2021 1488 pag.
2055 1419 2158 1473 504
2181 1433 2302 1472 ossa

728 1513 897 1565 sancti
926 1512 1162 1566 Matthxi
1191 1512 1248 1567 S.
1284 1512 1461 1566 Mariie
1498 1513 1562 1565 de
1586 1512 1923 1580 'virginibus.
1956 1512 2099 1565 inter
2128 1511 2302 1564 eccle-

726 1602 836 1656 sias
869 1602 1128 1670 plurimas
1161 1604 1311 1656 urbis
1352 1603 1591 1659 Venetiae
1629 1618 1734 1655 una
1767 1616 1985 1671 quoque
2031 1610 2114 1654 est
2150 1616 2305 1670 paro-

721 1696 914 1748 chialis
949 1705 1138 1749 sancto
1182 1694 1438 1749 Matthaao
1474 1710 1644 1758 sacra,
1697 1706 1752 1747 ut
1779 1705 2036 1748 accurate
2075 1694 2296 1762 exponit

723 1788 1120 1842 illustrissimus
1151 1788 1386 1857 scriptor
1439 1788 1704 1856 nobisque
1734 1787 2122 1848 amicissimus,
2176 1786 2295 1838 Fla-

722 1878 921 1931 minius
981 1877 1283 1941 Cornelius,
1350 1888 1569 1932 senator
1626 1878 1883 1941 Venetus,
1942 1878 1994 1930 in
2059 1878 2290 1947 eleganti

719 1986 886 2042 opere
938 1970 1012 2024 De
1045 1972 1277 2024 ecclesiis
1326 1968 1556 2032 Venetis,
1608 1970 1725 2025 dec.
1759 1986 1829 2035 iv,
1879 1986 1996 2040 pag.
2048 1970 2169 2038 173,
2202 1969 2290 2023 ubi

719 2063 911 2117 recitat
943 2062 1281 2115 i'undationis
1334 2061 1545 2116 litteras
1591 2075 1655 2114 ex
1707 2061 2063 2133 autographo.
2098 2060 2172 2114 Ex
2208 2060 2292 2115 his

718 2164 871 2208 recte
924 2152 1164 2217 deducit,
1210 2152 1582 2207 fundationem
1632 2153 1803 2209 fuisse
1852 2156 2072 2217 factam,
2103 2170 2290 2209 mense

719 2243 1012 2299 Februario
1046 2245 1172 2298 anni
1210 2245 1347 2298 1155
1374 2260 1523 2297 more
1557 2245 1764 2299 Veneto
1802 2253 1858 2299 et
1888 2245 2114 2299 aliorum
2147 2246 2292 2298 illius

720 2337 1000 2407 temporis,
1045 2345 1101 2390 ut
1133 2336 1301 2405 liquet
1332 2352 1396 2391 ex
1446 2335 1745 2389 indictione
1781 2354 1830 2391 iv
1860 2337 1911 2391 in
1955 2337 2151 2391 litteris
2197 2338 2293 2391 ad-

714 2431 877 2499 jecta,
910 2446 1014 2498 qua
1056 2430 1371 2499 designatur
1424 2444 1599 2481 annus
1637 2428 1806 2494 “56;
1840 2429 1932 2483 sed
1971 2443 2156 2483 mense
2187 2427 2292 2482 Fe-

718 2524 937 2579 bruario
986 2522 1244 2592 pergebat
1299 2532 1429 2576 tunc
1464 2536 1686 2579 currere
1726 2536 1905 2575 anuus
1956 2521 2091 2575 1156
2120 2536 2290 2591 usque.

714 2617 782 2671 ad
810 2615 1034 2679 Pascha,
1078 2624 1170 2670 aut
1215 2626 1364 2670 certe
1409 2631 1578 2685 usque
1622 2614 1939 2669 ad-.festum
1978 2616 2289 2669 Annnntia-

715 2713 903 2775 tionis,
937 2712 1051 2766 sive
1082 2710 1225 2765 diem
1256 2706 1326 2765 25
1359 2710 1556 2765 Martii.
1590 2707 1866 2762 Fundator
1916 2708 2159 2763 ecclesire
2191 2706 2292 2761 fuit

717 2803 1033 2858 Lconardus
1098 2802 1415 2865 Cornarius,
1487 2800 1646 2869 cujus
1710 2800 1909 2855 littera:
1969 2799 2288 2863 recitantur,

714 2898 1169 2967 quemadmodum
1207 2904 1263 2950 et
1294 2895 1395 2949 alia
1428 2893 1674 2959 donatio,
1718 2909 1839 2963 qua:
1869 2908 2012 2948 anno
2052 2893 2186 2948 1166
2223 2894 2288 2947 ad

717 2990 942 3055 primam
975 2988 1227 3043 accessit.
1258 2987 1461 3042 Deinde
1488 3002 1554 3040 ex
1582 2994 1852 3039 vetustate
1876 2985 2132 3039 fatiscens
2156 2994 2290 3039 tem-

715 3088 862 3152 plum
900 3084 1234 3138 instauratur
1260 3097 1405 3137 anno
1440 3079 1654 3135 Domini
1700 3079 1859 3145 1615,
1891 3088 1951 3133 ut
2000 3095 2062 3133 ex
2096 3078 2289 3132 inscri-

716 3178 903 3247 ptione
939 3189 1242 3228 marmorea
1275 3174 1571 3228 edocemur
1611 3172 1804 3241 parieti
1831 3171 2007 3234 allisa,
2048 3191 2068 3224 ι
2113 3172 2290 3239 inquit

714 3266 1021 3330 Cornelius,
1080 3265 1225 3320 illam
1285 3266 1541 3319 rccitans.
1596 3263 1739 3319 Idem
1787 3266 1948 3333 paulo
1996 3272 2121 3332 post
2167 3263 2287 3316 ait:

722 3376 741 3407 ι
768 3360 1052 3412 Postremo
1086 3372 1207 3410 cum
1236 3355 1435 3409 nostris
1463 3355 1614 3409 hisce
1640 3354 1975 3422 temporibus
2008 3355 2071 3408 ad
2106 3354 2291 3409 ruinas

714 3462 980 3521 vergeret,
1034 3448 1235 3501 Nicolai
1284 3447 1476 3500 Milesii
1530 3446 1744 3516 plebaui
1790 3447 1971 3501 studio
2025 3463 2055 3501 a
2098 3447 2291 3501 funda-

713 3544 912 3597 mentis
944 3544 996 3593 in
1028 3539 1417 3610 elegantiorem
1466 3538 1697 3593 formam
1742 3539 2074 3599 restituitur,
2110 3552 2289 3590 sacra-

711 3650 818 3701 que
869 3633 1205 3703 supellectile
1250 3642 1303 3684 et
1349 3631 1687 3684 ornamentis
1740 3628 1957 3697 copiose
2002 3627 2292 3681 instruitur

712 3741 855 3779 anno
885 3723 1098 3776 Domini
1134 3720 1271 3775 1755
1304 3736 1399 3791 per
1433 3719 1709 3791 Aloysium
1740 3716 2033 3773 Fosearum
2063 3720 2291 3788 patriar-

711 3819 871 3872 cliam
908 3807 1176 3869 Venatum
1207 3824 1579 3873 consecratur.
1616 3832 1633 3864 ›
1670 3812 1741 3868 De
1778 3813 2019 3881 reliquiis
2045 3812 2288 3880 ejusdem

712 3908 954 3964 ecclesiae
988 3916 1181 3961 auctor
1206 3922 1327 3976 pag.
1365 3905 1465 3959 175
1506 3904 1697 3959 scribit
1727 3922 1738 3956 :
1779 3923 1795 3953 ε
1835 3901 2119 3956 Nonnullis
2150 3902 2289 3955 dita-

714 4011 801 4054 tur
851 4001 1106 4055 Divorum
1166 3998 1409 4069 lipsanis,
1468 4011 1666 4066 nempe
1717 4011 1780 4050 ex
1834 3995 2052 4051 ossibus
2116 3994 2289 4049 sancti

712 4090 941 4162 apostoli
982 4090 1273 4153 Tutelarts,
1307 4107 1324 4139 ι
1359 4097 1465 4142 etc.
1505 4086 1663 4139 Plura
1695 4087 1761 4141 de
1810 4088 1896 4141 illa
1940 4084 2169 4141 ecclesia
2204 4086 2291 4140 di-

716 4187 945 4256 ligenter
974 4184 1174 4239 ibidem
1209 4184 1497 4237 observata
1530 4179 1702 4233 videri
1730 4188 1986 4249 possunt.

783 4275 874 4329 97.
915 4273 1202 4327 Cornelius
1255 4282 1437 4326 autem
1482 4272 1536 4325 in
1583 4269 1859 4341 Opuseulo
1910 4270 1977 4325 de
2032 4269 2289 4324 Ecclesiis

711 4366 1067 4429 Torcellanis,
1103 4365 1244 4434 quod
1280 4366 1446 4436 priori
1482 4364 1707 4429 addidit,
1763 4365 1869 4417 duo
1905 4366 2142 4435 assignat
2177 4378 2295 4417 mo-

712 4462 951 4515 nasteria
1000 4459 1320 4511 monialium
1376 4464 1564 4513 sancto
1600 4457 1853 4511 Matth-am
1898 4465 2124 4511 sacrata.
2176 4454 2291 4507 Pri-

2401 595 2567 647 sancti
2602 593 2837 647 Matthaei
2872 595 3114 647 invenio.
3165 594 3233 646 At
3266 597 3436 650 sancti
3471 595 3704 649 Matthzei
3739 597 3975 664 reliquiae

2400 702 2541 738 anno
2572 686 2708 739 1554
2739 686 2960 740 inclusae
2989 687 3211 740 fuerunt
3244 688 3294 739 in
3343 685 3497 740 altari
3527 690 3699 740 sancti
3738 690 3971 741 Ahundii

2398 779 2539 846 quod
2578 777 2790 832 Sublacr
2852 779 2904 831 in
2955 779 3109 832 Latio
3155 786 3285 833 tunc
3328 782 3669 833 consecravit
3721 780 3970 833 Andreas

2400 870 2623 923 Crucius
2652 870 2943 939 episcopus
2975 870 3317 933 Tiburtinus,
3352 884 3409 924 ut
3462 870 3622 923 habet
3665 871 3969 939 inscriptio,

2401 963 2522 1015 data
2563 972 2691 1015 tom.
2725 963 2788 1016 Vl
2819 963 3046 1032 Augusti
3089 978 3212 1032 pag.
3239 964 3363 1016 655.
3411 963 3662 1016 Bocchus
3701 964 3889 1015 Pirrus
3924 965 3973 1015 in

2402 1053 2583 1108 Sicilia
2615 1071 2789 1115 sacra,
2824 1065 2954 1109 tom.
2990 1056 3054 1118 ll,
3090 1072 3214 1126 pag.
3251 1056 3375 1117 471.
3408 1057 3495 1109 tibi
3527 1067 3818 1109 enumerat
3846 1058 3970 1109 reli-

2400 1149 2553 1215 quias
2582 1146 2826 1199 ecclesia:
2876 1146 3205 1199 cathedralis
3238 1144 3714 1214 Cephaheditanm,
3744 1147 3819 1199 ait
3859 1163 3972 1199 eam

2399 1237 2632 1306 gaudere
2668 1236 2802 1303 pede
2832 1236 3045 1303 integro
3078 1252 3201 1291 cum
3237 1239 3375 1306 pelle
3408 1238 3466 1291 Β.
3505 1237 3763 1292 Marthzi.
3798 1237 3973 1292 Sieilis

2402 1327 2607 1396 insigne
2632 1326 2890 1395 oppidum
2919 1325 3133 1388 Siciliae,
3165 1328 3215 1380 in
3258 1328 3394 1381 valle
3429 1328 3619 1381 Netina
3656 1338 3715 1382 et
3750 1330 3973 1382 dicrcesi

2403 1418 2765 1486 Syracusana,
2804 1432 2912 1469 non
2950 1417 3137 1486 procul
3167 1433 3195 1470 a
3233 1417 3423 1471 Netina
3452 1419 3693 1481 civitate,
3724 1429 3974 1472 sanctum

2402 1510 2715 1562 Matthaeum
2744 1518 3037 1562 veneratur
3067 1518 3358 1577 patronum
3385 1509 3679 1570 titularem.
3706 1512 3795 1563 cui
3830 1512 3979 1564 dedi-

2399 1610 2515 1653 cata
2544 1609 2626 1653 est
2656 1599 2913 1668 primaria
2947 1600 3174 1655 ecclesia
3221 1601 3571 1669 parochialis.
3613 1600 3729 1655 Non
3763 1602 3974 1663 dubito.

2398 1694 2527 1761 quin
2560 1700 2613 1743 et
2641 1692 2759 1745 alia:
2800 1701 3089 1745 serventur
3112 1692 3390 1760 particula
3418 1693 3771 1761 reliquiarum
3808 1698 3975 1748 sancti

2401 1784 2637 1839 Matthaei
2671 1785 2722 1838 in
2754 1784 2904 1838 Italia
2936 1794 2990 1838 et
3023 1784 3244 1849 Sicilia;
3294 1784 3387 1838 sed
3416 1798 3607 1838 omnes
3651 1800 3977 1837 enumerare

2402 1890 2506 1930 non
2537 1885 2619 1929 est
2656 1886 2817 1930 tanta:
2850 1877 3213 1942 necessitatis,
3241 1886 3458 1946 quanta:
3484 1876 3847 1930 dillicultatis.
3875 1877 3976 1929 Ita-

2401 1983 2503 2037 que
2540 1968 2591 2020 in
2624 1966 2967 2022 Germaniam
3004 1979 3243 2034 transeo,
3298 1967 3589 2024 nonnullas
3628 1978 3685 2022 et
3732 1968 3808 2023 ibi
3850 1971 3981 2024 assis

2401 2068 2684 2129 gnaturus.

2472 2153 2557 2208 98.
2600 2152 2895 2223 Pragenses
2937 2154 2990 2207 in
3030 2152 3287 2207 Bohemia
3339 2153 3534 2207 multas
3568 2154 3819 2208 ecclesia:
3872 2171 3982 2209 sure

2398 2246 2701 2299 attribuunt
2737 2245 2910 2298 sancti
2947 2245 3180 2299 Matthzei
3213 2246 3489 2314 reliquias.
3525 2244 3768 2298 Thomas
3815 2246 3981 2299 Joan-

2399 2354 2497 2392 nes
2536 2337 2779 2401 Pessina,
2831 2339 2882 2392 in
2940 2338 3245 2409 Pliosplioro
3292 2337 3565 2409 Pragensi,
3598 2354 3723 2409 pag.
3757 2338 3865 2393 518
3892 2355 3980 2393 eas

2400 2431 2479 2487 sic
2510 2438 2836 2486 enumerat:
2876 2430 3094 2486 «Sancti
3137 2431 3372 2485 Matthiei
3398 2430 3622 2500 apostoli
3661 2440 3718 2485 et
3743 2446 3981 2501 evange-

2400 2524 2533 2578 listze
2560 2540 2656 2593 pes
2711 2527 2939 2593 integer,
2972 2534 3027 2577 et
3078 2524 3362 2578 brachium
3412 2538 3536 2577 cum
3598 2523 3786 2590 pelle:
3836 2534 3981 2577 costa

2399 2629 2623 2689 argento
2671 2618 3028 2681 circumdata,
3089 2628 3143 2671 et
3191 2621 3348 2673 dens.
3402 2617 3534 2672 Item
3590 2618 3697 2672 alia
3743 2629 3979 2687 quatuor

2400 2725 2549 2775 ossa,
2590 2710 2747 2764 simul
2786 2712 2835 2763 in
2861 2719 3117 2779 argentea
3150 2710 3304 2765 theca
3349 2712 3691 2780 composita:
3729 2712 3840 2764 alia
3885 2712 3982 2765 ite-

2400 2820 2517 2858 rum
2551 2803 2807 2858 notabilis
2833 2818 2978 2871 pars.
3020 2822 3037 2852 ι
3077 2802 3203 2856 Hice
3246 2803 3444 2857 dicitur
3474 2819 3598 2870 pars
3636 2803 3707 2858 de
3753 2807 3983 2859 humero

2400 2897 2453 2949 in
2481 2895 2736 2965 Catalogo
2768 2895 3033 2964 impresso
3067 2893 3419 2963 reliquiarum
3447 2894 3832 2966 Pragensium,
3867 2910 3983 2965 qua:

2399 3002 2542 3041 anno
2580 2987 2712 3042 1615
2737 3003 2801 3041 ex
2830 3002 2956 3042 arce
2985 2988 3129 3058 regia
3174 2985 3479 3042 Carlsteina
3526 2987 3578 3041 in
3625 2990 3978 3058 metropolim

2400 3089 2527 3135 sunt
2559 3080 2849 3145 translatae,
2881 3080 2935 3135 in
2959 3093 3065 3150 quo
3090 3089 3146 3135 et
3170 3080 3394 3149 reliquae
3429 3090 3814 3135 recensentur.
3840 3081 3981 3146 Quin

2398 3183 2453 3226 et
2478 3173 2551 3227 ibi
2582 3172 2812 3242 septimo
2838 3171 3033 3227 ordine
3082 3186 3231 3225 num.
3266 3171 3335 3226 56
3362 3168 3637 3225 adduntur
3667 3172 3977 3239 sequentia,

2396 3264 2598 3327 nescio,
2630 3279 2697 3315 an
2739 3264 2873 3317 satis
2902 3272 3089 3318 recte:
3150 3282 3166 3314 ι
3210 3263 3397 3317 Sancti
3440 3262 3679 3315 Matthxi
3742 3263 3987 3333 apostoli

2392 3367 2445 3409 et
2492 3353 2837 3425 evangelista:
2885 3354 3169 3407 brachium
3229 3365 3519 3423 utrumque
3557 3370 3684 3409 cum
3730 3356 3876 3425 pelle
3928 3366 3993 3414 et.

2393 3464 2577 3503 carne.
2618 3467 2635 3499 ι
2670 3454 2738 3502 At
2766 3447 2819 3501 in
2851 3446 3097 3517 catalogo
3118 3461 3219 3501 ms.
3261 3447 3641 3517 reliquiarum,
3684 3463 3752 3502 ex
3786 3448 3978 3503 Calen-

2393 3539 2544 3593 dario
2570 3539 2852 3610 Pragcnsis
2881 3540 3128 3594 ecclesia:
3162 3550 3431 3605 extracto,
3460 3554 3617 3607 quem
3648 3555 3802 3595 anno
3838 3541 3976 3593 1617

2396 3632 2499 3685 huc
2534 3631 2678 3684 misit
2702 3632 2765 3684 P.
2798 3630 3119 3685 Theodorus
3153 3631 3409 3694 Moretus,
3448 3631 3560 3685 haec
3580 3631 3759 3687 solum
3789 3633 3979 3703 legun-

2396 3732 2482 3776 tur
2511 3722 2576 3777 ad
2616 3722 2679 3775 91
2716 3720 3089 3790 Septembris:
3126 3740 3143 3773 ι
3178 3721 3361 3778 Sancti
3399 3722 3632 3779 Matthxi
3662 3725 3900 3793 apostoli
3923 3735 3977 3779 et

2394 3813 2753 3883 evangelistze,
2784 3813 2874 3877 qui
2909 3813 3051 3881 apud
3079 3812 3411 3883 EthiOpiam
3444 3815 3751 3884 pradicans
3777 3825 3976 3885 marty-

2395 3905 2533 3959 rium
2567 3920 2755 3974 passus
2787 3907 2887 3957 est.
2914 3904 3082 3973 Cujus
3104 3904 3375 3974 reliquias,
3400 3906 3649 3962 videlicet
3683 3906 3975 3978 imagini-tn

2392 4011 2641 4067 magnam
2677 4010 2798 4050 cum
2833 4004 3058 4067 argento
3087 4004 3141 4051 et
3170 4011 3304 4052 auro
3328 3996 3662 4063 decoratum,
3700 4009 3977 4054 tenentem

2391 4100 2601 4145 costam
2650 4091 2768 4158 ejus
2823 4090 2879 4142 in
2928 4089 3200 4155 manibus,
3259 4105 3394 4159 quas
3452 4090 3659 4143 invenit
3696 4090 3977 4159 piissimus

2390 4185 2645 4252 princeps
2680 4182 2907 4237 Carolus
2932 4182 3020 4245 ιν,
3045 4192 3151 4237 etc.
3182 4183 3403 4238 donavit
3426 4183 3671 4239 ecclesia:
3695 4181 3976 4254 Pragensi.

2396 4274 2518 4330 Hac
2550 4275 2664 4329 ibi:
2706 4287 2761 4327 at
2815 4289 2916 4345 ego
2967 4275 3161 4330 lubens
3209 4275 3338 4345 ipsis
3375 4273 3741 4345 Pragensibus
3776 4276 3981 4330 exami-

2395 4366 2632 4420 nandum
2679 4364 3002 4434 relinquam,
3034 4373 3295 4433 quantum
3347 4364 3583 4419 habeant
3613 4366 3977 4435 reliquiarum

2395 4461 2565 4514 sancti
2607 4458 2864 4514 Matthiei.
2916 4458 3208 4514 Bucolinus
3251 4458 3305 4513 in
3337 4459 3575 4515 sacrario
3611 4460 3977 4515 Benedictino

716 4568 865 4606 mum
899 4559 984 4606 est
1014 4551 1403 4604 monasterium
1439 4550 1608 4603 sancti
1644 4547 1876 4601 Matthxi
1914 4548 1980 4600 de
2022 4546 2288 4613 Majurbio
2321 4546 2368 4603 Ι)
2396 4554 2539 4621 quod
2582 4552 2753 4606 edidit
2784 4566 2928 4606 anno
2957 4552 3113 4615 1656,
3158 4551 3223 4606 ad
3256 4551 3319 4607 21
3373 4549 3710 4619 Septembris
3750 4553 3821 4607 de
3856 4554 3985 4608 reli-

712 4646 919 4701 ordinis
954 4642 1355 4705 Cisterciensis,
1384 4640 1529 4710 quod
1563 4650 1722 4694 antea
1754 4640 1806 4693 in
1838 4640 1940 4693 alia
1975 4639 2148 4693 insula
2176 4638 2290 4691 fuc—

714 4748 796 4791 rat
826 4746 1221 4797 constructum,
1246 4735 1511 4789 videlicet
1538 4734 1587 4787 in
1615 4734 2021 4797 Constantiaco,
2055 4733 2288 4802 indeque

714 4829 779 4881 de
815 4839 1088 4879 consensu
1129 4827 1366 4895 episcopi
1400 4826 1706 4879 Torcellaui
1733 4826 1788 4877 in
1833 4824 2155 4893 Majurbium
2207 4823 2289 4875 in-

714 4918 887 4972 sulam
946 4916 1050 4971 fuit
1099 4917 1444 4973 translatum.
1496 4925 1556 4969 ut
1598 4916 1702 4969 late
1754 4914 2045 4984 exponitur
2096 4922 2288 4982 part.i

712 5010 855 5064 illius
886 5008 1144 5077 Opuseuli
1176 5027 1296 5081 pag.
1322 5008 1429 5063 299
1451 5017 1503 5063 et
1535 5024 1687 5077 seqq.
1712 5006 1891 5060 Prima
1927 5005 2170 5060 fundatio
2191 5020 2288 5058 no-

716 5109 858 5156 tatur
892 5099 1029 5154 faeta
1058 5115 1203 5154 anno
1237 5100 1391 5161 1218,
1431 5100 1483 5151 in
1535 5099 1945 5159 Constantiano,
1985 5113 2105 5167 pag.
2142 5098 2284 5161 316;

714 5194 809 5247 sed
842 5201 967 5245 ante
995 5193 1156 5246 tinem
1191 5192 1435 5261 ejusdem
1477 5190 1660 5247 seculi
1706 5189 2097 5244 monasterium
2129 5203 2283 5242 suum

713 5283 777 5337 ad
811 5283 1045 5337 insulam
1078 5281 1401 5352 Majurbium
1438 5283 1831 5334 transtulerunt
1877 5280 2161 5334 moniales.
2199 5280 2290 5331 Al-

715 5385 890 5429 terum
917 5385 999 5429 est
1030 5375 1417 5429 monasterium
1453 5372 1767 5426 monialium
1796 5372 2001 5425 ordinis
2027 5371 2081 5423 S.
2115 5371 2288 5425 Bene-

714 5470 840 5523 dicti
878 5470 930 5521 in
987 5470 1159 5522 insula
1196 5467 1439 5521 Mariana
1486 5464 1728 5535 ejusdem
1781 5463 2032 5521 diazcesis
2067 5462 2288 5515 Toreel-

716 5562 872 5621 lana;
914 5571 971 5614 ut
1019 5562 1241 5630 exponit
1301 5560 1604 5623 Cornelius,
1646 5571 1784 5628 part.
1835 5576 1868 5612 ii
1916 5574 1943 5611 a
1990 5573 2108 5627 pag.
2161 5558 2285 5611 (λοι.

716 5652 1118 5723 Fundatiopag.
1154 5654 1253 5707 104
1288 5664 1507 5707 notatur
1549 5653 1686 5704 facta
1714 5667 1857 5705 anno
1882 5652 2039 5708 1230.
2074 5651 2287 5702 datum-

715 5759 821 5813 que
856 5756 982 5799 tunc
1008 5756 1092 5800 est
1116 5747 1444 5799 monialibus
1470 5754 1744 5798 vetustum
1776 5744 2069 5795 oratorium
2097 5752 2284 5794 sancto

717 5834 969 5892 Matthzeo
1002 5839 1265 5903 dicatum,
1298 5848 1357 5892 ut
1389 5840 1588 5894 ibidem
1619 5840 1778 5891 latius
1806 5834 1973 5889 videri
2000 5842 2198 5902 potest.
2227 5833 2281 5885 ln

2396 4644 2537 4713 quiis
2567 4641 2623 4695 S.
2658 4642 2892 4697 Matthxi
2937 4645 3050 4698 haec
3078 4643 3282 4698 tradit:
3327 4660 3345 4694 ‹
3390 4641 3561 4711 Hujus
3591 4642 3777 4710 magni
3807 4657 3980 4697 evan-

2396 4738 2602 4805 gelista:
2647 4737 2875 4807 insignis
2909 4736 3082 4806 portio
3115 4743 3424 4791 asservatur
3457 4733 3511 4788 in
3540 4733 3803 4791 Andechs
3836 4736 3981 4805 (mo-

2395 4830 2634 4885 nasterio
2672 4830 2951 4898 Bavarize),
3002 4831 3089 4886 ubi
3119 4840 3174 4885 et
3204 4828 3323 4884 aliae
3360 4828 3480 4883 dua)
3509 4826 3758 4895 ejusdem
3796 4840 3984 4898 partes

2395 4926 2776 4987 ostenduntur,
2806 4925 2947 4978 Dens
2984 4926 3191 4978 Elnone
3232 4924 3386 4992 (alias
3421 4923 3478 4977 S.
3518 4924 3752 4977 Amandi
3787 4941 3983 4979 mona-

2394 5018 2619 5071 sterium
2662 5025 2886 5070 vocatur
2923 5015 2973 5067 in
3014 5012 3312 5078 Flandria),
3355 5014 3463 5068 duo
3510 5014 3744 5069 molares
3785 5015 3984 5071 dentes

2394 5117 2447 5161 et
2502 5109 2603 5162 alia
2660 5109 2921 5162 nonnulla
2973 5108 3024 5162 in
3070 5106 3450 5177 Weingarten;
3495 5124 3515 5159 ι
3562 5108 3715 5176 quod
3761 5105 3981 5163 Sueviae

2394 5210 2476 5255 est
2501 5203 2891 5254 monasterium
2927 5213 3050 5251 cum
3096 5200 3295 5269 oppido
3322 5200 3666 5268 cognomine.
3704 5198 3983 5251 Plui-imas

2392 5303 2608 5357 quoque
2657 5288 2830 5341 sancti
2864 5287 3099 5342 Matthaii
3148 5290 3403 5357 reliquias
3442 5287 3688 5340 Coloniae
3724 5288 3981 5343 attribuit

2394 5378 2448 5428 in
2483 5376 2655 5444 Opere
2686 5392 2784 5431 suo
2818 5376 3091 5449 Gelenius,
3122 5377 3375 5429 nimirum
3398 5390 3519 5444 pag.
3545 5374 3651 5430 264
3685 5377 3825 5431 duas
3860 5393 3982 5443 par-

2396 5469 2585 5522 ticulas
2636 5468 2879 5523 ecclesia:
2912 5468 3205 5537 collegiatae
3254 5469 3311 5520 S.
3354 5465 3658 5521 Cerconis:
3696 5482 3817 5535 pag.
3852 5469 3975 5531 572,

2394 5559 2457 5611 de
2490 5558 2664 5626 capite
2695 5563 2862 5612 sancti
2896 5558 3130 5613 Mattbiei
3172 5557 3376 5625 aliquid
3421 5557 3668 5612 ecclesim
3715 5558 3974 5612 abbatiali

2396 5649 2452 5705 S.
2482 5650 2899 5709 l‘aiilhaleouis;
2931 5667 3049 5720 pag.
3089 5651 3213 5713 ΜΞ,
3246 5650 3445 5719 aliquid
3491 5648 3848 5716 reliquiarum
3884 5667 3975 5721 pa-

2394 5743 2616 5795 rochiali
2662 5743 2908 5797 ecclesiae
2943 5742 2995 5794 S.
3036 5741 3193 5812 Lupi,
3229 5744 3305 5795 uti
3335 5752 3387 5795 et
3428 5758 3547 5811 pag.
3587 5742 3696 5798 112
3728 5748 3973 5801 ecclesia

2392 5833 2445 5889 S.
2480 5833 2785 5891 Catharinzc
2823 5835 3040 5892 Ordinis
3089 5836 3533 5902 Teutonicorum,
3584 5854 3707 5909 pag.
3744 5840 3849 5895 456
3883 5848 3970 5890 ec-
