4150 6528
150 459 247 523 809

1440 447 1616 507 VITA
1660 445 1723 506 S.
1770 443 2156 504 ΜᾹΤΤΗᾸΞΙ.

3294 447 3401 509 8H)

153 570 324 626 clesia
366 567 834 631 Cartusianorum,
873 580 997 637 pag.
1031 564 1135 620 485
1168 560 1410 618 ecclesia:
1456 560 1722 616 Carnteli—
1752 564 1799 620 Α
1830 556 1997 611 tensis
2029 557 2080 609 in
2117 554 2407 610 Brabantia
2439 571 2609 628 prope
2632 556 2957 613 Lemnium.
2990 557 3115 615 Haec
3145 557 3398 613 laudatus

156 672 349 725 tarum,
388 675 510 731 pag.
542 659 641 714 547
672 659 911 713 ecclesiae
962 654 1019 712 S.
1060 653 1343 710 Maximini
1399 649 1721 707 monialium

153 752 358 807 ordinis
392 751 793 821 Augustiniani,
825 766 944 821 pag.
985 747 1088 802 $60
1117 744 1365 801 ecclesia
1404 740 1723 798 monialium

155 845 395 915 ejusdem
417 844 625 899 ordinis
648 845 702 898 in
733 844 936 913 majore
957 839 1247 899 Nazareth.
1274 853 1402 909 pag.
1424 835 1530 891 584
1554 834 1729 890 eccle-

158 936 250 991 sia:
281 936 340 991 S.
379 934 649 990 Vincentii
686 937 853 990 tertia
884 934 1103 1005 Regula
1128 932 1185 987 S.
1225 929 1524 993 Francisci,
1548 936 1603 981 et
1631 928 1728 981 de-

160 1044 306 1083 mum
336 1044 459 1099 pag.
489 1030 591 1082 627
623 1029 820 1084 sacello
849 1028 903 1082 S.
939 1027 1264 1096 Margarita.
1298 1026 1367 1079 At
1395 1037 1590 1079 omnes
1616 1021 1732 1074 ista

162 1120 389 1177 modica
436 1122 690 1176 videntur
738 1134 857 1174 esse
903 1118 1202 1189 particula,
1251 1126 1311 1170 ut
1362 1114 1731 1170 dillicultatem

161 1223 423 1263 numerus
456 1208 662 1262 nullam
694 1206 882 1277 pariat.

230 1299 320 1353 99.
365 1300 420 1352 ln
458 1298 639 1370 Belgio
673 1307 857 1351 nostro
899 1296 1145 1366 plurimis
1181 1290 1342 1349 etiam
1376 1291 1510 1346 locis
1541 1299 1731 1343 osten-

162 1391 369 1445 duntur
400 1391 572 1445 sancti
625 1388 860 1442 Matthai
911 1387 1175 1457 reliquia,
1222 1387 1473 1455 interque
1499 1398 1595 1438 eas
1630 1396 1734 1434 una

159 1485 317 1537 valde
339 1482 619 1538 notabilis.
648 1480 711 1535 Et
740 1496 871 1535 sane
910 1479 1216 1534 mirandum
1255 1477 1461 1532 nemini
1490 1484 1657 1536 esset,
1688 1472 1736 1526 si

160 1578 225 1631 de
259 1577 422 1645 hujus
472 1574 696 1640 apostoli
739 1572 981 1641 reliquiis
1036 1572 1151 1640 plus
1195 1570 1477 1639 obtigisset
1529 1566 1734 1634 Belgio,

159 1683 325 1738 quam
356 1669 477 1721 aliis
518 1666 834 1736 provinciis,
862 1681 985 1719 cmn
1023 1662 1247 1716 (Zarolus
1279 1660 1315 1714 γ
1354 1661 1650 1729 imperator
1684 1658 1738 1710 in

160 1758 348 1829 Belgio
380 1768 543 1812 natus
562 1767 616 1811 et
645 1772 785 1826 sape
811 1758 1005 1825 degere
1029 1753 1219 1807 solitus
1246 1752 1333 1815 sit,
1370 1750 1622 1819 idemque.
1645 1750 1742 1802 ali-

158 1851 387 1922 quando
420 1849 633 1905 Salerni
674 1848 851 1911 fuerit,
886 1846 976 1899 ubi
1027 1860 1120 1899 eas
1168 1845 1412 1915 accipere
1460 1842 1653 1911 potuit,
1686 1852 1739 1895 et

157 1942 291 1995 inde
312 1943 369 1997 in
400 1939 642 2009 Belgium
668 1948 884 2007 portare
909 1945 1005 1990 aut
1033 1935 1417 1989 transmittere.
1455 1908 1585 1987 Aliis
1608 1951 1741 2002 quo-
1770 1908 1817 1967 Β

162 2046 274 2100 que
304 2029 480 2083 modis
512 2028 754 2096 reliquia
784 2026 958 2079 sancti
1009 2024 1242 2078 Matth-ai
1284 2028 1334 2076 in
1372 2023 1609 2095 Belgium
1647 2027 1738 2076 diu

157 2128 292 2176 ante
324 2119 604 2174 transferri
640 2128 950 2189 potuerunt.
987 2121 1055 2171 At
1102 2120 1374 2186 quomodo
1420 2117 1595 2170 allata
1626 2116 1743 2168 lue-

158 2213 297 2276 rint,
335 2225 446 2265 non
482 2209 702 2264 invenio
734 2209 873 2278 apud
913 2206 1216 2278 Rayssium,
1247 2206 1339 2274 qui
1380 2220 1472 2258 eas
1500 2214 1745 2258 recenset

158 2307 218 2359 in
262 2302 817 2374 llicrogazophylacio
848 2300 1078 2370 Belgico.
1117 2299 1351 2351 l’rimuut
1386 2306 1535 2354 certe
1567 2299 1743 2351 locum

160 2408 411 2452 meretur
437 2408 600 2463 caput
626 2395 830 2458 Sancti,
865 2396 1006 2463 quod
1041 2408 1161 2462 pag.
1195 2390 1300 2445 BOl
1334 2390 1581 2444 attribuit
1617 2405 1745 2442 ora-

164 2493 312 2546 torio
338 2489 476 2542 aula
517 2487 886 2541 Bruxellcnsis
932 2486 1019 2539 his
1051 2484 1265 2539 verbis:
1303 2503 1319 2533 ε
1363 2482 1564 2536 Locum
1604 2481 1748 2537 hunc

162 2592 435 2653 pratcrea
482 2580 679 2632 mirum
727 2579 782 2630 in
832 2577 1048 2630 modum
1085 2584 1343 2628 venustat
1385 2590 1565 2627 rarutn
1620 2574 1747 2627 illud

164 2674 391 2745 pignus,
422 2669 753 2727 sanctissimi
787 2667 1035 2722 videlicet
1064 2666 1293 2736 apostoli
1324 2674 1377 2719 et
1402 2665 1750 2734 evangelista

166 2768 412 2823 Matthai
442 2773 607 2835 caput
637 2764 925 2833 integrum,
964 2762 1183 2829 sumptu
1218 2768 1270 2813 et
1307 2758 1485 2811 Valere
1519 2758 1751 2810 tnaxituo

166 2860 453 2915 reclusum
483 2858 536 2909 in
571 2864 825 2925 argentea
853 2851 1109 2921 imagine,
1148 2850 1400 2903 eumdem
1442 2849 1749 2918 apostolum

164 2960 395 3019 pectore
430 2958 608 3012 tenus,
642 2946 941 2999 naturalem
968 2942 1201 2998 hominis
1226 2941 1569 2995 altitudinem
1594 2954 1755 2995 exce-

167 3045 399 3096 dentem
440 3039 736 3099 rel'erente,
772 3036 915 3088 circa
956 3035 1114 3103 cujus
1152 3034 1407 3088 humeros
1440 3032 1750 3087 circumvo-

166 3132 339 3184 litans
363 3127 590 3199 angelus
618 3121 1066 3178 atramentarium
1096 3120 1169 3173 illi
1202 3121 1473 3176 vasculum
1502 3120 1750 3192 porrigit.

1830 647 2110 717 Rayssius.
2140 648 2233 717 qui
2265 657 2321 703 et
2352 647 2569 704 dentem
2599 648 2828 718 Elnone,
2860 651 2974 707 sive
3005 651 3057 705 in
3085 648 3141 705 S.
3168 651 3400 705 Amandi

1830 740 2102 803 coenobio,
2122 740 2233 809 jam
2255 756 2419 811 supra
2450 752 2832 809 memoratum,
2856 742 3099 812 reliquiis
3125 754 3400 799 aceenset.

1902 832 2025 887 100.
2068 831 2312 888 Transeo
2361 833 2415 887 in
2464 833 2715 901 Galliam,
2757 836 2847 890 ubi
2880 835 3045 891 variis
3096 835 3231 890 loris
3275 851 3403 890 cre-

1834 923 1969 979 dunt
1999 940 2058 978 se
2093 925 2293 981 habere
2338 935 2501 996 caput
2551 928 2725 983 sancti
2779 927 3036 982 Matthai.
3069 928 3325 983 Albrrtus
3355 928 3403 981 le

1836 1015 2016 1070 Grand
2048 1016 2102 1070 in
2129 1030 2292 1086 Opere
2313 1016 2517 1074 Gallico
2556 1018 2624 1073 de
2656 1019 2862 1073 sanctis
2891 1018 3185 1073 Britannia
3215 1021 3407 1072 Armo-

1839 1108 1963 1162 rica
1998 1123 2122 1179 pag.
2154 1109 2258 1164 600
2306 1110 2359 1163 in
2396 1109 2511 1165 Vita
2557 1114 2615 1164 S.
2652 1110 2920 1180 Tanguidi
2972 1111 3183 1166 abbatis
3216 1110 3401 1173 refert,

1839 1211 2003 1270 eaput
2037 1202 2209 1257 sancti
2241 1201 2476 1257 Matthai
2506 1203 2706 1257 saculo
2737 1218 2785 1256 vr
2813 1217 2912 1273 per
2942 1212 3277 1259 mercatores
3304 1205 3403 1255 Ar-

1841 1295 2080 1348 moricos
2137 1295 2441 1349 clanculum
2507 1296 2675 1350 fuisse
2730 1295 2967 1351 ablatura
3025 1310 3091 1351 ex
3151 1295 3406 1364 Egypto,

1842 1387 2276 1456 translatumqne
2306 1388 2358 1439 in
2388 1387 2718 1441 Britanniam
2756 1387 3111 1452 Armoricam,
3145 1386 3327 1455 ibique
3354 1386 3406 1438 in

1844 1477 2067 1532 dioecesi
2098 1476 2361 1532 Leonensi
2390 1490 2759 1533 constructum
2790 1480 3199 1542 monasterium,
3225 1479 3277 1532 in
3301 1493 3408 1551 quo

1846 1568 2013 1621 sancti
2049 1577 2212 1637 caput
2251 1565 2411 1623 fuerit
2433 1569 2759 1638 depositum.
2792 1569 2955 1624 Addit
2983 1570 3254 1640 geminum
3282 1582 3411 1639 pro-

1844 1660 2068 1730 digium,
2136 1660 2390 1714 videlicet
2446 1662 2726 1730 scopulum
2779 1659 2833 1713 in
2898 1660 3033 1714 mari
3108 1668 3411 1713 exstantem

1848 1752 2014 1807 luisse
2072 1769 2099 1804 a
2155 1753 2277 1806 navi
2346 1762 2687 1823 perruptum,
2759 1750 2887 1805 dum
2956 1759 3116 1818 caput
3175 1750 3415 1804 advehe-

1846 1846 2046 1909 batur;
2086 1846 2310 1899 alterum
2348 1846 2402 1899 in
2444 1846 2851 1900 constructione
2880 1842 3192 1899 monasurii
3235 1852 3414 1911 patra-

1849 1951 1958 1991 tum
1987 1957 2001 2004 ;
2036 1939 2128 1994 sed
2168 1950 2453 2007 utrumque
2484 1937 2689 2008 indiget
2712 1936 3051 1990 documentis
3081 1933 3247 1986 multo
3274 1932 3414 1994 anti—

1847 2033 2148 2099 quioribus.
2174 2049 2332 2103 quam
2359 2030 2586 2101 proferri
2620 2030 2847 2099 possint,
2880 2038 2941 2081 ut
2964 2028 3120 2081 fidem
3155 2025 3412 2079 inveniat.

1849 2126 1966 2194 Ipsa
1996 2141 2213 2194 quoque.
2245 2125 2425 2179 allatio
2455 2124 2650 2189 capitis
2680 2138 2744 2175 ex
2782 2120 3009 2191 Egypto
3043 2134 3151 2173 non
3200 2118 3417 2170 videtur

1849 2216 2047 2272 CerliOt‘
2094 2232 2254 2285 quam
2289 2224 2413 2268 ante
2446 2222 2741 2268 memorata
2772 2213 3015 2281 corporis
3042 2226 3103 2263 ex
3142 2208 3415 2277 Ethiopia

1851 2310 2151 2365 translatio.
2176 2306 2559 2362 Verumtamen
2584 2306 2777 2361 dictam
2802 2304 2993 2374 capitis
3013 2302 3417 2356 translationem

1852 2412 2077 2456 narrant
2113 2400 2273 2454 etiam
2304 2399 2528 2453 Carolus
2564 2400 2610 2452 le
2638 2397 2828 2452 Cointc
2865 2396 2915 2449 in
2944 2394 3231 2448 Annalibus
3262 2392 3423 2446 cccle-

1852 2496 2075 2549 siasticis
2116 2494 2459 2555 Francorum,
2493 2492 2558 2544 ad
2600 2506 2802 2544 annum
2848 2487 2969 2553 555,
3006 2502 3158 2540 num.
3194 2486 3280 2550 2i,
3312 2484 3421 2538 Lu-

1853 2588 2077 2642 dovicus
2130 2585 2367 2653 Bulteau
2413 2584 2464 2637 in
2511 2582 2832 2650 Compendio
2900 2579 3161 2633 llistorico
3224 2572 3423 2629 ordinis

1854 2678 1908 2731 S.
1952 2678 2237 2739 Benedicti,
2275 2676 2368 2728 lib.
2426 2691 2481 2734 ll,
2512 2690 2632 2742 cap.
2665 2674 2754 2736 28,
2787 2684 2937 2725 num.
2964 2672 3020 2731 2,
3072 2670 3146 2721 uti
3194 2678 3248 2723 et
3289 2684 3425 2722 con-

1856 2771 2208 2824 structionem
2250 2765 2584 2827 monasterii,
2621 2773 2810 2819 sancto
2846 2764 3092 2817 Matthao
3124 2762 3309 2823 dicati,
3358 2760 3425 2813 de

1858 2870 1961 2931 qua
1998 2860 2185 2929 nequit
2216 2858 2468 2912 dubitari.
2501 2856 2865 2918 Mabillonius,
2904 2855 2958 2908 in
2995 2852 3287 2908 Annalibus
3323 2851 3427 2905 Be-

1859 2955 2155 3008 ncdirtiuis.
2189 2961 2317 3003 tom.
2359 2950 2398 3015 l,
2430 2965 2550 3018 pag.
2584 2949 2679 3001 152
2701 2949 2765 3001 ad
2792 2962 2993 3001 annum
3022 2946 3126 3000 56⁸5
3158 2944 3430 2999 fundatio-

1860 3059 1982 3097 nem
2010 3044 2318 3096 monasterii
2351 3040 2587 3109 exponit.
2612 3039 2677 3092 de
2712 3037 3059 3091 translatione
3084 3051 3209 3090 vero
3234 3033 3426 3103 capitis

1861 3136 2032 3189 sancti
2090 3133 2343 3200 Mattbai.
2383 3131 2696 3185 dubitanter
2763 3131 2999 3197 loquitur
3046 3127 3148 3181 hoc
3210 3127 3370 3180 modo
3412 3141 3426 3175 :

172 3220 422 3289 Erigitur
454 3217 510 3270 in
548 3213 816 3287 pradiviti
845 3228 907 3266 ex
938 3212 1117 3264 ebeno
1143 3220 1388 3279 pegmate
1419 3207 1755 3262 artiﬁciosis-

1871 3245 1886 3276 ι
1924 3226 2056 3279 Dein
2115 3222 2444 3276 monasteria
2488 3238 2516 3274 a
2550 3219 2713 3274 Paulo
2763 3220 3039 3288 (episcopo
3086 3214 3428 3285 Legionensi,

168 3315 317 3368 sime
343 3311 645 3370 elaborato,
675 3308 727 3362 in
755 3322 862 3376 quo
897 3302 1167 3375 praecipua
1202 3301 1331 3354 dicti
1374 3299 1608 3369 apostoli
1650 3300 1755 3351 mi-

168 3405 363 3459 racula
396 3402 670 3472 argenteis
705 3398 905 3453 crustis
940 3405 994 3451 et
1019 3392 1234 3449 laminis
1263 3391 1460 3456 incisa,
1498 3390 1757 3458 variaque

166 3498 311 3551 artis
342 3494 618 3566 elegantia
661 3490 1021 3545 condecorata
1069 3484 1532 3555 complectuntur.
1587 3482 1760 3543 idem,

166 3606 302 3661 pag.
342 3586 468 3650 465,
497 3584 756 3639 adscribit
784 3596 905 3634 ossa
940 3580 1113 3633 sancti
1146 3578 1410 3638 Mattbaei,
1447 3576 1497 3627 id
1529 3584 1632 3637 est,
1666 3573 1763 3626 ali-

166 3682 311 3750 quid
358 3694 426 3732 ex
463 3676 700 3739 ossibus,
748 3672 992 3727 ecclesia
1036 3669 1331 3739 collegiata
1363 3667 1419 3721 S.
1462 3664 1761 3720 Salvatoris

166 3769 377 3840 Brugis
410 3770 465 3822 in
513 3765 802 3825 Flandria;
838 3777 1052 3817 rursum
1089 3776 1209 3831 pag.
1240 3761 1365 3825 5H,
1391 3757 1637 3813 coclesia
1669 3772 1762 3810 ca-

167 3861 422 3919 thedrali
452 3856 789 3914 Tornacensi
815 3857 881 3911 de
915 3864 1104 3910 sancto
1137 3853 1390 3907 Matthao
1432 3849 1679 3919 apostolo
1708 3859 1765 3902 et

165 3952 519 4025 evangelista
563 3951 671 4004 duo
704 3964 848 4013 ossa,
887 3962 1053 4002 unum
1104 3945 1330 4015 grande,
1368 3942 1518 3997 aliud
1558 3940 1766 3995 medio-

163 4062 310 4111 cre;
370 4062 391 4095 ι
451 4057 574 4111 pag.
629 4041 755 4099 451.
803 4038 1068 4092 llutilensi
1118 4035 1386 4090 Cartusia
1437 4034 1505 4086 ad
1560 4030 1764 4085 Mosam

165 4137 324 4208 (lege
350 4131 657 4201 Mosellam)
694 4130 748 4183 in
784 4130 985 4183 ducatu
1040 4125 1504 4197 Luxemburgensi
1537 4143 1554 4175 ι
1593 4122 1766 4178 sancti

169 4222 427 4281 Matthai
476 4220 709 4292 apostoli
774 4228 829 4274 et
883 4217 1233 4289 evangelista
1295 4233 1356 4273 os
1403 4229 1683 4287 magnum,
1743 4235 1760 4264 ι

168 4335 303 4391 pag.
350 4314 460 4372 450
506 4313 737 4369 abbatia
784 4311 1223 4381 Phalempincnsi
1275 4310 1484 4365 ordinis
1539 4304 1595 4362 S.
1654 4310 1769 4361 Au-

164 4407 393 4482 gustini
443 4408 495 4459 in
552 4402 802 4457 Flandria
846 4414 1165 4471 argenteum
1219 4398 1525 4465 brachium,
1582 4417 1599 4448 ι
1640 4396 1765 4461 Ubi,

170 4499 392 4569 inquit,
438 4514 456 4547 ι
512 4494 712 4548 eximia
750 4506 875 4562 pars
906 4490 1112 4545 brachii
1161 4488 1218 4543 S.
1244 4488 1562 4545 Matthai...
1588 4502 1767 4541 asser-

1864 3318 1930 3370 de
1963 3332 2070 3383 quo
2094 3316 2234 3384 apud
2275 3329 2371 3367 nos
2397 3322 2573 3367 actum
2607 3323 2736 3365 tom.
2773 3310 2840 3373 ll,
2886 3307 3059 3361 Martii
3089 3325 3114 3359 a
3156 3321 3277 3376 pag.
3308 3304 3429 3373 108)

1863 3418 2191 3473 constructa,
2245 3407 2530 3475 inprimis
2572 3405 2933 3467 Gerberense,
2978 3403 3066 3456 cui
3119 3400 3433 3471 Tauguidus

1866 3502 2033 3558 abbas
2064 3499 2369 3571 pralectus,
2400 3497 2446 3551 is
2483 3496 2574 3567 qui
2610 3495 2665 3550 S.
2697 3494 2927 3549 Mattha-i
2962 3493 3349 3548 monasterium
3377 3492 3432 3543 in

1866 3604 2111 3646 extremo
2168 3590 2464 3645 Armorica
2508 3589 2650 3656 apud
2702 3587 3012 3641 Leonenses
3066 3584 3434 3651 promontorio

1866 3687 1966 3739 sub
2011 3683 2245 3735 medium
2293 3682 2546 3734 saeuiunt
2599 3689 2808 3732 sextum
2855 3676 3219 3730 Construxisse
3254 3672 3437 3744 perhi-

1866 3776 2044 3841 betur,
2077 3772 2146 3828 ob
2178 3771 2229 3826 id
2269 3772 2323 3825 in
2362 3769 2802 3824 Finibus-Terrae
2842 3765 3306 3836 cegnominatum.
3335 3761 3439 3817 Oc-

1869 3867 2145 3921 casionem
2176 3862 2395 3918 tradunt
2426 3864 2597 3916 sancti
2631 3856 2861 3929 apostoli
2894 3865 3056 3925 caput
3107 3870 3172 3908 cx
3204 3854 3439 3923 Adgypto

1869 3975 1895 4011 a
1947 3956 2271 4026 quihusdam
2321 3952 2715 4008 mercatoribus
2764 3949 3139 4003 Leonensibus
3195 3948 3439 4002 allatum.

1870 4049 2077 4103 Novum
2107 4045 2426 4100 asceterium
2457 4041 2794 4098 consecravit
2829 4041 3048 4101 l’aulus,
3093 4053 3268 4108 coquo
3297 4037 3442 4091 Tan-

1870 4142 2063 4213 guidus
2086 4155 2115 4193 e
2144 4137 2472 4193 Cerbercnsi
2502 4133 2853 4199 monasterio,
2882 4132 2967 4186 cui
2997 4130 3291 4185 Relecense
3320 4144 3445 4184 suc-

1872 4234 2055 4294 cessit,
2090 4230 2357 4285 coloniam
2384 4230 2563 4282 duxit.
2599 4226 2814 4281 Perstat
2847 4225 2914 4278 ad
2953 4233 3198 4278 nostrum
3234 4231 3444 4291 tempus

1873 4324 1929 4377 S.
1981 4322 2213 4378 Mattluei
2272 4318 2662 4374 monasterium
2693 4320 2792 4369 sub
2844 4316 2899 4367 S.
2949 4312 3117 4366 Mauri
3153 4327 3448 4383 congrega-

1873 4419 2042 4480 tione,
2078 4416 2261 4479 situm,
2294 4424 2353 4469 ut
2379 4428 2499 4466 mox
2527 4411 2794 4475 dicebam,
2829 4410 2880 4462 in
2910 4406 3132 4462 dimccsi
3157 4405 3444 4468 Leonensi.

1875 4508 2021 4564 haud
2054 4507 2244 4578 procul
2269 4523 2298 4560 a
2324 4506 2639 4576 Conquitto,
2682 4504 2844 4576 paulo
2874 4503 3085 4573 longius
3116 4517 3143 4555 a
3172 4500 3446 4559 BreStensi

163 4602 378 4655 vatur;
424 4606 443 4638 ι
487 4598 541 4640 et
573 4600 700 4654 pag.
746 4582 849 4635 illi
898 4582 1150 4635 nonnihil
1187 4582 1255 4636 de
1301 4582 1545 4650 reliquiis
1594 4584 1755 4635 sanct‘

1875 4604 2232 4661 celeberrimo
2271 4612 2450 4673 portu.
2492 4601 2648 4654 Nulla
2697 4599 2809 4654 fere
2860 4600 2926 4653 de
2963 4600 3064 4653 hoc
3113 4599 3451 4654 monasterio

162 4679 449 4741 blatthai,
491 4678 777 4732 obtentum
799 4674 942 4730 dono
969 4674 1271 4744 Margarita
1306 4674 1572 4743 principis
1607 4673 1763 4727 Flau'

163 4781 337 4844 ἀπίω,
395 4774 589 4830 haberi
640 4770 777 4827 dicit
826 4770 881 4824 in
926 4770 1143 4825 abbatia
1200 4766 1443 4823 Flinensi
1498 4768 1770 4838 virginum

162 4866 663 4928 Cisterciensium.
699 4862 983 4917 Latiensis
1011 4872 1065 4916 et
1098 4860 1487 4916 Maricollonsis
1514 4860 1768 4925 abbaliae,

164 4961 359 5017 amba
412 4953 774 5010 Benedictina
813 4951 865 5004 in
910 4954 1221 5012 Hannonta,
1273 4951 1476 5018 aliquid
1521 4951 1773 5005 similiter

164 5054 239 5107 de
283 5047 519 5103 ossibus
568 5042 741 5095 sancti
794 5042 1026 5094 Matth-ai
1074 5043 1356 5110 possidere
1414 5058 1474 5096 se
1514 5044 1769 5098 credunt.

163 5139 357 5197 Priori
391 5150 515 5206 pag.
538 5131 645 5186 279
677 5129 930 5203 Bayssius
965 5133 1156 5186 tribuit
1179 5146 1389 5200 partem
1416 5133 1569 5203 digiti
1595 5136 1772 5186 sancti

163 5235 429 5293 Matthai
468 5227 701 5298 apostoli
736 5235 791 5279 et
833 5227 1179 5293 evangelista
1215 5242 1339 5292 una
1390 5240 1516 5280 cum
1570 5241 1770 5290 carne;

160 5326 333 5384 alteri
376 5336 503 5392 pag.
548 5317 653 5371 296
681 5317 878 5386 aliquid
908 5316 976 5369 de
1024 5325 1175 5370 costa
1203 5314 1471 5385 ejusdem.
1506 5318 1771 5373 Cattoniei

164 5415 400 5478 ordinis
433 5412 494 5467 S.
527 5409 811 5477 Augustini
863 5408 917 5461 in
964 5408 1179 5463 abbatia
1221 5408 1278 5463 S.
1311 5409 1521 5464 Nicolai
1569 5408 1772 5477 Ognia-

165 5508 368 5568 censis
400 5504 469 5559 ad
506 5501 690 5557 Sabim
727 5498 954 5579 habens,
990 5499 1186 5553 eodem
1216 5508 1353 5554 teste
1377 5516 1501 5571 pag.
1534 5502 1659 5563 387,
1688 5504 1773 5553 al-

170 5614 295 5658 lare
353 5592 618 5664 Ροηδιὶιθ
657 5589 850 5646 Jacobi
899 5589 969 5642 de
1025 5587 1264 5643 Vitriaco
1300 5590 1359 5643 S.
1389 5584 1454 5642 Β.
1498 5593 1561 5646 Ε.
1592 5585 1773 5645 ραι-(11.

167 5690 346 5751 nalis,
414 5685 470 5735 in
542 5696 714 5744 eoque
767 5692 891 5732 cum
943 5674 1065 5734 aliis
1124 5678 1368 5748 reliquiis
1438 5681 1643 5751 aliquid
1706 5684 1776 5736 de

168 5788 232 5839 5.
302 5774 606 5837 Matthao;
671 5773 737 5827 de
780 5788 885 5839 quo
939 5772 1194 5828 nonnihil
1254 5775 1473 5828 demum
1526 5775 1776 5829 attribuit

166 5889 294 5954 pag.
362 5868 467 5924 401
535 5864 763 5919 abbatia:
807 5862 1059 5918 Parcensi
1110 5865 1323 5921 ordinis
1373 5864 1775 5923 Pramonstra-

604 5965 869 6024 [’A’IROL.
915 5962 959 6024 Ο
974 5977 1032 6024 tt,
1076 5964 1268 6030 CXV,

1877 4706 2057 4750 vetera
2092 4702 2444 4749 monumenta
2480 4699 2767 4761 supersunt
2818 4697 2937 4760 post
2969 4687 3141 4742 varias
3170 4690 3235 4741 ab
3261 4687 3449 4759 Anglis

1875 4787 2050 4840 illatas
2084 4787 2304 4850 clades;
2342 4784 2556 4837 tametsi
2605 4783 2887 4851 antiquum
2936 4783 3053 4851 ejus
3100 4781 3445 4851 splendorem

1875 4879 2056 4948 arguit
2079 4876 2312 4947 insignis
2343 4874 2589 4937 basilica.
2630 4888 2748 4943 qua
2781 4873 2945 4927 variis
2980 4881 3291 4926 sanctorum
3323 4870 3449 4925 reli—

1875 4968 2020 5039 quiis
2054 4978 2249 5023 ornata
2300 4977 2403 5022 est.
2449 4986 2467 5018 ι
2511 4966 2780 5021 Caeterum
2837 4964 3115 5035 persuasio
3163 4964 3231 5016 de
3277 4964 3452 5031 capite

1878 5063 2054 5117 sancti
2089 5061 2324 5116 Matthxi
2360 5068 2574 5113 servato
2599 5059 2651 5111 in
2688 5058 2780 5112 illo
2803 5054 3134 5111 monasterio
3162 5055 3327 5125 viguit
3347 5055 3451 5111 sal-

1878 5163 1988 5207 tem
2037 5168 2066 5205 a
2117 5152 2316 5205 saeculo
2344 5166 2438 5203 χιιι
2474 5166 2486 5203 :
2538 5164 2662 5203 nam
2707 5148 2992 5202 Matthaus
3021 5146 3451 5202 Westmonaste-

1880 5244 2079 5298 riensis
2104 5243 2169 5296 ad
2203 5257 2405 5296 annum
2442 5240 2582 5295 4295
2613 5240 2679 5295 de
2709 5241 2880 5295 classe
2910 5239 3202 5311 Anglorum
3235 5251 3300 5291 eo
3331 5252 3453 5306 per-

1881 5336 2011 5397 lata,
2056 5334 2389 5402 fugientibus
2439 5332 2630 5385 incolis
2672 5330 3004 5394 monasterii,
3057 5330 3170 5383 hac
3218 5327 3449 5382 scribit:

1884 5439 1902 5471 ‹
1928 5422 2190 5478 Posthac
2208 5422 2473 5476 abbatiam
2496 5420 2552 5475 S.
2583 5420 2815 5474 Matthai
2841 5419 3187 5489 quamplures
3206 5417 3453 5489 ingressi.

1878 5512 2249 5568 ecclesiasnca
2298 5512 2546 5565 utensilia
2599 5526 2719 5565 cum
2766 5512 2941 5579 capite
2992 5509 3232 5577 ejusdem
3280 5509 3454 5564 saneti

1880 5604 2063 5657 ablato
2097 5604 2163 5657 ad
2199 5604 2479 5657 dominum
2530 5602 2906 5657 Eadmundum
2944 5600 3136 5654 ducem
3183 5599 3455 5654 exercitus

1880 5696 2253 5748 contulerunt.
2287 5694 2416 5760 Qua:
2465 5696 2648 5750 omnia
2678 5701 3010 5763 sequestrata
3042 5690 3172 5745 fecit
3204 5690 3456 5744 dominus

1881 5785 2240 5842 Eadmundus
2274 5788 2405 5840 viris
2436 5787 2818 5843 ecclesiasticis
2846 5785 3159 5841 restaurari.
3197 5800 3214 5833 ι
3260 5780 3339 5836 Ex
3372 5780 3458 5834 his

1886 5890 2075 5938 tamen
2110 5889 2256 5934 recte
2308 5879 2502 5937 deduci
2547 5881 2756 5952 nequit,
2803 5878 3072 5949 integrum
3110 5890 3229 5931 esse
3268 5882 3453 5943 caput,

3064 5969 3137 6031 26
