4150 6494
712 411 808 474 811

1933 397 2218 458 MENSIS
2259 395 2547 455 SEPTEM
2563 395 2731 456 BER.

3844 394 3953 455 812

715 527 854 599 quod
907 525 1103 580 ibidem
1142 521 1372 577 habetur
1425 534 1523 590 pro
1575 518 1751 588 capite
1802 515 1970 570 sancti
2009 511 2282 575 Matthtei;
2316 516 2356 568 Α
2390 527 2539 563 num.
2607 509 2779 579 Hugo.
2838 508 2888 560 iu
2961 507 3252 560 Annalibus
3330 506 3955 570 Prmmonslratcnsibus,

716 634 889 689 neque
917 618 1059 672 enim
1098 615 1149 670 id
1178 615 1371 668 asserit
1399 608 2020 664 Westmonasteriensis.
2051 606 2131 658 An
2156 617 2284 657 vero

715 722 874 782 caput
903 709 1061 773 illud,
1091 705 1234 777 quod
1285 705 1354 759 ibi
1404 703 1655 766 habetur,
1706 699 1775 753 sit
1805 699 1974 753 sancti
2025 694 2282 756 Matthxi,

715 820 822 857 non
848 801 1083 870 inquiro.

789 895 907 948 lO-l.
970 891 1214 945 Andreas
1251 885 1551 958 Saussayus
1601 884 1652 938 in
1711 879 2086 952 Martyrologio
2119 877 2282 930 Galli-

719 999 852 1039 cano
880 982 943 1036 ad
967 981 1028 1034 21
1059 976 1390 1048 Septembris
1421 973 1693 1029 consentit
1721 984 1844 1024 cum
1875 964 2148 1024 sententia
2173 963 2288 1016 fere

719 1074 988 1128 communi
1042 1071 1108 1124 de
1145 1082 1370 1137 corpore
1428 1065 1598 1120 sancti
1653 1060 1937 1117 Salernum
1995 1056 2285 1116 translato;

720 1165 976 1233 additque
1010 1178 1022 1212 :
1065 1179 1083 1210 e
1123 1160 1164 1213 Ε
1199 1175 1306 1228 quo
1358 1161 1628 1228 (corpore)
1678 1161 1992 1220 excerptum
2027 1162 2290 1202 verteran-

720 1257 846 1310 dum
879 1262 1061 1322 caput.
1099 1251 1304 1320 pridem
1338 1248 1388 1300 in
1413 1247 1638 1300 Galliam
1672 1243 1908 1296 delatum
1941 1239 2062 1301 fuit,
2100 1252 2286 1290 recon-

720 1347 1003 1414 ditnmque
1050 1345 1101 1395 in
1149 1355 1362 1396 summa
1410 1338 1632 1391 basilica
1669 1332 2055 1393 Bellovacensi,
2101 1332 2153 1381 in
2185 1341 2289 1396 qua

722 1438 935 1509 egregio
963 1438 1107 1490 cultu
1141 1439 1514 1492 conservatur,
1550 1427 1766 1494 dempto
1792 1424 2010 1485 vertice,
2043 1420 2130 1489 qui
2156 1418 2288 1471 Car-

724 1532 839 1584 nuti
878 1532 930 1581 in
960 1526 1196 1581 sacrario
1241 1523 1437 1577 nobilis
1466 1521 1596 1574 tedis
1631 1517 1870 1588 Virginis
1904 1515 2141 1582 Deiparre
2178 1525 2292 1563 ma-

726 1639 826 1692 gna
861 1635 981 1676 cum
1017 1618 1359 1672 veneratione
1392 1615 1640 1669 habetur.
1681 1631 1698 1664 ι
1735 1611 1791 1664 In
1827 1604 2144 1676 Necrologin
2177 1601 2297 1655 Bel-

727 1713 1018 1774 lovacensi,
1043 1713 1183 1780 quod
1207 1709 1458 1762 laudatur
1480 1717 1610 1760 tom.
1660 1702 1725 1758 IX
1751 1701 1932 1756 Gallia:
1951 1696 2293 1757 Christianm,

727 1807 828 1860 col.
867 1806 990 1860 749..
1047 1804 1098 1855 in
1137 1803 1330 1855 Milone
1366 1800 1385 1853 l
1445 1798 1702 1868 episeopo
1739 1790 2110 1847 Bellovacensi
2154 1789 2296 1842 inter

2390 611 2519 654 tom.
2553 602 2615 662 ll,
2652 602 2753 655 col.
2785 601 2904 660 649,
2944 600 3012 653 de
3054 600 3144 652 illo
3175 599 3352 666 capite
3374 599 3562 652 scribit
3591 600 3881 667 sequentia
3907 601 3954 649 in

2389 693 2599 746 abbatia
2621 691 3009 759 Regius-vallis
3050 707 3063 742 :
3105 707 3123 739 t
3156 688 3339 743 Sancti
3369 687 3605 742 Matthazi
3662 698 3830 757 caput
3876 704 3959 739 ar-

2389 794 2576 852 gentca
2653 782 2918 836 inclusum
2992 795 3177 851 capsa,
3223 780 3546 850 populorum
3609 795 3886 833 concursu
3931 795 3957 830 a

2391 879 2587 932 san-nlo
2622 893 2709 930 xiv
2740 875 2954 930 celebre
2991 891 3005 926 :
3049 888 3228 943 neque
3277 873 3422 927 enim
3453 872 3688 925 antehac
3717 873 3772 924 in
3811 881 3960 924 vete-

2391 974 2542 1026 ribus
2567 968 2933 1024 inenumentis
2981 966 3209 1035 legimus
3247 963 3566 1032 quidquam,
3620 961 3768 1014 unde
3819 961 3960 1013 ulte-

2391 1069 2500 1120 rior
2540 1065 2586 1118 ei
2613 1062 2777 1131 possit
2804 1058 3100 1126 antiquitas
3163 1055 3480 1124 adjudieari.
3527 1071 3548 1105 ι
3605 1053 3755 1109 Satis
3786 1052 3959 1103 anim-

2392 1164 2637 1216 advertet
2667 1154 2943 1208 studiosus
2977 1151 3165 1212 lector,
3196 1164 3305 1201 non
3339 1162 3495 1216 posse
3525 1146 3710 1201 omnia
3735 1145 3830 1199 illa
3848 1160 3962 1202 esse

2392 1254 2566 1322 capita
2605 1252 2778 1305 sancti
2814 1248 3072 1310 Matthaei,
3117 1248 3160 1300 si
3203 1248 3437 1311 integra,
3467 1253 3561 1296 aut
3600 1243 3714 1296 fere
3756 1242 3963 1308 integra

2394 1345 2520 1401 sint.
2555 1340 2895 1409 Quapropter
2927 1338 3026 1407 ipsi
3068 1336 3381 1392 examinare
3418 1342 3697 1404 poterunt,
3721 1345 3792 1382 an
3829 1329 3965 1382 forte

2399 1437 2635 1489 habeant
2669 1434 2932 1488 modicam
2961 1433 3155 1500 capitis
3190 1429 3508 1498 particulam
3557 1424 3774 1480 faetitio
3804 1421 3962 1490 capiti

2397 1527 2732 1599 impositam,
2785 1524 2944 1592 eique
2976 1520 3170 1590 capitis
3209 1536 3406 1573 nomen
3439 1517 3601 1572 fuerit
3625 1517 3964 1584 impositum,

2397 1618 2474 1671 uti
2527 1617 2658 1669 alias
2714 1615 2913 1668 factum
2972 1627 3092 1666 esse
3135 1609 3522 1680 experimentis
3584 1609 3747 1676 plane
3804 1605 3966 1658 certis

2400 1711 2603 1774 didici;
2655 1725 2721 1761 an
2783 1723 2908 1761 vero
2951 1706 3185 1759 habeant
3245 1701 3506 1769 reliquias
3541 1699 3732 1752 Sancti
3798 1697 3965 1752 alicu-

2398 1806 2486 1869 jus
2561 1802 2774 1860 incerti,
2829 1814 2948 1867 qua:
3036 1812 3129 1866 per
3173 1808 3414 1850 errorem
3485 1791 3658 1845 sancti
3734 1785 3964 1840 Mattlizi

729 1901 828 1950 alia
889 1899 1140 1965 leguntur
1187 1861 1514 1960 sequentia}
1569 1905 1587 1938 ι
1635 1861 1795 1940 bedit
1836 1882 2002 1953 (Milo)
2037 1886 2198 1950 caput
2234 1878 2292 1930 Β.

2415 1895 2623 1949 uerunt
2670 1891 2911 1951 creditae,
2961 1885 3417 1956 quemadmodum
3471 1883 3634 1937 etiam
3683 1896 3795 1933 non
3849 1893 3968 1930 raro

734 1990 963 2043 Matthei
997 1985 1224 2056 apostoli
1262 1993 1316 2037 et
1356 1982 1558 2051 virgam
1586 1980 1784 2033 Aaron.
1826 1996 1842 2028 ι
1890 1977 1956 2030 At
1992 1976 2133 2028 unde
2166 1970 2297 2026 illud

733 2091 892 2152 caput
948 2078 1240 2152 acceperit,
1271 2091 1380 2128 non
1423 2073 1731 2142 adjungitur
1789 2071 1842 2123 in
1879 2068 2095 2122 laudata
2131 2065 2299 2121 Gallia

735 2173 1060 2229 Christiana.
1098 2169 1215 2222 Fuit
1242 2168 1365 2221 Milo
1395 2167 1448 2219 in
1475 2164 1705 2234 zﬁgypto
1735 2177 1855 2215 cum
1887 2158 2299 2227 cruccsiguatis,

739 2269 838 2320 fuit
869 2262 1126 2318 similiter
1166 2257 1390 2312 notabili
1446 2265 1688 2325 tempore
1735 2253 1786 2306 in
1839 2252 2004 2305 Italia.
2055 2250 2136 2302 An
2177 2263 2305 2302 vero

735 2358 895 2412 etiam
936 2353 1096 2406 fuerit
1123 2344 1614 2414 ConstantinOpoli,
1650 2344 1829 2411 ibique
1863 2349 2024 2409 caput
2049 2339 2179 2392 illud
2216 2354 2305 2392 ac-

737 2444 960 2514 ceperit,
993 2452 1048 2494 itt
1078 2440 1242 2494 refert
1281 2438 1534 2490 Bailletus
1576 2435 1641 2488 ad
1677 2435 1818 2486 hunc
1851 2432 1994 2486 diem
2025 2431 2078 2483 in
2113 2439 2307 2483 sancto

742 2538 1016 2596 Matth-aee,
1071 2541 1126 2587 et
1185 2530 1408 2600 quidem
1465 2539 1705 2597 tempore
1759 2522 1994 2594 Philippi
2055 2522 2306 2593 Augusti,

741 2643 884 2683 anno
921 2626 1054 2680 1225
1101 2623 1367 2688 defuncti,
1398 2620 1650 2689 nuspiam
1697 2618 1936 2672 invenio.
1978 2616 2046 2670 At
2096 2615 2310 2670 videtur

744 2719 999 2773 Bailletus
1068 2715 1450 2783 Necrologiuin
1523 2709 1815 2764 conciliare
1857 2708 2119 2771 .t‘oluisse
2185 2722 2308 2759 cum

743 2812 960 2882 scriptis
995 2827 1024 2863 a
1055 2808 1281 2878 Cangio,
1321 2815 1374 2860 et
1425 2807 1502 2860 sic
1530 2805 1750 2868 dixisse,
1789 2802 1934 2870 quod
1983 2814 2143 2854 nemo
2189 2807 2313 2850 ante

743 2907 971 2960 dixerat.
994 2902 1151 2957 Certe
1181 2901 1437 2968 Cangins,
1467 2912 1627 2965 quem
1652 2897 1812 2948 etiam
1838 2891 2016 2944 laudat
2045 2892 2100 2944 in
2132 2890 2312 2944 Histo-

749 2999 859 3052 rieo
893 3005 1122 3049 ttactato
1154 2995 1219 3046 de
1255 2991 1427 3059 capite
1461 2989 1630 3044 sancti
1664 2987 1887 3041 Joannis
1918 2983 2185 3052 Baptistae.
2210 2981 2312 3035 alia

747 3087 969 3142 oninino
993 3084 1144 3145 dicit,
1179 3095 1468 3135 recensens
1496 3095 1616 3148 pag.
1651 3076 1748 3130 104
1781 3075 2036 3144 reliquias
2058 3089 2087 3125 a
2113 3071 2314 3124 Latinis

747 3187 872 3248 post
923 3184 1238 3245 occupatam
1283 3167 1809 3236 Constantinopolim
1862 3167 1914 3217 in
1964 3163 2312 3217 Occidentem

750 3273 967 3326 missas.
1002 3267 1134 3318 Nam
1164 3265 1227 3318 de
1256 3263 1430 3333 capite
1458 3262 1630 3314 sancti
1663 3257 1894 3310 Matthxi
1930 3256 2008 3310 sic
2032 3253 2312 3323 loquitur:

757 3382 774 3413 ι
820 3357 1110 3415 Gerrasius
1164 3354 1231 3408 de
1282 3348 1712 3408 Chateau-Neul.
1765 3359 2058 3401 canonicos
2097 3343 2316 3398 Carno-

751 3452 939 3517 tensis,
989 3459 1042 3503 et
1091 3457 1274 3518 postea
1331 3446 1621 3514 episcopus
1673 3437 2045 3508 Nivernensis,
2095 3433 2318 3487 donavit

753 3541 992 3596 ecclesiae
1023 3535 1344 3591 Carnotensi
1402 3541 1563 3599 caput
1596 3529 1769 3581 sancti
1811 3525 2075 3580 Matthtei.
2114 3542 2131 3574 ι
2179 3524 2320 3576 (Jon-

756 3633 924 3687 sentit
949 3627 1300 3682 Sebastianus
1327 3620 1621 3681 Rouillard,
1655 3621 1705 3673 in
1737 3604 1971 3670 Historia
1993 3614 2316 3679 Curuotcusi,

754 3740 874 3794 cap.
910 3723 962 3785 8,
1002 3737 1120 3792 pag.
1149 3721 1276 3775 207.
1323 3719 1505 3787 Itaque
1550 3715 1914 3769 Carnotenses
1947 3708 2317 3767 crediderunt,

754 3816 1032 3885 accepisse
1063 3829 1122 3867 se
1167 3819 1329 3880 caput
1374 3807 1502 3859 illud
1537 3799 2038 3868 Constantinopoli;
2075 3797 2168 3850 sed
2199 3809 2322 3863 pro-

755 3908 885 3960 bare
916 3909 1214 3972 nequeunt,
1244 3907 1405 3968 caput
1437 3895 1608 3950 sancti
1645 3891 1878 3946 Maltha-i
1913 3904 2147 3960 unquam
2175 3889 2316 3941 Con-

758 3994 1104 4064 stantinopoli
1144 3992 1330 4055 fuisse,
1384 3999 1441 4042 ut
1473 3981 1824 4041 Carnotensis
1855 3997 2005 4052 teque
2039 3997 2102 4035 ae
2144 3979 2319 4033 Bello-

759 4086 1005 4140 vacensis
1053 4085 1297 4139 ecclesia:
1351 4078 1564 4131 traditio
1609 4076 1898 4130 admodum
1951 4072 2194 4126 videatur
2242 4070 2324 4126 in..-

761 4189 930 4231 certa.

837 4265 1117 4320 102.1am
1175 4264 1430 4327 vidimus,
1490 4265 1663 4317 tribus
1736 4261 1869 4316 locis
1922 4265 2084 4327 caput
2149 4255 2322 4310 saneti

766 4359 1000 4413 Matthxi
1034 4357 1296 4427 assignari
1331 4356 1383 4408 iti
1411 4353 1602 4409 Gallia.
1635 4354 1858 4408 Accedit
1899 4363 1952 4405 ct
1995 4358 2222 4419 quartus
2271 4349 2326 4400 in

764 4447 1134 4519 Lotharingia,
1205 4449 1460 4500 nimirum
1520 4446 1735 4498 abbatia
1788 4439 2326 4495 l‘rmmoustratensis

2405 1989 2684 2058 contingit.

2477 2083 2596 2136 103.
2633 2080 3005 2133 Memorantur
3041 2084 3092 2128 et
3126 2073 3242 2125 alia:
3292 2071 3643 2138 reliquiarum
3691 2065 3967 2136 particula:

2405 2174 2698 2228 aliislocis.
2729 2172 2875 2225 Inter
2927 2165 3185 2233 reliquias
3239 2163 3444 2232 plures.
3477 2175 3599 2228 qum
3655 2173 3806 2212 anno
3872 2157 3971 2211 894

2407 2267 2597 2322 delatio
2653 2269 2783 2314 sunt
2838 2258 3021 2313 Remis
3068 2256 3119 2308 in
3167 2269 3358 2324 pagum
3416 2251 3972 2308 Veromanduensexn,

2411 2353 2777 2426 depositaeque
2801 2350 2854 2402 in
2888 2348 3004 2402 \‘ico
3038 2345 3302 2398 Meinnico
3362 2343 3414 2396 in
3464 2340 3696 2396 ecclesia
3734 2338 3796 2392 S.
3841 2337 3976 2390 Mar-

2411 2449 2526 2500 tino
2560 2445 2758 2507 dicata,
2787 2448 3105 2494 recensetur
3152 2437 3313 2490 etiam
3357 2433 3576 2504 aliquid.
3623 2429 3975 2500 reliquiarum

2411 2540 2580 2591 sancti
2617 2535 2876 2596 Matthxi,
2923 2541 2982 2586 ut
3025 2528 3197 2583 videri
3244 2535 3442 2595 potest,
3493 2535 3623 2578 tom.
3655 2525 3674 2575 ι
3706 2521 3976 2581 Januarii,

2413 2649 2529 2702 pag.
2562 2629 2679 2691 l80,
2713 2638 2843 2681 tom.
2893 2623 2958 2678 lll
3017 2619 3320 2675 Februarii.
3354 2632 3476 2685 pag.
3511 2614 3598 2667 99.
3633 2612 3689 2664 In
3746 2611 3869 2664 Vita
3924 2609 3980 2662 S.

2413 2720 2732 2792 Angilberti,
2763 2715 2975 2772 abbatis
3029 2710 3376 2768 Centulcnsis
3433 2708 3484 2759 iu
3543 2704 3774 2760 Pontito
3819 2709 3984 2773 (nunc

2416 2813 2628 2868 abbatia
2697 2809 2754 2865 S.
2790 2807 3033 2864 Richarii
3089 2803 3592 2875 passinnvocatur;
3645 2796 3738 2865 qui
3806 2794 3985 2846 ﬂoruit

2415 2917 2662 2974 tempore
2697 2901 2871 2956 Caroli
2912 2897 3108 2967 Magni,
3144 2895 3384 2948 refertur
3408 2890 3744 2944 constructio
3788 2901 3842 2941 et
3893 2888 3986 2940 de-

2416 2995 2616 3055 dicatio
2663 2992 2846 3062 templi
2893 2988 3237 3044 Centulensis
3263 2985 3324 3039 Β.
3349 2984 3529 3038 Marhc
3561 2995 3684 3036 cum
3725 2980 3985 3034 tredecim

2420 3087 2680 3142 altaribus
2711 3094 2765 3138 ct
2791 3082 3056 3151 reliquiis,
3091 3095 3211 3144 qua:
3245 3077 3300 3131 in
3326 3076 3550 3145 singulis
3587 3080 3717 3126 sunt
3773 3072 3984 3139 positae.

2341 3189 2385 3250 ί]
2420 3181 2496 3232 Ad
2527 3177 2862 3245 propositum
2887 3182 3065 3226 autem
3101 3178 3348 3224 nostrum
3381 3168 3452 3219 ihi
3483 3169 3600 3220 haec
3652 3165 3919 3230 leguntur
3973 3176 3985 3208 :

2428 3291 2444 3322 ι
2482 3271 2662 3324 Alture
2698 3268 2871 3320 sancti
2905 3265 3169 3324 Matthxi,
3219 3263 3272 3312 in
3327 3276 3433 3327 quo
3461 3256 3704 3322 reliquiae
3733 3255 3879 3320 ejus,
3939 3265 3990 3304 et

2423 3357 2584 3410 Marci
2638 3366 2692 3408 et
2748 3353 2925 3406 Luem.
2968 3368 2985 3400 ι
3025 3351 3282 3410 Rursum,
3333 3360 3451 3413 pag.
3505 3343 3625 3407 105,
3683 3342 3774 3395 ubi
3836 3344 3992 3395 datur

2423 3447 2683 3513 scriptum
2713 3443 2936 3494 nomine
2957 3437 3275 3509 Angilberti,
3311 3436 3682 3491 enumerantis
3711 3435 3990 3505 reliquias,

2422 3553 2556 3608 quas
2585 3551 2688 3606 0pc
2717 3536 2893 3591 Caroli
2949 3535 3122 3605 Magni
3153 3543 3208 3588 et
3237 3533 3466 3587 aliorum
3503 3523 3564 3582 ex
3605 3531 3772 3582 variis
3819 3529 3987 3600 regio-

2421 3633 2582 3685 nibus
2610 3630 2943 3688 obtinuerat.
2980 3641 3101 3684 cum
3165 3627 3413 3697 plurimis
3446 3625 3566 3679 aliis
3630 3634 3995 3676 recensentur

2425 3726 2597 3777 sancti
2628 3717 2860 3774 Matihzei
2901 3721 3155 3789 rell-quite.
3179 3719 3294 3774 Non
3332 3719 3545 3773 additur
3578 3728 3787 3782 tamen,
3819 3724 3994 3768 utrum

2425 3813 2587 3867 fuerit
2617 3809 2818 3880 aliquid
2843 3825 2906 3863 ex
2931 3810 3146 3862 ossibus
3179 3808 3383 3870 Sancti,
3415 3824 3482 3861 an
3514 3809 3690 3861 solum
3730 3807 3802 3862 de
3837 3809 3999 3860 vesti-

2425 3906 2646 3961 mentis.
2698 3905 2754 3957 ln
2829 3901 3082 3972 Catalogo
3151 3901 3362 3970 prolixo
3451 3900 3826 3966 reliquiarum,
3886 3913 3999 3966 qua:

2426 4015 2570 4052 anno
2615 3997 2751 4050 1585
2792 3994 3171 4066 lllyssiponeni
3205 3992 3475 4048 translata:
3503 4001 3650 4053 sunt,
3686 3987 3998 4058 ibidemque

2427 4093 2637 4144 donatae
2664 4088 2846 4140 domui
2881 4087 3136 4154 professae
3165 4085 3445 4138 Societatis
3483 4082 3632 4144 Jesu,
3670 4094 3998 4136 enumeran-

2430 4189 2516 4232 tttr
2555 4175 2715 4230 etiam
2752 4175 2992 4242 reliquiae
3045 4175 3217 4227 sancti
3261 4173 3496 4226 Matthxi
3554 4174 3812 4240 apoStoli,
3859 4173 3996 4240 apud

2426 4287 2528 4325 nos
2561 4281 2692 4324 toni.
2733 4267 2773 4321 ιι
2824 4265 3087 4328 Januarii,
3148 4281 3268 4334 pag.
3329 4264 3452 4316 612.
3512 4261 3714 4314 Verum
3775 4264 3995 4316 sedit-Eat

2432 4363 2546 4415 hcc
2573 4358 2937 4424 enumeratio,
2967 4371 3088 4412 cum
3110 4362 3387 4424 nequeant
3420 4353 3522 4406 ulla
3557 4354 3800 4404 humana
3845 4354 3998 4404 indu-

2431 4453 2559 4506 stria
2600 4449 2906 4504 enumerari
2941 4463 3132 4502 omnes
3163 4445 3520 4516 reliquiarum
3549 4445 4003 4513 particulaz,quas

765 4543 818 4595 in
851 4542 1071 4594 άὶωσθςί
1108 4535 1368 4594 'l‘ullensi.
1435 4534 1818 4606 Regius-vallis
1853 4534 2015 4594 dicta,
2049 4545 2157 4584 non
2199 4544 2329 4583 con-
2361 4559 2403 4613 ο
2436 4543 2638 4596 haben,
2679 4540 2922 4595 εςριρείιε
2957 4548 3050 4591 ειη
3084 4553 3328 4605 [magna
3385 4538 3628 4604 μίγδην,
3701 4538 4002 4605 “mserum

766 4635 1036 4691 l’undenda
1091 4647 1212 4687 cum
1265 4636 1453 4693 altera,
1495 4643 1613 4696 qua:
1666 4626 1829 4694 Regia
1891 4622 2042 4676 vallis
2106 4620 2326 4682 dicitur,

765 4727 1117 4798 ejusdemque
1147 4719 1476 4779 estordiuis.
1511 4720 1638 4771 etin
1667 4718 1854 4771 eadem
1887 4713 2132 4767 ditecesi.
2165 4712 2331 4763 Sans-

766 4835 927 4891 sayus
974 4819 1029 4872 in
1087 4813 1479 4885 Supplemento
1529 4807 1895 4883 martyrologii
1952 4805 2209 4860 Gallicani
2265 4803 2329 4855 ad

765 4913 827 4967 21
872 4909 1208 4980 Septembris
1247 4904 1537 4960 annuntiat
1563 4902 1972 4956 venerationem
1998 4896 2172 4951 sancti
2195 4895 2332 4948 Mat-

772 5006 894 5061 tbzei
926 5001 1174 5057 hodierni
1202 5001 1254 5053 in
1286 4997 1533 5053 cwnobio
1562 4994 1723 5064 Regis
1747 4993 1917 5056 vallis,
1953 4999 2012 5044 ut
2042 4987 2332 5056 aliquando

767 5099 934 5155 etiam
977 5101 1223 5156 vocatur,
1261 5100 1316 5147 et
1360 5089 1608 5160 adjungit
1643 5104 1658 5142 :
1699 5106 1716 5138 ι
1752 5085 1988 5155 Cujus...
2020 5096 2147 5152 pars
2179 5080 2332 5147 capi-

771 5193 841 5247 tis
884 5185 1208 5250 laureati,...
1233 5181 1380 5238 dicto
1414 5183 1470 5235 in
1500 5178 1830 5234 monasterio
1889 5173 2332 5231 honoriﬁcentis-

772 5285 906 5340 sime
953 5287 1284 5340 asservatur,
1349 5285 1403 5329 et
1458 5271 1619 5328 hodie
1673 5270 1896 5326 colenda
1936 5266 2336 5338 religiosissime

779 5373 1086 5430 exhibetur.
1142 5388 1160 5422 ι
1221 5371 1436 5424 Partem
1468 5366 1662 5436 capitis
1699 5365 1850 5427 dicit,
1901 5361 2131 5431 opinor;
2209 5359 2332 5425 quia

777 5469 882 5537 iam
916 5473 1077 5534 caput
1116 5461 1400 5516 Bellovaco
1425 5467 1477 5511 et
1509 5459 1746 5511 (.‘arnoto
1792 5460 2120 5508 asseruerat.
2177 5445 2336 5502 Certe

775 5559 1068 5620 Calmctus,
1095 5556 1148 5607 in
1181 5552 1418 5608 Historia
1470 5550 1840 5617 Lotliariugiw,
1885 5557 2016 5601 tum.
2054 5543 2097 5597 ll
2151 5543 2337 5612 prima:

777 5651 1030 5708 editionis
1057 5647 1159 5702 col.
1196 5646 1265 5698 9.2
1289 5650 1453 5716 caput
1485 5643 1656 5697 sancti
1687 5639 1926 5694 Mattbaci
1967 5637 2198 5692 abbatia:
2231 5639 2335 5688 He-

777 5742 1034 5819 gis-vallis
1085 5737 1354 5798 attribuit,
1414 5745 1466 5789 et
1495 5735 1598 5787 col.
1646 5733 1752 5786 ἓϋῦ
1785 5730 1878 5794 ait,
1933 5744 1995 5782 ex
2058 5726 2335 5783 Palaestina

780 5833 991 5890 allatum
1028 5831 1190 5884 fuisse
1222 5843 1317 5898 per
1358 5825 1654 5882 Cobertum
1707 5822 1896 5892 Asperi
1936 5819 2129 5874 Montis
2164 5819 2335 5872 domi~

2435 4648 2553 4685 cum
2595 4647 2690 4697 per
2736 4630 3058 4682 donationes
3124 4629 3436 4693 frequenter
3486 4627 3552 4678 ab
3609 4641 3721 4679 uno
3775 4631 3895 4682 loco
3943 4631 4004 4681 ad

2437 4726 2665 4778 alterum
2703 4718 3122 4774 transferantur.
3156 4717 3429 4785 Ejusmodi
3470 4718 3797 4785 particulam
3843 4735 4005 4787 penes

2438 4831 2523 4870 me
2564 4811 2757 4876 habeo,
2784 4810 2910 4864 dum
2953 4811 3067 4863 haec
3113 4807 3313 4871 scribo,
3348 4817 3629 4875 acceptam
3686 4822 3838 4860 anno
3878 4807 4008 4860 Πὺῦ

2439 4904 2676 4960 Venetiis
2707 4903 2776 4957 ab
2810 4899 3268 4955 excellentissimo
3297 4897 3517 4952 domino
3573 4896 3850 4952 Flaminio
3879 4899 4009 4952 Cor-

2438 4997 2883 5061 nelio,senatore
2941 4991 3169 5058 Veneto,
3209 4989 3464 5062 superius
3517 4988 3761 5052 laudato,
3813 4993 3910 5061 qui
3962 5001 4010 5044 et

2437 5086 2594 5137 aliam
2630 5084 2733 5137 sibi
2767 5080 3008 5135 retinuit.

2511 5175 2630 5230 104.
2663 5174 2802 5228 Loca
2821 5186 3010 5228 sancto
3038 5173 3292 5229 Matthiae
3315 5190 3489 5236 sacra,
3548 5186 3747 5244 praeter
3801 5193 4011 5232 memo-

2439 5279 2550 5322 rata
2605 5270 2866 5322 hactenus
2899 5268 2952 5320 iu
2984 5267 3297 5332 Occidente,
3326 5279 3483 5322 certo
3521 5267 3677 5338 plura
3710 5282 3936 5324 exstant
3960 5282 4011 5324 et

2437 5360 2618 5427 aliqua
2651 5359 2812 5412 etiam
2849 5359 2902 5411 in
2939 5359 3231 5427 provinciis
3284 5361 3658 5415 orientalibus.
3696 5360 3772 5414 De
3806 5365 4000 5417 celebri

2439 5450 2771 5505 monasterio
2805 5449 2862 5501 S.
2901 5450 3132 5501 Mattha'i
3193 5450 3242 5500 in
3292 5449 4010 5519 Mesopotamia.quierntne

2440 5541 2754 5596 Diarbecliia
2779 5540 2998 5601 dicitur.
3031 5541 3176 5608 apud
3209 5545 3396 5594 urbem
3437 5541 3608 5594 Mosul
3650 5553 3748 5597 aut
3784 5545 4008 5600 Nuircu

2439 5649 2657 5695 novam,
2703 5632 3019 5698 frequenter
3067 5631 3309 5686 meminit
3343 5635 3692 5698 Assemantts,
3728 5637 3783 5688 in
3817 5637 4005 5690 Biblio-

2443 5734 2588 5780 theca
2627 5723 2906 5783 Oi-icnmli,
2946 5736 3075 5778 tom.
3103 5724 3166 5778 ll.
3196 5724 3270 5777 litt
3294 5727 3356 5778 iis
3387 5737 3588 5788 autem,
3616 5742 3740 5792 qua?
3764 5746 3890 5801 pag.
3917 5729 4008 5783 408

2443 5821 2607 5877 refert
2637 5818 2704 5873 de
2734 5817 2826 5871 illo
2877 5815 3230 5880 monasterio,
3265 5816 3409 5870 clare
3445 5815 3637 5885 liquet,
3687 5820 3890 5874 saltem
3921 5835 4008 5875 ex.
