4150 6498
182 438 289 499 813

178 639 342 691 minit
387 655 403 687 ι
453 637 684 691 οωιιοιιίἰ
724 636 981 699 (Ξιιιιοιιαι,
1040 636 1189 703 quod
1262 633 1660 686 monasterium
1693 632 1753 686 S.

178 727 416 781 Matthzei
445 728 643 782 dicitur
677 729 728 779 in
757 738 936 782 monte
976 728 1254 796 Elpheph.
1295 746 1311 776 ι
1352 726 1426 778 Ex
1451 726 1542 777 illo
1567 734 1755 779 autem

178 820 512 872 monasterio
546 818 825 873 duodecim
876 819 1295 872 monachicum
1346 820 1607 885 episcopo
1662 815 1758 867 Ni-

177 909 333 961 nives
370 910 532 962 occisi
574 910 827 963 dicuntur
856 912 1008 979 jussu
1055 910 1312 963 Pherozis
1343 908 1627 962 Persarum
1667 922 1759 960 re—

177 1000 259 1066 gis
284 999 337 1050 in
377 1000 507 1052 urbe
532 998 722 1053 Ninive
752 1001 863 1054 sive
898 1001 1091 1054 lilosnl.
1122 1001 1326 1054 Eadem
1357 1000 1587 1053 historia
1626 1014 1760 1050 nar-

178 1097 333 1140 ratur
379 1089 520 1157 apud
552 1088 929 1151 Assemauum,
974 1100 1109 1144 tom.
1156 1089 1251 1150 111,
1305 1104 1430 1158 pag.
1479 1088 1599 1147 ⁸595,
1668 1087 1759 1141 ubi

176 1189 411 1232 vocatur
436 1179 682 1232 similiter
711 1197 728 1231 ι
764 1180 1072 1234 οωιιοὶιίιιιιι
1098 1178 1340 1239 Cucbtaa.
1373 1198 1389 1230 ι
1423 1180 1522 1232 hoc
1546 1184 1654 1239 est,
1697 1176 1753 1231 S.

174 1269 419 1325 Matthzei
455 1272 511 1325 in
544 1280 729 1325 monte
792 1272 1135 1341 Elpbephio;
1172 1272 1541 1341 monac-hique
1578 1269 1634 1322 in
1666 1270 1757 1326 illo

175 1362 515 1418 monasterio
550 1342 807 1417 dicuntur
830 1377 952 1416 cum
991 1363 1333 1433 Metropolita
1369 1361 1590 1415 Ninich
1605 1378 1755 1416 com-

1448 433 1621 491 VITA
1667 434 1725 494 S.
1772 432 2171 493 ΜΑΤΤΗᾸΞΙ.

181 550 383 602 stitisse
414 562 443 601 a
478 545 671 602 seculo
700 561 769 600 tv.
804 545 970 604 idem,
1034 553 1169 598 tom.
1199 542 1264 603 tl,
1306 556 1427 611 pag.
1470 543 1599 605 403,
1637 557 1754 594 me-
1787 549 1832 602 Α
1864 543 2148 606 prehensi,

3325 442 3429 509 814

2232 544 2494 614 ductique
2558 543 2809 611 Niniven,
2873 547 2961 601 ubi
3018 559 3203 618 postea
3264 557 3430 608 occisi

1867 642 2018 696 sunt,
2054 634 2201 703 quod
2235 637 2547 690 consentire
2578 636 2846 690 nollcntln
2877 639 3125 694 lueresim
3153 641 3435 699 Nestoria—

1869 739 2018 775 nam.
2050 725 2125 777 Ex
2156 740 2220 779 eo
2265 739 2466 790 autem,
2522 729 2665 797 quod
2704 732 3045 799 metrOpolita
3092 734 3318 791 Ninives
3378 740 3429 792 in

1870 817 2204 875 monasterio
2228 819 2657 889 comprehensus
2681 832 2783 884 est.
2811 825 3072 894 quodque
3115 842 3311 883 omnes
3338 831 3432 884 Ni-

1868 904 2050 956 niveni
2080 905 2302 961 fuerunt
2338 909 2508 973 ducti,
2541 912 2671 965 satis
2712 923 2861 967 ccrto
2931 916 3227 986 colligitur,
3292 921 3432 975 idem

1868 995 1974 1049 hoc
1994 1012 2115 1052 esse
2152 1005 2539 1057 monasterium
2603 1019 2724 1057 cum
2782 1008 3125 1074 praecedente
3148 1012 3289 1079 apud
3324 1011 3437 1066 Μο-

1863 1088 1947 1138 snl
1995 1101 2085 1142 aut
2120 1091 2371 1147 Ninivcn.
2424 1095 2527 1147 Pro
2584 1098 2776 1151 eodem
2830 1099 2996 1152 etiam
3047 1101 3238 1155 habuit
3272 1108 3436 1159 Asse-

1861 1194 2078 1245 manus,
2110 1185 2252 1251 apud
2285 1200 2444 1253 quem
2472 1187 2625 1255 plura
2658 1188 2725 1242 de
2763 1188 2857 1244 illo
2894 1196 3229 1249 monasterio
3263 1196 3435 1251 videri

1859 1282 2139 1338 poterunt,
2178 1279 2419 1332 cumilla
2459 1281 2525 1333 ad
2578 1293 2830 1336 sanctum
2879 1283 3191 1341 Mattlueum
3250 1289 3436 1345 minus

1858 1364 2193 1432 pertineant.

1613 1725 1984 1835 ACTA

1116 1946 1392 2006 Auctore
1419 1942 1833 2024 Metophrasle
1870 1944 2216 2023 interprete
2255 1945 2511 2006 Sirleto.

612 2110 854 2174 (Gra’cum
883 2116 1074 2161 textum
1098 2112 1480 2162 exscribendum
1508 2115 1788 2163 curavimus
1814 2122 1876 2159 ex
1904 2110 2012 2159 cod.
2050 2124 2137 2158 ms.
2175 2111 2329 2159 Paris.
2368 2124 2415 2158 ιι.
2454 2111 2593 2162 1450.
2634 2113 2765 2163 Eutr.
2804 2114 2978 2179 Pun.)

233 2450 315 2499 A'.
358 2442 497 2510 Ἤδη
541 2441 636 2507 μὲν
674 2440 767 2513 τὴν
806 2442 957 2513 παρὰ
994 2440 1090 2495 to?
1121 2441 1421 2504 πλάσαντος
1466 2442 1613 2511 ἡμᾶς
1659 2440 1745 2493 δο-
1782 2453 1820 2506 Β

163 2536 357 2589 θεῖσαν
384 2533 747 2601 φυλάττοντες
779 2533 1020 2604 ἐντολὴν,
1044 2534 1142 2601 τῆς
1178 2533 1456 2601 μακαρίας
1488 2535 1545 2583 ὲν
1580 2549 1755 2601 παρα-

162 2630 334 2697 δείσῳ
361 2624 628 2695 οἰκήσεώς
656 2642 711 2676 τε
742 2627 832 2676 καὶ
860 2626 1131 2690 διαγωγῆς
1156 2624 1519 2691 ἀπελαύομεν,
1559 2623 1755 2683 παντὸς

161 2713 227 2772 οὗ
279 2735 426 2779 τινος
483 2715 577 2767 οὖν
612 2714 716 2767 τῶν
751 2717 876 2785 περὶ
921 2713 981 2767 τ),
1029 2714 1189 2782 σῶμα
1260 2711 1751 2785 ὑπερφρονοῦντες,

168 2815 355 2883 μόνοις
403 2829 463 2863 τε
498 2812 610 2872 τοῖς
643 2808 806 2872 θείοις
857 2810 1274 2879 ἐνασχολοῦντες
1325 2812 1418 2863 τὸν
1474 2809 1618 2875 νοῦν,
1663 2810 1757 2862 καὶ

161 2908 343 2960 ταῦτα
372 2905 631 2973 διηνεκῶς
667 2905 1083 2974 φανταζόμενοι,
1112 2906 1211 2975 ἤδη
1241 2906 1295 2959 δὲ
1328 2908 1417 2960 καὶ
1441 2908 1469 2958 δ
1491 2906 1589 2975 τῆς
1622 2906 1757 2973 πρὸς

160 2997 304 3048 θεὸν
339 2998 602 3066 πρότερον
633 2997 962 3061 οἰκειότητος
994 2996 1287 3064 ὀλισθήσας
1328 2996 1597 3057 διάϐολος,
1636 2996 1751 3065 ἅμα

166 3098 273 3157 μεν
297 3090 413 3148 οἵας
444 3086 792 3139 ἐκπεπτώκει
840 3086 937 3156 τῆς
970 3086 1130 3155 δόξης
1161 3084 1348 3147 εἰδώς·
1385 3087 1500 3155 ἅμα
1549 3088 1604 3139 δὲ
1660 3088 1754 3139 καὶ

165 3179 250 3247 τῷ
303 3178 628 3247 ἀνθρωπείῳ
694 3178 841 3244 γένει
895 3177 1371 3247 διαφθονούμενος.
1442 3178 1753 3230 Κάντεῦθεν

162 3269 328 3324 τοῦτο
357 3274 813 3337 συγκατενεγκεῖν
841 3271 1019 3339 ἐαυτῷ
1058 3273 1135 3331 εἰς
1173 3269 1444 3338 βάραθρον
1500 3269 1753 3337 μηχανώ-

172 3380 357 3431 μενος,
392 3366 469 3426 είς
501 3363 671 3432 λήθην
702 3362 798 3429 τῆς
848 3361 1066 3429 ἐντολῆς
1096 3360 1185 3411 τῆν
1218 3359 1505 3429 ἄνθρωπον
1552 3361 1751 3429 ῆγαγε,

166 3458 263 3507 καὶ
306 3459 334 3508 ὁ
370 3455 582 3522 πρῶτος
620 3453 897 3515 πλασθεὶς.
946 3452 1211 3523 ἐσυλήθη,
1247 3452 1371 3520 φεῦ»
1397 3452 1642 3515 ἐλεεινῶς
1664 3452 1753 3503 τὸν

165 3546 493 3611 παράδεισον
524 3561 538 3575 ·
569 3546 666 3597 οὐκ
720 3541 786 3615 ἦν
844 3547 897 3598 δὲ
940 3548 1043 3615 ἄρα
1102 3546 1194 3598 τοῦ
1232 3544 1534 3607 πλάσαντος
1580 3546 1748 3613 ἡμᾶς,

164 3636 245 3694 εἰς
278 3634 434 3686 τοῦτο
480 3634 750 3697 ἀπωλείας
785 3634 1210 3703 κατενεχθέντας
1242 3634 1522 3701 περιϊδεῖν,
1556 3634 1647 3684 καὶ
1693 3634 1753 3683 τὸ

166 3724 384 3793 πρῶτον
428 3727 800 3788 ἀποϐαλόντας
836 3725 1079 3793 ἀξίωμα,
1115 3725 1173 3777 ἐν
1202 3723 1373 3786 οὕτως
1415 3724 1595 3793 ἀτίμῳ
1646 3741 1749 3775 κα-

1922 2440 1963 2493 l.
2012 2440 2068 2493 Si
2124 2446 2453 2511 praeceptum
2513 2437 2665 2504 illud,
2717 2440 2861 2510 quod
2916 2440 2987 2495 ab
3028 2454 3126 2523 eo,
3183 2443 3274 2513 qui
3334 2460 3431 2503 nos

1859 2531 2129 2598 formavit,
2170 2533 2477 2603 iniunctum
2505 2535 2665 2589 nobis
2709 2534 2785 2605 (l)
2820 2534 2943 2599 fuit,
2991 2550 3207 2592 servare
3236 2540 3435 2594 voluis-

1857 2639 2058 2687 semus,
2120 2626 2275 2678 beata
2311 2626 2396 2679 illa
2431 2628 2668 2695 paradisi
2708 2628 3039 2681 habitatione
3076 2638 3133 2681 et
3184 2629 3288 2681 vita
3327 2632 3431 2684 frui

1857 2716 2016 2771 nobis
2041 2717 2304 2780 timuisset,
2330 2719 2623 2787 omniaque
2643 2734 2905 2789 corporea
2946 2721 3229 2775 commoda
3259 2724 3432 2791 negli-

1859 2821 2068 2881 gentes,
2101 2810 2231 2864 solis
2263 2810 2466 2865 divinis
2498 2816 2665 2865 rebus
2711 2822 2947 2867 mentem
2980 2828 3299 2886 occupatam
3336 2819 3433 2871 ha-

1862 2900 2138 2960 beremus,
2196 2915 2259 2953 ac
2312 2915 2405 2953 eas
2458 2902 2694 2955 assiduis
2744 2903 3168 2972 Cogitatimtibus
3218 2921 3433 2975 semper

1859 2990 2268 3044 meditaremur.
2299 2990 2436 3045 Cum
2466 2992 2572 3057 ille,
2620 2993 2711 3063 qui
2773 3008 2802 3045 a
2830 2994 3009 3049 divina
3066 2993 3431 3049 familiaritate

1858 3080 2019 3133 simul
2058 3090 2223 3149 atque
2256 3098 2284 3133 a
2314 3083 2481 3150 gloria
2516 3085 2735 3144 excidit,
2766 3086 2819 3137 in
2849 3100 2954 3152 qua
2984 3086 3133 3153 prius
3164 3096 3298 3147 crat,
3335 3104 3431 3155 ge-

1857 3172 1973 3225 neri
2008 3173 2245 3227 humano
2286 3174 2578 3237 invideret,
2620 3175 2688 3227 ob
2726 3176 2884 3244 idque
2914 3177 2978 3230 ad
3020 3193 3172 3231 suam
3209 3181 3424 3233 ruinam

1857 3277 2040 3315 secum
2068 3280 2171 3317 una
2200 3265 2455 3319 omnibus
2484 3268 2751 3319 machinis
2777 3268 2908 3321 illud
2946 3270 3283 3339 prmcipitare
3318 3282 3431 3324 stu-

1856 3353 2031 3413 deret,
2076 3365 2265 3407 auctor
2314 3355 2414 3407 fuit
2445 3357 2671 3419 homini,
2705 3369 2763 3409 ut
2794 3360 2951 3425 primi
2988 3359 3132 3413 illius
3172 3362 3427 3428 praeepti

1856 3443 2294 3499 oblivisceretur.
2356 3446 2541 3515 Itaque
2605 3446 2767 3502 homo
2827 3448 2962 3517 ipse,
3036 3451 3127 3519 qui
3183 3453 3427 3505 onmium

1848 3535 2064 3605 primus
2092 3530 2130 3590 a'
2178 3535 2288 3591 Deo
2341 3537 2606 3592 formatus
2682 3548 2785 3605 est,
2850 3542 3143 3596 miserabili
3193 3547 3427 3614 quodam

1857 3629 2039 3691 modo,
2074 3628 2434 3695 prohdolor!
2490 3631 2744 3700 paradiso
2809 3633 3048 3702 privatus
3117 3634 3239 3688 fuit.
3309 3636 3427 3688 Non

1859 3726 2035 3772 tamen
2072 3719 2264 3789 ipsius,
2297 3722 2387 3791 qui
2420 3738 2521 3777 nos
2565 3724 2838 3788 formavit,
2882 3726 3185 3797 benignitas
3253 3728 3425 3797 patie-

163 3816 413 3869 ταλιπεῖν
462 3818 525 3883 τῇ
562 3816 827 3886 διαγωγῇ.
864 3814 1001 3867 Ἀλλ’
1044 3814 1204 3877 αὐτὸς
1236 3814 1263 3866 ὁ
1300 3814 1376 3883 τῷ
1412 3814 1585 3883 Πατρὶ
1626 3830 1751 3864 συν-

1858 3811 2038 3875 batur,
2076 3819 2136 3864 ut
2170 3812 2233 3867 ad
2275 3822 2478 3867 tantam
2543 3814 2753 3869 ruinam
2826 3782 3059 3885 prolapsi
3119 3782 3429 3886 despicere-

163 3902 397 3974 ἄναρχος
426 3902 596 3971 Λόγος
627 3904 718 3955 καὶ
751 3904 1015 3966 συναῖδιος
1046 3903 1156 3957 τῶν
1200 3902 1481 3971 πατρικῶν
1511 3903 1754 3964 κενώσας

163 3993 381 4044 κόλπων
418 3995 611 4045 ἑαυτὸν
660 3995 754 4044 ἐπὶ
804 3996 1025 4064 μητέρα
1093 3993 1363 4065 παρθένον
1428 3994 1638 4046 κάτεισι
1687 3992 1757 4044 δι’

162 4066 261 4152 ἐμὲ
300 4084 391 4135 καὶ
418 4084 597 4151 σάρκα
632 4086 809 4153 φορεῖ,
863 4086 957 4137 καὶ
1006 4083 1187 4137 πάντα
1238 4083 1378 4153 πλὴν
1438 4084 1604 4153 μόνης
1654 4081 1754 4152 τῆς

162 4172 441 4241 ἁμαρτίας
470 4172 769 4243 ὑπέρχεται
800 4175 873 4228 τά
905 4177 1249 4251 ἀνθρώπινα,
1292 4178 1366 4239 ὡς
1398 4178 1464 4230 ἂν
1502 4179 1602 4249 τὴν
1655 4177 1754 4245 μὲν

161 4266 437 4336 ἁμαρτίαν
468 4265 633 4337 ἀνέλῃ
666 4268 863 4338 καινὴν
900 4268 955 4321 δέ
990 4286 1118 4320 τινα
1172 4269 1312 4338 πρὸς
1348 4270 1613 4336 οὐρανοὺς
1647 4270 1750 4319 ἐπι

156 4360 340 4414 ἄνοδον
367 4362 478 4420 τοϊς
502 4359 594 4411 ἐπὶ
620 4362 721 4428 γῆς
750 4359 1030 4429 ὑποδείξῃ.
1081 4360 1236 4414 Ἐπεὶ
1266 4360 1322 4413 δὲ
1355 4360 1447 4415 καὶ
1475 4359 1755 4426 διακόνους

1491 4446 1568 4507 ὧν
1590 4471 1647 4506 τε
1685 4452 1753 4505 τά

156 4452 295 4519 πρὸς
324 4450 482 4500 τοῦτο
519 4450 610 4500 καὶ
662 4450 941 4519 ὑπηρέτας
974 4453 1125 4522 ἔχειν
1156 4455 1347 4524 ἐχρῆν,
1380 4456 1447 4506 δι’

154 4541 253 4603 τῆς
305 4537 620 4607 οίκονομίαι,
678 4540 769 4592 καὶ
820 4540 929 4595 τῶν
985 4545 1308 4613 μυστηρίων
1358 4545 1749 4614 ἀνακαλύψειε,

154 4630 245 4683 καὶ
288 4629 427 4701 πρὸς
469 4630 738 4701 σωτηρίας
782 4633 903 4685 ὁδὸν
936 4635 1065 4695 τοὺς
1115 4635 1444 4705 ἀνθρώπους
1477 4653 1748 4705 χειραγω·

153 4722 366 4793 γήσειε,
429 4722 817 4791 προσκαλεῖται
883 4723 983 4792 μὶν
1031 4723 1291 4795 Ἀνδρέας
1345 4727 1436 4779 καὶ
1494 4726 1741 4795 Πέτρος,

151 4810 290 4879 μετά
353 4808 410 4862 δὲ
447 4808 669 4871 τούτους
734 4809 990 4876 Ἰάκωὸδς
1041 4828 1099 4863 τε
1147 4812 1244 4865 καὶ
1299 4812 1569 4882 Ἰωάννης,
1626 4810 1743 4866 εἷτα

150 4901 445 4962 θίατθαῖος,
488 4901 516 4952 ὀ
540 4899 632 4952 νῦν
660 4900 793 4969 ἡμῖν
822 4901 1084 4964 ὑπόθεσις
1118 4902 1217 4955 ὧν.

1855 3917 2001 3963 tnur,
2041 3917 2217 3971 neque
2248 3913 2326 3966 ut,
2362 3905 2534 3972 prima
2590 3906 2679 3958 illa
2737 3906 2995 3976 dignitate
3043 3907 3260 3971 amissa,
3318 3916 3425 3961 tam

1856 3993 2077 4062 ignobili
2131 4003 2275 4047 statu
2307 3996 2655 4049 condemnati
2695 3997 3149 4064 relinquerentur.
3198 3994 3293 4051 ille
3327 3997 3423 4065 igi-

1856 4092 1941 4136 tur
1985 4084 2136 4155 ipse,
2194 4084 2286 4153 qui
2355 4084 2421 4139 ab
2460 4085 2612 4139 initio
2646 4102 2769 4140 cum
2823 4085 2979 4140 Patre
3041 4101 3255 4154 semper
3303 4086 3423 4151 fuit,

1854 4177 1949 4246 qui
1995 4186 2298 4231 coaeternus
2324 4186 2429 4243 est,
2490 4193 2556 4231 ex
2609 4189 2837 4246 paterno
2886 4178 3005 4233 sinu
3065 4177 3426 4241 descendens,

1856 4268 2092 4331 seipsum
2142 4268 2465 4330 exinanivit,
2519 4278 2571 4321 et
2595 4280 2819 4338 propter
2850 4269 3071 4322 humani
3102 4270 3316 4338 generis
3335 4286 3423 4323 sa—

1852 4360 2017 4414 lutem
2070 4368 2298 4415 matrem
2344 4360 2618 4431 Virginem
2655 4362 2843 4425 subiit,
2903 4377 3119 4417 carnem
3174 4364 3419 4431 gestavit,

1854 4461 1910 4507 et
1941 4452 2178 4529 humana
2220 4453 2400 4507 omnia
2428 4454 2695 4507 sustinuit
2725 4466 2921 4522 praeter
2945 4467 3222 4525 peccatum
3267 4476 3280 4512 :
3325 4458 3422 4511 huc

1853 4556 2010 4595 mana
2037 4542 2183 4595 enim
2229 4547 2413 4596 omnia
2469 4545 2726 4613 suscepit,
2775 4556 2834 4600 ut
2897 4560 3174 4617 peceatum
3232 4550 3425 4608 mundi

1852 4633 2087 4696 tolleret,
2111 4644 2167 4689 et
2208 4632 2314 4701 his,
2344 4635 2434 4704 qui
2466 4644 2594 4689 sunt
2629 4636 2680 4688 in
2714 4646 2876 4699 terra,
2899 4653 3095 4693 novum
3127 4644 3417 4710 quemdam

1852 4725 1917 4779 ad
1958 4724 2125 4779 ccelos
2165 4723 2370 4776 aditum
2400 4736 2753 4795 praepararet.
2813 4726 3079 4795 Quoniam
3127 4748 3254 4786 vero
3300 4734 3418 4802 ejus

1850 4817 1927 4870 rei
1956 4817 2235 4870 ministros
2268 4814 2472 4872 habere
2502 4821 2763 4887 oportuit,
2790 4836 2887 4890 per
2917 4837 3054 4892 quos
3092 4824 3291 4877 divina:
3338 4824 3421 4879 di-

1849 4908 2213 4977 spensationis
2268 4918 2322 4963 et
2376 4912 2756 4981 mysteriorum
2797 4912 3135 4983 disciplinam
3188 4913 3327 4969 Deus
3365 4927 3424 4969 e:

151 4988 503 5061 patefaceret,
548 4999 710 5058 atque
781 4992 1042 5048 homines
1085 4994 1235 5063 ipsos
1273 4997 1339 5049 ad
1410 4996 1600 5051 salutis
1639 4997 1776 5051 viam
1819 4998 2164 5067 perduceret,
2194 5000 2265 5054 ob
2328 5016 2446 5054 eam
2493 5018 2709 5056 causam
2762 5006 2937 5058 vocati
2982 5013 3106 5057 sunt
3152 5004 3416 5065 Andreas.

152 5084 366 5147 Petrus,
399 5079 655 5145 laeebus,
688 5083 938 5169 Joannes
969 5097 1031 5141 et
1068 5085 1382 5154 Mattbaeus,
1414 5090 1606 5159 dequo
1629 5094 1914 5150 nobishoc
1951 5095 2068 5150 loco
2100 5097 2388 5151 dicendum
2437 5110 2539 5154 est.

218 5174 293 5230 B'.
326 5168 495 5237 Οὗτος
517 5174 696 5227 τοίνυν
719 5177 746 5227 ὁ
784 5158 882 5228 τοῦ
917 5160 1165 5249 Χριστοῦ
1205 5179 1458 5251 μαθητὴς
1502 5158 1746 5253 ὕστερον,
1776 5187 1827 5247 D

146 5268 384 5337 τελώνης
447 5265 555 5335 πρό
631 5306 647 5324 .
727 5307 742 5323 .
829 5290 873 5321 ο·
926 5309 941 5324 .
1026 5307 1043 5323 .
1124 5309 1139 5324 .
1218 5274 1311 5325 καὶ
1368 5275 1558 5343 χρημά
1636 5314 1648 5328 .
1730 5314 1743 5328 .

507 5396 522 5410 .
601 5360 1075 5433 τωρκαὶλογιστ
1160 5400 1174 5415 .
1254 5402 1268 5415 .
1348 5402 1363 5416 .
1443 5405 1456 5418 .
1538 5404 1553 5419 .
1631 5404 1645 5418 .
1728 5404 1739 5417 .

148 5453 238 5503 καὶ
299 5458 485 5522 πάσης
536 5454 601 5505 ὲν
678 5496 692 5509 .
777 5494 792 5509 .
876 5496 891 5511 .
974 5494 989 5509 .
1071 5494 1086 5509 .
1170 5498 1183 5511 .
1267 5497 1279 5511 .
1363 5459 1572 5526 στήρης
1648 5462 1741 5511 καὶ

216 5630 519 5701 (|)Nobis,
545 5632 599 5687 in
668 5636 849 5703 primo
903 5636 1164 5690 nimirum
1229 5644 1455 5702 parente
1512 5633 1739 5688 Adamn.

149 5702 259 5758 Hoc
304 5710 494 5755 autem
545 5702 769 5760 initium
810 5710 971 5760 modo
1002 5704 1252 5759 nonnihil
1286 5706 1505 5759 diverso
1548 5703 1742 5759 Latine

150 5787 473 5844 expressum
494 5789 617 5829 esse
653 5778 797 5844 apud
832 5776 1215 5845 Lipomanum,
1249 5786 1377 5827 tom.
1412 5771 1473 5834 V,
1500 5773 1737 5837 fol.l.'57,

153 5848 392 5913 indeque
424 5846 729 5903 credidisse
754 5846 986 5913 aliquos,
1022 5846 1122 5898 alia
1158 5859 1278 5899 esse
1311 5847 1462 5907 Acta,
1493 5857 1611 5911 qua:
1636 5845 1732 5898 dc-

1926 5185 1991 5239 11.
2022 5186 2635 5257 Hic,inquam,(lhristi
2697 5193 3015 5264 discipulus,
3070 5195 3196 5249 olim
3238 5195 3413 5251 fuerat

1827 5276 2189 5344 publicanus,
2246 5281 2603 5348 pecuniarum
2652 5292 2869 5337 exactor
2917 5295 2972 5339 et
3043 5285 3410 5349 ratiocinator,

1846 5369 2047 5436 quippe
2079 5368 2170 5437 qui
2201 5385 2392 5424 (unnes
2437 5382 2682 5440 qurestus
2727 5374 2959 5431 faciendi
3002 5376 3117 5430 vias
3171 5388 3223 5430 ct
3268 5388 3412 5431 artes

1840 5467 2085 5521 noverat,
2130 5460 2329 5516 mentis
2354 5463 2670 5529 acrimonia,
2727 5468 3003 5536 multoque
3060 5483 3245 5521 rerum
3308 5484 3408 5521 usu

1848 5640 1927 5712 dit
1968 5639 2320 5711 Lipomanus,
2352 5644 2603 5699 adnotavi
2639 5644 2692 5699 in
2726 5643 3129 5701 Commentario
3149 5664 3297 5702 num.
3323 5653 3406 5712 llo,

1848 5710 2289 5782 ibiqueostendi,
2318 5719 2451 5770 Acta
2490 5730 2613 5771 esse
2646 5714 2857 5781 eadem,
2901 5720 3143 5773 diversos
3170 5735 3294 5775 vero
3329 5710 3407 5774 in¥

1849 5791 2135 5850 terpretes.
