4150 6488
735 399 843 462 8i5

737 514 809 567 ita
851 520 1136 581 prestans,
1180 519 1235 566 ut
1267 513 1409 566 inter
1443 511 1758 584 publicanos
1794 513 2096 584 principem
2121 515 2298 572 locum
2330 521 2374 579 Α
2403 521 2563 590 τέχνη

738 610 949 655 teneret
972 601 1069 672 (‘2).
1107 601 1296 656 Postea
1332 617 1462 658 vero
1522 618 1684 672 quam
1736 619 1830 674 pro
1889 605 2060 660 salute
2120 607 2306 660 mundi

737 693 988 750 Christus
1035 694 1290 749 Dominus
1326 697 1378 748 in
1423 705 1562 750 terra
1615 697 1816 751 versari
1849 697 2017 766 erepit
2067 698 2305 767 (videte,

736 801 939 856 quaeso,
977 790 1340 858 repentinam,
1379 789 1631 853 celerem,
1664 789 2032 844 admirabilem
2071 800 2125 845 et
2152 792 2310 861 plane

740 879 980 936 divinam
1051 881 1292 935 hominis
1348 880 1810 946 conversionem),
1839 897 1961 941 cum
2011 883 2311 951 praeteriret

735 973 1051 1040 aliquando,
1085 983 1140 1025 et
1173 973 1394 1027 intimas
1434 972 1613 1028 cordis
1644 983 1826 1044 partes
1871 975 2166 1044 iliSpiCerci
2207 976 2309 1040 ho,-

738 1063 902 1117 minis
947 1064 996 1115 in
1036 1063 1235 1118 telonio
1255 1063 1515 1129 sedentis,
1549 1079 1782 1135 cumque
1818 1065 2038 1120 virtutis
2070 1067 2308 1120 studium

737 1165 900 1223 atque
943 1154 1189 1209 ardorem
1240 1155 1291 1208 in
1332 1156 1451 1225 ejus
1482 1156 1667 1211 animo
1714 1155 2000 1215 latentem.
2036 1167 2092 1209 ut
2126 1172 2308 1210 rerum

739 1249 1075 1302 occultarum
1113 1249 1358 1318 cognitor
1402 1257 1456 1302 et
1514 1247 1697 1303 cordis
1732 1258 2127 1318 perscrutator,
2168 1249 2308 1304 bene

736 1352 1109 1412 cognosceret,
1147 1352 1201 1394 et
1269 1341 1572 1408 qualisnam
1622 1355 1686 1394 ex
1727 1354 1814 1403 eo,
1859 1342 1951 1409 qui
1997 1348 2124 1394 tunc
2169 1350 2305 1404 erat,

650 1423 654 1430 ’
737 1442 924 1503 postea
971 1431 1188 1485 futurus
1261 1442 1426 1494 esset,
1469 1429 1671 1500 optime
1727 1431 2089 1501 prospiceret,
2158 1428 2305 1484 illum

738 1525 968 1588 vocavit,
998 1540 1058 1577 ac
1083 1525 1235 1594 sequi
1262 1539 1320 1578 se
1347 1524 1528 1594 jussit.
1557 1524 1646 1578 Sic
1671 1523 1814 1578 enim
1835 1524 1902 1577 de
1935 1523 2023 1576 illo
2050 1525 2306 1593 scripturn

736 1618 965 1687 legimus
999 1637 1013 1672 :
1049 1635 1067 1668 ι
1098 1617 1230 1670 Cum
1269 1617 1522 1670 transiret
1555 1613 1735 1679 Jesus,
1763 1615 1897 1670 vidit
1929 1616 2304 1686 publicanum,

740 1710 964 1764 nomine
995 1708 1146 1770 Levi,
1186 1709 1239 1762 in
1295 1709 1496 1763 telonio
1557 1708 1861 1770 sedentem,
1909 1711 2067 1779 eique
2117 1711 2247 1764 dixit
2292 1728 2304 1763 :

737 1802 974 1872 Sequere
1009 1815 1114 1855 me.
1181 1820 1197 1851 ι
1237 1800 1327 1854 Ille
1365 1814 1490 1854 vero
1553 1814 1656 1852 non
1726 1801 2076 1869 pecuniarum
2132 1804 2306 1871 copia,

735 1911 843 1948 non
880 1910 1092 1950 eorum.
1137 1894 1226 1962 qui
1267 1892 1718 1956 circumstabant,
1778 1893 2151 1958 multitudine,
2199 1908 2306 1948 non

740 2000 951 2042 terrena
988 1997 1041 2041 et
1084 1985 1254 2057 fragili
1290 1985 1451 2055 hujus
1484 1986 1671 2039 mundi
1705 1986 1874 2055 gloria
1910 1987 2164 2041 detentus
2187 2000 2265 2041 est
2294 2006 2308 2054 ;

738 2081 872 2135 nihil
897 2080 1130 2148 denique
1162 2079 1377 2132 illorum
1399 2078 1645 2132 omnium
1674 2079 1905 2140 curavit,
1931 2079 2120 2146 quzcin
2151 2083 2310 2134 terris

740 2175 1030 2229 humanam
1091 2179 1330 2225 mentem
1389 2169 1636 2224 servituti
1688 2169 1978 2240 subjicere,
2043 2179 2098 2224 et
2135 2173 2200 2224 ad
2255 2185 2312 2224 se

738 2263 1017 2318 attrahere
1057 2262 1236 2315 solent
1279 2278 1290 2313 :
1323 2261 1416 2315 sed
1455 2261 1547 2326 ita,
1583 2268 1641 2314 ut
1673 2269 1810 2323 erat,
1839 2260 2022 2314 statim
2053 2263 2310 2326 surrexit,

737 2365 792 2409 et
818 2365 1041 2409 secutus
1067 2361 1151 2407 est
1201 2352 1511 2406 Dominum.
1566 2349 1684 2404 Non
1741 2352 1897 2420 longa
1953 2351 2201 2406 oratione
2235 2351 2312 2404 illi

738 2461 876 2517 opus
908 2444 1030 2511 fuit,
1064 2458 1244 2514 neque
1279 2442 1449 2499 multo
1481 2451 1746 2512 tempore.
1786 2456 1896 2496 non
1926 2442 2313 2497 miraculorum

739 2539 1104 2610 speetatione,
1136 2552 1247 2590 non
1296 2535 1531 2605 denique
1575 2535 1922 2605 diligentiore
1975 2544 2068 2589 aut
2108 2536 2316 2589 diutur-

739 2634 893 2687 niore
926 2631 1363 2693 consuetudine;
1396 2629 1489 2684 sed
1550 2644 1672 2682 eum
1719 2629 1958 2700 primum
2017 2628 2313 2698 aptabilem

735 2725 882 2778 illam
909 2733 963 2777 et
992 2721 1287 2793 jucundam
1318 2737 1506 2776 vocem
1565 2721 1791 2784 audivit,
1831 2740 1849 2772 ι
1896 2722 2135 2791 Sequere
2162 2737 2302 2781 me,»

734 2817 920 2872 statim
971 2814 1232 2870 telonium
1275 2813 1584 2883 dereliquit,
1637 2824 1687 2868 et
1752 2813 2027 2883 exigendae
2063 2812 2308 2882 pecuniae

736 2910 936 2973 socios,
1015 2921 1346 2975 omnemque
1454 2906 1680 2960 honoris
1757 2905 1971 2975 pristini
2041 2903 2309 2973 cupidita—

1960 403 2244 468 MENSIS
2282 408 2570 471 SEPTEM
2584 410 2755 470 BER.

2645 560 2658 573 .
2739 558 2752 573 .
2835 558 2849 573 .
2928 559 2942 570 .
3023 560 3035 571 .
3117 515 3624 586 .μενος,καὶνοδς
3703 553 3718 569 .
3804 554 3819 569 .
3905 556 3920 569 .

2488 654 2500 666 .
2583 652 2594 665 .
2677 654 2689 666 .
2771 651 2784 664 .
2867 650 2880 664 .
2957 610 3048 662 καὶ
3097 609 3438 678 πραγμάτων
3473 607 3847 678 πολυπειρία.
3897 608 3992 677 τὴν

2413 704 2636 774 πρώτην
2669 704 2818 773 παρὰ
2845 700 3103 764 τελώναις
3148 701 3299 760 τάξιν
3337 701 3550 768 ὲττέχων
3581 715 3594 730 ·
3628 701 3751 752 ἐπεὶ
3782 699 3840 752 et
3895 701 3993 760 τὶς

2413 797 2505 848 ἐπι
2557 795 2803 866 σωτηρίᾳ
2843 794 2936 849 τοῦ
2973 794 3180 862 κόσμου
3217 792 3494 862 διατριϐὰς
3537 793 3685 844 κατὰ
3709 793 3817 858 γῆν
3847 785 3992 858 εἶχεν

2413 889 2441 940 ὁ
2511 887 2716 957 Κύριος
2777 888 2958 956 (ῥςᾶτε
3009 886 3069 938 τδ
3143 885 3240 953 τῆς
3293 884 3592 953 μεταϐολῆς
3643 883 3740 934 τοῦ
3802 882 3990 950 ἀνδρος

2413 979 2604 1048 ἁθρόον
2629 977 2702 1039 ὡς
2720 977 2987 1046 ὑπερφυὲς
3011 977 3103 1028 καὶ
3134 974 3474 1040 παράδοξον),
3503 971 3562 1026 '0
3586 973 3684 1042 μὲν
3710 973 3822 1041 γὰρ
3854 978 3991 1038 παρε

2415 1073 2564 1141 ἀγων
2617 1071 2692 1142 τῷ
2744 1069 2897 1141 βάθει
2965 1071 3064 1139 τῆς
3125 1069 3218 1121 τοῦ
3274 1068 3468 1137 ἀνδρδς
3518 1068 3752 1138 καρδίας
3823 1068 3986 1121 ὲνιῑδε

2418 1161 2568 1232 παρὰ
2617 1163 2681 1216 τὸ
2737 1161 2990 1214 τελώνιον
3049 1159 3495 1229 προκαθημένου.
3555 1158 3648 1210 καὶ
3701 1157 3796 1208 τὶν
3857 1157 3985 1207 om-

2413 1252 2724 1320 καθήμενον
2785 1251 2882 1321 τῆς
2943 1251 3142 1322 ἀρετῆς
3194 1248 3342 1318 αὖτῴ
3400 1247 3563 1317 ζῆλον
3611 1240 3698 1299 οἷα
3736 1244 3986 1312 γνώστης

2414 1343 2664 1412 κρυφίων
2693 1342 2788 1396 καὶ
2821 1340 3062 1411 καρδιῶν
3099 1342 3393 1410 ἐξεταστὴς
3431 1338 3680 1410 ἀκριϐῶς
3726 1336 3985 1403 ἐγνωκὼς

2412 1436 2506 1487 καὶ
2558 1429 2670 1497 οἷος
2725 1433 2790 1487 ἂν
2837 1434 2896 1498 ἐξ
2927 1433 3038 1485 οἷον
3086 1432 3292 1498 γένοιτο
3333 1430 3620 1501 προειδὼς,
3675 1429 3840 1482 καλεῖ
3893 1428 3986 1496 μὲν

2412 1527 2574 1577 αὑτὸν
2597 1524 2911 1578 ἀκολουθεῖν
2937 1523 3334 1592 ἐντελλόμενος.
3365 1541 3382 1572 ι
3413 1522 3685 1591 Παράγων
3716 1520 3853 1588 γὰρ,
3885 1535 3984 1586 φη-

2414 1617 2518 1682 σιν,
2550 1618 2577 1669 ὁ
2621 1615 2828 1685 Ἰησοῦς
2859 1612 2996 1668 εἶδεν
3027 1614 3159 1666 Λενῖ
3192 1613 3282 1666 τὸν
3314 1612 3592 1666 Ματθαίον
3616 1614 3708 1663 ἐπὶ
3737 1612 3801 1664 τὸ
3826 1610 3988 1662 τελώο

2415 1727 2525 1761 νιον
2557 1709 2890 1779 καθήμενον,
2938 1709 3031 1760 καὶ
3055 1707 3205 1773 λέγει
3241 1704 3419 1772 αὐτῷ’
3465 1703 3773 1756 Ἀκολούθει
3821 1719 3928 1770 μοι.
3965 1720 3981 1751 ι

2423 1800 2480 1851 ὐ
2540 1783 2717 1854 δὲόὑ
2777 1799 3078 1871 χρημάτων
3133 1796 3366 1868 πληθὺν,
3418 1798 3478 1850 οὐ
3550 1796 3988 1866 περιεστηκότων

2410 1894 2589 1962 θὶκλον,
2626 1895 2686 1946 οὗ
2722 1893 2820 1962 τὴν
2860 1895 3034 1962 χαμαὶ
3084 1892 3386 1964 συρομένην
3441 1888 3600 1954 δόξαν
3647 1888 3862 1956 ταύτην
3896 1888 3984 1938 καὶ

2414 1989 2664 2059 ῥέουσαν,
2695 1989 2794 2056 οὑχ
2826 1988 2930 2047 ὅσα
2967 1987 3071 2046 τῶν
3102 1986 3230 2058 τῇδε
3275 1982 3744 2039 καταδουλοῦσθαι
3775 1998 3838 2034 τε
3889 1981 3978 2032 τὸν

2412 2081 2537 2134 νοῦν
2572 2079 2666 2134 καὶ
2703 2078 3124 2151 σφετερίζεσθαι
3173 2080 3384 2148 πέφυκε
3425 2078 3487 2131 τὸ
3518 2075 3790 2146 παράπαν
3841 2071 3989 2126 οὐδὲν

2412 2173 2900 2242 ὑπολογισάμενος,
2934 2172 3006 2234 ὼς
3043 2168 3189 2242 εἶχεν
3234 2171 3398 2232 εὐθὺς
3428 2170 3692 2230 ἀναστὰς.
3725 2167 3850 2220 οὔτε
3887 2183 3986 2234 paro

2413 2265 2562 2336 κρῶν
2599 2263 2793 2334 ἐδεήθη
2822 2261 3016 2331 λόγων,
3047 2261 3172 2314 οὗτε
3207 2261 3400 2332 χρόνον
3428 2259 3646 2330 συχνοῦ.
3702 2255 3846 2322 ᾍλῖ
3869 2257 3984 2308 οὐδὲ

2413 2357 2708 2428 θαυμάτων
2744 2356 2871 2419 θέας
2919 2356 3037 2410 οὐδὲ
3086 2355 3421 2426 τελεωτέρας
3457 2355 3557 2426 τῆς
3611 2351 3840 2420 ὁμιλίας
3897 2351 3988 2401 καὶ

2415 2450 2682 2513 πλείονος.
2717 2448 2853 2503 ἀλλὰ
2884 2449 3043 2518 μόνον
3075 2447 3147 2512 ὡς
3179 2448 3278 2518 τῆς
3310 2447 3566 2510 εὐκταίας
3595 2444 3813 2513 ἑκείνης
3843 2441 3988 2512 αὐτῷ

2414 2544 2596 2612 φωνῆς
2627 2541 2723 2594 καὶ
2743 2540 2921 2611 ἡδείας
2953 2530 3207 2610 ἤκουσεν,
3243 2559 3261 2590 ι
3285 2537 3595 2592 ’Λκολούθει
3631 2553 3746 2603 μοι,
3773 2555 3790 2586 ι
3817 2551 3986 2586 κατα-

2413 2633 2589 2685 λείπει
2630 2634 2730 2701 μὲν
2761 2633 2820 2684 τὸ
2850 2630 3110 2683 τελώνιον
3142 2631 3365 2692 αὐτίκα,
3401 2627 3734 2682 καταλείπει
3774 2626 3832 2677 δὲ
3864 2625 3987 2684 τοὺς

2419 2726 2873 2794 συμπράκτορας,
2907 2723 3333 2791 συγκαταλείπει
3363 2723 3417 2774 δὲ
3451 2721 3546 2774 καὶ
3579 2720 3684 2789 τὴν
3728 2720 3861 2789 περὶ
3892 2719 3987 2770 au-

2417 2818 2509 2869 τὶν
2564 2819 2746 2868 πᾶσαν
2800 2817 3134 2885 φιλοτιμίαν,
3187 2815 3283 2866 καὶ
3331 2815 3576 2882 ἀργύρου
3618 2813 3831 2874 παντὸς
3896 2809 3988 2862 καὶ

2417 2922 2518 2975 χρυ
2533 2905 2620 2958 τοῦ
2649 2906 2738 2958 τὸν
2773 2905 3074 2974 πολύτιμον
3107 2905 3328 2958 ὠνεῖται
3362 2905 3736 2976 μαργαρίτην.

737 3013 844 3057 tem
901 3001 1115 3070 abjeeit,
1170 3013 1233 3053 ae
1300 3005 1410 3052 ιοιυ
1468 2998 1554 3052 illo
1599 3005 1822 3069 argento
1861 3005 1912 3051 et
1947 3011 2100 3062 auro,
2142 2997 2284 3066 quod
2328 3007 2489 3052 antea
2551 2997 2888 3067 possidebat,
2959 2997 3646 3068 pretiosammargaritarn
3718 3006 3992 3050 mercatus

739 3109 842 3154 εει.

813 3189 904 3243 ιιι.
953 3188 1029 3243 Ita
1077 3187 1166 3256 qui
1209 3184 1339 3239 Levi
1400 3192 1558 3239 antea
1596 3183 1909 3250 dicebatur,
1969 3198 2090 3238 cum
2128 3194 2307 3236 mores

2483 3168 2732 3233 Γ’.Οὖτω
2765 3176 2926 3243 Δενῖς
2953 3177 3042 3232 τὸν
3069 3178 3268 3250 τρόπον
3289 3179 3606 3248 θαυμασίωτ
3640 3183 3988 3250 μεταϐαλὼνν

737 3281 1000 3354 pristinos
1066 3277 1459 3335 admirabiliter
1538 3276 1878 3342 mutavisset,
1948 3275 2307 3347 appellatione

737 3387 955 3446 quoque
983 3371 1264 3442 superiore
1317 3378 1543 3434 mutata,
1581 3367 1864 3422 Mattbaaus
1899 3367 2077 3422 dictus
2103 3376 2183 3421 est
2205 3364 2304 3436 (3),

737 3468 828 3539 qui
858 3466 1113 3534 deinceps
1136 3479 1258 3518 cum
1309 3462 1427 3531 ipso
1455 3460 1583 3515 Jesu
1625 3460 1960 3524 versabatur,
1987 3460 2058 3513 ita
2082 3468 2158 3524 ut,
2180 3473 2307 3512 cum

741 3567 927 3627 postea
955 3555 1208 3608 Christus
1237 3554 1351 3622 ipse
1385 3554 1436 3604 iu
1472 3552 1591 3621 ejus
1623 3551 1784 3605 domo
1824 3549 2305 3626 recumberetmua

739 3666 862 3706 cum
895 3649 986 3703 illo
1018 3657 1074 3702 ct
1126 3645 1411 3702 Matth-aus
1461 3643 1819 3699 discubuerit.
1855 3642 1966 3709 Qua
1995 3642 2060 3698 de
2098 3657 2153 3697 re
2181 3657 2305 3696 cum

743 3737 996 3795 Pharisaei
1031 3737 1366 3800 dubitarent,
1421 3745 1474 3786 et
1521 3736 1587 3786 ab
1617 3733 1734 3801 ejus
1780 3731 2057 3800 discipulis
2101 3745 2308 3799 quaere-

741 3843 884 3896 rent,
939 3845 1170 3886 curnatn
1241 3839 1430 3881 eorum
1485 3823 1738 3894 Magister
1813 3836 1936 3876 cum
2003 3820 2308 3890 publicanis

737 3927 918 3981 cibum
949 3930 1189 3980 sumeret
1223 3935 1238 3974 :
1269 3919 1378 3984 ille,
1413 3919 1494 3974 his
1527 3916 1750 3980 auditis,
1783 3915 2095 3987 rcSpondit:
2137 3933 2154 3965 ι
2187 3913 2305 3968 Νοη

736 4033 875 4088 Opus
947 4015 1154 4070 habent
1204 4013 1442 4076 medico,
1490 4011 1580 4079 qui
1641 4011 1776 4063 bene
1830 4007 2031 4071 valent,
2083 4009 2176 4061 sed
2215 4006 2306 4076 qui

739 4109 876 4163 male
902 4121 960 4162 sc
1006 4104 1229 4160 habent.
1281 4121 1298 4152 ι
1363 4101 1495 4155 Item
1538 4099 1668 4152 illud
1707 4115 1718 4150 :
1775 4117 1791 4149 ι
1837 4098 2041 4151 Euntcs
2095 4096 2306 4158 discite,

738 4201 866 4272 quid
907 4202 998 4266 sit,
1035 4195 1462 4251 Misericordiam
1496 4192 1638 4258 volo,
1675 4199 1729 4245 et
1755 4205 1862 4244 non
1894 4187 2241 4245 sacriﬁcium.
2287 4206 2304 4238 δ

738 4295 852 4359 Qua
888 4307 943 4346 re
997 4289 1316 4351 declaravit,
1350 4300 1408 4340 se
1448 4282 1682 4348 venisse,
1734 4299 1842 4338 non
1878 4291 1935 4337 ut
1984 4282 2163 4353 juslos
2193 4293 2312 4334 om-

742 4390 892 4449 nino,
937 4383 1030 4438 sed
1082 4391 1141 4436 ut
1171 4387 1492 4450 peceatores
1525 4379 1588 4430 ad
1611 4375 1985 4446 ptcnitentiam
2031 4373 2306 4428 invitaret.

740 4475 817 4530 Ex
871 4476 964 4530 illo
991 4485 1233 4542 tempore
1260 4468 1548 4523 Mattheus
1585 4470 1656 4522 ita
1694 4466 1956 4520 mundum
1993 4465 2302 4534 dereliquit,

2411 3274 2490 3335 είς
2525 3271 2806 3325 Ματθαίον
2839 3272 2934 3325 καὶ⁵
2956 3272 3052 3342 τὴν
3078 3271 3451 3342 προσηγορίαν
3487 3272 3790 3340 ἠλλάξατο,
3849 3275 3989 3328 ὥστε

2413 3363 2505 3418 καὶ
2542 3363 2886 3433 ἀνακειμένῳ
2909 3364 3048 3434 μετὰ
3078 3364 3251 3417 ταῦτα
3293 3367 3351 3416 ἐν
3384 3367 3449 3436 τῇ
3484 3364 3634 3436 οἰκίᾳ
3680 3366 3757 3436 τῷ
3788 3366 3988 3440 Ἰησοῦ,

2413 3455 2836 3508 συνανακεῖσθαι
2860 3457 3008 3525 αὺτῷ
3043 3459 3150 3512 καὶ.
3183 3457 3480 3522 λιατθαίον,
3529 3457 3616 3527 ἐν’
3646 3451 3691 3528 ᾧ
3718 3460 3994 3530 διαπορεῖ·-

2413 3551 2534 3604 σθαι
2567 3553 2692 3610 τοὺς
2721 3547 3077 3619 Φαρισαίους,
3112 3548 3206 3599 καὶ
3236 3547 3707 3602 ἀναπυνθάνεσθαι
3740 3552 3856 3604 τῶν
3883 3571 3990 3621 μαι

2411 3641 2590 3710 θητῶν
2646 3660 2658 3673 ·
2694 3643 2759 3694 Τί
2787 3641 2928 3707 δῆτα
2968 3639 3106 3709 μετὰ
3133 3638 3381 3692 τελωνῶν
3423 3641 3451 3692 ὁ
3479 3639 3805 3706 διδάσκαλε-ς
3840 3644 3994 3714 ὑμῶν

2411 3733 2611 3799 ἐσθίεις
2638 3733 2729 3786 τὸν
2761 3733 2816 3786 δὲ
2845 3733 3155 3788 ἀκούσαντα
3185 3735 3372 3803 φάναι,
3409 3753 3426 3786 ι
3458 3735 3534 3789 Οὐ
3561 3734 3753 3806 χρείαν
3776 3734 3994 3806 ἔχουσιν

2411 3829 2459 3881 οἱ
2497 3827 2772 3898 ίσχύοντες
2810 3825 3018 3896 ἰατροῦ,
3073 3827 3192 3879 ἀλλ’
3219 3828 3268 3879 οἱ
3305 3827 3492 3890 κακῶς
3521 3828 3761 3899 ἔχοντες.
3802 3850 3822 3883 ι
3861 3832 3992 3897 Καὶ,

2419 3941 2435 3970 ι
2465 3920 2827 3991 Πορευθέντες
2854 3919 3052 3988 μάθετε
3076 3919 3128 3972 τί
3151 3919 3516 3974 tete/"Eleo:
3533 3922 3674 3974 θέλω
3697 3925 3795 3976 καὶ
3814 3925 3878 3978 οὐ
3902 3925 3994 3979 θυι

2414 4014 2555 4067 σίαν.
2586 4032 2603 4064 ι
2635 4013 2676 4065 Τ
2684 4013 2698 4066 ί
2731 4013 2888 4065 τοῦτο
2917 4012 3210 4084 δηλῶν,ὡς
3241 4014 3301 4066 οὐ
3331 4013 3573 4078 δικαίους
3595 4009 3728 4087 ἦλθε
3762 4019 3994 4072 καλέσαι

2414 4106 2653 4169 πάντως,
2674 4103 2807 4158 ἀλλὰ
2832 4105 3192 4174 ἁμαρτωλοὺς
3217 4107 3296 4170 είς
3337 4109 3648 4172 μετάνοιαν.
3700 4109 3988 4164 Ἐντεῦθεν

2416 4197 2744 4270 σταυροῦται
2778 4199 2877 4269 μὲν
2907 4199 2934 4250 ὁ
2962 4197 3244 4260 Ματθαῖος
3276 4197 3354 4268 τῷ
3382 4202 3574 4270 κόσμῳ
3601 4203 3794 4267 παντὶ,
3824 4220 3986 4259 σταυ-

2419 4286 2605 4356 ροῦται
2636 4287 2693 4339 δὲ
2717 4289 2838 4348 ταῖς
2870 4289 3158 4357 κοσμικαῖς
3194 4287 3440 4351 ἁπάσαις
3466 4287 3814 4359 ιπιθυμίαις,
3847 4293 3994 4364 μόνῳ

2412 4395 2470 4432 τε
2503 4375 2576 4445 τῷ
2606 4377 2723 4449 Θεῷ
2755 4377 2884 4442 ζῶν,
2923 4381 3019 4432 καὶ
3067 4380 3241 4449 τούτῳ
3263 4379 3384 4434 κατ’
3409 4380 3552 4450 ίχνος
3585 4385 3877 4454 ἑπόμενος,
3902 4390 3992 4440 καὶ

2416 4471 2637 4524 πάντων
2667 4468 2831 4524 αὐτοῦ
2855 4469 2964 4524 τῶν
2998 4472 3244 4544 σημείων
3282 4488 3344 4526 τε
3371 4475 3465 4528 καὶ
3504 4472 3807 4542 θαυμάτων
3831 4477 3990 4530 αὑτό-

743 4582 800 4621 ιιι
823 4575 881 4620 et
921 4566 1020 4636 ipsi
1058 4563 1282 4626 mundo,
1348 4569 1406 4614 et
1449 4560 1709 4614 omnibus
1755 4557 2048 4612 mundanis
2097 4556 2307 4624 cupidi-

2418 4579 2558 4630 πιης
2587 4564 2683 4616 καὶ
2709 4563 2966 4626 κοινωνὸς
2998 4562 3096 4630 ὢν,
3126 4564 3220 4619 ἅτε
3252 4565 3383 4637 παρ’
3414 4566 3536 4620 ὅλον
3569 4567 3663 4620 τὸν
3696 4569 3798 4638 τῆς
3843 4571 3988 4623 οἰκο-

741 4659 962 4725 latibus,
1009 4670 1168 4714 cruce
1245 4661 1521 4722 suscepta,
1574 4649 1989 4712 renuntiaverit,
2058 4647 2156 4702 soli
2201 4647 2310 4700 Deo

742 4751 949 4814 vivens,
978 4757 1032 4802 et
1053 4748 1174 4817 ejus
1216 4745 1439 4814 vestigia
1471 4757 1727 4814 sequens,
1749 4741 2107 4809 omniumque
2126 4739 2307 4809 signo-

745 4859 861 4897 rum
900 4855 962 4896 ac
1013 4838 1400 4893 miraculorum
1443 4837 1614 4907 ipsius
1643 4843 1921 4904 spectator
1949 4842 2004 4887 et
2039 4833 2311 4903 particeps

741 4936 916 4989 fartus
953 4947 966 4984 :
1009 4929 1210 4999 quippe
1252 4927 1340 4995 qui
1399 4942 1492 4996 per
1528 4933 1704 4978 totum
1741 4922 2171 4994 dispensationis
2227 4920 2308 4974 di-

741 5028 878 5078 vin-.e
921 5032 1136 5091 tempus
1196 5036 1298 5073 una
1349 5033 1470 5072 cum
1529 5015 1656 5070 Jesu
1703 5024 1950 5070 versatus
2006 5013 2128 5074 fuit,
2186 5025 2310 5064 curn

740 5113 967 5168 summis
999 5113 1117 5181 ejus
1139 5107 1421 5178 diScipulis
1453 5106 1900 5170 conttumcratus,
1935 5113 2138 5158 etcum
2171 5111 2309 5153 terit-

744 5208 893 5279 poris
954 5217 1243 5277 pregressu
1296 5202 1502 5257 faciens
1563 5199 1778 5252 virtutis
1848 5196 2305 5270 progressionem.

741 5302 876 5356 Cum
905 5311 1032 5352 vero
1073 5304 1289 5364 tempus
1349 5293 1482 5348 illud
1541 5291 1778 5346 salutare
1819 5290 2147 5353 advenisset,
2203 5301 2310 5357 quo

817 5431 894 5494 (ἱ)
934 5429 1005 5482 De
1041 5431 1142 5483 hoc
1177 5429 1316 5482 inter
1340 5429 1656 5493 publicanos
1717 5428 2026 5495 principatu
2072 5421 2306 5495 dubitari

741 5493 933 5558 merito
959 5510 1154 5567 potest,
1191 5500 1404 5555 etiarnsi
1431 5502 1600 5550 solum
1635 5493 1948 5556 credamus,
1997 5493 2224 5567 ingenio
2255 5500 2309 5545 et

741 5565 1064 5630 dexteriiale
1103 5570 1396 5636 principem
1440 5568 1630 5632 asseri,
1672 5578 1730 5620 ut
1763 5569 1914 5622 IUCIIS
1964 5565 2110 5619 clare
2137 5578 2308 5632 expo-

741 5647 885 5698 nitur
918 5643 1059 5710 apud
1095 5638 1475 5710 Lipomanttnt.

814 5716 888 5778 ιδ)
919 5701 1261 5763 Existimavit
1290 5717 1504 5778 auctor,
1538 5720 1670 5778 non
1699 5706 1865 5778 fuisse
1925 5706 2130 5778 dictum
2173 5701 2308 5757 Mat-

741 5775 938 5840 tltmum
981 5792 1106 5833 ante
1175 5777 1540 5841 vocationem,
1581 5775 1675 5829 sed
1725 5775 1871 5831 Levi.
1936 5777 2160 5830 Certum
2197 5785 2306 5835 est,

740 5867 934 5910 nomen
976 5852 1099 5904 Levi
1131 5851 1303 5904 eidem
1335 5845 1500 5904 Iulsse
1533 5849 1696 5902 etiam
1739 5856 1864 5900 ante
1915 5846 2253 5902 vocationem
2291 5863 2303 5907 ;

2417 4655 2606 4724 νομίας
2640 4657 2832 4726 χρόνον
2885 4656 3035 4727 αὐτῷ
3066 4658 3483 4728 συγγινόμενος,
3517 4661 3630 4722 τοῖς
3663 4661 3776 4712 τῶν
3811 4662 3988 4733 μαθηο

2413 4738 2522 4790 τῶν
2549 4755 2606 4790 τε
2640 4739 2961 4808 κορυφαίοις
2996 4740 3523 4809 συναριθμούμενος,
3557 4741 3653 4794 καὶ
3683 4741 3764 4812 τῷ
3802 4745 3982 4814 χρόνῳ

2420 4830 2836 4898 ουμπροῖοῦσαν
2867 4829 3008 4899 ἔχων
3042 4832 3138 4901 τὴν
3166 4832 3391 4902 ἀρετήν.
3442 4831 3591 4884 Ἐπεὶ
3619 4831 3675 4886 δὲ
3721 4837 3817 4886 καὶ
3847 4836 3875 4888 ὀ
3899 4834 3989 4887 τοῦ

2417 4923 2686 4988 σωτηρίου
2722 4920 2926 4982 πάθους
2959 4922 3274 4994 ἐφειστήκει
3305 4924 3514 4994 καιρὸς,
3545 4925 3638 4976 καὶ
3666 4928 3817 4996 ταφῇ
3855 4934 3992 4996 μετα

2413 5008 2504 5056 τον
2539 5012 2770 5076 σταυρὸν
2793 5008 2852 5060 τὸ
2881 5005 2976 5060 τοῦ
3009 5009 3215 5079 Κυρίου
3247 5009 3517 5079 παρεδόθη
3547 5010 3730 5079 σῶμα,
3762 5016 3861 5065 καὶ
3899 5012 3992 5066 νῦν

2419 5093 2516 5162 μὲν
2547 5097 2659 5156 τοῖς
2694 5093 2964 5166 μαθηταῖς
2993 5097 3132 5166 μετὰ
3164 5096 3260 5167 τὴν
3287 5096 3583 5149 ἀνάστασιν
3610 5099 3988 5166 ιπιφαίνεται,

2414 5189 2506 5242 νῦν
2531 5187 2586 5240 δὲ
2612 5187 2838 5251 ἀθέατος
2880 5183 2948 5258 ἧν
3000 5189 3184 5253 αὐτοῖς
3229 5189 3294 5244 τὰ
3338 5189 3528 5254 πολλὰ,
3590 5191 3748 5252 τέλος
3800 5193 3882 5256 είς
3906 5193 3991 5245 οὓς

2427 5281 2626 5350 ρανους
2677 5280 2955 5353 ἀνελήφθη
2993 5284 3088 5335 καὶ
3137 5285 3228 5339 τὸν
3258 5283 3614 5355 Παρακλητον
3663 5285 3885 5339 ικεῐθεν
3928 5289 3983 5339 ιν

2413 5431 2466 5475 at
2499 5434 2696 5476 nomen
2735 5418 2970 5475 Matthtei
3010 5431 3198 5488 postea
3251 5429 3459 5476 tantum
3500 5419 3570 5474 ab
3600 5419 3723 5489 ipso
3759 5435 3991 5492 usurpa-

2415 5498 2550 5550 tum,
2619 5502 2725 5543 non
2775 5495 3052 5554 existimo,
3092 5508 3214 5545 eum
3269 5494 3547 5545 Matthaeus
3600 5494 3721 5560 ipse
3764 5504 3892 5560 cap.
3937 5493 3986 5550 9.

2414 5577 2552 5614 vers.
2609 5561 2642 5614 9
2697 5564 3033 5615 contrarium
3087 5564 3297 5622 innuat,
3366 5563 3453 5617 ubi
3508 5563 3642 5614 diett
3702 5576 3714 5610 :
3770 5579 3789 5610 ι
3855 5562 3989 5614 Vidlt

2417 5631 2621 5698 (Iesus)
2657 5632 2932 5686 hominem
2976 5632 3263 5686 sedentem
3309 5636 3358 5686 in
3398 5633 3634 5692 teloneo,
3670 5628 3984 5699 Matthzeum

2414 5704 2658 5754 nomine.
2701 5721 2717 5753 ι
2770 5701 2959 5770 Itaque
2988 5703 3100 5768 jam
3151 5712 3264 5757 tum
3308 5703 3539 5756 habebat
3579 5703 3867 5769 geminum
3893 5712 3987 5754 no-

2415 5784 2561 5824 men.
