4150 6524
198 439 305 505 825

1352 458 1823 523 MARTYRIUM
1865 466 1926 525 S.
1966 466 2305 529 TllECLAﬁ.

3331 467 3436 533 825

196 554 364 620 οὕτως
394 559 509 629 ἥλω
535 563 647 624 τοῖς
679 564 841 618 αὐτοῦ
876 567 1123 637 ῥήμασι;
1153 568 1345 639 βλέψον
1380 573 1481 643 ἤδη
1510 574 1605 627 καὶ
1635 578 1771 646 πρὸς

1881 580 2084 636 blandis
2122 584 2378 650 primum,
2414 583 2515 637 hoc
2537 590 2621 637 est
2656 581 2916 637 maternis
2947 580 3147 643 verbis,
3167 578 3336 651 ipsam
3370 582 3438 637 ab

198 646 479 714 ἡμᾶς,καὶ
541 651 699 719 λόγου
755 656 1004 723 μετάδος,
1053 659 1145 711 καὶ
1208 666 1503 730 μετασχεῖν
1564 664 1769 734 τροφῆς

201 740 602 811 προθυμήθητι.
638 746 785 798 Ἐπεὶ
823 747 880 801 δὲ
907 747 1051 802 οὕτω
1093 749 1327 817 λέγουσα
1384 755 1549 822 μηδὲν
1584 756 1767 825 ἤνυεν,

196 829 327 883 ἀλλὰ
367 832 427 885 τὸ
464 834 557 887 τοῦ
606 837 783 905 λόγου,
809 841 988 911 νεκρῷ
1020 843 1153 912 προς
1183 843 1275 907 οῦς
1308 844 1599 914 διελέγετο,
1628 851 1661 919 ἡ
1711 848 1766 902 δὲ

196 921 286 973 καὶ
316 921 728 996 αύστηροτέρων
757 929 964 998 ἥπτετο
1012 933 1269 1001 ῥημάτων
1298 949 1311 963 ο
1341 937 1387 988 Ἰ
1399 954 1462 990 να
1486 939 1536 989 τί
1564 937 1640 1001 ὥς
1662 954 1766 1003 τις,

194 1008 448 1078 λέγουσα,
478 1016 576 1084 μία
606 1018 713 1069 τῶν
751 1021 1002 1090 ἀφρόνων
1029 1025 1121 1076 καὶ
1152 1025 1251 1088 τὰς
1292 1027 1575 1098 αἰσθήσεις
1600 1030 1769 1095 αὐτὰς

194 1098 771 1178 ἁπολωλεκυία,ἁνδρὶ
824 1111 1032 1177 ἀγνῶτι
1075 1112 1278 1185 καθέξη
1321 1116 1529 1180 ἀτενῶς
1568 1120 1768 1188 προσέ-

194 1209 397 1262 χουσα;
428 1197 711 1269 αἱδέσθητι
757 1207 1076 1268 συγγενεῖς·
1112 1207 1391 1275 αἱδέσθητι
1434 1209 1769 1279 φίλους,ἡλιο

196 1287 450 1354 κιώτιδας
477 1307 493 1322 ν
521 1291 684 1359 φύσιν
712 1294 879 1362 αὐτὴν
904 1296 1277 1368 δυσωπήθητι.
1310 1301 1418 1353 Καὶ
1440 1303 1588 1365 ὅπως
1615 1305 1767 1357 ἐλευ-

195 1378 328 1450 θέρα
381 1384 723 1451 τυγχάνουσα
762 1385 957 1457 δούλην
997 1387 1143 1457 ἔχεις
1197 1389 1377 1460 ψυχὴν
1401 1433 1415 1456 ,
1442 1394 1540 1444 καὶ
1598 1394 1768 1447 ταῦτα

195 1470 438 1541 θυγάτηρ
488 1473 588 1542 μὲν
637 1473 925 1539 Θεοκλείας
977 1474 1153 1543 οὖσα,
1209 1482 1421 1552 μνηστὴ
1472 1482 1527 1535 δὲ
1585 1482 1771 1554 Θαμύ-

192 1558 373 1629 ριδοςς
417 1560 602 1616 Ταῦτα
634 1563 883 1633 λέγουσα,
955 1569 1050 1620 καὶ
1110 1569 1201 1622 τὸν
1259 1572 1546 1641 μνηστῆρα
1610 1566 1768 1641 μετε-

192 1652 430 1720 καλεῖτο,
471 1656 562 1709 καὶ
617 1657 674 1721 ὃς
714 1660 915 1731 παρῄει
973 1663 1197 1733 πτηνὸς,
1231 1664 1341 1716 τῶν
1372 1667 1567 1736 γάμων
1607 1667 1771 1719 ἕνεκα

145 1825 149 1829 ν
189 1743 288 1814 τὴν
320 1744 512 1814 κλῆσιν
552 1748 815 1816 οἰόμενος.
851 1750 941 1813 Ὠς
966 1752 1063 1805 οὖν
1086 1755 1255 1824 ἤκουε
1279 1774 1392 1827 παρ
1434 1758 1769 1825 αύτῆςὸπως

194 1838 227 1905 ἡ
259 1837 459 1902 Θέκλα,
491 1841 585 1892 καὶ
614 1842 697 1894 ὅτι
726 1845 871 1908 τρεῖς
897 1844 1102 1912 ἡμέραι
1126 1848 1217 1898 καὶ
1245 1847 1437 1908 νύκτες
1477 1850 1598 1899 [σαι
1626 1864 1767 1913 παρ-

1875 670 1957 724 illa
2012 674 2300 740 prohibere
2346 674 2626 728 contendit
2670 692 2683 727 :
2738 670 2899 735 Filia,
2962 673 3240 741 inquiens,
3317 689 3437 727 mea

1874 760 2094 823 Thecla,
2133 761 2263 831 qttid
2295 762 2390 815 tibi
2453 777 2575 817 cum
2629 771 2892 817 extraneo
2926 760 3019 814 illo
3049 761 3439 831 prtestigiatore

1873 854 1969 917 rei,
2002 868 2162 921 quem
2222 854 2293 906 ita
2328 854 2547 907 assidue
2592 852 2881 917 auscultas,
2935 852 3199 921 cujusque
3260 852 3438 906 verbis

1874 960 2049 1014 usque
2115 945 2250 998 adeo
2302 955 2455 1014 capta
2524 945 2765 999 teneris?
2809 960 2907 998 nos
2942 960 3156 1012 quoque
3195 944 3305 1012 jam
3348 944 3443 997 ad-

1873 1037 2041 1105 spice,
2069 1044 2122 1090 et
2152 1035 2400 1105 colloquii
2448 1036 2524 1089 tui
2573 1035 2863 1104 participes
2892 1035 3077 1097 redde,
3125 1048 3187 1087 ac
3213 1034 3279 1088 de
3311 1033 3436 1086 ribn

1871 1126 2138 1181 sumendo
2188 1128 2386 1197 cogita.
2416 1124 2534 1191 Quo
2575 1125 2660 1178 illa
2709 1140 2963 1179 sermone
2996 1140 3112 1187 usa,
3149 1129 3270 1177 eum
3305 1124 3440 1177 nihil

1870 1215 2182 1283 proﬁceret,
2239 1216 2332 1270 sed
2384 1223 2441 1269 ut
2500 1215 2604 1269 dici
2660 1216 2820 1281 solet,
2882 1226 3098 1269 mortuo
3150 1216 3205 1268 in
3254 1230 3440 1268 aurem

1872 1307 2035 1361 verba
2061 1307 2287 1374 faceret,
2315 1309 2579 1378 asperiori
2612 1307 2865 1377 loquendi
2896 1322 3097 1376 genere
3125 1308 3198 1360 uti
3223 1322 3444 1377 aggres-
3511 1307 3514 1310 ’

1872 1411 1929 1452 sa
1967 1413 1980 1449 :
2020 1396 2086 1450 Et
2119 1397 2271 1467 quid,
2324 1397 2520 1466 inquit,
2577 1396 2747 1450 instar
2808 1397 3032 1460 insanae,
3091 1395 3448 1450 et'sensibus

1872 1488 2006 1558 ipsis
2058 1488 2319 1558 spoliate,
2373 1490 2650 1543 continuo
2695 1488 2783 1543 hic
2844 1489 3114 1554 assidens,
3161 1489 3226 1543 ad
3273 1489 3447 1543 virum

1874 1578 2118 1648 ignotum
2152 1580 2226 1634 ita
2288 1579 2569 1634 attendis?
2603 1594 2854 1635 reverere
2885 1591 3166 1651 cognatos,
3203 1596 3453 1635 reverere

1878 1671 2115 1732 amicos,
2171 1679 2429 1725 reverere
2482 1668 2743 1740 aequales,
2791 1680 3039 1725 naturam
3075 1672 3247 1740 ipsam
3297 1686 3457 1725 reve-

1878 1775 2018 1823 rere,
2058 1776 2152 1816 cur
2181 1760 2353 1816 libera
2415 1778 2537 1817 cum
2588 1763 2685 1829 sis,
2720 1763 2962 1817 animum
3002 1763 3255 1818 servilem
3290 1762 3456 1831 geris.
3538 1764 3541 1766 ’

1876 1849 2037 1919 idque
2088 1850 2193 1905 ﬁlia
2251 1850 2577 1919 Theoeleat,
2638 1868 2838 1924 sponsa
2909 1852 3286 1925 Thamyridis?
3343 1853 3461 1919 Quo

196 1928 424 1994 ἐλθοιεν,
482 1931 577 1984 καὶ
630 1933 767 2004 αὑτὴ
825 1934 923 2003 τῆς
982 1935 1201 2007 θυρίδος
1242 1939 1301 1991 τὸ
1345 1939 1605 2008 παράπαν
1657 1940 1758 1992 ούκ

1881 1940 2042 2003 dicto,
2079 1940 2256 2012 ipsum
2318 1955 2583 2012 sponsum
2641 1922 2896 2008 arcessit,
2934 1945 3028 2015 qui
3085 1922 3146 1999 et
3201 1944 3458 2008 festinus,

191 2023 487 2094 ἀποσταίη,
525 2024 733 2095 βρωτοῦ
773 2026 872 2096 μὲν
905 2029 1002 2082 καὶ
1034 2028 1198 2082 ποτοῦ
1236 2031 1371 2100 μηδὲ
1424 2030 1597 2101 βραχῦ
1633 2049 1767 2102 μνη-

192 2114 531 2183 μονεύσασα,
561 2116 669 2169 τῶν
704 2119 920 2173 Παύλου
953 2121 1010 2175 δὲ
1047 2123 1211 2191 μόνου
1271 2122 1447 2191 λόγων
1490 2126 1766 2194 ὲκκρεμα-
1794 2118 1801 2125 ’

193 2206 328 2279 μένη
357 2224 371 2237 ·
402 2209 525 2262 ὲπεί
562 2210 735 2264 ταῦτα
773 2215 801 2266 ὁ
826 2213 1078 2286 Θάμυρις
1140 2216 1338 2287 ἤκουεν
1373 2217 1478 2269 ἀπὸ
1513 2217 1612 2285 τῆς
1665 2234 1767 2287 μηο

187 2300 337 2370 τρδς,
363 2295 483 2355 εἶτα
500 2303 594 2355 καὶ
627 2305 1033 2374 προστιθείσης,
1054 2307 1124 2361 Σὺ
1147 2308 1227 2371 δὲ,
1249 2309 1496 2380 μνηστὴρ
1537 2311 1647 2380 γὰρ
1693 2305 1764 2372 εἴ,

121 2456 124 2463 η
190 2391 461 2460 πρόσελθε
500 2393 692 2465 ταύτῃ,
713 2397 806 2447 καὶ
836 2398 1143 2468 ἀποστῆναι
1168 2404 1283 2465 τοῖς
1314 2405 1426 2465 σοῖς
1454 2403 1635 2471 λόγοις
1668 2403 1767 2473 τῆς

190 2480 407 2552 θυρίδος
455 2484 625 2554 αὐτὴν
662 2488 1121 2556 παρασκεύασονο
1172 2493 1461 2559 πρόσεισιν
1500 2494 1703 2557 εὐθέως
1741 2497 1769 2547 ὁ

190 2575 573 2647 Θάμυρις,⁷καὶ
604 2580 945 2641 παντοδαπὸς
983 2581 1199 2649 γίνεται
1224 2586 1336 2648 τοῖς
1368 2584 1578 2651 λόγοις,
1601 2584 1763 2638 τοῦτο

194 2668 293 2737 μὲν
331 2668 669 2732 κολακεύων.
700 2672 859 2727 τοῦτο
911 2674 968 2729 δὲ
1010 2677 1320 2746 παραινῶν,
1353 2678 1510 2732 τοῦτο
1560 2679 1615 2733 δὲ
1675 2682 1769 2733 καὶ

192 2760 659 2834 πληκτικωτέροις
688 2766 860 2838 αὐτὴν
893 2768 1146 2839 ῥήμασιν
1184 2771 1539 2842 ἐπιστρέφειν
1566 2770 1772 2844 πειρώ-

195 2867 379 2919 μενος,
414 2853 509 2904 καὶ
531 2868 542 2882 ·
578 2854 643 2905 Τί
669 2855 743 2925 μὴ
782 2857 919 2927 πρὸς
956 2861 1052 2910 τόν
1083 2856 1336 2929 Θάμυριν
1374 2862 1467 2913 τὸν
1495 2861 1585 2914 σὺν
1615 2864 1768 2934 ὁρᾷς,

191 2943 479 3011 έλεγε,τδν
505 2946 757 3015 νυμφίον,
785 2948 1042 3017 φιλτάτη,
1070 2951 1160 3003 τὸν
1186 2953 1310 3019 σόν;
1340 2953 1463 3006 τίνα
1493 2953 1549 3006 δὲ
1595 2956 1772 3022 φιλεῖς

186 3032 373 3096 ἄλλον,
416 3034 547 3096 τοὺς
598 3036 763 3104 ἐμοὺς
809 3038 1022 3107 ἔρωτας
1074 3042 1432 3114 ἀτιμάσασα;
1485 3047 1536 3097 τί
1597 3046 1771 3110 οὕτως

191 3122 515 3193 ἐξέστηκας,
547 3129 598 3179 τί
620 3124 759 3181 οὕτω
785 3130 1017 3201 κάτοχος
1046 3128 1136 3200 εἷς
1169 3136 1241 3203 μή
1274 3152 1326 3187 τι
1361 3153 1441 3188 σοι
1482 3137 1577 3187 καὶ
1619 3137 1770 3210 dimov

190 3218 600 3286 προσέκρουσα,
630 3219 897 3290 φιλτάτη;
962 3223 1038 3293 μὴ
1082 3226 1194 3287 τοῖς
1247 3227 1388 3279 κατὰ
1421 3226 1518 3295 σὴν
1552 3227 1767 3297 θέλησιν

1876 2042 1926 2087 et
1966 2032 2109 2088 velut
2139 2034 2315 2089 alatus
2357 2035 2598 2103 advenit,
2646 2037 2964 2107 nuptiarum
2999 2052 3057 2107 se
3102 2051 3262 2091 causa
3292 2036 3463 2089 advo-

1879 2125 1988 2179 cari
2020 2125 2371 2182 existimans.
2406 2128 2680 2183 Caeterum
2710 2129 2804 2184 ubi
2850 2144 2915 2183 ex
2957 2144 3042 2192 ea,
3074 2144 3182 2199 quo
3217 2129 3338 2182 loco
3372 2143 3462 2183 res

1877 2212 2095 2268 Thecla:
2124 2225 2331 2283 essent,
2360 2218 2709 2289 intelligeret,
2757 2222 3008 2290 quodque
3072 2204 3192 2290 post
3240 2230 3462 2275 exactos

1872 2306 1981 2374 jam
2021 2314 2131 2361 tres
2164 2307 2304 2371 dies,
2378 2317 2431 2363 et
2461 2310 2684 2363 totidem
2757 2320 2970 2375 noctes,
3018 2312 3107 2365 illa
3149 2314 3376 2365 omnino
3431 2328 3460 2365 a

1878 2397 2115 2453 fenestra
2148 2414 2256 2453 non
2313 2400 2656 2462 recessisset,
2688 2399 2791 2453 eihi
2840 2411 3107 2469 potusque
3164 2416 3233 2455 ne
3276 2401 3463 2455 tantil-

1879 2488 1992 2544 lunt
2033 2490 2252 2558 quidem
2288 2506 2521 2553 memor,
2555 2500 2761 2544 tantum
2824 2496 2889 2544 ex
2934 2489 3082 2544 Pauli
3129 2490 3310 2545 verbis
3341 2506 3464 2545 sus-

1882 2597 2051 2651 pensa
2109 2599 2122 2634 :
2187 2583 2324 2645 hsce,
2368 2582 2610 2651 inquam,
2658 2598 2778 2633 cum
2839 2581 3127 2649 Thamyris
3177 2599 3241 2637 ex
3292 2593 3465 2637 matre

1878 2672 2226 2744 intelligeret,
2264 2672 2482 2742 illaque,
2511 2671 2774 2725 adderet:
2812 2671 2912 2725 Adi
2957 2681 3012 2724 ttt
3050 2670 3195 2724 illam
3238 2672 3465 2740 (quippe

1885 2781 2126 2838 sponsus
2184 2765 2307 2835 ejus
2350 2772 2432 2832 es)
2466 2772 2522 2818 et
2557 2762 2742 2817 verbis
2782 2778 2811 2815 a
2848 2763 3085 2816 fenestra
3138 2772 3197 2816 nt
3236 2763 3466 2819 absistat

1886 2858 2107 2913 efﬁcere
2176 2855 2472 2919 contende,
2546 2852 2759 2908 accedit
2825 2850 3073 2921 protinus
3153 2850 3463 2921 Thamyris,

1887 2950 2292 3020 omnigenoque
2327 2961 2604 3007 sermone,
2668 2960 2817 2998 nunc
2856 2945 3077 3011 quidem
3111 2946 3465 3009 assentando,

1885 3059 2034 3098 nunc
2074 3042 2439 3103 admonendo,
2483 3054 2630 3093 nunc
2675 3037 3029 3105 increpando,
3078 3037 3224 3091 illaut
3270 3056 3297 3091 a
3336 3056 3464 3107 prn-

1889 3137 2067 3203 posito
2097 3146 2353 3187 revocare
2387 3130 2636 3185 enitatur.
2675 3129 2741 3183 lit
2798 3128 2949 3197 quid,
2998 3127 3193 3196 ittqttit,
3233 3127 3471 3198 Tltamy.

1883 3229 1983 3281 rim
2015 3242 2277 3294 Sponsum
2313 3235 2464 3287 tuum
2501 3241 2608 3277 non
2662 3222 2882 3291 aspicis,
2920 3222 3053 3276 mihi
3102 3221 3465 3276 charissima?

189 3305 519 3374 ἀγνοοῦντες
556 3310 654 3381 οὐχ
684 3311 1147 3385 ὑπουργήσαμεν;
1203 3316 1345 3388 τάχα
1385 3319 1654 3391 μέλλομεν
1690 3322 1772 3386 εἰς

1885 3316 2149 3387 numquid
2184 3316 2324 3370 forte
2359 3316 2525 3370 alium
2585 3330 2757 3377 amas,
2811 3313 2861 3365 itt
2899 3313 3219 3381 despectum
3263 3314 3469 3367 amoris

190 3400 317 3464 τοὺς
360 3402 596 3472 γάμους.
670 3405 947 3474 Ὀψίζουσι
991 3411 1102 3472 τοῖς
1151 3409 1369 3481 ᾠδικοῖς
1420 3414 1467 3466 οί
1501 3415 1772 3485 ὑμέναιοι.

187 3492 304 3547 Καὶ
334 3495 384 3546 εί
426 3494 631 3564 βούλει,
653 3497 1013 3552 τελείσθωσαν
1073 3503 1273 3555 πάντα.
1336 3505 1404 3554 Ἣ
1441 3506 1535 3556 καὶ
1568 3506 1647 3557 ἔτι
1681 3522 1777 3557 πε-

194 3587 567 3655 ριμενοῦμεν;
611 3588 701 3641 τοῦ
760 3589 853 3641 σοῦ
907 3590 1017 3659 γὰρ
1048 3589 1376 3661 θελήματος,
1427 3593 1626 3656 Θέκλα,
1682 3599 1773 3647 καὶ

194 3680 360 3747 μόνον
418 3678 512 3732 τοῦ
582 3678 844 3750 νεύματος
913 3682 1075 3746 αὒτὺς
1130 3686 1399 3757 ἧρτημαι.
1465 3687 1653 3742 Ταῦτά
1721 3704 1779 3741 τε

190 3773 370 3840 ἔλεγε,
426 3773 524 3827 καὶ
573 3773 841 3845 σχήμασι
873 3776 1303 3847 παρακλητικοῖς
1359 3780 1439 3832 ἔτι
1486 3780 1666 3834 ἕλκειν
1698 3781 1781 3845 εἰς

189 3864 385 3916 ἑαυτὸν
425 3864 702 3935 ἐπειρᾶτο,
748 3866 927 3936 ἡρέμα
968 3868 1022 3920 δὲ
1067 3871 1159 3921 καὶ
1211 3870 1401 3941 ὀθόνης
1448 3872 1779 3941 ἁπτόμενος,

201 3954 521 4024 Ἀνάστηθι,
573 3956 857 4027 φάγωμεν,
918 3959 1233 4027 ὑπεφώνειι
1284 3964 1573 4035 ἀνάστηθι,
1645 3965 1783 4019 πίων

191 4060 319 4113 μεν.
365 4045 433 4098 Τί
470 4046 579 4119 γὰρ
607 4048 740 4121 ἡμῖν
764 4050 941 4103 καὶτὸ
977 4051 1112 4106 πολὺ
1147 4054 1307 4106 τοῦτο
1364 4056 1461 4126 τῆς
1490 4055 1674 4120 αἰτίας
1704 4060 1783 4121 εἰς

188 4137 418 4206 δνησινς
452 4137 616 4193 Ἀλλὰ
647 4141 816 4195 ταῦτα
857 4142 953 4211 μὲν
985 4146 1191 4208 ἐκεῖνος
1224 4160 1237 4174 ·
1269 4145 1408 4214 πλὴν
1441 4149 1537 4201 καὶ
1566 4153 1677 4211 τοῖς
1718 4151 1777 4201 ἐν

188 4228 268 4298 τῷ
302 4232 440 4300 οἴκῳ
474 4232 604 4284 πᾶσι
645 4235 821 4294 κοιννις
862 4231 928 4304 ἦν
983 4236 1011 4288 ὁ
1075 4236 1269 4305 θρῆνος
1313 4253 1325 4265 °
1372 4239 1641 4311 Θαμύριδι
1679 4241 1778 4310 μὲν

188 4322 454 4387 γυναικὸς
506 4323 822 4392 ἁστοχοῦντι
859 4339 871 4352 ⁸
912 4324 1174 4399 Θεοκλεία
1236 4329 1313 4395 δὲ,
1361 4332 1554 4385 τέκνου
1602 4351 1615 4365 ’
1658 4334 1779 4394 ταῖς

187 4414 245 4467 δὲ
298 4416 641 4482 παιδίσκαις,
696 4419 889 4488 κυρίας
936 4436 951 4453 ο
1000 4421 1092 4474 καὶ
1126 4422 1387 4491 σύγχυσις
1414 4421 1483 4496 ἦν
1517 4424 1575 4476 ἐν
1603 4422 1781 4495 τούτῳ

188 4510 387 4577 πολλὴ,
420 4511 516 4561 καὶ
559 4510 753 4573 πένθος
784 4513 1234 4583 ἀπαρηγόρητον.

1876 3428 2000 3485 erga
2035 3421 2087 3466 tc
2127 3409 2269 3464 mei?
2322 3425 2419 3464 cur
2455 3410 2550 3472 ita,
2581 3407 2747 3463 veluti
2803 3408 3058 3469 attonita,
3097 3422 3126 3459 a
3164 3417 3214 3460 te
3251 3406 3468 3460 abiisti?

1883 3519 2153 3572 numper
2178 3501 2603 3571 imprudentiam
2648 3497 2788 3553 forte
2822 3510 2874 3555 te
2918 3500 3143 3564 aliendi,
3178 3499 3470 3553 dilectissi-

1883 3594 2021 3646 ma?
2060 3588 2190 3647 nu‘m
2229 3573 2493 3645 voluntati
2530 3600 2635 3645 tua:
2697 3591 3159 3661 obsequioqnc.itt
3226 3601 3280 3645 te
3350 3605 3470 3644 meo

1883 3684 2093 3754 uspiam
2132 3683 2326 3739 defui?
2383 3684 2549 3737 nimis
2611 3682 2821 3737 fot'lean
2857 3684 2947 3736 diu
3022 3697 3239 3738 nostras
3280 3684 3469 3740 hacte-

1881 3793 1989 3833 nus
2030 3790 2314 3831 moramur
2352 3774 2610 3843 nnptias:
2649 3774 2813 3829 nimis
2843 3775 2932 3829 ditt
2980 3775 3248 3846 hymenaei
3300 3776 3471 3833 nostri

1880 3878 2078 3926 cantus
2112 3868 2340 3924 musicis
2368 3866 2641 3947 differtur.
2686 3866 2867 3933 Quare
2899 3867 2943 3922 si
2986 3867 3158 3929 lubet,
3196 3883 3313 3937 age,
3350 3882 3474 3920 om-

1881 3964 1971 4020 nia
2034 3961 2423 4018 conﬁciantur.
2468 3961 2553 4015 An
2594 3962 2893 4015 etiamnum
2940 3960 3361 4015 cunctabimur?
3401 3975 3472 4013 ex

1882 4057 2163 4112 voluntate
2212 4055 2359 4107 enitn
2398 4062 2510 4119 tua,
2564 4068 2681 4121 mea
2733 4052 2960 4117 Thecla,
3013 4051 3236 4120 soloque
3324 4061 3465 4105 nutu

1886 4149 2119 4219 pendeo.
2154 4145 2278 4201 Haec
2310 4157 2366 4201 et
2393 4146 2628 4212 dicebat,
2680 4156 2734 4199 et
2758 4156 2914 4216 gestu
2949 4145 3185 4214 quodam
3227 4142 3474 4212 corporis

1887 4239 1953 4294 ad
1998 4238 2430 4309 permovendum
2490 4236 2702 4291 efficaci
2761 4237 2905 4290 illum
2956 4237 3007 4288 itt
3060 4252 3210 4293 suum
3255 4244 3476 4287 senten-

1890 4335 2016 4387 tiam
2053 4330 2373 4402 pertrahere
2403 4328 2705 4392 nitebatur,
2737 4329 2867 4398 quin
2934 4338 2982 4382 et
3029 4336 3233 4380 vestem
3274 4325 3471 4378 lineam

1892 4425 2066 4494 ipsius
2098 4423 2325 4477 remisse
2373 4432 2620 4491 tangens.
2671 4421 2865 4490 Surge,
2904 4420 3159 4489 subjecit.
3211 4421 3472 4484 edamus;

1814 4509 1873 4577 Ι)
1894 4532 2079 4588 surge,
2116 4515 2405 4570 bibamus:
2438 4513 2574 4582 quid
2599 4514 2745 4567 enim
2779 4523 2927 4567 tanta
2956 4512 3131 4566 inedia
3158 4512 3315 4566 ttohis
3350 4524 3477 4580 pro-

188 4594 393 4653 fuerit?
472 4589 746 4655 llaetenus
787 4601 896 4657 ille.
956 4600 1159 4657 Omnes
1219 4604 1437 4660 interim
1482 4605 1816 4664 domesticos
1873 4606 2182 4664 communis
2236 4606 2419 4659 luctus
2473 4604 2693 4667 invasit,
2757 4602 3141 4674 Tltatnyridetn

3232 4596 3473 4671 quidem,

188 4692 335 4759 quod
412 4706 582 4746 uxore
644 4692 942 4755 excideret.
1022 4692 1374 4763 Tlteocleatn,
1434 4697 1583 4769 quod
1641 4698 1771 4767 ﬁlia,
1815 4698 2041 4754 ancillas
2077 4686 2335 4765 denique.
2388 4693 2533 4764 quod
2592 4694 2856 4748 domina:
2917 4693 3170 4763 hincque,
3227 4691 3476 4747 confusio

189 4801 256 4839 ac
287 4801 493 4845 meror
519 4789 740 4841 exortus
765 4787 912 4840 omni
936 4788 1314 4844 consolatione
1347 4793 1544 4862 maior.

267 4879 346 4932 I".
376 4876 539 4929 ’Λλλὰ
568 4880 634 4945 τῇ
671 4876 872 4949 Θέκλᾳ,
898 4878 992 4930 καὶ
1029 4880 1235 4933 τούτων
1283 4885 1610 4953 γινομένων,
1634 4884 1791 4955 ὀλίγη

191 4969 421 5040 φροντίς
446 4984 459 4997 ο
490 4967 600 5018 τῶν
633 4969 811 5021 αὐτῶν
838 4969 890 5021 δὲ
929 4969 1129 5040 εἴχετο,
1177 4974 1273 5024 καὶ
1304 4974 1400 5042 τῆς
1444 4974 1664 5044 Θυρίδος
1695 4977 1789 5027 οὑ-

190 5063 386 5134 δαρῶς
422 5060 707 5130 ἀφίστατο,
740 5063 831 5113 καὶ
872 5062 921 5113 oi
949 5056 1162 5115 Παύλου
1192 5065 1344 5132 λόγοι
1367 5068 1571 5139 μελέτη
1604 5066 1783 5140 ταύτῃ

188 5157 473 5228 διηνεκὴς.
507 5154 566 5209 '0
597 5153 844 5225 Θάμυρις
880 5148 994 5221 οὖν,
1024 5155 1177 5220 εἰδὼς
1244 5158 1318 5219 ὡς
1354 5160 1641 5230 ἀνονήτοις
1669 5163 1792 5213 ἐπι.

192 5251 395 5319 lapsi,
416 5246 581 5315 ζήλου
610 5245 832 5316 πικροῦ,
859 5246 1033 5315 θυμοῦ
1073 5264 1131 5300 τε
1168 5249 1262 5300 καὶ
1310 5250 1487 5322 ὀργῆς
1538 5250 1795 5305 ἐντεῦθεν

193 5338 599 5411 ὑποπλησθεὶς,
642 5342 890 5412 πρόεισιν
942 5340 1047 5408 ἔξω
1100 5344 1244 5397 κατὰ
1283 5344 1553 5415 ἄμφοδον,
1594 5348 1694 5403 καὶ
1723 5344 1792 5420 ἦν

191 5432 342 5486 οὕτω
387 5434 751 5501 παρατηρῶν,
795 5435 879 5497 τίς
924 5451 984 5487 τε
1038 5434 1173 5504 πρὸς
1206 5436 1296 5488 τὸν
1332 5438 1548 5493 Παῦλον
1590 5440 1772 5504 εἰσίοι,

193 5525 292 5577 καὶ
324 5525 409 5588 τίς
436 5524 729 5597 ἐξέρχοιτο.
756 5526 863 5579 Καὶ
890 5525 954 5596 δὴ
975 5525 1068 5579 δύο
1091 5530 1245 5591 τινας
1284 5529 1387 5599 ὁρᾷ
1432 5531 1788 5602 μαχομένους

194 5618 339 5690 πρὸς
380 5616 648 5686 ἀλλήλους
690 5634 748 5671 τε
794 5621 885 5671 καὶ
928 5611 1353 5685 στασιάζονταςζ
1399 5626 1594 5694 Δημᾶς
1640 5618 1792 5679 οῦτοι

196 5716 291 5767 καὶ
336 5710 674 5781 Ἑρμογένης
705 5709 873 5783 ἦσαν·
912 5713 1003 5776 οὒς
1030 5717 1057 5768 ὀ
1084 5715 1240 5785 λόγος
1266 5714 1483 5782 φθάσας
1517 5718 1785 5791 ἐδήμησε,

196 5810 291 5859 καὶ
324 5806 474 5866 ὅπως
517 5800 709 5874 Παύλῳ
752 5805 848 5874 μὲν
883 5807 1119 5871 εἵποντο,
1146 5809 1347 5879 ἥκιστα
1371 5810 1428 5863 δὲ
1474 5809 1549 5879 τῷ
1573 5809 1783 5864 ἐκείνου

199 5898 301 5967 βίῳ
377 5894 718 5950 συνείποντο·
754 5890 831 5961 οἷς
871 5900 961 5950 καὶ
992 5900 1017 5950 ὁ
1055 5896 1305 5969 Θάμυρις
1375 5901 1638 5972 ἐντυχὼν,
1694 5904 1787 5955 καὶ

1967 4882 2055 4936 111.
2092 4882 2357 4936 Cmterum
2382 4877 2599 4935 Thecla:
2630 4893 2795 4949 parva
2818 4878 2981 4933 etiam
3015 4881 3205 4934 horum
3231 4878 3473 4932 omnium

1896 4992 2045 5034 cura.
2078 4958 2133 5028 et
2165 4976 2217 5027 in
2252 4974 2337 5031 iis.
2366 4989 2487 5042 quze
2514 4982 2777 5041 cmperat,
2813 4986 3168 5041 perseverans
3190 5010 3204 5033 ,
3235 4970 3472 5027 fenestra

1896 5069 2209 5125 nullatenus
2270 5065 2601 5128 absistebat,
2663 5065 2827 5119 unius
2901 5063 3051 5118 Pauli
3127 5063 3473 5117 sermonibus

1902 5172 2014 5217 tota
2070 5158 2237 5215 animi
2298 5158 2655 5213 contentione
2690 5158 2976 5225 studioque
3039 5155 3268 5209 intentu.
3317 5155 3472 5220 Quod

1900 5256 1992 5309 tibi
2048 5253 2335 5324 Thamyris
2384 5252 2551 5316 videt,
2603 5244 2774 5317 seque
2827 5250 2900 5303 rei
2951 5262 3291 5317 nequaquam
3348 5263 3475 5301 suc-

1896 5362 2134 5402 cessurte
2185 5361 2405 5415 cperam
2465 5344 2617 5404 dare,
2664 5342 2777 5397 aeri
2829 5341 3094 5411 zelotypia
3138 5352 3303 5409 atque
3364 5339 3475 5393 ira-

1897 5438 2097 5494 cundia
2142 5438 2445 5505 perrulsus,
2511 5433 2658 5489 foras
2710 5436 2763 5489 in
2821 5433 3051 5503 plateam
3110 5432 3473 5502 progreditur.

1894 5530 2019 5599 quis
2049 5528 2113 5582 ad
2149 5528 2376 5582 Paulum
2407 5526 2659 5588 intraret,
2685 5527 2873 5596 quisve
2912 5523 3036 5579 inde
3067 5524 3259 5583 exiret.
3286 5524 3477 5576 obser-

1895 5637 2033 5675 vans
2067 5641 2078 5675 :
2114 5636 2235 5676 ettm
2280 5619 2417 5671 duos
2442 5619 2706 5687 quosdam
2756 5619 2899 5672 inter
2931 5632 2991 5673 se
3020 5618 3397 5686 depugnantes
3422 5624 3477 5669 et

1900 5716 2145 5771 rixantes
2204 5713 2386 5776 videt,
2456 5712 2675 5765 Ιὶιιιιιιιη
2727 5726 2922 5780 netnpe
2981 5716 3035 5763 et
3085 5704 3513 5777 liermogenem'

1901 5807 1990 5874 (de
2013 5808 2214 5876 quibus
2259 5806 2411 5860 antea
2449 5804 2705 5867 diximus,
2757 5801 2907 5857 Pauli
2955 5800 3174 5870 quidem
3220 5798 3475 5861 asseclas.

1899 5915 2008 5955 non
2053 5903 2177 5954 item
2214 5902 2334 5954 Vilze
2361 5895 2665 5953 imitatores
2699 5896 2908 5966 fuisse),
2935 5898 2985 5951 in
3017 5910 3153 5965 quos
3176 5909 3299 5948 eunt
3333 5889 3478 5944 Thr
