4150 6522
201 461 305 529 833

1352 461 1816 522 ΜΑΠἸῪΗΙΠΜ
1863 461 1922 524 S.
1959 463 2293 527 THECUE.

3352 470 3461 535 εει

201 583 399 647 κόμην,
437 577 532 629 καὶ
558 578 616 629 τι
646 578 830 648 σχῆμα
889 576 1171 647 ἀμείψασα
1225 576 1521 661 πρόθυμος
1570 574 1771 646 ἕψομαί

1880 593 2205 650 quocunque
2236 581 2390 646 ieris,
2446 583 2768 638 comitabor.
2816 583 2916 641 Cui
2953 584 3042 641 ille
3076 604 3089 641 :
3120 584 3327 659 Turpe,
3358 592 3462 661 ait,

198 686 299 732 σοι,
334 665 464 719 ἔνθα
505 665 570 719 ἄν
602 667 693 718 καὶ
716 665 907 736 ἀπίῃς.
947 666 1007 719 ’0
1037 666 1115 732 δὲ,
1161 666 1219 719 Ὀ
1243 664 1450 735 καιρὸς,
1483 660 1655 725 εἶπεν.
1691 668 1778 720 ai-

200 757 381 827 σχρδς,
412 758 506 809 καὶ
540 758 603 809 σὺ
655 754 799 827 καλὴ
842 757 944 826 τὴν
989 759 1232 827 μορφήν
1280 760 1355 826 μή
1398 771 1530 808 ποτε
1586 751 1679 808 οῦν
1716 771 1774 807 σε

195 850 502 920 πειρασμὸς
537 848 827 919 ὲκδέξηται
855 850 1062 920 ἔτερος,
1094 848 1190 902 τοῦ
1222 849 1490 920 προτέρου
1532 847 1732 918 χείρων
1757 863 1772 878 ο

197 941 259 993 σὺ
293 941 348 993 δὲ
381 939 556 1010 δειλία
594 938 779 1008 εἴξῃς,
830 940 923 993 καὶ
955 940 1015 992 ού
1056 940 1257 1010 δυνατὴ
1300 942 1432 1011 γένῃ
1462 941 1775 1008 ὑπομείναι.

205 1033 266 1083 Ἠ
302 1031 379 1097 δὲ,
432 1034 540 1103 Τῆς
573 1038 630 1085 ἐν
666 1033 887 1104 Χριστῷ
914 1033 1076 1103 μόνον
1101 1034 1419 1104 σφραγῖδος,
1453 1034 1580 1105 ἔφη,
1613 1034 1776 1099 ἀξιω-

196 1123 370 1191 θείην,
420 1126 513 1176 καί
543 1126 715 1188 οὐδεὶς
754 1125 822 1178 ἂν
854 1124 1161 1195 πειρασμὸς
1196 1124 1396 1194 ἅψαιτό
1438 1142 1563 1195 μου.
1632 1126 1775 1196 Πρὸς

195 1219 307 1286 ἣνὸ
346 1218 582 1283 Παῦλος,
634 1220 743 1283 Δεῖ,
782 1214 924 1282 εἷπε,
964 1218 1367 1288 μακροθυμεῖν,
1409 1218 1561 1288 καὶὴ
1594 1217 1775 1287 δωρεὰ

191 1310 285 1362 τοῦ
342 1309 479 1363 θεοῦ
518 1310 636 1380 ἥξει
675 1327 777 1364 σοι.
816 1310 1000 1372 οὕτως
1035 1313 1062 1362 ὁ
1091 1308 1302 1371 Παῦλος
1360 1310 1550 1376 εἰπὼν,
1618 1310 1773 1379 Ὀνη-

194 1401 417 1471 σιφόρον
454 1402 552 1470 μὲν
577 1400 906 1469 πανοικεσίᾳ
934 1402 1014 1463 είς
1044 1400 1136 1453 τὸν
1160 1398 1327 1453 αὑτοῦ
1378 1395 1528 1453 οἷκον
1561 1399 1774 1469 ἐκπέμ-

190 1510 282 1545 πει
304 1509 318 1523 ·
349 1493 562 1546 Θέκλαν
593 1492 648 1546 δὲ
681 1491 885 1556 λαεὼν,
910 1493 1081 1564 ἀπῄει
1109 1495 1188 1557 είς
1241 1494 1593 1562 Ἀντιόχειαν.
1615 1558 1626 1566 ι

259 1586 339 1639 8'.
372 1586 527 1654 Ἀμα
549 1584 604 1638 δὲ
625 1586 704 1656 τῷ
724 1587 954 1639 εἰσιέναι
985 1586 1185 1650 αὐτοῦς
1216 1587 1298 1650 εξς
1333 1587 1429 1657 τὴν
1462 1586 1637 1651 πόλιν,
1675 1586 1775 1639 Σύ-

192 1693 285 1747 ρος
347 1694 434 1740 τις
482 1676 832 1749 Ἀλέξανδρος
888 1676 1151 1749 τοῦνομα,
1196 1679 1495 1749 πρωτεύων
1558 1678 1766 1730 Ἀντιο-

192 1770 359 1837 χέων,
388 1768 481 1824 καὶ
504 1769 671 1834 πολὺς
700 1769 777 1822 ὢν
803 1771 861 1822 ἐν
893 1770 992 1841 ὅλῃ
1023 1768 1193 1822 αὐτοῦ
1222 1773 1287 1839 τῇ
1323 1772 1486 1839 ἀρχῇ,
1520 1766 1643 1821 ίδὼν
1674 1768 1773 1821 Θέ-

190 1862 350 1925 κλαν,
377 1862 604 1931 ἐφίλησὲ
635 1879 695 1914 τε
724 1862 915 1929 αὐτὴν,
987 1861 1081 1914 καὶ
1127 1861 1339 1913 Παῦλον
1380 1861 1601 1932 θερμῶς
1629 1861 1770 1932 ὑπὲρ

188 1950 364 2020 αὐτῆς
402 1952 595 2018 ἐδεῖτο,
637 1954 807 2023 συχνὰ
842 1954 1105 2023 χρήματα
1130 1952 1225 2004 καὶ
1251 1950 1399 2022 δῶρα
1426 1951 1766 2014 κατατιθείς.

201 2040 259 2094 '0
284 2042 363 2095 δέ’
412 2044 527 2096 Οὐκ
562 2038 699 2110 οἶδα,
729 2044 855 2115 ἔφη,
906 2048 1007 2113 τὴν
1056 2046 1299 2113 γυναῖκα
1361 2043 1588 2115 ταύτην,
1647 2043 1771 2097 οὐδὲ

185 2136 296 2207 ἐμὴ
326 2135 464 2189 οῦσα
505 2138 786 2207 τυγχάνει.
827 2138 934 2190 Καὶ
982 2136 1060 2200 ὡς
1122 2136 1405 2209 θαρρήσας
1460 2137 1539 2207 τῷ
1598 2135 1771 2190 πολλὰ

184 2228 339 2297 παρὰ
364 2230 432 2299 τῇ
472 2229 626 2281 πόλει
657 2228 940 2293 δύνασθαι,
971 2229 1197 2298 ἁναίδην
1226 2245 1284 2281 τε
1305 2227 1475 2297 αὐτὴν
1507 2227 1777 2296 περιϐάλω

183 2321 291 2384 λει,
322 2324 419 2372 καὶ
442 2316 511 2391 ἦν
550 2321 722 2387 οὕτως
771 2323 830 2373 ὲν
878 2320 955 2390 τῷ
1004 2320 1232 2391 ἀμφὸδῳ
1265 2318 1607 2390 καταφιλῶν,
1640 2320 1673 2390 ἡ
1711 2318 1768 2372 δὲ.

181 2411 461 2464 ἁπωθείτό
493 2428 549 2463 τε
597 2415 689 2463 καὶ
734 2414 835 2463 οῦκ
889 2412 1160 2481 ἠνείχετο,
1218 2412 1355 2466 ἀλλὰ
1419 2411 1627 2466 Παῦλον
1678 2412 1769 2466 τὸν

182 2503 566 2570 πνευματικὸν
588 2502 771 2570 ἐζήτει
806 2502 1040 2571 νυμφίον
1059 2517 1075 2535 ο
1107 2504 1198 2555 καὶ
1229 2503 1327 2573 τὴν
1352 2506 1537 2573 φωνὴν
1565 2505 1766 2573 ἄρασα,

184 2596 278 2664 Μὴ
312 2595 480 2665 βιάσῃ
523 2611 590 2663 με
634 2594 736 2666 την
763 2593 859 2657 τοῦ
901 2593 1036 2647 Θεοῦ
1068 2594 1284 2664 δούλην,
1309 2594 1436 2664 ἔφη,
1474 2593 1550 2664 μὴ
1576 2595 1763 2668 βιάσῃ,

198 2686 469 2740 Ἰκονιέων
499 2686 618 2756 εἰμὶ
666 2687 882 2759 πρώτη,
922 2685 1265 2757 ἐκϐέϐλημαι
1302 2687 1354 2739 δὲ
1402 2686 1499 2755 τῆς
1561 2688 1769 2750 πόλεως

188 2779 321 2846 παρ’
347 2778 483 2831 αὐτὸ
517 2778 678 2832 τοῦτο
731 2779 793 2832 τὸ
838 2780 913 2850 μὴ
946 2779 1233 2850 βούλεσθαι
1284 2779 1555 2851 θαμύριδι
1583 2796 1770 2851 γαμη-

184 2871 587 2941 θῆναι.Ταῦτα
628 2873 783 2940 ἔλεγε
820 2874 918 2925 σὺν
952 2871 1049 2942 βοῇ
1100 2876 1166 2942 τῇ
1225 2873 1462 2945 μεγάλῃ,
1522 2874 1617 2926 καὶ
1672 2874 1770 2939 τῆς

183 2966 464 3041 χλαμύδος
496 2964 870 3035 ἐπιλαϐομένη
929 2962 1024 3017 τοῦ
1068 2963 1443 3035 Ἀλεξάνδρου,
1508 2962 1682 3037 αὑτήν
1707 2983 1768 3019 τε

180 3058 466 3130 διέρρηξε,
500 3058 596 3110 καὶ
626 3057 717 3110 τὸν
751 3056 1020 3126 στέφανον
1051 3056 1305 3125 ἀφείλετο
1332 3057 1433 3126 τῆς
1481 3059 1645 3111 αᾶτοῦ
1676 3076 1771 3113 κε-

184 3153 393 3222 φαλῆς,
428 3151 686 3203 κάκεῖνον
717 3149 991 3222 θρίαμϐον
1020 3146 1279 3220 εποίησεν
1305 3149 1398 3201 ἐπὶ
1432 3152 1669 3205 πάντων.
1716 3150 1771 3205 Ὀ

1881 668 1982 722 hoc
2016 679 2228 740 tempus
2263 682 2345 727 est
2373 681 2428 727 et
2463 682 2519 729 tu
2570 674 2743 729 forma
2799 677 3055 746 prmelara
3090 696 3105 733 :
3139 680 3280 749 vide,
3306 696 3376 737 ne
3407 693 3460 740 te

1878 759 1979 813 alia
2046 765 2279 818 tentatio
2332 765 2513 834 priore
2562 768 2804 823 deterior
2865 770 3124 839 excipiat,
3182 780 3349 841 tuque
3384 774 3458 829 illi

1879 866 1990 920 pra:
2048 854 2338 909 timiditate
2401 859 2751 913 succumbas.
2807 857 2945 914 Tum
3016 861 3105 915 illa
3177 879 3192 917 :
3256 862 3460 921 Christi

1879 945 2041 998 modo
2092 944 2398 1012 signaculo,
2450 947 2648 1018 inquit,
2705 950 2866 1022 digna
2932 952 3158 1019 habear,
3196 955 3341 1009 nulla
3372 971 3460 1012 me
3528 964 3531 965 ⁷

1881 1036 2112 1089 teutatio
2166 1052 2391 1108 prorsus
2449 1040 2715 1111 attigerit.
2798 1043 2878 1097 Ad
2953 1059 3115 1114 quam
3181 1043 3382 1102 Paulus
3439 1065 3454 1102 :

1877 1125 2109 1182 Patienti
2135 1130 2321 1185 animo
2355 1131 2429 1185 sis
2464 1142 2714 1202 oportet,
2747 1143 2804 1189 et
2856 1135 3059 1189 donum
3099 1135 3229 1191 illud
3264 1137 3356 1193 Dei
3388 1140 3457 1194 ad

1879 1228 1930 1274 te
1966 1222 2272 1290 perveniet.
2331 1222 2451 1289 Quo
2502 1225 2648 1281 dicto
2698 1226 3129 1298 (inesiphorum,
3164 1242 3288 1283 cum
3345 1240 3459 1287 tota

1876 1327 1974 1366 sua
2036 1312 2265 1381 familia,
2331 1315 2553 1370 domum
2642 1318 2876 1372 remittit
2938 1336 2951 1372 :
3014 1316 3455 1383 Tliclapauteem

1875 1416 2061 1458 secqu
2099 1414 2403 1475 assumpta,
2439 1408 2788 1464 Antiochiam
2828 1408 2980 1464 abiit.

1946 1582 2036 1638 IX.
2070 1584 2172 1649 ibi,
2205 1584 2366 1640 simul
2400 1595 2563 1656 atque
2594 1588 2645 1641 in
2695 1590 2887 1645 urbem
2939 1591 3342 1664 ingrediuntur,
3376 1596 3461 1651 vir

1876 1676 2098 1746 quidam
2163 1674 2353 1748 Syrus,
2416 1677 2722 1734 Alexander
2772 1685 3015 1750 nomine,
3054 1686 3266 1756 primus
3320 1686 3462 1741 inter

1876 1768 2302 1834 Antiochenses,
2365 1779 2420 1824 et
2492 1786 2592 1841 per
2662 1780 2833 1827 totaru
2909 1775 3054 1830 illam
3122 1778 3459 1848 provinciam

1875 1862 2118 1928 potentia
2153 1871 2442 1930 praestans,
2497 1874 2848 1934 conspectam
2880 1865 3143 1923 Theclam
3199 1871 3462 1940 protinus

1874 1952 2167 2015 adamavit,
2226 1954 2567 2026 Paulumque
2616 1957 2790 2014 calide
2843 1974 3011 2030 super
3057 1962 3174 2031 ipsa
3230 1965 3458 2034 rogavit,

1874 2044 2164 2114 pecuniam
2229 2046 2457 2101 multam
2493 2056 2549 2100 et
2608 2048 2750 2103 dona
2813 2049 3104 2120 adjiciens.
3159 2052 3258 2106 Cui
3308 2053 3457 2110 ille:

1874 2134 1989 2191 Non
2016 2135 2166 2201 novi,
2200 2135 2394 2207 inquit,
2450 2137 2736 2194 mulierem
2792 2139 2955 2206 hanc,
3030 2156 3210 2213 neque
3264 2144 3331 2196 ad
3370 2159 3461 2201 me

1874 2227 2136 2296 pertinet.
2206 2228 2304 2283 Ille
2356 2238 2539 2284 autem
2604 2232 2950 2300 auctoritate,
3008 2249 3112 2304 qua
3164 2234 3459 2305 plurimum

1872 2318 1928 2373 in
1981 2317 2072 2372 illa
2129 2322 2265 2373 urbe
2299 2320 2539 2384 valebat,
2596 2322 2857 2387 confisus,
2913 2324 3261 2393 impudenter
3311 2327 3457 2381 illam

1872 2411 2242 2483 amplectitur,
2284 2424 2339 2468 et
2369 2413 2423 2467 in
2486 2414 2573 2469 via
2630 2415 3007 2472 deosculatur.
3046 2418 3139 2473 Illa
3176 2417 3458 2474 hominem

1873 2505 2099 2561 minime
2120 2505 2285 2572 ferre,
2319 2508 2416 2564 sed
2443 2522 2473 2563 a
2505 2523 2566 2564 se
2602 2510 2893 2581 repellere,
2924 2509 3151 2566 Paulum
3193 2527 3456 2582 sponsum

1872 2612 2031 2650 suum
2083 2598 2423 2666 spiritualem
2459 2600 2739 2669 requirere
2788 2609 2888 2655 :et
2933 2614 3064 2655 voce
3107 2601 3343 2665 sublata,
3378 2601 3458 2657 Ne

1873 2689 2003 2753 vim,
2037 2688 2232 2758 inquit,
2264 2690 2396 2744 mihi
2458 2691 2675 2746 famulae
2729 2693 2825 2746 Dei
2883 2693 3104 2759 aiferas,
3138 2708 3208 2747 ne
3265 2694 3457 2760 violes,

1874 2779 2017 2834 inter
2056 2768 2370 2836 lcouicnses
2397 2783 2571 2852 prima
2602 2797 2746 2847 sum,
2772 2798 2837 2838 ex
2894 2784 3029 2841 urbe
3078 2800 3202 2841 mea
3254 2786 3455 2857 ejecta.

1876 2868 2019 2923 hanc
2059 2869 2229 2939 ipsam
2290 2871 2360 2926 ob
2396 2886 2642 2939 causam,
2698 2874 2842 2944 quod
2884 2873 3194 2944 'l‘hamyrid’i
3253 2876 3461 2932 nubere

1875 2960 2165 3025 noluerim,
2256 2961 2469 3032 hocque
2539 2963 2708 3017 altum
2800 2965 3125 3028 inclamans.
3181 2979 3459 3039 arreptum

1874 3053 2170 3107 Alexandri
2194 3053 2419 3122 pallium
2483 3056 2829 3123 dilaceravit,
2886 3067 2941 3112 et
2975 3074 3235 3113 coronam
3291 3060 3459 3131 capiti

1874 3144 1994 3214 ejus
2051 3144 2287 3200 detraxit
2345 3146 2657 3218 :huncqne
2705 3148 3045 3220 triumphum
3105 3150 3173 3206 de
3234 3151 3346 3217 illo,
3400 3153 3457 3209 in

180 3244 238 3296 δὲ
260 3246 364 3312 τὴν
398 3242 662 3315 αἰσχύνην
695 3245 796 3299 οὐκ
845 3243 1108 3312 ἐνεγκὼν,
1138 3244 1264 3311 ἄγει
1291 3242 1460 3313 αὐτὴν
1510 3244 1647 3312 πρὸς
1678 3244 1770 3296 τὸν

1877 3237 2169 3307 prasentia
2220 3239 2489 3305 omnium,
2527 3240 2849 3311 reportavit.
2902 3240 3077 3308 Quam
3124 3243 3218 3298 ille
3260 3251 3461 3299 contu-

181 3336 463 3406 ἡγεμόνα·
501 3339 621 3391 ἐπεὶ
655 3337 726 3391 δὲι
756 3340 833 3408 μὴ
893 3336 1119 3406 ἔξαρνος
1148 3331 1238 3409 ἦν,
1272 3335 1388 3389 ἀλλ’
1417 3336 1684 3407 ὡμολόγει
1709 3338 1769 3391 τδ

182 3432 559 3502 πεπραχέναι,
589 3430 797 3503 θηρίοις
828 3431 1184 3501 κατεκρίνετο
1216 3431 1521 3503 ἐκδοθῆναι.
1550 3431 1614 3482 Ai
1647 3432 1772 3501 μέν·

180 3542 267 3578 τοι
309 3526 597 3595 γυναῖκες,
640 3524 765 3576 ὅσαι
806 3527 1080 3592 παρῆσαν,
1116 3525 1184 3593 τῇ
1208 3523 1343 3593 πρὸς
1371 3523 1429 3575 τὸ
1474 3523 1630 3590 γένος
1686 3540 1771 3574 νι-

182 3616 440 3686 κώμεναι
485 3612 834 3685 συμπαθείᾳ,
866 3617 960 3665 καὶ
1001 3615 1165 3667 οἱονεὶ
1196 3612 1257 3665 τὸ
1305 3614 1535 3684 πρᾶγμα
1594 3613 1771 3667 κοινὸν

180 3710 517 3780 ἡγούμεναι,
549 3707 643 3760 καὶ
683 3709 995 3777 ἐμέμφοντο
1014 3706 1111 3776 τὴν
1140 3706 1435 3773 ἀπόφασιν,
1466 3708 1578 3767 καὶ,
1608 3707 1766 3776 Κακὴ

179 3806 396 3874 κρίσις,
426 3800 579 3871 παρὰ
609 3800 668 3851 τὸ
698 3799 848 3867 βῆμα
885 3796 1133 3865 φανερῶς
1154 3794 1566 3865 ἔκραζον.Ἀ’λλ’
1604 3798 1637 3866 η
1665 3794 1769 3848 Θό.

178 3894 287 3945 κλα
322 3890 422 3943 καὶ
482 3886 626 3940 οὕτω
684 3885 1043 3956 σωφροσύνης
1085 3884 1515 3958 ὲπιμελουμένη,
1570 3886 1767 3957 ἐδεήθη

175 3980 275 4035 τοῦ
307 3978 605 4050 ἡγεμόνος,
658 3978 787 4050 ἄχρι
814 3980 908 4030 καὶ
941 3978 1056 4039 τοῖς
1088 3973 1301 4047 θηρίοις
1333 3980 1767 4047 ἐγχειρισθῆναι,

174 4074 357 4143 ἁγνὴν
378 4070 553 4142 αὐτὴν
590 4071 890 4141 διαμεῖναι.
920 4064 1032 4123 Ἠν
1063 4067 1156 4122 οὖν
1202 4070 1341 4138 γυνή
1365 4084 1449 4131 τις
1511 4069 1767 4137 πλουσία,

175 4168 431 4238 τοῦνομα
464 4165 775 4235 Τρύφαινα,
800 4161 870 4233 ἦς
902 4163 935 4231 ἡ
962 4161 1221 4232 ,Θυγάτηρ
1264 4160 1598 4216 Φαλκόνιλλα
1648 4162 1771 4215 τεθ-

176 4265 388 4334 νηκυία
422 4255 492 4330 ἦν
510 4273 526 4290 ·
554 4255 692 4327 αὕτη
719 4251 1013 4325 τοιγαροῦν
1066 4253 1386 4309 πιστεύεται
1416 4255 1648 4320 Θέκ).αν,
1674 4256 1769 4308 καὶ

172 4349 246 4419 ἦν
278 4354 343 4406 τὸ
379 4349 587 4422 μεταξὺ
633 4346 838 4418 ταύτης
866 4348 951 4408 εἰς
992 4344 1360 4417 παραμύθιον.
1394 4343 1524 4401 Εἶτα
1549 4345 1685 4416 πρὸς
1708 4346 1769 4398 τὸ

176 4436 1014 4511 θηριομαχῆσαιπροαχθείσαν,
1050 4431 1345 4503 δεσμοῦσιν
1381 4436 1553 4505 αὐτὴν
1579 4435 1770 4508 λεαίνῃ

176 4534 381 4603 πικρᾷ.
424 4530 708 4601 Τρύφαινα
736 4530 795 4583 δὲ
815 4533 917 4585 οὐκ
947 4532 1213 4601 ἀφίστατο
1240 4532 1469 4601 ταύτης,
1498 4528 1611 4583 ἀλλ’
1639 4531 1767 4600 ηκο-

176 4625 388 4691 λούθει,
408 4622 517 4686 ἕως
538 4622 641 4695 ἤδη
666 4624 843 4677 καὶτὸ
867 4624 1093 4697 θέατρον
1123 4622 1256 4677 αὐτὸ
1281 4621 1534 4677 είσέλθοι.
1561 4624 1769 4676 Λέαινα

180 4720 396 4789 μέντοι,
434 4717 705 4786 ὲπιὸασης
741 4717 914 4789 αὐτῆς
950 4720 1050 4788 τῆς
1105 4714 1334 4781 Θέκλας,
1382 4714 1556 4778 οὕτως
1626 4712 1770 4783 εἶχεν

179 4810 437 4872 εὐλαϐῶς
471 4810 568 4863 καὶ
624 4809 1083 4879 πεφυλαγμένως,
1138 4808 1213 4872 ὼς
1266 4809 1341 4877 μὴ
1388 4808 1547 4878 μόνον
1605 4807 1771 4879 μηδὲν

178 4905 489 4957 ἁτίθασσον
519 4901 655 4972 μηδὲ
684 4900 951 4971 θηριῶδες
979 4902 1063 4954 ἐπ’
1099 4901 1235 4970 αὐτῇ
1287 4900 1577 4967 ἐπιδεῖξαι,
1634 4899 1773 4953 ἀλλὰ

179 4998 276 5050 καὶ
299 4993 573 5065 μαλακῶς
608 4992 925 5061 ἑπαφᾶσθαι
959 4998 1023 5064 τῇ
1051 4993 1289 5064 γλώττῃ,
1318 4995 1412 5048 καὶ
1443 4992 1773 5063 περιλείχειν

178 5088 358 5157 αὐτῆς
388 5084 519 5146 τοὺς
554 5084 744 5150 πόδας.
790 5085 856 5138 Ἡ
877 5084 931 5137 δὲ
969 5086 1121 5139 αἰτία
1154 5081 1220 5153 ἦν
1265 5085 1363 5153 τῆς
1388 5084 1773 5155 ἐπενεχθείσης

181 5181 328 5252 αὐτῇ
357 5178 608 5251 γραεξῆς,
636 5178 935 5249 ἱεροσυλία.
976 5179 1257 5244 Ἐξίστατο
1279 5178 1335 5228 δὲ
1366 5180 1393 5229 ὁ
1419 5171 1572 5248 ὄχλος
1601 5175 1774 5230 ταῦτα

180 5277 365 5343 ὁρῶνο
409 5272 507 5326 καὶ
544 5270 753 5324 τούτων
779 5271 893 5323 ὅσοι
926 5270 1273 5341 θερμότεροι,
1328 5272 1422 5323 καὶ
1475 5268 1635 5323 τοῦτο
1688 5270 1775 5323 διὰ

185 5367 384 5443 μίσους
420 5364 483 5416 τὸ
524 5365 761 5435 πρᾶγμα
814 5364 1153 5433 ποιούμενοι,
1204 5365 1657 5434 ἐπεμαρτύροντο
1686 5365 1775 5414 τὸν

182 5457 345 5525 Θεὸν,
389 5456 616 5512 ἀνοσίαν
636 5453 781 5520 εἶναι
827 5456 926 5525 τὴν
953 5455 1132 5528 κρίσιν
1165 5454 1439 5525 λέγοντες.
1474 5452 1604 5509 Εἶτα
1640 5454 1777 5525 λαμ-

184 5550 344 5605 6ἁνει
376 5553 545 5604 πάλιν
572 5548 670 5620 τὴν
700 5550 913 5604 Θέκλαν
969 5553 1003 5620 ἡ
1052 5548 1362 5621 Τρύφαινα,
1396 5554 1469 5613 ὼς
1500 5550 1593 5603 καὶ
1635 5548 1777 5619 μετὰ

181 5643 359 5700 ταῦτα
397 5642 703 5711 μέλλουσαν
743 5644 1124 5715 θηριομαχεῖν.
1168 5644 1233 5695 'll
1267 5645 1449 5712 μέντοι
1485 5643 1776 5713 τεθνηκυῖα

184 5740 446 5808 Θυγάτηρ
476 5736 669 5808 αὐτῆς,
710 5736 845 5807 ὄναρ
891 5740 1164 5790 ἐπιστᾶσα
1192 5736 1510 5807 Τρυφαίνῃ·
1543 5736 1677 5790 Θεοῦ
1720 5736 1774 5789 δὲ

181 5832 379 5895 ταῦτα,
418 5828 517 5881 καὶ
563 5829 662 5897 τῆς
709 5832 918 5883 ἐκείνου
989 5827 1402 5899 φιλανθρωπίας
1454 5828 1771 5899 οἰκονομίαο

184 5927 381 5998 Μῆτερ
406 5922 543 5995 ἐμὴν
572 5922 699 5993 ἔφη»
729 5927 759 5995 ἡ
784 5923 909 5996 ξένη
932 5922 1106 5977 Θέκλα
1132 5922 1225 5975 τὸν
1262 5924 1394 5992 ἐμὸν
1419 5921 1767 5991 ἀναπληρού-

1873 3328 2092 3383 inetiam
2123 3344 2233 3383 non
2261 3330 2451 3384 ferens
2473 3330 2539 3385 ad
2572 3331 2892 3399 praefectum
2942 3333 3201 3387 Theclam
3247 3334 3456 3389 trahit:

1871 3420 2216 3492 etquoniam
2280 3421 2371 3476 illa
2426 3421 2630 3478 factum
2685 3438 2795 3479 non
2832 3433 3077 3498 negaret,
3129 3426 3225 3482 sed
3278 3429 3457 3498 palam

1872 3513 2157 3581 fateretur,
2213 3514 2281 3571 ad
2342 3514 2547 3572 bestias
2595 3528 2681 3571 est
2736 3519 3125 3574 condemnata.
3184 3520 3457 3576 Cmterum

1873 3608 2135 3664 mulieres
2169 3625 2289 3681 quae
2322 3611 2575 3675 aderant,
2627 3611 3111 3667 commiseratione
3139 3627 3268 3685 erga
3310 3628 3464 3667 com-

1871 3716 2057 3769 parem
2109 3702 2195 3757 sui
2260 3718 2425 3759 sexus
2482 3719 2794 3765 commoue,
2829 3711 2885 3758 et
2924 3719 3038 3758 rem
3098 3715 3264 3759 totam
3325 3718 3467 3774 quo-

1871 3791 2166 3849 dammodo
2219 3795 2588 3847 communiter
2642 3794 2715 3847 ad
2774 3809 2833 3847 se
2892 3810 3107 3863 quoque
3181 3796 3460 3865 pertinere

1873 3878 2265 3954 interpretata,
2284 3885 2609 3940 sententiam
2634 3884 2880 3955 praasidis
2910 3885 3250 3952 incusabant,
3280 3886 3461 3957 palam

1872 3975 2120 4045 iniquum
2156 3976 2428 4047 judicium
2461 3985 2589 4032 ante
2623 3976 2861 4030 tribunal
2891 3976 3275 4034 vociferantes.
3312 3978 3460 4033 The-

1870 4066 1953 4123 cla
2009 4068 2244 4133 interea,
2306 4069 2387 4125 sic
2433 4084 2652 4139 quoque
2702 4068 2979 4140 pudicitia:
3039 4085 3152 4126 suae
3203 4071 3458 4134 sollicita,

1874 4160 2030 4231 petiit
2078 4174 2109 4214 a
2148 4160 2401 4231 prmside,
2440 4169 2499 4215 ut
2551 4176 2835 4231 quousque
2891 4161 3077 4216 bestiis
3127 4162 3457 4228 traderetur,

1872 4255 2306 4308 incontaminata
2376 4264 2743 4322 permaneret.
2829 4254 2961 4307 Erat
3027 4254 3192 4324 igitur
3267 4252 3461 4307 mulier

1871 4346 2118 4416 quaedam
2167 4345 2452 4416 epuleuta,
2506 4342 2807 4415 Tryphaena
2857 4344 3102 4410 nomine,
3134 4344 3292 4414 cujus
3346 4344 3457 4398 filia

1878 4437 2178 4494 Faiconilla
2210 4437 2461 4493 obierat:
2498 4436 2626 4491 huic
2673 4435 2875 4491 Thecla
2926 4436 3296 4497 concreditur.
3338 4451 3460 4505 quae

1874 4531 1949 4586 illi
1983 4530 2195 4585 interea
2257 4528 2615 4584 consolationi
2672 4528 2802 4582 fuit.
2856 4528 3063 4583 Deinde
3115 4529 3460 4601 productam,

1874 4633 1930 4678 et
1976 4638 2100 4677 cum
2155 4621 2351 4677 bestiis
2415 4629 2694 4675 certamen
2753 4620 3035 4683 inituram.
3079 4619 3208 4674 ferae
3274 4620 3460 4674 lcatnte

1874 4718 2113 4773 vinctam
2141 4714 2410 4785 objiciunt
2446 4733 2459 4769 :
2528 4712 2833 4783 Tryphaena
2903 4714 3121 4769 interim
3154 4713 3221 4768 ab
3250 4728 3312 4768 ea
3342 4725 3457 4767 non

1874 4808 2187 4872 recedente,
2217 4807 2312 4863 sed
2356 4807 2724 4875 quoadusque
2762 4805 2939 4876 ipsum
2974 4806 3247 4860 theatrum
3279 4806 3459 4878 ingre-

1875 4902 2102 4958 deretur
2131 4915 2237 4953 una
2273 4898 2670 4969 subsequente.
2702 4897 2821 4964 Qua
2862 4899 3130 4967 ingressa,
3164 4900 3233 4953 ita
3264 4913 3322 4953 se
3349 4900 3462 4954 cir-

1875 4997 2172 5059 cunspectc
2237 4997 2504 5057 cauteque
2566 4988 2733 5042 leaena
2769 4988 2961 5059 gessit,
3011 4998 3073 5043 ut
3107 5004 3215 5043 non
3251 4998 3457 5044 tantum

1874 5083 2011 5139 nihil
2040 5083 2289 5138 indomiti
2330 5091 2424 5137 aut
2458 5081 2621 5135 ferini
2665 5083 2929 5137 adversus
2978 5081 3152 5151 ipsam
3202 5082 3459 5153 designa-

1877 5182 1981 5239 ret‘,
2014 5175 2113 5230 sed
2146 5175 2325 5245 lingua
2360 5188 2456 5227 sua
2498 5174 2736 5226 molliter
2766 5175 2934 5243 pedes
2959 5173 3081 5243 ejus
3135 5174 3460 5243 contingens

1877 5269 2145 5322 lamberet
2192 5264 2492 5335 (accusatio
2544 5273 2728 5319 autem
2804 5264 3052 5319 criminis
3099 5266 3152 5318 in
3200 5265 3457 5320 Theclam

1879 5359 2129 5413 intentati
2188 5357 2535 5429 sacrilegium
2600 5356 2765 5426 erat),
2827 5372 2948 5425 qua:
2986 5356 3076 5411 ubi
3168 5357 3459 5413 multitudo

1879 5452 2041 5517 videt,
2073 5452 2237 5506 etiam
2272 5449 2716 5505 vehementiores
2774 5449 2977 5518 quique
3029 5457 3085 5503 et
3124 5449 3460 5503 incitatioros

1886 5548 2247 5613 Obstupuere,
2291 5553 2343 5597 et
2371 5541 2498 5596 odio
2532 5550 2706 5596 totum
2745 5541 2849 5595 hoc
2878 5541 3080 5592 factum
3122 5553 3460 5610 prosequen-

1880 5648 1981 5700 tes,
2040 5636 2288 5706 iniquum
2340 5647 2461 5689 esse
2511 5632 2800 5702 judicium,
2868 5628 3039 5686 Deum
3096 5632 3457 5688 testabantur.

1878 5729 2085 5785 Deinde
2119 5727 2424 5800 Tryphazna
2470 5724 2729 5781 Theclam
2764 5724 2829 5778 ad
2865 5737 2925 5778 se
2953 5721 3147 5791 recipit
3206 5742 3220 5779 :
3264 5722 3357 5778 sed
3398 5732 3459 5777 ut

1880 5837 1998 5895 quae
2047 5823 2243 5877 iterum
2281 5835 2403 5875 cum
2461 5813 2654 5873 bestiis
2706 5827 2851 5873 esset
2898 5815 3299 5888 depugnatura.
3354 5816 3458 5869 De-

1885 5917 2070 5974 funeta
2128 5914 2350 5971 interim
2411 5910 2733 5982 Tryphaena:
2779 5910 2890 5966 illis
2924 5913 3143 5981 (nempe
3198 5908 3289 5963 Dei
3345 5907 3461 5961 haec
