4150 6496
722 436 824 496 835

1948 430 2227 493 MENSIS
2264 430 2727 490 SEPTEMBER.

3866 437 3969 498 836

721 556 859 606 erat,
897 543 1124 614 ejusque
1157 553 1283 608 erga
1335 537 1585 591 homines
1622 536 2021 591 benevolentia:
2075 539 2294 606 provida

2403 554 2477 587 τω
2509 555 2591 589 σοι
2651 539 2832 592 τόπον.
2891 538 3124 594 Δύναται
3158 544 3263 610 γὰρ
3301 543 3722 614 προαευξαμὲνη
3756 546 3837 607 εἰς
3883 549 3970 598 τὸν

719 634 1108 704 dispositio)in
1151 646 1345 684 somno
1371 630 1443 681 illi
1477 637 1679 690 astans,
1707 627 1842 690 Mea,
1873 627 2065 696 inquit,
2095 637 2287 691 mater,

723 729 923 796 hospes
958 725 1071 778 hsce
1104 722 1324 784 Thecla,
1358 736 1536 773 meum
1571 722 1711 786 apud
1749 727 1800 771 te
1843 719 2020 772 locum
2048 718 2289 785 impleat.

721 818 907 872 Potest
946 817 1115 877 enim,
1146 815 1188 868 si
1245 823 1457 866 tantum
1493 826 1592 880 pro
1644 826 1728 864 me
1764 823 1935 880 roget.
1991 823 2077 862 me
2119 808 2283 877 inju-

722 921 935 965 stnrum
977 906 1352 960 transmittere
1397 904 1571 958 sedes.
1632 901 1934 972 Tryphaena
1983 915 2166 970 porro,
2226 900 2294 953 de

721 1016 915 1057 somno
946 1008 1291 1068 experrecta,
1330 997 1450 1049 ﬁliae
1481 1011 1590 1048 suae
1632 992 1939 1048 Falconillze
1979 1005 2291 1046 sermonum

722 1092 996 1163 ejusmodi
1038 1103 1249 1142 memor
1279 1127 1293 1151 ,
1354 1087 1536 1140 Altera
1570 1100 1688 1139 mea
1755 1084 1883 1146 ﬁlia,
1917 1083 2014 1146 ait,
2072 1081 2290 1144 Thecla,

729 1185 899 1236 Deum
930 1191 1083 1234 tuum
1117 1191 1485 1246 comprecare,
1527 1191 1635 1244 quo
1665 1172 1957 1227 Falconilla
2000 1171 2054 1224 in
2098 1171 2294 1225 scecula

725 1276 874 1329 vivat
909 1291 922 1326 :
953 1274 1055 1327 hoc
1093 1272 1237 1326 enim
1268 1270 1358 1323 illa
1402 1285 1498 1340 per
1533 1267 1860 1321 insomnium
1905 1281 1936 1319 a
1964 1280 2050 1320 me
2080 1263 2291 1335 petivit.

723 1368 842 1432 Quo
878 1367 967 1420 illa
1001 1364 1212 1428 audito,
1258 1377 1381 1416 eum
1409 1375 1542 1414 voce
1574 1359 1797 1414 sublatis
1830 1359 2102 1418 manibus.
2126 1358 2294 1420 Deus,

726 1459 922 1524 inquit,
949 1455 1047 1510 Fili
1098 1455 1190 1508 Dei
1232 1453 1380 1516 veri,
1437 1452 1648 1520 placeat
1714 1459 1818 1504 tua:
1845 1449 2106 1502 voluntati
2158 1446 2295 1518 Try-

727 1552 936 1618 phaena:
994 1547 1316 1605 concedere,
1355 1561 1460 1614 quo
1506 1544 1611 1596 ﬁlia
1667 1543 1787 1610 ejus
1841 1541 2003 1594 vitam
2054 1540 2196 1609 apud
2244 1550 2296 1594 te

728 1638 1318 1709 vivatsempiternam.
1367 1635 1576 1701 Quibus
1616 1633 1797 1687 verbis
1846 1630 2067 1696 auditis,
2116 1630 2295 1701 gavisa

726 1731 944 1798 quidem
989 1727 1291 1798 Tryphaena
1327 1733 1431 1785 est,
1465 1725 1556 1778 sed
1588 1723 1811 1776 aliunde
1843 1721 2296 1785 discruciabatur,

723 1824 867 1891 quod
899 1820 1101 1875 Thecla
1159 1834 1348 1874 rursus
1397 1827 1540 1872 esset
1595 1818 1786 1872 bestiis
1838 1814 2166 1885 obiicienda.
2229 1812 2299 1867 Ut

2396 630 2503 680 τῶν
2531 629 2754 683 δικαίων
2784 631 2882 700 ἐμὲ
2947 633 3260 701 μεταθεῖναι
3299 636 3480 689 τόπον.
3528 637 3681 690 Ἐπεὶ
3714 638 3774 690 δὲ
3830 639 3969 708 Τρύ-

2397 739 2594 788 φαιναν
2621 722 3103 792 ὁῦπνοςανῆκεν,
3134 729 3211 787 εἰς
3252 725 3377 778 νοῦν
3421 725 3623 796 ἔχουσα
3693 730 3825 791 τοὺς
3873 730 3970 796 τῆς

2399 811 2666 882 θυγατρὸς
2697 813 3059 881 Φαλκονίλλης
3083 815 3297 880 λόγους*
3329 815 3528 868 Τέκνον
3566 817 3824 888 δεύτερόν
3854 837 3967 886 μοι,

2396 904 2529 969 φησί
2561 903 2697 971 πρὸς
2722 904 2818 972 τὴν
2853 904 3087 970 Θέκ).αν,
3115 906 3340 976 δεήθητι
3379 907 3473 959 τοῦ
3523 908 3614 959 σοῦ
3641 909 3804 968 θεοῦ,
3829 910 3967 962 ὥστε

2395 993 2752 1047 Φαλκόνιλλαν
2805 997 2884 1060 είς
2939 997 3140 1058 αἰῶνας
3169 997 3284 1068 ζῇν.
3331 999 3503 1052 Τοῦτο
3534 1001 3643 1070 γάρ
3677 1018 3750 1069 με
3781 1003 3964 1070 ἐκείνη

2393 1085 2460 1136 δι’
2485 1087 2710 1155 ὀνείρων
2739 1088 2931 1157 ᾔτησε.
2989 1088 3166 1140 Θέκλα
3190 1089 3246 1140 δὲ
3272 1089 3553 1144 ἀκούσασα
3618 1091 3819 1154 ταῦτα,
3880 1096 3968 1144 καὶ

2395 1177 2808 1248 ἀναϐαλλομένη
2837 1183 3045 1250 χεῖρας,
3076 1179 3259 1250 ἄρασα
3287 1182 3382 1233 καὶ
3434 1185 3650 1252 φωνήν·
3681 1183 3810 1244 Ges,
3845 1183 3967 1250 ἔφη,

2398 1269 2492 1320 Υἱὲ
2536 1269 2671 1322 Θεοῦ
2698 1271 2988 1340 ἀψευδοῦς,
3017 1272 3102 1334 δὸς
3139 1272 3426 1344 Τρυφαίνῃ
3457 1275 3597 1326 κατὰ
3629 1273 3692 1327 τὸ
3741 1275 3835 1326 σὺν
3885 1275 3966 1324 θέ-

2394 1359 2564 1426 λημα,
2599 1360 2739 1414 ὥστε
2781 1362 2881 1432 τὴν
2938 1364 3109 1433 αὐτῆς
3169 1364 3468 1433 θυγατέρα,
3493 1367 3585 1418 τδν
3616 1365 3842 1417 αἰώνιον
3872 1368 3969 1434 ζῇν

2397 1452 2548 1520 παρὰ
2591 1454 2672 1503 σοὶ
2730 1455 2943 1522 χρόνον.
2989 1454 3273 1523 Τρύφαινα
3335 1456 3390 1507 δὲ
3430 1457 3614 1526 ἔχαιρε
3644 1461 3773 1526 μὲν,
3807 1458 3967 1510 ἀκού-

2399 1556 2538 1592 σασα
2567 1541 2773 1595 ταῦτα·
2811 1544 2998 1611 ἠνιᾶτο
3036 1545 3092 1596 δὲ
3121 1544 3209 1596 διὰ
3256 1545 3491 1611 Θέκλαν,
3542 1547 3757 1617 θηρίοις
3808 1550 3966 1599 πάλιν

2397 1633 2777 1704 ἐνδοθήσεσθαι
2825 1635 3147 1702 μέλλουσαν.
3196 1635 3286 1696 Ὠς
3330 1637 3422 1689 οὖν
3477 1639 3576 1708 ἤδη
3612 1638 3817 1706 ὄρθρος
3877 1634 3963 1708 ἦν.

2399 1724 2614 1795 ἔρχεται
2642 1727 2988 1794 Ἀλέξανδρος
3017 1728 3096 1790 εἰς
3121 1727 3211 1780 τὸν
3243 1723 3392 1779 οἶκον
3413 1727 3729 1795 Τρυςςαϋιης
3759 1728 3968 1781 Θέκλαν

2399 1817 2582 1870 λαὸεῑν
2604 1834 2616 1847 ο
2650 1819 2845 1888 ἐκείνῳ
2880 1821 2988 1888 γὰρ
3019 1817 3211 1887 ἔμελλε
3262 1817 3370 1869 τῶν
3423 1819 3792 1886 κυνηγεσίων.
3831 1818 3972 1886 Τρύ-

725 1915 889 1982 igitur
957 1912 1172 1974 diluxit,
1216 1910 1522 1963 Alexander
1575 1908 1798 1977 (quippe
1857 1907 1943 1960 cui
1993 1904 2294 1961 venationis

2403 1928 2564 1978 φαινα
2585 1911 2640 1962 δὲ
2669 1909 2780 1962 οὗθ’
2809 1909 2985 1962 ὁτιοῦν
3021 1908 3336 1980 παρεχώρει
3387 1909 3537 1978 αὑτῷ
3569 1909 3669 1977 τῆς
3699 1906 3916 1970 Θέκλης
3947 1919 3962 1935 ·

732 2006 882 2058 illius
914 2021 1044 2059 cura
1092 2003 1464 2070 incumbebat)
1507 2000 1726 2055 domum
1782 2000 2095 2070 Tryphzente
2128 2000 2298 2062 venit,

730 2097 990 2153 Theclam
1034 2096 1554 2165 comprehensurus.
1613 2092 1883 2148 Caeterum
1928 2091 2068 2149 nihil
2113 2091 2201 2144 illa
2248 2091 2300 2144 in

731 2191 931 2244 Thecla
965 2190 1067 2260 ipsi
1103 2188 1374 2256 permisit,
1410 2186 1528 2250 sed,
1568 2186 1702 2252 Quid
1736 2184 1868 2240 hoc?
1907 2185 2076 2237 altum
2111 2182 2298 2238 excla-

731 2291 843 2335 mat
873 2300 885 2333 :
926 2281 1056 2350 quid
1087 2278 1228 2333 hoc?
1263 2282 1460 2332 iterum
1491 2278 1622 2330 mihi
1659 2277 1865 2331 luctum
1907 2275 2047 2329 intra
2077 2275 2324 2330 domum

726 2373 1121 2428 introducitis?
1145 2387 1321 2441 neque
1351 2371 1636 2440 quisquam
1673 2379 1778 2434 est,
1807 2369 1894 2438 qui
1933 2383 2091 2437 opem
2126 2366 2299 2421 ferat?

728 2480 839 2518 non
897 2449 1151 2527 maritus,
1179 2462 1340 2514 vidua
1379 2460 1524 2516 enim
1579 2475 1698 2513 sum

729 2557 931 2624 quippe
961 2571 974 2608 :
1013 2553 1158 2624 quod
1187 2561 1460 2623 superest,
1496 2550 1638 2606 Deus
1659 2550 1780 2605 filia:
1809 2565 1940 2605 mete
1969 2548 2206 2613 'l‘heclze,
2235 2555 2290 2602 tu

725 2647 825 2716 ipsi
854 2646 1053 2701 auxilio
1076 2647 1171 2701 sis.
1197 2646 1404 2710 Quibus
1431 2660 1642 2700 summo
1667 2658 1897 2698 moerere
1925 2644 2092 2697 animi
2114 2642 2296 2707 dictis,

1750 2473 1919 2512 :non
1980 2458 2108 2521 lilia,
2169 2457 2304 2512 obiit

2399 2002 2554 2062 ἀλλὰ,
2580 2001 2646 2054 Τί
2683 2001 2840 2052 τοῦτο
2873 2017 2888 2066 ;
2942 2001 3082 2068 μέγα
3121 1999 3385 2068 βοήσασα,
3429 2000 3483 2050 τί
3519 1998 3575 2050 δὲ
3600 1999 3856 2067 δεύτερόν
3883 2015 3968 2067 μοι

2400 2093 2636 2160 ἐπείγετε
2670 2091 2865 2152 πένθος
2897 2092 2974 2153 εἰς
3008 2091 3104 2161 τὴν
3129 2089 3328 2154 οἰκίαν,
3367 2089 3461 2142 καὶ
3494 2089 3669 2151 οὐδεὶς
3693 2091 3723 2141 ὁ
3763 2090 3971 2159 βοηθή-

2404 2202 2546 2248 σων;
2579 2183 2676 2236 οὑκ
2702 2183 2864 2252 ἀνὴρ,
2902 2183 3044 2251 χήρα
3083 2180 3190 2251 γὰρ
3218 2181 3333 2250 είμί
3354 2196 3368 2212 ο
3409 2181 3469 2233 οὐ
3500 2179 3710 2243 τέκνον,
3743 2181 3971 2251 τέθνηκε

2403 2279 2531 2345 γάρ.
2576 2275 2631 2329 Ὀ
2666 2275 2795 2336 Θεὸς
2821 2275 3026 2342 eum
3049 2273 3142 2325 τοῦ
3183 2275 3373 2325 τέκνου
3409 2290 3532 2342 μου,
3573 2271 3773 2342 βοηθὸς
3796 2273 3974 2343 (dixin

2395 2369 2573 2437 γενοῦ.
2631 2367 2851 2438 Οὕτως,
2884 2370 2941 2419 ἐν
2999 2367 3161 2438 ὀδύνῃ
3205 2366 3380 2434 ψυχῆς
3451 2365 3683 2419 εἰποῦσα
3718 2365 3972 2434 διακινῆς

2398 2461 2545 2530 ψυχῇ
2576 2457 2930 2526 Ἀλεξάνδρου
3005 2459 3350 2527 ἀποπέμπει.
3401 2458 3678 2511 Μανθάνει
3721 2452 3894 2509 ταῦτα
3948 2459 3975 2509 ὁ

2404 2550 2649 2620 ἡγεμὼν,
2703 2549 2796 2600 καὶ
2841 2551 3170 2618 στρατιῶται
3218 2549 3532 2602 στέλλονται
3585 2549 3801 2618 Θὲκλην
3842 2552 3976 2614 ἁγα-

2406 2659 2545 2709 γειν.

725 2741 940 2792 inanem
982 2754 1014 2792 a
1057 2753 1114 2791 se
1148 2737 1510 2791 Alexandrum
1553 2737 1748 2806 rejicit.
1781 2736 1934 2802 Quod
1973 2735 2061 2790 ubi
2103 2751 2304 2806 praeses
2340 2737 2579 2802 rescivit,
2629 2737 2830 2790 milites
2885 2736 3171 2801 submittit,
3220 2737 3312 2805 qui
3369 2735 3627 2790 Theclam
3677 2735 3975 2789 adducant.

794 2830 860 2884 Χ.
894 2829 1160 2884 Caeterum
1206 2829 1527 2899 Tryphaena,
1559 2843 1627 2882 ne
1665 2828 1749 2882 sic
1783 2828 2003 2897 quidem
2043 2844 2069 2879 a
2105 2826 2304 2882 Thecla

724 2921 1034 2984 recedebat,
1075 2921 1168 2973 sed
1212 2927 1463 2987 correpta
1515 2932 1701 2979 manu,
1737 2932 1841 2970 una
1886 2933 2009 2971 cum
2041 2917 2156 2986 ipsa
2185 2917 2304 2970 abi-

727 3016 838 3079 bat,
877 3013 961 3067 his
1004 3012 1184 3066 verbis
1223 3026 1316 3065 usa
1356 3027 1368 3064 :
1409 3006 1593 3061 Filiam
1633 3023 1808 3062 meam
1850 3007 2200 3062 Falconillam
2231 3009 2296 3062 ad

724 3105 1031 3171 sepulcrum
1068 3113 1224 3155 antea
1281 3099 1615 3154 deduxerant
1653 3116 1667 3152 :
1717 3106 1788 3163 te,
1828 3099 1934 3152 tilia
2003 3114 2122 3153 mea
2158 3097 2299 3152 The-

2481 2831 2535 2883 I'.
2573 2830 2861 2900 Τρύφαινα
2928 2830 2983 2882 δὲ
3035 2829 3156 2882 οὐδὲ
3196 2828 3367 2893 οὕτως
3421 2831 3689 2899 ἀφίστατο
3745 2829 3977 2896 Θέκλης,

2403 2921 2539 2975 ἀλλὰ
2571 2921 2810 2975 λαϐοῦσα
2841 2924 3048 2993 ταύτην
3089 2924 3187 2993 τῆς
3225 2924 3424 2992 χειρὸς,
3468 2922 3660 2992 ἀπῄει·
3713 2923 3829 2993 Τὴν
3885 2925 3980 2991 μὲν

2409 3013 2684 3084 θυγατέρα.
2729 3015 2828 3085 τὴν
2856 3015 2992 3084 ἐμὴν
3037 3015 3426 3079 Φαλκόνιλλαν,
3477 3014 3740 3082 λέγουσα.
3791 3017 3876 3077 εἰς
3924 3017 3982 3066 τδ

2411 3107 2673 3174 μνημεῖον
2708 3105 2909 3172 προτοῦ
2939 3105 3276 3175 παρέπεμψα
3297 3120 3310 3134 ·
3346 3105 3403 3156 σὲ
3435 3105 3511 3168 δὲ,
3545 3104 3743 3156 τέκνον
3777 3103 3979 3166 Θέκλα.

721 3197 827 3258 cla,
863 3208 988 3246 cum
1032 3192 1222 3246 bestiis
1269 3191 1699 3260 depugnaturam
1749 3203 2070 3259 prosequor.
2091 3186 2298 3253 Quibus

2406 3196 2540 3266 πρὸς
2570 3196 2632 3248 τὸ
2671 3195 2882 3266 θηρίοις
2923 3195 3018 3247 νῦν
3044 3194 3315 3266 μάχεσθαι
3343 3195 3728 3264 παραπέμπω.
3762 3194 3984 3248 Τούτων

723 3285 944 3348 auditis,
982 3295 1184 3352 martyr
1228 3281 1280 3335 in
1327 3282 1589 3352 laerynias
1634 3279 1883 3349 prorupit
1940 3289 1995 3332 et
2030 3281 2298 3347 gemitus:

725 3388 800 3443 et,
831 3377 875 3432 Ο
927 3378 1179 3438 Domine,
1236 3377 1430 3444 inquit,
1476 3375 1705 3428 Domine
1755 3383 1810 3426 et
1865 3387 1960 3425 rex
1998 3387 2169 3438 meus,
2216 3371 2302 3425 cui

726 3488 827 3543 ego
857 3471 1084 3535 credidi,
1120 3471 1184 3523 ad
1219 3484 1378 3538 quem
1425 3466 1666 3535 coniugi,
1699 3480 1726 3518 a
1771 3480 1877 3535 quo
1913 3479 1979 3518 ex
2030 3465 2151 3533 igne
2191 3479 2305 3518 ser-

726 3577 847 3616 vata
889 3578 1030 3624 sum,
1083 3561 1249 3616 redde
1291 3558 1606 3629 Tryphtenze
1660 3573 1771 3611 sua:
1820 3558 1872 3612 in
1917 3573 2002 3610 me
2046 3555 2302 3609 famulam

725 3667 872 3707 tuatn
911 3653 1289 3712 humanitatis,
1311 3651 1566 3718 quodque
1603 3664 1687 3704 me
1717 3648 2086 3700 intaminatam
2121 3649 2305 3700 hacte-

724 3757 829 3794 nus
884 3741 1222 3803 eustodtcrit,
1259 3740 1472 3808 dignam
1519 3737 1847 3791 mercedem.
1890 3735 2174 3791 Tumultus
2213 3739 2319 3790 in-.

728 3833 906 3894 terim,
947 3831 1125 3901 fragor
1155 3840 1209 3884 et
1247 3829 1452 3882 clamor
1484 3827 1753 3881 maximus
1795 3828 1846 3879 iu
1884 3828 2104 3894 populo,
2139 3837 2303 3894 atque

727 3925 866 3978 adeo
898 3921 1151 3976 conlusio
1179 3930 1314 3984 erat,
1354 3917 1674 3972 mulieribus
1709 3933 1813 3970 una
1847 3917 2184 3981 sedentibus,
2221 3916 2304 3970 in.
2353 3946 2382 3958 «λ

728 4018 1011 4084 vicemque
1091 4011 1600 4070 contradicentibus
1651 4028 1663 4066 :
1708 4011 1792 4066 his
1841 4011 2080 4081 quidem,
2135 4011 2304 4067 Indue

724 4109 1063 4179 Sacrilegam,
1097 4106 1219 4159 aliis
1279 4117 1462 4158 autem
1526 4103 1615 4156 tali
1670 4103 1912 4156 facinore
1960 4104 2182 4157 minime
2211 4120 2300 4158 ac-

727 4199 1155 4270 quiescentibus,
1185 4197 1652 4266 clamantibusque
1681 4211 1697 4253 ;
1726 4196 1836 4251 Cur
1869 4211 1967 4249 nos
2009 4210 2247 4264 quoque,
2273 4210 2304 4246 ι)

728 4307 944 4362 praeses,
992 4306 1183 4346 omnes
1238 4307 1346 4344 non
1406 4305 1513 4344 una
1568 4289 1749 4345 tollis?
1798 4304 2114 4359 perversum
2154 4286 2303 4358 judi-

725 4387 894 4447 cium,
917 4385 1119 4453 injusta
1157 4384 1209 4436 in
1244 4383 1506 4453 virginem
1543 4383 1645 4433 lata
1675 4383 1963 4434 sententia.
1989 4378 2190 4434 Thecla
2223 4381 2305 4433 iu-

728 4476 885 4529 terim
935 4489 1005 4529 ex
1057 4474 1309 4527 manibus
1352 4473 1704 4543 Thryphwni‘c
1755 4479 1939 4541 erepta
1983 4471 2301 4535 cxuebatnr,

2403 3293 2435 3357 ἡ
2497 3288 2707 3356 μάρτυς
2751 3285 3054 3352 ἀκούσασα,
3102 3289 3182 3349 είς
3245 3286 3454 3354 δακρυὰ
3480 3302 3537 3338 τε
3579 3286 3840 3356 προήχθη
3892 3288 3985 3339 καὶ

2405 3379 2765 3448 στεναγμοὺς,
2785 3380 2900 3440 καὶ,
2931 3379 2994 3429 Ὤ
3028 3378 3216 3446 Κύριε,
3239 3378 3362 3444 ἔφη,
3389 3376 3561 3445 Κύριέ
3581 3395 3683 3444 μου
3711 3379 3955 3444 και-βασι
3973 3410 3984 3419 -

2403 3469 2517 3531 λεῦ,
2553 3462 2596 3535 ᾧ
2627 3468 2736 3534 ἐγὼ
2784 3469 3102 3532 ἐπίστευσα,
3132 3469 3216 3536 ἐφ’
3251 3467 3309 3519 ὃν
3359 3466 3469 3534 ἐγὼ
3511 3467 3853 3536 κατέφυγον,
3897 3472 3987 3521 καὶ

2406 3561 2579 3631 πυρὸς
2613 3560 2909 3632 ἐρῤύσθην,
2943 3561 3137 3623 ἀπόδος
3167 3559 3362 3630 μισθὸν
3391 3558 3541 3626 ἄξιον
3569 3559 3865 3630 Τρυφαίνῃ
3893 3561 3987 3628 τῆς

2407 3653 2540 3721 πρὸς
2597 3670 2663 3722 με
2713 3653 2811 3720 τὴν
2852 3652 3049 3719 δούλην
3096 3668 3190 3701 σου
3249 3649 3620 3715 συμπαθείας,
3656 3652 3754 3701 καὶ
3787 3653 3872 3704 ὃτι
3923 3669 3987 3721 με

2403 3747 2576 3806 οὕτως
2607 3745 2779 3810 ἁγνὴν
2810 3744 3130 3797 διεσώσατο.
3181 3742 3423 3813 Θόρνΰος
3463 3739 3555 3794 οὖν
3587 3743 3683 3791 καὶ
3732 3743 3980 3807 πάταγος

2405 3835 2498 3887 καὶ
2544 3835 2642 3905 βοὴ
2679 3833 2907 3904 πλείστη
2947 3833 3039 3886 τοῦ
3083 3834 3258 3903 δήμου
3296 3835 3388 3886 καὶ
3434 3827 3987 3902 ἔγχυσις.ἧ“θ,τυναιο

2405 3927 2518 3980 κῶν
2546 3945 2603 3980 τε
2628 3926 2764 3996 ὁμοῦ
2790 3926 3264 3997 παρεδρευουσῶν,
3284 3925 3379 3977 καὶ
3401 3924 3663 3993 ἀλλήλαις
3691 3925 3990 3993 ἀντιφθεγ-

2403 4020 2676 4091 γομένων,
2709 4022 2803 4075 καὶ
2840 4020 2948 4071 τῶν
2976 4019 3097 4084 μὲν,
3124 4018 3400 4084 Εἱσὸιγαγε
3432 4018 3528 4082 τὴν
3560 4016 3870 4085 ἱερόσυλον,
3905 4017 3989 4067 λε-

2403 4113 2780 4181 γουσὼνοτῶν
2842 4111 2896 4163 δὲ
2953 4111 3066 4172 τοῖς
3116 4107 3421 4179 γινομένοις
3482 4108 3986 4177 ἁπαρεσκομὲνων,

2404 4208 2516 4267 καὶ,
2549 4205 2613 4255 Τί
2651 4203 2726 4275 μὴ
2755 4205 2848 4258 καὶ
2903 4205 3083 4266 πάσας
3117 4201 3295 4272 αἴρεις
3341 4201 3510 4269 ἡμᾶς,
3549 4198 3814 4269 memini;
3874 4203 3991 4260 ἑπι-

2406 4296 2805 4367 φθειρομένων·
2846 4295 2992 4364 κακὴ
3028 4294 3230 4364 κρίσις,
3276 4292 3456 4354 ἄδικος
3490 4289 3629 4343 κατὰ
3661 4291 3762 4356 τῆς
3785 4292 3991 4359 παρθι-

2404 4405 2496 4440 νου
2531 4389 2829 4456 ἀπόφασις.
2874 4387 2938 4438 Ἠ
2974 4386 3152 4438 Θέκὶα
3182 4384 3362 4436 τοίνυν
3392 4384 3471 4444 είς
3520 4383 3711 4450 χεῖρας
3740 4381 3987 4450 Τρψξαίφ

2409 4495 2506 4548 νης
2532 4480 2800 4546 ληφθεῖσα
2841 4475 3135 4546 περιεδύοη
3163 4489 3180 4506 °
3209 4473 3303 4528 καὶ
3332 4472 3577 4526 λαϐοῦσα
3603 4471 3882 4542 διάζωμα,
3913 4478 3988 4536 εἰς

727 4575 784 4617 et
815 4573 1032 4632 sumpto
1074 4563 1423 4632 subligaculo,
1470 4569 1524 4616 in
1559 4563 1762 4616 circum
1794 4563 2022 4632 impulsa
2063 4571 2168 4627 est,
2195 4563 2302 4615 leo-

2413 4570 2473 4621 τὸ
2499 4569 2714 4622 στάδιον
2737 4567 3022 4639 ἐνεϐλήθη,
3059 4569 3270 4630 λέοντές
3293 4584 3350 4620 τε
3383 4569 3480 4620 καὶ
3508 4565 3704 4636 ἄρκτοι
3727 4567 3989 4633 ἀφίενται

728 4674 934 4727 nesque
962 4672 1018 4712 et
1070 4661 1182 4714 ursi
1224 4659 1277 4710 in
1335 4659 1503 4726 ipsam
1540 4656 1791 4712 immissi.
1840 4656 1984 4710 Inter
2029 4669 2166 4725 quos
2197 4669 2304 4708 una

726 4758 896 4806 leaena
927 4749 1136 4806 caeteris
1168 4749 1338 4820 magis
1357 4751 1521 4803 etl‘era
1553 4749 1839 4804 confestim
1870 4748 1938 4802 ad
1971 4749 2136 4818 pedes
2165 4762 2308 4800 mar-

732 4843 862 4912 tyris
891 4855 950 4896 se
981 4841 1320 4910 proclinavit.
1370 4841 1489 4905 Quo
1523 4842 1637 4896 viso
1668 4841 1986 4896 acclamatio
2044 4855 2142 4909 per
2184 4854 2305 4894 mu-

727 4931 924 4985 lierum
999 4946 1191 5002 agmen
1253 4934 1503 5002 protinus
1548 4942 1634 4986 eSt
1685 4942 1999 4984 consecuta.
2063 4932 2305 4998 Cumun

730 5039 852 5078 ursa
882 5026 947 5078 ad
976 5036 1216 5080 sanctam
1270 5029 1409 5079 hanc
1442 5024 1700 5094 virginem
1748 5031 2085 5086 accurreret,
2112 5020 2302 5086 leaena,

731 5127 790 5170 ut
832 5117 880 5172 ei
925 5128 1308 5188 propugnaret,
1359 5117 1570 5171 obviam
1615 5130 1920 5185 progressa,
1961 5129 2144 5167 ursam
2190 5115 2306 5169 dis-

729 5212 953 5278 cerpsit.
987 5210 1188 5265 Deinde
1222 5210 1307 5264 leo
1344 5210 1408 5263 ad
1445 5209 1691 5262 homines
1715 5208 2057 5263 devorandos
2096 5209 2307 5262 exerci-

731 5312 898 5367 tatus,
931 5302 1023 5369 qui
1057 5301 1345 5357 Alexandri
1376 5309 1518 5362 erat,
1555 5302 1609 5353 in
1659 5301 1830 5371 ipsam
1863 5316 2081 5370 quoque
2113 5303 2307 5354 incita-

732 5405 841 5448 tur.
878 5393 1013 5448 Cutn
1045 5408 1152 5462 quo
1176 5394 1303 5446 dum
1345 5396 1510 5449 lesena
1539 5393 1791 5448 similiter
1822 5395 1873 5446 in
1909 5405 2186 5448 certamen
2216 5407 2308 5446 ve-

729 5486 833 5547 nit,
890 5493 1116 5552 uterque
1167 5494 1360 5539 mutuo
1413 5485 1615 5538 laniatu
1679 5493 1930 5555 pereunt.
1965 5483 2082 5548 Quo
2142 5484 2305 5548 facto,

731 5578 1313 5648 iuaximaqueinterim
1337 5576 1576 5631 ferarum
1605 5579 1759 5644 copia
1792 5577 1842 5629 in
1873 5576 2016 5627 illam
2045 5577 2305 5640 immissa,

730 5679 881 5724 stans
907 5681 1110 5734 erecta,
1145 5671 1210 5724 ad
1239 5671 1409 5724 Deum
1459 5682 1650 5739 preces
1695 5667 1943 5722 iaciebat.
1969 5666 2180 5732 Quibus
2213 5669 2309 5721 ab-

728 5763 944 5826 solutis,
992 5777 1273 5826 eonversa,
1315 5762 1491 5816 lacum
1546 5761 1693 5815 videt
1737 5776 1886 5830 aqua:
1930 5760 2148 5830 plenum
2189 5769 2308 5819 :et.

721 5850 906 5917 Nunc,
964 5854 1156 5922 inquit,
1204 5861 1416 5923 tempus
1467 5865 1548 5910 est
1596 5863 1653 5908 ut
1700 5851 1909 5916 abluar,
1941 5859 1994 5904 et
2044 5867 2143 5907 una
2188 5865 2309 5905 cum

2409 4661 2529 4717 κατ’
2561 4661 2751 4731 αὐτῆς.
2783 4663 2897 4716 Μία
2924 4661 3058 4730 γοῦν
3088 4660 3426 4724 λέαινα,τῶν
3445 4659 3618 4713 ἄλλων
3641 4660 3987 4727 ἀγριωτέρα,

2411 4757 2507 4808 σὺν
2543 4755 2696 4824 τάχει
2720 4752 2872 4823 παρὰ
2892 4753 3021 4815 τοὺς
3055 4750 3224 4816 πόδας
3253 4751 3350 4819 τῆς
3387 4751 3665 4820 μάρτυρος
3695 4749 3987 4818 ἁνεκλίθη,

2405 4849 2505 4898 καὶ
2532 4846 2592 4897 τὸ
2611 4845 2718 4897 τῶν
2743 4845 3022 4912 γυναικῶν
3041 4842 3242 4913 πλῆθος
3271 4842 3429 4904 εὐθὺς
3448 4840 3785 4911 ἐπεϐόησαν.
3858 4844 3989 4911 ’Λρ-

2407 4954 2534 4992 κτου
2558 4937 2615 4990 δὲ
2647 4940 2712 5006 τῇ
2735 4936 2867 5004 ἁγίᾳ
2889 4934 3316 5004 ἐπιδραμούσης,
3355 4934 3386 5001 ἡ
3417 4932 3627 4994 λέαινα,
3666 4931 3861 4999 ὥσπερ
3892 4937 3987 4984 αὐ-

2406 5032 2504 5100 τῆς
2542 5026 2983 5098 προασπίςουσα,
3031 5025 3307 5094 ὑπήντησε
3348 5038 3409 5074 τε
3439 5027 3528 5076 ιιαί
3565 5022 3828 5094 διέρρηξε
3867 5024 3991 5074 ταὺ-

2407 5138 2530 5191 την.
2567 5121 2803 5174 Ἔπειτα
2838 5117 2976 5171 λέων
3003 5117 3228 5185 ἀφίεται
3262 5115 3384 5169 κατ’
3440 5116 3611 5183 αὐτῆς
3633 5131 3648 5146 ’
3699 5117 3761 5193 ῆς
3837 5116 3988 5166 ’Διε-

2410 5211 2634 5280 ξάνδρου
2671 5213 2769 5280 μὲν
2800 5207 2889 5280 ἦν,
2918 5212 3127 5282 ἠσκητο
3147 5210 3202 5261 δὲ
3230 5207 3552 5280 ἀνθρώπους
3600 5205 3943 5276 βισρὼσκειν
3973 5222 3986 5235 ·

2407 5299 2450 5372 ᾦ
2482 5303 2577 5356 καὶ
2601 5303 2750 5372 αὑτῴ
2783 5303 2878 5372 τῆς
2909 5302 3126 5371 λεαίνης
3169 5302 3304 5373 πρὸς
3341 5299 3663 5369 συμπλοκὴν
3690 5299 3986 5367 ἐλθούσης,

2410 5399 2762 5467 ἀναιροῦνται
2795 5395 2887 5446 ὑπ’
2909 5395 3159 5466 ἀλλήλων
3189 5395 3508 5463 ἀμφότεροι.
3539 5391 3648 5443 Καὶ
3668 5391 3797 5444 τότε
3818 5391 3986 5443 πολλὰ

2409 5489 2516 5540 τῶν
2550 5486 2758 5556 θηρίων
2784 5486 3034 5554 ἀφιᾶσιν,
3060 5484 3302 5550 ἑστώσης
3336 5481 3563 5548 Θέκλης,
3607 5480 3702 5531 καὶ
3755 5495 3985 5550 προσευο

2410 5580 2646 5649 χομὲνης
2669 5577 2808 5646 Θεῷ.
2854 5576 3009 5629 Ἐπεὶ
3049 5577 3104 5627 δὲ
3136 5575 3232 5625 καὶ
3264 5574 3412 5636 τέλος
3437 5571 3578 5644 εἶχεν
3611 5572 3646 5638 ἠ
3676 5573 3984 5642 προσευχὴ.

2411 5671 2831 5738 ὲπιστραερείσα,
2875 5667 3076 5719 λάκκον
3139 5667 3262 5736 ὁρᾷ,
3316 5665 3509 5736 μεστὸν
3575 5662 3796 5734 ὓδατος,
3834 5662 3984 5724 Εἶτα,

2411 5761 2521 5815 Νῦν
2543 5762 2750 5831 καιρὸς,
2783 5763 2907 5828 Ege,
2941 5759 3034 5812 τοῦ
3062 5758 3352 5812 λοὺςααθαί
3377 5771 3476 5826 με’
3507 5756 3602 5809 καὶ
3645 5757 3767 5826 ἅμα
3827 5754 3986 5819 καθῇ·

2414 5870 2506 5906 κεν
2528 5853 2725 5922 ἑαυτὴν
2746 5853 2822 5914 είς
2843 5849 2903 5901 τὸ
2930 5850 3091 5920 ὕδωρ,
3124 5852 3210 5910 Ἐν
3235 5850 3307 5921 τῷ
3324 5849 3545 5916 ὀνόματί
3574 5867 3697 5912 σου,
3729 5850 3982 5916 λέγουσι,
