4150 6482
680 398 783 460 839

1920 397 2202 458 MENSIS
2239 397 2528 457 SEPTEM
2546 399 2714 457 BER.

3852 399 3956 462 840

681 509 1047 580 adipiscetur.
1109 512 1200 567 sed
1257 521 1430 567 morte
1515 510 1837 565 multabitur
1911 514 2268 582 sempiterna.

2395 512 2740 583 ἰυσωπηθεὶς,
2778 511 2968 579 ἱμάτια
3021 509 3304 580 ἐνεχθῆναι
3351 511 3582 575 κελεύει,
3637 512 3735 563 καὶ
3791 512 3961 584 αὐτὴν

681 603 891 673 Quibus
917 621 1117 676 prmses
1151 606 1350 659 auditis
1377 606 1601 675 (quippe
1622 616 1909 672 martyrem
1935 603 2044 672 jam
2085 606 2271 658 verba-

681 712 786 766 que
816 697 987 764 ipsius
1036 695 1336 763 reveritus)
1383 704 1561 750 vestes
1591 693 1799 757 aﬂ‘erri,
1832 694 2005 762 iisque
2035 709 2093 747 se
2126 693 2270 746 illam

686 787 912 840 induere
965 786 1214 856 imperat.
1261 786 1344 839 Ad
1384 801 1545 855 quem
1606 785 1692 838 illa
1737 803 1749 838 :
1793 784 1895 849 Qui
1932 801 2015 838 me
2047 785 2270 847 nudam,

682 890 870 933 contra
899 877 1042 933 feras
1091 880 1494 946 depugnantem
1539 877 1777 942 vestivit,
1811 878 1927 947 ipse
1983 877 2037 930 in
2083 875 2273 945 judicii

682 971 768 1025 die
799 970 972 1025 salute
1001 978 1052 1022 te
1089 970 1283 1023 vestiet
1311 987 1323 1021 :
1358 980 1719 1038 sumptasque
1747 969 1849 1022 sibi
1883 968 2270 1022 circumdedit.

683 1061 842 1126 Quod
883 1059 1209 1114 beneﬁcium
1242 1060 1348 1116 hoc
1399 1061 1624 1130 insuper
1658 1061 1851 1114 merito
1876 1075 2078 1129 praeses
2107 1075 2272 1114 accu-

686 1152 933 1219 mulavit,
977 1163 1036 1207 ut
1079 1164 1133 1208 et
1176 1154 1462 1224 epistulam
1513 1155 1891 1210 lconieusibus
1921 1155 2188 1212 scriberet
2219 1154 2271 1207 in

685 1245 803 1299 hazc
866 1244 1029 1298 verba
1074 1262 1085 1296 :
1142 1242 1400 1298 Theclam
1435 1245 1579 1313 piam
1631 1242 1726 1296 Dei
1779 1241 2064 1296 cultricem
2124 1239 2274 1294 vobis

684 1337 925 1391 dimitto.
961 1334 1081 1402 Quo
1108 1335 1277 1402 facto,
1306 1337 1566 1390 mulieres
1599 1350 1789 1389 omnes
1826 1333 2047 1404 gaviszr,
2079 1347 2273 1399 magna

688 1438 820 1486 voce
859 1430 966 1483 Deo
1005 1429 1194 1482 laudes
1247 1427 1598 1484 referebant:
1645 1426 1799 1481 Unus
1844 1427 1984 1478 Deus
2017 1422 2274 1485 Thcclte;

688 1537 831 1576 unus
876 1522 1016 1574 Deus
1042 1521 1135 1590 qui
1170 1519 1428 1574 Theclam
1454 1519 1711 1581 servavit,
1749 1518 2128 1571 inclamantes.
2158 1514 2274 1580 Qua

689 1628 821 1666 voce
865 1621 976 1665 tota
1028 1611 1223 1666 civitas
1275 1611 1606 1680 personabat
1654 1626 1668 1663 :
1705 1609 2122 1679 Tryphaanaque
2167 1616 2275 1659 tam

689 1705 809 1758 la-to
833 1704 1028 1757 nuntio
1058 1712 1311 1772 accepto,
1355 1717 1478 1755 cum
1525 1717 1717 1771 magna
1768 1699 2140 1760 multitudine,
2172 1713 2278 1767 qun

690 1795 834 1849 illam
863 1795 1306 1864 amplecteretur,
1344 1792 1561 1846 obviam
1588 1792 1686 1845 ivit
1734 1810 1745 1844 :
1783 1789 1965 1851 Nunc,
1999 1789 2275 1858 inquiens,

2376 602 2697 656 ἐνδύσασθαι
2733 602 2924 656 ταῦτα.
2984 603 3051 656 Ἠ
3084 603 3140 655 δὲ
3167 621 3179 634 ·
3255 605 3296 655 Ο
3329 604 3555 667 ὲνδύσας
3613 621 3680 675 με
3717 606 3961 676 γυμνὴν,

2377 695 2678 766 ἔφη,πρὸς
2737 694 2900 766 θηρία
2967 693 3368 760 πυκτεύουσαν,
3429 696 3591 759 αὐτὸς
3655 699 3712 750 ὲν
3774 697 3959 767 ἡμέρᾳ

2377 787 2612 857 κρίσεως
2647 787 2858 841 ὲνδύσει
2897 806 2956 841 σε
3000 789 3300 858 σωτηρίαν.
3330 789 3437 842 Καὶ
3479 789 3728 842 λαϐοῦσα
3769 806 3958 859 περιε-

2377 880 2594 933 ϐάλετο.
2625 881 2766 950 Πρὸς
2796 881 3006 945 τούτοις
3053 883 3080 934 ό
3109 881 3337 953 ἡγεμὼν
3382 880 3459 949 τῷ
3496 879 3688 950 ἀγαθῷ
3732 898 3960 950 προστι-

2378 973 2512 1038 θεὶς,
2550 973 2788 1044 γράμμα
2834 974 3147 1027 ἰκονιεῦσιν
3180 974 3482 1043 ἐκπέμπει,
3521 973 3744 1040 γράψας
3769 972 3963 1033 οῦτωςο

2377 1065 2594 1118 Θέκλαν
2621 1068 2724 1136 τὴν
2758 1066 2993 1134 ,θεοσεόἧ
3025 1066 3230 1136 ἀφίημι
3262 1068 3410 1135 ὑμῖν.
3455 1066 3752 1134 Ἤσθησαν
3780 1064 3874 1116 οῦν
3911 1065 3963 1115 οἱ

2377 1154 2638 1219 γυναῖκες
2679 1154 2774 1204 ἐπὶ
2811 1153 2985 1222 τούτῳ
3027 1154 3220 1216 πᾶσαι,
3256 1156 3351 1204 καὶ
3383 1155 3536 1221 φωνῇ
3586 1151 3812 1222 μεγάλῃ
3860 1151 3965 1201 ἐδό-

2380 1245 2549 1310 ξασαν
2579 1246 2672 1297 τὸν
2706 1245 2839 1298 Θεόν
2867 1259 2880 1274 ⁶
2916 1240 3009 1307 Εἷς
3039 1244 3174 1308 Θεὸς
3229 1246 3256 1298 ό
3290 1244 3498 1296 Θέκλαν
3530 1244 3814 1310 διασωσαρ
3829 1259 3963 1304 ενος.

2378 1337 2452 1400 ὡς
2483 1337 2587 1390 ὑπὸ
2621 1339 2721 1406 τῆς
2746 1341 2930 1407 φωνῆς
2949 1336 3152 1407 ταύτης
3199 1336 3663 1407 διαθρυλληθῆναι
3688 1335 3790 1405 τὴν
3817 1334 3965 1385 πόλιν

2381 1429 2598 1482 ἃπασαν
2623 1444 2638 1460 ⁸
2678 1429 2995 1501 Τρύφαιναν
3035 1447 3094 1481 τε
3126 1429 3612 1498 εύαγγελισθεῖσαν
3645 1428 3964 1496 ἀπαντῆσαι

2383 1521 2482 1573 σὺν
2511 1521 2730 1589 πλήθει,
2785 1522 3107 1592 περιϐαλεῖν
3147 1539 3206 1574 τε
3255 1523 3354 1592 τὴν
3390 1522 3620 1586 Θέκλαν,
3685 1522 3803 1585 καὶ,
3835 1520 3962 1580 Νῦν,

2385 1611 2575 1675 ςάναι,
2608 1608 2888 1660 πιστεύειν
2918 1609 3178 1677 δύναμαι,
3234 1610 3318 1661 ὃτι
3365 1609 3544 1661 Θέκλα
3577 1610 3638 1660 τὸ
3669 1611 3868 1660 τέκνον
3900 1608 3962 1675 δὴ

2382 1700 2442 1752 τὸ
2474 1701 2605 1769 ἐμὸν
2633 1699 2721 1769 ζῇ.
2744 1699 2912 1770 Δεῦρο
2944 1701 3121 1753 τοίνυν
3147 1701 3294 1770 ἐμοὶ,
3325 1700 3583 1770 θύγαιερ,
3613 1703 3694 1762 εἰς
3721 1707 3813 1751 τον
3842 1699 3968 1767 ἐμὸν

2384 1788 2553 1858 οἷκον,
2587 1795 2680 1846 καὶ
2708 1795 2776 1846 τὰ
2815 1796 2925 1864 ἐμὰ
2954 1796 3131 1847 πάντα
3165 1812 3249 1846 σοι
3285 1795 3598 1864 ἐπιγράψω.
3631 1790 3846 1846 Ἦλθεν
3878 1793 3969 1846 νῦν

688 1888 917 1942 credere
946 1901 1169 1956 possunt
1203 1884 1464 1939 Theclam
1495 1883 1656 1937 tiliam
1691 1898 1869 1936 meam
1919 1883 2120 1945 vivere,
2157 1882 2280 1934 veni

2395 1885 2567 1938 αἴκαδε
2601 1885 2786 1938 Θέκλα
2830 1884 2972 1955 μετὰ
3007 1885 3327 1954 Τρυφαίνης
3354 1901 3366 1914 ·
3403 1886 3496 1938 καὶ
3529 1886 3750 1954 ἡμέρας
3783 1883 3970 1949 ὀλίγας

687 1980 912 2034 domum
950 1993 1098 2033 nunc
1125 1993 1253 2049 ergo
1292 1978 1359 2031 ad
1401 1992 1506 2040 me,
1539 1993 1657 2030 mea
1704 1977 1814 2029 lilia
1849 1993 1862 2029 :
1904 1989 2095 2028 omnes
2132 1988 2282 2026 meas

689 2072 975 2125 facultates
1021 2070 1074 2123 in
1102 2079 1154 2124 te
1213 2069 1594 2123 transcribam.
1627 2067 1854 2121 Abitilla
1877 2082 2001 2120 cum
2023 2065 2283 2135 Tryphae-

690 2180 783 2227 na,
816 2175 869 2219 et
913 2163 1031 2217 dies
1083 2177 1286 2232 paucos
1337 2160 1540 2215 ibidem
1592 2161 2073 2229 conquiescentes,
2108 2158 2278 2211 ambae

2383 1980 2501 2031 ἐκεῖ
2556 1978 3074 2048 διαναπαυσάμεναι
3124 1979 3409 2032 ἐδίδασκον
3469 1979 3637 2048 ἄμφω
3679 1978 3772 2029 τὸν
3816 1976 3973 2044 λόγον

2386 2071 2615 2140 Κυρίου,
2650 2071 2789 2123 ὥστε
2819 2071 3112 2124 πιστεῦσαι
3135 2071 3235 2134 τὰς
3261 2072 3477 2133 πλείους
3504 2072 3611 2124 τῶν
3645 2069 3974 2134 παιδισκῶν,

2385 2158 2478 2210 καὶ
2513 2159 2689 2227 χαρᾶς
2719 2159 3028 2228 πλησθῆναι
3057 2159 3148 2211 τὸν
3173 2154 3320 2210 οἷκον
3353 2158 3692 2228 Τρυφαίνης.

692 2258 786 2312 Dei
836 2258 1062 2312 verbum
1105 2256 1432 2310 docebant:
1485 2255 1559 2309 ita
1603 2264 1660 2308 ut
1711 2255 1892 2309 multa:
1947 2269 2010 2308 ex
2094 2253 2305 2306 ancillis
2352 2251 2514 2306 {idem
2579 2255 2963 2324 susciperent,
3049 2264 3102 2308 et
3157 2254 3339 2309 lzetitia
3401 2256 3594 2310 domus
3657 2253 3979 2324 Tryphaena:

695 2355 1026 2424 repleretur.

768 2445 886 2500 ΧΠ.
919 2447 1193 2500 Caeterum
1238 2461 1346 2498 non
1374 2445 1589 2499 sinebat
1633 2443 1891 2498 Theclam
1941 2443 2202 2513 spiritalis
2235 2443 2289 2495 in

694 2537 924 2592 Paulqu
954 2553 1108 2591 amor
1141 2537 1350 2592 diutius
1381 2537 1622 2606 quietam
1653 2551 1796 2600 esse,
1831 2538 1925 2592 sed
1970 2538 2153 2590 animo
2188 2536 2290 2589 sol-

694 2632 841 2687 licita
868 2645 1280 2700 quoquoversus
1315 2630 1382 2684 ad
1410 2630 1563 2683 illum
1612 2629 1996 2699 inquirendum
2023 2627 2291 2682 mittebat.

696 2723 948 2793 Cumque
998 2722 1162 2794 Myris
1200 2722 1375 2793 Lycia:
1427 2722 1564 2776 urbe
1603 2737 1723 2776 esse
1759 2721 2061 2786 didicisset,
2106 2720 2292 2774 multis

696 2832 883 2873 secum
915 2815 1135 2870 famulis
1165 2829 1219 2870 et
1256 2815 1469 2870 ancillis
1507 2799 1837 2884 assumptis,
1872 2814 1988 2884 ipsa
2021 2813 2204 2868 tunica
2238 2812 2293 2865 in

697 2909 978 2980 penulam,
1009 2909 1222 2962 virilem
1252 2909 1303 2961 in
1332 2908 1596 2978 speciem,
1641 2915 1999 2968 commutata,
2037 2905 2104 2958 ad
2133 2904 2292 2958 illum

697 3017 896 3074 magno
929 3016 1052 3056 cum
1110 3001 1387 3055 desiderio
1440 3000 1778 3070 spiritusque
1825 3000 2020 3052 ardore
2054 2998 2296 3067 profecta

697 3104 802 3148 eat.
835 3094 1008 3158 Quem
1034 3092 1197 3163 Myris
1225 3092 1292 3145 de
1320 3091 1485 3145 rebus
1509 3090 1710 3145 divinis
1739 3089 2101 3145 disserentem
2130 3092 2284 3147 inve-

2469 2438 2564 2491 IB'.
2600 2437 2808 2492 Θέιιλαν
2843 2441 3029 2509 μέντοι
3062 2440 3168 2492 οὐδ’
3199 2440 3333 2501 ὅλως
3360 2441 3589 2510 ἠρεμεῖν
3625 2448 3902 2514 παρεῖχον
3930 2449 3977 2500 ei

2395 2532 2611 2585 Παύλου
2651 2539 3018 2601 πνευματικοὶ
3056 2534 3258 2605 ἔρωτες
3288 2552 3300 2566 ·
3342 2536 3456 2588 ἀλλ’
3487 2533 3554 2605 ἦν
3592 2537 3847 2590 ἁλύουσα
3881 2541 3977 2608 τὴν

2394 2627 2645 2697 καρδίαν,
2705 2629 3005 2697 πέμπουσά
3059 2645 3118 2679 τε
3177 2629 3454 2696 πανταχοῦ
3518 2629 3642 2697 γῆς,
3727 2633 3984 2683 κάκεῖνον

2393 2715 2752 2785 ἐπιζητοῦσα.
2801 2718 2954 2768 Ἐπεὶ
2989 2717 3045 2768 δὲ
3098 2716 3260 2785 μάθοι
3291 2719 3348 2768 ἐν
3389 2717 3603 2788 Μύροις
3646 2719 3816 2770 αὑτὸν
3846 2717 3983 2772 εἶναι

2393 2809 2493 2877 τῆς
2531 2809 2761 2870 Λυκίας,
2809 2807 3051 2869 ’πολλοὺς
3094 2807 3204 2860 τῶν
3255 2809 3556 2862 νεανίσκων
3602 2809 3860 2865 λαὸοῦσα
3891 2814 3983 2866 καὶ

2397 2900 2722 2964 παιδισκῶν,
2751 2902 2867 2954 κατ’
2899 2902 3066 2973 ἄνδρα
3097 2902 3153 2954 δὲ
3176 2902 3269 2956 τὸν
3304 2904 3507 2974 χιτῶνα
3546 2908 3628 2968 εἰς
3676 2906 3986 2976 ἐπενδύτην

2399 2995 2806 3066 μεταϐαλοῦσα,
2846 2996 3013 3068 ἀπῄει
3061 2998 3198 3067 πρὸς
3245 2999 3429 3063 αὑτὸν,
3476 3000 3617 3067 μετά
3660 3018 3726 3067 γε
3777 3001 3974 3054 πολλοῦ

2395 3089 2562 3142 πόθου
2633 3092 2726 3142 καὶ
2764 3087 2968 3156 θερμοῦ
3007 3088 3339 3155 πνεύματος.
3379 3091 3638 3161 Εὑρίσκει
3688 3093 3986 3160 τοιγαροῦν

699 3184 800 3249 ait,
839 3185 1024 3255 illique
1081 3185 1355 3247 desubito,
1398 3183 1535 3238 nihil
1573 3183 1680 3237 tale
1735 3182 2065 3252 prmscienti,
2097 3191 2239 3236 astat
2273 3201 2286 3235 :

2405 3181 2619 3232 Παῦλον
2659 3183 2717 3232 ὲν
2764 3181 2999 3253 Μύροις,
3061 3183 3128 3235 τὰ
3190 3182 3323 3253 περὶ
3377 3182 3513 3235 Θεοῦ
3569 3184 3984 3250 διαλεγόμενον,

697 3293 859 3346 quam
907 3287 967 3330 ut
1019 3275 1109 3330 ille
1173 3276 1439 3345 turbaque
1485 3289 1606 3343 quae
1655 3289 1762 3327 una
1816 3273 2024 3338 aderat,
2060 3273 2289 3343 aspexit,

699 3380 924 3438 stupore
971 3369 1248 3437 perculsus
1275 3375 1378 3430 est,
1427 3382 1496 3421 ne
1522 3366 1665 3434 quod
1703 3365 1936 3430 videbat,
1969 3380 2108 3421 nova
2149 3375 2292 3422 esset

698 3463 948 3524 tentatio.
985 3475 1168 3517 secum
1222 3467 1502 3530 reputans.
1551 3458 1753 3512 Thecla
1785 3467 1966 3512 autem
2001 3459 2289 3522 accedens,

697 3556 920 3622 Accepi,
977 3554 1174 3622 inquit,
1218 3568 1250 3606 ο
1283 3552 1468 3613 Paule,
1512 3551 1811 3612 lavacrum,
1845 3549 1937 3616 qui
1987 3548 2132 3601 enim
2189 3564 2293 3602 una

701 3657 884 3700 tecum
935 3655 1193 3714 operatus
1243 3653 1328 3697 est
1381 3641 1438 3694 in
1497 3638 1874 3712 Evangelium,
1906 3641 2038 3694 mihi
2075 3655 2294 3711 quoque

703 3740 790 3792 ille
820 3738 957 3807 ipse,
992 3746 1050 3790 ut
1107 3735 1381 3799 abluerer,
1414 3733 1708 3790 concessit.
1738 3733 1876 3788 Tum
1914 3733 2114 3789 Paulus
2147 3735 2291 3788 illaut

700 3832 767 3885 ad
798 3845 857 3883 se
889 3839 1162 3898 receptam
1193 3830 1246 3880 in
1281 3827 1505 3879 domum
1540 3824 1808 3878 llermeiae
1847 3823 2086 3881 deduxit.
2111 3824 2294 3892 ibique

703 3920 1002 3990 sigillatim,
1043 3931 1385 3987 quaecunque
1437 3914 1538 3970 sibi
1593 3912 1895 3968 Antiochia:
1946 3912 2292 3980 accidissent,

703 4011 906 4066 Thecla
939 4011 1105 4065 Paulo
1139 4019 1361 4065 enarrat
1400 4025 1414 4062 :
1448 4019 1507 4062 ut
1539 4009 1832 4077 plurimum
1864 4016 1917 4060 et
1948 4007 2035 4061 ille
2065 4006 2292 4061 mirare-

707 4114 818 4168 tur,
850 4114 904 4157 et
935 4102 1277 4156 audientium
1311 4099 1446 4152 ﬁdes
1472 4098 1908 4163 conﬁrmaretur,
1947 4096 2292 4167 Tryplmnaz-

703 4212 810 4267 que
865 4194 1260 4265 benignitatem
1318 4192 1736 4262 amplectentes.
1783 4206 1881 4261 pro
1950 4190 2067 4260 ipsa
2124 4189 2294 4244 Deum

705 4286 1135 4358 depreCarentur
1171 4305 1182 4339 :
1217 4289 1364 4355 quod
1419 4301 1669 4354 magnam
1712 4284 1799 4338 illa
1831 4284 1949 4338 auri
1985 4293 2040 4337 et
2087 4281 2295 4354 argenti

705 4383 1048 4449 vestiumque
1081 4379 1317 4447 copiam,
1351 4391 1447 4445 per
1486 4376 1526 4428 Τ
1536 4375 1739 4430 beclam
1790 4375 1853 4429 ad
1895 4375 2145 4438 Paulum,
2189 4390 2296 4443 quo

709 4472 1048 4543 pauperibus
1075 4478 1513 4534 succurreretur,
1548 4467 1804 4522 misisset.

777 4656 922 4710 χιιι.
955 4657 1154 4711 Thecla
1197 4671 1361 4725 porro
1412 4669 1476 4709 ex
1516 4652 1667 4708 Pauli
1715 4652 1983 4707 sententia
2027 4666 2149 4704 eum
2185 4651 2297 4706 leo-

709 4753 855 4805 niurn
923 4753 1287 4819 pervenisset,
1345 4748 1442 4802 Dei
1497 4751 1720 4800 verbum
1770 4747 1972 4801 ibidem
2024 4746 2293 4797 ducebat:

706 4839 1086 4909 accedeusque
1157 4834 1486 4907 Ouesipliori
1561 4835 1782 4890 domum
1818 4875 1832 4896 ,
1923 4849 1989 4887 eo
2049 4831 2151 4886 loci
2208 4830 2296 4885 ubi

709 4932 909 4987 Paulus
986 4931 1178 4986 sedere
1248 4941 1304 4984 et
1374 4930 1570 4984 docere
1624 4927 1880 4990 solebat,
1943 4938 2065 4978 sese
2148 4923 2297 4977 humi

708 5025 1028 5098 promeruit.
1063 5023 1211 5078 Talis
1241 5030 1324 5077 est
1375 5023 1521 5076 enim
1552 5019 1810 5074 desiderii
1846 5019 1945 5082 vis,
1980 5027 2039 5072 ut
2083 5018 2299 5084 quando

708 5119 1028 5189 ipsummet,
1057 5131 1220 5186 quem
1264 5113 1448 5168 videre
1465 5122 1704 5181 ex0ptat,
1739 5111 1937 5165 habere
1969 5125 2076 5163 non
2111 5112 2299 5179 possit,

709 5212 915 5281 aliquid
962 5208 1176 5271 chrum,
1203 5222 1323 5276 qua:
1375 5206 1442 5258 ad
1479 5206 1628 5257 illum
1680 5206 2080 5274 pertinuerant,
2121 5203 2300 5257 ardori

709 5305 858 5358 illius
885 5301 1134 5357 solatium
1172 5298 1404 5353 adferat.
1443 5296 1635 5367 Magno
1668 5296 1830 5366 igitur
1864 5311 1988 5371 cum
2023 5295 2216 5365 gaudio
2247 5295 2302 5347 in

711 5404 914 5451 terram
948 5392 1333 5463 procumbens,
1357 5389 1546 5444 calidis
1577 5405 1693 5442 eam
1749 5389 1999 5458 lacrymis
2046 5402 2303 5456 consper-

712 5487 893 5558 gebat,
927 5500 1230 5553 manusque
1285 5484 1337 5535 iu
1369 5482 1670 5537 orationem
1699 5483 2039 5551 expandens,
2063 5477 2300 5545 Gratias,

711 5580 908 5648 inquit,
935 5576 1029 5632 tibi
1049 5591 1169 5646 ago,
1198 5574 1424 5628 Domine
1455 5572 1595 5627 Deus
1619 5589 1795 5638 meus,
1822 5585 1876 5628 et
1905 5574 2069 5642 hujus
2087 5571 2301 5637 domus,

711 5671 803 5725 ubi
858 5679 917 5722 tu
974 5666 1193 5720 Christe
1236 5665 1386 5727 Jesu,
1427 5663 1525 5717 Fili
1579 5664 1671 5716 Dei
1730 5663 1986 5728 viventis,
2028 5660 2158 5714 mihi
2215 5663 2304 5715 lux

717 5758 1123 5830 resplenduisti,
1165 5759 1256 5827 qui
1300 5756 1431 5809 mihi
1469 5757 1685 5826 adjutor
1720 5757 1772 5810 in
1810 5771 2055 5819 carcere,
2092 5755 2306 5823 adjutur

717 5861 767 5910 ln
796 5853 1042 5926 praeside,
1078 5851 1294 5922 adjutor
1325 5851 1375 5904 in
1408 5851 1598 5906 bestiis
1624 5859 1674 5905 et
1702 5851 1822 5921 igne
1847 5849 1995 5904 fuisti
2034 5865 2046 5900 :
2085 5851 2304 5918 gratias,

2404 3274 2498 3325 καὶ
2520 3272 2716 3344 ἀθρόον
2749 3275 2902 3346 αὐτῷ
2929 3277 3264 3345 παρίσταται
3291 3276 3460 3345 μηδὲν
3483 3275 3835 3343 προμαθόντι
3860 3292 3875 3307 ·
3899 3277 3988 3328 τὸν

2401 3364 2480 3430 δὲ,
2510 3367 2731 3436 ἐκείνην
2771 3383 2828 3418 τε
2862 3366 3227 3433 θεασάμενον,
3263 3364 3356 3415 καὶ
3385 3365 3446 3414 τὸ
3473 3364 3603 3432 περὶ
3647 3364 3825 3435 αὐτὴν
3860 3366 3991 3434 πλῆ-

2404 3453 2518 3518 θος,
2556 3456 2819 3524 ἔκπληξις
2855 3450 2989 3525 εἶχε,
3017 3454 3392 3525 λογιζόμενον,
3435 3456 3508 3523 μὴ
3552 3455 3648 3506 καὶ
3673 3458 3990 3526 πειρασμὸς

2403 3547 2590 3617 ἕτερος
2703 3548 2763 3598 τὸ
2793 3548 3140 3615 φαινόμενον.
3169 3545 3346 3599 Θέκλα
3369 3545 3423 3598 δὲ
3443 3548 3685 3599 συνεῖσαο
3729 3548 3989 3615 Ἐλαδον,

2403 3639 2531 3710 ἔφη,
2560 3639 2620 3692 τὸ
2652 3641 2902 3710 λουτρὸν,
2936 3640 3137 3694 Παῦλε.
3176 3641 3428 3712 ΚαὶὙὰρ
3464 3642 3490 3693 ό
3518 3645 3879 3712 συνεργήσας
3913 3659 3992 3695 σοι

2405 3734 2540 3802 πρὸς
2570 3735 2631 3784 τὸ
2667 3734 3025 3803 Εὑαγγέλιον,
3056 3736 3224 3804 κάμοὶ
3249 3729 3404 3797 οὗτος
3439 3735 3575 3804 πρὸς
3602 3737 3662 3788 τὸ
3686 3737 3992 3792 λούσασθαι

2407 3829 2836 3897 συνεψηφίσατο.
2912 3829 3020 3880 Καὶ
3083 3829 3382 3896 λαϐόμενος
3425 3829 3599 3897 αὐτῆς
3662 3832 3690 3882 ὁ
3753 3818 3990 3897 Παῦλος,

2389 3921 2669 3991 ,ἀπήγαγε
2705 3921 2841 3991 πρὸς
2864 3921 2955 3974 τὸν
2980 3917 3131 3974 οἷκον
3180 3918 3442 3990 Ερμείου,
3481 3918 3612 3974 ἔνθα
3645 3923 3795 3975 κατὰ
3826 3925 3994 3995 μέρος

2379 4015 2774 4094 ,ἅπαντα,ὃσα
2827 4012 3177 4084 συμϐέϐηκεν
3219 4016 3277 4066 ὲν
3342 4013 3669 4086 Ἀντιοχείᾳ,
3724 4018 3758 4088 ἡ
3812 4017 3998 4074 Θέκλα

2403 4097 2482 4170 τῷ
2516 4105 2713 4172 Παύλῳ
2739 4105 3032 4174 διασαφεῖ·
3067 4107 3142 4168 ὼς
3185 4108 3357 4159 πολλὰ
3395 4109 3647 4161 κάκεῖνον
3676 4107 3992 4180 θαυμάσαι,

2405 4195 2504 4248 καὶ
2542 4195 2640 4249 τὴν
2697 4194 2807 4248 τῶν
2866 4194 3180 4249 ἀκουόντων
3241 4197 3706 4267 ἐπιστηριχθῆναι
3776 4204 3991 4266 πίστιν,

2407 4288 2726 4360 Τρυφαίνης
2760 4305 2816 4342 τε
2883 4289 2945 4342 τὸ
2979 4287 3263 4358 εῠγνῳμον
3321 4289 3767 4360 ἀποδεξαμένους
3829 4295 3998 4363 ῦπερ-

2416 4383 2677 4448 εύξασθαι
2727 4385 2952 4454 ταύτης.
2985 4383 3271 4452 Τρύφαινα
3303 4384 3405 4455 μὲν
3426 4380 3517 4438 οὖν
3542 4384 3741 4454 συχνὸν
3769 4389 3998 4456 χρυσίον

2331 4517 2373 4570 D
2405 4494 2462 4529 τε
2503 4477 2596 4528 καὶ
2621 4477 2902 4546 ἀργύριον,
2937 4477 3073 4545 πρὸς
3104 4477 3160 4529 δὲ
3191 4480 3284 4531 καὶ
3308 4478 3625 4548 ἱματισμὸν,
3663 4479 3758 4534 διὰ
3784 4480 3997 4551 Θέκλης

2404 4571 2481 4640 τῷ
2523 4570 2718 4638 Παύλῳ
2760 4570 2971 4638 πέμπει
3011 4571 3338 4622 διακονοῦσα
3375 4574 3593 4641 πένησι.

2480 4665 2577 4716 ll".
2608 4664 2787 4714 Θέκλα
2818 4663 2872 4712 δὲ
2923 4661 3120 4731 γνώμῃ
3162 4663 3244 4713 Ila
3270 4662 3396 4713 ύλου
3441 4665 3520 4725 εἰς
3577 4664 3803 4717 Ἰκόνιον
3849 4686 3998 4735 γενι-

2412 4752 2572 4821 μένη,
2617 4751 2709 4802 τὸν
2737 4749 2831 4801 τοῦ
2864 4749 2998 4801 Θεοῦ
3032 4750 3190 4818 λόγον
3225 4750 3508 4806 ἐδίδασκεν
3536 4768 3550 4783 ’
3589 4753 3921 4809 ἀπελθοῦσα
3940 4759 3992 4808 δὲ

2408 4842 2503 4892 καὶ
2530 4841 2609 4901 εἰς
2624 4839 2708 4890 τὸν
2728 4838 3084 4908 Ὀνησιρόρου
3111 4834 3282 4904 οἶκον,
3302 4843 3510 4909 πέμπει
3529 4841 3588 4893 τὸ
3605 4843 3759 4913 παρὰ
3778 4844 3872 4896 ἐδα
3884 4863 3996 4913 φος,

2411 4930 2545 4981 ὅπου
2584 4927 2791 4988 Παῦλος
2823 4921 2889 4998 ἦν
2941 4925 3307 4996 καθεζόμενος
3343 4931 3437 4980 καὶ
3483 4929 3778 4986 διδάσκων.
3816 4934 4000 4985 Τοιοῦ-

2408 5038 2498 5076 τον
2530 5020 2635 5088 γὰρ
2670 5021 2696 5072 ό
2734 5020 2921 5084 πόθος,
2953 5021 3084 5074 ὅταν
3126 5021 3290 5073 αὑτὸν
3349 5022 3561 5074 ἐκεῖνον
3603 5022 3680 5092 μὴ
3736 5023 3859 5094 ἔχοι
3910 5028 3996 5077 τὸν

2413 5113 2757 5183 ποθούμενον
2796 5113 3062 5184 καθορᾷν,
3110 5113 3350 5167 ποιεῖταί
3382 5130 3434 5166 τι
3464 5114 3575 5165 τῶν
3624 5117 3854 5168 ἐκείνου
3903 5117 3994 5185 τῆς

2413 5206 2611 5276 φλογὸς
2643 5205 3016 5275 παραμύθιον.
3054 5207 3302 5259 Πεσοῦσα
3327 5207 3504 5259 τοίνυν
3533 5206 3631 5259 σὺν
3665 5203 3835 5279 ἡδονῇ
3867 5211 3995 5280 trp-5;

2410 5297 2473 5348 τὸ
2516 5295 2736 5361 ἔδαφος,
2766 5295 2999 5364 δάκρυσι
3032 5293 3191 5347 τοῦτο
3235 5295 3460 5366 Θερμοῖς
3489 5294 3718 5348 ἔϐαλλεν
3744 5314 3758 5327 ’
3817 5298 3994 5362 ἂρασά

2415 5402 2473 5438 τε
2508 5386 2696 5455 χεῖρας
2755 5384 2835 5445 εἰς
2883 5386 3222 5455 προσευχὴν,
3268 5383 3593 5455 Εὑχαριστῶ
3642 5402 3753 5449 σοι,
3821 5387 3990 5455 ελεγε,

2414 5479 2585 5547 Κύριε
2617 5480 2644 5530 ὁ
2670 5478 2802 5540 Θεός
2839 5493 2963 5546 μου,
2996 5481 3091 5530 καὶ
3126 5477 3281 5530 τοῦδε
3322 5477 3416 5531 τοῦ
3449 5479 3600 5530 οἴκου
3637 5478 3775 5530 ενθα
3821 5498 3914 5550 μοι
3939 5482 3991 5532 τὸ

2416 5567 2530 5635 φῶς
2561 5565 2833 5637 ἔλαμψας,
2869 5567 3071 5636 Χριστὲ
3119 5563 3315 5635 Ἰησοῦ,
3353 5567 3447 5620 Υἱὲ
3479 5566 3574 5620 τοῦ
3607 5566 3818 5633 ζῶντος
3845 5569 3990 5631 θεοῦ,

2414 5661 2441 5712 ὁ
2476 5662 2601 5729 ἐμοὶ
2636 5658 2829 5728 βοηθὸς
2867 5661 2922 5710 ἐν
2956 5659 3174 5728 φύλακῇ
3206 5660 3522 5728 γενόμενος,
3553 5659 3750 5730 βοηθὸς
3784 5663 3847 5714 ὲν
3879 5665 3995 5732 ὴγε-

2419 5752 2564 5819 pavi,
2618 5750 2809 5820 βοηθὸς
2861 5752 2918 5800 ὲν
2964 5749 3186 5820 θηρίοις.
3209 5767 3266 5801 τε
3320 5750 3416 5802 καὶ
3459 5749 3615 5821 πυρί.
3674 5751 3992 5824 Εὐχαριστώ

2407 5861 2527 5911 «σοι,
2568 5845 2646 5896 ὅτι
2676 5843 2838 5906 αὐτὸς
2880 5844 3041 5911 μόνος
3071 5838 3119 5896 εἷ
3159 5841 3312 5908 Θεὸς,
3341 5840 3434 5895 καὶ
3471 5843 3552 5895 σοὶ
3610 5843 3762 5915 μόνῳ
3804 5847 3994 5916 πρέπει
