4150 6480
178 451 278 515 861

1202 446 1373 507 VlTA
1412 444 1474 503 S.
1513 434 1876 501 CYPRIANI
1919 433 2415 493 ANTIOCHENI.

3331 429 3436 490 862

174 564 345 617 καλοῦ
374 562 620 615 τοιούτου
654 561 694 591 δ’
725 561 1213 631 παραμελούντων.
1271 557 1551 613 Ἐντεῦθεν
1577 559 1609 627 ὴ
1643 573 1741 609 πο-

1858 550 2229 603 condemnaris
2270 546 2613 617 negligentia:
2675 560 2793 606 eos.
2831 546 2921 615 qui
2965 546 3067 600 tale
3100 546 3300 600 bonum
3331 562 3429 601 nc-

172 656 337 724 νηρίι
353 654 632 722 λαϐομένη
657 653 984 724 προφάσεως
1010 653 1183 706 ἐποίει
1208 653 1277 704 τὰ
1300 652 1500 721 ἑαυτῆς
1527 669 1541 682 ·
1568 651 1661 714 Τίς
1680 652 1747 714 δ’,

172 747 351 813 ἔλεγε,
387 748 452 815 τῇ
489 745 599 816 εὕᾳ
627 745 870 815 ὠφέλεια
898 744 1007 812 πρὸ
1039 748 1138 810 τῆς
1170 745 1262 798 τοῦ
1289 744 1447 809 ξύλου
1472 745 1744 814 γεύσεωςς

173 832 341 889 πόθεν
391 836 447 888 δὲ
502 838 598 889 καὶ
641 838 670 889 6
700 838 905 906 κόσμος
964 837 1179 904 ἐγένετο
1214 836 1316 901 ἆν;
1378 838 1539 892 πόθεν
1574 841 1619 889 οἱ
1655 837 1749 889 νῦν

171 929 327 987 ὄντες
357 928 418 979 τὸ
456 924 596 980 εἶναι
633 924 782 996 εἶχον
824 928 1034 989 λαϐεῖν,
1094 930 1277 998 γάμου
1333 931 1423 982 καὶ
1454 935 1751 1000 συναφείας

170 1018 561 1088 ἀνῃρημένων,
598 1022 646 1072 εί
693 1021 766 1089 μὴ
803 1022 895 1072 τοῦ
946 1020 1100 1084 ξύλου
1142 1020 1256 1074 Εὕα
1289 1022 1332 1052 ⁸³
1363 1025 1457 1091 τῆς
1494 1024 1752 1089 γλυκείας

176 1110 441 1177 ἐγεύσατο
474 1111 752 1181 βρώσεως,
784 1115 829 1163 εἰ
868 1112 940 1181 μὴ
974 1112 1059 1162 τὸν
1116 1113 1286 1181 ἄνδρα
1336 1114 1477 1179 ἔγνω
1521 1116 1611 1166 τὸν
1662 1117 1748 1168 διὰ

168 1200 330 1253 τοῦτο
354 1204 416 1272 δὴ
446 1205 535 1255 καὶ
573 1205 886 1272 γενόμενον,
929 1204 976 1255 εἰ
1008 1205 1181 1255 πᾶσαι
1232 1205 1592 1274 παρθενεύειν
1616 1223 1753 1275 προ-

172 1292 415 1357 ιίλοντο;
448 1296 615 1348 Πόθεν
648 1295 713 1347 ἂν
754 1295 1032 1347 ὲτίκτοντο
1092 1297 1307 1361 παῖδες,
1344 1298 1404 1349 τὸ
1454 1302 1621 1351 πᾶσιν
1653 1301 1747 1352 ἀνι

170 1384 414 1453 θρώποις
442 1386 536 1454 ἡδὺ
567 1385 938 1455 παραμύθιον,
977 1387 1008 1455 ἡ
1044 1387 1138 1439 τοῦ
1176 1389 1319 1441 κατὰ
1348 1390 1543 1459 μικρὸν
1572 1390 1751 1443 ἐκλεί-

169 1490 367 1539 ποντος
407 1478 615 1546 κόσμου
644 1478 995 1547 ἁναζώωσιςς

245 1649 345 1704 ιε’.
372 1652 594 1706 Τούτων
643 1656 929 1711 ἀκούσασα
984 1659 1093 1713 τῶν
1144 1662 1317 1729 λόγων
1346 1662 1552 1717 Ίούστα
1590 1665 1655 1728 ⁸⁸,
1690 1667 1752 1719 οὐ

166 1742 238 1794 τὸ.
262 1744 361 1813 τῆς
382 1749 730 1818 προμήτορος
754 1751 1048 1818 ὑπέμεινεν
1073 1753 1234 1815 Εὔας,
1256 1755 1368 1807 ἀλλ’
1400 1755 1563 1820 εὐθὺς
1594 1758 1755 1820 ἐξαν-

172 1836 386 1903 ίστατο,
460 1842 555 1894 καὶ
585 1844 675 1895 τὸν
703 1846 941 1914 πονηρὸν
987 1847 1227 1911 ἐξέκλινε
1277 1851 1603 1920 σύμϐουλον,
1630 1856 1751 1908 ὅθεν

169 1928 231 1980 τὸ
284 1929 522 2002 σύνηθες
572 1932 733 1986 ὅπλον
773 1936 832 1988 τὸ
886 1936 980 1989 τοῦ
1033 1940 1269 2011 σταυροῦ
1310 1948 1540 2013 σημεῖον
1571 1947 1747 2014 ἀφῆκε

172 2023 269 2074 καὶ
303 2024 348 2055 ⁸⁸
380 2026 503 2077 κατ’
531 2028 725 2081 αὑτοῦ·
785 2032 880 2083 καὶ
943 2034 969 2085 6
1032 2034 1155 2102 μὲν,
1194 2037 1399 2092 πλείονι
1428 2041 1536 2091 τῶν
1575 2041 1750 2095 ἄλλων

178 2114 528 2186 μεγαλαυχίᾳ
559 2120 948 2191 σεσοϐημένος,
977 2128 1198 2180 πλείονα
1235 2129 1327 2181 καὶ
1357 2131 1455 2199 τὴν
1487 2134 1751 2203 αἰσχύνην

173 2204 318 2274 εχων
368 2210 531 2274 εὐθὺς
581 2211 930 2281 ἐξηλαύνετο.
981 2220 1125 2289 Αύτή
1158 2220 1214 2272 δὲ
1266 2222 1427 2274 πάλιν
1456 2227 1574 2286 ταῖς
1615 2228 1749 2294 πρὸς

171 2299 311 2351 Θεὸν
334 2302 523 2371 εὐχαῖς
565 2307 657 2358 καὶ
697 2308 951 2379 δεήσεσιν
983 2313 1182 2373 ἑαυτὴν
1207 2315 1617 2386 ἀνελάμϐανεν
1657 2322 1750 2373 ἐπὶ

165 2392 384 2457 τούτοις
414 2397 441 2447 6
472 2400 538 2449 τα
570 2400 783 2467 μεγάλα
817 2404 1005 2469 φυσῶν
1033 2403 1078 2437 ⁸⁸
1127 2409 1382 2472 ταπεινὸς
1434 2411 1586 2482 ὤφθη
1639 2415 1752 2471 Κν-

168 2486 415 2557 πριανῷ,
478 2489 571 2541 καὶ
624 2492 873 2562 σύμϐολα
912 2498 1056 2567 σαιρῆ
1111 2498 1212 2567 τῆς
1243 2500 1410 2570 ἥττης
1444 2504 1624 2571 φέρων
1660 2507 1749 2557 ἐπὶ

164 2577 264 2645 τῆς
296 2577 524 2657 ὅψεωςξ
560 2583 618 2635 '0
666 2583 756 2636 δέ’
812 2587 921 2639 Καὶ
957 2591 984 2641 6
1040 2590 1317 2654 τοσοῦτος,
1370 2594 1497 2665 ἔφη,
1539 2596 1603 2647 σὺ
1651 2598 1747 2667 τῆς

166 2671 388 2722 τοιᾶσδε
446 2673 610 2744 κόρης
665 2676 1013 2745 ὴλάττωσαις
1050 2683 1127 2745 εἷς
1154 2681 1202 2714 ⁸⁷
1229 2686 1359 2738 τίδὲ
1411 2687 1593 2757 ἐκείνη
1619 2688 1664 2720 ⁸⁸
1690 2689 1748 2742 τὸ

168 2761 397 2829 θαρρεῖν
427 2764 648 2831 ἔχουσα,
673 2770 887 2837 μεγάλα
920 2772 1147 2825 τοιαῦτα
1177 2775 1317 2828 κατὰ
1358 2776 1465 2829 τῶν
1496 2779 1748 2847 μεγάλων

168 2852 325 2919 ὑμῶν
352 2853 577 2907 δύναται
605 2874 618 2922 ;
649 2858 781 2912 Τότε
814 2865 841 2913 6
866 2864 1074 2932 δαίμων
1115 2865 1257 2935 (θεία
1284 2869 1337 2922 δὲ
1371 2865 1440 2940 ἦν
1472 2872 1684 2937 πάντως
1716 2878 1746 2943 ἡ

168 2944 399 2998 κινοῦσα
435 2946 668 3018 δύναμις,
692 2952 904 3024 ἑκφορα
952 2956 1126 3009 ταῦτα
1159 2964 1336 3014 ποιεῖν
1366 2965 1457 3015 τὸν
1483 2965 1581 3034 τῆς
1614 2968 1747 3038 ἀλη-

171 3035 326 3101 θείας
376 3041 690 3112 ἀντίπαλον)
725 3061 738 3075 ⁸
778 3048 890 3119 Ούχ
952 3050 1321 3121 ὑπομένομεν,
1379 3057 1507 3131 ἔφη,
1568 3059 1628 3112 τὸ
1654 3035 1747 3114 τοῦ

175 3134 418 3201 σταυροῦ
454 3143 702 3207 σημεῖον,
727 3141 848 3195 οὐδὲ
879 3143 1040 3214 μόνον
1077 3146 1207 3199 ίδείν
1229 3151 1590 3219 τυπούμενον,
1611 3156 1747 3209 ἀλλὰ

173 3222 460 3295 φθάνομεν
489 3230 533 3261 ⁸³
568 3233 671 3287 ἀνὰ
721 3239 924 3305 κράτος
959 3241 1253 3308 φεύγοντές
1303 3260 1361 3296 τε
1394 3245 1489 3298 καὶ
1519 3245 1747 3300 διωθού-
1776 3257 1818 3314 C

173 3332 353 3412 μενοι,
390 3322 519 3391 πρὶν
545 3324 575 3394 ἢ
600 3325 822 3391 τελείως
852 3330 983 3384 αὐτὸ
1013 3334 1353 3406 τυπωθῆναι.
1388 3338 1567 3409 Πόσης
1586 3341 1753 3410 ανάγ-

169 3424 276 3477 κης
300 3405 450 3481 ἦντὸ
477 3416 649 3472 ταῦτα
670 3421 976 3492 ἐκκαλύψαι
1007 3425 1098 3478 τὸν
1124 3428 1219 3480 τοῦ
1247 3430 1477 3498 ψεύδους
1513 3434 1747 3503 πατέρα,

173 3504 275 3556 καὶ
306 3505 404 3573 τῆς
434 3508 632 3573 κακίας
685 3512 1022 3583 δημιουργόν
1081 3535 1138 3569 τε
1170 3523 1261 3572 καὶ
1292 3523 1575 3591 πρόξενον,
1608 3528 1748 3579 ὥστε

169 3596 333 3647 οὐδὲν
387 3597 612 3653 ἔλαττον
664 3604 874 3675 ὑπῆρξε
907 3606 1088 3679 θαῦμα
1114 3611 1205 3664 τοῦ
1245 3613 1456 3667 ἐκεῖνον
1479 3617 1524 3647 ⁸ο
1575 3616 1751 3682 οὕτως

170 3686 281 3740 ὑπὸ
311 3689 481 3762 κόρης
508 3697 939 3769 καταϐληθῆναι,
976 3704 1035 3756 τὸ
1056 3706 1155 3775 τὴν
1186 3706 1321 3759 ἰδίαν
1350 3703 1520 3779 ἧτταν
1545 3711 1754 3765 ἀνακα-

170 3782 342 3852 λύψαι
373 3783 467 3841 τδν
504 3791 893 3861 ὑπερήφανον
950 3798 1168 3863 πάντως
1218 3800 1274 3852 δὲ
1330 3803 1465 3870 πρὸς
1533 3805 1753 3858 συνετὸν

172 3878 398 3958 ἐλέγετο
425 3880 621 3946 ταῦτα,
648 3884 745 3936 καὶ
796 3888 1054 3957 ἀφορμὴν
1082 3890 1262 3945 λαϐὼν
1292 3895 1319 3946 6
1352 3895 1536 3962 σοφὸς,
1576 3896 1753 3964 σοφώ-

170 3984 334 4037 τερος
361 3964 432 4041 ἦν
458 3987 470 4001 ’
498 3976 714 4027 συνεῖχε
748 3976 789 4007 ⁸³
818 3978 926 4047 γὰρ
954 3979 1156 4043 εὐθέως
1181 3981 1276 4047 ὡς,
1309 3984 1423 4050 εἴγε
1458 3986 1502 4015 ⁵¹
1526 3986 1751 4038 τοιαῦτα

172 4060 202 4111 6
237 4064 581 4132 σταυρωθεὶς
632 4069 879 4135 δύναται,
939 4072 1082 4140 πόση
1120 4074 1296 4137 ἄνοια,
1322 4075 1515 4129 τοῦτον
1564 4079 1753 4130 ἀπολι-

172 4152 351 4241 ποντα
377 4156 444 4223 ⁸³,
475 4162 589 4222 τοῖς
620 4161 834 4232 ἐχθροῖς
857 4164 1067 4218 ἐκείνου
1094 4165 1214 4220 λίαν
1238 4167 1412 4232 οὕτως
1434 4171 1756 4241 εύπτοήτοις

172 4239 300 4297 οὖσι
338 4248 433 4301 καὶ
466 4250 745 4316 ἀδυνάτοις
771 4257 1063 4325 προσέχειν
1104 4258 1170 4311 ⁸⁸.

252 4360 373 4426 ΚΤ.
398 4362 585 4417 Ταῦτα
621 4367 938 4437 Κυπριανὸς
968 4371 1232 4441 ἐννοήσας
1267 4374 1429 4438 εὐθὺς
1473 4378 1611 4431 κατὰ
1646 4379 1754 4431 τῶν

179 4449 385 4519 βίϐλων
407 4455 453 4485 ⁸⁸
483 4456 703 4525 ἐχώρει,
739 4463 833 4513 καὶ
873 4463 948 4525 ὡς
982 4467 1167 4518 κακῶν
1200 4469 1403 4537 πηγὰς,
1438 4469 1511 4529 ὡς
1551 4471 1752 4541 ὀργίων

1859 642 2083 712 gligunt.
2118 642 2256 697 Hinc
2302 642 2643 711 improbitas,
2690 648 2908 707 accepta
2968 640 3275 702 occasione,
3309 655 3437 695 suas

1865 735 2122 803 implebat
2142 744 2360 803 partes;
2392 743 2444 787 et
2491 750 2504 789 :
2555 730 2838 797 Quaenam,
2876 732 3109 789 dicebat.
3160 733 3282 784 Eva:
3333 733 3438 786 fuit

1862 827 2064 879 utilitas
2096 834 2221 877 ante
2256 833 2469 894 gustum
2510 823 2681 891 ligni?
2708 821 2989 877 Undenam
3042 830 3222 875 autem
3274 822 3431 890 geni-

1868 927 1954 971 tus
1988 926 2136 971 esset
2175 914 2450 968 mundus?
2485 914 2769 969 Undenam
2800 917 2888 983 qui
2938 929 3083 965 nunc
3135 921 3284 975 sunt,
3342 912 3436 967 ha-

1861 1008 2108 1060 buissent
2136 1006 2449 1070 essentiam,
2475 1005 2516 1058 si
2569 1005 2977 1065 matrimonium
3015 1004 3250 1057 ablatum
3298 1005 3433 1058 fuis-

1858 1109 1941 1153 set
1972 1110 2026 1153 et
2058 1100 2415 1167 conjunctio?
2453 1100 2507 1152 Si
2550 1113 2653 1150 non
2684 1096 2854 1150 dulcis
2883 1105 3072 1163 gustus
3101 1095 3207 1149 Eva
3235 1098 3437 1165 lignum

1864 1201 2158 1265 gustasset,
2217 1191 2259 1245 si
2323 1206 2431 1244 non
2486 1191 2662 1243 virum
2705 1191 3066 1258 cognovisset,
3126 1190 3217 1256 qui
3276 1190 3439 1242 etiam

1866 1288 2090 1350 propter
2123 1282 2225 1335 hoc
2258 1289 2374 1334 erat
2420 1281 2639 1351 genitus
2670 1297 2682 1332 :
2736 1280 2779 1331 si
2831 1294 3020 1332 omnes
3054 1294 3173 1331 esse
3205 1279 3441 1348 virgines

1858 1375 2295 1439 constituissent,
2331 1376 2602 1426 undenam
2627 1370 2736 1424 nati
2774 1380 2957 1423 essent
2991 1370 3106 1432 filii,
3139 1370 3438 1437 iucundum

1863 1464 2181 1518 hominibus
2241 1464 2496 1517 omnibus
2568 1462 2819 1516 solatium
2918 1472 2972 1515 et
3047 1463 3260 1529 mundi,
3345 1464 3435 1533 qui

1862 1557 2122 1627 paulatim
2153 1557 2360 1618 deficit,
2396 1556 2446 1607 in
2481 1556 2642 1608 vitam
2682 1556 3001 1609 revocatio?

1936 1647 2047 1701 XV.
2086 1648 2218 1702 Cum
2252 1648 2364 1700 haec
2414 1648 2576 1699 verba
2628 1647 2889 1701 audiisset
2934 1646 3169 1707 Justina,
3224 1661 3332 1699 non
3382 1644 3435 1699 id

1863 1744 1911 1797 ei
1951 1760 2047 1796 usu
2096 1743 2242 1796 venit
2273 1741 2419 1810 quod
2453 1740 2635 1810 prima:
2678 1738 2888 1809 parenti
2931 1738 3092 1792 Evre:
3125 1738 3219 1792 sed
3254 1738 3437 1791 statim

1863 1834 2120 1897 Surrexit,
2153 1846 2205 1887 et
2260 1834 2465 1886 malum
2518 1831 2811 1886 declinavit
2853 1830 3243 1885 consiliarium.
3285 1829 3441 1884 L'nde

1859 1927 2021 1979 etiam
2080 1926 2134 1979 in
2201 1940 2325 1979 eum
2406 1939 2623 1992 quoque
2702 1933 2959 1977 consueta
3023 1923 3205 1976 emisit
3265 1937 3436 1983 arma,

1859 2030 2057 2083 nempe
2103 2015 2317 2081 signum
2373 2014 2575 2066 crucis.
2631 2012 2697 2066 Et
2751 2012 2839 2065 ille
2885 2012 3125 2081 quidem,
3176 2011 3266 2080 qui
3319 2012 3440 2081 plus

1858 2124 2017 2177 quam
2055 2107 2149 2160 alii
2191 2122 2249 2160 se
2297 2107 2622 2173 iactaverat,
2680 2104 2871 2172 majori
2929 2105 3137 2172 pudore
3186 2102 3437 2165 allectus,

1858 2200 2038 2253 statim
2092 2198 2193 2256 fuit
2230 2199 2463 2265 eiectus.
2519 2197 2635 2264 ipsa
2686 2205 2870 2249 autem
2921 2210 3112 2247 rursus
3171 2195 3334 2248 rediit
3365 2194 3433 2247 ad

1858 2306 1983 2345 suas
2026 2290 2091 2343 ad
2147 2289 2311 2343 Deum
2347 2303 2535 2357 preces
2588 2296 2643 2341 et
2685 2288 2981 2341 orationes.
3018 2286 3145 2340 Post
3209 2288 3321 2341 haec
3366 2288 3435 2353 is,

1859 2385 2015 2452 cujus
2078 2392 2232 2436 erant
2284 2382 2435 2450 prius
2466 2378 2764 2433 insolentes
2817 2387 2871 2433 et
2928 2379 3147 2447 gloriosi
3193 2378 3436 2448 spiritus,

1861 2473 2079 2531 humilis
2136 2484 2191 2528 et
2238 2474 2486 2538 ahjcctus
2539 2470 2789 2538 apparuit
2842 2470 3136 2541 Cypriane,
3183 2480 3237 2523 et
3291 2470 3434 2539 quod

1860 2568 2037 2620 victus
2079 2576 2243 2628 esset,
2278 2576 2465 2633 aperta
2501 2563 2651 2631 signa
2695 2562 2841 2615 vultu
2874 2577 2980 2629 prae
3010 2578 3066 2615 se
3096 2562 3295 2616 ferens.
3333 2561 3427 2615 ille

1857 2667 2082 2712 autem:
2138 2656 2202 2710 Et
2279 2667 2357 2719 tu,
2424 2655 2621 2723 inquit,
2685 2653 2778 2721 qui
2840 2668 2898 2707 es
2972 2662 3172 2717 tantus,
3240 2646 3302 2706 a'
3347 2654 3439 2707 tali

1857 2750 2034 2819 puella
2066 2748 2212 2802 fuisti
2244 2757 2528 2816 superatus
2560 2748 2583 2800 ?
2633 2748 2752 2813 Quo
2803 2755 2981 2803 autem
3028 2748 3160 2801 freta
3192 2748 3305 2805 illa.
3338 2748 3437 2801 ad-

1857 2856 2045 2894 versus
2077 2856 2193 2903 vos,
2226 2841 2317 2908 qui
2348 2841 2475 2894 estis
2508 2850 2613 2893 tam
2647 2841 2849 2911 magni,
2898 2850 3001 2894 tam
3034 2855 3227 2909 magna
3255 2850 3436 2908 potest

1856 2933 2079 2989 facere?
2110 2933 2261 2988 Tunc
2301 2934 2515 2988 daemon
2552 2936 2567 2999 (
2598 2944 2714 2989 erat
2755 2939 2937 2989 autem
2992 2935 3216 2988 omnino
3257 2934 3438 2989 divina

1856 3026 2048 3090 virtus,
2097 3041 2216 3094 quae
2292 3025 2665 3079 adversarium
2721 3026 2967 3079 veritatis
3044 3025 3315 3087 movebat,
3380 3034 3439 3077 ut

1858 3118 1973 3172 luce
2017 3117 2349 3187 proferret):
2382 3116 2628 3186 Signum,
2684 3118 2879 3186 inquit,
2934 3117 3130 3180 crucis,
3190 3133 3257 3171 ne
3310 3117 3436 3170 dum

1858 3208 2121 3278 figuratur
2155 3210 2397 3277 quidem,
2454 3208 2639 3263 videre
2688 3208 2909 3261 omnino
2942 3210 3298 3268 sustinemus,
3342 3205 3437 3260 sed

1862 3298 1988 3352 totis
2057 3299 2264 3351 viribus
2339 3308 2442 3352 no‘s
2504 3299 2654 3366 prius
2716 3300 2770 3351 in
2836 3297 3015 3367 fugam
3079 3296 3427 3363 conjicinius,

1855 3404 2017 3458 quam
2052 3388 2103 3443 id
2162 3386 2404 3458 perfecte
2458 3387 2741 3457 figuretur.
2794 3386 3023 3452 Quantae
3075 3396 3191 3440 erat
3249 3400 3437 3439 neces-

1856 3486 2051 3547 sitatis,
2117 3484 2384 3538 mendacii
2451 3493 2656 3554 patrem
2728 3483 2839 3536 lncc
2902 3483 3140 3550 aperire,
3208 3482 3437 3549 vitiiqne

1857 3573 2106 3642 Opificem
2154 3581 2209 3627 et
2240 3568 2690 3628 conciliatorem?
2719 3572 2835 3627 Non
2884 3571 2984 3626 fuit
3028 3571 3207 3640 itaque
3256 3572 3438 3624 minus

1855 3663 2199 3726 miraculum,
2251 3672 2592 3729 arrogantem
2627 3664 2775 3717 illum
2813 3672 2869 3716 et
2919 3662 3213 3727 superbum
3264 3661 3435 3731 signi-

1857 3755 2017 3811 ficare
2060 3769 2117 3808 se
2164 3765 2283 3808 esse
2327 3763 2663 3821 superatum,
2722 3768 2883 3822 quam
2937 3752 3085 3805 illum
3139 3755 3217 3805 sic
3306 3765 3435 3817 pro-

1855 3856 2086 3900 stratum
2153 3844 2318 3897 fuisse
2358 3861 2385 3897 a
2446 3848 2644 3915 puella.
2707 3846 3033 3899 Dicebanlur
3090 3851 3269 3896 autem
3324 3842 3435 3896 hac

1855 3938 2081 3993 omnino
2114 3935 2434 4005 intelligenti
2466 3954 2479 3988 :
2513 3946 2566 3989 et
2598 3945 2818 4004 accepta
2866 3936 3179 3997 occasione,
3216 3935 3433 4001 sapiens

1854 4041 1969 4085 erat
2014 4030 2331 4098 sapientior.
2391 4012 2645 4083 Protinus
2682 4028 2830 4081 enim
2891 4026 3178 4091 intellexit,
3218 4025 3261 4080 si
3318 4025 3431 4079 haec

1858 4132 2035 4195 potest
2086 4120 2411 4180 Crucifixus.
2464 4130 2665 4185 quanta
2721 4121 2789 4174 sit
2821 4120 3076 4181 amentia,
3122 4134 3186 4175 eo
3222 4117 3430 4175 relicto,

1858 4216 2000 4270 illius
2056 4215 2207 4283 sequi
2256 4214 2525 4278 inimicos,
2559 4212 2649 4281 qui
2712 4221 2842 4266 sunt
2876 4222 2980 4265 tam
3015 4209 3340 4272 imbecilles,
3376 4219 3433 4263 et

1858 4314 1963 4360 tam
2001 4303 2155 4357 facile
2196 4313 2488 4357 terrentur.

1926 4393 2060 4447 XVI.
2103 4394 2224 4447 Haec
2258 4408 2382 4447 curn
2444 4398 2621 4445 mente
2657 4393 2918 4462 agitasset
2965 4390 3286 4463 Cyprianus,
3321 4399 3432 4443 sta-

1858 4489 1949 4540 tim
1983 4485 2304 4555 perrexitad
2338 4484 2544 4548 libros;
2573 4493 2626 4537 et
2658 4494 2912 4561 tanquam
2942 4486 3204 4537 u‘ialorum
3236 4481 3429 4545 fontes,

178 4547 517 4613 δαιμονικῶν
570 4547 902 4619 θησαυροὺς,
958 4555 1033 4617 ὡς
1082 4559 1181 4625 τῆς
1238 4560 1417 4610 αὐτῶν
1451 4563 1752 4631 remaneas;

1862 4590 1915 4632 et
1948 4580 2224 4649 orgiorum
2270 4578 2731 4632 dminoniacorum
2778 4578 3085 4638 thesauros,
3132 4588 3431 4642 eorumque

179 4636 579 4706 ὲιιτρυφήματά
597 4657 655 4692 τε
686 4648 780 4697 καὶ
811 4644 1164 4715 ἀναθήματα,
1190 4648 1373 4702 δοῦναι
1402 4654 1535 4718 πυρὶ
1554 4654 1755 4718 ταύτας

180 4729 345 4796 ἔγνω.
384 4731 576 4801 Φέρειν
606 4736 654 4766 ⁵⁸
684 4733 778 4790 οὖν
812 4737 982 4792 εἰπὼν
1007 4743 1119 4804 τοῖς
1151 4741 1451 4814 θεράπουσι
1489 4746 1556 4810 ⁵⁷,
1580 4764 1757 4801 ,κατα-

181 4822 453 4889 λαμϐάνει
504 4827 603 4895 τὴν
637 4829 961 4899 ἐκκλησίαν,
1013 4836 1107 4886 καὶ
1137 4837 1214 4904 τῷ
1238 4837 1524 4906 ἐπισκόπῳ
1558 4856 1759 4908 συγγε-

183 4914 415 4981 νόμενος
450 4915 746 4988 (Ἂνθιμος
783 4922 931 4989 αὐτῷ
960 4925 1157 4994 ὄνομα)
1194 4928 1238 4958 ⁵³
1272 4929 1618 4999 ἐγγραεῇναι
1648 4936 1758 4993 τοῖς

182 5006 277 5059 τοῦ
308 5008 551 5080 Χριστοῦ
603 5012 897 5084 προϐάτοις
932 5015 1107 5084 ἠξίου.
1149 5019 1207 5072 '0
1254 5019 1308 5073 δὲ
1346 5024 1471 5091 (καὶ
1514 5025 1619 5090 γὰρ
1667 5025 1758 5076 τὸν

188 5102 363 5172 ἄνδρα
404 5104 670 5172 ἐγίνωσκε
728 5108 824 5161 καὶ
872 5108 1036 5162 λύκον
1068 5112 1230 5165 αὑτὸν
1286 5116 1523 5184 ἀτεχνῶς
1584 5116 1754 5186 ᾔδει),

188 5198 389 5268 τέχνην
417 5191 556 5251 εἶναι
588 5198 648 5250 τὸ
676 5203 913 5271 πρᾶγμα
957 5205 1209 5273 νομίσας,
1246 5208 1369 5268 τοὺς
1400 5212 1444 5241 ⁵⁵
1474 5213 1628 5271 me;
1659 5210 1756 5279 τῆς

201 5293 532 5363 Ἐκκλησίας
584 5295 779 5366 ἀρκεῖν
832 5299 981 5369 αὐτῷ
1040 5304 1358 5372 παρηγγύα,
1426 5307 1498 5374 μὴ
1536 5308 1758 5369 καὶτοῖς

190 5389 339 5441 ἔνδον
389 5389 620 5462 μελετᾷν
658 5392 1018 5458 ἐπιτίθεσθαι,
1062 5395 1288 5466 Μήποτέ
1324 5416 1425 5462 σοι,
1474 5400 1629 5469 φησὶ,
1665 5402 1759 5452 καὶ

260 5575 301 5603 δι
338 5570 559 5644 codicis
594 5570 636 5624 D
662 5570 915 5644 reliqua;
960 5575 1165 5644 pagina:
1200 5577 1389 5632 lacerae
1420 5586 1545 5633 sunt

280 5642 725 5717 perdiaulaLE‘.
876 5642 1126 5717 "‘deést.
1168 5646 1207 5697 B
1305 5648 1349 5677 ’⁸⁸
1386 5651 1557 5713 deest,
1589 5646 1649 5701 Β.

203 5800 393 5846 ποντα,
432 5782 491 5835 Β.
569 5784 615 5815 ⁸⁸
642 5784 1018 5852 προσανέχειν,
1056 5786 1115 5838 F.
1197 5788 1241 5818 ⁵³
1276 5790 1514 5852 βιϐλίων,
1541 5787 1599 5840 Β.

190 5854 502 5909 Antiochia:
543 5854 836 5910 Anthimus
870 5855 1112 5926 episeop.
1145 5856 1226 5915 Cf.

1675 5576 1722 5610 δι
1752 5575 1879 5631 add.
1904 5577 2015 5637 καὶ,
2042 5575 2100 5631 F.

1730 5652 1772 5679 ⁴⁹
1800 5648 2113 5714 φθάνωμεν,
2146 5644 2208 5698 Β.

192 5714 241 5747 ⁸⁸
269 5708 491 5777 ὧσείγε;
519 5708 580 5765 Β.
614 5712 841 5767 Videtur
868 5708 1048 5767 auiem
1087 5718 1365 5771 abundare
1394 5708 1466 5780 ὡς
1515 5733 1706 5786 nempe
1735 5733 1752 5770 ι

203 5800 393 5839 ποντα.
432 5782 491 5835 Β.
569 5784 615 5815 ⁸⁸
642 5784 1018 5839 ποοσανέγειν.
1056 5786 1115 5838 F.
1197 5788 1241 5818 ⁵³
1277 5790 1514 5839 Βιϐλίων.
1541 5787 1599 5839 Β.
1680 5789 1723 5819 ⁸⁸

1858 5708 2149 5786 εροιῖιιοιίε
2175 5715 2377 5769 ultimze
2415 5711 2634 5782 syllaba:
2661 5712 2712 5763 in
2742 5708 2964 5771 εὐθέως.

1864 5805 1929 5839 ει.
1962 5788 2017 5839 Β.
2125 5785 2169 5819 ⁸⁷
2198 5785 2326 5839 τοὺς
2360 5782 2719 5839 θεράποντας,
2750 5779 2811 5832 Β.
2860 5778 2921 5832 C.
2962 5782 2964 5830 1

1830 5805 1904 5856 ρει

1680 5789 1723 5819 ιο
1754 5808 1786 5821 η-

1313 5789 1599 5858 ιϐὶίων,
1680 5789 1723 5819 ⁸⁸

1309 5861 1459 5913 rieut.
1495 5859 1710 5926 Christ,

1864 5805 1929 5850 ει.
1962 5789 2017 5841 Β.
2125 5789 2169 5819 ⁵⁷
2198 5789 2326 5851 τοὺς
2360 5789 2719 5852 θεράποντας,
2750 5789 2811 5832 Β.
2860 5789 2921 5832 C.
2962 5789 3021 5832 l“.
3130 5789 3174 5809 "
3225 5789 3266 5833 ἢ

1858 5886 1881 5914 ι.
1912 5858 1972 5924 ll,
2005 5872 2124 5930 pag.
2178 5853 2301 5913 6'70.
2379 5854 2424 5887 ”
2452 5852 2600 5919 τοὺς,
2636 5849 2695 5905 Β.
2729 5848 2791 5905 C.
2829 5878 2898 5888 —
2928 5851 3037 5913 τοῖς
3060 5850 3274 5905 caeteri.

1858 4672 2116 4740 nequitiae
2172 4670 2395 4723 delicias
2438 4676 2491 4722 et
2554 4667 2805 4732 donaria,
2852 4683 2950 4722 eos
3005 4668 3112 4737 igni
3170 4667 3429 4720 mandare

1857 4763 2065 4816 statuit.
2110 4760 2247 4816 Cum
2290 4773 2421 4829 ergo
2460 4759 2683 4813 dixisset
2734 4759 2970 4824 faumlis,
3024 4767 3083 4811 ut
3122 4772 3215 4810 eos
3268 4755 3430 4809 affer-

1857 4865 2002 4918 ren',
2057 4856 2205 4907 venit
2239 4852 2304 4905 ad
2358 4852 2639 4905 ecclesiam
2675 4870 2687 4903 :
2721 4860 2775 4903 et
2814 4866 2936 4903 cum
2993 4852 3248 4919 episcopo
3296 4862 3430 4902 con-

1856 4960 2072 5016 gressus
2122 4943 2218 5012 (ci
2264 4957 2461 4995 nomen
2509 4950 2620 4993 erat
2659 4940 2951 4994 Anthimus
2980 4941 3019 5006 ),
3080 4939 3322 5009 rogabat,
3370 4944 3429 4990 ut

1858 5037 2259 5092 dcscriberetur
2329 5032 2383 5087 in
2455 5047 2741 5086 numerum
2800 5034 2980 5085 ovium
3045 5030 3268 5085 Christi.
3336 5028 3427 5083 Ille

1858 5139 2038 5182 autem
2070 5126 2421 5196 (Cyprianum
2456 5125 2599 5178 enim
2625 5124 3009 5192 cognoscebat,
3036 5133 3089 5175 et
3117 5138 3238 5175 eum
3268 5122 3427 5190 plane

1858 5233 1977 5273 esse
2007 5217 2194 5286 lupum
2225 5216 2429 5270 sciebat
2461 5215 2476 5281 )
2510 5229 2627 5267 eam
2658 5230 2768 5266 rem
2812 5228 2931 5267 esse
2963 5223 3135 5265 artem
3190 5213 3425 5265 arbitra-

1862 5319 1947 5362 tus
1978 5326 1991 5361 :
2027 5307 2166 5370 Tibi,
2206 5306 2403 5374 inquit,
2440 5302 2728 5367 sufﬁciant,
2759 5303 2849 5362 qui
2892 5311 3019 5354 sunt
3062 5309 3209 5353 extra
3247 5298 3421 5350 Eccle-

1859 5400 1997 5453 siam
2030 5416 2043 5452 :
2088 5394 2264 5467 neque
2301 5411 2394 5449 cos
2458 5395 2671 5449 coneris
2721 5392 2963 5463 aggredi,
2995 5390 3086 5460 qui
3122 5398 3247 5444 sunt
3288 5389 3423 5442 intra

2570 5571 2620 5602 “
2650 5556 2908 5623 Ἰουστίνα
2939 5568 3000 5622 Β.
3078 5568 3122 5598 ⁸⁸
3155 5568 3328 5628 deest,
3359 5568 3416 5621 Β.

2754 5640 2798 5670 ⁵¹
2828 5642 3050 5709 συνῇκε,
3088 5637 3147 5689 Β.
3181 5637 3243 5692 C.
3269 5637 3413 5708 ΕῘῈ.

2754 5708 2964 5758 εὐθέως.
3121 5708 3169 5739 ⁸³
3197 5707 3419 5758 απολεί-

3130 5726 3169 5739 ’⁸
3197 5726 3419 5758 απολει-

3130 5779 3174 5809 ⁵⁸
3225 5776 3420 5833 Nullus

2209 5574 2255 5606 ⁸³
2287 5570 2367 5633 εὖ,
2399 5572 2459 5625 Β.

2284 5645 2329 5675 ⁸⁰
2360 5640 2593 5700 ἐκείνου,
2618 5639 2679 5692 Β.

2125 5785 2169 5819 ⁸⁷
2198 5785 2326 5851 τοὺς
2360 5778 2719 5852 θεράποντας,
2860 5778 2921 5832 C.
