4148 6508
171 478 273 542 889

1218 468 1678 530 MARTYBIUM
1717 469 1777 528 S.
1820 467 1904 528 CA
1919 464 2339 527 LLlSTRATI.

3313 461 3418 524 890

171 588 364 652 λόγος’
405 602 424 635 ι
457 581 621 635 Δεῦτε
660 581 797 653 πρός
849 598 939 652 με,
971 581 1171 645 πάντες
1222 583 1270 633 οἱ
1302 579 1602 642 κοπιῶντες
1657 579 1749 630 καὶ

1867 576 1928 628 :it
1960 593 1972 625 :
2011 593 2028 625 ι
2070 572 2262 627 Venite
2295 572 2360 626 ad
2389 585 2496 636 me,
2525 584 2714 625 omnes
2745 569 2836 639 qui
2881 569 3144 624 laboratis
3181 577 3252 646 et.
3287 583 3418 622 one-

177 675 630 747 πεφορτισμένοι,
697 671 853 741 κάγὼ
910 671 1208 726 ἀναπαύσω
1267 672 1436 742 ὑμᾶς.
1503 670 1742 740 Χαίρετε

174 767 492 835 τοιγαροῦν,
555 767 717 836 ὑμεῖς
773 765 869 818 καὶ
917 764 1276 831 ἀγαλλιᾶσθε,
1338 765 1422 816 ὅτι
1473 763 1503 815 ὀ
1555 762 1744 832 μισθὸς

179 858 331 928 ὑμῶν
357 839 524 920 πολὺς
542 859 600 911 ὲν
620 859 732 920 τοῖς
759 858 1028 928 οὐρανοῖς.
1060 875 1078 906 ι
1105 856 1290 910 Ταῦτα
1312 855 1504 919 εἰπὼν,
1531 857 1625 908 καὶ
1648 855 1748 918 τάς

178 953 366 1021 χεῖρας
396 949 590 1021 διάρας
613 952 691 1014 είς
728 949 982 1020 οὐρανὸν,
1017 948 1214 1019 Κύριε,
1256 945 1432 1011 εἶπεν,
1461 949 1489 1001 ὀ
1523 950 1578 1002 έν
1610 947 1748 1018 ὑψη-

178 1042 288 1104 λοῖς
312 1042 604 1107 κατοικῶν,
627 1042 720 1094 καὶ
744 1040 813 1093 τὰ
839 1039 1077 1094 ταπεινὰ
1100 1040 1334 1109 ἐφορῶν,
1355 1040 1452 1092 καὶ
1474 1039 1746 1108 διαμένων

179 1134 261 1195 είς
292 1134 420 1196 τοὺς
463 1131 682 1196 αἰῶνας,
719 1130 870 1183 ἔπιδε
917 1131 1007 1182 ἐπὶ
1040 1131 1098 1182 τὸ
1127 1131 1319 1199 μικρόν
1359 1146 1452 1182 σου
1501 1130 1750 1198 ποίμνιον

180 1225 363 1290 τοῦτο,
396 1225 491 1278 καὶ
526 1225 704 1292 πάσης
737 1223 943 1294 βλάὅηις
963 1224 1260 1294 ὁρωμένων
1291 1237 1349 1274 τε
1381 1223 1474 1274 καὶ
1504 1222 1751 1291 ἀοράτων

180 1315 366 1385 θηρῶν
393 1318 729 1386 συντήρησον
745 1333 758 1346 ·
782 1317 865 1369 ὅτι
888 1315 1050 1384 μόνον
1076 1314 1343 1384 ὑπάρχεις
1361 1312 1752 1382 δεδοξασμένος

186 1411 270 1470 είς
298 1408 427 1472 τοὺς
463 1408 686 1471 αἰῶνας.
744 1407 935 1476 Ἀμήν.

250 1502 322 1556 Z'.
347 1501 532 1556 Ταῦτα
572 1502 694 1554 ἐπεὶ
717 1501 975 1570 γνώριμα
1007 1498 1253 1566 κατέστη
1277 1498 1353 1568 τῷ
1383 1496 1752 1568 στρατηλάτῃ,

179 1595 316 1662 προς
351 1595 412 1646 τὸ
438 1593 801 1663 στρατόπεδον
826 1592 1054 1656 ἀπιδὼν,
1097 1590 1180 1660 Νὴ
1210 1589 1300 1644 τὸν
1349 1589 1753 1658 λαμπρότατον,

180 1682 358 1746 εἶπεν,
388 1686 566 1756 ἥλιον,
596 1686 852 1756 μεγάλων
899 1684 1315 1755 ἀναπέπλησται
1366 1681 1632 1753 γοητειῶν
1669 1680 1759 1732 οὐ·

179 1778 322 1832 τοσί.
375 1779 488 1850 Τήν
519 1795 578 1831 τε
609 1779 718 1849 γὰρ
745 1779 926 1849 ὁρμὴν
948 1776 1043 1830 τοῦ
1079 1776 1271 1836 ὓδατος
1300 1773 1588 1842 ὲπέδησεν,
1611 1772 1756 1822 άπαο

1847 666 1948 719 rati
1975 667 2128 739 estis,
2155 675 2212 718 et
2256 679 2359 733 ego
2391 661 2632 716 reﬁciam
2662 676 2758 716 vos
2787 663 2850 714 ι’,
2899 659 3142 716 Gaudete
3191 675 3321 730 ergo
3367 671 3423 713 et

1847 755 2138 819 exsultate,
2189 751 2448 823 quoniam
2499 766 2711 806 merces
2748 759 2927 806 vestra
2972 751 3192 820 copiosa
3235 759 3321 803 est
3366 751 3419 802 in

1847 849 1999 905 ctelis
2033 849 2100 902 ".
2146 867 2164 898 ι
2197 846 2324 901 Haec
2353 859 2476 900 cum
2505 843 2752 902 dixisset.
2795 852 2852 897 et
2905 857 3098 896 manus
3128 841 3191 895 ad
3223 840 3420 896 cmlum

1850 942 2160 999 sustulisset
2196 957 2210 996 :
2239 939 2489 1000 Domine,
2538 937 2693 997 dixit,
2729 937 2817 1006 qui
2843 936 2894 988 in
2925 936 3078 991 caelis
3111 935 3341 995 habitas,
3372 947 3426 986 et

1852 1032 2076 1087 humilia
2124 1029 2353 1100 respicis
2395 1029 2458 1091 ¹⁹,
2508 1037 2562 1082 et
2614 1041 2901 1098 permanes
2970 1026 3023 1078 in
3103 1024 3303 1080 saecula
3351 1024 3419 1082 ".

1850 1124 2033 1193 aspice
2065 1121 2132 1177 ad
2163 1121 2310 1174 hunc
2339 1134 2564 1189 parvum
2603 1129 2755 1172 tuum
2791 1132 3026 1188 gregem,
3080 1126 3135 1170 et
3163 1131 3426 1170 conserva

1852 1217 1921 1271 ab
1953 1215 2102 1269 omni
2147 1213 2369 1278 damno,
2430 1220 2540 1264 tam
2601 1210 2920 1272 bestiarum.
2975 1224 3096 1278 qua:
3153 1209 3425 1265 videntur.

1852 1323 2014 1378 quam
2062 1320 2184 1375 quae
2231 1304 2335 1358 sub
2383 1311 2661 1371 aspectum
2720 1315 2831 1354 non
2884 1300 3107 1355 cadunt.
3164 1299 3428 1365 Quoniam

1853 1399 2006 1453 solus
2033 1412 2093 1452 es
2120 1395 2453 1466 gloriﬁcatus
2490 1396 2544 1448 in
2571 1393 2766 1448 saecula
2805 1391 3159 1447 seculorum.
3193 1392 3389 1445 Amen.

1927 1509 2033 1566 VII.
2072 1509 2371 1578 Postquam
2420 1508 2534 1562 liazc
2576 1508 2794 1563 luerunt
2846 1507 3059 1577 cognita
3105 1505 3227 1560 duci
3271 1520 3430 1559 exer-

1860 1603 2003 1657 citus
2039 1620 2052 1656 :
2084 1601 2187 1655 Per
2237 1599 2664 1659 lucidissimum.
2713 1598 2916 1666 inquit.
2965 1597 3159 1661 solem,
3213 1595 3302 1648 hic
3347 1605 3433 1648 est

1861 1694 2072 1763 magnis
2099 1692 2341 1761 repletus
2383 1690 2694 1758 praestigiis.
2724 1687 2858 1742 Nam
2906 1698 2959 1742 et
2991 1703 3144 1758 aquae
3179 1688 3435 1756 repressit

1863 1785 2150 1854 impetum,
2199 1792 2490 1850 emergens
2538 1780 2738 1834 illaesus
2777 1792 2806 1832 a‘
2850 1781 3007 1833 malis
3047 1795 3061 1829 :
3104 1788 3155 1832 et
3213 1778 3330 1837 hos.
3378 1786 3436 1829 ut

182 1872 284 1934 θὴς
313 1871 502 1923 κακῶν
531 1871 750 1931 ἀναδὺς,
781 1869 877 1922 καὶ
902 1869 1146 1931 τούτους,
1175 1868 1249 1926 ὡς
1302 1865 1540 1936 προέφη,
1587 1879 1756 1916 κατα-

1867 1873 2134 1945 praedixit,
2203 1873 2451 1937 attraxit,
2527 1886 2716 1926 eorum
2771 1870 3155 1940 prestringens
3226 1867 3431 1921 oculos.

183 1960 417 2030 γοητείᾳ
495 1958 868 2010 έπεσπάσατο.
929 1952 1062 2009 Εἶτα
1122 1955 1385 2025 στραφεὶς
1475 1954 1612 2025 πρὸς
1671 1953 1759 2006 τὸν

185 2050 460 2120 μάρτυρα,
504 2047 646 2117 Ἐγώ
703 2064 822 2110 σου,
865 2047 990 2116 ἔφη,
1030 2047 1128 2106 τας
1179 2048 1434 2115 γοητείας
1483 2044 1758 2112 διελέγξω,

185 2141 590 2210 Καλλίστρατεο
633 2141 747 2194 Οὐκ
777 2140 855 2200 είς
883 2137 1100 2207 μακρὰν
1129 2136 1184 2188 δὲ
1208 2138 1326 2209 εῐσῃ
1357 2138 1439 2198 τίς
1483 2137 1580 2204 μὲν
1624 2137 1763 2202 Περ-

186 2231 430 2302 σερτῖνός
480 2231 699 2292 tatu/,6
729 2227 837 2280 τῶν
891 2226 1148 2295 μεγάλων
1196 2225 1333 2278 θεῶν
1382 2227 1757 2292 θεραπευτής·

182 2324 266 2384 τίς
293 2321 349 2372 δὲ
371 2324 396 2371 ὁ
418 2317 835 2386 ἐσταυρωμένος
861 2315 922 2368 ὃν
950 2316 1108 2377 αὑτός
1149 2333 1208 2368 τε
1244 2317 1440 2378 σέϐεις.
1484 2315 1577 2368 καὶ
1606 2316 1691 2384 ἐφ’

187 2411 436 2482 ματαίως
466 2412 492 2462 ὁ
529 2411 835 2477 κατάρατος
888 2409 1175 2472 πέποιθας.
1237 2407 1478 2472 Καθίσας
1525 2406 1618 2463 οὖν
1671 2411 1764 2462 ἐπὶ

184 2503 279 2556 τοῦ
302 2503 548 2572 βήματος
568 2502 790 2574 ῥοπάλῳ
817 2500 939 2553 καθ’
961 2501 1056 2554 ’ἐνα
1081 2500 1295 2553 κελεύει
1322 2501 1619 2555 τύπτεσθαι
1641 2503 1764 2563 τοὺς

185 2597 625 2657 πεπιστευκότας
653 2594 901 2655 ἅπαντας
941 2593 1315 2662 στρατιώταςο
1351 2592 1400 2643 οἳ
1445 2593 1535 2643 καὶ
1563 2593 1763 2644 τυπτό-

192 2703 344 2756 μενοι
380 2684 657 2760 χαλετεῶς,
686 2685 757 2734 τὰ
790 2684 925 2751 μέλη
958 2699 1017 2733 τε
1043 2681 1682 2752 κατακλώμενοι,ῶςπερ
1707 2683 1764 2746 ἐξ

188 2781 308 2842 ένδς
333 2779 618 2846 στόματος,
652 2774 819 2840 Κύριε
853 2773 1026 2844 Ἰησοῦ
1055 2773 1278 2845 Χριστὲ,
1303 2774 1508 2844 ἔλεγον,
1532 2776 1641 2837 τοῖς
1672 2792 1765 2828 σου

187 2872 396 2932 δούλοις
459 2870 736 2939 ἐπίστηθι,
781 2869 986 2940 βοήθεὶ,
1029 2871 1120 2923 καὶ
1163 2869 1247 2932 δὸς
1276 2871 1409 2939 ἡμῖν
1451 2871 1549 2940 τὴν
1606 2871 1766 2940 μέχρι

186 2961 375 3024 ιέλους
404 2962 682 3030 ὑπομονὴν
707 2977 719 2990 ·
746 2961 833 3012 διὰ
867 2961 923 3012 σὲ
952 2962 1058 3029 γάρ
1097 2962 1188 3012 καὶ
1221 2961 1318 3028 τὴν
1351 2960 1430 3020 εὶς
1475 2960 1533 3010 σὲ
1583 2963 1768 3012 πίστιν

188 3051 341 3105 οὕτω
366 3051 597 3119 πάσχειν
628 3051 905 3120 εἱλέμεθα.
932 3051 1028 3120 Εῖη
1067 3051 1123 3103 δὲ
1155 3050 1304 3121 παρὰ
1358 3049 1452 3102 σοῦ
1501 3050 1768 3119 φυλαττό-

193 3161 356 3214 μενος
406 3145 503 3195 καὶ
554 3145 580 3195 ὁ
638 3144 910 3212 ἡμέτερος
963 3143 1278 3206 διδάσκαλός
1320 3159 1379 3195 τε
1417 3146 1511 3197 καὶ
1564 3143 1768 3214 ποιμὴν

192 3237 621 3306 Καλλίστρατος,
646 3236 721 3300 ὡς
750 3237 814 3290 άν
853 3253 912 3289 τε
938 3236 1209 3306 λειότερον
1241 3236 1307 3287 δι’
1326 3237 1489 3288 αὐτὸν
1518 3236 1616 3306 τῆς
1640 3239 1768 3289 ἀσε-

190 3331 345 3393 ϐείας
379 3330 537 3398 λόγον
570 3347 637 3382 κα
651 3328 993 3399 τηχηθέντες,
1028 3327 1398 3396 βεὸαιωτέραν
1429 3327 1524 3380 καὶ
1543 3327 1640 3395 τὴν
1667 3330 1766 3396 σὴν

189 3424 488 3492 ιπίγνωσιν
515 3422 788 3490 λάϐωμεν.
813 3421 922 3474 Νῦν
950 3419 1058 3488 γὰρ
1076 3419 1148 3480 ὡς
1177 3417 1493 3472 ἀπολωλότα
1520 3417 1768 3486 πρόϐατα

189 3516 426 3567 ινώπιόν
457 3513 550 3564 σού
579 3514 767 3582 ἐσμεν,
801 3510 996 3582 Κύριε.
1030 3510 1159 3579 Ὀψὲ
1190 3511 1246 3563 δέ
1273 3527 1400 3562 ποτε
1429 3510 1525 3580 τῆς
1568 3510 1766 3580 μανίας

190 3607 355 3675 κόρον
389 3595 592 3659 ’λαϐὼν
629 3605 657 3658 ὀ
717 3606 918 3674 μανίας
973 3604 1152 3672 πάσης
1182 3602 1277 3654 καὶ
1310 3602 1478 3672 ὀργῆς
1513 3603 1770 3671 ἔμπλεως

188 3697 451 3767 ἀνεθῆναι
499 3698 598 3766 μὲν
629 3696 826 3758 αὐτοὺς
859 3694 967 3748 τῶν
1021 3698 1306 3765 μαστίγων
1368 3693 1603 3759 κελεύει,
1633 3695 1768 3763 πρὸς

190 3789 249 3841 δὲ
272 3788 371 3858 τὴν
412 3788 656 3857 φρουρὰν
700 3787 1014 3855 ἀπαχθῆναι
1067 3785 1583 3855 φυλαχθησομένους
1624 3787 1764 3856 αὐτῇ

195 3881 390 3949 μέχρις
432 3881 497 3931 διν
541 3876 927 3945 διασκέψηται,
962 3876 1076 3938 πῶς
1122 3877 1191 3928 τὰ
1250 3879 1377 3946 περὶ
1435 3877 1532 3946 τῆς
1587 3877 1767 3929 αὐτῶν

189 3974 446 4041 διάθηται
476 3969 774 4032 ἀπωλείας.
809 3970 942 4022 Οὐδὶ
996 3970 1104 4038 γάρ
1148 3972 1384 4041 μετρίως
1424 3970 1588 4023 αὐτοῦ
1640 3970 1771 4023 καθ-

195 4063 346 4116 ίκετο
400 4061 462 4115 τὸ
512 4063 848 4133 πεντήκοντα
899 4062 1259 4133 στρατιώταις
1325 4062 1487 4120 εὐθὺς
1549 4063 1768 4113 ἔλαττον

191 4156 450 4226 γενέσθαι
487 4157 550 4207 τὸ
575 4155 738 4207 αὑτοῦ
769 4156 1104 4223 στράτευμα,
1143 4154 1234 4207 καὶ
1275 4152 1448 4208 ταῦτα
1495 4156 1560 4226 τῇ
1607 4170 1771 4226 μετα-

193 4251 346 4304 θέσει
371 4249 465 4301 καὶ
487 4247 578 4300 τοῦ
619 4247 983 4316 σεδάσματος.

266 4339 350 4396 H'.
394 4340 499 4393 Σὺν
529 4339 645 4410 ἅμα
678 4340 808 4408 γοῦν
833 4340 910 4409 τῷ
970 4339 1099 4409 ἱερῷ
1149 4340 1540 4409 Καλλιστράτῳ
1587 4341 1647 4394 τὸ
1681 4341 1770 4394 δε-

197 4436 516 4505 σμωτήριον
583 4432 1030 4501 κατακριθέντες,
1063 4432 1159 4502 τὴν
1199 4433 1371 4501 ἁληθῆ
1430 4432 1767 4499 Θεογνωσίαν

193 4527 288 4578 ὑπ’
315 4526 527 4578 ἐκείνου
563 4523 998 4585 έξεπαιδεύοντο.
1026 4517 1120 4586 Εἷς
1161 4524 1343 4592 μέντοι
1389 4523 1597 4576 τούτων
1626 4525 1765 4578 Δαλ-

1869 1966 2073 2021 Deinde
2113 1979 2416 2019 conversus
2452 1966 2516 2017 ad
2547 1971 2838 2032 martyrem
2870 1979 2884 2015 :
2926 1960 3035 2031 Ego
3063 1969 3205 2024 tuas,
3240 1959 3434 2026 inquit,

1869 2057 2111 2112 refellam
2165 2055 2498 2125 praestigias,
2569 2070 2602 2108 ο
2652 2053 2979 2108 Callistrate.
3034 2051 3191 2105 Brevi
3257 2049 3436 2104 autem

1866 2150 2028 2211 scies,
2057 2147 2305 2216 quisnam
2339 2147 2407 2198 sit
2452 2147 2670 2213 quidem
2706 2145 3078 2206 Persentinus,
3123 2157 3436 2211 magnorum

1867 2241 2096 2294 deorum
2127 2237 2305 2292 cultor
2345 2236 2511 2303 :quis
2567 2243 2745 2288 autem
2795 2232 3118 2298 Cruciﬁxus,
3164 2248 3324 2302 quem
3383 2241 3439 2286 et

1869 2333 1988 2400 ipse
2023 2331 2178 2392 colis.
2211 2339 2267 2383 et
2294 2329 2347 2382 in
2380 2343 2488 2396 quo
2515 2326 2882 2381 exsecrandus
2926 2324 3161 2379 inaniter
3190 2324 3436 2378 conﬁdis.

1868 2424 2003 2480 Cum
2033 2440 2163 2492 ergo
2191 2423 2420 2477 sedisset
2464 2436 2564 2490 pro
2601 2419 2879 2484 tribunali,
2908 2419 3078 2488 .jubet
3108 2419 3272 2474 claris
3319 2433 3440 2471 vero

1886 2514 2063 2568 berari
2091 2527 2283 2567 omnes
2305 2510 2395 2580 qui
2441 2511 2808 2570 crediderant,
2867 2509 3064 2561 milites
3108 2527 3121 2561 :
3157 2508 3246 2575 qui
3277 2507 3438 2561 etiam

1875 2607 2004 2659 dum
2059 2606 2296 2674 graviter
2349 2602 2788 2662 verberarentur,
2843 2608 2899 2653 et
2950 2600 3191 2653 membra
3248 2613 3437 2652 eorum

1872 2691 2374 2761 coniringerentur,
2417 2692 2584 2745 veluti
2622 2708 2729 2745 uno
2769 2705 2865 2744 ore
2895 2689 3148 2743 dicebant
3206 2703 3221 2743 :
3262 2685 3441 2740 Domi-

1869 2801 1940 2839 ne
1973 2783 2102 2838 Jesu
2129 2781 2367 2845 Christe,
2407 2781 2550 2834 adsis
2602 2782 2820 2849 adjutor
2871 2782 2977 2834 tuis
3019 2779 3258 2840 famulis,
3292 2787 3346 2831 et
3373 2778 3440 2830 da

1872 2875 2032 2932 nobis
2060 2874 2126 2928 ad
2151 2873 2310 2927 linem
2337 2888 2508 2942 usque
2540 2871 2874 2941 patientiam.
2905 2870 3135 2937 PrOpter
3175 2880 3229 2922 te
3266 2870 3434 2928 enim.

1872 2983 1927 3025 et
1956 2986 2075 3040 qua:
2103 2978 2183 3023 est
2223 2969 2275 3022 in
2315 2978 2365 3022 te
2401 2967 2582 3030 ﬁdem,
2618 2968 2696 3020 sic
2745 2963 2855 3034 pati
2889 2972 3077 3016 nostra
3105 2971 3303 3032 sponte
3330 2970 3440 3014 sta-

1873 3061 2098 3112 luimus.
2127 3060 2167 3110 A
2200 3070 2250 3110 te
2300 3068 2480 3109 autem
2514 3066 2766 3109 servetur
2797 3064 2985 3108 noster
3041 3067 3251 3122 quoque
3303 3066 3440 3121 prae-

1873 3159 2062 3220 ceptor
2088 3159 2143 3204 et
2174 3158 2361 3217 pastor
2385 3146 2750 3209 Callistratus,
2778 3156 2835 3198 ut
2868 3156 2964 3213 per
2989 3160 3110 3197 cum
3148 3143 3441 3213 perfectius

1875 3242 2111 3297 instituti
2168 3241 2220 3294 in
2259 3240 2425 3294 verbo
2483 3238 2724 3308 pietatis,
2770 3236 3097 3304 accipiamus
3146 3237 3438 3289 ﬁrmiorem

1875 3343 2020 3386 tuam
2051 3332 2405 3400 agnitionem.
2436 3331 2593 3384 Nunc
2647 3330 2794 3384 enim
2845 3338 3103 3398 tanquam
3145 3344 3274 3384 oves
3317 3341 3443 3398 per-

1874 3424 2001 3477 dita:
2029 3437 2220 3476 sumus
2250 3422 2304 3474 in
2359 3432 2655 3489 conspectu
2705 3428 2822 3484 tuo,
2871 3420 3118 3472 Domine.
3187 3419 3323 3472 Cum
3356 3420 3443 3472 vix

1873 3517 2090 3569 tandem
2146 3522 2331 3567 autem
2375 3511 2577 3566 luroris
2617 3525 2740 3566 eum
2783 3510 3019 3580 cepisset
3053 3511 3296 3572 satietas.
3343 3511 3438 3578 qui

1873 3617 1991 3661 erat
2023 3607 2219 3675 plenus
2250 3604 2403 3657 omni
2459 3603 2647 3657 furore
2689 3612 2742 3657 et
2778 3602 2877 3665 ira,
2914 3616 3007 3655 eos
3035 3600 3251 3670 quidem
3291 3599 3444 3667 jubet

1875 3693 2106 3745 relaxari
2154 3708 2181 3743 a
2237 3692 2484 3760 ﬂagellis.
2538 3692 2730 3746 abduci
2763 3686 2961 3745 autem
3027 3690 3080 3744 in
3115 3691 3441 3751 custodiam.

1874 3775 2010 3839 illie‘
2054 3782 2240 3837 taudiu
2299 3782 2710 3842 custodiendos,
2776 3784 2950 3836 donec
2979 3783 3436 3842 consideraverit,

1877 3876 2138 3946 quidnam
2169 3873 2236 3928 de
2283 3887 2471 3927 eorum
2520 3881 2722 3926 statuat
2769 3872 3016 3926 interitu.
3061 3870 3246 3938 Neque
3296 3871 3441 3923 enim

1873 3983 1999 4021 cum
2031 3966 2267 4035 angebat
2293 3965 2666 4030 mediocriter,
2717 3964 2863 4033 quod
2912 3963 3300 4032 quinquaginta
3344 3963 3444 4013 nii-

1873 4054 2062 4109 litibus
2095 4052 2349 4120 protinus
2392 4061 2536 4104 esset
2588 4053 2918 4106 minuendus
2944 4054 3233 4112 exercitus,
3286 4049 3444 4116 idque

1876 4150 1946 4205 ob
1980 4157 2245 4204 mutatam
2276 4145 2622 4219 religionem.

1942 4343 2076 4401 Vlll.
2146 4342 2318 4399 Simul
2375 4356 2504 4414 ergo
2549 4357 2672 4397 cum
2727 4351 3076 4396 sacrosancto
3135 4339 3442 4394 Callistrato

1873 4438 2108 4492 damnati
2140 4437 2205 4490 ad
2239 4449 2536 4497 carcerem,
2566 4433 2870 4487 didicerunt
2911 4434 2978 4485 ab
3010 4433 3099 4485 illo
3129 4447 3310 4484 veram
3345 4430 3438 4484 Dei

1875 4529 2225 4601 agnitionem.
2258 4525 2412 4581 Unus
2445 4526 2588 4579 enim
2637 4540 2702 4579 ex
2757 4525 2846 4589 iis,
2878 4523 3153 4578 Dalmatus
3200 4523 3438 4588 nomine,

199 4618 369 4684 μάτος
412 4615 604 4682 ὄνομα,
669 4617 726 4667 ὲν
762 4616 946 4684 μέσοις
1002 4617 1185 4677 αὐτοῖς
1222 4615 1373 4679 στας,
1409 4616 1610 4685 Δεόμαί
1646 4634 1762 4683 σου,

1875 4633 2022 4675 srans
2072 4620 2127 4672 in
2177 4617 2354 4672 medio
2382 4632 2570 4672 eorum
2603 4633 2616 4669 :
2648 4615 2797 4685 Rogo
2837 4625 2913 4679 te,
2942 4625 3263 4686 praeceptor,
3315 4613 3444 4668 dicit

193 4705 510 4766 διδάσκαλε.
540 4703 617 4772 τῷ
654 4706 794 4773 ἁγίῳ
827 4707 983 4772 φησὶν
1017 4696 1342 4774 τρανότερδν
1375 4706 1521 4772 ἡμᾶς
1547 4706 1617 4758 τά
1648 4706 1766 4758 θεῖ²

192 4797 441 4864 δόγματα
491 4793 828 4864 διδαχθῆναι,
888 4796 1028 4848 ὥστε
1091 4795 1180 4847 τὸν
1212 4794 1337 4848 νοῦν
1370 4796 1529 4865 ἡμῶν
1559 4799 1622 4866 τῇ
1675 4795 1768 4849 τοῦ

196 4886 444 4956 Χριστοῦ
481 4888 660 4940 πίστει
704 4887 1088 4956 έδραιωοῆναι,
1123 4888 1324 4955 γνῶναί
1357 4905 1418 4939 τε
1472 4890 1619 4956 ἡμᾶς
1670 4890 1770 4952 τὰς

197 4976 424 5036 ὶλπὲδας
459 4977 555 5044 τῆς
590 4977 1046 5045 προσδοκωμένης
1080 4976 1246 5044 ζωῆς,
1289 4976 1375 5027 ἵνα
1423 4979 1639 5045 μηκέτι,
1678 4978 1766 5028 τὶν

196 5065 461 5130 λογισμὸν
491 5065 810 5133 ἀστήρικτοι
846 5064 1017 5126 ὄντες,
1048 5065 1445 5131 εὐεξαπάτητοι
1479 5067 1766 5132 γενώμεθα

198 5157 313 5217 τοῖς
337 5153 688 5222 διαστρέφειν
723 5154 866 5221 ἡμᾶς
901 5153 1264 5223 βουλομένοις.
1289 5155 1534 5207 Γενέσθω
1557 5157 1612 5207 δὲ
1635 5157 1766 5224 ἡμῖν

196 5249 461 5318 γρώριμα
519 5249 611 5302 καὶ
643 5247 713 5300 τὰ
753 5248 849 5314 τῇς
873 5248 1188 5317 οἰκονομίας
1232 5250 1531 5318 μυστήρια,
1565 5248 1631 5298 τά
1665 5248 1764 5315 τῆς

199 5341 550 5401 ἀναστάσεως
606 5357 666 5392 τε
719 5341 812 5392 καὶ
857 5342 952 5411 τῆς
1007 5341 1438 5402 άνταποδότεως·
1494 5339 1615 5390 οὐδὲ
1660 5339 1769 5408 γάρ

201 5435 451 5504 ἑφθημεν
507 5430 629 5482 οὔτε
688 5432 838 5500 παρά
869 5432 972 5484 τῶν
1007 5433 1258 5501 πατέρων
1293 5432 1470 5501 ὑμῶν,
1503 5430 1626 5483 οῦτε
1658 5430 1765 5498 μὴν

201 5527 309 5580 ὑπό
349 5539 492 5585 τινος
547 5521 709 5573 ἄλλου
752 5522 1092 5590 διδαχθέντες
1147 5539 1203 5574 τι
1254 5525 1381 5591 περὶ
1422 5523 1646 5576 τούτων.
1705 5524 1764 5571 '0

206 5617 477 5684 μακάριος
511 5613 931 5685 Καλλίστρατος,
958 5613 1229 5676 Ἕκαστος
1258 5615 1430 5682 ὑμῶν,
1467 5611 1614 5678 εἶπε,
1639 5617 1764 5684 περὶ

198 5697 262 5757 οῦ
279 5703 531 5772 βούλεται
563 5705 933 5762 πυνθανὲσθω.
965 5726 980 5757 ι
1022 5707 1077 5759 '0
1097 5706 1150 5757 δὲ
1179 5706 1307 5769 Θεὸς
1335 5708 1360 5759 ὁ
1383 5707 1646 5759 διδάσκων
1676 5708 1770 5761 ἆν-

273 5891 316 5923 ¹⁹
348 5887 537 5948 Matth.
579 5892 769 5957 3.538.
849 5893 885 5924 “
919 5892 1106 5948 Matth.
1152 5911 1202 5958 ν,
1254 5893 1335 5946 12.

1418 5895 1457 5924 ¹¹
1505 5887 1642 5948 Psal.
1695 5906 1820 5960 cm,
1849 5888 1898 5955 5,
1925 5889 1978 5948 6.

1869 4722 2079 4776 sancto,
2113 4721 2171 4764 ut
2205 4724 2304 4763 nos
2333 4710 2512 4761 divina
2544 4708 2791 4776 dogmata
2839 4708 3133 4761 doceamur
3165 4707 3438 4775 apertius.

1871 4820 1982 4873 quo
2010 4815 2163 4855 mens
2198 4809 2384 4854 nostra
2421 4799 2523 4852 lide
2564 4797 2770 4853 Christi
2805 4799 3128 4861 stabiliatur,
3158 4807 3213 4852 et
3239 4813 3443 4868 cogno-

1869 4908 2084 4948 scamus
2137 4906 2287 4960 spem
2339 4891 2479 4953 vitae,
2515 4905 2634 4957 qua
2675 4899 3043 4956 exspectatur,
3092 4899 3280 4943 utnon
3326 4904 3445 4942 ant-

1869 4985 2010 5055 plius
2038 4982 2320 5036 instabiles
2373 4980 2718 5049 cogitatione,
2753 4981 2907 5034 facile
2952 4981 3126 5050 decipi
3175 4983 3443 5050 possimus

1869 5073 1936 5125 ab
1985 5072 2070 5134 iis,
2122 5071 2212 5138 qui
2279 5085 2376 5123 nos
2424 5069 2613 5122 volunt
2654 5082 2993 5124 convertere.
3049 5071 3179 5123 Nota
3226 5085 3442 5140 quoque

1867 5164 2024 5217 nobis
2055 5163 2285 5215 evadant
2316 5161 2738 5228 disnensationis
2787 5162 2968 5216 carnis
3026 5171 3290 5230 suscepta:
3328 5178 3440 5232 my-

1867 5252 2061 5314 steria,
2106 5251 2628 5319 resurrectionisque
2661 5259 2714 5306 et
2747 5253 3217 5306 remunerationis.
3256 5251 3440 5321 Neque

1869 5347 2010 5397 enim
2044 5359 2071 5396 a
2104 5344 2309 5398 nostris
2332 5343 2670 5410 parenlibus,
2702 5358 2878 5410 neque
2904 5343 2969 5395 ab
2995 5345 3100 5397 ullo
3128 5346 3234 5398 alio
3257 5345 3323 5397 de
3359 5346 3441 5398 his

1871 5445 2028 5487 antea
2059 5434 2258 5501 aliquid
2291 5432 2594 5486 didicimus.
2625 5431 2818 5487 Beatus
2851 5443 3031 5486 autem
3061 5432 3443 5490 Callistratus:

1875 5524 2254 5590 Unusquisque
2279 5532 2538 5588 veslt‘um,
2571 5523 2766 5592 inquit,
2790 5525 2854 5578 de
2880 5541 2986 5594 quo
3012 5524 3156 5588 velit,
3205 5525 3443 5579 interro-

1874 5627 2004 5685 get;
2071 5631 2087 5663 ι
2130 5613 2278 5670 Deus
2321 5624 2522 5677 autem,
2572 5616 2661 5682 qui
2719 5616 2876 5669 docet
2934 5615 3208 5670 hominem
3263 5618 3443 5672 scien-

1877 5705 2087 5768 tiam”,
2128 5726 2144 5756 ι
2187 5707 2342 5764 nobis
2362 5721 2571 5774 quoque
2623 5707 2881 5774 praebebit
2929 5723 3257 5765 sermonem
3279 5725 3440 5764 causa

2057 5889 2097 5924 ”
2125 5891 2276 5950 Psal.
2307 5906 2375 5954 Cl,
2413 5891 2496 5945 l3.
2573 5891 2611 5926 “t
2653 5891 2793 5948 i‘sal.
2827 5907 2980 5956 \Llll,
3018 5893 3100 5944 l0.
