4148 6484
786 411 890 472 907

2019 411 2300 472 MENSIS
2339 412 2627 472 SEPTEM
2641 414 2806 476 BER.

3935 417 4039 479 9'33

782 526 850 581 ab
876 539 939 578 eo
981 522 1149 577 fuisse
1189 521 1385 576 factam
1443 521 1536 576 Dei
1620 522 1904 578 ecclesiam
1940 541 1954 578 :
2005 525 2341 594 quemadmo

2466 523 2702 592 ἔμπαλιν
2757 525 3147 596 πεπραγμένον
3197 526 3353 579 ἐστί’
3393 526 3452 579 τὸ
3496 529 3606 597 γὰρ
3662 528 3776 582 τῶν
3831 528 4051 600 λῃστῶν

782 618 910 673 dum
939 625 1150 680 autem,
1183 615 1444 686 deinceps
1475 616 1852 671 ostendemus.

856 880 969 938 Vll.
1011 879 1090 933 Illi
1115 884 1298 932 autem
1325 871 1601 936 scelerati,
1650 885 1775 924 cum
1809 876 2057 922 sanctum
2097 867 2348 936 reliquis-

783 985 911 1030 sent
945 973 1190 1028 vinetum
1230 968 1282 1022 in
1341 967 1484 1020 dicta
1540 963 1819 1033 spelunca,
1861 964 1970 1016 huc
2015 972 2068 1014 et
2110 963 2255 1025 illuc,
2292 971 2351 1015 ut

783 1068 866 1120 eis
900 1079 1021 1118 mos
1048 1071 1187 1126 erat,
1220 1060 1335 1112 vias
1367 1057 1592 1110 obibant
1615 1054 1881 1123 publicas,
1935 1053 1979 1107 si
2012 1052 2149 1106 forte
2176 1052 2349 1106 viato-

788 1156 940 1211 ribus
988 1152 1206 1206 solitum
1258 1149 1455 1202 alferre
1503 1154 1728 1216 possent
1768 1144 2014 1197 exitium.
2046 1143 2139 1195 llic
2170 1152 2347 1195 autem

788 1248 1030 1317 primum
1068 1243 1287 1314 quidem
1331 1241 1470 1294 fudit
1521 1253 1733 1309 preces,
1759 1245 1812 1290 et
1842 1235 1955 1289 Deo
1990 1237 2096 1306 egit
2127 1235 2347 1305 gratias,

780 1338 1057 1392 molestias
1109 1335 1364 1388 lubenter
1425 1331 1730 1399 suscipiens
1776 1335 1997 1398 propter
2034 1343 2171 1392 eam,
2229 1343 2348 1395 qua:

782 1429 934 1482 illinc
990 1435 1260 1494 speratur.
1315 1421 1809 1476 remunerationem
1867 1436 1881 1472 :
1932 1417 2127 1471 deinde
2185 1416 2348 1469 etiam

786 1516 1081 1585 malignum
1109 1513 1434 1572 dzemonem,
1481 1509 1571 1577 qui
1602 1507 1718 1561 haec
1755 1506 2017 1561 adversus
2068 1521 2190 1558 eum
2235 1515 2350 1558 erat

782 1607 1146 1669 machinatus,
1180 1604 1258 1658 sic
1309 1602 1609 1656 fortissime
1656 1600 1955 1669 alloquitur
2012 1615 2026 1655 ε
2071 1598 2349 1667 Tanquam

779 1697 868 1764 qui
903 1695 1102 1748 mortis
1136 1691 1439 1762 periculum
1479 1689 1856 1749 formidarem,
1907 1688 2068 1740 hisne
2119 1702 2203 1740 me
2238 1697 2352 1738 tra-

780 1787 968 1842 didisti
1009 1784 1320 1854 parricidis,
1367 1797 1399 1836 o
1428 1781 1654 1834 sceleste
1693 1796 1791 1832 :an
1824 1778 2222 1846 prohibiturus,
2282 1791 2350 1830 ne

2452 619 2603 670 τουτὶ
2627 618 2888 687 σπήλαιον
2919 619 3215 689 ἐκκλησίαν
3245 618 3376 671 Θεοῦ
3404 621 3530 688 παρ’
3555 622 3718 675 αὑτοῦ
3753 624 4048 692 γενόμενον

2450 708 2608 773 ὅψεν
2661 712 2802 774 ὅπως
2853 711 2911 763 δὲ
2971 714 3064 764 καὶ
3112 713 3236 764 τίνα
3293 709 3383 762 τὸν
3422 713 3738 781 τοόπον,τά
3775 717 3909 784 ἑξῆς
3958 717 4045 769 τοῦ

2450 798 2606 866 λόγου
2633 799 2861 869 δηλώσει
2899 803 3105 870 σαφῶς.

2520 889 2591 944 Z'.
2632 892 2859 944 Ἐκεῖνοι
2888 893 2985 961 μὲν
3014 891 3126 957 οὖν,
3151 894 3340 965 ῶσπερ
3371 897 3608 964 ἔφημεν,
3635 897 3688 947 οἱ
3714 897 4045 965 ἀλάστορες,

2449 980 2672 1048 δέσμιον
2707 983 2763 1033 ὲν
2789 982 2866 1051 τῷ
2904 983 3199 1052 δηλιοθέντι
3230 987 3328 1056 ἤδη
3360 990 3611 1057 σπηλαίῳ
3640 992 4044 1055 καταλιπόντες

2450 1071 2541 1122 τὸν
2569 1071 2746 1138 ἅγιον,
2775 1075 2870 1125 καὶ
2902 1069 3002 1126 ὦδε
3036 1078 3169 1144 περὶ
3194 1078 3291 1139 τὲις
3319 1079 3654 1148 λεωφόρους,
3684 1083 3762 1142 ὡς
3801 1083 3924 1143 ἔθος
3951 1086 4042 1134 αὑ-

2450 1166 2562 1226 τοῖς
2581 1203 2595 1228 ,
2629 1166 2952 1234 περιῄεσαν,
2990 1167 3043 1217 εί
3075 1187 3172 1220 που
3193 1171 3286 1222 καὶ
3317 1171 3494 1233 ἄλλοις
3524 1175 3633 1225 τῶν
3659 1175 3968 1244 ὁδοιπόρων
3991 1179 4044 1228 τό

2453 1251 2677 1320 σύνηθες
2703 1253 2857 1304 αὐτοὶ
2881 1256 3049 1308 κακὸν
3080 1256 3316 1311 ἔσονται.
3375 1262 3414 1312 Ο
3441 1261 3495 1312 δὲ
3532 1263 3733 1330 πρῶτα
3798 1266 3904 1333 μὲν
3957 1268 4037 1318 εὖ·

2451 1341 2551 1410 χὰς
2605 1343 2857 1394 ἀπεδίδου
2931 1345 3025 1397 καὶ
3078 1348 3347 1417 ὡμολόγει
3396 1351 3513 1421 Θεῷ
3565 1354 3829 1421 χάριτας,
3877 1358 4041 1424 ἡδέως

2452 1433 2738 1501 ὑπομένων
2776 1436 2840 1486 τὶ
2869 1435 3108 1505 λυπηρὰ,
3137 1438 3223 1490 διὰ
3267 1439 3364 1510 τὴν
3406 1442 3612 1494 ἐκεῖθεν
3670 1443 4039 1516 ἐλπιζομένην

2450 1525 2721 1580 ἀντίδοσιν
2748 1544 2760 1557 ·
2797 1530 2991 1584 ἔπειτα
3019 1534 3110 1584 καὶ
3138 1533 3214 1602 τῷ
3250 1537 3473 1590 τοιαῦτα
3494 1543 3902 1610 τεχνασαμένῳ
3924 1545 4040 1595 κατ’

2452 1613 2615 1665 αὑτοῦ
2643 1616 2866 1685 πονηρῷ
2897 1620 3108 1688 δαίμονι
3135 1624 3336 1674 οὑτωσί
3372 1641 3488 1684 πως
3526 1629 3918 1696 ἀνδρικώτατα
3939 1635 4040 1683 δίει

2455 1701 2682 1770 λέγετο·
2729 1707 2816 1770 Ὠς
2871 1710 3152 1765 δειλιῶντά
3193 1731 3260 1782 με
3298 1715 3394 1784 τὴν
3427 1716 3519 1768 τοῦ
3565 1717 3814 1771 θανάτου
3851 1728 4037 1790 πεῖραν

2452 1797 2564 1857 τοῖς
2625 1798 2970 1867 ἀνδροφόνοις
3030 1805 3239 1866 τούτοις
3314 1806 3492 1876 φέρων
3577 1812 3938 1880 παρέδωκας,
3997 1809 4039 1865 ὦ

775 1882 841 1935 ad
889 1879 1139 1933 ell'ectum
1182 1891 1362 1931 meum
1399 1874 1577 1928 veniat
1612 1871 1985 1942 propositum?
2033 1870 2086 1924 Si
2111 1873 2341 1940 primum

2453 1888 2694 1958 μιαρὲ,ἢ
2832 1892 2928 1961 τὴν
2955 1894 3091 1963 ἐμὴν
3131 1864 3397 1949 κωλύσων
3425 1900 3504 1962 είς
3534 1864 3699 1969 ἔργον
3756 1906 4037 1973 προελθεῖν

777 1972 1021 2041 quidem,
1057 1979 1116 2023 ut
1147 1969 1239 2038 qui
1281 1966 1373 2019 Dei
1403 1965 1626 2036 gratiam
1661 1967 1857 2017 bonam
1902 1962 2130 2016 habeam
2163 1973 2344 2016 custo-

773 2063 934 2127 dem,
995 2069 1229 2113 mortem
1274 2059 1497 2113 omnino
1545 2055 1789 2123 despicio
1831 2073 1842 2107 :
1889 2055 1971 2106 sin
2021 2063 2223 2113 autem,
2286 2062 2345 2105 ut

775 2168 861 2208 me
897 2153 1185 2222 prohibeas
1218 2164 1247 2202 ει
1297 2163 1419 2203 meo
1461 2164 1525 2202 ex
1556 2147 1772 2201 Christo
1801 2146 2015 2200 vivendi
2045 2145 2337 2209 desiderio,

777 2243 915 2298 nihil
949 2243 1170 2296 omnino
1198 2240 1418 2304 efficies,
1451 2239 1496 2293 si
1544 2239 1658 2308 ipse
1692 2238 1818 2292 velit
1853 2255 1865 2290 :
1897 2238 2012 2292 vult
2056 2252 2185 2290 vero
2226 2252 2343 2290 oni-

774 2335 932 2399 nino,
965 2334 1220 2402 quoniam
1249 2332 1444 2403 gaudet
1474 2331 1596 2385 vita:
1625 2340 1679 2384 et
1711 2332 1904 2384 animae
1929 2331 2116 2383 videns
2153 2345 2343 2398 purga-

775 2428 1003 2490 tionem,
1043 2435 1208 2494 utque
1262 2424 1456 2478 habeat
1485 2422 1851 2485 occasionem,
1883 2436 2006 2475 cum
2050 2421 2119 2475 sit
2147 2421 2341 2484 bonus,

771 2517 912 2572 bona
935 2516 1211 2586 praebendi
1261 2516 1351 2578 iis,
1379 2515 1470 2584 qui
1511 2523 1641 2569 sunt
1697 2513 1922 2568 studiosi
1956 2512 2190 2566 virtutis.
2238 2511 2342 2566 Sed

773 2624 899 2664 cum
939 2609 1055 2662 hac
1084 2608 1303 2677 quidem
1343 2607 1421 2661 sic
1476 2606 1543 2661 ab
1589 2620 1654 2660 eo
1711 2605 2044 2669 dicerentur,
2074 2607 2260 2674 vipera
2289 2605 2342 2657 in

773 2721 871 2761 vas
905 2704 1177 2773 quoddam
1217 2717 1566 2774 proserpens,
1607 2702 1750 2771 quod
1783 2711 1898 2756 erat
1936 2701 2062 2756 vino
2100 2702 2339 2770 plenum,

775 2799 997 2868 impleta
1032 2807 1117 2852 est
1145 2811 1315 2865 usque
1341 2796 1406 2849 ad
1430 2796 1736 2848 satietatem
1767 2811 1781 2846 :
1816 2794 2009 2847 deinde
2031 2809 2138 2847 non
2164 2809 2342 2855 secus,

770 2899 936 2961 atque
965 2888 1093 2943 mali
1130 2889 1400 2953 homines,
1433 2902 1532 2956 pro
1559 2885 1825 2940 beneficio
1856 2885 2055 2938 malum
2091 2885 2341 2949 reddens,

774 2992 829 3037 et
862 2991 1046 3051 potum
1092 2990 1303 3032 veneno
1351 2990 1732 3039 remunerans,
1789 2974 2032 3028 recessit.
2083 2973 2342 3031 Latrones

770 3082 950 3128 autem
985 3085 1108 3124 cum
1138 3069 1354 3123 domum
1379 3065 1682 3130 rediissent,
1709 3073 1767 3119 ut
1792 3066 1880 3134 qui
1908 3065 1991 3120 siti
2017 3066 2338 3134 laborarent,

771 3179 983 3221 merum
1015 3162 1233 3232 quidem
1269 3159 1450 3215 statim
1485 3159 1768 3224 hauriunt,
1805 3167 1857 3213 et
1887 3160 2046 3213 simul
2095 3161 2338 3215 moriun-
2370 3201 2414 3259 Β

771 3265 861 3310 tur
896 3273 910 3308 :
952 3263 1006 3308 ct
1037 3253 1116 3306 sic
1154 3251 1280 3303 mali
1323 3266 1351 3302 a
1386 3249 1526 3302 malo
1561 3252 1883 3317 puniuntur,
1914 3260 1969 3303 et
2011 3265 2107 3317 pro
2157 3251 2343 3303 multis

771 3341 975 3411 injuria
1039 3339 1252 3394 allectis
1305 3338 1485 3393 divina
1514 3336 1722 3406 jusﬁtia
1753 3336 1819 3391 de
1846 3337 1914 3391 iis
1937 3337 2157 3393 meritas
2178 3339 2344 3392 sumit

768 3451 980 3506 pmnas.
1051 3433 1258 3488 Dehinc
1313 3431 1771 3486 exsecrandorum
1816 3431 2028 3485 illorum
2072 3433 2340 3486 latronum

771 3525 1169 3585 habitaculum,
1198 3524 1340 3576 sicut
1372 3539 1491 3576 sum
1544 3523 1816 3589 pollicitus
1847 3523 2028 3573 dicere
2052 3560 2064 3584 ,
2109 3524 2167 3574 fit
2213 3539 2339 3576 san-

771 3625 918 3672 ctum
945 3613 1033 3667 Dei
1077 3612 1357 3682 templum,
1379 3613 1520 3680 quod
1537 3626 1680 3665 nunc
1697 3612 2153 3680 vocaturAntiqua
2171 3611 2343 3666 eccle-

771 3712 942 3774 sia,et
957 3709 1056 3762 sita
1091 3716 1350 3777 estprope
1375 3704 1768 3760 sanctissimam
1786 3705 2034 3768 Laur-am,
2062 3721 2178 3772 quin
2203 3706 2340 3758 Plia-

772 3817 866 3855 rus
889 3799 1106 3862 dicitur,
1135 3797 1348 3851 condita
1391 3796 1456 3848 ab
1481 3795 1584 3847 hoc
1619 3810 1810 3864 magno
1829 3794 2119 3848 Cliaritone
2152 3813 2165 3849 :
2221 3797 2339 3850 ride

771 3903 954 3948 autem
1024 3892 1139 3948 haec
1167 3903 1380 3959 quoque
1409 3903 1568 3958 quam
1616 3888 1892 3957 pulchram
1953 3898 2007 3942 et
2050 3889 2339 3943 admirabi-

768 3985 873 4040 lem
907 3987 1232 4039 invenerunt
1277 3980 1765 4047 dispensationem.
1801 3979 1939 4042 Quid
1989 3983 2136 4036 enim
2178 3982 2255 4046 tit,
2287 3992 2339 4036 et

771 4092 879 4146 quo
905 4092 992 4131 res
1018 4077 1136 4145 ejus
1165 4071 1502 4143 procedunt?

840 4269 985 4327 Vill.
1017 4272 1220 4341 Captus
1254 4271 1631 4341 improborum
1675 4271 1950 4335 manibus,
1977 4282 2035 4325 ut
2060 4273 2167 4342 jam
2210 4269 2334 4329 ante

779 4363 1147 4426 ostendimus,
1175 4377 1202 4416 a
1234 4364 1337 4427 via,
1367 4379 1485 4431 qua:
1513 4363 1765 4418 tendebat
1791 4363 2158 4436 Hierosolyma
2192 4368 2338 4420 utili-

771 4462 856 4506 ter
885 4460 1104 4506 arcetur
1150 4469 1163 4505 :
1213 4454 1382 4505 instar
1406 4453 1604 4522 captivi
1657 4454 1950 4509 dueiturin
1998 4456 2330 4525 speluncam,

770 4543 1034 4597 adversus
1071 4543 1374 4613 parricidas
1406 4545 1564 4599 struit
1590 4545 1781 4608 aciem,
1831 4561 1937 4600 non
1978 4563 2184 4611 ensem,
2225 4563 2333 4601 non

769 4637 1037 4704 clypeum,
1133 4651 1242 4688 non
1343 4635 1527 4698 telum,
1579 4653 1683 4690 non
1764 4638 1942 4707 aliqua
2005 4638 2106 4691 alia
2188 4653 2333 4692 arma

772 4725 1035 4788 inferens,
1088 4725 1288 4794 quibus
1340 4741 1399 4782 se
1444 4737 1628 4796 posset
1681 4728 1863 4782 ulcisci
1917 4747 1929 4781 :
1981 4730 2075 4783 sed
2137 4732 2334 4783 sanctis

775 4816 1048 4884 precibus,
1081 4817 1218 4870 sicut
1263 4817 1389 4870 olim
1439 4818 1700 4873 adversus
1746 4821 2072 4873 Amalccitas
2139 4821 2331 4889 Moses,

774 4906 990 4958 etiamsi
1019 4920 1126 4959 non
1162 4908 1400 4960 extensis
1435 4909 1683 4964 manibus
1736 4911 1868 4980 (erat
1895 4916 2036 4966 enim
2072 4915 2329 4982 vinctus),

775 4998 870 5050 sed
898 5013 1017 5066 quae
1053 5000 1268 5052 easdem
1298 4999 1562 5054 baberent
1597 5003 1758 5064 vires.
1791 5014 1844 5057 et
1874 5021 1936 5058 ex
1968 5021 2122 5073 aequo
2161 5007 2330 5059 audiri

775 5097 1020 5156 possent,
1056 5090 1219 5142 veluti
1248 5090 1572 5158 quibusdam
1612 5093 1732 5146 telis
1761 5095 2053 5149 sceleratos
2097 5097 2216 5150 ferit
2242 5113 2332 5152 vc-

772 5194 916 5234 neno
941 5179 1161 5249 viperae.
1202 5180 1402 5235 Deinde
1424 5181 1590 5250 quid?
1635 5184 1743 5237 Sua
1787 5196 1980 5255 sponte
2012 5188 2242 5240 solvitur
2267 5189 2333 5242 ab

774 5275 863 5336 iis,
892 5273 1086 5342 quibus
1128 5275 1430 5339 tenebatur,
1477 5275 1749 5330 vinculis:
1784 5277 1843 5330 fit
1897 5289 2072 5333 autem
2121 5297 2333 5336 succes-

776 5381 868 5420 sor
908 5365 1176 5434 pecuniaz,
1210 5379 1327 5433 quae
1383 5367 1525 5420 male
1560 5369 1783 5422 collecta
1827 5369 2024 5423 fuerat.
2076 5371 2148 5424 Ea
2206 5389 2333 5426 vero

741 5465 921 5509 necte
948 5455 1311 5521 distribuitur,
1362 5456 1530 5526 ﬁtque
1588 5459 1703 5528 ipse
1747 5460 1913 5513 divini
1947 5462 2200 5529 prmccpti
2235 5466 2329 5515 ad-

771 5546 1039 5610 minister,
1079 5554 1136 5598 ut
1163 5549 1252 5614 qui
1287 5557 1492 5615 partem
1528 5551 1744 5617 quidem
1775 5552 2121 5619 pauperibus,
2154 5565 2205 5606 et
2249 5555 2330 5616 iis,

770 5637 861 5704 qui
923 5635 978 5689 in
1028 5638 1323 5694 solitudine
1364 5641 1615 5708 agebant,
1674 5642 1924 5697 Patribus
1971 5644 2328 5698 distribuerit.

773 5726 937 5780 Erant
973 5736 1152 5780 autem
1195 5731 1320 5783 tunc
1365 5729 1467 5782 rari
1530 5741 1582 5784 et
1641 5747 1749 5785 non
1784 5733 1934 5786 valde
1993 5750 2184 5804 magno
2236 5751 2334 5789 nu-

779 5831 978 5882 mero:
1034 5821 1124 5888 (ιυί
1193 5820 1291 5889 ipsi
1340 5835 1556 5890 Quoque
1611 5833 1853 5896 tempore
1911 5829 2325 5895 persecutionis,

2451 1979 2708 2047 πρόθεσιν
2747 1999 2759 2045 ;
2791 1983 2851 2034 Ei
2891 1984 2991 2054 μὲν
3031 1982 3123 2040 οὖν
3153 1987 3216 2040 τὸ
3253 1991 3466 2057 πρῶτον
3497 1994 3636 2045 αὑτά
3671 2011 3730 2045 σε
3766 1997 3939 2048 πείθει
3971 2000 4034 2051 τὰ

2451 2071 2748 2138 πράγματα
2794 2073 2866 2136 ὡς
2902 2076 3011 2141 ἐγὼ
3060 2079 3157 2146 τὴν
3219 2080 3310 2130 τοῦ
3367 2081 3501 2132 Θεοῦ
3565 2085 3764 2154 χάριν,
3826 2090 4033 2157 ἀγαθὴν

2449 2159 2587 2229 ἔχων
2614 2166 2868 2234 φρουρὸν,
2896 2168 3091 2230 παντὸς
3120 2168 3354 2222 Θανάτου
3389 2177 3723 2243 καταφρονῶ
3748 2193 3762 2206 ο
3801 2183 3852 2230 εἰ
3879 2182 3931 2230 δὲ
3976 2183 4032 2232 τὸ

2449 2257 2690 2310 κωλῦσαί
2726 2278 2791 2328 με
2823 2260 2921 2328 τῆς
2953 2262 3252 2331 ἐπιθυμίας
3280 2264 3371 2317 τοῦ
3398 2266 3557 2334 ζῆσαι
3586 2271 3734 2320 κατά
3758 2269 4026 2339 Χριστὸν,

2449 2346 2668 2410 ἀνύσεις
2705 2350 2765 2401 τὸ
2819 2352 3080 2421 παράπαν
3116 2355 3267 2407 οὐδὲν
3298 2357 3461 2409 αὑτοῦ
3497 2358 3837 2429 βουλομένου
3867 2379 3883 2393 ο
3913 2362 4031 2432 βεί-

2449 2436 2598 2490 λεται
2636 2439 2690 2491 δὲ
2734 2440 2984 2505 πάντως’
3022 2446 3145 2498 ἐπεὶ
3177 2447 3272 2499 καὶ
3329 2449 3530 2519 χαίρει,
3555 2450 3679 2517 βίον
3715 2454 3811 2502 καὶ
3855 2453 4030 2521 ψυχῆς

2447 2528 2588 2601 ὁρῶν
2623 2531 2910 2602 κάθαρσιν,
2940 2537 3005 2588 ἶν’
3037 2537 3148 2607 ἔχοι
3176 2540 3472 2610 πρόφασιν,
3501 2541 3710 2608 ἀγαθὸς
3738 2543 3814 2594 ῶν
3851 2544 4026 2609 ἀγαθὰ

2447 2622 2711 2690 παρέχειν
2757 2626 2871 2685 τοῖς
2906 2625 3239 2694 φιλαρέτοις.
3310 2629 3470 2680 Ἀλλὰ
3521 2629 3736 2682 τούτων
3768 2628 3872 2682 ὦδε
3906 2631 4029 2700 παρ’

2446 2713 2608 2765 αὐτοῦ
2641 2713 2975 2782 λεγομένων,
3027 2717 3165 2786 ἔχις,
3190 2719 3296 2770 τῶν
3322 2721 3530 2773 σκευῶν
3571 2739 3677 2774 τινι
3720 2723 4029 2792 προσερπύ-

2450 2822 2609 2870 σασα,
2634 2807 2768 2875 ὅπερ
2797 2807 2940 2860 οῖνου
2974 2810 3172 2878 μεστὸν
3203 2808 3290 2882 ἦν,
3324 2815 3415 2864 καὶ
3440 2813 3518 2876 είς
3564 2813 3730 2882 κόρον
3781 2817 4028 2885 ὲμξξορη-

2448 2896 2639 2948 θεῖσα·
2699 2893 2818 2950 εἵτα
2872 2902 3013 2952 κατὰ
3051 2902 3175 2965 τοὺς
3215 2908 3482 2973 πονηροὶς
3533 2907 3643 2981 τῶν
3699 2908 4026 2976 ἀνθρώπων,

2446 2987 2600 3058 κακῷ
2629 2988 2726 3058 τὴν
2751 2991 3068 3060 εὐεργεσίαν
3097 2995 3454 3066 ἀμειϐομένη,
3491 2999 3584 3047 καὶ
3621 2997 3700 3047 ἰόν
3726 2997 4026 3049 ἀντιδοῦσα

2445 3080 2544 3150 τῆς
2573 3082 2806 3145 πόσεως,
2836 3086 3232 3154 ἀπηλλάττετο,
3257 3089 3318 3138 Οί
3347 3087 3538 3154 λῃσταὶ
3581 3087 3636 3138 δὲ
3673 3089 3819 3138 οἶκοι
3865 3106 4027 3140 κατα-

2445 3171 2721 3234 λαϐόντες,
2738 3174 2833 3225 ἃτε
2857 3175 2997 3243 δίψει
3020 3177 3466 3244 κατειλημμένοι,
3493 3177 3672 3228 σπῶσι
3702 3178 3805 3246 μὲν
3829 3180 4026 3241 εὐθέως

2446 3259 2540 3312 τοῦ
2600 3263 2864 3332 ἀκράτου,
2919 3266 3217 3334 θνήσκουσι
3268 3267 3322 3318 δὲ
3380 3267 3556 3338 ὁμοῦ·
3611 3272 3710 3320 καὶ
3771 3271 3948 3333 οὕτως
3982 3274 4024 3322 ei

2443 3354 2605 3406 κακοὶ
2640 3354 2718 3424 τῷ
2751 3356 2905 3426 κακῴ
2939 3359 3338 3428 τιμωροῦνται,
3377 3361 3468 3413 καὶ
3502 3361 3718 3412 πολλῶν
3755 3364 4023 3433 ἠδικημέ-

2444 3461 2548 3495 νων
2581 3446 2858 3514 ἐκδίκησιν
2893 3451 2925 3516 ἡ
2960 3450 3078 3498 θεία
3109 3451 3232 3515 δίκη
3283 3454 3440 3502 ποιεῖ.
3484 3453 3773 3505 Ἐντεῦθεν
3814 3459 3875 3506 τὸ
3925 3460 4024 3508 τῶν

2447 3535 2660 3605 μιαρῶν
2691 3537 2914 3589 ἐκείνων
2943 3537 3152 3609 λῃστῶν
3189 3539 3558 3608 καταγώγιον,
3585 3543 3726 3611 ὅπερ
3759 3548 4021 3613 ἐπηγγει·

2442 3631 2623 3700 λὰμην
2659 3631 2852 3695 εἰπεῖν,
2882 3632 3008 3693 ναὸς
3039 3631 3171 3684 Θεοῦ
3211 3634 3367 3699 ἅγιος
3396 3633 3626 3699 γίνεται.
3652 3636 3712 3697 ὃς
3756 3639 3787 3705 ἦ
3821 3642 4020 3692 “ibi

2442 3724 2536 3774 νῦν
2605 3723 2899 3791 Ἐκκλησία
2939 3726 3386 3792 κατονομάζεται,
3424 3726 3515 3777 καὶ
3578 3729 3715 3796 πρὸς
3740 3733 3808 3800 τῇ
3839 3733 4026 3797 εὐστε-

2445 3814 2612 3884 οτὰτῃ
2669 3814 2901 3886 Λαύρᾳ,
2955 3817 3018 3885 τῇ
3076 3815 3343 3889 λεγομένῃ
3399 3819 3594 3888 Φάρος,
3650 3819 4019 3891 διὰκειται,ἥ

2441 3908 2546 3960 ὑπὸ
2579 3907 2673 3960 τοῦ
2717 3908 2958 3977 μεγάλου
3005 3908 3197 3962 τούτου
3259 3911 3574 3982 Χαρίτωνος
3622 3915 3725 3983 τὴν
3763 3917 4020 3971 misum

2439 4001 2619 4070 ἔσχεν.
2645 4001 2787 4071 Ὅρα
2813 4000 2870 4053 δὲ
2900 4002 2989 4054 καὶ
3020 4001 3216 4066 ταῦτα,
3243 4005 3359 4063 πῶς
3391 4005 3566 4071 καλὴν
3604 4001 3732 4073 εὗρε
3770 4013 3871 4065 και
3896 4009 4018 4062 θαν-

2443 4092 2654 4158 μαστὴν
2682 4093 2779 4159 τὴν
2811 4095 3145 4159 οίκονομίαν.
3165 4094 3230 4144 Τί
3265 4095 3372 4163 γὰρ
3399 4095 3609 4161 γίνεται
3645 4098 3745 4150 καὶ
3791 4101 3917 4152 ὅποι
3957 4104 4015 4154 τὰ

2441 4180 2560 4234 κατ’
2593 4183 2756 4234 αὑτὸν
2786 4180 3066 4251 πρόεισιν;

2510 4273 2590 4327 ll'.
2619 4277 2768 4329 Ἤλω
2799 4280 2914 4341 ταῖς
2947 4278 3171 4346 ἀνόμοις
3199 4278 3306 4332 τῶν
3337 4278 3667 4350 κακούργων
3703 4287 3923 4352 χερσὶν,
3949 4288 4014 4348 ὡς

2437 4369 2538 4438 ἤδη
2572 4368 2876 4434 φθάσαντες
2913 4369 3290 4439 ἐδηλώσαμεν,
3314 4373 3409 4441 τῆς
3432 4374 3526 4425 ἐπὶ
3549 4375 3615 4426 τὰ
3658 4372 4012 4446 Ἰεροσόλυμα

2439 4459 2710 4529 φερούσης
2768 4459 3062 4524 λυσιτελῶς
3124 4463 3370 4533 εἴργεται
3437 4466 3789 4534 αἰχμαλώτου
3843 4468 4012 4538 δίκην,

2368 4528 2411 4585 D
2439 4553 2527 4603 ἐπὶ
2559 4552 2617 4604 τὸ
2652 4552 2918 4620 σπήλαιον
2948 4554 3161 4620 ἄγεται,
3189 4555 3610 4622 παρατάσσεται
3647 4562 3762 4621 τοῖς
3804 4564 4013 4630 μιαινό-

2437 4657 2579 4702 νοις·
2605 4642 2704 4693 οὐκ
2731 4643 2955 4710 αἰχμὴν,
2990 4643 3087 4692 οὐκ
3112 4643 3336 4708 ἀσπίδα,
3381 4645 3442 4695 οὐ
3476 4645 3649 4710 βέλος,
3685 4650 3786 4718 οὐχ
3834 4651 4013 4720 ἕτερόν

2434 4751 2484 4786 τι
2534 4732 2642 4786 τῶν
2691 4731 3048 4801 ἀμυντηρίων
3100 4733 3443 4804 ἑπαγόμενος
3482 4737 3703 4790 ὅπλωνο
3737 4742 3930 4810 εὐχαῖς
3962 4746 4012 4796 δὲ

2439 4823 2645 4891 ἁγίαις,
2676 4824 2926 4896 καθάπερ
2964 4825 3105 4879 κατά
3161 4826 3270 4879 τῶν
3324 4827 3710 4898 Ἀμαληκιτῶν
3748 4835 4007 4903 Μωῦεῆς,

2438 4920 2485 4969 εί
2517 4916 2610 4969 καὶ
2652 4917 2725 4987 μὴ
2760 4918 2977 4970 ἐκτάσει
3007 4916 3204 4987 χειρῶν
3231 4911 3381 4983 οὗτος
3442 4920 3673 4988 (ἐδέδετο
3709 4925 3870 4993 γὰρ),
3904 4927 4009 4978 ξςο-

2434 5009 2690 5078 δυνάμοις
2727 5008 2782 5059 δὲ
2810 5011 2904 5059 καὶ
2933 5010 2991 5058 τὸ
3028 5009 3258 5075 εὐήκοον
3293 5009 3486 5077 ἐπίσης
3517 5011 3779 5080 ἐχούσαις
3830 5017 4008 5084 βάλλει

2436 5102 2557 5161 τους
2592 5101 2968 5168 παλαμναίους
3017 5093 3127 5150 οἶόν
3168 5117 3279 5153 τισι
3315 5101 3492 5170 βέλεσι
3539 5104 3615 5173 τῷ
3648 5106 3752 5176 τῆς
3796 5112 4007 5181 ἐχίδνης

2441 5193 2520 5262 ἰῷ.
2546 5189 2677 5244 Είτα
2707 5190 2795 5258 τί;
2830 5193 2951 5243 Τῶν
2994 5187 3075 5254 οἷς
3117 5192 3217 5261 μὲν
3249 5195 3528 5264 ἐκρατεῖτο
3567 5196 3809 5268 δεσμῶν,
3858 5205 4010 5256 αὖτο-

2439 5288 2621 5355 μάιτως
2651 5284 2837 5338 λύεται
2865 5301 2879 5316 ’
2915 5285 3159 5353 διάδοχος
3205 5285 3260 5337 δὲ
3285 5285 3394 5337 τῶν
3429 5289 3614 5352 κακῶς
3651 5294 4010 5364 συνειλεγμέ-

2436 5393 2539 5426 νων
2568 5377 2863 5444 χρημάτων
2895 5376 3121 5442 γίνεται.
3160 5376 3451 5441 Οἰκονομεῖ
3479 5378 3654 5432 ταῦτα
3701 5385 3888 5449 καλῶς
3915 5390 4004 5439 καὶ

2438 5464 2708 5531 ὑπουργὸς
2737 5463 2884 5524 θείας
2909 5464 3125 5532 ἐντολῆς
3154 5463 3454 5529 δείκνυται,
3479 5466 3594 5518 ἔνια
3628 5469 3730 5536 μὲν
3775 5479 4003 5544 πτωχοῖς

2437 5557 2528 5606 καὶ
2573 5559 2682 5617 τοῖς
2730 5556 2813 5605 ἐπ’
2879 5555 3112 5624 ἐρημίας
3166 5556 3342 5621 ἁγίοις
3392 5558 3678 5626 διανείμας
3737 5564 4001 5636 Πατρέα,

2440 5645 2658 5695 Eni/to:
2692 5645 2746 5696 δὲ
2775 5639 2918 5697 οὗτοι
2968 5647 3057 5696 καὶ
3098 5645 3318 5717 ἀριθμῷ
3350 5647 3592 5716 βραχεῖς,
3622 5653 3719 5704 καὶ
3772 5657 3922 5710 αὐτοὶ
3951 5661 4001 5712 εξ

2438 5739 2574 5788 κατὰ
2608 5738 2700 5799 τὰς
2725 5737 2814 5789 τοῦ
2848 5736 3084 5804 διωγμοῦ
3116 5739 3330 5808 ἡμέρας
3372 5739 3468 5809 τὴν
3495 5739 3704 5811 ἔρημον
3732 5745 3832 5816 τῆς
3864 5751 4005 5817 ἑνετ.

2441 5828 2677 5897 καμένης
2732 5829 2899 5897 φειδοῖ
2956 5827 3060 5881 τῶν
3122 5830 3424 5884 διωκόντων
3485 5830 3760 5901 ἑλόμενοι,
3818 5839 3866 5890 οἳ
3915 5843 4004 5893 καὶ
