4148 6474
723 413 823 481 9H

1936 398 2215 461 MENSIS
2255 396 2724 461 SEPTEMBER.

3859 390 3970 453 912

722 521 1069 595 benignitatis
1105 517 1284 574 facere
1322 514 1652 571 mentionem
1687 528 1700 564 :
1736 509 1827 566 scd
1863 510 1928 565 de
1962 510 2047 564 illa
2086 525 2116 564 e
2160 524 2295 579 quo-

2403 510 2526 572 τοὺς
2560 508 2689 579 περὶ
2747 503 3181 574 φιλανθρωπίαν,
3213 502 3399 570 λόγους
3443 502 3653 570 ἀφῆκεν
3712 502 3974 571 ἀμνημοο

722 633 826 689 que
873 614 1053 673 studio
1089 611 1191 666 fuit
1228 610 1408 663 dicere
1458 621 1578 675 qu:e
1614 603 2035 659 conveniebant.
2069 602 2292 656 Dicebat

721 712 888 774 enim,
919 705 1214 768 neminem,
1245 702 1287 756 si
1324 700 1436 754 fieri
1471 709 1673 769 posset,
1707 706 1958 764 oportere
1976 694 2159 748 vacuis
2177 709 2292 746 ma-

722 805 886 859 nibus
915 798 1193 855 dimittere
1235 809 1299 848 ex
1335 793 1421 856 iis,
1452 791 1539 861 qui
1569 790 1832 844 accedunt
1871 788 1939 842 ad
1967 788 2188 850 ostium,
2221 801 2291 839 ne

723 897 859 949 forte
898 892 1176 947 Christum
1231 889 1526 942 inscientes
1576 884 1897 954 despiciant,
1924 881 2016 950 qui
2064 879 2291 949 suscipit

723 1004 1008 1062 personam
1043 999 1363 1057 pauperum.

788 1082 925 1134 Cum
954 1081 1032 1135 sic
1058 1078 1302 1142 dixisset,
1333 1083 1386 1129 et
1405 1073 1653 1144 elegisset
1690 1085 1855 1124 unum
1899 1084 1961 1123 ex
1993 1065 2287 1136 discipulis,

723 1171 815 1239 qui
859 1183 915 1224 et
949 1170 1055 1223 vita
1092 1167 1380 1238 praestabat
1417 1165 1558 1226 aliis,
1595 1171 1650 1216 et
1686 1171 1849 1230 aptus
1891 1167 2027 1220 erat,
2071 1166 2129 1211 ut
2172 1156 2292 1222 ejus

724 1261 846 1316 fidei
879 1261 1105 1315 fratrum
1126 1257 1439 1311 crederetur
1471 1251 1813 1323 praefectura,
1849 1248 1895 1303 ei
1925 1263 1992 1302 ex
2019 1245 2291 1302 sententia

725 1355 950 1410 aliorum
1001 1351 1164 1405 etiam
1197 1346 1589 1416 discipulorum
1631 1341 1923 1397 committit
1967 1339 2288 1393 rectionem.

723 1446 843 1515 ipse
885 1451 1064 1497 autem
1116 1438 1392 1509 egreditur
1432 1449 1461 1488 e
1502 1433 1694 1494 Laure,
1729 1431 1925 1484 multas
1965 1429 2182 1498 quidem
2217 1427 2293 1481 la-

723 1551 936 1609 crymas
965 1550 1026 1589 ex
1058 1532 1231 1588 oculis
1269 1527 1640 1585 emittentibus
1669 1521 1975 1588 monachis,
2000 1531 2052 1575 et
2083 1530 2140 1574 ut
2177 1522 2292 1590 ipse

723 1636 966 1684 maneret
1007 1623 1338 1696 rogantibus,
1374 1621 1492 1689 ipso
1539 1626 1720 1672 autem
1769 1615 1899 1669 nulli
1948 1613 2199 1674 cedente.
2236 1618 2293 1664 ut

722 1723 811 1793 qui
845 1719 1114 1790 aspiceret
1145 1714 1212 1770 ad
1243 1713 1296 1769 id
1324 1712 1521 1775 solum,
1554 1709 1698 1778 quod
1740 1716 1823 1762 est
1856 1705 2006 1759 utile.
2032 1701 2085 1758 Si
2123 1703 2290 1766 enim,

723 1813 918 1884 inquit,
947 1826 980 1866 o
1012 1808 1127 1873 lilii,
1157 1805 1282 1859 hinc
1302 1797 1862 1873 migravero,nemine
1888 1796 1996 1849 huc
2025 1793 2294 1848 ventitan-

721 1919 797 1970 te.
856 1915 911 1961 et
961 1901 1199 1973 quietem
1247 1893 1626 1957 conturbante,
1679 1889 1817 1945 bene
1867 1888 1973 1941 erit
2025 1886 2286 1954 utrisque.

725 1997 954 2054 Facilius
987 1993 1131 2047 enim
1185 1996 1240 2044 et
1273 2002 1374 2057 ego
1415 1992 1593 2038 vester
1638 1991 1790 2051 pater
1823 1977 2039 2048 spiritu,
2072 1985 2127 2031 et
2169 1990 2286 2040 vos,

722 2105 859 2163 quos
910 2089 964 2141 in
1007 2083 1226 2140 Christo
1270 2078 1428 2151 genui
1478 2091 1574 2147 per
1624 2074 1996 2146 Evangelium,
2028 2072 2194 2126 veluti
2238 2073 2290 2125 in

722 2180 1050 2258 quibusdam
1100 2173 1397 2229 alvearium
1441 2169 1594 2224 cellis
1637 2166 1924 2236 tranquille
1961 2165 2291 2227 habitantes,

658 2322 661 2325 .
723 2280 894 2332 instar
923 2286 1082 2344 apum
1115 2267 1222 2323 mel
1265 2264 1480 2321 virtutis
1523 2262 1904 2333 produeeinus.
1938 2259 2072 2312 Cum
2105 2272 2293 2311 omnes

721 2383 850 2438 ergo
876 2373 1066 2420 saneto
1099 2357 1448 2432 impertiisset
1496 2353 1703 2419 osculo,
1738 2349 2212 2418 benedixissetque
2241 2355 2296 2402 et

721 2460 942 2516 Christo
986 2452 1445 2514 commendasset,
1481 2448 1582 2502 iter
1613 2456 1689 2500 est
1730 2447 2028 2514 ingressus.
2059 2441 2124 2495 Et
2169 2455 2294 2494 cum

726 2551 1023 2622 peregisset
1058 2546 1162 2600 iter
1191 2543 1352 2597 unius
1377 2539 1506 2602 diei,
1533 2537 1740 2592 accedit
1774 2535 1839 2588 ad
1883 2535 2040 2586 aliain
2077 2532 2295 2601 spelun-

724 2620 1019 2709 cam—quae
1060 2638 1160 2690 sita
1189 2631 1404 2703 quidem
1439 2635 1556 2684 erat
1585 2625 1649 2681 ad
1698 2631 1882 2696 partes
1928 2620 2297 2676 Hierichunti-

723 2750 823 2791 nas
857 2749 872 2786 :
907 2741 1025 2786 erat
1062 2736 1242 2782 autem
1281 2725 1516 2785 deserta,
1546 2727 1599 2774 et
1646 2727 1764 2772 erat
1813 2715 2090 2786 aptissima
2123 2713 2188 2767 ad
2225 2711 2297 2766 si-

723 2826 951 2882 lentium
987 2817 1332 2892 praebendum
1363 2821 1416 2867 et
1436 2812 1693 2881 quietem.
1715 2808 1853 2861 Cum
1877 2807 2095 2876 longum
2115 2816 2294 2860 autem

725 2926 942 2981 tempus
989 2909 1098 2963 illic
1134 2915 1276 2960 esset
1312 2908 1579 2960 versatus,
1615 2906 1668 2951 et
1709 2910 1827 2966 qua:
1868 2911 1925 2950 se
1971 2894 2292 2955 offerebant,

726 3003 913 3060 herbis
957 3006 1203 3054 uteretur
1231 2992 1298 3048 ad
1330 2991 1670 3054 alimentum,
1705 2986 1818 3042 Deo
1851 2986 1971 3052 soli,
2007 2993 2064 3039 ut
2102 2995 2216 3039 erat
2243 2983 2293 3038 ei

726 3107 962 3171 gratum,
1001 3090 1218 3146 vivebat
1264 3094 1548 3156 perpetuo.
1580 3082 1671 3137 Sic
1714 3091 1894 3136 autem
1939 3093 2060 3132 eum
2107 3091 2294 3130 rursus

2395 602 2638 664 νεύτους·
2693 598 2828 653 ἀλλά
2873 599 2965 652 καὶ
3020 598 3144 666 περὶ
3186 595 3354 662 αὐτῆς
3391 594 3644 659 ἐπιμελὲς
3696 594 3888 662 ἔσχεν,
3940 593 3972 647 ἀ

2396 695 2671 762 προσῆκεν
2710 690 2910 742 εἰπεῖν.
2952 686 3101 757 Ἔφη
3131 686 3260 756 γὰρ,
3290 687 3336 736 εἰ
3359 685 3585 736 δυνατὸν
3619 685 3831 754 μηδένα
3857 688 3972 739 τῶν

2393 787 2458 853 τῇ
2488 782 2628 853 θύρᾳ
2657 781 2992 852 προσιόντων
3025 780 3213 840 κεναῖς
3244 777 3599 845 ἀποπέμπειν
3633 781 3820 845 χερσὶ,
3861 779 3970 846 μή·

2394 893 2523 930 ποτε
2555 878 2648 927 καὶ
2680 875 2894 928 λάθοιτε
2921 870 3158 941 Χριστὸν
3211 869 3548 938 παριδόντες,
3583 870 3701 932 ἐνὸς
3726 870 3842 923 τῶν
3882 873 3970 923 ἐν-

2392 969 2526 1021 δεῶν
2552 968 2674 1034 ὄψιν
2713 966 3102 1035 ὑποκριθέντα.

2465 1061 2522 1113 ι’.
2557 1059 2744 1120 Οὕτως
2777 1057 2948 1109 εἰπὼν
2985 1058 3079 1109 καὶ
3110 1057 3205 1109 ἕνα
3235 1056 3342 1108 τῶν
3374 1056 3630 1125 μαθητῶν
3659 1054 3971 1124 ἐκλεξάμιο

2398 1168 2506 1215 νος,
2541 1151 2640 1220 βίῳ
2671 1167 2728 1202 τε
2757 1149 2863 1201 τῶν
2895 1147 3068 1201 ἄλλων
3095 1148 3468 1214 διενεγκόντα,
3487 1149 3583 1199 καὶ
3623 1147 3814 1199 ἰκανὸν
3840 1147 3976 1197 ὄντα

2393 1244 2728 1315 προστασίαν
2761 1242 3002 1310 ἀδελφῶν
3045 1241 3422 1310 πιστευθῆναι,
3474 1241 3652 1309 τούτῳ
3699 1241 3844 1308 μετα
3880 1239 3976 1291 καὶ

2392 1338 2489 1406 τῆς
2519 1338 2626 1390 τῶν
2665 1336 2838 1390 ἄλλων
2865 1336 3137 1404 φοιτητῶν
3161 1333 3409 1404 γνώμης,
3441 1335 3538 1400 τὴν
3569 1335 3747 1403 ἀρχὴν
3791 1336 3974 1401 ἔγχει-

2398 1427 2559 1499 ρίζει.
2591 1427 2763 1491 Αὐτὸς
2798 1427 2854 1479 δέ
2885 1427 2984 1495 τῆς
3029 1427 3252 1496 Λαύρας
3291 1427 3459 1496 ἐξῄει,
3511 1427 3686 1479 πολλα
3728 1425 3830 1492 μὲν
3885 1426 3972 1477 δα.

2394 1537 2538 1589 κρυα
2589 1520 2697 1571 τῶν
2751 1517 3047 1586 ὀφθαλμῶν
3101 1519 3368 1586 ἀφιέντων
3403 1519 3508 1570 τῶν
3551 1519 3833 1586 μοναχῶν,
3881 1517 3978 1570 καὶ

2397 1612 2580 1680 μένειν
2613 1610 2776 1663 αὐτὸν
2823 1609 3119 1674 άξούντων,
3157 1608 3324 1661 αὐτοῦ
3374 1608 3429 1660 δὲ
3469 1611 3709 1670 εἴκοντος
3745 1609 3924 1661 οὐδενί
3957 1626 3972 1640 ο

2395 1705 2486 1755 ἅτε
2541 1701 2677 1772 πρὸς
2747 1703 2905 1770 μόνον
2959 1704 3021 1753 τὸ
3076 1700 3352 1762 λυσιτελὲς
3404 1700 3715 1769 βλέποντος.
3769 1701 3834 1752 Ei
3868 1703 3974 1771 γὰρ

2399 1792 2631 1854 ἐνθένδε,
2662 1794 2850 1861 φησιν,
2905 1784 2949 1844 ὧ
3001 1793 3188 1852 τέκνα,
3225 1789 3666 1858 μεταναστεύσω,
3742 1791 3973 1858 μηδενὸς

2395 1884 2627 1937 ἐνταῦθα
2659 1886 2948 1952 φοιτῶντος
2979 1885 3069 1935 καὶ
3085 1889 3180 1952 τὴν
3212 1884 3447 1951 ἡσυχίαν
3479 1883 3968 1952 ἐπιταραττοντος,

2395 1974 2720 2044 ἀμφοτέροις
2753 1975 2862 2039 seu
2901 1974 3081 2038 καλῶς
3112 1990 3125 2004 ο
3160 1977 3291 2046 ῥᾷον
3327 1978 3430 2044 γὰρ
3466 1977 3576 2042 ἐγώ
3605 1994 3664 2028 τε
3698 1980 3728 2028 ὁ
3771 1979 3970 2045 ὑμέτε-

2398 2082 2491 2134 ρος
2519 2066 2664 2118 κατὰ
2721 2065 2936 2133 πνεῦμα
2975 2067 3178 2133 πατὴρ,
3217 2070 3308 2120 καὶ
3344 2067 3500 2135 ὑμεῖς
3531 2066 3623 2127 οὓς
3650 2069 3708 2118 ἐν
3744 2068 3987 2138 Χρ.στῷ-

2394 2157 2483 2209 διὰ
2529 2155 2978 2223 τοῦιίὺαγγελίου
3033 2159 3318 2227 ἐγέννησα,
3375 2154 3484 2211 οἷον
3539 2175 3651 2210 τισι
3695 2159 3969 2227 σιμϐλοις,

2397 2250 2520 2307 ταῖς
2594 2247 2816 2305 κέλλαις
2873 2247 3146 2315 γαληνίως
3204 2248 3629 2316 ἐναυλιζόμενοι,
3703 2250 3973 2318 μελιττῶν

2395 2338 2550 2408 δίκην
2583 2340 2642 2391 τὸ
2673 2341 2768 2408 τῆς
2801 2341 3001 2409 ἀρετῆς
3046 2340 3165 2408 μέλι
3193 2341 3717 2409 καρποφορὴσομεν.
3758 2342 3971 2394 Ἀπαν-

2395 2449 2491 2495 τας
2520 2431 2611 2485 οὖν
2653 2435 2708 2484 ἐν
2741 2432 3001 2500 φιλήματι
3030 2433 3328 2498 περιελθὼν
3358 2433 3525 2501 ἁγίῳ,
3562 2433 3872 2499 εὐλογήσας
3907 2450 3962 2487 τι

2398 2525 2488 2578 καὶ
2520 2525 2595 2592 τῷ
2628 2525 2846 2595 Χριστῷ
2900 2525 3299 2594 παραθέμενος,
3333 2526 3450 2578 ὁδοῦ
3482 2529 3676 2594 εῖχετο,
3714 2532 3814 2580 καί
3842 2530 3972 2595 μιᾶς

2395 2618 2648 2681 διανύσας
2680 2619 2888 2687 ἡμέρας
2918 2618 3055 2682 ὁδὸν,
3111 2618 3279 2687 ἑτέρῳ
3313 2617 3640 2686 προσόαλλει
3693 2617 3970 2687 σπηλαίῳ,

2397 2711 2537 2763 κατὰ
2569 2711 2663 2778 μέν
2699 2711 2766 2761 τὰ
2795 2710 3149 2778 Ὶεριχούντια
3183 2709 3322 2778 μέρη
3387 2709 3740 2778 διακειμένῳ,
3781 2712 3972 2780 ἐρήμῳ

2396 2802 2450 2855 δέ
2481 2802 2588 2853 δντι
2616 2802 2708 2853 καὶ
2739 2802 2971 2870 ἡσυχίαν
2997 2798 3070 2860 ὡς
3097 2799 3337 2869 μάλιστα
3368 2800 3628 2869 παρέχειν
3661 2801 3971 2870 ἐπιτηδείῳ.

2398 2895 2602 2963 Χρόνον
2629 2892 2806 2944 τοίνυν
2851 2893 3029 2944 ἐκεῖσε
3057 2891 3344 2960 διατρίψας
3398 2893 3610 2961 συχνὸν,
3643 2895 3740 2945 καὶ
3805 2893 3967 2962 βοτα·

2397 2987 2502 3037 νῶν
2545 2986 2665 3046 ταῖς
2694 2983 3078 3051 ὲπιτυχούσαις
3101 2985 3177 3045 εἰς
3215 2983 3421 3050 τροφὴν
3473 2983 3789 3050 χρώμενος,
3850 2983 3968 3053 Θεῷ

2405 3079 2569 3146 μόνῳ,
2615 3071 2794 3134 καθὼς
2826 3071 2944 3140 Θεῷ
3006 3071 3177 3138 φίλον,
3233 3070 3340 3132 ζῶν
3370 3071 3613 3123 διετέλει.
3647 3069 3839 3144 Ταύτῃ
3897 3089 3977 3125 τοι

730 3162 871 3242 bees
900 3166 1099 3252 aperit,
1133 3187 1186 3232 et
1232 3178 1409 3231 denuo
1435 3173 1780 3227 manifestum
1813 3168 1992 3225 reddit
2021 3182 2166 3234 eum,
2202 3167 2292 3237 qui

2403 3170 2487 3221 καὶ
2518 3166 2647 3227 Θεὸς
2677 3165 2836 3218 αὐτὸν
2867 3165 3108 3233 φανεροί,
3162 3167 3254 3214 καὶ
3285 3162 3447 3232 ,δῆλον
3485 3163 3574 3215 τὸν
3646 3167 3977 3235 κεκρυμμέ-

728 3287 846 3335 erat
877 3276 1192 3330 absconsus.
1239 3267 1582 3323 Manifestum
1632 3273 1811 3319 autem
1861 3261 2035 3316 reddit
2074 3277 2168 3330 per
2206 3276 2290 3325 ea,

729 3388 848 3444 qua:
870 3368 1122 3430 faciebat,
1153 3362 1430 3418 miracula.
1478 3359 1646 3414 Morbi
1684 3358 1828 3411 enim
1872 3371 1968 3426 per
2000 3355 2177 3424 ipsum
2203 3369 2294 3408 ex-

727 3465 1091 3538 pellebantur,
1115 3468 1512 3528 corporumque
1540 3451 1700 3507 simul
1724 3450 1848 3505 vitia
1875 3458 1929 3504 et
1969 3448 2292 3502 animarum.

732 3537 936 3613 ilarum
969 3563 1148 3606 autem
1185 3548 1374 3616 magis,
1404 3545 1661 3614 quoniam
1696 3558 1757 3596 ea
1785 3555 1927 3608 saepe
1959 3538 2200 3608 corporis
2223 3537 2298 3591 vi-

732 3645 806 3698 tia
839 3639 1132 3696 conciliant
1192 3637 1326 3689 Cum
1381 3632 1532 3686 multi
1578 3644 1711 3702 ergo
1754 3631 1820 3684 ab
1869 3629 1985 3698 ipso
2020 3626 2293 3683 consecuti

730 3743 913 3790 essent
957 3729 1317 3788 curationem,
1354 3732 1408 3776 et
1452 3724 1775 3777 statuissent
1799 3721 1964 3773 vitam
1999 3720 2143 3773 illius
2179 3719 2301 3772 imi-

732 3828 860 3888 tari,
906 3825 994 3876 hic
1023 3831 1238 3887 quoque
1265 3811 1494 3868 aedificat
1543 3812 1771 3866 alterum
1804 3811 2061 3865 virtutum
2090 3808 2302 3864 habita-

733 3917 938 3980 culum,
980 3907 1122 3981 quod
1159 3904 1405 3977 Elpidius
1447 3901 1664 3971 quidem
1700 3910 1884 3971 postea
1929 3900 2296 3970 ampliﬁcavit,

735 4009 815 4061 vir
844 4004 1131 4075 praeclarus
1171 4004 1321 4050 recte
1367 3993 1524 4046 factis
1577 3993 1628 4044 in
1660 3992 2063 4046 exercitatione.
2098 3990 2298 4044 Ducem

734 4104 915 4151 autem
952 4106 1075 4146 eum
1131 4085 1491 4156 appellabant,
1529 4083 1668 4152 quod
1718 4092 1969 4150 tanquam
2021 4081 2136 4134 Dux
2182 4081 2304 4148 qui-

737 4190 860 4243 dam
883 4197 1048 4240 sacra:
1069 4181 1147 4239 illi
1181 4182 1367 4233 Laurae
1398 4183 1673 4247 praeesset,
1712 4184 1766 4229 et
1801 4182 2014 4227 arCeret
2045 4174 2300 4241 impetus,

735 4281 830 4348 qui
877 4279 930 4329 in
973 4289 1088 4327 eam
1132 4271 1352 4332 fiebant,
1398 4283 1535 4337 quos
1569 4267 1784 4336 quidem
1841 4265 2051 4320 Hebraei
2106 4263 2305 4318 infere-

740 4373 890 4432 bant,
927 4367 1017 4436 qui
1051 4365 1364 4418 habitabant
1391 4359 1602 4414 Noerou
1630 4360 1908 4426 praedium,
1943 4357 2083 4425 quod
2113 4357 2190 4410 sic
2211 4372 2302 4410 vo-

737 4463 987 4524 cabatur,
1021 4469 1271 4528 magnum
1301 4453 1520 4507 invidia:
1558 4452 1743 4506 fretum
1775 4451 2158 4521 parturientes.

812 4553 902 4607 XI.
938 4523 1202 4617 Quoniam
1234 4562 1362 4616 ergo
1407 4546 1493 4600 hic
1528 4559 1764 4614 quoque,
1797 4545 1979 4598 multis
2004 4541 2309 4597 aceedenti-
2339 4523 2383 4578 D

739 4645 866 4707 bus,
900 4639 1399 4709 interrurnpebatur
1444 4637 1492 4690 ei
1546 4635 1699 4703 quies
1745 4648 1807 4686 ac
1849 4633 2145 4695 silentium,
2184 4645 2307 4685 cum

744 4736 861 4790 istis
906 4746 1122 4802 quoque
1166 4726 1446 4782 monachis
1494 4723 1736 4778 dedisset
1783 4723 2220 4785 constitutiones,
2257 4730 2311 4776 et

743 4827 1091 4899 prmeepissel
1119 4824 1390 4896 quomodo
1420 4830 1665 4891 oporteat
1693 4819 1869 4872 vivere
1889 4815 2307 4886 eos,qnienram

745 4930 940 4991 gerunt
970 4920 1183 4982 animae,
1223 4927 1276 4969 et
1306 4931 1428 4969 eum
1465 4913 1816 4983 designasset,
1850 4911 1938 4980 qui
1993 4919 2139 4964 esset
2179 4924 2312 4978 prie-

744 5017 987 5076 futurus,
1025 5008 1148 5062 hinc
1179 5022 1367 5062 rursus
1413 5005 1642 5069 recedit,
1677 5013 1730 5058 et
1785 5002 1989 5056 accedit
2041 5003 2106 5055 ad
2148 5001 2308 5055 aliam

750 5113 953 5174 partem
986 5101 1316 5162 solitudinis,
1351 5113 1467 5168 quae
1496 5096 1908 5167 quatuordeeim
1933 5096 2121 5151 stadiis
2153 5095 2309 5164 paulo

749 5193 868 5260 plus
901 5200 995 5244 ant
1047 5191 1224 5244 minus
1278 5189 1441 5243 distat
1476 5205 1505 5242 a
1553 5190 1773 5258 regione
1819 5187 2187 5240 Thecoornnt.
2222 5185 2311 5240 Sic

744 5286 893 5340 enim
941 5281 1186 5336 Salvator
1222 5283 1408 5336 mundi
1454 5298 1576 5335 eum
1624 5291 1834 5335 mutare
1867 5280 1996 5334 fecit
2027 5279 2310 5332 habitatio-

749 5391 874 5440 nes,
899 5374 1029 5442 quid
1062 5376 1161 5429 sibi
1203 5376 1408 5437 volens,
1446 5385 1499 5430 et
1533 5390 1640 5442 quo
1675 5385 1832 5426 utens
1860 5372 2126 5426 consilio?
2159 5372 2308 5425 Illum

746 5469 962 5536 quidem
997 5467 1224 5521 reddens
1254 5465 1534 5536 cognitum
1571 5475 1622 5518 et
1653 5465 1859 5518 clarum
1896 5467 2146 5517 omnibus
2180 5479 2311 5518 :eos

745 5569 947 5618 autem,
979 5558 1069 5625 qui
1107 5557 1171 5609 ad
1205 5558 1374 5624 ipsum
1410 5556 1746 5609 ventilabam
1783 5557 1961 5625 (erant
1996 5571 2124 5610 vero
2149 5573 2213 5609 ex
2247 5556 2310 5610 iis

746 5650 1054 5718 complures
1079 5647 1349 5719 gentiles),
1380 5649 1578 5720 partim
1603 5645 1818 5716 quidem
1844 5646 2107 5700 inducens
2124 5649 2186 5701 ad
2213 5663 2311 5703 ex-

746 5743 1050 5813 purgandas
1077 5743 1340 5814 baptismo
1371 5744 1603 5807 animas,
1637 5739 1829 5811 partim
1874 5749 2055 5796 autem
2099 5741 2166 5796 ad
2200 5757 2310 5795 mo-

738 5837 1080 5893 nachismum
1110 5853 1202 5908 per
1238 5836 1388 5892 illum
1431 5835 1724 5901 deducens,
1760 5833 1890 5890 Cum
1914 5845 2094 5891 antem
2123 5850 2309 5893 rursus

2401 3278 2488 3314 vov
2519 3257 2673 3319 αὖθις
2701 3255 3028 3325 καθίστησιο
3091 3257 3318 3323 φανεροῖ
3346 3255 3402 3306 δέ
3437 3254 3507 3308 δι’
3538 3247 3614 3308 ὧν
3639 3256 3819 3309 ἐτέλει
3853 3258 3979 3310 ﬂauo

2404 3355 2610 3417 μάτων·
2665 3348 2808 3399 νόσοι
2834 3347 2942 3414 γὰρ
2982 3348 3354 3415 ἀπηλαύνοντο
3380 3347 3447 3401 δι’
3471 3348 3660 3412 αὐτοῦ,
3710 3351 3807 3404 καὶ
3831 3351 3978 3419 παθη

2403 3439 2670 3509 σωμάτων
2701 3437 2817 3506 ἅμα
2848 3439 2942 3490 καὶ
2975 3438 3082 3488 τῶν
3105 3439 3309 3506 ψυχῶν.
3363 3441 3473 3491 Καὶ
3502 3442 3713 3491 τούτων
3747 3443 3806 3493 δέ
3851 3445 3980 3510 μᾶλα

2401 3535 2509 3598 λον,
2548 3536 2658 3603 ὅσῳ
2691 3533 2755 3601 δὴ
2785 3533 2877 3584 καὶ
2905 3531 3161 3593 πολλάκις
3182 3532 3290 3585 τῶν
3317 3533 3646 3602 σωματικῶν
3671 3535 3820 3589 αὑτὰ
3853 3535 3980 3589 καθ-

2408 3626 2647 3677 ίστανται
2680 3623 2934 3691 πρόξενα.
2989 3623 3290 3689 Τοιγαροῦν
3355 3625 3562 3678 πολλῶν
3622 3625 3764 3695 παρ’
3817 3628 3979 3682 αὐτοῦ

2406 3715 2701 3786 θεραπείας
2736 3715 3102 3780 ἀξιωθέντων,
3132 3717 3226 3767 κα)⁴
3262 3716 3353 3768 τὸν
3411 3718 3621 3770 ἐκείνου
3659 3719 3780 3788 βίον
3811 3721 3983 3787 ζηλῶ-

2408 3827 2497 3864 σαι
2544 3811 2963 3880 προῃρημένων,
3013 3809 3198 3878 ἕτερον
3259 3807 3534 3880 οἰκοδομεῖ
3587 3812 3686 3863 καὶ
3729 3803 3840 3864 ὦδε
3874 3811 3981 3864 τῶν

2405 3902 2616 3973 ἀρετῶν
2647 3901 2990 3970 οἰκητήριον,
3023 3903 3159 3972 ὅπερ
3211 3903 3479 3964 Ἐλπίδιος
3535 3904 3635 3972 μὲν
3680 3906 3984 3959 ἐπλάτυνεν

2409 3995 2662 4065 ὕστερον.
2699 3994 2839 4062 ἀνὴρ
2879 3997 2990 4056 τοῖς
3019 3996 3340 4064 ἀσκητικοῖς
3385 3994 3527 4064 μάλα
3587 3997 3982 4068 κατορθώμασι

2408 4087 2735 4157 διαπρέψας.
2767 4084 2947 4137 Δοῦκα
2978 4086 3033 4136 δέ
3055 4086 3218 4136 αὑτὸν
3242 4087 3676 4156 προσηγόρευον,
3704 4088 3787 4157 τῷ
3823 4088 3984 4143 ὁοῦκά

2408 4196 2528 4230 τινα
2569 4179 2667 4246 τῆς
2697 4180 2848 4245 ἱερᾶς
2881 4179 3046 4248 τῆσδε
3081 4179 3303 4248 Λαύρας
3334 4180 3726 4250 προΐστασθαι,
3759 4185 3858 4236 καὶ
3894 4186 3984 4246 τὰς

2411 4271 2671 4341 ἐπηρείας
2706 4272 2912 4342 εἵργειν
2957 4273 3056 4334 τὰς
3087 4273 3205 4326 κατ’
3240 4273 3433 4341 αὐτῆς,
3468 4275 3536 4336 ἃς
3587 4274 3839 4346 Ἑϐραῖοι
3872 4277 3983 4327 τὸτι

2411 4367 2460 4417 οἱ
2497 4366 2554 4418 τὸ
2584 4367 2767 4434 νοερὸν
2790 4365 2934 4418 οὕτω
2963 4363 3297 4432 καλούμενον
3325 4367 3602 4426 οἰκοῦντες
3627 4368 3864 4435 χωρίον,
3895 4384 3985 4420 πο.

2413 4455 2510 4506 λὺν
2536 4456 2817 4518 ὡδίνοντες
2843 4458 2934 4509 τὸν
2960 4457 3172 4525 φθόνον,
3210 4457 3434 4527 ἐπῆγον.

2486 4546 2597 4599 ΙΛ⁹.
2641 4547 2794 4598 Ἐπεὶ
2835 4542 2930 4600 οὖν
2971 4547 3247 4602 κάνταῦθα
3275 4550 3489 4602 πολλῶν
3521 4555 3890 4622 προσιόντων,
3929 4554 3987 4604 τὰ

2412 4635 2512 4704 τῆς
2563 4639 2788 4707 ἡσυχίας
2848 4640 2998 4710 αὐτῷ
3042 4641 3378 4705 διεκόπτετο,
3435 4642 3839 4712 διαταξάμενος
3897 4647 3983 4697 καὶ

2415 4729 2618 4792 αὐτοῖς,
2655 4732 2748 4781 καὶ
2781 4732 2951 4784 εἰπὼν
2982 4732 3057 4795 ὼς
3090 4733 3334 4801 προσῆκε
3369 4733 3466 4805 ζῇν
3495 4735 3620 4798 τοὺς
3659 4737 3846 4807 ψυχῆς
3869 4739 3984 4790 ἐπι·

2419 4821 2769 4890 μελομένους,
2831 4824 3106 4889 γνωρίσας
3142 4825 3197 4877 δὲ
3231 4830 3324 4878 καὶ
3372 4829 3462 4878 τὸν
3506 4835 3984 4900 προστησόμενον,

2413 4913 2645 4967 αὐτόθεν
2677 4915 2836 4967 πάλιν
2870 4915 3159 4987 ἀνεχώρει,
3189 4920 3280 4971 καὶ
3307 4921 3385 4981 είς
3415 4921 3606 4990 ἕτερον
3634 4925 3736 4993 τῆς
3781 4928 3986 4995 ἐρήμου

2417 5010 2582 5077 μέρος
2638 5008 2915 5075 ἐπιφοιτᾷ,
2948 5012 3241 5080 τέσσαρσιν
3280 5011 3374 5063 ἐπὶ
3409 5014 3517 5074 τοῖς
3555 5013 3693 5066 δέκα
3731 5016 3987 5078 σταδίοις,

2414 5105 2506 5152 καὶ
2539 5099 2725 5168 μικρῷ
2759 5100 2922 5153 πλέον
2948 5103 2979 5171 ἢ
3007 5101 3226 5157 ἔλαττον
3261 5104 3355 5158 τοῦ
3397 5104 3628 5173 Θεκῲων
3655 5106 3808 5162 οὕτω
3840 5110 3988 5178 λεγοο

2417 5208 2584 5263 μενοι)
2616 5190 2915 5259 διεστηκὼς
2967 5197 3265 5262 κτήματος⁶
3331 5198 3472 5250 οὕτω
3528 5199 3637 5268 γὰρ
3673 5201 3846 5254 αὑτὸν
3902 5205 3990 5264 τὰς

2414 5285 2659 5350 οἰκήσεις
2690 5282 2716 5332 ό
2751 5279 2844 5332 τοῦ
2897 5284 3104 5353 κόσμου
3169 5285 3358 5356 Σωτὴρ
3395 5287 3648 5357 ἀμείϐειν
3694 5293 3898 5356 ἐποίει,
3945 5296 3990 5344 τί

2416 5374 2739 5445 βουλόμενος
2763 5376 2857 5425 καὶ
2882 5375 2934 5426 τί
2952 5377 3059 5446 ἀρα
3093 5381 3233 5431 θεῖον
3252 5381 3586 5450 οἰκονομῶνς
3623 5383 3874 5440 Ἐκεῖνον
3901 5386 3991 5454 μὲν

2413 5464 2690 5534 γνὼριμόν
2720 5484 2776 5519 τε
2816 5463 2916 5517 καὶ
2941 5468 3229 5535 καταφανῆ
3263 5468 3398 5519 πᾶσι
3429 5468 3619 5523 ποιῶν
3672 5475 3806 5535 τοὺς
3832 5474 3888 5526 δέ
3935 5491 3991 5542 γε

2415 5553 2550 5623 πρὸς
2573 5554 2636 5606 αὑ
2654 5554 2732 5606 τὸν
2765 5550 3071 5623 φοιτῶντας
3101 5553 3382 5622 (Ἕλληνες
3404 5555 3458 5609 δέ
3481 5557 3689 5612 τούτων
3707 5562 3757 5613 οἱ
3783 5560 3994 5622 πλείους

2418 5647 2770 5718 ἐτύγχανον),
2819 5641 2986 5701 τοῧτο
3028 5646 3128 5711 μέν
3182 5646 3261 5711 είς
3306 5648 3483 5721 ψυχῆς
3550 5651 3828 5722 κάθαρσιν
3881 5655 3995 5707 ἐνά-

2417 5757 2549 5807 γων,
2581 5741 2734 5795 τοῦτο
2759 5741 2813 5794 δὲ
2846 5747 2939 5793 καὶ
2984 5738 3185 5808 μᾶλλον
3217 5742 3352 5811 πρὸς
3390 5743 3489 5812 τὴν
3515 5743 3597 5804 εις
3630 5744 3799 5799 αὐτὸν
3818 5748 3992 5799 πίστιν

2420 5833 2483 5883 δι’
2510 5835 2717 5890 ἐκείνου
2744 5835 3124 5905 χειραγωγῶν.
3161 5833 3377 5887 Πολλῶν
3433 5835 3486 5889 δέ
3519 5839 3606 5890 καὶ
3646 5837 3811 5900 αὖθις
3841 5837 3993 5890 ἀδελ-
