4148 6492
192 444 304 509 913

1430 456 1599 515 νιτΑ
1644 456 1683 514 S
1742 455 2227 522 CHARlTUNIS.

3328 461 3435 526 9H

198 565 317 632 φῶν
352 565 867 637 συναγειρομένων,
900 566 948 620 οῖ
978 570 1044 639 τῇ
1096 569 1187 621 τοῦ
1221 570 1423 639 κόσμου
1457 574 1573 640 μὶν,
1609 573 1682 634 ὡς
1719 570 1742 625 ό

1842 579 1856 630 ι
1890 573 2041 627 multi
2067 574 2262 631 fratres
2290 590 2768 649 congregarentur,
2799 579 2891 649 qui
2923 577 3104 634 mundi
3124 576 3438 647 quidetn.ut

199 661 349 712 εῐποι
403 676 512 725 τις,
538 660 915 714 ἀπετάττοντο
968 663 1228 733 ἀκοσμίᾳο
1264 662 1377 732 Θεῷ
1426 664 1479 717 δέ
1524 666 1615 717 καὶ
1665 666 1773 727 τοῖς

198 750 343 804 κατὰ
376 750 518 804 Θεὸν
572 751 744 816 ζῶσιν
802 751 1049 815 εύλαίῶς
1099 755 1480 808 συνετάττοντο
1516 756 1776 826 (ἤκουσαν

194 844 304 913 γὰρ
340 843 438 897 τοῦ
491 845 638 899 θείου
663 844 855 899 τούτου
894 846 989 897 καὶ
1027 847 1175 916 ίεροῦ
1223 848 1465 918 ῥήματος
1491 865 1504 879 ·
1550 848 1775 913 Ἀγαθὸν

190 936 348 1005 ἀνδρὶ
401 939 427 991 ε
460 937 509 989 τ’
544 938 611 992 ἂν
641 938 749 1009 ἄρῃ
799 937 962 1005 ζυγὸν
992 938 1056 990 ὲκ
1103 938 1347 1008 νεότητος
1391 940 1601 1009 αὐτοῦ),
1637 941 1772 995 καθ-

193 1025 353 1097 ίσῃτε
414 1029 861 1097 καταμόνας,είς
901 1028 1062 1097 ἔργον
1119 1030 1300 1095 αὐτοῖς
1347 1032 1405 1084 τό
1463 1032 1600 1085 κατὰ
1652 1032 1773 1084 νοῦν

189 1118 457 1182 ἐξέδαινε.
495 1122 593 1175 Διὰ
633 1120 807 1175 ταῦτα
852 1122 950 1175 κα)⁸
988 1122 1187 1192 ἑτέραν
1218 1124 1395 1177 ἐκεῖσε
1432 1126 1769 1179 κατασκευά-

187 1206 271 1272 ζει
339 1210 565 1282 Λαύραν
618 1212 646 1263 ό
684 1210 1004 1281 Θαυμαστὸς
1060 1205 1216 1275 οὗτος
1265 1215 1541 1285 Χαρίτων,
1592 1216 1766 1286 ἥνπερ

188 1300 317 1353 lutet
362 1304 461 1370 μὲν
507 1307 572 1373 τῇ
639 1306 789 1376 Σύρα
844 1304 1063 1375 γλώττῃ
1126 1306 1336 1361 Σουκὰν
1390 1308 1762 1378 ὀνομάζουσιν.

257 1392 358 1447 IB'.
380 1394 522 1447 Ἀλλ’
555 1390 692 1466 ἧκεν
720 1400 853 1468 ἡμῖν
888 1398 1031 1451 κατὰ
1064 1396 1244 1469 βραχῦ
1274 1400 1514 1471 βαδίζων
1535 1405 1561 1456 ό
1586 1403 1760 1470 λόγος’

186 1482 279 1534 ἐπὶ
307 1482 370 1534 τὸ
398 1483 717 1538 τελευταῖον
770 1486 871 1553 μὲν
925 1490 990 1557 τῇ
1026 1488 1199 1554 τάξει,
1239 1490 1454 1560 πρῶτον
1481 1490 1536 1543 δέ
1569 1494 1633 1563 τῇ
1676 1492 1766 1545 δυ-

183 1573 364 1641 νάμει,
398 1575 493 1628 καὶ
520 1576 597 1644 τῷ
642 1578 914 1648 μεγαλείῳ
956 1579 1051 1631 τοῦ
1104 1580 1400 1650 θαύματος.
1441 1582 1595 1635 Ἐπεὶ
1652 1585 1759 1654 γὰρ

180 1661 256 1725 ὡς
288 1663 507 1728 οὐδενὸς
539 1666 699 1720 ἄλλου
754 1669 1072 1738 ἐφρόντιζεν
1131 1672 1381 1740 ἡσυχίας,
1445 1671 1519 1742 μὴ
1551 1674 1758 1738 ἀγνοῶν

178 1756 279 1809 ὅσα
315 1756 452 1827 πρὸς
494 1759 696 1830 ἀρετὴν
725 1759 862 1829 αὕτη
899 1760 1122 1814 δύναται
1177 1764 1453 1816 συντελεῖν
1494 1764 1757 1835 σπήλαιόν

177 1862 231 1899 τι
282 1850 621 1917 καταμαθὼν
680 1848 772 1901 ἐπί
830 1865 974 1913 τινος
1015 1851 1196 1918 ὅρους,
1257 1853 1616 1925 κρημνώδους
1660 1856 1756 1910 καὶ

182 1938 463 2006 ἀποτόμου
496 1939 769 2007 κείμενον,
823 1940 884 1993 ού
917 1942 1107 2013 πόρῤω
1141 1943 1195 1997 δὲ
1230 1949 1330 2016 τῆς
1373 1948 1528 2017 ἱερᾶς
1554 1947 1755 2018 ταύτης

175 2024 400 2095 Δαύρας
430 2026 757 2097 ἀφεστηκὸς,
807 2027 834 2081 δ
874 2028 935 2081 τὸ
969 2030 1296 2102 Κρεμαστὶν
1330 2035 1412 2098 είς
1456 2033 1623 2104 δεῦρο
1648 2052 1757 2088 κα-

173 2116 348 2170 λεῖται
384 2117 640 2190 (βάσιμον
670 2121 777 2192 γὰρ
833 2122 932 2176 οὐκ
961 2123 1139 2190 ἄλλως
1187 2129 1237 2180 εἰ
1277 2128 1354 2198 μὴ
1402 2126 1643 2194 κλίμακι
1680 2129 1759 2201 τῷ

175 2208 487 2281 βουλομένῳ
511 2210 762 2281 γίνεται),
795 2213 953 2269 τοῦτο
981 2218 1008 2270 ό
1039 2222 1287 2285 γενναῖος
1310 2222 1483 2275 οἰκεῖ.
1543 2222 1757 2292 Χρόνου

167 2299 227 2354 δδ
260 2300 558 2366 διελθόντος
580 2305 791 2375 συχνοῦ,
824 2308 1103 2362 καὶτοῦτο
1132 2310 1230 2380 μὲν
1266 2313 1441 2381 γήρα,
1494 2311 1658 2366 τοῦτο
1700 2314 1755 2367 δέ

173 2389 271 2445 καὶ
306 2393 420 2454 τοῖς
446 2397 674 2463 μακροῖς
708 2397 803 2466 τῆς
831 2399 1122 2469 ἀσκήσεως
1173 2401 1359 2465 πόνοις
1391 2402 1753 2468 ἐνδεδωκότος

173 2482 327 2552 αύτῷ
367 2483 465 2536 τοῦ
525 2482 790 2554 σώματος·
824 2490 917 2542 καὶ
948 2491 1050 2558 οὐχ
1089 2492 1200 2544 οῖου
1251 2510 1309 2545 τε
1370 2496 1530 2558 ὄντος
1573 2496 1751 2568 ἐαυτῷ

171 2573 536 2645 λειτουργεῖν,
566 2576 661 2629 καὶ
687 2577 832 2649 ὕδωρ
860 2582 1281 2651 μετακομίζειν,
1309 2587 1476 2648 αὐτὸς
1511 2586 1589 2656 μὴ
1631 2587 1754 2659 βου-

170 2663 398 2733 λόμενος
422 2666 580 2721 πάλιν
600 2670 1068 2742 ἐτέρῳέπιτρέψαι
1089 2671 1186 2745 τὴν
1207 2674 1555 2747 λειτουργίαν
1571 2695 1584 2708 ·
1613 2680 1747 2737 ἀλλὰ

168 2757 230 2809 τὸ
262 2760 516 2827 φοστικὸς
550 2761 709 2831 (sic),
741 2762 914 2816 δοκεῖν
961 2764 1288 2833 διαφεύγων,
1310 2766 1365 2820 τί
1399 2771 1546 2822 ποιεῖ
1570 2787 1586 2837 ;
1611 2770 1746 2824 Θεοῦ

171 2846 346 2900 δεῖται
376 2850 468 2901 τοῦ
500 2852 567 2904 τὰ
598 2852 831 2908 ἀδύνατα
859 2854 1060 2907 δυνατὰ
1098 2860 1272 2909 ποιεῖν
1294 2856 1623 2928 δυναμένου,
1653 2864 1747 2916 κα)⁵

178 2939 358 3010 πέτρα
390 2941 553 2995 πάλιν
596 2944 718 3014 ούχὶ
780 2946 978 3016 ῥάϐδῳ,
1040 2947 1153 3000 ἀλλ’
1200 2948 1333 3019 εὐχῇ
1380 2955 1742 3023 παταχθεῖσα,

175 3028 321 3101 ὕδωρ
356 3031 582 3100 ἀφίησιν
631 3035 731 3088 οὐκ
789 3036 1007 3090 ἀπειθεῖ
1037 3035 1150 3107 λαῷ
1206 3038 1300 3091 καὶ
1360 3039 1744 3111 ἀνόμῳνάλλὰ

168 3123 267 3177 καὶ
297 3124 541 3178 εὖπειθεῖ
567 3126 705 3194 λίαν,
734 3130 827 3181 καὶ
844 3129 979 3183 Θεοῦ
1012 3130 1195 3200 νόμοις
1225 3133 1444 3187 dictum.
1488 3135 1580 3189 Ἐκ
1613 3140 1743 3206 μιᾶς

1879 660 1949 717 ita
1984 665 2234 732 dixerim,
2264 668 2617 725 immunditiae
2660 669 3041 725 renuntiabant
3089 669 3440 753 (audiverant

1877 753 2021 807 enim
2045 754 2286 811 divinum
2324 758 2426 814 hoc
2460 770 2516 815 et
2542 776 2753 817 sacrum
2798 762 3022 816 verbum
3057 778 3071 815 :
3100 759 3307 815 Bonum
3338 762 3439 817 ho-

1877 844 2029 907 mini,
2054 848 2273 915 quando
2300 851 2479 905 tulerit
2511 852 2701 922 jugum
2732 867 2758 905 a
2783 853 3074 921 juventute
3118 867 3236 917 sua,
3266 862 3322 907 et
3352 867 3441 908 se-

1874 934 2016 990 derit
2042 939 2331 1009 seorsum),
2360 946 2620 1010 processit
2648 945 2713 999 ad
2736 960 2899 1014 opus.
2934 943 3075 1013 quod
3110 952 3226 998 erat
3256 959 3321 998 ex
3343 960 3435 999 eo-

1876 1041 1992 1079 rum
2016 1031 2305 1085 sententia.
2340 1031 2625 1101 Propterea
2646 1035 2800 1089 aliam
2832 1050 3046 1106 quoque
3077 1035 3183 1089 illic
3206 1034 3435 1089 mdillcat

1870 1115 2103 1173 Lautam
2133 1120 2464 1178 admirabilis
2517 1123 2605 1178 hic
2637 1125 2895 1181 Cbariton
2928 1144 2941 1179 :
2974 1142 3134 1197 quam
3183 1128 3431 1183 nonnulli

1871 1215 2091 1282 quidem
2129 1218 2307 1289 lingua
2360 1221 2490 1290 Syra
2536 1218 2731 1275 Sucam
2783 1222 3085 1287 nominant,
3131 1222 3219 1276 alii
3249 1230 3430 1277 autem

1866 1319 1998 1360 voce
2034 1307 2218 1364 Grzcca
2242 1320 2478 1365 veterem
2512 1310 2741 1365 Lauram
2769 1313 3061 1382 appellant.

1935 1396 2049 1453 XII.
2094 1400 2201 1454 Sed
2234 1401 2392 1455 nobis
2424 1403 2683 1471 paulatim
2730 1404 3025 1473 procedens
3072 1405 3222 1460 venit
3254 1407 3430 1461 oratio

1863 1488 1929 1542 ad
1962 1488 2014 1543 id
2053 1532 2066 1556 ,
2109 1490 2251 1561 quod
2282 1500 2365 1547 est
2401 1493 2648 1548 ultimum
2694 1496 2908 1558 quidem
2943 1495 3154 1560 ordine,
3191 1498 3426 1566 primum

1861 1589 2044 1633 autem
2069 1580 2267 1636 virtute
2327 1592 2382 1637 et
2414 1584 2655 1639 miraculi
2704 1586 3098 1657 magnitudine.
3134 1584 3268 1641 Nam
3304 1602 3426 1643 cum

1859 1684 2044 1724 curam
2074 1683 2286 1740 gereret
2316 1675 2515 1744 quietis
2539 1683 2594 1731 et
2633 1677 2839 1733 silentii
2877 1690 2934 1733 ut
2969 1679 3172 1733 nullius
3200 1680 3427 1735 alterius

1860 1763 1934 1816 rei
1968 1766 2138 1835 magis
2160 1808 2174 1831 ,
2218 1782 2326 1821 non
2358 1768 2616 1838 ignorans
2647 1780 2912 1841 quantum
2962 1782 3145 1843 posset
3178 1771 3426 1828 conferre

1858 1850 1925 1905 ad
1958 1852 2378 1917 virtutem.cum
2404 1858 2708 1916 rescivisset
2730 1875 2850 1918 esse
2889 1864 3173 1933 quamdam
3209 1862 3428 1933 spelun-

1859 1954 1979 1996 cam
2010 1942 2063 1996 in
2097 1946 2357 2016 prtecipiti
2389 1949 2606 2018 quidem
2641 1962 2695 2007 et
2724 1964 3000 2024 praerupto
3020 1963 3207 2009 monte
3237 1954 3421 2016 sitam.

1859 2034 1954 2087 sed
1979 2048 2089 2089 non
2124 2035 2280 2108 longe
2310 2038 2599 2095 distantem
2640 2041 2707 2097 ab
2743 2043 2843 2098 hac
2874 2059 3031 2098 sacra
3076 2043 3273 2109 Laura,
3305 2057 3423 2113 qua:

1862 2137 2032 2192 usque
2074 2123 2129 2178 in
2172 2125 2493 2184 hodiernum
2531 2130 2676 2187 diem
2734 2134 3035 2204 appellatur
3081 2134 3418 2195 Cremastos.

1861 2208 1914 2263 id
1948 2219 2052 2277 est,
2086 2213 2311 2281 pensilis
2331 2217 2460 2283 (non
2494 2219 2637 2274 enim
2670 2231 2849 2291 potest
2883 2223 3006 2294 quis
3032 2224 3099 2279 ad
3125 2223 3295 2295 ipsam
3333 2240 3424 2279 ac-

1858 2299 2075 2365 cedere,
2107 2301 2212 2357 nisi
2260 2305 2467 2377 scalis),
2500 2322 2619 2364 eam
2660 2309 2869 2367 habitat
2902 2313 2984 2367 vir
3028 2313 3116 2369 ille
3149 2313 3417 2384 egregius.

1855 2388 1991 2445 Cum
2022 2402 2200 2448 autem
2223 2396 2451 2452 multum
2477 2401 2736 2468 temporis
2762 2402 3129 2473 praeteriisset,
3146 2413 3200 2460 et
3223 2407 3419 2477 partim

1854 2482 2073 2553 quidem
2109 2485 2284 2551 senio,
2316 2489 2510 2557 partim
2549 2499 2728 2546 autem
2762 2493 2933 2566 longis
2974 2494 3246 2551 laboribus
3268 2510 3423 2551 exer-

1855 2572 2147 2639 citationis,
2183 2574 2233 2629 ei
2265 2578 2549 2633 remissum
2582 2590 2727 2635 esset
2750 2597 2955 2651 corpus
2991 2602 3004 2638 :
3038 2591 3092 2639 et
3120 2600 3299 2655 neque
3317 2586 3417 2642 sibi

1855 2673 2039 2732 posset
2074 2666 2379 2724 ministrare
2400 2680 2454 2724 et
2489 2686 2681 2742 aquam
2711 2673 2925 2737 aﬂ‘erre.
2968 2677 3078 2746 ipse
3113 2676 3301 2733 nolens
3328 2680 3418 2733 alii

1853 2769 2042 2809 rursus
2069 2755 2172 2811 hoc
2199 2759 2456 2815 mandare
2482 2763 2863 2834 ministerium,
2895 2770 3022 2838 quid
3058 2771 3222 2826 facit?
3248 2771 3416 2826 Deum

1851 2857 2026 2920 rogat,
2057 2850 2172 2920 qui,
2204 2866 2325 2923 qua:
2357 2852 2471 2909 ﬁeri
2502 2869 2609 2911 non
2657 2868 2908 2927 possunt,
2941 2859 3119 2917 facere
3150 2872 3329 2934 potest
3360 2873 3418 2918 ιιι

1850 2944 1982 2998 tiant
2021 2964 2034 3000 :
2070 2960 2123 3002 et
2170 2957 2319 3017 petra
2372 2965 2595 3013 rursus,
2636 2968 2743 3008 non
2796 2958 2941 3028 virga
2997 2974 3271 3030 percussa,
3322 2959 3415 3015 sed

1849 3037 2180 3105 precatione,
2213 3053 2405 3109 aquam
2436 3042 2658 3109 emittit,
2688 3059 2798 3101 non
2827 3047 2878 3102 in
2917 3048 3189 3105 obedienti
3223 3061 3418 3105 contu-

1848 3127 2098 3198 tuacique
2127 3130 2426 3199 populo,et
2448 3132 2652 3203 iniquo,
2684 3137 2777 3191 sed
2825 3138 2978 3194 valde
3029 3140 3323 3207 obedienti,
3361 3150 3416 3197 et

170 3214 285 3286 γὰρ
329 3215 424 3269 τοῦ
479 3219 680 3288 ἄντρου
723 3219 966 3292 πλευρᾶς
1016 3222 1158 3290 ῠίωρ
1209 3224 1369 3289 εὺθῦς
1398 3226 1591 3281 [ﬂues
1641 3229 1742 3299 ψυ-

1849 3218 2059 3275 cedeuti
2096 3219 2191 3275 Dei
2221 3220 2451 3294 legibus.
2492 3222 2569 3279 Ex
2600 3241 2711 3282 uno
2737 3228 2881 3283 enim
2913 3231 3054 3285 antri
3088 3231 3257 3287 latere
3287 3248 3411 3303 pro-

168 3306 436 3377 χρότατόν
457 3326 517 3362 τε
545 3312 638 3364 καὶ
667 3311 1051 3375 διειδὲστατον,
1080 3313 1109 3366 ὂ
1141 3313 1233 3366 καὶ
1265 3316 1342 3376 είς
1375 3314 1533 3385 δεῦρο
1565 3321 1737 3385 μένει,

166 3396 231 3450 οὗ
255 3395 417 3467 δίψαν
448 3400 641 3462 ἁπλῶς
673 3401 924 3471 ἰώμενον,
953 3404 1088 3458 ἀλλὰ
1120 3405 1215 3459 καὶ
1243 3407 1546 3478 μαρτύριον
1578 3411 1739 3482 ἀκρι-

166 3488 262 3553 σές
294 3491 603 3563 γινόμενον,
633 3487 701 3568 ἧς
736 3491 850 3566 εἶχε
884 3496 1140 3569 Χαρίτων
1181 3498 1318 3570 πρὸς
1364 3501 1494 3556 Θεὸν
1528 3504 1739 3558 οἰκειώ-

166 3596 327 3649 σεως.

241 3739 337 3795 ll".
374 3743 438 3795 Ti
471 3743 550 3796 ἐτι
587 3761 601 3809 ;
629 3745 743 3817 Τὴν
771 3749 872 3818 τῆς
911 3748 1174 3819 ἐκδημίας
1200 3750 1291 3805 τοῦ
1330 3752 1733 3829 σώματοςὴμὲ-

168 3850 299 3905 ραν,
337 3835 541 3907 μᾶλλον
565 3836 620 3891 δὲ
674 3838 809 3911 πρὸς
840 3839 973 3896 Θεὸν
1000 3842 1267 3914 ἐκδημίαν
1301 3846 1462 3918 (οὕτω
1510 3850 1615 3919 γὰρ
1659 3853 1736 3906 εί-

161 3926 289 3976 πεῖν
317 3927 694 3997 οἰκειότερον),
728 3932 792 3983 ἐκ
815 3930 967 3996 θείας
1004 3937 1398 4006 ἀποκαλύψεως
1424 3942 1515 3993 ἐπὶ
1540 3942 1732 4012 θύραις

161 4008 308 4065 εἶναι
334 4013 662 4082 διεγνωκὼς,
698 4019 947 4085 ἅπαντας
998 4025 1096 4092 μὲν
1128 4027 1201 4087 ώς
1234 4029 1394 4081 αὐτόν
1426 4030 1578 4084 καλεῖ
1605 4035 1730 4101 τοὺς

156 4102 267 4157 τῶν
297 4105 604 4177 εἰρημένων
636 4110 802 4179 τριῶν
854 4113 1117 4183 σεμνειων
1179 4119 1439 4190 ποιμένας
1489 4123 1603 4195 ἅμα
1635 4130 1730 4182 καὶ

158 4199 408 4269 ποίμνια,
481 4202 576 4253 καὶ
628 4203 834 4260 ἅπασιν
892 4208 1029 4278 ὁμοῦ
1083 4210 1288 4275 τούτοις
1330 4217 1408 4277 είς
1439 4217 1535 4285 τὴν
1580 4219 1729 4289 ἱερὰν

155 4298 525 4367 παραγίνεται
588 4300 808 4370 Λαύραν
856 4304 1061 4373 Φαραν,
1119 4306 1205 4359 ἵνα
1266 4308 1330 4379 δὴ
1389 4310 1448 4363 τὸ
1504 4314 1727 4383 πρῶτον

153 4387 472 4457 ἀσκητικῶν
494 4388 718 4458 ἀγώνων
751 4393 1236 4466 ίδρῶταςέσταξεν.
1280 4400 1492 4474 Ὠσπερ
1523 4405 1579 4459 δέ
1604 4424 1724 4461 τινα

156 4478 362 4547 κλῆρον
397 4481 584 4546 αὐτοῖς
638 4487 821 4554 ἀφιεὶς
847 4490 945 4553 τὰς
978 4492 1131 4561 ἱερὰς
1177 4495 1343 4549 αὐτοῦ
1385 4498 1624 4567 ἐντολὰς,
1659 4502 1720 4554 ού

154 4567 416 4657 ἔρήματα
476 4572 571 4624 καὶ
601 4573 826 4628 πλοῦτον
865 4580 1131 4650 ἐπίκηρον
1191 4587 1575 4653 προξενούσας,
1607 4591 1722 4645 ἀλλ’
1757 4598 1801 4657 D

150 4649 230 4709 ὧν
252 4659 414 4722 αὐτὸς
446 4661 553 4732 ἦρα
601 4663 781 4717 καλῶν
841 4671 952 4731 τοῖς
1018 4672 1126 4724 τῶν
1177 4674 1378 4744 ὁμοίων
1405 4680 1605 4750 ἐρῶσιν
1638 4686 1724 4738 οὐ·

149 4748 341 4806 δέποτε
373 4754 692 4826 φθείρεσθαι
744 4759 990 4827 δυνατὸν,
1041 4763 1213 4834 λόγων
1265 4748 1446 4833 οὕτως
1490 4774 1721 4843 ἐχόντων

148 4844 288 4913 πρὸς
318 4847 508 4911 αὐτοὺς
538 4849 787 4922 ἄρχεται’
841 4857 983 4922 Ἐγώ
1020 4858 1141 4928 μέν,
1195 4860 1385 4929 τέκνα,
1432 4865 1530 4935 ἠδη
1583 4868 1721 4937 πρὸς

148 4935 286 4989 Θεδν
309 4939 605 5011 ἐπείγομαι
644 4947 733 4997 καὶ
767 4948 795 5000 ό
846 4952 1037 5021 καιρὸς
1089 4954 1185 5022 τῆς
1236 4955 1375 5026 ἐμῆς
1416 4935 1719 5031 ἐφέστητιεν

144 5028 481 5092 ἀναλύσεως.
518 5032 633 5103 Χρὴ
669 5032 766 5088 οὖν
806 5041 951 5109 ὑμᾶς
987 5045 1308 5113 ἐπιμέλειαν
1359 5048 1469 5100 τῶν
1499 5054 1715 5106 οἶκείων

145 5117 336 5173 θέσθαι
363 5119 573 5193 ψυχῶν,
607 5122 710 5187 ἕως
740 5127 865 5181 ἐστὶ
930 5134 1140 5208 καιρὸς,
1177 5135 1383 5205 εὶδιίτας
1428 5140 1509 5196 ὅτι
1551 5161 1714 5213 μετα-

144 5212 293 5276 νοίας
322 5216 462 5281 μετὰ
506 5216 732 5273 θάνατον
777 5221 926 5296 ἰσχὺς
979 5230 1206 5300 οὐδεμία
1233 5251 1245 5263 ·
1279 5233 1397 5287 ἀλλ’
1442 5212 1559 5289 ἐκεῖ
1614 5240 1711 5307 μὲν

142 5300 256 5355 τῶν
286 5304 612 5366 ἀντιδόσεων
657 5318 685 5368 ό
734 5319 944 5388 καιρὸς,
997 5321 1234 5375 ἐνταῦθα
1283 5324 1339 5377 δὲ
1382 5326 1490 5377 τῶν
1533 5330 1711 5381 πόνων

143 5396 240 5449 καὶ
271 5398 381 5456 τῶν
413 5404 664 5473 ἀγώνων,
708 5413 800 5464 καὶ
842 5412 923 5465 ὅτι
959 5412 1067 5465 τῶν
1128 5417 1408 5499 παρόντων
1438 5419 1537 5471 κᾶν
1581 5438 1708 5492 τερ-

142 5496 275 5547 πνὸν
369 5512 419 5547 τι
440 5501 530 5551 καὶ
553 5497 828 5570 ὀφθαλμὸν
860 5505 1149 5575 εὐφραῖνον
1252 5511 1528 5579 φάρυγγα,
1573 5514 1709 5567 ἀλλὰ

142 5592 352 5663 ταχέως
394 5593 478 5660 ῥεῖ
508 5596 601 5645 καὶ
630 5595 708 5656 εἰς
757 5595 815 5647 τὸ
860 5603 935 5666 μὴ
991 5598 1049 5650 ὃν
1109 5602 1469 5669 περιίπαται,
1495 5608 1619 5658 ’κᾶν
1654 5624 1705 5657 τι

142 5681 382 5751 λυπηρὸν
412 5684 503 5735 καὶ
527 5682 801 5747 ἐπίπονον,
831 5689 919 5739 καὶ
949 5689 1105 5742 τοῦτο
1132 5693 1264 5760 ταχυ
1296 5678 1559 5766 λύομέ-ιην
1594 5697 1702 5765 ἔχει

146 5772 238 5822 καὶ
284 5776 619 5843 πρόσκαιρον
674 5776 770 5843 τὴν
819 5778 1010 5848 ὀδύνην
1046 5796 1062 5815 ο
1125 5782 1232 5833 τῶν
1276 5782 1575 5851 μελλόντων
1626 5786 1697 5848 δὲ,

145 5862 236 5915 καὶ
262 5862 320 5915 τὸ
350 5864 642 5934 εὐφραῖνον
672 5867 883 5923 αἰώνιον
976 5872 1063 5925 καὶ
1087 5872 1144 5925 τὸ
1178 5874 1406 5943 ἁλγῦνον
1438 5868 1521 5930 ἀεί
1575 5893 1698 5930 ποτε

1849 3308 1996 3364 tinus
2048 3312 2298 3367 scaturiit
2353 3329 2491 3384 aqua
2531 3314 2877 3387 frigidissima
2915 3331 2970 3376 et
3013 3321 3410 3392 limpidissima,

1839 3410 1960 3465 quae
1986 3411 2171 3455 manet
2214 3418 2385 3477 usque
2423 3406 2476 3459 in
2523 3406 2843 3465 hodiernum
2882 3413 3045 3478 diem,
3078 3430 3189 3470 non
3242 3417 3408 3471 solam

1840 3487 1984 3543 sitim
2012 3492 2226 3556 sedans,
2259 3494 2350 3551 sed
2381 3511 2499 3566 qua:
2523 3507 2608 3554 est
2636 3500 2799 3557 etiam
2825 3502 3122 3574 perfectum
3165 3508 3411 3563 testimo-

1840 3579 1990 3635 nium
2016 3584 2455 3652 necessitudinis,
2499 3604 2661 3659 quam
2694 3607 2814 3646 cum
2862 3594 2971 3650 Deo
3008 3595 3239 3653 habebat
3267 3597 3409 3655 Cita-

1839 3686 1882 3723 ΙἸ
1893 3683 2002 3727 ιοη.

1903 3783 2043 3842 XIII.
2074 3790 2213 3857 Quid
2244 3799 2673 3868 amplius?Cum
2703 3818 2859 3856 suum
2895 3821 2924 3857 a
2957 3808 3183 3875 corpore
3211 3798 3404 3861 esces-

1834 3888 1978 3943 sunt,
2014 3883 2098 3936 vel
2123 3888 2305 3954 potius
2332 3892 2397 3946 ad
2429 3889 2595 3947 Deum
2631 3908 2911 3949 accessum
2947 3896 3047 3963 (sic
3070 3896 3212 3951 enim
3232 3901 3403 3969 magis

1832 3972 2089 4025 convenit
2127 3973 2328 4043 dicere)
2386 3994 2449 4030 ex
2506 3980 2689 4037 divina
2738 3984 3072 4041 revelatione
3108 3986 3159 4039 in
3192 3985 3405 4043 foribus

1833 4054 2024 4113 adesse
2054 4066 2417 4133 cognovisset,
2446 4084 2638 4125 omnes
2673 4074 2893 4142 quidem
2938 4077 3205 4130 dicturum
3237 4080 3402 4132 trium

1832 4154 2283 4212 monasteriorum
2313 4171 2556 4229 pastores
2577 4163 2735 4219 simul
2766 4177 2818 4219 et
2834 4181 3020 4238 greges
3042 4165 3107 4222 ad
3130 4184 3187 4222 se
3213 4183 3400 4224 accer—

1830 4238 1922 4302 sit,
1956 4250 2011 4294 et
2059 4243 2220 4296 simul
2278 4262 2400 4300 cum
2456 4249 2538 4304 his
2586 4252 2837 4308 omnibus
2891 4255 3035 4310 venit
3074 4256 3140 4312 ad
3190 4272 3397 4311 sacram

1828 4324 2060 4383 Lauram
2094 4329 2327 4388 Pharum
2357 4336 2577 4403 dictam,
2617 4338 2704 4393 ubi
2744 4344 2977 4410 primum
3010 4346 3395 4399 distillavitsu-

1827 4416 1989 4475 dores
2025 4426 2382 4481 certaminum
2433 4432 2863 4489 exercitationis.
2902 4434 3180 4503 Tanquam
3217 4448 3394 4493 autem

1827 4514 2117 4580 quamdam
2162 4517 2530 4576 luereditatem
2564 4536 2908 4579 sacrosancta
2965 4529 3045 4581 eis
3072 4530 3394 4599 relinquens

1826 4616 2118 4675 praecepta,
2149 4624 2268 4678 qua:
2294 4626 2399 4665 non
2433 4616 2699 4682 pecunias
2729 4624 2784 4671 et
2821 4608 3233 4674 momentaneas
3262 4636 3393 4690 opes

1825 4695 2209 4763 conciliabant,
2244 4700 2338 4754 scd
2382 4716 2468 4765 ea,
2527 4719 2648 4774 qua:
2698 4705 2812 4777 ipse
2860 4710 3097 4776 amabat,
3132 4710 3269 4765 bona
3302 4711 3389 4775 iis,

1823 4786 1911 4852 qui
1944 4785 2141 4844 similia
2177 4791 2427 4863 diligunt,
2465 4813 2741 4868 nunquam
2785 4800 3096 4866 interitura,
3132 4804 3213 4858 sic
3241 4803 3387 4873 loqui

1821 4876 2052 4948 incipit:
2086 4882 2195 4951 Ego
2234 4886 2477 4954 quidem,
2526 4904 2558 4943 ο
2606 4890 2727 4953 lilii,
2754 4891 2869 4960 jam
2928 4892 2993 4947 ad
3047 4893 3215 4948 Deum
3253 4911 3388 4949 con-

1822 4971 2006 5035 tendo,
2049 4983 2101 5027 et
2138 4975 2283 5030 venit
2317 4987 2530 5048 tempus
2573 4996 2706 5037 tuere
2756 4984 3120 5039 resolutionis.
3160 4985 3387 5056 Oportet

1818 5072 1945 5132 ergo
1985 5078 2081 5118 vos
2116 5076 2415 5120 vestrarum
2450 5071 2755 5126 animarum
2794 5089 2978 5128 curam
3012 5091 3222 5146 gerere,
3253 5081 3381 5136 dum

1817 5166 1900 5207 est
1929 5163 2161 5233 tempus,
2194 5157 2433 5214 scientes
2476 5172 2600 5231 post
2629 5175 2856 5221 mortem
2898 5168 3078 5222 nullas
3098 5186 3215 5224 esse
3240 5173 3381 5224 vires

1818 5246 2172 5313 poenitentiae,
2202 5251 2297 5303 sed
2341 5251 2448 5305 illic
2488 5255 2703 5321 quidem
2735 5272 2854 5311 esse
2882 5268 3094 5329 tempus
3126 5273 3379 5316 remune-

1816 5338 2113 5402 rationum,
2155 5339 2242 5394 hic
2282 5353 2462 5397 autem
2505 5346 2748 5401 laborum
2802 5358 2855 5404 et
2885 5351 3246 5407 certaminum
3283 5366 3379 5409 :et

1814 5431 2158 5497 praesentiunt
2189 5434 2427 5501 quidem,
2460 5453 2554 5491 seu
2603 5439 2671 5494 sit
2722 5442 2922 5511 aliquid
2964 5444 3289 5512 jucundum,
3322 5457 3379 5503 et

1810 5522 1951 5587 quod
1988 5522 2217 5577 delectat
2265 5528 2452 5582 oculos
2498 5541 2592 5584 aut
2658 5542 2864 5602 guttur,
2895 5534 2945 5589 id
2981 5537 3090 5594 cito
3122 5537 3288 5595 ﬂuere
3322 5551 3376 5595 et

1811 5612 1975 5683 redigi
2009 5614 2071 5667 ad
2098 5615 2322 5671 nihilum
2359 5637 2373 5672 :
2404 5636 2496 5674 seu
2540 5624 2823 5679 molestum
2853 5638 2903 5682 et
2930 5629 3279 5697 laboriosum,
3320 5634 3373 5688 id

1808 5715 2022 5768 quoque
2064 5704 2284 5771 habere,
2332 5711 2421 5778 qui
2476 5713 2767 5767 resolvitur
2813 5728 2867 5771 et
2910 5728 2990 5774 est
3040 5722 3106 5775 ad
3137 5730 3368 5791 tempus,

1809 5791 2047 5846 dolorem
2085 5811 2098 5849 :
2134 5798 2439 5865 futurorum
2476 5814 2656 5859 autem
2712 5814 2763 5860 et
2800 5809 2941 5877 quod
2969 5810 3219 5873 delectat,
3248 5827 3369 5865 esse

1810 5890 2069 5942 :eteruunt
2100 5904 2112 5942 :
2142 5897 2189 5943 et
2237 5891 2385 5962 quod
2417 5896 2663 5952 molestia
2700 5900 2879 5967 allicit,
2916 5915 3129 5970 semper
3161 5915 3369 5970 permav
