4148 6484
718 460 825 525 915

1932 448 2216 508 MENSIS
2257 447 2541 505 SEPTEM
2556 446 2726 503 BER.

3863 439 3974 506 916

724 588 875 628 nere.
901 574 1072 636 Atque
1104 569 1337 637 primum
1363 564 1579 634 quidem
1605 565 1672 618 sit
1694 564 1848 617 vobis
1881 571 2025 615 recta
2051 569 2105 613 et
2132 559 2283 612 iirma
2319 599 2324 614 ι

2426 556 2662 626 ιαμένον.
2737 554 2934 619 Πρῶτα
2991 556 3088 625 μὲν
3138 550 3231 608 οὖν
3260 554 3390 625 ὑμῖν
3433 552 3500 606 τὰ
3560 553 3660 621 τῆς
3721 552 3979 615 πίστεως

724 663 880 725 ﬁdes.
908 661 1053 715 nullo
1081 660 1362 713 labascens
1392 657 1630 727 periculo
1659 675 1670 710 :
1706 654 1901 709 deinde
1938 653 2044 706 vita
2073 666 2289 721 quoque

726 754 797 809 ait
825 766 983 821 pura,
1009 761 1103 805 aut
1149 758 1503 819 expurgetur.
1536 749 1603 802 Et
1647 756 1771 801 ante
1811 744 1992 799 omnia
2040 744 2190 798 vobis
2221 744 2291 796 sit

726 860 870 901 cum
888 843 1131 913 corporis
1158 842 1535 905 sanctiﬁcatio,
1564 849 1623 893 ut
1665 840 1715 891 in
1764 837 1958 904 templa
2011 836 2290 905 impolluta

729 938 793 991 ad
833 952 927 990 vos
959 936 1178 989 accedat
1208 943 1263 988 et
1299 932 1586 996 inhabitet,
1622 930 1712 1000 qui
1742 939 1823 983 est
1849 942 2039 996 purus,
2065 938 2120 980 et
2161 940 2288 979 san-

728 1026 1052 1081 ctiﬁcatione
1077 1039 1172 1078 sua
1206 1033 1259 1077 et
1293 1024 1433 1077 bono
1459 1022 1625 1076 odore
1648 1019 1881 1072 animam
1911 1017 2148 1085 impleat.
2187 1014 2295 1069 Res

730 1115 872 1168 enim
901 1114 1039 1168 mala
1090 1121 1173 1169 est
1215 1113 1314 1177 ira,
1348 1122 1397 1165 et
1443 1112 1487 1166 si
1523 1110 1651 1181 quid
1693 1109 1838 1161 aliud
1888 1108 2083 1161 laedere
2117 1115 2296 1175 potest

732 1207 959 1259 fratrum
983 1219 1244 1259 amorem.
1276 1203 1321 1257 A
1348 1204 1502 1257 vobis
1545 1210 1724 1255 autem
1757 1200 1980 1252 omnino
2002 1199 2298 1252 retineatur

733 1314 795 1352 ac
822 1298 1071 1351 foveatur
1110 1312 1215 1365 pax
1250 1305 1307 1349 et
1343 1292 1721 1347 mansuetudo.
1752 1290 1906 1354 Quod
1953 1289 1999 1342 si
2037 1290 2174 1342 inter
2202 1302 2299 1341 vos

732 1387 1023 1457 aliquando
1068 1385 1364 1455 contigerit
1391 1384 1638 1444 otfensio.
1673 1398 1744 1435 ne
1778 1382 1856 1438 sol
1889 1380 2296 1444 occidatvobis,

732 1499 761 1534 ιι
794 1481 912 1534 luce
938 1480 1071 1533 adeo
1109 1477 1333 1533 remotis
1369 1493 1432 1530 ex
1462 1476 1604 1530 odio.
1644 1476 1751 1528 Sed
1786 1473 2145 1527 revocandum
2181 1479 2292 1533 est,

736 1586 895 1640 quam
928 1569 1340 1640 diligentissime
1368 1567 1481 1620 fieri
1514 1568 1731 1636 poterit,
1764 1568 1962 1619 bonum
1992 1560 2298 1625 charitatis,

738 1672 924 1731 utpote
956 1662 1098 1730 quod
1133 1662 1251 1715 sine
1279 1676 1343 1714 eo
1379 1676 1484 1713 non
1539 1659 1697 1711 liceat
1738 1657 1922 1708 videre
1968 1653 2173 1713 Solem,
2206 1652 2297 1721 qui

738 1754 1035 1822 percipitur
1065 1753 1439 1822 intelligentia.
1482 1748 1706 1804 Si.mala
1751 1758 1930 1801 autem
1963 1745 2217 1817 cogitatio
2248 1745 2300 1798 in

736 1843 930 1898 vestris
955 1853 1068 1896 sata
1094 1842 1164 1897 sit
1185 1841 1400 1904 animis,
1437 1855 1580 1893 cura:
1612 1840 1765 1893 vobis
1807 1840 1876 1890 sit
1917 1854 2033 1890 eam
2078 1840 2186 1891 cito
2212 1852 2303 1890 ex—

739 1935 967 2005 pellere.
998 1934 1086 1988 Sic
1116 1935 1261 1987 enim
1312 1932 1523 1986 facilius
1557 1946 1673 1985 eam
1726 1930 1976 1999 ejicietis.
2006 1929 2123 1993 Quo
2159 1930 2304 1983 enim

741 2027 915 2093 magis
943 2041 1005 2079 ea
1039 2025 1242 2079 sinitur
1270 2038 1609 2093 permanere.
1642 2037 1708 2075 eo
1738 2022 1855 2088 plus
1887 2020 2166 2075 exhibebit
2209 2036 2306 2075 ne-

740 2117 894 2185 gotii,
937 2123 991 2167 et
1022 2114 1123 2168 erit
1163 2122 1472 2183 expugnati!
1514 2111 1787 2166 dillicilior
1817 2112 1889 2175 ei,
1921 2112 2010 2179 qui
2045 2113 2309 2165 adversus

741 2209 887 2261 illam
923 2206 1151 2261 voluerit
1193 2206 1489 2260 decertare.
1523 2203 1642 2257 Sint
1668 2213 1846 2257 autem
1882 2202 2035 2256 vobis
2064 2218 2213 2255 arma
2242 2203 2309 2255 ad

743 2298 969 2361 bellum,
1017 2297 1312 2366 jejunium,
1347 2297 1541 2358 oratio,
1567 2294 1833 2364 lacrymze,
1866 2292 2126 2346 memoria
2165 2307 2310 2344 inor.

746 2390 813 2443 tis
848 2398 902 2443 et
933 2388 1215 2458 gehennae,
1239 2396 1294 2441 et
1329 2388 1573 2458 quodest
1612 2387 1852 2440 omnium
1920 2382 2310 2438 validissimum

745 2490 799 2532 et
826 2478 1060 2535 inimicis
1081 2477 1314 2533 maxime
1344 2478 1604 2541 terribile,
1637 2477 1791 2530 beata
1827 2476 2103 2529 humilitas
2131 2490 2144 2525 :
2183 2488 2312 2526 cau-

746 2570 951 2640 lioque.
983 2585 1052 2624 ne
1082 2585 1321 2640 unquam
1377 2584 1474 2623 vos
1508 2584 1688 2640 pravae
1723 2576 1993 2636 occupent
2028 2565 2312 2635 cngitatio-

749 2678 846 2716 nes
885 2678 898 2714 :
931 2676 993 2714 ac
1037 2662 1341 2715 observatio
1375 2675 1656 2720 sensuum,
1683 2668 1737 2711 et
1786 2674 1893 2727 prce
1926 2658 2152 2721 caeteris,
2185 2670 2313 2710 ocu-

751 2754 923 2807 lorum
952 2760 1006 2807 et
1033 2752 1268 2807 aurium.
1320 2752 1454 2806 Hinc
1483 2753 1629 2805 enim
1677 2760 1758 2808 eSt
1786 2750 1892 2803 illis
1925 2750 2185 2803 adversus
2214 2764 2314 2801 nos

752 2845 1048 2914 ingressus,
1086 2853 1140 2899 et
1171 2858 1337 2911 mors,
1366 2858 1484 2913 quae
1514 2842 1581 2897 ad
1630 2857 1728 2896 nos
1778 2842 2076 2913 ingreditur
2108 2856 2204 2911 per
2235 2841 2314 2895 fe-

756 2947 987 2991 nestras.

826 3247 967 3304 XIV.
995 3244 1397 3302 Possessionem
1429 3240 1672 3298 omnium
1706 3236 2154 3309 pretiosissimam
2184 3236 2311 3294 novi
2343 3244 2389 3306 ο

759 3342 835 3395 nil
878 3338 1171 3409 possidere,
1203 3346 1255 3390 et
1290 3335 1370 3388 ha‘
1410 3344 1536 3388 sunt
1568 3346 1710 3386 verae
1756 3330 1956 3384 divitia:
2000 3330 2070 3390 ei.
2103 3330 2195 3398 qui
2245 3339 2327 3383 est

760 3449 885 3488 vere
934 3444 1230 3499 generosus
1276 3436 1331 3481 et
1385 3424 1738 3495 planeliber,
1773 3422 1919 3475 nulla
1960 3436 2172 3486 eorum,
2209 3435 2328 3489 quae

762 3527 981 3584 adsunt,
1032 3520 1273 3573 vinetum
1302 3530 1421 3569 esse
1449 3513 1761 3582 cupiditate.
1814 3510 2103 3564 Dimctitur
2147 3520 2325 3562 autem

760 3616 978 3669 divinus
1008 3611 1297 3681 Apostolus
1327 3624 1482 3662 usum
1512 3604 1728 3673 corpori
1762 3603 2133 3657 necessarium
2170 3619 2183 3655 :
2218 3600 2327 3653 Ha-

764 3713 973 3769 bentes.
1033 3704 1239 3767 dicens,
1293 3701 1547 3754 alimenta
1588 3707 1640 3750 et
1682 3696 1878 3765 quibus
1929 3706 2191 3762 tegantur,
2244 3694 2329 3745 his

763 3797 1002 3854 contenti
1028 3785 1236 3850 'simus.
1272 3792 1375 3844 [les
1409 3799 1491 3843 est
1518 3789 1714 3858 gravis,
1743 3786 1878 3840 elate
1910 3786 1976 3839 de
2000 3800 2056 3839 se
2084 3784 2283 3839 sentire
2314 3800 2328 3837 :

766 3905 939 3959 neque
984 3898 1069 3941 est
1116 3883 1284 3947 aliud,
1333 3882 1477 3950 quod
1520 3879 1686 3948 magis
1735 3885 1914 3946 posset
1962 3885 2230 3930 evertere.
2278 3874 2331 3927 Id

768 3991 948 4036 autem
984 3979 1125 4032 solet
1176 3982 1236 4029 ut
1283 3973 1573 4043 plurimum
1613 3968 1869 4037 consequi
1905 3983 2035 4036 epes
2078 3977 2222 4020 recte.
2250 3964 2332 4019 fa-

769 4081 978 4129 ctorum
1007 4090 1019 4125 :
1054 4080 1106 4123 et
1132 4079 1255 4121 tunc
1286 4064 1580 4121 timendum
1616 4073 1699 4115 est
1731 4077 1917 4115 earum
1967 4058 2327 4128 naufragium.

774 4166 879 4219 Sed
912 4166 1019 4217 stat
1065 4161 1345 4216 dexteram
1380 4156 1664 4224 porrigens
1702 4152 1857 4204 nobis
1895 4166 2082 4204 rursus
2122 4149 2336 4202 divinus

779 4256 1087 4329 Apostolus,
1119 4261 1173 4306 et
1201 4251 1365 4304 verbo
1390 4249 1477 4308 iis.
1509 4246 1600 4315 qui
1644 4246 1842 4298 habent
1872 4256 2052 4305 aures,
2088 4253 2334 4311 magnam

779 4354 1024 4424 praebens
1070 4349 1436 4404 securitatem.
1469 4343 1570 4408 Qui
1619 4342 1764 4396 enim
1815 4342 2023 4396 videtur
2065 4350 2229 4399 stare.
2256 4336 2338 4390 in-

778 4446 916 4515 quit,
949 4444 1129 4497 videat
1157 4456 1224 4493 ne
1252 4441 1428 4493 cadat.
1462 4436 1706 4489 Fratrem
1742 4433 2007 4502 judicare,
2037 4429 2336 4483 cavendum

778 4548 864 4594 est
906 4553 1005 4606 pro
1036 4534 1261 4587 viribus.
1293 4530 1391 4583 Hie
1431 4537 1515 4582 est
1544 4527 1687 4581 enim
1738 4523 1902 4577 fretus
1948 4521 2163 4585 animae,
2191 4535 2339 4573 more

780 4629 1089 4685 Pharisaico
1127 4625 1262 4678 alios
1302 4620 1671 4690 despicientis,
1706 4627 1761 4671 et
1795 4618 1934 4685 ejus,
1967 4614 2060 4684 qui
2091 4628 2184 4682 per
2206 4613 2341 4666 alio-

783 4740 900 4778 rum
932 4718 1439 4776 eondcmnationem
1469 4728 1526 4767 se
1554 4713 1665 4767 vult
1694 4710 2013 4779 justiticare.
2044 4708 2149 4762 Sed
2182 4716 2259 4769 tu,
2280 4721 2345 4759 eo

782 4819 1028 4881 dimisso,
1087 4815 1131 4869 si
1174 4809 1449 4882 judicandi
1495 4804 1732 4861 tenearis
1779 4804 2085 4867 desiderio,
2120 4816 2243 4856 cum
2295 4810 2346 4856 te

788 4910 1033 4982 proxime
1068 4908 1291 4971 habeas,
1326 4918 1395 4956 ne
1435 4916 1616 4956 cesses
1649 4910 1699 4954 te
1742 4896 1984 4967 quotidie
2028 4894 2270 4963 judicare
2295 4902 2348 4946 et

785 5003 1123 5065 examinare,
1158 5007 1213 5053 et
1244 5011 1404 5067 quant
1438 4994 1640 5063 optime
1672 4991 1963 5057 corrigere.
1990 4988 2069 5042 Ad
2102 4985 2348 5055 petulan-

789 5095 917 5149 tiam
950 5107 1013 5146 ae
1049 5089 1429 5145 contumeliam
1467 5099 1731 5155 propensa
1756 5098 1844 5135 res
1887 5089 1976 5139 est.
2008 5088 2223 5139 venter,
2257 5076 2347 5144 qui

789 5194 1031 5250 curatur,
1066 5183 1159 5252 qui
1205 5188 1487 5235 curantem
1520 5177 1717 5230 misere
1749 5181 2143 5226 remuneratur.
2176 5169 2353 5221 Labo-

792 5280 943 5332 ribus
993 5284 1173 5329 autem
1223 5272 1477 5332 ﬂectitur,
1534 5278 1587 5321 et
1624 5265 1829 5335 jejunio
1869 5266 2138 5324 domatur,
2194 5270 2269 5324 et,
2298 5269 2354 5313 ut

795 5372 965 5425 audax
1000 5381 1196 5438 equus,
1223 5366 1289 5419 ab
1325 5361 1661 5417 immodestis
1702 5368 1916 5412 arcetur
1952 5356 2352 5410 saltationibus.

794 5462 911 5516 Non
959 5470 1041 5515 est
1070 5476 1097 5512 a
1138 5456 1292 5513 vobis
1334 5452 1590 5511 oblivioni
1638 5450 1940 5504 mandanda
1994 5446 2353 5516 hospitalitas.

797 5552 1045 5624 Hospitio
1077 5559 1256 5604 autem
1293 5546 1653 5615 excipientes,
1697 5542 1860 5611 pedes
1888 5554 2103 5609 quoque
2136 5537 2357 5590 humili-

796 5646 917 5699 liter
948 5644 1123 5697 lavate
1159 5659 1171 5693 :
1210 5642 1311 5694 hoc
1346 5648 1428 5693 est
1476 5637 1620 5691 enim
1658 5635 1855 5690 Christi
1894 5638 2220 5701 prarceptum
2261 5647 2273 5683 :
2306 5637 2361 5682 et

799 5736 943 5804 quod
992 5735 1106 5804 ipse
1133 5736 1339 5803 primus
1372 5730 1518 5794 fecit,
1563 5744 1659 5782 nos
1689 5726 1845 5796 jussit
1880 5727 2056 5779 facere
2091 5720 2357 5775 similiter.

800 5826 903 5877 Per
934 5826 985 5879 id
1022 5825 1167 5878 enim
1202 5840 1308 5876 non
1359 5820 1533 5875 Sultltn
1567 5820 1772 5889 geritur
1818 5831 1945 5869 cura
1975 5812 2228 5884 proximi,
2265 5808 2361 5863 sed

803 5922 983 5987 potest
1013 5914 1177 5971 etiam
1210 5914 1385 5971 curari
1439 5910 1616 5983 gravis
1665 5910 1855 5964 ammte
1899 5904 2143 5972 morbus,
2171 5914 2365 5971 nempe

2397 649 2566 716 ὑγιῶς
2593 648 2869 718 ἐχέτωσαν
2915 648 3011 701 καὶ
3044 646 3298 715 βεϐαίως,
3360 645 3593 715 κινδύνῳ
3630 646 3831 714 μηδενὶ
3877 662 3978 695 σαι

2396 742 2687 810 λευόμενα.
2719 741 2949 795 Ἔπειτα
2993 741 3048 792 δὲ
3089 741 3184 791 καὶ
3236 743 3263 793 6
3295 739 3409 809 βίος
3459 738 3700 806 καθαρὸς
3763 736 3977 805 εστωῆ

2397 833 2763 904 καθαιρέσθω.
2820 832 2930 884 Καὶ
2980 831 3085 898 πρά
3140 846 3204 895 γε
3239 830 3453 882 πάντων
3494 829 3521 880 6
3553 826 3648 880 τοῦ
3716 826 3979 895 σώματος

2400 925 2671 993 ἁγιασμὸς
2713 919 3114 984 σπουδαζέσθω,
3145 919 3287 971 ὣστε
3335 922 3475 982 ναοῖς
3517 917 3853 986 ἀμολύντοις
3884 914 3979 968 οὗ·

2401 1031 2508 1077 σιν,
2536 1016 2887 1083 ὲπιφοιτῆσαι
2916 1011 2976 1063 τὸ
3003 1010 3248 1080 καθαρὸν
3275 1010 3407 1079 ὑμῖν
3443 1008 3666 1079 πνεῦμα
3707 1010 3809 1062 καὶ
3842 1010 3981 1059 ἐνοι-

2400 1108 2594 1176 κῆσαι,
2624 1107 2719 1158 καὶ
2743 1105 2835 1157 τοῦ
2869 1102 3145 1172 ἀγιασμοῦ
3182 1100 3348 1155 αὐτοῦ
3366 1100 3461 1153 καὶ
3490 1104 3589 1169 τῆς
3620 1100 3863 1160 εὐωδίας
3881 1098 3979 1167 τὴν

2400 1200 2578 1271 ψυχὴν
2624 1199 2928 1269 πληρῶσαι.
2984 1196 3233 1267 Πονηρὸν
3284 1194 3442 1266 ὀργὴ,
3478 1195 3572 1247 καὶ
3623 1194 3822 1261 θυμὸς,
3882 1191 3979 1244 καὶ

2403 1293 2459 1345 εἴ
2481 1311 2531 1345 τι
2560 1292 2686 1346 ἀλλο
2715 1291 2973 1360 βλάπτειν
3002 1289 3064 1341 τὸ
3091 1287 3413 1357 φιλάδελφον
3438 1285 3687 1337 δύναταιθ
3727 1285 3862 1352 ὑμῖν
3900 1283 3978 1345 δὲ,

2392 1385 2541 1440 ἀλλά
2572 1384 2735 1437 παντὶ
2760 1384 2944 1453 τρόπῳ
2973 1379 3371 1450 περιποιεῖσθω
3398 1377 3457 1429 τὸ
3493 1375 3776 1445 εἰρηνικόν
3802 1391 3860 1426 τε
3886 1376 3981 1425 καὶ

2402 1480 2632 1550 ἥμερον.
2682 1474 2745 1528 Ei
2797 1474 2852 1528 δὲ
2884 1474 2974 1526 καὶ
3002 1470 3245 1541 συμϐαίη
3280 1468 3409 1521 ποτὲ
3456 1468 3701 1537 ἀλλήλων
3767 1465 3978 1533 μεταξῦ

2409 1570 2728 1624 σκάνδαλον·
2773 1566 2848 1639 μὴ
2883 1566 3148 1619 ἐπιδυέτω
3170 1564 3301 1633 ὑμῖν
3336 1564 3362 1615 ὁ
3395 1563 3567 1632 ἥλιος,
3591 1561 3773 1621 οὕτως
3808 1563 3982 1625 ἀφεγο

2407 1663 2518 1729 γῶς
2545 1662 2758 1729 ἔχουσιν
2812 1661 2876 1710 ὲκ
2932 1657 3026 1710 τοῦ
3074 1658 3300 1726 μίσους.
3336 1654 3476 1709 Ἀλλ’
3526 1652 3869 1722 ἀνακλητέον
3910 1652 3982 1713 ὡς

2408 1748 2519 1804 οἷόν
2558 1768 2613 1802 τε
2643 1749 2943 1810 σπουδαίως
2970 1748 3146 1817 τὸτῆς
3180 1747 3401 1816 ἀγάπης
3424 1747 3607 1806 καλὸν,
3642 1744 3715 1806 ὡς
3754 1745 3829 1812 μὴ
3868 1742 3981 1807 ἐξὸν

2409 1845 2598 1901 τούτου
2639 1843 2826 1914 χωρὶς,
2862 1841 2952 1893 τὸν
2975 1839 3162 1909 νοητὸν
3216 1838 3344 1890 ἰδεῖν
3374 1838 3543 1907 ἣλιον.
3571 1835 3783 1887 Φαύλου
3807 1836 3865 1887 δὲ
3893 1834 3980 1883 λο-

2414 1939 2614 2009 γισμοῦ
2648 1942 2762 2001 ταῖς
2796 1937 3085 2005 ὑμετέραις
3116 1931 3478 2000 ὲνσπαρέντος
3522 1928 3750 1996 ψυχαῖς,
3786 1926 3982 1993 ἐπιμε-

2414 2035 2501 2095 λὲς
2534 2034 2661 2101 ὑμῖν
2692 2029 2923 2096 γινέσθω
2970 2028 3155 2095 τάχιον
3190 2022 3350 2079 αὐτὸν
3379 2020 3622 2088 ἐξωθεῖν.
3657 2019 3822 2071 Οὕτω
3880 2019 3983 2084 γὰρ

2414 2126 2785 2195 εὐχερεστέρῳ
2826 2122 2961 2190 πρὸς
2990 2121 3086 2181 τὴν
3128 2118 3357 2187 ἐκϐολὴν
3391 2114 3684 2184 χρήσεσθε,
3722 2112 3821 2163 καὶ
3879 2110 3984 2176 γὰρ

2414 2223 2630 2289 ὅσῳπερ
2660 2220 2727 2270 ἂν
2776 2215 2935 2265 πλέον
2980 2210 3318 2279 παραμένειν
3376 2205 3528 2276 ὲῷτο,
3592 2201 3841 2266 τοσούτῳ
3897 2200 3989 2250 καὶ

2421 2312 2635 2363 πλείονα
2678 2306 2903 2373 παρέξει
2963 2302 3030 2354 τά
3061 2299 3360 2369 πράγματα
3409 2295 3499 2347 καὶ
3563 2290 3991 2360 δυσμαχώτερος

2418 2404 2567 2455 ἔσται
2595 2402 2671 2470 τῷ
2704 2393 3180 2464 καταγωνίσασθαι
3208 2388 3531 2459 βουλομένῳ.
3564 2384 3754 2440 Ὀπλα
3784 2383 3841 2434 6's
3859 2383 3983 2447 ὑμῖν

2420 2498 2561 2550 ἔστω
2594 2496 2727 2565 πρὸς
2749 2494 2840 2546 τὸν
2871 2489 3034 2543 αὑτοῦ
3067 2486 3323 2554 πόλεμον,
3377 2483 3621 2549 νηστεία,
3686 2473 3991 2545 προσευχὴ,

2420 2591 2651 2658 δάκρυα,
2692 2585 2881 2653 μνήμη
2906 2597 2963 2632 τε
2997 2579 3228 2632 Θανάτου
3265 2573 3356 2625 καὶ
3380 2570 3623 2638 γεέννης,
3662 2570 3759 2618 καὶ
3782 2564 3843 2615 τὸ
3861 2564 3995 2614 πάν.

2420 2698 2525 2733 των
2551 2674 2899 2746 ἰσχυρότατόν
2931 2687 2989 2724 τε
3018 2669 3110 2722 καὶ
3141 2663 3513 2736 φοϐερώτατον
3570 2659 3685 2717 τοῖς
3756 2653 3989 2722 ἐχθροῖς,

2427 2775 2461 2841 ὴ
2523 2769 2766 2841 μακαρία
2800 2765 3145 2822 ταπείνωσις,
3200 2754 3468 2823 ἀσφάλεια
3508 2750 3565 2802 δὲ
3614 2747 3756 2817 πρὸς
3787 2746 3852 2796 τὺ
3894 2759 3995 2812 μη-

2422 2864 2589 2924 δόλως
2636 2862 2750 2921 τοῖς
2774 2854 3033 2914 τοιούτοις
3073 2845 3393 2903 ἁλίσκεσθαι
3443 2841 3749 2907 λογισμοῖς,
3803 2836 3994 2901 ato-6r,-

2428 2972 2564 3007 σεων
2608 2949 2839 3020 φυλακὴ,
2871 2947 2965 2999 καὶ
3023 2943 3128 3013 πρό
3164 2957 3227 3007 γε
3281 2938 3388 2990 τῶν
3440 2934 3638 2991 ἄλλων,
3692 2927 3994 2996 ὀφθαλμῶν

2427 3048 2520 3099 καί
2548 3043 2722 3096 ὢτων.
2763 3035 3039 3091 Ἐντεῦθεν
3061 3031 3167 3100 γὰρ
3197 3028 3425 3087 ἐκείνοις
3455 3021 3627 3093 ἡκαθ⁹
3661 3021 3823 3089 ἡμῶν
3856 3019 3995 3069 eiso-

2426 3141 2534 3203 6o;,
2572 3135 2660 3188 καὶ
2691 3135 2717 3185 ὁ
2747 3130 2833 3184 διὰ
2849 3129 2956 3181 τῶν
2988 3123 3221 3193 θυρίδων
3249 3117 3431 3171 εἰσιὼν
3458 3118 3591 3182 ἡμῖν
3631 3112 3895 3170 θάνατος.

2490 3230 2590 3287 Μ’.
2611 3226 2812 3293 Κτῆμα
2844 3222 3060 3272 πάντων
3097 3210 3421 3282 τιμιώτατον
3452 3202 3567 3259 οἶδα
3594 3207 3695 3273 τὴν
3731 3200 3996 3268 ἀκτησίαν

2430 3325 2523 3379 καὶ
2556 3318 2715 3373 τοῦτο
2749 3312 2978 3371 πλοῦτος
3010 3306 3086 3375 τῷ
3132 3302 3344 3369 εὐγενεῖ
3390 3300 3557 3357 ὅντως
3598 3294 3697 3346 καὶ
3754 3288 3998 3355 ἁκριὸὡς

2431 3412 2723 3482 ἐλευθέρῳ,
2754 3407 2813 3459 τὸ
2844 3401 3083 3473 μηδεμιᾷ
3139 3392 3386 3448 δεδέσθαι
3417 3390 3521 3441 τῶν
3549 3384 3845 3455 παρόντων
3878 3384 3997 3433 sm-

2430 3510 2619 3578 θυμία.
2679 3497 2997 3567 Ἑπιμετρεί
3030 3493 3211 3564 μέντοι
3284 3487 3382 3556 τὴν
3414 3478 3722 3549 ἀναγκαίαν
3770 3474 3851 3543 τῷ
3888 3473 4002 3523 εὼ-

2436 3618 2565 3670 ματι
2612 3596 2797 3667 χρείαν
2830 3593 2858 3642 ὁ
2913 3591 3051 3649 θεῖος
3090 3578 3445 3641 Ἀπόστολοςο
3477 3576 3760 3643 Ἔχοντες,
3800 3567 3995 3632 λέγων,

2433 3694 2729 3759 διατροφας
2787 3685 2880 3736 καὶ
2949 3677 3313 3743 σκεπάσματα
3384 3668 3594 3728 τούτοις
3656 3659 3999 3732 ἀρκεσθησό·

2436 3784 2574 3853 μεθα
2595 3796 2609 3811 ’
2637 3776 2804 3831 δεινὸν
2834 3768 3246 3842 ὑψηλοφροσύνη
3281 3765 3373 3816 καὶ
3401 3762 3473 3821 ὼς
3504 3758 3655 3810 οὐδὲν
3705 3753 3840 3806 ἄλλο
3872 3751 3999 3802 καθο

2434 3878 2605 3947 αιρείν
2677 3870 2990 3937 δυνάμενον,
3042 3863 3076 3932 ἢ
3126 3858 3335 3923 πέφυκε
3388 3853 3487 3919 μὲν
3553 3848 3632 3908 ὡς
3697 3846 3772 3898 τὰ
3836 3842 4001 3895 πολλὰ

2434 3967 2652 4034 πλούτῳ
2684 3948 3125 4029 κατορθωμάτων
3161 3948 3412 4009 ἕπεσθαι,
3447 3939 3564 3995 εἶτα
3596 3935 3855 4006 γίνεσθαι
3885 3933 4002 3985 τού-

2434 4079 2528 4114 του
2561 4056 2796 4129 χαλεπὸν
2832 4044 3026 4117 ’ἐκείνη
3079 4043 3360 4110 ναυάγιον.
3404 4033 3542 4089 Ἀλλ’
3571 4034 3776 4101 ἕστηκε
3829 4026 4001 4093 δεξιὰν

2436 4153 2569 4223 ἡμῖν
2596 4144 2910 4200 ὑποτείνων
2953 4141 2981 4191 6
3013 4138 3151 4198 θεῖος
3184 4134 3346 4187 πάλιν
3384 4124 3735 4186 Ἀπόττολος,
3791 4122 3890 4173 καὶ
3932 4118 4000 4187 τῷ

2441 4245 2648 4316 ῥήματι
2706 4234 2906 4305 πολλὴν
2933 4231 3187 4299 παρέχων
3211 4227 3324 4287 τοῖς
3345 4216 3457 4275 ὦτα
3488 4220 3671 4287 ἔχουσι
3701 4217 3806 4283 τὴν
3834 4213 4002 4280 ἀσφά-

2437 4304 2612 4389 λειαν.
2665 4331 2724 4383 Ὀ
2781 4304 2890 4396 γὰρ
2921 4321 3089 4378 δοκῶν
3119 4319 3362 4378 ἑστάναι,
3416 4312 3571 4381 φησι,
3632 4307 3885 4377 βλεπέτω
3937 4304 4004 4371 μὴ

2441 4428 2602 4494 πέσῃ,
2633 4422 2708 4473 Τὸ
2756 4417 2962 4486 κρίνειν
3002 4413 3095 4464 τὶν
3146 4406 3396 4474 ἀδελφὸν,
3441 4399 3773 4463 εὐλαϐητέον
3840 4396 4002 4463 ὁπόση

2441 4512 2972 4583 δύναμιςογέννημα
3029 4503 3138 4571 γὰρ
3191 4498 3351 4551 τοῦτο
3396 4493 3570 4563 ψυχῆς
3623 4487 4006 4559 ὑπεροπτικῶς

2454 4608 2704 4677 ἐχούσης,
2766 4601 2862 4654 καὶ
2909 4592 3253 4667 φαρισαῑκῶς
3301 4590 3394 4642 καὶ
3427 4582 3668 4639 δικαιοῦν
3700 4581 3900 4635 ὲαυτὲν
3928 4580 4005 4631 διὰ

2446 4700 2546 4767 τῆς
2571 4695 2666 4749 τοῦ
2693 4692 2920 4763 πλησίον
2944 4684 3324 4755 κατακρίσεως
3353 4676 3705 4749 βουλομένου.
3752 4672 3916 4725 Ἀλλὰ
3949 4670 4006 4721 σὺ

2447 4790 2639 4843 τούτου
2689 4783 2953 4845 ἀποστὰς,
3005 4777 3056 4830 εἴ
3099 4791 3181 4827 σοι
3249 4771 3400 4836 φίλον
3453 4766 3679 4833 κρίνειν,
3742 4764 4010 4829 ἐγγύτατα

2455 4875 2677 4931 σεαυτὸν
2694 4874 2852 4943 ἔχων,
2879 4869 2951 4939 μὴ
2968 4865 3233 4925 διαλίποις
3252 4863 3372 4915 ὅσαι
3399 4857 3603 4927 ἡμέραι
3623 4854 3832 4923 κρίνων
3846 4868 3903 4904 τε
3930 4853 4012 4903 καὶ

2451 4970 2775 5037 ἀνακρίνων,
2800 4964 2893 5018 καὶ
2917 4963 2991 5024 ὡς
3030 4960 3228 5028 ἄριστα
3255 4951 3658 5023 διορθούμενος.
3716 4944 4014 5016 Πρόχειρον

2452 5066 2527 5126 εἰς
2545 5063 2698 5132 ὓϐριν
2723 5059 2956 5127 γαστὴρ,
2976 5051 3172 5107 καὶτὸν
3190 5047 3527 5118 θεραπευτὴν
3548 5043 3753 5102 ἀθλίως
3794 5040 4013 5108 ἀμειϐο-

2460 5131 2628 5224 μένηέ
2671 5154 2851 5212 πόνοις
2880 5149 2936 5201 δὲ
2976 5145 3289 5212 κάμπτεται
3365 5138 3457 5191 καὶ
3499 5133 3727 5203 νηστείᾳ
3782 5131 4015 5197 δαμάζε-

2458 5245 2783 5310 ται,κα“ιὼ;
2832 5239 3036 5311 θρασὺς
3065 5236 3253 5297 ἵππος,
3297 5230 3404 5282 τῶν
3464 5226 3719 5280 ἀτάκτων
3780 5225 4014 5290 εἴργεται

2460 5335 2865 5407 σκιρτημάτων.
2903 5330 3014 5398 Τῆς
3038 5323 3341 5395 φιλοξενίας
3375 5321 3502 5388 ὑμῖν
3529 5316 3632 5369 οὐκ
3665 5312 4013 5381 ἐπιληστέονε

2461 5428 2759 5494 ξενίζοντες
2783 5424 2858 5488 δὲ,
2889 5422 2982 5476 καὶ
3014 5418 3138 5477 τοὺς
3171 5417 3339 5473 πόδας
3373 5406 3759 5481 μετριοπαθῶς
3788 5405 4013 5458 νίπτετε’

2460 5522 2613 5576 τοῦτο
2647 5522 2755 5589 γάρ
2805 5512 2994 5583 ἐντολὴ
3028 5507 3291 5581 Χριστοῦ,
3328 5505 3420 5557 καὶ
3456 5500 3673 5570 πρῶτος
3704 5498 3876 5558 αὐτὸς
3901 5495 4020 5565 δρά-

2461 5632 2578 5679 σας,
2616 5613 2750 5683 ἡμῖν
2780 5607 2998 5677 ἔχεσθαι
3032 5602 3124 5655 τοῦ
3162 5599 3356 5669 ὁμοίου
3382 5590 3853 5665 παρεκελεύσατο.
3880 5589 4025 5640 Ἐσττ

2463 5676 2573 5778 γὰρ
2714 5697 3100 5774 θεραπευτικὸν
3129 5692 3225 5746 τοῦ
3285 5688 3512 5759 πλησίον
3549 5683 3734 5752 μόνον,
3777 5680 3919 5733 ἀλλά
3942 5676 4021 5730 καὶ

2464 5769 2787 5871 ἰδ’χαλεπδν
2814 5794 3027 5861 νόσημα
3055 5787 3155 5855 τῆς
3188 5784 3368 5853 ψυχῆς
3396 5781 3497 5848 τὴν
3551 5776 3755 5843 οἴησιν,
3814 5771 3891 5833 ὡς
3910 5769 4021 5871 -οὖκ

2480 5862 2607 5950 ἄλλο
2635 5910 2683 5947 τι
2726 5886 3046 5960 θεραπεύειν
3080 5879 3394 5950 δυνάμενον.
3421 5868 3597 5927 Πολλὰ
3629 5868 3730 5939 μὲν
3778 5864 3875 5918 καὶ
3906 5862 4023 5917 ἀλλα
