4148 6514
204 444 305 506 917

1423 450 1600 511 VlTA
1641 448 1704 509 s.
1744 436 2230 511 CHARITONIS.

3332 441 3439 509 918

200 558 291 610 τοῦ
321 556 497 627 ῥύπου
522 556 621 625 τῆς
652 558 929 627 ἁμαρτίας
996 559 1289 631 καθάρσια,
1343 563 1371 615 ὁ
1420 564 1654 636 Ποιητὴς
1688 566 1775 619 καὶ

1885 566 2044 618 nimia
2074 565 2140 618 de
2172 579 2229 618 se
2264 564 2562 633 persuasio.
2592 564 2765 632 Atque
2792 562 2991 616 multas
3018 558 3235 630 quidem
3274 556 3439 611 etiam

206 649 397 720 Σωτὴρ
438 650 548 701 τῶν
576 650 865 720 ἡμετέρων
892 650 1080 721 ἐξεῦρε
1104 654 1307 723 ψυχῶν,
1352 651 1481 723 οἷον,
1535 657 1766 727 δάκρυα,

204 740 579 808 στενάγματα,
617 740 915 812 συντριδὴν
946 744 1193 813 καρδίας,
1236 747 1511 815 νηστείαν,
1540 765 1771 817 προσευ-

203 830 321 900 χὴν,
348 831 675 900 χαμευνίαν,
707 833 800 883 καὶ
831 832 886 885 εἴ
916 850 968 885 τι
999 834 1124 887 ἄλλο
1146 837 1435 906 φάρμακον
1465 839 1560 907 τῆς
1617 839 1771 907 φιλα-

203 922 351 985 νείας
380 923 652 975 δέδεικται
684 923 1001 992 μετανοίας.
1070 925 1209 978 Ἀλλ’
1246 928 1476 981 ἐπίπονα
1510 932 1605 983 καὶ
1668 947 1768 983 κα-

206 1015 422 1085 ματηρᾶ
447 1014 648 1080 ταῦτα,
683 1016 784 1068 κᾶν
814 1014 1016 1081 πολλὴν
1042 1018 1323 1087 παρέχωσι
1364 1022 1459 1092 τὴν
1481 1021 1765 1090 ὠφέλειαν.

204 1104 299 1156 Ἐν
327 1105 384 1157 δὲ
415 1102 535 1157 οἶδα
565 1106 703 1158 πάνυ
746 1105 847 1172 μὲν
884 1104 1119 1171 ἄπονον,
1155 1111 1294 1162 πάνυ
1324 1110 1379 1164 δὲ
1410 1113 1647 1180 καθᾶραι
1678 1111 1770 1182 ρύ-

199 1208 298 1245 πον
325 1194 505 1263 ψυχῆς
534 1195 906 1264 ἰσχυρότατον.
942 1192 1010 1247 Τί
1041 1194 1200 1247 τοῦτὸ
1235 1200 1348 1251 ἐστι
1375 1214 1388 1261 ;
1444 1200 1519 1252 Τὸ
1549 1201 1767 1267 ἀφιέναι

198 1286 310 1345 τοῖς
337 1285 597 1336 πταίσασι
642 1284 703 1336 τὸ
734 1283 1063 1353 ἁμάρτημα.
1107 1286 1283 1354 Ὅπερ
1312 1287 1372 1338 οὐ
1430 1288 1507 1358 τῷ
1538 1288 1655 1359 Θεῷ
1680 1292 1770 1358 μό-

200 1389 288 1424 νον
328 1372 483 1439 φίλον
513 1373 651 1438 ἐστὶ,
684 1373 779 1426 καὶ
819 1372 976 1424 λύσιν
1009 1371 1106 1424 ἀπ’
1154 1374 1365 1427 ἐκείνου
1430 1374 1534 1429 τῶν
1574 1378 1769 1446 ἡμετέ-

206 1481 312 1531 ρων
344 1463 638 1531 πρεσϐεύει
672 1464 878 1528 κακῶν,
909 1463 1047 1515 ἀλλὰ
1085 1464 1180 1515 καὶ
1220 1468 1486 1537 τιμωρίας
1512 1466 1767 1531 πολλάκις

203 1556 560 1625 σφοδρότερον
600 1556 832 1609 ἅπτεται
865 1555 959 1608 τοῦ
998 1557 1402 1627 ἡμαρτηκότος,
1436 1560 1531 1613 καὶ
1583 1560 1768 1614 δοῦλον

202 1648 317 1699 ἀντ’
357 1646 646 1715 ἐλευθέρου
685 1648 761 1716 τῷ
809 1650 1170 1715 συνεγνωκότι
1206 1653 1353 1702 ποιεῖ
1481 1652 1630 1703 δοκεῖ
1674 1651 1768 1705 καὶ

202 1740 307 1799 τοῖς
356 1737 613 1809 θύραθεν,
644 1736 973 1810 Συγγνώμη,
1005 1739 1241 1807 λέγουσι,
1272 1741 1543 1810 τιμωρίας
1590 1742 1770 1813 κρείτ-

196 1844 323 1881 των.

268 2002 371 2061 1Ε⁸.
406 2003 591 2061 Ταῦτα
614 2004 707 2058 καὶ
733 2005 900 2059 πολλὰ
915 2001 1049 2061 ἄλλα
1077 2010 1305 2065 τοιαῦτα
1330 2014 1448 2075 τοῖς
1476 2016 1769 2082 φοιτηταῖς

199 2095 454 2164 εἰρηκὼς,
483 2096 847 2167 ἐπευξάμενός
870 2115 928 2151 τε
958 2098 1139 2170 ψυχῆς
1172 2103 1481 2173 σωτηρίαν,
1543 2104 1640 2156 καὶ
1682 2104 1774 2156 εὑ-

198 2187 435 2257 λογήσας
476 2188 978 2259 αὐτοὺς,.οὖδεμίαν
1026 2194 1182 2248 νόσου
1241 2196 1429 2250 λαϐὼν
1501 2195 1775 2265 αἴσθησιν,

199 2278 319 2330 οὐδὲ
351 2280 595 2347 ἀλγήσας
642 2296 692 2330 τι
730 2281 837 2333 τῶν
877 2284 1085 2354 μορίων
1118 2285 1211 2339 τοῦ
1248 2287 1539 2357 σώματος,
1571 2290 1777 2343 ἁναπε·

203 2369 310 2422 σὼν
343 2369 400 2422 ἐν
432 2386 536 2421 τινι
564 2370 670 2422 τῶν
719 2376 1031 2443 σκιμπόδων
1061 2378 1231 2449 ἀνῆκε
1263 2380 1366 2449 μὲν
1415 2382 1549 2445 τοὺς
1586 2383 1774 2450 πόδας,

200 2460 379 2528 ἀφῆκε
407 2460 463 2513 δὲ
494 2460 590 2530 τὴν
622 2464 895 2534 μακαρίαν
922 2467 1125 2537 ψυχὴν,
1155 2471 1408 2540 χαίρουσι
1470 2474 1777 2547 χαίρουσαν

204 2554 315 2615 τοῖς
351 2552 576 2621 ἀγαθοῖς
626 2554 792 2625 αὐτὴν
843 2557 1122 2630 παραδοὺς
1162 2562 1443 2629 ἀγγέλοις,
1502 2568 1662 2636 χερσί
1717 2586 1776 2620 τε

199 2645 407 2713 ἁγίαις,
458 2645 647 2719 ὥσπερ
702 2648 844 2715 είκδς
877 2645 964 2722 ἦν,
999 2650 1079 2721 τῷ
1117 2653 1283 2723 τάφιῳ
1319 2659 1775 2725 παραπεμφοεὶς,

201 2738 285 2798 είς
327 2736 425 2808 τὴν
486 2738 715 2809 ἄληκτον
765 2742 1077 2811 μεταϐαίνει
1141 2744 1307 2814 ζωὴν,
1381 2745 1514 2800 ἔνθα
1563 2748 1776 2821 ἀπέδρα

203 2828 387 2898 ὀδύνη,
415 2830 559 2898 λύπη
594 2832 689 2885 καὶ
725 2836 1028 2905 στεναγμός
1050 2852 1065 2868 ³
1099 2837 1226 2892 ἔνθα
1276 2840 1579 2909 πρόσωπον
1643 2842 1777 2913 πρὸς

208 2920 524 2990 πρόσωπον,
590 2927 699 2987 τοῖς
734 2926 991 2995 καθαροῖς
1015 2928 1115 2999 τὴν
1148 2930 1398 2999 καρδίαν,
1440 2934 1475 3001 ὴ
1499 2933 1601 3002 τῆς
1627 2934 1776 2998 Θείας

208 3014 441 3084 Τριάδος
496 3015 765 3084 ξμφάνεια
797 3017 1039 3087 γίνεται·
1091 3020 1220 3073 ἔνθα
1279 3024 1634 3093 παράκλησις
1683 3026 1778 3077 καὶ

208 3106 541 3171 ἀνάπαυσις,
582 3109 693 3172 τοῖς
724 3110 800 3181 τῷ
829 3109 975 3181 καλῷ
1007 3112 1439 3185 προσιδρώσασιν
1468 3116 1776 3185 ἀμπελῶνι,

209 3198 307 3249 καὶ
345 3196 443 3264 τὴν
495 3197 750 3254 ἐπίπονον
793 3204 890 3255 καὶ
936 3208 1193 3274 τραχεῖαν
1231 3206 1330 3269 τῆς
1379 3208 1582 3277 ἀρετῆς
1628 3209 1777 3262 ὁδεύ-

1876 656 2007 707 alias
2036 655 2239 723 peccati
2265 654 2506 707 sordiqu
2543 653 2879 722 expiationes
2909 651 3114 705 invenit
3136 650 3367 705 Creator
3385 658 3441 703 et

1879 746 2128 800 Salvator
2185 755 2495 799 nostrarum
2550 744 2878 807 animarum,
2919 750 3103 811 utpote
3153 740 3441 808 lacrymas,

1874 835 2127 907 gemitus,
2164 835 2343 889 cordis
2390 834 2800 897 contritionem,
2833 832 3124 903 jejunium,
3170 830 3442 899 precatio—

1874 944 2018 991 nem,
2048 927 2197 980 humi
2223 926 2591 990 cubationem,
2624 936 2678 978 et
2702 925 2746 978 si
2781 923 2925 992 quod
2972 933 3056 977 est
3089 920 3230 975 aliud
3267 920 3441 974 medi-

1874 1027 2178 1072 camentum
2227 1016 2471 1085 benignae
2519 1016 2869 1084 paenitentiae.
2905 1014 3010 1069 Sed
3051 1011 3285 1067 dilIicilia
3312 1019 3439 1064 sunt

1876 1108 1989 1162 [nec
2012 1115 2065 1161 et
2092 1106 2378 1169 laboriosa,
2431 1105 2639 1159 etiamsi
2679 1106 2898 1159 multam
2927 1104 3208 1174 praebeant
3237 1102 3438 1156 utilita-

1876 1206 2003 1253 tem.
2038 1197 2218 1252 Unum
2237 1207 2414 1250 autem
2445 1196 2593 1259 novi,
2622 1196 2767 1264 quod
2798 1204 2882 1251 est
2904 1194 3191 1249 admodum
3216 1192 3433 1260 quidem

1873 1303 2065 1358 expers
2098 1289 2316 1353 laboris,
2356 1289 2422 1342 ad
2449 1286 2757 1358 purgandas
2798 1297 2982 1341 autem
3011 1286 3205 1339 anima:
3243 1284 3440 1338 sordes

1873 1388 1957 1434 est
2005 1382 2418 1437 validissimum.
2446 1381 2586 1447 Quid
2614 1381 2713 1434 hoc
2736 1380 2854 1434 est?
2879 1380 2948 1432 lis
2978 1383 3069 1446 qui
3088 1378 3433 1445 delinquunt,

1872 1482 2090 1539 peccata
2124 1472 2419 1526 dimittere.
2444 1470 2596 1537 Quod
2616 1469 2833 1541 quidem
2870 1484 2977 1523 non
3008 1478 3088 1523 est
3116 1468 3290 1523 solum
3327 1466 3437 1519 Deo

1873 1572 2109 1632 gratum,
2142 1572 2197 1617 et
2224 1573 2538 1616 nostrorum
2565 1563 2830 1616 malorum
2873 1562 2939 1615 ab
2972 1574 3036 1614 eo
3063 1566 3252 1613 exorat
3281 1555 3437 1610 solu-

1876 1643 2099 1715 tionem,
2136 1653 2229 1706 sed
2263 1652 2425 1706 etiam
2460 1652 2725 1721 supplicio
2765 1666 2907 1720 saepe
2943 1648 3319 1705 vehementius
3350 1655 3435 1700 at-

1877 1743 2034 1813 tingit
2063 1757 2208 1806 eum,
2240 1742 2333 1812 qui
2364 1742 2629 1811 peccavit,
2664 1750 2717 1795 et
2748 1741 3031 1810 prolibero
3066 1739 3193 1793 facit
3218 1753 3435 1792 servum

1876 1835 1946 1899 ei,
1979 1834 2070 1904 qui
2127 1833 2370 1903 ignovit:
2403 1832 2678 1902 quomodo
2708 1831 2872 1886 etiam
2926 1830 3162 1893 videtur,
3198 1827 3437 1883 externis

1801 1917 1843 1971 Β
1873 1925 2215 1981 dicentibus:
2253 1926 2345 1980 Est
2374 1925 2530 1980 venia
2567 1922 2834 1994 supplicio
2866 1924 3160 1992 potentior.

1946 2015 2056 2069 XV.
2092 2015 2227 2070 Cum
2277 2015 2392 2070 haec
2438 2023 2493 2068 et
2539 2014 2705 2068 multa
2746 2012 2851 2067 alia
2896 2009 3162 2081 ejusmodi
3218 2008 3439 2064 dixisset

1876 2104 2179 2173 discipulis,
2203 2114 2258 2158 et
2291 2114 2544 2173 precatus
2583 2112 2732 2157 esset
2774 2102 3003 2156 salutem
3034 2101 3251 2161 animae,
3274 2108 3328 2151 et
3359 2098 3439 2151 eis

1877 2196 2266 2261 benedixisset,
2296 2195 2505 2250 nullum
2537 2202 2717 2248 autem
2767 2194 3070 2263 accepisset
3103 2189 3278 2245 morbi
3312 2204 3441 2243 sen~

1879 2299 2021 2350 sum,
2053 2299 2230 2354 neque
2263 2285 2494 2353 partium
2530 2284 2773 2354 corporis
2800 2284 2967 2338 ullum
3001 2281 3259 2336 sensisset
3289 2279 3443 2332 dolo~

1882 2393 2022 2441 rem,
2059 2378 2111 2431 in
2141 2378 2373 2447 quodam
2412 2379 2554 2433 lecto
2599 2378 2946 2438 accumbens,
2979 2373 3191 2428 remisit
3219 2369 3439 2439 quidem

1881 2466 2067 2535 pedes,
2093 2465 2272 2519 emisit
2317 2476 2498 2520 autem
2538 2464 2751 2519 beatam
2798 2477 3010 2535 quoque
3055 2459 3314 2521 animam,
3348 2456 3439 2510 lae-

1884 2557 2120 2610 tantibus
2172 2556 2345 2611 laetam
2379 2570 2496 2609 cam
2552 2555 2769 2609 tradens
2813 2553 3044 2622 angelis;
3082 2551 3441 2618 manibusque

1880 2647 2105 2711 sanctis,
2145 2656 2201 2701 ut
2250 2663 2345 2715 par
2402 2656 2539 2712 erat,
2575 2645 2859 2701 mandatus
2902 2644 3214 2714 sepulturae,
3248 2640 3443 2694 transit

1880 2738 1947 2791 ad
1976 2738 2159 2801 vitam,
2191 2754 2310 2807 quae
2338 2754 2612 2807 nunquam
2637 2738 2855 2793 desiuit.
2902 2737 3021 2803 Quo
3050 2737 3100 2790 in
3136 2736 3256 2789 loco
3287 2731 3445 2787 aulu-

1880 2829 1956 2900 git
1982 2828 2157 2891 dolor,
2182 2828 2433 2885 molestia
2457 2841 2512 2883 et
2539 2830 2792 2900 gemitus.
2826 2828 2945 2893 Quo
2978 2829 3031 2881 in
3056 2829 3173 2881 loco
3204 2826 3340 2879 facie
3375 2823 3443 2877 ad

1881 2920 2075 2975 faciem
2106 2920 2195 2983 iis,
2221 2920 2310 2990 qui
2351 2930 2478 2976 sunt
2530 2920 2734 2973 mundo
2778 2917 2961 2984 corde,
2988 2916 3230 2972 cernitur
3259 2914 3444 2969 divina

1882 3012 2138 3067 Trinitas.
2169 3012 2286 3079 Quo
2325 3016 2376 3068 iu
2400 3014 2521 3070 loco
2551 3022 2634 3069 est
2656 3012 2840 3067 laetitia
2858 3021 2913 3066 et
2943 3007 3231 3066 exsultatio
3259 3004 3447 3061 inell‘a-

1880 3106 2025 3161 bilis.
2061 3106 2180 3172 Quo
2211 3109 2262 3161 in
2292 3108 2411 3162 loco
2441 3117 2525 3161 cst
2551 3108 2849 3162 consolatio
2880 3112 2935 3160 et
2968 3105 3183 3173 requies
3231 3101 3316 3165 iis,
3350 3098 3444 3167 qui

1884 3196 1937 3251 in
1994 3198 2221 3267 pulchra
2265 3198 2601 3253 sudaverunt
2644 3197 2822 3263 vinea,
2854 3206 2909 3251 et
2941 3194 3170 3266 ingressi
3205 3199 3333 3248 sunt
3365 3191 3445 3243 la-

212 3305 361 3342 σασι.
384 3291 532 3363 Πλὴν
564 3293 699 3347 ἀλλὰ
733 3265 985 3348 τοιοῦτον.
1006 3265 1105 3364 μ’ἐν
1130 3296 1252 3366 ἔσχε
1283 3265 1634 3368 λίαρίτωνμτὸ
1678 3303 1775 3370 τῆς

1885 3265 2162 3343 ὺονίήοευπι
2196 3299 2249 3344 et
2284 3305 2535 3360 asperum
2588 3291 2690 3345 iter
2720 3288 2957 3344 virtutis.
2990 3265 3098 3343 Sed
3140 3286 3299 3340 talem
3329 3281 3447 3353 qui—

209 3382 358 3451 ζωῆς
381 3384 554 3449 τέλος,
586 3385 684 3438 οὐκ
741 3386 933 3455 ἄδηλον
981 3386 1058 3453 δὲ,
1099 3387 1219 3441 οὐδὲ
1260 3388 1363 3460 πρὸ
1399 3389 1492 3442 τοῦ
1547 3390 1775 3445 Θανάτου

210 3474 382 3543 μηδὲν
411 3477 538 3545 περὶ
561 3475 751 3529 τούτου
791 3479 1060 3549 προγνούς
1078 3481 1252 3535 τεκαὶ
1274 3480 1773 3555 προφθεγξάμενος,

206 3566 401 3635 ὥσπερ
431 3568 531 3639 ήδη
582 3572 675 3624 καὶ
710 3570 1015 3641 φθάσαντες
1045 3573 1426 3645 ἐγνωρίσαμεν
1452 3589 1465 3605 °
1494 3575 1629 3629 ἀλλὰ
1680 3579 1777 3631 καὶ

210 3661 341 3729 περὶ
367 3661 557 3724 αὐτοῦ,
606 3664 697 3713 καὶ
737 3662 833 3713 τοῦ
873 3662 1161 3730 μέλλοντος
1211 3665 1566 3735 ἐκταράττειν
1614 3668 1774 3721 σάλου

206 3752 310 3812 τὰς
331 3750 626 3819 ἐκκλησίας
651 3754 988 3824 προμυηθεὶς
1011 3756 1403 3827 ἀκριϐέστατα.

280 3840 397 3909 ις’.
422 3844 562 3897 Ὅσα
594 3844 794 3909 τοίνυν,
830 3848 1125 3918 ἀγαπητοὶ,
1148 3848 1255 3900 τῶν
1283 3849 1493 3903 ἐκείνου
1526 3848 1775 3919 πράξεων

208 3937 305 3989 καὶ
346 3935 661 4007 θαυμάτων,
727 3937 919 4004 χρόνον
954 3954 1012 3989 τε
1054 3942 1148 3990 καὶ
1192 3939 1362 4010 λήθην
1395 3942 1634 4011 ἠδυνήθη
1664 3943 1748 3994 δια

207 4030 423 4095 φυγεῖν,
455 4026 626 4079 ταῦτα
671 4028 981 4095 φιλοκάλοις
1030 4030 1183 4101 ὑμῶν
1230 4031 1419 4094 ἀκοαῖς
1469 4033 1773 4103 παραδεδὼι

208 4135 409 4186 καμεν.
444 4118 579 4171 Οὐδὲ
614 4119 721 4191 γάρ
760 4121 940 4189 ὀλίγον
970 4123 1029 4176 τὸ
1082 4122 1286 4193 μεταξὺ
1348 4123 1448 4194 τῆς
1500 4124 1774 4197 Αὐρηλια-

210 4207 306 4262 νοῦ
342 4209 621 4279 βασιλείας
686 4211 782 4265 καὶ
828 4215 991 4283 μέχρι
1032 4215 1274 4285 τήμερον
1324 4215 1417 4269 τοῦ
1450 4217 1642 4287 χρόνου
1666 4217 1778 4273 διάο

211 4318 419 4372 στημα.
465 4302 619 4356 Ἐπεὶ
677 4306 769 4357 καὶ
825 4306 958 4375 παρ’
1003 4307 1216 4371 οὐδενὸς
1261 4309 1411 4377 οῆδὲν
1483 4311 1774 4380 ἐγγράφως

209 4394 574 4463 καταλειφθὲν
606 4397 765 4464 ἡμεῖς
803 4397 1210 4467 παρελάϐομεν,
1244 4400 1308 4451 ἐκ
1359 4399 1453 4451 τοῦ
1487 4402 1773 4466 σπανίζειν

206 4486 303 4537 τὸν
349 4486 468 4537 τότε
509 4487 718 4554 χρόνον,
744 4486 803 4537 οὐ
835 4487 1085 4557 μοναχῶν
1140 4491 1322 4559 μόνον,
1346 4488 1479 4542 ἀλλὰ
1514 4492 1608 4544 καὶ
1640 4494 1773 4565 Χρι-

212 4578 446 4671 στιανῷν
494 4578 681 4643 ἁπλῶς
739 4581 833 4634 καὶ
882 4581 961 4652 τῷ
1025 4584 1165 4650 φωτὶ
1213 4586 1629 4653 σημειωθέντων
1677 4589 1775 4658 τῆς
1808 4617 1851 4671 D

210 4669 585 4735 ἐπιγνώσεως,
628 4672 763 4738 πρὸς
784 4671 839 4723 δὲ
866 4674 959 4723 καὶ
994 4673 1172 4724 αὐτῶν
1199 4675 1308 4725 τῶν
1334 4675 1505 4728 ὄντων
1554 4678 1776 4731 κλονου-

215 4758 394 4826 μένων
425 4758 766 4830 καθεκάστην
796 4763 907 4824 τοῖς
946 4761 1239 4831 διωγμοῖς.
1288 4762 1506 4817 Ἐκεῖνα
1536 4765 1593 4818 δέ
1614 4766 1774 4831 εἰσιν,

211 4845 289 4904 ὧν
331 4856 494 4923 ἡμεῖς
556 4852 793 4908 ἐνταῦθα
842 4855 940 4925 τὴν
1002 4856 1224 4927 μνήμην
1279 4857 1682 4928 ἐποιησάμεθα,
1744 4858 1780 4913 ἃ

215 4945 488 5010 θεοφιλεῖς
516 4946 708 5015 ἄνδρες
756 4948 847 4999 καὶ
875 4948 1214 5019 φιλαλήθεις,
1258 4955 1386 5013 παῖς
1408 4952 1556 5022 παρὰ
1576 4955 1779 5025 πατρὸς

214 5037 431 5103 παραλα
441 5035 680 5105 μϐάνων,
696 5040 1009 5108 σωματικοῦ
1024 5057 1104 5107 τε,
1123 5042 1286 5111 φημὶ,
1302 5043 1396 5097 καὶ
1412 5042 1779 5113 πνευματικιῦ

217 5126 385 5197 μέχρι
423 5128 540 5181 ’καὶ
600 5128 756 5199 ἡμῶν
819 5128 1166 5185 διεσώσαντο⁶
1222 5134 1303 5196 εἰς
1364 5133 1521 5199 δόξαν
1572 5135 1781 5204 Πατρδς

216 5218 311 5271 καὶ
338 5218 465 5271 Υίοῦ
495 5222 586 5274 καὶ
622 5222 773 5289 ἁγίου
816 5223 1146 5291 Πνεύματος,
1174 5223 1271 5294 τῆς
1298 5226 1425 5290 μιᾶς
1463 5225 1552 5277 καὶ
1583 5227 1779 5295 ὁμοον-

217 5315 334 5367 σίου
382 5314 665 5382 Θεότητος,
783 5313 983 5382 πρέπει
1025 5316 1173 5368 πᾶσα
1214 5314 1369 5382 δόξα,
1423 5319 1560 5389 τιμή
1594 5335 1653 5370 τε
1690 5320 1780 5371 καὶ

217 5407 587 5473 προσκύνησις
631 5404 725 5457 νῦν
752 5406 843 5458 καὶ
878 5404 962 5457 ἀεὶ
996 5406 1091 5458 καὶ
1118 5408 1195 5470 είς
1234 5410 1355 5471 τοὺς
1394 5408 1777 5479 ἀτελευτήτους

220 5493 414 5563 αἰῶνας
439 5497 546 5553 τῶν
599 5496 822 5557 αἰώνων.
866 5497 1054 5570 Ἀμήν.

1884 3377 2006 3431 dem
2058 3379 2247 3433 habuit
2310 3382 2430 3433 vitae
2467 3382 2669 3435 exitum
2717 3380 2998 3443 Chariton,
3024 3392 3132 3431 non
3179 3376 3269 3445 qui
3320 3385 3445 3429 ante

1883 3480 2115 3525 mortem
2156 3471 2288 3526 nihil
2341 3472 2721 3543 praescivisset,
2764 3481 2862 3526 aut
2912 3470 3266 3541 praedixisset,
3303 3467 3445 3521 sicut

1883 3564 2037 3632 prius
2075 3565 2313 3620 diximus
2355 3585 2367 3620 :
2399 3568 2495 3621 sed
2537 3568 2602 3622 de
2632 3582 2717 3632 ea,
2747 3575 2801 3621 et
2844 3565 2911 3619 de
2952 3573 3292 3633 tempestate,
3325 3575 3445 3630 quae

1882 3663 1999 3706 erat
2031 3666 2285 3710 vexatura
2315 3657 2606 3725 Ecclesias,
2633 3655 3037 3714 accuratissime
3065 3653 3445 3726 signiﬁcasset.

1951 3850 2091 3907 XVI.
2120 3850 2469 3925 Quaecunque
2510 3868 2663 3925 ergo,
2695 3867 2727 3907 ο
2756 3851 2963 3916 dilecti,
2996 3867 3060 3906 ex
3103 3850 3249 3905 illius
3291 3847 3448 3903 factis

1883 3951 1937 3996 ct
1973 3944 2267 4007 miraculis,
2300 3955 2511 4016 tempus
2539 3955 2595 4001 et
2627 3945 2952 4000 oblivionem
2983 3948 3277 4015 potuerunt
3310 3940 3448 3996 ellu-

1882 4048 2028 4102 gere,
2065 4049 2125 4086 ea
2156 4036 2413 4089 studiosis
2446 4036 2638 4089 vestris
2686 4037 2910 4090 auribus
2957 4034 3297 4089 tradidimus.
3342 4029 3448 4085 Ne—

1880 4139 1987 4195 que
2049 4126 2196 4180 enim
2246 4126 2591 4183 intervallum
2647 4127 2916 4183 modicum
2970 4126 3110 4181 inter
3164 4113 3445 4179 Aureliani

1884 4218 2169 4287 imperium
2228 4228 2282 4274 et
2326 4220 2429 4274 hoc
2478 4229 2691 4290 tempus
2743 4220 3049 4275 intercedit.
3086 4217 3195 4272 Nos
3236 4217 3380 4272 enim
3413 4231 3444 4270 a

1882 4310 2031 4363 nullo
2072 4310 2290 4379 scriptis
2332 4312 2625 4381 quidquam
2674 4311 2986 4364 mandatum
3034 4310 3345 4379 accepimus
3379 4324 3444 4362 ex

1882 4401 2004 4465 hoc,
2038 4402 2183 4472 quod
2214 4417 2279 4456 eo
2313 4412 2557 4472 tempore
2587 4412 2773 4457 essent
2805 4402 2956 4471 pauci
2984 4416 3093 4456 non
3121 4401 3295 4456 solum
3323 4414 3442 4453 mo-

1880 4494 2065 4557 nachi,
2098 4494 2192 4549 sed
2223 4495 2384 4548 etiam
2429 4496 2654 4550 omnino
2697 4495 3015 4561 Christiani,
3046 4504 3099 4549 et
3132 4492 3224 4563 qui
3256 4498 3443 4548 essent

1880 4589 2074 4659 signati
2116 4589 2235 4642 luce
2280 4589 2608 4658 cognitionis
2641 4605 2654 4638 :
2688 4586 2722 4639 ii
2757 4596 2959 4651 autem,
2991 4585 3081 4653 qui
3119 4592 3294 4648 erant,
3329 4582 3439 4651 agi-

1879 4682 2133 4733 tabantur
2186 4677 2516 4747 quotidianis
2562 4674 3057 4748 persemtionibns.
3112 4673 3209 4727 Illa
3258 4678 3440 4725 autem

1879 4780 2026 4835 sunt,
2059 4784 2287 4840 quorum
2326 4768 2415 4824 hic
2440 4769 2667 4824 fecimus
2702 4768 3058 4831 mentionem,
3090 4780 3207 4836 quae
3242 4762 3341 4817 viri
3367 4762 3441 4831 pii

1880 4875 1935 4919 et
1958 4864 2196 4919 veritatis
2238 4872 2532 4927 amatores,
2570 4862 2713 4916 (ilius
2745 4876 2774 4915 a
2817 4868 2970 4931 patre
2998 4856 3293 4929 accipiens,
3321 4868 3441 4910 cor-

1880 4955 2074 5025 porali,
2104 4954 2344 5021 inquam,
2369 4964 2426 5008 et
2461 4952 2711 5022 spiritali,
2741 4958 3135 5006 conservarunt
3161 4946 3226 5000 ad
3254 4953 3437 4999 nostra

1882 5060 2050 5114 usque
2074 5054 2318 5114 tempora
2354 5061 2369 5098 :
2414 5044 2480 5098 ad
2507 5043 2732 5115 gloriam
2768 5042 2963 5106 Patris,
2996 5050 3052 5096 et
3085 5039 3207 5093 Filii
3236 5034 3437 5106 etSpi-

1880 5137 2016 5193 ritus
2041 5139 2238 5201 sancti,
2270 5139 2431 5192 unius
2459 5146 2513 5190 et
2539 5136 2782 5206 ejusdem
2813 5132 3060 5188 essentia:
3088 5126 3394 5184 Divinitatis
3420 5141 3436 5179 :

1878 5243 2040 5297 quam
2070 5228 2227 5283 decet
2254 5230 2432 5280 omnis
2463 5227 2648 5294 gloria,
2688 5226 2878 5289 honor,
2907 5232 2960 5279 et
2993 5218 3235 5277 adoratio
3267 5228 3435 5281 nunc,

1878 5329 1933 5376 et
1973 5324 2025 5375 in
2059 5321 2251 5376 saecula
2282 5319 2624 5375 saeculorum.
2657 5316 2850 5374 Amen.
