4148 6468
810 400 915 462 9οἾ

2041 406 2323 467 MENSIS
2361 408 2649 469 SEPTEM
2664 411 2830 473 BER.

3955 419 4051 481 968

806 516 874 571 ab
899 529 963 569 eo
1004 512 1172 568 fuisse
1212 512 1409 567 factam
1466 513 1560 569 Dei
1643 515 1927 572 ecclesiam
1962 535 1977 573 ι
2026 520 2352 589 quemadmo

2487 519 2724 588 ἔμπαλιν
2778 524 3169 595 πεπραγμένον
3218 525 3373 578 ἐστί·
3413 526 3474 580 τὸ
3517 529 3628 598 γὰρ
3682 528 3797 583 τῶν
3853 528 4063 601 λῃστῶν

805 607 934 662 dum
962 614 1173 671 autem,
1206 606 1467 678 deinceps
1497 609 1875 666 ostendemus.

878 869 991 927 νη.
1032 868 1112 924 11ιὶ
1136 875 1320 922 autem
1346 863 1623 929 scelerati,
1672 878 1797 918 cum
1830 871 2077 917 sanctum
2117 862 2369 932 reliquis-

802 974 933 1019 sent
966 962 1212 1019 vinetum
1251 960 1304 1014 in
1363 958 1506 1012 dicta
1561 956 1840 1026 spelunca,
1881 957 1989 1011 huc
2034 965 2088 1009 et
2130 957 2276 1020 illuc,
2312 966 2371 1011 ut

802 1056 886 1110 eis
920 1068 1042 1108 mos
1069 1061 1208 1117 erat,
1241 1051 1357 1103 vias
1388 1049 1614 1103 obibant
1635 1047 1902 1117 publicas,
1954 1047 1998 1101 si
2031 1046 2169 1100 forte
2194 1046 2369 1101 viato-

808 1145 960 1201 ribus
1008 1142 1227 1197 solitum
1279 1140 1477 1194 all'erre
1524 1147 1747 1209 possent
1786 1138 2034 1191 exitium.
2066 1136 2159 1190 llle
2189 1146 2367 1191 autem

807 1237 1051 1306 primum
1088 1234 1308 1304 quidem
1352 1232 1492 1287 ludit
1542 1246 1752 1302 preces,
1778 1238 1832 1284 et
1861 1228 1973 1283 Deo
2008 1230 2116 1300 egit
2145 1229 2367 1300 gratias,

799 1327 1077 1382 molestias
1127 1326 1384 1379 lubenter
1445 1324 1749 1392 suscipiens
1795 1328 2016 1392 propter
2052 1336 2190 1388 eam,
2248 1337 2367 1391 qua:

800 1419 954 1473 illinc
1009 1426 1281 1486 speratur.
1335 1413 1828 1468 remunerationem
1885 1428 1899 1466 :
1949 1411 2146 1466 deinde
2203 1411 2367 1466 etiam

804 1506 1100 1575 malignum
1128 1504 1453 1565 dmmonem,
1499 1500 1589 1569 qui
1620 1499 1737 1553 llaec
1773 1499 2036 1554 adversus
2086 1515 2209 1553 eum
2253 1509 2368 1554 erat

800 1597 1165 1661 machinatus,
1199 1594 1277 1650 sic
1327 1594 1627 1648 fortissime
1673 1592 1973 1663 alloquitur
2029 1610 2044 1651 :
2088 1593 2367 1664 Tanquam

796 1686 887 1753 qui
920 1686 1120 1738 mortis
1153 1682 1457 1753 periculum
1496 1680 1874 1743 formidarem,
1924 1681 2085 1735 bisne
2136 1697 2220 1735 me
2255 1693 2369 1735 tra-

798 1777 986 1832 didisti
1027 1774 1337 1844 parricidis,
1385 1789 1417 1828 o
1445 1773 1671 1827 sceleste
1710 1789 1809 1826 :an
1841 1772 2240 1841 prohibiturus,
2298 1787 2368 1826 ne

792 1870 859 1925 ad
906 1868 1157 1923 ell‘ectum
1199 1882 1380 1922 meum
1416 1866 1595 1921 veniat
1628 1865 2002 1935 propositum?
2049 1864 2103 1918 Si
2127 1868 2352 1936 primum

2469 1884 2655 1952 μιαρὲ,
2679 1886 2711 1955 ἢ

793 1961 1038 2031 quidem,
1073 1969 1134 2013 ut
1164 1959 1257 2029 qui
1297 1956 1390 2011 Dei
1419 1957 1643 2028 gratiam
1677 1960 1874 2011 bonam
1918 1956 2147 2011 habeam
2178 1967 2360 2011 custo-

789 2051 950 2117 dem,
1011 2058 1246 2103 mortem
1290 2050 1513 2104 omnino
1561 2048 1805 2116 despicio
1846 2065 1859 2100 :
1905 2048 1987 2100 sin
2037 2057 2239 2108 autem,
2301 2056 2361 2101 ut

789 2157 877 2197 me
912 2142 1202 2211 prohibeas
1234 2154 1264 2193 a
1313 2154 1435 2195 meo
1477 2155 1543 2194 ex
1571 2138 1787 2193 Christo
1816 2139 2030 2193 vivendi
2059 2138 2352 2204 desiderio,

792 2232 931 2288 nihil
964 2232 1187 2286 omnino
1214 2230 1434 2296 elﬁcies,
1467 2230 1512 2286 si
1558 2231 1673 2301 ipse
1706 2231 1833 2285 velit
1867 2248 1881 2285 :
1912 2231 2026 2286 vult
2071 2246 2199 2285 vero
2240 2246 2358 2285 om-

788 2323 947 2388 nino,
980 2324 1235 2392 quoniam
1264 2323 1459 2394 gaudet
1489 2324 1611 2378 vita:
1640 2333 1695 2377 et
1726 2325 1919 2377 anima:
1943 2324 2129 2377 videns
2166 2339 2358 2393 purga-

789 2416 1019 2480 tionem,
1058 2424 1224 2484 utque
1277 2415 1471 2470 habeat
1500 2414 1865 2478 occasionem,
1896 2429 2019 2469 cum
2063 2415 2133 2469 sit
2160 2414 2355 2479 bonus,

785 2505 927 2561 bona
950 2505 1226 2576 praebendi
1277 2506 1366 2570 iis,
1393 2507 1484 2577 qui
1525 2516 1655 2561 sunt
1710 2506 1936 2561 studiosi
1968 2506 2203 2560 virtutis.
2251 2505 2356 2561 Sed

786 2612 913 2652 cum
952 2597 1071 2652 haec
1099 2598 1318 2667 quidem
1358 2598 1436 2652 sic
1490 2598 1557 2653 ab
1603 2612 1668 2652 eo
1723 2597 2057 2663 dicerentur,
2086 2600 2274 2669 vipera
2302 2600 2356 2653 in

786 2709 885 2749 vas
918 2693 1192 2763 quoddam
1231 2708 1579 2764 proserpens,
1621 2694 1762 2763 quod
1794 2704 1911 2749 erat
1948 2694 2075 2750 vino
2112 2696 2352 2765 plenum,

788 2788 1010 2857 impleta
1045 2797 1132 2842 est
1159 2801 1330 2856 usque
1355 2786 1419 2839 ad
1443 2786 1749 2841 satietatem
1780 2802 1793 2838 :
1828 2787 2021 2840 deinde
2042 2802 2150 2841 non
2175 2803 2355 2850 secus.

781 2888 949 2950 atque
978 2878 1106 2933 mali
1145 2879 1414 2945 homines,
1446 2893 1545 2948 pro
1572 2877 1838 2932 beneﬁcio
1868 2878 2067 2933 malum
2102 2878 2354 2945 reddens,

786 2981 842 3026 et
874 2980 1059 3041 potum
1104 2980 1316 3022 veneno
1364 2981 1746 3031 remunerans,
1801 2967 2044 3022 recessit.
2094 2966 2354 3026 Latrones

781 3071 963 3117 autem
997 3074 1122 3113 cum
1151 3058 1367 3113 domum
1391 3056 1695 3122 rediissem,
1720 3065 1780 3111 ut
1804 3058 1892 3127 qui
1919 3058 2003 3113 siti
2028 3059 2349 3130 laborarent,

2472 615 2624 667 τουτὶ
2647 614 2910 684 σπήλαιον
2940 617 3237 688 ἐκκλησίαν
3265 617 3397 671 Θεοῦ
3424 620 3552 689 παρ’
3575 622 3741 676 αὑτοῦ
3771 625 4062 693 γενόμενον

2470 703 2629 770 ὄψει’
2681 709 2824 771 ὅπως
2874 708 2932 761 δὲ
2992 711 3085 762 καὶ
3132 711 3256 763 τίνα
3313 708 3403 762 τὸν
3443 713 3759 781 τρόποι),τά
3794 717 3929 787 ἑξῆς
3975 719 4057 771 τοῦ

2470 794 2626 863 λόγου
2653 796 2882 866 δηλώσει
2920 802 3126 869 σαφῶς.

2539 885 2611 941 Z'.
2651 889 2880 941 Ἐκεῖνοι
2908 890 3006 959 μὲν
3035 889 3147 956 οὖν,
3170 893 3360 965 ὥσπερ
3390 896 3629 965 ἔφημεν,
3654 898 3707 949 οἱ
3733 898 4058 967 ἀλάστορες,

2469 976 2692 1045 δέσμιον
2726 980 2783 1030 ἐν
2809 979 2885 1049 τῷ
2923 980 3219 1051 δηλωθέντι
3250 986 3347 1055 ἤδη
3379 990 3631 1057 σπηλαίῳ
3658 992 4057 1057 καταλιπόντες

2469 1066 2561 1119 τὸν
2588 1067 2766 1135 ἅγιον,
2794 1072 2891 1123 καὶ
2922 1066 3022 1124 ὧδε
3056 1076 3189 1143 περὶ
3214 1076 3310 1139 τὰς
3337 1078 3671 1147 λεωφόρους,
3701 1082 3780 1144 ὡς
3818 1083 3941 1144 ἔθος
3965 1087 4055 1136 αύ-

2469 1162 2581 1222 τοῖς
2600 1200 2615 1224 ,
2648 1163 2971 1232 περιῄεσαν,
3010 1166 3063 1216 εί
3093 1185 3191 1219 που
3211 1170 3305 1222 καὶ
3335 1170 3513 1233 ἄλλοις
3542 1174 3650 1226 τῶν
3675 1175 3983 1246 ὁδοιπόρων
4003 1179 4057 1230 τὸ

2471 1246 2697 1317 σύνηθες
2722 1251 2876 1303 αὐτοὶ
2900 1254 3068 1306 κακὸν
3099 1254 3335 1311 ἔσονται.
3394 1261 3433 1312 Ο
3461 1260 3514 1312 δὲ
3550 1262 3749 1330 πρῶτα
3813 1266 3919 1333 μὲν
3970 1269 4049 1320 εὖ·

2469 1337 2569 1407 χὰς
2623 1340 2875 1393 ἀπεδίδου
2950 1343 3044 1396 καὶ
3096 1346 3366 1417 ὡμολόγει
3414 1350 3532 1420 Θεῷ
3582 1354 3845 1422 χάριτας,
3891 1358 4053 1425 ἡδέως

2469 1429 2757 1498 ὑπομένων
2794 1433 2859 1484 τὰ
2887 1432 3127 1504 λυπηρά,
3154 1437 3242 1489 διὰ
3284 1438 3382 1510 τὴν
3424 1441 3631 1495 ἐκεῖθεν
3684 1443 4051 1518 ἐλπιζομένην

2468 1522 2739 1578 ἀντίδοσιν
2765 1541 2778 1555 ⁸
2814 1526 3009 1582 ἔπειτα
3036 1532 3128 1583 καὶ
3155 1532 3232 1601 τῷ
3266 1536 3490 1589 τοιαῦτα
3511 1542 3916 1612 τεχνασαμένῳ
3936 1546 4052 1596 κατ’

2469 1610 2633 1662 αὐτοῦ
2661 1613 2883 1683 πονηρῷ
2913 1618 3126 1686 δαίμονι
3152 1622 3353 1674 οὑτωσί
3388 1640 3505 1684 πως
3543 1610 3932 1696 ἀνδρικώτατα
3952 1634 4052 1685 διε-

2471 1697 2663 1767 λέγετο
2686 1717 2699 1732 °
2745 1704 2833 1768 Ὠς
2887 1708 3171 1764 δειλιῶντά
3210 1730 3276 1782 με
3313 1714 3409 1784 τὴν
3443 1714 3536 1768 τοῦ
3580 1717 3827 1773 θανάτου
3864 1728 4050 1793 πεῖραν

2469 1794 2581 1854 τοῖς
2641 1795 2988 1865 ἀνδροφόνοις
3046 1803 3254 1866 τούτοις
3329 1805 3508 1876 φέρων
3592 1812 3954 1880 παρέδωκας,
4011 1810 4052 1867 ὦ

2848 1889 2945 1959 τὴν
2971 1892 3108 1961 ἐμὴν
3148 1895 3411 1949 κωλύσων
3441 1900 3519 1962 εξς
3550 1900 3714 1970 ἔργον
3766 1906 4049 1973 προελθεῖν

2465 1974 2724 2042 πρόθεσιν
2762 1995 2775 2042 ;
2807 1979 2867 2032 El
2906 1981 3008 2051 μὲν
3047 1979 3140 2038 οὖν
3170 1986 3232 2039 τὸ
3267 1990 3482 2056 πρῶτον
3512 1994 3650 2046 αὑτά
3682 2011 3744 2047 σε
3776 1998 3955 2050 πείθει
3987 2002 4046 2052 τὰ

2466 2066 2765 2134 πράγματα
2809 2069 2881 2133 ῶς
2918 2072 3028 2139 ἐγὼ
3075 2076 3175 2144 τὴν
3233 2078 3325 2128 τοῦ
3382 2080 3516 2132 Θεοῦ
3579 2084 3777 2153 χάριν,
3839 2090 4044 2159 ἀγαθὴν

2464 2154 2603 2224 ἔχων
2628 2162 2884 2231 φρουρὸν,
2911 2166 3108 2228 παντὸς
3135 2166 3369 2221 θανάτου
3402 2177 3737 2243 καταφρονῶ
3760 2194 3774 2206 ·
3814 2184 3867 2231 εἰ
3894 2182 3948 2232 δὲ
3991 2185 4044 2234 τὸ

2463 2252 2705 2306 κωλῦσαί
2740 2274 2806 2325 με
2837 2257 2937 2325 τῆς
2967 2260 3266 2329 ἐπιθυμίας
3294 2262 3386 2316 τοῦ
3412 2264 3573 2334 ζῆσαι
3600 2270 3747 2321 κατά
3769 2269 4039 2340 Χριστὸν,

2463 2342 2683 2407 ἀνύσεις
2719 2347 2779 2398 τὸ
2833 2349 3096 2419 παράπαν
3130 2353 3281 2406 οὐδὲν
3312 2355 3476 2409 αὐτοῦ
3510 2357 3853 2430 βουλομένου
3882 2378 3899 2394 ο
3928 2362 4043 2433 βοί-

2462 2432 2612 2487 λεται
2650 2435 2704 2488 δὲ
2748 2437 2998 2504 πάντωςο
3037 2444 3161 2497 ἐπεὶ
3191 2445 3286 2499 καὶ
3342 2448 3545 2519 χαίρει,
3569 2449 3691 2517 βίου
3727 2454 3826 2504 καὶ
3870 2432 4041 2522 ψυχῆς

2460 2524 2601 2598 ὁρῶν
2636 2528 2924 2601 κάθαρσιν,
2953 2534 3020 2587 ἵν’
3051 2535 3161 2606 ἔχοι
3190 2539 3487 2609 πρόφασιν,
3514 2542 3724 2609 ἀγαθὸς
3748 2543 3829 2594 ῶν
3865 2545 4037 2610 ἀγαθὲ

2460 2618 2725 2688 παρέχειν
2770 2624 2885 2684 τοῖς
2919 2623 3253 2693 φιλαρέτοις.
3323 2627 3485 2680 Ἀλλὰ
3536 2629 3748 2682 τούτων
3777 2627 3887 2683 ὦδε
3919 2631 4040 2701 παρ’

2458 2710 2620 2762 αὑτοῦ
2653 2710 2989 2781 λεγομένων,
3040 2716 3178 2785 ἔχις,
3202 2717 3310 2770 τῶν
3335 2720 3543 2773 σκευῶν
3582 2738 3687 2774 τινι
3731 2724 4040 2793 προσερπύ-

2462 2818 2621 2867 σασα,
2646 2804 2781 2874 ὅπερ
2810 2804 2952 2858 οἴνου
2986 2808 3185 2876 μεστὸν
3215 2806 3303 2881 ἢν,
3336 2814 3428 2863 καὶ
3452 2812 3532 2876 είς
3576 2813 3742 2884 κόρον
3789 2818 4038 2886 ἐμφορη-

2460 2892 2651 2945 θεῖσα·
2709 2889 2830 2947 εἶτα
2884 2899 3026 2951 κατὰ
3063 2900 3188 2964 τοὺς
3227 2906 3496 2973 πονηροῖς
3546 2906 3654 2976 τῶν
3708 2907 4036 2976 ἀνθρώπων,

2458 2984 2612 3055 κακῷ
2640 2984 2738 3055 τὴν
2762 2988 3080 3058 εὐεργεσίαν
3109 2994 3467 3067 ἀμειϐομένη,
3502 2998 3596 3047 καὶ
3632 2997 3711 3047 ίὸν
3736 2998 4035 3051 ἀντιδοῦσα

2456 3076 2556 3146 τῆς
2584 3078 2818 3143 πόσεως,
2847 3083 3243 3152 ἀπηλλάττετο,
3268 3087 3330 3137 Ol
3358 3087 3550 3154 λῃσταὶ
3591 3086 3647 3137 δὲ
3682 3088 3829 3139 οἴκοι
3874 3106 4037 3141 κατα-

782 3168 995 3209 merum
1026 3151 1246 3222 quidem
1281 3149 1462 3206 statim
1497 3150 1779 3217 hauriunt,
1815 3159 1868 3206 et
1897 3152 2057 3207 simul
2106 3155 2350 3210 moriun-

2456 3166 2732 3231 λαϐόντες,
2749 3172 2845 3222 ἆτε
2868 3172 3009 3242 δίψει
3032 3175 3478 3244 κατειλημμένοι,
3503 3176 3681 3228 σπῶσι
3712 3177 3814 3246 μὲν
3838 3180 4034 3243 εὐθέως

781 3253 873 3299 tur
907 3262 922 3297 :
962 3252 1018 3297 ct
1048 3243 1129 3296 sic
1167 3241 1293 3294 mali
1336 3256 1363 3293 a
1397 3240 1539 3294 malo
1572 3244 1894 3309 puniuntur,
1925 3252 1980 3296 et
2020 3258 2118 3311 pro
2168 3245 2354 3298 multis

782 3331 986 3401 injuria
1049 3329 1264 3385 allectis
1316 3328 1496 3384 divina
1524 3328 1731 3397 iustitia
1761 3328 1828 3384 de
1856 3329 1924 3384 iis
1948 3330 2168 3387 meritas
2188 3333 2354 3387 sumit

779 3440 991 3495 pinnas.
1061 3423 1270 3479 Dehinc
1324 3422 1780 3477 exsecrandorum
1825 3423 2038 3478 illorum
2081 3425 2351 3481 latronum

780 3514 1180 3577 habitaculum,
1208 3514 1352 3568 sicut
1382 3529 1502 3567 sum
1553 3514 1825 3580 pollicitus
1855 3515 2038 3567 dicere
2062 3553 2075 3578 ,
2118 3517 2176 3568 fit
2223 3532 2349 3570 san-

781 3615 928 3661 ctum
955 3602 1044 3657 Dci
1086 3602 1367 3673 templum,
1389 3604 1529 3672 quod
1545 3617 1689 3656 nunc
1704 3612 1923 3657 vocatur
1934 3604 2163 3675 Antiqua
2180 3606 2352 3661 eccle-

780 3698 1066 3762 sia,etsita
1101 3706 1360 3767 estprope
1385 3695 1776 3752 sanctissimam
1793 3696 2043 3762 Lauram,
2071 3714 2187 3767 quae
2212 3700 2349 3753 Pba-

781 3806 875 3844 rus
897 3788 1115 3852 dicitur,
1144 3788 1358 3841 condita
1399 3787 1465 3839 ab
1489 3786 1593 3840 hoc
1625 3802 1819 3856 magno
1837 3786 2128 3842 Charitone
2160 3806 2174 3843 :
2229 3792 2348 3845 ride

780 3891 963 3937 autem
1032 3881 1148 3938 haec
1176 3894 1389 3949 quoque
1417 3894 1577 3949 quam
1622 3880 1900 3950 pulchram
1961 3891 2016 3936 et
2057 3882 2348 3938 admirabi-

777 3973 882 4029 lem
915 3976 1240 4029 invenerunt
1286 3972 1773 4038 dispensationem.
1808 3971 1947 4035 Quid
1997 3977 2144 4030 enim
2186 3976 2262 4041 tit,
2294 3986 2347 4031 et

778 4080 887 4135 quo
912 4081 1001 4120 res
1026 4066 1145 4134 ejus
1173 4061 1510 4133 procedunt?

849 4257 994 4317 Vlll.
1025 4260 1228 4331 Captus
1262 4261 1637 4331 improborum
1680 4264 1957 4328 manibus.
1983 4274 2042 4319 ut
2066 4267 2173 4337 jam
2215 4264 2341 4325 ante

787 4352 1154 4415 ostendimus,
1182 4367 1209 4406 a
1240 4354 1344 4418 via,
1375 4368 1493 4421 qua:
1520 4354 1772 4410 tendebat
1798 4354 2165 4429 Hierosolyma
2198 4362 2344 4416 utili-

778 4449 864 4494 ter
892 4450 1111 4495 arcetur
1156 4458 1170 4495 :
1219 4444 1389 4496 instar
1412 4443 1611 4513 captivi
1662 4445 1877 4498 ducitur
1904 4448 1957 4501 in
2003 4449 2336 4518 speluncam,

777 4531 1041 4586 adversus
1077 4533 1380 4603 parricidas
1411 4535 1570 4589 struit
1595 4536 1788 4599 aciem,
1836 4552 1944 4591 non
1984 4555 2190 4605 ensem,
2230 4558 2337 4596 non
2372 4522 2415 4580 ί)

775 4624 1044 4693 clypeum,
1139 4640 1247 4678 non
1347 4625 1532 4689 telum,
1584 4643 1689 4681 non
1769 4629 1948 4699 aliqua
2011 4631 2113 4685 alia
2192 4647 2339 4687 arma

778 4713 1042 4778 inferens,
1093 4714 1291 4784 quibus
1343 4731 1403 4772 se
1448 4727 1633 4786 posset
1685 4718 1868 4774 ulcisci
1922 4739 1934 4774 :
1986 4723 2080 4776 sed
2141 4726 2339 4778 sanctis

777 4805 1053 4875 precibus,
1085 4806 1223 4860 sicut
1265 4807 1393 4861 olim
1443 4808 1705 4865 adversus
1750 4812 2077 4867 Amalccilas
2143 4814 2335 4884 Muses,

776 4895 994 4948 etiamsi
1022 4910 1130 4948 non
1166 4898 1403 4951 extensis
1439 4900 1688 4957 manibus
1740 4903 1873 4971 (erat
1898 4908 2041 4959 enim
2076 4908 2333 4977 vinctus),

776 4987 872 5041 sed
900 5002 1021 5056 qua:
1056 4989 1271 5041 easdem
1300 4990 1566 5046 baberent
1600 4995 1762 5056 vires.
1794 5005 1849 5049 et
1877 5013 1940 5050 ex
1971 5015 2126 5067 aequo
2163 5002 2333 5055 audiri

777 5086 1024 5145 possent,
1059 5078 1223 5131 veluti
1251 5080 1575 5148 quibusdam
1615 5084 1735 5139 telis
1764 5086 2057 5143 sceleratos
2100 5090 2220 5144 ferit
2245 5108 2335 5146 ve-

774 5182 920 5222 neno
944 5167 1165 5237 viperae.
1204 5168 1404 5225 Deinde
1427 5173 1593 5240 quid?
1637 5176 1746 5230 Sua
1788 5188 1983 5247 sponte
2014 5182 2246 5235 solvitur
2269 5184 2335 5236 ab

777 5262 865 5325 iis,
894 5261 1089 5330 quibus
1130 5264 1432 5329 tenebatur,
1479 5266 1751 5322 vinculis:
1785 5270 1845 5323 ﬁt
1898 5281 2074 5327 autem
2122 5290 2334 5330 succes—

778 5368 871 5407 sor
910 5353 1179 5423 pecunia),
1212 5368 1329 5423 qua:
1385 5357 1527 5411 male
1561 5359 1785 5414 collecta
1827 5360 2025 5417 fuerat.
2078 5365 2149 5419 Ea
2207 5383 2334 5420 vero

776 5452 923 5497 recte
951 5443 1313 5511 distribuitur,
1364 5446 1532 5517 [itque
1588 5450 1703 5519 ipse
1747 5451 1915 5507 divini
1947 5456 2201 5524 przeccpti
2235 5460 2330 5510 ad-

774 5533 1041 5600 minister,
1079 5544 1137 5588 ut
1165 5538 1254 5605 qui
1288 5547 1493 5606 partem
1528 5541 1744 5609 quidem
1774 5546 2121 5613 pauperibus,
2154 5558 2206 5601 et
2249 5549 2330 5612 iis,

771 5624 864 5691 qui
925 5622 981 5677 in
1029 5627 1324 5685 solitudine
1364 5631 1615 5699 agebant,
1673 5634 1925 5691 Patribus
1970 5638 2329 5694 distribuerit.

773 5713 939 5767 Erant
974 5724 1153 5769 autem
1194 5720 1320 5773 tunc
1363 5720 1467 5773 rari
1529 5732 1582 5776 et
1640 5739 1748 5779 non
1783 5726 1934 5781 valde
1992 5744 2183 5799 magno
2235 5746 2334 5786 nu—

780 5818 980 5870 mero;
1034 5809 1125 5877 qui
1192 5809 1291 5879 ipsi
1338 5826 1555 5881 quoque
1609 5825 1852 5891 tempore
1909 5823 2325 5890 persecutionis,

2455 3255 2551 3308 τοῦ
2609 3259 2875 3329 ἀκράτου,
2929 3263 3228 3332 θνήσκουσι
3276 3265 3333 3317 δὲ
3390 3266 3568 3337 ὀμοῦο
3621 3270 3719 3320 καὶ
3777 3270 3956 3335 οὕτως
3990 3274 4033 3323 οί

2453 3350 2616 3402 κακοὶ¹
2649 3350 2728 3421 τῷ
2761 3353 2916 3425 κακῷ
2949 3357 3348 3427 τιμωροῦνται,
3386 3360 3478 3412 καὶ
3511 3359 3728 3413 πολλῶν
3762 3363 4032 3433 ἠδικημέ-

2453 3456 2558 3492 νων
2590 3442 2869 3511 ἐκδίκησιν
2903 3448 2936 3513 ὴ
2971 3447 3089 3497 θεία
3119 3449 3242 3514 δίκη
3292 3452 3450 3501 ποιεῖ.
3492 3452 3779 3505 Ἐντεῦθεν
3822 3460 3881 3507 τὸ
3930 3460 4033 3509 τῶν

2456 3532 2669 3602 μιαρῶν
2700 3534 2925 3587 ἐκείνων
2953 3534 3163 3607 λῃστῶν
3200 3537 3569 3607 καταγώγιον,
3594 3543 3735 3611 ὅπερ
3764 3547 4030 3614 ἐπηγγει-

2450 3625 2632 3696 λάμην
2667 3628 2862 3693 εἰπεῖν,
2891 3629 3019 3691 ναὸς
3050 3629 3182 3683 Θεοῦ
3220 3632 3375 3698 ἅγιος
3404 3632 3637 3698 γίνεται,
3660 3635 3721 3697 δς
3760 3639 3793 3705 ἠ
3827 3642 4027 3693 παλαιὰ

2451 3720 2545 3771 νῦν
2613 3719 2909 3788 Ἐκκλησία
2948 3724 3394 3791 κατονομάζεται,
3432 3724 3525 3777 καὶ
3586 3728 3725 3796 πρὸς
3746 3733 3813 3800 τῇ
3844 3732 4033 3798 εὐαγε.

2452 3810 2620 3881 στατῃ
2676 3811 2910 3884 Λαύρᾳ,
2964 3814 3028 3883 τῇ
3085 3812 3351 3887 λεγομένῃ
3407 3817 3604 3888 Φάρος,
3657 3819 4026 3894 διάκειται,ῆ

2448 3903 2554 3957 ὑπὸ
2586 3903 2681 3957 τοῦ
2724 3905 2968 3974 μεγάλου
3013 3906 3206 3960 τούτου
3266 3909 3583 3980 Χαρίτωνος
3630 3914 3733 3982 τὴν
3768 3916 4027 3972 σύστασιν

2446 3996 2626 4066 ἔσχεν.
2652 3996 2795 4068 Ὅρα
2822 3997 2878 4051 δὲ
2908 3999 2998 4051 καὶ
3029 3999 3224 4065 ταῦτα,
3250 4002 3367 4063 πῶς
3399 4003 3575 4071 καλὴν
3612 4000 3741 4072 εὗρε
3774 4012 3876 4066 καὶ
3900 4009 4025 4063 Bau-

2450 4088 2662 4155 μαστὴν
2688 4088 2788 4156 τὴν
2819 4092 3238 4157 οίκονομίαν.Τί
3272 4093 3380 4162 γὰρ
3407 4094 3617 4160 γίνεται
3652 4096 3752 4149 καὶ
3794 4100 3921 4153 ὅποι
3961 4104 4023 4156 τὰ

2447 4176 2567 4230 κατ’
2599 4178 2764 4231 αὑτὸν
2793 4177 3040 4248 πρόεισιν
3061 4197 3075 4246 ;

2515 4269 2596 4324 ιγ.
2625 4273 2775 4327 "illm
2806 4276 2922 4338 ταῖς
2955 4275 3181 4345 ἀνόμοις
3207 4276 3314 4331 τῶν
3344 4277 3673 4350 κακούργων
3710 4287 3927 4353 χερσὶν,
3952 4288 4021 4349 ὡς

2442 4365 2544 4433 ἥδη
2576 4364 2883 4432 φθάσαντες
2920 4367 3297 4438 ἐδηλώσαμεν,
3321 4372 3417 4440 τῆς
3440 4373 3534 4426 ἐπὶ
3557 4374 3624 4427 si
3664 4372 4018 4447 Ἱεροσόλυμα

2443 4455 2715 4525 φερούσης
2775 4456 3071 4523 λυσιτελῶς
3132 4462 3377 4532 εἴργεται
3444 4465 3793 4535 αἰχμαλώτου
3847 4469 4017 4541 δίκην,

2443 4548 2532 4599 ἐπί
2562 4549 2622 4601 τὸ
2656 4550 2925 4619 σπήλαιον
2956 4552 3169 4619 ἄγεται,
3197 4555 3619 4621 παρατάσσεται
3653 4562 3767 4622 τοῖς
3809 4566 4017 4631 μιαιφνὲσ

2441 4654 2547 4699 νοις
2570 4654 2583 4667 ⁸
2609 4638 2709 4691 οὐκ
2736 4641 2963 4707 αἰχμὴν,
2998 4642 3095 4692 ούκ
3120 4642 3343 4708 ἀσπίδα,
3388 4644 3449 4694 οὐ
3483 4644 3655 4711 βέλος,
3689 4650 3790 4718 οὐχ
3838 4652 4015 4722 ἕτερά,

2438 4747 2489 4782 τι
2538 4729 2646 4783 τῶν
2694 4729 3055 4800 ἀμυντηρίων
3107 4731 3450 4803 ἐπαγόμενος
3489 4736 3709 4791 ὅπλων
3741 4742 3932 4812 εὐχαῖς
3964 4747 4015 4797 δὲ

2443 4820 2649 4888 ἁγίαις,
2679 4822 2934 4893 καθάπερ
2971 4823 3113 4878 κατὰ
3168 4824 3277 4878 τῶν
3330 4827 3715 4898 Ἀμαληκιτῶν
3750 4834 4010 4906 Μωῦσῆς,

2441 4915 2488 4965 εἰ
2520 4913 2614 4965 καὶ
2655 4913 2729 4983 μὴ
2765 4914 2985 4967 ἐκτάσει
3014 4915 3211 4986 χειρῶν
3236 4910 3387 4983 οὗτος
3448 4919 3677 4987 (ἐδέδετο
3712 4924 3873 4994 γὰρ),
3906 4928 4011 4979 ἰσο-

2437 5004 2694 5075 δυνάμοις
2731 5004 2788 5057 δὲ
2816 5006 2909 5056 καὶ
2939 5007 2999 5057 τὸ
3035 5006 3265 5074 εύήκοον
3298 5007 3493 5077 ἐπίσης
3523 5011 3781 5079 ἐχούσαις
3834 5018 4009 5086 βάλλει

2438 5096 2561 5157 τοὺς
2594 5095 2976 5165 παλαμναίους
3024 5091 3135 5150 οἷόν
3175 5116 3285 5152 τισι
3320 5100 3499 5170 βέλεσι
3546 5104 3621 5172 τῷ
3652 5105 3756 5175 τῆς
3799 5112 4010 5183 ἐχίδνης

2441 5187 2522 5257 ἰῷ.
2547 5185 2680 5240 Εἶτα
2710 5187 2802 5256 τί;
2835 5188 2958 5241 Τῶν
3001 5185 3083 5253 οἷς
3124 5191 3223 5260 μὲν
3254 5193 3534 5263 ἐκρατεῖτο
3571 5195 3814 5267 δεσμῶν,
3863 5205 4012 5257 αύτο-

2440 5282 2623 5351 μάτως
2654 5278 2885 5335 λύεται·
2920 5282 3166 5353 διάδοχος
3211 5283 3267 5336 δὲ
3290 5283 3399 5337 τῶν
3434 5287 3619 5352 κακῶς
3654 5294 4013 5365 συνειλεγμέ-

2436 5388 2541 5423 νων
2569 5373 2869 5441 χρημάτων
2900 5373 3129 5439 γίνεται.
3167 5375 3457 5441 οἰκονομεί
3484 5377 3658 5432 ταῦτα
3705 5385 3895 5451 καλῶς
3922 5391 4007 5441 καὶ

2438 5459 2709 5529 ὑπουργὸς
2739 5459 2890 5521 θείας
2914 5461 3133 5531 ἐντολῆς
3161 5462 3459 5528 δείκνυται,
3483 5465 3599 5518 ἐνια
3632 5469 3735 5537 μὲν
3779 5479 4007 5546 πτωχοῖς

2437 5552 2529 5602 καὶ
2573 5554 2683 5614 τοῖς
2731 5553 2818 5603 ἐπ’
2884 5553 3119 5622 ἐρημίας
3173 5555 3348 5620 ἁγίοις
3396 5557 3681 5626 διανείμας
3740 5562 4005 5636 Πατνράσι.

2439 5642 2660 5694 Σπάνιοι
2693 5641 2748 5693 δὲ
2778 5635 2923 5696 οὗτοι
2974 5647 3065 5697 καὶ
3104 5644 3322 5716 ἀριθμῷ
3353 5645 3596 5716 βραχεῖς,
3626 5653 3723 5704 καὶ
3774 5635 3931 5712 abeat,
3956 5661 4005 5712 δὲ

2438 5736 2575 5785 κατά
2608 5734 2701 5795 τὰς
2725 5736 2819 5787 τθῦ
2851 5734 3092 5803 διωγμώ
3123 5736 3334 5807 ἡμέρας
3375 5738 3472 5808 τὴν
3499 5738 3707 5812 ἔρημον
3734 5745 3840 5817 τῆς
3871 5752 4007 5819 ἐνεγ-

2440 5825 2678 5894 καμένης
2732 5826 2903 5893 φειδοῖ
2961 5826 3068 5882 τῶν
3128 5828 3429 5883 διωκόντων
3488 5830 3763 5903 ἑλόμενοι,
3823 5838 3874 5893 οἳ
3923 5844 4005 5895 καὶ
