4148 6504
177 454 281 518 909

1416 449 1593 508 VlTA
1638 450 1697 509 S.
1730 445 2218 507 CHAHITONIS.

3338 454 3446 517 910

178 568 451 638 σποράδην
492 570 550 621 ἐν
582 568 691 630 τοῖς
718 565 811 620 τοῦ
842 565 1177 634 καλαμῶνος
1217 567 1496 637 διέτριϐον
1538 564 1763 635 σπηλαί·

1884 563 2072 631 patrize
2108 562 2469 631 prteferebant
2497 562 2871 628 solitudinem,
2905 574 2958 618 et
3004 566 3230 635 sparsim
3259 583 3444 622 versa-

174 680 274 721 οις,
297 660 458 728 ἐγγύς
502 678 601 712 που
641 660 740 727 τῆς
782 659 1005 728 Νεκρᾶς
1060 657 1339 727 Θαλάσσης
1399 657 1767 725 διακειμένου.

186 752 309 811 Τοῖς
344 751 398 802 δέ
451 766 511 816 γε
565 750 773 810 λοιποῖς
814 748 923 799 τῶν
981 747 1289 815 χρημάτων
1316 746 1416 815 τὴν
1475 746 1575 816 ἤδη
1636 763 1773 815 μνηο

179 840 533 910 μονευθεῖταν
594 840 745 908 ἱερὰν
772 838 996 907 Λαόραν
1030 838 1348 906 οἰκοδομεῖ·
1386 837 1525 905 πρὸς
1563 838 1621 889 δὲ
1674 837 1768 889 καὶ

177 933 276 1000 τὴν
311 932 623 997 ἁγιωτάτην
653 931 821 997 αὐτῆς
864 928 1192 997 ἐκκλησίαν,
1232 929 1298 996 ἣν
1332 929 1362 980 ὁ
1397 928 1541 991 θεῖος
1586 930 1772 995 ἐγκαι-

180 1024 317 1084 νίζει
372 1025 676 1093 Μακάριος,
735 1023 832 1092 τῆς
872 1026 929 1077 ὲν
983 1022 1395 1094 Ἰεροσολύμοις
1449 1022 1569 1075 τότε
1628 1022 1765 1075 Θεοῦ

192 1112 518 1181 Ἐκκλησίας
585 1111 834 1164 διιθόνων
893 1109 1021 1174 τοὺς
1076 1111 1379 1173 οἷακας,ὃς
1435 1110 1530 1162 καὶ
1592 1110 1685 1162 τοῦ
1714 1111 1771 1162 ἐν

180 1203 385 1273 Nini;
418 1203 762 1265 συνελθόντος
791 1201 1050 1266 εὐσεϐοῦς
1105 1204 1382 1272 ἐτύγχανε
1440 1202 1767 1269 καταλόγου.

252 1379 331 1434 ϐ’.
364 1381 453 1433 Ἐν
500 1380 633 1450 τῷδε
676 1380 968 1450 τοιγαροῦν
1023 1381 1106 1449 τῷ
1154 1380 1415 1451 σπηλαίῳ
1477 1382 1772 1453 ἡσυχάζειν

184 1474 439 1541 ἐλόμενος
471 1475 496 1524 ὁ
528 1474 818 1543 μακάριος,
847 1473 1010 1542 δῆλός
1042 1490 1105 1527 τε
1136 1476 1271 1528 πᾶσι
1298 1474 1392 1527 διὰ
1422 1474 1531 1527 τῶν
1562 1476 1772 1543 θαυμά-

183 1581 290 1615 των
340 1563 647 1631 γινόμενος,
693 1563 898 1632 πλῆθος
944 1564 1189 1634 ἀριθμοῦ
1247 1567 1526 1635 κρεῖττον,
1588 1564 1773 1635 Ἐλλή-

183 1672 291 1705 νων
331 1671 391 1705 τε
423 1656 519 1707 καὶ
547 1654 844 1719 Ἰουδαίων,
877 1654 936 1706 τὸ
969 1656 1241 1723 σωτήριον
1278 1655 1540 1720 δέξασθαι
1581 1654 1774 1725 βάπτι-

183 1762 297 1813 σμα
328 1748 489 1805 ποιεῖ,
518 1745 613 1797 καὶ
668 1745 728 1796 οὐ
764 1746 926 1814 μέχρι
988 1745 1188 1797 τούτου
1241 1746 1460 1814 στῆναι,
1495 1747 1631 1799 ἀλλὰ
1681 1750 1772 1802 καὶ

179 1838 271 1889 τὸν
300 1830 512 1905 μονήρη
543 1836 658 1902 βίον
686 1835 905 1888 ἑλέσθαι
934 1836 1383 1905 παρασκευάζει.
1417 1836 1491 1891 Οὐ
1528 1837 1774 1906 θαύμασι

1874 656 2071 708 bantur
2134 654 2186 707 iu
2255 655 2530 724 Speluneis
2572 656 2904 720 arundineti,
2959 658 3099 727 quod
3141 660 3304 714 situm
3358 670 3437 719 est.

1874 762 2044 815 prope
2097 763 2248 801 mare
2310 758 2611 803 mortuum.
2670 747 2915 818 Reliquis
2966 762 3145 805 autem
3194 754 3443 821 pecuniis

1873 837 2106 891 aediﬁcat
2137 854 2350 893 sacram
2390 839 2643 902 Lauram,
2672 840 2830 909 cujus
2863 841 3016 909 prius
3066 843 3435 897 meminimus.

1873 928 2145 984 Praeterea
2200 938 2381 985 autem
2435 932 2830 987 sanctissimam
2870 948 3086 1003 quoque
3115 934 3234 1003 ejus
3268 936 3442 990 eccle-

1873 1018 2031 1083 siam,
2073 1036 2236 1089 quam
2267 1020 2484 1074 divinus
2510 1021 2723 1076 dedicat
2772 1021 3055 1083 Macarius,
3102 1024 3314 1077 clavum
3364 1036 3444 1080 te-

1883 1124 2023 1163 nens
2065 1111 2157 1163 Dei
2197 1111 2470 1174 Ecclesia),
2525 1127 2647 1181 quae
2690 1122 2817 1166 tunc
2867 1123 2983 1167 erat
3030 1112 3443 1185 Hierosolymis,

1871 1202 1961 1271 qui
2006 1203 2167 1256 etiam
2196 1202 2297 1257 fuit
2333 1219 2474 1258 unus
2507 1218 2570 1258 ex
2610 1202 2698 1273 pio
2752 1204 3023 1275 catalogo,
3098 1207 3195 1275 qui
3245 1222 3443 1262 conve-

1870 1292 1950 1346 nit
1982 1292 2193 1348 Nicaeae.

1946 1382 2037 1435 IX.
2071 1381 2205 1438 Cum
2243 1382 2297 1435 in
2333 1374 2436 1437 bac
2468 1400 2595 1453 ergo
2617 1386 2873 1454 spelunca
2904 1384 3181 1442 silentium
3217 1397 3271 1443 et
3292 1389 3442 1458 quie-

1873 1481 1978 1526 tem
2017 1488 2176 1542 agere
2203 1474 2483 1527 statuisset
2522 1475 2809 1540 Chariton,
2836 1485 2892 1530 et
2928 1478 3182 1531 omnibus
3211 1494 3304 1548 per
3343 1481 3444 1533 mi-

1873 1563 2053 1616 racula
2087 1564 2352 1617 evasisset
2385 1563 2730 1629 manifestus,
2766 1564 2948 1630 elIicit,
2988 1575 3045 1619 ut
3074 1566 3446 1621 innumerabi-

1871 1653 1936 1709 lis
1974 1655 2265 1709 multitudo
2296 1654 2579 1725 gentilium
2607 1664 2663 1709 et
2702 1655 3016 1710 Judaeorum
3068 1669 3317 1712 sanctum
3350 1660 3446 1712 bac

1873 1746 2129 1816 ptismum
2156 1747 2404 1816 accipiat,
2458 1756 2509 1802 et
2558 1763 2664 1802 non
2697 1748 2805 1803 illic
2835 1750 3119 1814 consistat,
3159 1751 3254 1804 sed
3279 1750 3441 1804 etiam

1873 1840 2039 1892 vitam
2059 1839 2221 1911 eligat
2239 1840 2618 1894 monasticam.
2642 1840 2759 1894 Non
2777 1842 2949 1895 solum
2970 1850 3152 1895 autem
3170 1843 3446 1897 miraculis

177 1931 235 1982 δὲ
290 1931 476 1998 μόνον,
529 1929 665 1982 ἀλλὰ
716 1931 809 1984 καὶ
871 1931 948 1999 τῷ
1016 1930 1120 2001 βίῳ
1185 1929 1417 1993 πολλοὺς
1466 1932 1763 2001 ἐφείλκετο.

1872 1931 1965 1986 sed
2003 1932 2169 1984 etiam
2207 1932 2311 1983 vita
2345 1933 2543 1986 multos
2575 1934 2899 1987 attrahebat.
2948 1935 3447 1988 Eratenimmiran-

178 2021 379 2091 Θαῦμα
414 2022 522 2091 γὰρ
546 2016 613 2092 ἦν
650 2023 857 2075 ἐκεῖνον
886 2023 1018 2093 όρᾷν
1066 2022 1306 2091 τοσαύτῃ
1335 2024 1471 2092 πρὸς
1499 2023 1595 2091 τὴν
1628 2023 1768 2074 κατὰ

179 2113 316 2166 Θεὸν
340 2115 616 2168 πολιτείαν
658 2114 944 2185 χρώμενον
986 2116 1053 2182 τῇ
1104 2112 1340 2179 σπουδῇ,
1397 2113 1492 2163 καὶ
1553 2113 1768 2181 τρυφὴν

186 2208 287 2276 μὲν
324 2208 631 2275 ἡγούμενον
667 2205 766 2273 τὴν
790 2206 1128 2273 ἐγκράτειαν
1149 2217 1161 2229 °
1193 2200 1427 2253 πλοῦτον
1448 2200 1525 2263 δὲ,
1569 2203 1629 2254 τό
1657 2220 1764 2271 μη-

180 2298 273 2348 δὲν
304 2295 603 2362 κεκτῆσθαι
627 2307 643 2324 ⁸
679 2293 987 2363 χαμευνίαν
1016 2292 1074 2345 δὲ
1122 2292 1217 2344 καὶ
1277 2291 1339 2343 τὸ
1380 2291 1653 2363 πάννυχον
1711 2296 1768 2347 ἐν

180 2385 303 2445 ταῖς
331 2381 677 2452 ψαλμῳδίαις
747 2381 895 2435 οὕτω
933 2379 1259 2451 στέρξαντα,
1301 2379 1377 2442 ὡς
1411 2380 1579 2449 μηδὲν
1606 2381 1769 2434 πλέον

180 2476 332 2543 ἔχειν
361 2475 617 2545 ἡγεῖσθαι
648 2475 776 2537 τοὺς
826 2473 1125 2542 φιλοζῴους
1166 2472 1218 2525 οἳ
1253 2472 1391 2540 παρ’
1438 2472 1566 2541 ὃλην
1598 2472 1770 2526 νύκτα

183 2568 501 2636 στρωμναῖς
564 2565 823 2628 ἁπαλαῖς,
879 2564 972 2616 ἐπὶ
1033 2562 1232 2615 κλινῶν
1289 2561 1615 2614 καθεύξουσι
1659 2562 1767 2613 τῶν

180 2659 583 2727 ἐλεφαντίνων,
605 2656 683 2728 τῷ
706 2654 1017 2725 τρυχίνῳξδε
1048 2652 1308 2724 ἐνδύματι
1329 2651 1407 2723 τῷ
1431 2654 1556 2715 τοὺς
1591 2654 1767 2724 ἱεροὺς

184 2749 353 2801 αὐτοῦ
410 2750 652 2812 πιέζοντι
709 2746 982 2815 μώλωπας
1035 2745 1298 2815 ἡδόμενον
1363 2744 1585 2814 μᾶλλον,
1634 2745 1667 2814 ἢ
1719 2744 1769 2797 οἱ

182 2842 283 2903 τὰς
333 2840 584 2907 μαλακὰς
611 2838 848 2906 ἐσθῆτας
878 2837 1222 2905 ἐνδεδυμένοι
1250 2853 1266 2870 ο
1296 2838 1328 2905 ἡ
1365 2838 1473 2903 γὰρ
1507 2836 1605 2903 τῆς
1635 2837 1769 2889 αἰω-

184 2930 302 2982 νίου
334 2928 740 2999 μακαριότητος
764 2925 942 2988 ἐλπὶς,
974 2925 1193 2979 ἅπαντα
1227 2928 1391 2976 πόνον
1419 2926 1548 2993 ῥᾷον
1581 2923 1768 2992 φέρειν

184 3024 351 3077 αὑτὸν
392 3020 700 3074 ἀνέπειθεν.
748 3019 1030 3089 Ἐλεήμων
1063 3014 1151 3088 ἦν,
1186 3016 1505 3088 συμπαθὴς,
1544 3017 1763 3084 φιλόξε-

183 3134 297 3179 νος,
324 3117 505 3185 ἡ-πιος,
538 3114 761 3184 ἥσυχος,
802 3112 1127 3181 εὐπρόσιτος
1172 3111 1331 3175 πᾶσι,
1360 3108 1764 3172 διδασκαλικὸς,

179 3208 345 3273 λόγον
406 3203 548 3274 ἔχων
595 3207 777 3274 πολλῷ
809 3205 971 3255 πλέον
1023 3200 1166 3252 οἴνου
1204 3200 1302 3262 τὰς
1342 3197 1449 3253 τῶν
1483 3198 1767 3267 ἀκροατῶν

1868 2019 1993 2073 dum
2028 2019 2234 2082 videre,
2278 2019 2427 2072 illum
2454 2031 2662 2074 tantum
2701 2037 2904 2089 ponere
2930 2023 3170 2077 studium
3189 2024 3254 2078 ad
3277 2025 3441 2079 vitam

1866 2124 1930 2162 ex
1962 2109 2181 2163 Christo
2207 2112 2491 2180 agendam,
2525 2122 2577 2166 et
2605 2112 2829 2167 delicias
2871 2115 3089 2183 quidem
3136 2116 3448 2172 existimare

1867 2202 2260 2255 continentiam
2319 2220 2333 2255 :
2397 2204 2615 2258 divitias
2669 2215 2873 2267 autem,
2929 2207 3064 2259 nihil
3114 2208 3442 2276 possidere:

1869 2292 2019 2347 humi
2048 2309 2176 2349 vero
2212 2295 2557 2350 cubationem
2592 2306 2646 2351 et
2702 2297 2756 2350 in
2806 2298 3128 2355 Psalmodiis
3156 2312 3446 2371 pernocta-

1873 2384 2075 2439 tionem
2108 2384 2245 2440 adeo
2267 2387 2512 2457 diligere,
2539 2397 2600 2441 ut
2632 2388 2805 2444 nihilo
2832 2389 3027 2446 melius
3057 2393 3140 2463 agi
3172 2394 3448 2451 existima-

1875 2484 1956 2527 ret
1980 2489 2103 2528 eum
2131 2474 2214 2537 iis,
2245 2476 2335 2543 qui
2367 2477 2488 2530 vita:
2522 2486 2647 2531 sunt
2685 2477 2888 2545 cupidi,
2919 2478 2965 2533 si
2990 2489 3099 2533 tota
3130 2490 3288 2536 nocte
3315 2482 3445 2537 dor-

1870 2565 2043 2616 miant
2078 2565 2131 2615 in
2164 2565 2420 2619 mollibus
2456 2567 2711 2636 stragulis
2733 2582 2896 2635 super
2936 2568 3104 2623 lectos
3132 2571 3444 2627 eburneos:

1870 2654 2154 2723 cilicioque
2187 2668 2371 2711 sacros
2420 2656 2538 2725 ejus
2582 2668 2862 2726 premente
2891 2659 3116 2724 vibices,
3151 2662 3324 2732 magis
3352 2663 3448 2718 de-

1870 2747 2077 2811 lectari,
2113 2763 2273 2817 quam
2313 2748 2373 2815 ii,
2401 2748 2491 2820 qui
2523 2759 2652 2803 sunt
2682 2749 2937 2806 mollibus
2968 2751 3142 2808 induti
3172 2755 3443 2810 vestibus.

1873 2835 2010 2906 Spes
2038 2839 2185 2892 enim
2232 2847 2453 2894 teterna:
2484 2839 2840 2895 beatitudinis
2869 2841 2918 2895 ei
2961 2841 3117 2897 facile
3149 2845 3448 2914 persuade-

1870 2928 1962 2981 hat
2016 2944 2233 2983 omnem
2280 2930 2421 2985 ferre
2471 2931 2732 2987 laborem.
2765 2931 2891 2987 Erat
2926 2933 3187 3000 clemens,
3221 2938 3450 2992 misert-

1870 3034 2011 3085 cors,
2050 3019 2355 3089 hospitalis,
2390 3029 2727 3085 mansuetus,
2770 3023 3008 3091 quietus,
3041 3023 3109 3079 ad
3139 3039 3299 3095 quem
3328 3041 3418 3081 om

1871 3112 2032 3168 nibus
2083 3112 2258 3168 facilis
2317 3113 2534 3183 patebat
2581 3114 2787 3177 aditus,
2858 3115 3444 3185 habenssermonem,

1872 3203 1959 3270 qui
1984 3205 2154 3271 magis
2183 3204 2487 3259 laetiﬁcabat
2512 3206 2674 3259 corda
2695 3207 3023 3273 auditorum,
3050 3224 3209 3278 quam
3234 3211 3442 3267 vinum.

183 3298 558 3367 εὐφραίνοντα
593 3296 840 3365 καρδίας.
896 3292 1061 3345 Ὅθεν
1127 3288 1372 3361 ποταμοῦ
1432 3288 1613 3358 δίκην,
1670 3287 1763 3341 τοῦ

1871 3290 2231 3356 Quamobrem
2281 3295 2449 3350 itiStar
2506 3295 2652 3350 ﬂuvii
2699 3298 2953 3351 universo
3006 3299 3073 3352 ad
3105 3313 3227 3353 eum
3310 3316 3444 3356 con-

182 3389 320 3443 λαοῦ
362 3388 558 3451 παντὸς
591 3388 665 3451 ὡς
720 3386 889 3439 αὑτὸν
921 3385 1158 3455 ῥέοντος,
1224 3384 1320 3437 καὶ
1372 3381 1526 3435 πόλιν
1576 3380 1764 3452 ῶσπερ

184 3485 250 3553 τῇ
290 3478 588 3550 πολυοχλίῃ
623 3479 719 3548 τὴν
760 3477 969 3548 ἔρημον
1014 3474 1446 3544 ὲπιδεξαμένων,
1502 3472 1764 3541 ἑωρακὼς

182 3575 385 3628 ἑαυτὸν
408 3576 436 3625 ό
477 3573 751 3640 μακάριος
778 3572 842 3622 ὲκ
868 3568 961 3621 τοῦ
998 3566 1247 3619 ἐντεῦθεν
1276 3563 1567 3632 γινομένου
1603 3561 1763 3631 θορύ-

182 3666 305 3727 6ου,
357 3663 457 3731 τῆς
506 3661 667 3730 φίλης
716 3659 1065 3727 ἀπαγόμενον
1100 3656 1351 3725 ἡσυχίας,
1382 3654 1556 3715 ἄλλως
1591 3670 1648 3706 τε
1706 3653 1761 3706 δὲ

187 3758 282 3809 καὶ
336 3756 437 3825 τὴν
476 3755 535 3821 ἐξ
599 3754 901 3825 ἀνθρώπων
942 3753 1100 3820 δόξαν
1128 3752 1353 3820 φεύγειν
1411 3746 1762 3808 ἐσπουδακὼς

187 3849 331 3919 (ᾔδει
364 3847 472 3917 γὰρ
491 3848 572 3901 ὅτι
598 3848 809 3916 χαλεπὴ
844 3847 983 3915 αὕτη
1018 3845 1244 3913 συγχέαι
1298 3842 1504 3910 κόσμον
1561 3839 1761 3908 ψυχῆς)

191 3941 531 4007 ἐπισκήπτει
582 3938 680 4007 μὲν
740 3937 872 4008 περὶ
918 3936 1136 3989 πάντων
1157 3938 1267 3998 τοῖς
1313 3931 1620 4002 φοιτηταῖς,
1663 3933 1762 3985 ὅσα

188 4030 255 4098 δὴ
304 4027 641 4081 καταστάσει
674 4029 942 4097 προσήκει
972 4023 1262 4094 μοναχικῇ,
1319 4021 1515 4091 καιρόν
1543 4036 1602 4073 τε
1633 4036 1761 4088 τρο-

185 4123 295 4191 φῆς
339 4121 616 4189 διατάξας,
653 4120 826 4192 ὅσπερ
882 4119 1000 4172 ἐστὶ
1058 4115 1334 4187 ληγούσης
1384 4114 1620 4183 ἡμέρας
1666 4113 1759 4165 καὶ

183 4214 246 4266 τὸ
288 4213 365 4285 μὴ
399 4214 534 4280 πρὸς
593 4212 757 4282 κόρον
788 4210 1015 4275 ἐσθίειν,
1082 4209 1215 4262 ἀλλὰ
1247 4204 1521 4275 ζητούσης
1552 4202 1630 4254 ἔτι
1660 4220 1761 4270 γαο

186 4307 349 4376 στρὸς
381 4303 675 4366 παύεσθαι,
710 4300 849 4356 εἶναι
898 4302 954 4354 δὲ
984 4303 1080 4370 τὴν
1111 4298 1343 4370 τροφὴν,
1372 4298 1537 4366 ἄρτον
1578 4296 1757 4365 μόνον,

185 4402 282 4453 καί
330 4400 457 4461 τοὺς
503 4398 634 4461 ἅλας
685 4396 995 4468 ήδύτματος
1029 4394 1212 4465 χώραν
1262 4390 1753 4461 ἀποπληροῦντας·

185 4494 246 4545 τὸ
275 4492 331 4543 δὲ
361 4494 524 4543 ποτὸν
554 4492 720 4560 ὕδωρ,
752 4490 848 4543 καὶ
892 4489 1026 4543 αὐτὸ
1072 4488 1258 4556 μέτρῳ
1297 4486 1392 4538 καὶ
1418 4484 1593 4551 φειδοῖ
1616 4484 1758 4552 λαμ-

190 4586 512 4654 ϐανόμενον.
546 4580 678 4636 Εἶτα
718 4583 967 4650 καὶπερὶ
1026 4577 1345 4649 ψαλμῳδίας
1404 4577 1759 4653 καὶλπροσευ-

187 4679 289 4749 χῆς
311 4674 694 4745 ἐντειλάμενος
743 4674 1008 4742 ἡμερινῆς
1048 4669 1162 4739 ἅμα
1209 4670 1303 4721 καὶ
1348 4669 1445 4737 τῆς
1501 4670 1559 4719 ἐν
1604 4668 1758 4719 νυκτὶ

188 4770 490 4839 γινομένης
513 4784 527 4797 ο
562 4769 741 4838 μισεῖν
772 4783 835 4818 τε
863 4764 1060 4835 ἀργίαν
1088 4762 1162 4825 ὡς
1185 4760 1396 4814 πολλῶν
1428 4758 1609 4813 αἰτίαν
1662 4775 1761 4811 κα-

188 4863 321 4914 κῶν
358 4862 522 4928 ἔργον
571 4859 627 4911 δὲ
656 4862 774 4921 ταῖς
810 4857 969 4927 χερσὶ
997 4856 1216 4918 διδόναι,
1246 4858 1354 4918 τοῖς
1408 4854 1572 4923 ἱεροῖς
1623 4852 1757 4922 ψαλ-

187 4956 311 5025 μοῖς
351 4951 747 5021 κατᾳδόμενον,
774 4952 821 5001 εί
857 4951 912 5001 δέ
935 4967 1016 5011 τις
1051 4948 1308 5018 λογισμὸς
1340 4946 1537 5015 φαῦλος
1565 4940 1674 4999 οἷόν
1705 4963 1757 4998 τι

186 5049 433 5113 ζιζάνιον
474 5044 626 5115 παρὰ
650 5044 744 5097 τοῦ
777 5042 953 5095 κοινοῦ
1000 5043 1215 5095 πάντων
1245 5039 1440 5110 ἐχθροῦ
1473 5041 1528 5091 ὲν
1559 5041 1626 5109 τῇ
1660 5039 1752 5107 τῆς

188 5140 422 5207 καρδίας
453 5138 702 5203 ὲνσπαρῇ
732 5137 826 5203 γῇ,
865 5132 1087 5201 νηστεία
1120 5130 1275 5183 τοῦτο
1307 5130 1402 5183 καὶ
1450 5127 1757 5199 προσευχῆς

189 5230 284 5281 ἰπὶ
349 5228 514 5296 μόνον
546 5225 689 5293 ξίφει
733 5224 937 5293 ταύτης
974 5223 1291 5291 ἐκτέμνειν·
1335 5222 1421 5273 ἵνα
1473 5218 1548 5289 μὴ
1577 5217 1758 5287 χώραν

192 5320 351 5391 σχοίη
386 5319 478 5368 τόν
508 5318 705 5385 πικρὸν
747 5315 847 5382 τῆς
890 5314 1223 5381 ἡδυπαθείας
1272 5312 1590 5379 γεωργῆσαι
1621 5325 1755 5376 καρ-

190 5416 313 5477 πόν,
352 5403 457 5463 ὦδε
506 5409 614 5476 γὰρ
657 5408 722 5460 ἂν
760 5407 958 5476 μᾶλλον
1006 5406 1235 5474 ἁρμόσει
1263 5406 1321 5457 τὸ
1362 5404 1452 5456 τοῦ
1483 5402 1752 5472 Χριστοῦ·

189 5507 273 5556 δτι
310 5499 481 5556 Τουτί
496 5502 556 5552 τὸ
580 5500 731 5568 γένος
756 5500 906 5552 οὐδὲν
940 5499 1126 5566 ἕτερον
1156 5499 1187 5566 ἢ
1212 5498 1431 5568 νηστεία
1452 5496 1641 5561 ἐξώτει
1664 5496 1757 5548 καὶ

191 5594 500 5664 προσευχὴ.
538 5592 679 5661 Πρὸς
701 5591 914 5654 τούτοις
945 5592 1208 5649 ἐδίδασκε,
1249 5592 1323 5659 μὴ
1356 5590 1462 5641 δεῖν
1486 5589 1582 5649 τὰς
1622 5605 1753 5655 προ-

191 5687 348 5747 όδους
382 5687 625 5757 συνεχεῖς
659 5683 954 5748 ποιεῖσθαι,
996 5681 1195 5753 ἡσυχία
1231 5682 1285 5733 δὲ
1342 5682 1553 5751 χαίρειν
1581 5679 1654 5741 ὡς
1690 5682 1755 5732 τὰ

191 5776 377 5833 πολλὰ
414 5779 586 5847 μητρὶ
605 5777 710 5831 τῶν
734 5775 946 5845 ἀρετῶν
987 5775 1145 5846 οὖσῃ,
1187 5777 1279 5826 καὶ
1308 5772 1602 5840 ὀφθαλμῶν
1655 5773 1756 5838 ψυ-

194 5875 296 5944 χῆς
362 5868 544 5939 λήμην
596 5868 912 5939 ἐπιτηδείως
966 5866 1244 5937 καθαίρειν
1304 5865 1524 5939 ἐχούσῃ.
1624 5865 1757 5917 Οὐδὲ

1873 3382 2071 3440 ﬂuente
2107 3386 2326 3455 populo,
2354 3397 2408 3442 et
2444 3389 2613 3441 turbae
2657 3387 3007 3443 multitudine
3040 3392 3444 3459 quodammodo

1872 3479 2146 3535 civitatem
2179 3480 2448 3536 ellicicnte
2491 3481 2864 3546 solitudinem,
2899 3499 3022 3539 cum
3059 3484 3285 3539 vidisset
3313 3487 3442 3539 bea-

1874 3580 1959 3624 tus
1998 3586 2056 3625 se
2101 3587 2166 3625 ex
2218 3587 2282 3625 eo
2326 3573 2415 3641 qui
2459 3572 2586 3628 hinc
2632 3573 2930 3637 oriebatur,
2970 3577 3226 3645 tumultu,
3270 3591 3300 3630 a
3344 3577 3444 3631 sibi

1870 3669 2019 3729 grata
2065 3661 2258 3715 abduci
2308 3661 2625 3725 solitudine,
2658 3673 2711 3717 et
2762 3666 2994 3718 maxime
3025 3681 3147 3720 cum
3202 3666 3447 3721 studeret

1873 3750 2059 3822 fugere
2104 3750 2324 3822 gloriam
2365 3751 2648 3806 hominum
2694 3750 2935 3818 (sciebat
2964 3751 3111 3805 enim
3161 3768 3278 3806 eam
3332 3770 3446 3808 ma-

1872 3858 2030 3912 gnam
2064 3843 2174 3897 vim
2208 3842 2410 3897 habere
2444 3843 2509 3896 ad
2559 3842 3003 3898 confundendum
3054 3844 3249 3897 anima:
3280 3860 3445 3898 orna-

1874 3934 2037 4004 tum),
2080 3935 2147 3989 de
2170 3935 2423 3990 omnibus
2455 3935 2696 4005 quidem,
2729 3936 2843 3989 suis
2890 3937 3109 3991 mandat
3146 3938 3444 4007 discipulis,

1872 4042 1933 4079 ea
1965 4041 2086 4095 qua
2139 4028 2302 4080 statui
2340 4029 2645 4082 monastico
2691 4029 3044 4092 conveniunt,
3093 4037 3306 4098 tempus
3337 4030 3445 4083 cibi

1869 4118 2121 4174 sumendi
2153 4126 2423 4185 statuens,
2458 4120 2601 4188 quod
2632 4120 2848 4188 quidem
2882 4128 2967 4175 est
3009 4118 3098 4175 die
3129 4120 3444 4176 desinente:

1866 4220 1924 4265 et
1964 4225 2070 4264 non
2102 4212 2243 4265 vesci
2277 4210 2342 4264 ad
2376 4212 2702 4273 satietatem,
2737 4214 2830 4268 sed
2880 4224 3067 4267 ventre
3114 4217 3289 4269 adhuc
3344 4233 3439 4284 po-

1869 4304 2105 4359 stulante
2136 4317 2350 4357 cessare
2377 4321 2390 4356 :
2424 4318 2543 4357 esse
2571 4314 2750 4358 autem
2784 4304 3096 4357 alimentum
3132 4321 3323 4373 panem
3352 4324 3438 4360 sn-

1872 4396 1983 4450 lum
2013 4405 2069 4451 et
2100 4396 2289 4459 salem,
2319 4395 2409 4465 qui
2454 4395 2673 4466 impleat
2699 4396 2875 4451 locum
2920 4398 3252 4452 condimenti
3286 4416 3301 4452 :
3338 4415 3433 4469 po-

1871 4497 1984 4541 tum
2013 4498 2193 4542 autem
2223 4504 2575 4556 aquam,qu:r
2601 4489 2712 4556 ipsa
2740 4504 2953 4556 quoque
2980 4491 3187 4544 modice
3205 4501 3256 4545 et
3277 4509 3437 4560 parce

1872 4588 2142 4635 sumatur.
2170 4578 2375 4633 Deinde
2410 4594 2533 4633 cum
2581 4579 2646 4631 de
2709 4577 3005 4645 psalmodia
3042 4579 3349 4635 mandasset
3382 4593 3434 4637 et

1870 4670 2143 4737 oratione,
2174 4681 2279 4726 tam
2313 4670 2529 4735 diurna,
2560 4686 2864 4739 quamqua:
2888 4680 3046 4725 noctu
3078 4673 3251 4733 ﬁeret,
3284 4672 3440 4742 jubet

1870 4779 1964 4819 cos
1990 4763 2115 4819 odio
2152 4766 2353 4819 habere
2396 4763 2590 4826 otium,
2626 4771 2685 4815 ut
2718 4778 2936 4816 causam
2984 4763 3275 4816 multorum
3318 4778 3438 4816 ma-

1862 4856 2038 4911 lorum
2069 4876 2083 4912 :
2117 4871 2256 4926 Opus
2304 4863 2485 4910 autem
2520 4854 2731 4909 tradere
2775 4854 3045 4919 manibus,
3073 4854 3213 4923 quod
3263 4856 3432 4909 sacris

1864 4945 2095 5001 Psalmis
2126 4947 2404 5017 irrigetur.
2462 4948 2519 5001 Si
2549 4962 2654 5016 qua
2699 4960 2828 5000 vero
2858 4945 2993 4999 mala
3024 4945 3297 5016 cogitatio,
3342 4961 3433 4999 ve-

1865 5038 2257 5107 luti‘quazdam
2314 5038 2545 5101 zizania,
2582 5053 2610 5091 a
2663 5037 2937 5093 communi
2988 5037 3141 5091 hoste
3190 5039 3431 5089 omnium

1866 5143 1982 5187 sata
2026 5132 2195 5187 fuerit
2222 5134 2276 5185 in
2312 5140 2452 5185 terra
2488 5133 2689 5193 cordis.
2726 5132 2930 5202 jejunio
2968 5140 3021 5184 et
3055 5130 3282 5184 assidua:
3313 5146 3436 5183 ora-

1863 5226 2029 5279 tionis
2058 5239 2187 5278 ense
2214 5239 2331 5277 eam
2367 5226 2705 5289 exscindere,
2756 5240 2823 5279 ne
2873 5224 3049 5277 locum
3105 5236 3337 5291 occupet
3364 5224 3429 5275 ad

1865 5316 2270 5387 producendum
2330 5320 2583 5371 acerbum
2659 5319 2893 5372 fructum
2957 5315 3271 5383 voluptatis.
3340 5315 3432 5367 Sic

1865 5412 2012 5465 enim
2046 5407 2325 5477 impletum
2361 5410 2425 5462 iri
2458 5409 2585 5463 illud
2614 5409 2816 5464 Christi
2849 5426 2860 5460 :
2893 5409 3003 5462 Hoc
3030 5422 3205 5477 genus
3229 5406 3431 5460 diuno—

1865 5504 2085 5557 niorum
2114 5502 2244 5553 nihil
2293 5501 2438 5556 aliud
2461 5502 2716 5568 expellet,
2748 5517 2905 5569 quam
2936 5501 3201 5570 jejunium
3232 5508 3286 5553 et
3308 5514 3437 5552 ora-

1866 5596 1961 5648 tio.
2002 5590 2204 5646 Przeter
2239 5608 2300 5645 ea
2332 5602 2511 5646 autem
2540 5593 2768 5645 docebat
2795 5608 2900 5645 non
2932 5602 3183 5661 oportere
3213 5591 3431 5646 assidue

1863 5683 2163 5752 procedere
2204 5700 2216 5736 :
2246 5681 2465 5736 silentio
2496 5698 2625 5737 vero
2656 5692 2710 5735 et
2737 5684 2917 5751 quiete
2959 5682 3192 5752 gaudere
3218 5692 3275 5735 ut
3311 5684 3434 5751 plu-

1865 5778 2084 5837 rimum,
2117 5789 2235 5847 qua;
2260 5784 2342 5828 est
2378 5785 2548 5830 mater
2582 5776 2871 5837 virtutum,
2908 5787 2959 5829 et
2993 5784 3114 5842 apte
3134 5788 3433 5843 expurgare

1868 5871 2061 5924 lemam
2112 5867 2389 5921 oculorum
2426 5868 2636 5920 animae.
2690 5867 2871 5935 Neque
2924 5880 3050 5920 vero
3096 5866 3439 5933 prwtcrmisit
