4148 6492
703 429 803 497 9η

1915 408 2194 472 MENSIS
2234 405 2704 470 SEPTEMBER.

3834 394 3942 456 912

702 536 1049 610 benignitatis
1086 532 1264 588 facere
1302 527 1632 584 mentionem
1666 541 1678 577 :
1715 521 1806 579 sed
1841 522 1908 577 de
1941 522 2027 575 illa
2066 535 2096 575 e
2140 535 2274 589 quo-

2392 519 2505 581 ιοὺς
2539 516 2668 588 περὶ
2727 510 3160 582 φιλανθρωπίαν,
3193 508 3377 576 λόγους
3422 507 3632 576 ἀφῆκεν
3693 506 3945 575 ἀμνημοο

702 649 806 706 que
853 630 1034 688 studio
1070 626 1172 680 fuit
1208 623 1388 677 dicere
1438 634 1558 688 quze
1593 614 2015 671 conveniebant.
2049 612 2272 666 Dicebat

700 728 868 790 enim,
899 720 1195 782 neminem,
1226 716 1268 770 si
1304 713 1416 767 ﬁeri
1451 721 1653 782 posset,
1687 718 1938 776 oportere
1957 705 2139 758 vacuis
2157 719 2272 756 ma-

702 822 866 875 nibus
895 813 1174 871 dimittere
1216 823 1280 861 ex
1315 807 1401 870 iis,
1433 804 1519 874 qui
1550 802 1814 856 accedunt
1852 799 1920 854 ad
1947 799 2168 862 ostium,
2201 811 2270 849 ne

704 913 840 965 forte
879 908 1157 963 Christum
1211 902 1507 956 inscientes
1556 895 1878 966 despiciant,
1906 892 1998 961 qui
2045 889 2272 959 suscipit

703 1019 990 1080 personam
1024 1013 1344 1072 pauperum.

770 1098 906 1151 Cum
936 1097 1013 1150 sic
1040 1091 1284 1156 dixisset,
1315 1097 1368 1143 et
1386 1086 1635 1156 elegisset
1672 1096 1837 1136 unum
1881 1095 1942 1134 ex
1975 1075 2269 1147 discipulis,

705 1188 796 1256 qui
841 1198 896 1240 et
931 1185 1036 1239 vita
1073 1180 1362 1252 praestabat
1398 1177 1540 1238 aliis,
1577 1183 1632 1228 et
1668 1181 1831 1242 aptus
1874 1178 2010 1230 erat,
2053 1176 2111 1222 ut
2153 1165 2274 1233 ejus

705 1255 827 1334 iidci
861 1277 1086 1331 fratrum
1107 1271 1421 1327 crederetur
1454 1263 1796 1337 praefectura,
1832 1259 1878 1314 ei
1909 1275 1974 1313 ex
2002 1255 2273 1313 sententia

707 1372 933 1427 aliorum
983 1367 1146 1421 etiam
1179 1360 1572 1430 discipulorum
1613 1353 1906 1410 committit
1950 1350 2271 1405 rectionem.

706 1462 825 1532 Ipse
868 1468 1046 1513 autem
1099 1453 1374 1524 egreditur
1414 1462 1444 1502 e
1485 1446 1678 1507 Laura,
1713 1442 1909 1496 multas
1949 1439 2164 1509 quidem
2200 1437 2276 1491 la-

706 1567 918 1625 crymas
948 1566 1009 1605 ex
1041 1547 1214 1603 oculis
1252 1540 1624 1600 emittentibus
1653 1533 1959 1600 monachis,
1984 1541 2036 1586 et
2067 1540 2123 1586 ut
2160 1531 2275 1600 ipse

708 1652 949 1700 maneret
989 1638 1322 1712 rogantibus,
1358 1635 1476 1704 ipso
1523 1640 1706 1685 autem
1753 1626 1884 1681 nulli
1932 1625 2182 1685 cedente,
2220 1628 2276 1675 ut

706 1739 795 1810 qui
829 1735 1098 1806 aspiceret
1129 1729 1195 1785 ad
1227 1728 1280 1783 id
1307 1726 1505 1789 solum,
1538 1721 1684 1792 quod
1725 1729 1808 1774 est
1841 1717 1991 1771 utile.
2016 1712 2070 1769 Si
2107 1714 2274 1777 enim,

708 1804 906 1900 inquit,
931 1842 964 1881 ο
996 1823 1111 1889 lilii,
1140 1821 1266 1874 hinc
1286 1810 1846 1888 migraveromemine
1873 1808 1980 1861 huc
2010 1804 2278 1859 ventitan-

707 1897 799 1986 ιθ.-
841 1931 895 1976 et
946 1916 1185 1988 quietem
1231 1908 1611 1971 conturbante,
1665 1903 1803 1958 bene
1852 1899 1957 1953 erit
2009 1897 2270 1965 utrisque.

710 2013 940 2069 Facilius
972 2007 1117 2063 enim
1171 2011 1226 2058 et
1258 2016 1359 2072 ego
1400 2006 1579 2053 vester
1625 2004 1776 2064 pater
1809 1990 2024 2060 spiritu,
2057 1997 2112 2042 et
2153 2001 2270 2051 vos,

709 2121 845 2179 quos
896 2105 949 2156 in
993 2097 1211 2156 Christo
1256 2092 1414 2166 genui
1465 2105 1560 2161 per
1610 2086 1982 2158 Evangelium,
2013 2083 2178 2138 veluti
2223 2084 2275 2136 in

709 2176 1036 2273 quibusdam
1087 2187 1382 2244 alrearinm
1428 2182 1581 2238 cellis
1625 2179 1910 2249 tranquille
1946 2176 2277 2237 habitantes.

646 2338 647 2341 η
710 2271 881 2347 instar
909 2302 1070 2359 apum
1102 2282 1208 2338 mel
1250 2278 1467 2335 virtutis
1510 2275 1889 2346 producemus.
1924 2271 2057 2324 Cum
2090 2282 2279 2322 omnes

709 2399 838 2454 ergo
864 2388 1053 2436 sancto
1086 2371 1435 2446 impertiisset
1483 2366 1690 2432 osculo,
1724 2360 2198 2428 benedixissetque
2228 2366 2282 2413 et

709 2452 930 2532 Christo
973 2466 1433 2527 commendasset,
1469 2461 1570 2516 iter
1600 2469 1676 2513 est
1717 2459 2015 2527 ingressus.
2045 2452 2110 2506 Et
2156 2465 2279 2505 cum

714 2567 1011 2639 peregisset
1045 2562 1149 2616 iter
1179 2557 1339 2612 unius
1365 2553 1494 2616 diei,
1521 2550 1727 2605 accedit
1761 2547 1826 2600 ad
1869 2547 2027 2598 aliam
2064 2543 2282 2612 spelun-

712 2631 1007 2725 catn,'qu:e
1047 2652 1147 2706 sita
1176 2645 1391 2718 quidem
1427 2647 1545 2698 erat
1573 2637 1637 2693 ad
1686 2644 1869 2708 partes
1914 2631 2283 2688 Hierichunti-

712 2767 812 2806 nas
841 2722 860 2803 7:
895 2722 1013 2802 erat
1050 2751 1230 2797 autem
1269 2739 1504 2798 deserta,
1534 2740 1587 2787 et
1635 2739 1752 2785 erat
1800 2727 2079 2797 aptissima
2111 2724 2175 2778 ad
2212 2722 2284 2776 si-

713 2842 939 2897 lentium
975 2830 1321 2906 praebendum
1351 2834 1405 2881 et
1425 2826 1682 2895 quietem.
1705 2819 1841 2874 Cum
1865 2819 2083 2887 longum
2103 2826 2282 2870 autem

715 2940 931 2996 tempus
975 2904 1086 2978 illic
1122 2929 1264 2974 esset
1301 2921 1568 2973 versatus,
1604 2918 1657 2963 et
1699 2921 1815 2978 quze
1857 2922 1913 2961 se
1959 2904 2280 2966 oﬂercbant,

717 2994 902 3075 herbis
946 3020 1192 3068 uteretur
1220 3006 1287 3062 ad
1320 3005 1660 3065 alimentum,
1694 2998 1808 3053 Deo
1840 2997 1960 3064 soli,
1995 3004 2053 3050 ut
2091 3006 2206 3050 erat
2232 2994 2282 3049 ei

716 3122 950 3186 gratum,
989 3104 1208 3161 vivebat
1254 3107 1538 3170 perpetuo.
1570 3095 1661 3148 Sic
1704 3103 1883 3147 autem
1927 3104 2050 3144 cum
2096 3103 2283 3142 rursus

2375 611 2619 673 νεύτους⁶
2673 607 2808 661 ἀλλὰ
2853 607 2946 658 καὶ
3000 604 3124 673 περὶ
3165 601 3332 668 αὐτῆς
3370 599 3624 664 ἐπιμελὲς
3675 598 3862 666 ἔσχεν,
3913 597 3945 651 ἃ

2376 704 2651 772 προσῆκεν
2691 698 2891 750 είπεῖν.
2933 693 3081 764 Ἔφη
3110 693 3239 762 γὰρ,
3270 693 3316 742 εἰ
3339 691 3565 742 δυνατὸν
3600 690 3810 758 μηδένα
3834 692 3944 742 τῶν

2373 796 2439 863 τῇ
2468 792 2608 863 θύρᾳ
2638 790 2973 860 προσιόντων
3007 787 3193 846 κεναῖς
3224 782 3579 850 ἀποπέμπειν
3613 785 3798 850 χερσὶ,
3838 782 3942 849 μήν

2375 903 2504 939 ποτε
2536 887 2628 936 καὶ
2661 883 2876 936 λάθοιτε
2903 877 3138 948 Χριστὸν
3191 875 3528 944 παριδόντες,
3563 875 3682 936 ἐνὸς
3707 874 3820 927 τῶν
3857 877 3944 927 ἐν-

2372 979 2508 1031 δεῶν
2533 977 2656 1043 δψιν
2694 973 3084 1044 ὑποκριθέντα.

2447 1070 2504 1122 1'.
2539 1068 2726 1129 Οὕτως
2759 1065 2930 1118 είττὼν
2967 1066 3060 1116 καὶ
3092 1064 3186 1116 ἕνα
3217 1062 3324 1114 τῶν
3356 1061 3611 1131 μαθητῶν
3639 1059 3943 1127 ἐκλεξάμι,

2380 1177 2488 1225 νος,
2523 1160 2622 1229 βίῳ
2654 1176 2710 1210 τε
2739 1157 2845 1209 τῶν
2876 1155 3050 1208 ἄλλων
3077 1154 3563 1220 διενεγκόντα,κα“ι
3605 1152 3792 1204 ἱκανὸν
3819 1150 3949 1201 ὅντα

2376 1252 2710 1324 προστασίαν
2743 1249 2985 1318 ἀδελφῶν
3027 1247 3404 1317 πιστευθῆναι,
3456 1246 3632 1314 τούτῳ
3680 1246 3822 1313 μετὰ
3858 1242 3951 1295 καὶ

2375 1348 2472 1415 τῆς
2501 1347 2609 1398 τῶν
2648 1345 2820 1398 ἄλλων
2847 1343 3119 1412 φοιτητῶν
3143 1340 3390 1410 γνώμης,
3423 1341 3520 1405 τὴν
3551 1339 3727 1408 ἀρχὴν
3769 1340 3950 1405 ἔγχει-

2381 1437 2543 1508 ρίζει.
2574 1437 2746 1499 Αὐτὸς
2781 1436 2836 1488 δὲ
2868 1435 2968 1503 τῆς
3012 1434 3234 1502 Λαύρας
3274 1433 3442 1503 ἐξῄει,
3492 1431 3666 1484 πολλὰ
3709 1429 3810 1497 μὲν
3864 1430 3950 1481 δὲ-

2377 1546 2521 1599 κρυα
2573 1529 2681 1580 τῶν
2735 1525 3031 1594 ὀφθαλμῶν
3085 1526 3350 1593 ἀφιέντων
3386 1525 3490 1575 τῶν
3534 1523 3815 1592 μοναχῶν,
3861 1521 3954 1573 καὶ

2381 1622 2563 1691 μένειν
2597 1618 2760 1671 αὑτὸν
2807 1617 3104 1682 ἀξνιύντων,
3141 1614 3307 1668 αὑτοῦ
3356 1615 3412 1667 δὲ
3451 1616 3690 1675 εἴκοντος
3727 1613 3905 1666 οὐδενί
3937 1629 3951 1643 ⁸

2379 1715 2470 1766 ἅτε
2525 1710 2661 1781 πρὸς
2731 1711 2890 1779 μόνον
2943 1712 3006 1760 τὸ
3061 1707 3334 1768 λυσιτελὲς
3387 1706 3700 1776 βλέποντος.
3750 1707 3816 1756 El
3850 1708 3954 1775 γὰρ

2383 1801 2615 1862 ἐνθένδε,
2646 1803 2834 1870 φησιν,
2889 1792 2934 1852 ὧ
2986 1800 3173 1859 τέκνα,
3209 1795 3647 1865 μεταναστεύσω,
3725 1795 3954 1863 μηδενὸς

2380 1893 2612 1946 ἐνταῦθα
2644 1894 2933 1961 φοιτῶντος
2964 1893 3054 1944 καὶ
3070 1896 3165 1959 τὴν
3197 1891 3431 1959 ἡσυχίαν
3463 1889 3952 1957 ἐπιταράττοντος,

2380 1984 2705 2054 ἀμφοτέροις
2737 1984 2846 2047 ἕξει
2886 1982 3066 2045 καλῶς
3098 1997 3110 2011 ·
3146 1983 3276 2054 ῥᾷον
3311 1984 3415 2051 γὰρ
3450 1982 3559 2048 ἐγώ
3589 1999 3646 2033 τε
3683 1985 3712 2033 ὁ
3754 1984 3954 2049 ὑμέτε-

2383 2093 2476 2145 ρος
2504 2075 2648 2127 κατὰ
2706 2073 2922 2142 πνεῦμα
2960 2074 3165 2140 πατὴρ,
3203 2077 3294 2126 καὶ
3329 2074 3484 2141 ὑμεῖς
3516 2070 3607 2133 οὓς
3634 2074 3694 2122 ἐν
3727 2072 3970 2142 Χρ.στῷ-

2379 2167 2468 2220 διὰ
2515 2165 2963 2232 τοῦΙίὐαγγελίου
3018 2166 3303 2234 ἐγέννησα,
3361 2160 3469 2216 οἷόν
3525 2181 3635 2216 τισι
3679 2163 3954 2232 σιμϐλοις,

2383 2260 2505 2316 ταῖς
2580 2256 2801 2314 κέλλαις
2859 2256 3133 2324 γαληνίως
3189 2254 3615 2322 ἐναυλιζόμενοι,
3690 2254 3958 2322 μελιττῶν

2381 2348 2536 2418 δίκην
2569 2350 2628 2401 τὸ
2659 2350 2755 2417 τῆς
2788 2350 2988 2417 ἀρετῆς
3033 2347 3151 2415 μέλι
3179 2347 3704 2414 καρποφορήσομεν.
3744 2346 3957 2399 'Atuv-

2381 2459 2477 2505 τας
2506 2441 2598 2494 οὖν
2640 2444 2695 2493 ἐν
2728 2441 2988 2509 φιλήματι
3017 2438 3314 2506 περιελθὼν
3345 2439 3512 2507 ἁγίῳ,
3547 2439 3859 2505 εὐλογήσας
3893 2455 3948 2490 τε

2385 2535 2475 2588 καὶ
2507 2535 2582 2602 τῷ
2615 2533 2834 2605 Χριστῷ
2887 2534 3285 2602 παραθέμενος,
3320 2532 3437 2584 ὁδοῦ
3469 2534 3662 2600 εἴχετο,
3701 2538 3803 2585 καί
3831 2534 3958 2600 μιᾶς

2382 2627 2636 2690 διανύσας
2667 2628 2874 2696 ἡμέρας
2905 2626 3042 2689 ὁδὸν,
3098 2625 3266 2693 ἑτέρῳ
3300 2623 3627 2692 προσϐάλλει
3680 2621 3956 2690 σπηλαίῳ,

2385 2721 2524 2774 κατὰ
2557 2721 2650 2788 μὲν
2685 2720 2754 2770 τὰ.
2783 2719 3136 2787 Ὶεριχούντια
3170 2716 3309 2785 μέρη
3375 2715 3728 2784 διακειμένῳ,
3768 2716 3959 2785 ἐρήμῳ

2384 2813 2437 2865 δὲ
2468 2813 2576 2863 ὄντι
2603 2811 2695 2862 καὶ
2727 2810 2958 2879 ἡσυχίαν
2984 2806 3058 2868 ὡς
3085 2806 3324 2877 μάλιστα
3356 2806 3616 2875 παρέχειν
3647 2805 3960 2874 ἐπιτηδείῳ.

2386 2905 2590 2974 Χρόνον
2617 2901 2794 2954 τοίνυν
2839 2902 3018 2953 ἐκεῖσε
3045 2899 3332 2968 διατρίψας
3386 2899 3598 2967 συχνὸν,
3630 2899 3728 2951 καὶ
3793 2898 3958 2967 βοταο

2385 2997 2491 3048 νῶν
2533 2996 2653 3055 ταῖς
2682 2991 3066 3060 ὲπιτυχούσαις
3090 2993 3166 3052 εἰς
3204 2990 3409 3058 τροφὴν
3461 2989 3777 3056 χρώμενος,
3840 2987 3958 3058 Θεῷ

2394 3089 2557 3156 μόνῳ,
2603 3081 2783 3143 καθὼς
2815 3080 2932 3149 Θεῷ
2995 3079 3166 3147 φίλον,
3222 3077 3329 3139 ζῶν
3359 3078 3602 3129 διετέλει.
3635 3075 3828 3148 Ταύτῃ
3887 3094 3966 3130 τοι

720 3169 861 3258 ὗευε
889 3169 1088 3269 aperit,
1123 3202 1176 3248 et
1223 3169 1399 3244 denuo
1425 3185 1770 3240 manifesrum
1803 3179 1981 3236 reddit
2011 3194 2156 3245 eum,
2192 3178 2282 3248 qui

2392 3181 2476 3231 καὶ
2507 3176 2636 3237 Θεὸς
2667 3174 2826 3228 αὑτὸν
2856 3174 3098 3242 φανεροῖ,
3152 3175 3244 3222 καὶ
3274 3169 3437 3238 ,δῆλον
3474 3169 3563 3220 τὸν
3634 3171 3968 3240 κεκρυμμέ-

719 3303 836 3352 erat
867 3292 1182 3346 absconsus.
1230 3280 1573 3336 Manifestum
1623 3286 1802 3331 autem
1851 3273 2025 3329 reddit
2064 3289 2158 3342 per
2196 3287 2279 3336 ea,

720 3404 839 3461 qua:
861 3383 1112 3444 faciebat,
1143 3375 1422 3432 miracula.
1470 3371 1637 3426 Morbi
1675 3370 1819 3423 enim
1862 3383 1958 3438 per
1991 3367 2166 3436 ipsum
2192 3380 2284 3419 ex-

718 3459 1082 3555 pellebantur,
1106 3479 1504 3541 corporumque
1532 3462 1691 3518 simul
1716 3462 1839 3516 vitia
1866 3470 1920 3516 et
1960 3459 2282 3514 animarum.

722 3548 925 3630 ilarum
959 3577 1139 3620 autem
1176 3561 1367 3629 magis,
1397 3556 1652 3625 quoniam
1687 3569 1749 3607 ea
1776 3567 1918 3620 saepe
1951 3549 2190 3619 corporis
2213 3548 2288 3602 vi-

723 3662 796 3715 tia
831 3654 1123 3712 conciliant
1183 3650 1317 3703 Cum
1373 3643 1528 3699 multi
1571 3655 1703 3713 ergo
1745 3642 1813 3695 ab
1862 3640 1976 3709 ipso
2011 3637 2283 3693 consecuti

721 3759 905 3807 essent
947 3744 1310 3801 curationem,
1346 3745 1401 3790 et
1445 3735 1767 3788 statuissent
1792 3733 1955 3783 vitam
1990 3731 2134 3783 illius
2169 3729 2291 3782 imi-

723 3845 851 3904 tari,
897 3840 986 3892 hic
1016 3845 1231 3902 quoque
1259 3825 1487 3882 aediﬁcat
1536 3823 1764 3878 alterum
1797 3821 2052 3875 virtutum
2081 3818 2293 3874 habila~

725 3932 930 3995 culum,
972 3922 1115 3996 quod
1152 3917 1397 3990 Elpidius
1439 3915 1657 3984 quidem
1692 3921 1876 3983 postea
1922 3910 2287 3980 ampliﬁcavit,

728 4025 808 4076 vir
836 4019 1124 4091 praeclarus
1165 4018 1313 4064 recte
1359 4006 1516 4060 factis
1569 4006 1620 4056 in
1652 4004 2055 4056 exercitatione.
2089 4000 2290 4054 Ducem

727 4120 908 4167 autem
945 4121 1067 4162 eum
1123 4099 1484 4171 appellabant,
1521 4095 1660 4165 quod
1710 4103 1962 4161 tanquam
2013 4091 2128 4145 Dux
2175 4091 2296 4158 qui-

729 4206 852 4259 dam
875 4212 1039 4256 sacra:
1062 4195 1139 4253 illi
1174 4196 1359 4248 Laure
1391 4195 1665 4259 praeesset,
1704 4195 1758 4240 ct
1795 4193 2006 4238 arCeret
2037 4185 2292 4251 impetus,

727 4296 822 4364 qui
867 4296 921 4345 in
963 4305 1080 4342 eam
1125 4285 1344 4346 fiebant,
1391 4295 1528 4350 quos
1562 4278 1776 4347 quidem
1834 4275 2044 4331 Hebraei
2098 4273 2297 4328 infere—

732 4390 882 4448 bant,
919 4383 1009 4451 qui
1043 4379 1356 4432 habitabant
1383 4372 1594 4426 Noeron
1622 4371 1901 4438 praedium,
1935 4368 2076 4436 quod
2106 4368 2183 4420 sic
2204 4381 2295 4420 vo-

730 4479 979 4540 cabatur,
1012 4483 1264 4543 magnum
1293 4466 1513 4521 invidia:
1551 4463 1736 4518 (mlum
1768 4461 2151 4532 parturientes.

805 4569 895 4623 XI.
930 4533 1195 4633 Quoniam
1227 4575 1355 4629 ergo
1400 4558 1486 4613 hic
1521 4571 1758 4626 quoque,
1791 4555 1972 4609 multis
1997 4551 2302 4608 accedenti-
2333 4533 2376 4588 ί)

733 4661 859 4723 bus,
894 4652 1392 4722 interrumpebatur
1437 4648 1486 4701 ei
1540 4647 1694 4714 quies
1739 4659 1801 4698 ac
1842 4645 2138 4707 silentium,
2177 4657 2301 4697 cum

737 4751 856 4805 istis
900 4760 1115 4817 quoque
1160 4739 1441 4795 monachis
1489 4736 1730 4790 dedisset
1778 4735 2214 4797 constitutiones,
2250 4741 2305 4788 et

737 4842 1086 4914 praecepisset
1113 4835 1386 4909 quomodo
1416 4842 1660 4902 oporteat
1688 4830 1863 4884 vivere
1883 4844 1995 4890 eos,
2014 4827 2301 4898 quicuram

740 4945 935 5005 gerunt
965 4934 1178 4994 animae,
1219 4938 1272 4981 et
1302 4942 1425 4980 eum
1462 4925 1812 4995 designasset,
1845 4924 1932 4992 qui
1988 4931 2133 4976 esset
2173 4936 2307 4990 pra:-

741 5030 982 5088 fntu-rus,
1020 5021 1144 5074 hinc
1175 5033 1364 5073 rursus
1410 5016 1638 5080 recedit,
1673 5025 1726 5069 et
1780 5013 1984 5067 accedit
2035 5015 2100 5066 ad
2143 5013 2303 5067 aliam

747 5126 948 5188 partem
982 5112 1314 5173 solitudinis,
1349 5124 1465 5178 quae
1494 5107 1902 5176 quatuordecirn
1928 5107 2115 5162 stadiis
2147 5106 2304 5176 paulo

745 5206 864 5273 plus
897 5213 991 5257 aut
1045 5203 1221 5255 minus
1276 5200 1438 5254 distat
1474 5215 1503 5252 a
1550 5201 1769 5268 regione
1815 5198 2182 5252 Thecoorum.
2218 5197 2307 5252 Sic

739 5299 890 5353 enim
938 5293 1185 5349 Salvator
1221 5293 1406 5346 mundi
1452 5308 1573 5345 eum
1620 5302 1830 5346 mutare
1863 5292 1991 5346 fecit
2022 5291 2306 5344 habitatio-

745 5404 872 5453 pes,
897 5387 1028 5454 quid
1060 5387 1160 5441 sibi
1202 5387 1407 5448 volens,
1444 5395 1498 5440 et
1530 5402 1636 5455 quo
1670 5397 1828 5439 utens
1856 5384 2122 5440 consilio?
2153 5383 2305 5437 Illum

743 5482 961 5550 quidem
997 5478 1223 5532 reddens
1253 5476 1532 5548 cognitum
1569 5487 1618 5531 et
1649 5477 1854 5531 clarum
1891 5478 2142 5530 OﬂlnlbUS
2175 5491 2307 5530 :eos

744 5582 946 5630 autem,
979 5569 1069 5637 qui
1106 5568 1171 5620 ad
1204 5569 1374 5636 ipsum
1409 5567 1743 5620 ventitabant
1779 5569 1957 5637 (erant
1991 5582 2120 5621 vero
2145 5584 2209 5621 ex
2243 5568 2306 5622 iis

745 5663 1055 5730 complures
1079 5659 1348 5730 gentiles),
1379 5661 1575 5732 partim
1600 5658 1814 5728 quidem
1839 5658 2103 5712 inducens
2120 5661 2183 5712 ad
2209 5675 2308 5714 ex-

745 5754 1051 5826 purgandas
1077 5753 1340 5825 baptismo
1370 5755 1600 5818 animas,
1633 5751 1825 5824 partim
1869 5761 2051 5808 autem
2095 5754 2162 5808 ad
2197 5769 2307 5807 mo-

738 5849 1080 5906 nachismum
1111 5865 1204 5919 per
1239 5847 1388 5904 illum
1431 5847 1721 5913 deducens,
1757 5845 1886 5902 Cum
1910 5857 2090 5903 autem
2120 5862 2306 5905 rursus

2390 3288 2477 3324 νον
2509 3267 2662 3329 αὖθις
2691 3265 3018 3334 καθίστησιο
3080 3264 3306 3330 φανεροῖ
3335 3262 3392 3313 δὲ
3427 3260 3496 3314 δι’
3528 3254 3604 3314 ῶν
3628 3262 3808 3314 ἐτέλει
3843 3263 3968 3314 θαυ-

2394 3364 2600 3427 μάτων·
2655 3357 2798 3408 νόσοι
2825 3356 2932 3422 γὰρ
2972 3356 3344 3423 ἀπηλαύνοντο
3370 3354 3437 3408 δι’
3460 3354 3648 3418 αὑτοῦ,
3697 3356 3796 3408 καὶ
3820 3355 3967 3424 πάθη

2393 3449 2660 3518 σωμάτων
2691 3446 2807 3515 ἅμα
2839 3448 2932 3498 καὶ
2966 3446 3071 3496 τῶν
3095 3447 3299 3514 ψυχῶν.
3353 3447 3463 3498 Καὶ
3492 3448 3702 3498 τούτων
3735 3447 3795 3497 δὲ
3839 3448 3970 3515 μᾶλα

2391 3545 2500 3607 λον,
2539 3546 2648 3612 ὅσῳ
2681 3542 2746 3610 δὴ
2777 3541 2868 3593 καὶ
2896 3539 3151 3601 πολλάκις
3173 3540 3281 3592 τῶν
3308 3539 3635 3609 σωματικῶν
3659 3539 3808 3594 αὐτὰ
3840 3539 3970 3593 καθο

2398 3636 2638 3687 ίστανται
2671 3633 2925 3700 πρόξενα.
2980 3630 3281 3697 Τοιγαροῦν
3345 3631 3553 3684 πολλῶν
3613 3630 3750 3700 παρ’
3804 3633 3971 3686 αὑτοῦ

2396 3724 2693 3796 θεραπείας
2728 3723 3094 3790 ἀξιωθέντων,
3123 3724 3217 3774 καὶ
3253 3723 3344 3775 τὸν
3402 3725 3612 3776 ἐκείνου
3648 3725 3766 3793 βίον
3798 3726 3975 3793 ζηλῶ-

2399 3837 2488 3874 σαι
2535 3819 2954 3890 προῃρημένων,
3004 3816 3190 3886 ἕτερον
3250 3814 3526 3887 οἰκοδομεῖ
3578 3817 3675 3870 καὶ
3719 3809 3829 3869 ὧδε
3863 3815 3974 3869 τῶν

2396 3912 2608 3982 ἀρετῶν
2639 3911 2982 3980 οἰκητήριον,
3014 3910 3151 3979 ὅπερ
3203 3909 3470 3970 Ἐλπίδιος
3527 3909 3626 3978 μὲν
3670 3911 3977 3964 ἐπλάτυνεν

2401 4004 2654 4074 ὕστερον.
2692 4003 2833 4071 ἀνὴρ
2872 4005 2982 4065 τοῖς
3010 4003 3333 4072 ἀσκητικοῖς
3377 4001 3520 4071 μάλα
3578 4001 3976 4072 κατορθώμασι

2400 4096 2728 4166 διαπρέψας.
2761 4094 2940 4147 Δοῦκα
2970 4094 3024 4144 δὲ
3046 4093 3210 4144 αὑτὸν
3235 4093 3666 4161 προσηγόρευον,
3694 4093 3775 4162 τῷ
3813 4093 3977 4148 δοῦκά

2401 4204 2521 4239 τινα
2561 4187 2661 4254 τῆς
2691 4189 2842 4253 ἱερᾶς
2875 4187 3038 4256 τῆσδε
3072 4185 3296 4255 Λαύρας
3328 4186 3717 4257 προΐστασθαι,
3747 4190 3846 4241 καὶ
3884 4190 3978 4249 τὰς

2404 4279 2665 4350 ἐπηρείας
2700 4281 2906 4351 εἵργειν
2950 4279 3048 4341 τὰς
3080 4280 3199 4333 κατ’
3235 4280 3427 4348 αὐτῆς,
3462 4281 3531 4342 ἃς
3579 4279 3829 4350 Ἑϐραῖοι
3861 4281 3976 4331 τότε

2404 4375 2453 4426 οἱ
2490 4376 2548 4427 τὸ
2577 4375 2763 4441 νοερὸν
2786 4373 2929 4425 οὕτω
2956 4370 3292 4439 καλούμενον
3319 4373 3595 4431 οἰκοῦντες
3621 4372 3855 4440 χωρίον,
3884 4388 3977 4423 που

2406 4466 2503 4516 λὺιν
2530 4465 2813 4526 ὼδίνοντες
2839 4466 2929 4516 τὸν
2955 4464 3167 4532 φθόνον,
3205 4463 3429 4534 ἐπῆγον.

2480 4556 2592 4610 IA'.
2635 4556 2790 4607 Ἐπεὶ
2831 4550 2925 4607 οὖν
2965 4555 3242 4610 κάνταῦθα
3271 4557 3483 4609 πολλῶν
3515 4559 3879 4627 προσιόντων,
3919 4557 3982 4607 τὰ

2406 4645 2505 4714 τῆς
2557 4647 2785 4717 ἡσυχίας
2845 4648 2993 4718 αὑτῴ
3037 4649 3373 4712 διεκόπτετο,
3431 4648 3830 4716 διαταξάμενος
3886 4650 3977 4700 καὶ

2409 4740 2613 4801 αὐτοῖς,
2650 4741 2744 4791 καὶ
2778 4740 2947 4792 είπὼν
2978 4739 3052 4803 ὡς
3086 4739 3331 4808 προσῆκε
3364 4739 3462 4812 ζῇν
3490 4741 3615 4803 τοὺς
3651 4741 3838 4811 ψυχῆς
3860 4743 3980 4794 ἐπι·

2413 4832 2766 4901 μελομένους,
2829 4832 3101 4898 γνωρίσας
3138 4832 3194 4884 δὲ
3228 4836 3320 4885 καὶ
3368 4835 3457 4885 τὸν
3501 4839 3979 4905 προστησόμενον,

2407 4924 2640 4978 αὐτόθεν
2673 4924 2833 4977 πάλιν
2867 4923 3155 4995 ἀνεχώρει,
3186 4926 3278 4979 καὶ
3303 4928 3382 4988 είς
3412 4927 3602 4996 ἕτερον
3629 4930 3730 4998 τῆς
3774 4933 3982 4999 ἐρήμου

2411 5021 2578 5087 μέρος
2633 5017 2911 5084 ἐπιφοιτᾷ,
2945 5021 3240 5087 τέσσαρσιν
3279 5017 3372 5070 ἐπὶ
3407 5020 3516 5081 τοῖς
3553 5019 3690 5071 δέκα
3727 5020 3985 5083 σταδίοις,

2409 5115 2501 5163 καὶ
2533 5109 2722 5178 μικρῴ
2756 5110 2919 5162 πλέον
2945 5111 2976 5180 ἦ
3004 5111 3226 5164 ἔλαττον
3261 5111 3354 5164 τοῦ
3395 5111 3627 5179 Θεκῲων
3651 5112 3803 5166 οὕτω
3834 5115 3987 5181 λεγο-

2413 5218 2580 5273 μενου
2613 5200 2912 5269 διεστηκὼς
2965 5204 3265 5270 κτήματοςο
3330 5205 3472 5256 οὕτω
3527 5205 3636 5273 γὰρ
3670 5206 3841 5258 αὐτὸν
3897 5208 3989 5267 τὰς

2410 5295 2655 5361 οἰκήσεις
2687 5291 2713 5341 ό
2749 5289 2842 5342 τοῦ
2895 5293 3102 5361 κόσμου
3168 5292 3359 5363 Σωτὴρ
3397 5294 3645 5364 ἀμείὸειν
3692 5297 3893 5360 ἐποίει,
3941 5298 3989 5347 τί

2413 5385 2737 5455 βουλόμενος
2761 5385 2856 5437 καὶ
2881 5385 2932 5434 τί
2950 5386 3056 5454 ἄρα
3091 5387 3234 5439 θεῖον
3254 5387 3586 5458 οἱκονομῶνς
3623 5388 3868 5442 Ἐκεῖνον
3897 5389 3988 5456 μὲν

2409 5474 2687 5544 γνώριμόν
2717 5494 2776 5529 τε
2816 5472 2914 5527 καὶ
2940 5477 3231 5542 καταφανῆ
3265 5475 3400 5526 πᾶσι
3431 5473 3619 5528 ποιῶνο
3671 5478 3803 5538 τοὺς
3828 5476 3884 5528 δὲ
3933 5494 3989 5544 γε

2412 5563 2546 5632 πρδς
2571 5563 2634 5616 αὑ
2651 5563 2730 5614 τὸν
2765 5559 3069 5633 φοιτῶντας
3100 5561 3385 5630 (Ἕλληνες
3406 5561 3460 5616 δὲ
3483 5562 3688 5616 τούτων
3705 5565 3754 5616 οἱ
3780 5563 3990 5624 πλείους

2415 5657 2772 5728 ἐτύγχανον),
2819 5650 2986 5709 τοῐτο
3028 5653 3127 5720 μὲν
3183 5654 3263 5718 είς
3308 5655 3485 5727 ψυχῆς
3551 5655 3826 5724 κάθαρσιν
3878 5658 3991 5709 ἐνά-

2414 5766 2546 5817 γων,
2578 5750 2734 5804 τοῦτο
2761 5750 2815 5803 δὲ
2849 5755 2940 5801 καὶ
2986 5745 3186 5816 μᾶλλον
3220 5748 3355 5818 πρὸς
3394 5749 3492 5818 τὴν
3518 5748 3597 5808 είς
3630 5747 3798 5802 αὑτὸν
3817 5749 3988 5802 πίστι-δ

2417 5843 2480 5893 δι’
2507 5845 2717 5899 ἐκείνου
2745 5840 3124 5915 χειραγωγῶν.
3161 5839 3381 5894 Πολλῶν
3437 5840 3489 5894 δέ
3522 5843 3608 5894 καὶ
3646 5841 3811 5904 αὖθις
3841 5839 3988 5892 ἀδελ-
