4148 6492
145 470 254 534 913

1396 461 1568 519 ἮΤΑ
1614 458 1652 516 S
1713 455 2202 515 CHARlTUNlS.

3309 443 3414 508 9H

158 590 272 657 φῶν
307 588 808 659 συναγειρομὲνων,
840 585 888 638 οῖ
918 586 982 654 τῇ
1042 582 1137 634 τοῦ
1175 579 1392 646 κόσμου
1428 579 1544 645 μὲν,
1580 577 1653 635 ὡς
1692 572 1750 625 ἂν

1865 571 2016 623 multi
2044 570 2239 624 fratres
2269 581 2747 640 congregarentur,
2779 565 2871 636 qui
2903 562 3084 618 mundi
3106 559 3417 630 quidetn.ut

164 687 308 736 ιῐποι
361 700 470 748 τις,
495 683 855 736 ἁπετάττοντο
907 677 1180 744 ἀκοσμῖᾳο
1217 671 1343 739 Θεῷ
1398 670 1452 722 δὲ
1498 669 1589 720 καὶ
1639 667 1748 727 τοῖς

165 775 307 826 κατὰ
339 773 478 826 Θεὸν
531 773 696 837 ζῶσιν
753 769 989 831 εὐλαίῶς
1046 763 1454 820 συνετάττοντο
1491 760 1752 828 (ἤκουσαν

164 868 271 937 γὰρ
308 866 404 919 τοῦ
456 867 599 919 θείου
624 865 807 919 τούτου
845 865 936 916 καὶ
972 863 1128 930 ἱεροῦ
1181 857 1440 927 ῥήματος
1467 871 1480 884 ο
1527 850 1753 915 Ἀγαθὸν

162 960 318 1028 ἀνδρὶ
371 961 396 1012 ε
429 959 476 1010 τ’
511 960 576 1012 ἂν
607 959 711 1028 ἄρῃ
759 957 913 1023 ζυγὸν
944 955 1008 1005 ἐκ
1058 950 1316 1017 νεότητος
1367 944 1579 1012 αὐτοῦ),
1616 943 1752 996 καθ-

168 1051 326 1121 ίσῃτε
387 1047 820 1116 καταμόνας,είς
861 1046 1018 1113 ἔργον
1079 1042 1266 1102 αὐτοῖς
1320 1039 1383 1091 τὸ
1443 1035 1580 1088 κατὰ
1633 1034 1753 1085 νοῦν

167 1142 431 1205 ἑξέόαινε.
469 1142 566 1194 Διὰ
605 1139 775 1192 ταῦτα
819 1140 912 1190 καὶ
949 1137 1152 1207 ἑτέραν
1186 1135 1375 1184 ἐκεῖσε
1413 1127 1751 1183 κατασκευά-

166 1231 250 1298 Cat
318 1232 540 1303 Δαύραν
593 1231 620 1281 ὁ
658 1229 968 1297 θαυμαστὸς
1026 1220 1185 1285 οὗτος
1236 1221 1524 1291 Χαρίτων,
1576 1219 1751 1287 ἥνπερ

167 1326 297 1377 ῐνιοι
343 1326 439 1392 μὲν
487 1327 550 1392 τῇ
617 1324 765 1393 Σύρα
818 1320 1034 1390 γλώττῃ
1099 1317 1316 1370 Σουκὰν
1374 1311 1749 1382 ὀνομάζουσιν.

239 1416 339 1470 IB'.
361 1415 502 1468 Ἀλλ’
535 1411 670 1486 ἧκεν
699 1417 829 1485 ἡμῖν
865 1413 1004 1466 κατὰ
1040 1412 1220 1481 βραχὺ
1254 1407 1502 1478 βαδίζων
1523 1409 1549 1459 ὁ
1573 1406 1748 1472 λόγος·

168 1508 263 1558 ἑπὶ
291 1506 354 1558 τὸ
383 1505 697 1558 τελευταῖον
751 1503 850 1570 μὲν
903 1506 968 1571 τῇ
1003 1501 1180 1566 τάξει,
1220 1498 1444 1568 πρῶτον
1473 1495 1526 1547 δὲ
1559 1497 1624 1565 τῇ
1667 1493 1755 1546 δυ-

167 1600 349 1667 νάμει.
383 1597 580 1666 καὶτῷ
627 1596 895 1666 μεγαλείῳ
937 1593 1032 1646 τοῦ
1088 1592 1393 1660 θαύματος.
1433 1587 1586 1638 Ἐπεὶ
1643 1587 1750 1655 γὰρ

167 1689 243 1752 ὡς
276 1689 492 1751 οὐδενὸς
526 1688 684 1742 ἄλλου
740 1685 1056 1756 ἐφρόντιζεν
1119 1680 1376 1749 ἡσυχίας,
1440 1677 1513 1746 μὴ
1546 1676 1751 1741 ἀγνοῶν

167 1784 269 1836 ὅσα
305 1782 440 1852 πρὸς
483 1780 684 1852 ἀρετὴν
713 1779 850 1847 αὕτη
887 1776 1114 1830 δύναται
1171 1771 1448 1824 συντελεῖν
1490 1767 1751 1838 σπήλαιόν

167 1890 223 1927 τι
274 1874 611 1942 καταμαθὼν
671 1869 761 1922 ἑπί
820 1884 963 1929 τινος
1007 1867 1194 1932 ὄρους,
1254 1860 1611 1932 κρημνώδους
1656 1858 1826 1960 καὶΒ

175 1965 455 2032 ἀποτόμου
488 1963 762 2030 κείμενον,
817 1959 877 2011 ού
913 1959 1107 2027 πόρῤω
1143 1955 1197 2008 δὲ
1232 1957 1333 2023 τῆς
1374 1955 1523 2024 ἱερᾶς
1550 1952 1749 2021 ταύτης

170 2052 394 2122 Λαύρας
424 2049 753 2120 ἀφεστηκὸς,
805 2047 831 2100 δ
873 2046 934 2098 τὸ
969 2043 1302 2115 Κρεμαστδν
1338 2042 1415 2104 είς
1457 2040 1614 2110 δεῦρο
1641 2057 1750 2091 xz-

169 2145 343 2196 λεῖται
381 2143 636 2213 (βάσιμον
667 2142 776 2211 γὰρ
833 2141 934 2192 οὐκ
964 2139 1145 2202 ἄλλως
1195 2138 1243 2189 εἰ
1286 2135 1360 2205 μὴ
1407 2133 1635 2199 κλίμακι
1673 2132 1752 2204 τῷ

173 2235 483 2305 βουλομένῳ
508 2233 762 2301 γίνεται),
796 2231 958 2284 τοῦτο
986 2233 1014 2284 ὁ
1045 2232 1296 2298 γενναῖος
1321 2229 1484 2280 οἰκεῖ.
1541 2227 1750 2296 Χρόνου

165 2327 226 2381 δι
260 2327 556 2388 διελθόντος
580 2325 794 2395 συχνοῦ,
827 2326 922 2376 καὶ
949 2322 1110 2376 τοῦτο
1141 2321 1238 2391 μὲν
1276 2321 1446 2388 γήρᾳ,
1496 2317 1652 2370 τοῦτο
1695 2317 1750 2369 δὲ

173 2416 270 2471 καὶ
305 2419 418 2478 τοῖς
446 2419 676 2484 μακροῖς
711 2417 806 2483 τῆς
837 2415 1130 2483 ἀσκήσεως
1183 2411 1366 2472 πόνοις
1399 2407 1749 2470 ἐνδεδωκότος

173 2507 326 2577 αὐτῷ
367 2507 464 2558 τοῦ
526 2504 794 2574 σώματος’
830 2506 924 2556 καὶ⁷
957 2505 1058 2571 οὐχ
1098 2504 1210 2555 οἴου
1262 2519 1320 2553 τε
1379 2503 1532 2564 δντος
1574 2498 1748 2570 ἑαυτῴ

171 2599 536 2668 λειτουργεῖν,
567 2596 663 2649 καὶ
690 2596 837 2666 ὓδωρ
867 2594 1292 2664 μετακομίζειν,
1321 2595 1481 2655 αὐτὸς
1516 2593 1589 2660 μὴ
1631 2590 1753 2661 βου-

169 2689 396 2758 λόμενος
421 2689 580 2742 πάλιν
601 2688 769 2756 ἑτέρῳ
784 2685 1076 2756 ἑπιτρέψαι
1097 2683 1195 2756 τὴν
1217 2683 1557 2754 λειτουργίαν
1573 2700 1586 2712 ο
1614 2683 1748 2738 ἀ).λά

168 2783 230 2834 τὸ
261 2782 514 2850 φοστικδς
549 2781 673 2849 (sic)
696 2818 709 2842 ,
743 2779 918 2831 δοκεῖν
967 2777 1297 2845 διαφεύγων,
1321 2774 1372 2828 τί
1408 2777 1549 2827 ποιεῖ
1573 2792 1588 2841 ;
1612 2772 1747 2826 Θεοῦ

170 2872 343 2924 δεῖται
374 2872 465 2923 τοῦ
498 2872 564 2923 τὰ
596 2871 831 2923 ἀδύνατα
861 2868 1063 2920 δυνατὰ
1104 2870 1280 2920 ποιεῖν
1303 2865 1624 2935 δυναμένου,
1655 2865 1748 2918 καὶ

178 2964 354 3032 πέτρα
386 2962 549 3014 πάλιν
593 2961 714 3030 οὐχὶ
777 2962 974 3030 ράίδῳ,
1038 2959 1154 3012 ἀλλ’
1201 2959 1332 3028 εὐχῇ
1383 2960 1743 3028 παταχθεῖσα,

174 3053 317 3123 ὕδωρ
352 3052 577 3120 ἀφίησιν
627 3053 726 3104 οὐκ
785 3050 1000 3104 ἀπειθεῖ
1031 3048 1147 3119 λαῷ
1204 3049 1299 3102 καὶ
1359 3047 1747 3118 ἀνόμῳνάλλὰ

169 3147 266 3200 καὶ
295 3145 538 3199 ιῦπειθεῖ
563 3145 701 3210 λίαν,
730 3146 822 3196 καὶ
840 3142 974 3196 Θεοῦ
1008 3142 1194 3212 νόμοις
1225 3143 1446 3196 εἴκοντι.
1489 3141 1582 3193 Ἐκ
1616 3143 1746 3209 μιᾶς

1857 659 1925 715 ita
1962 661 2212 727 dixerim,
2244 660 2598 715 immunditiae
2642 655 3024 713 renuntiabant
3072 652 3419 723 (audiverant

1855 751 1999 805 enim
2025 751 2266 805 divinum
2306 751 2407 806 hoc
2443 761 2497 805 et
2525 765 2736 806 sacrum
2781 748 3004 800 verbum
3041 764 3054 799 :
3083 729 3288 798 Bonum
3318 744 3417 797 ho-

1857 842 2009 903 mini,
2035 843 2254 910 quando
2283 843 2462 896 tulerit
2495 843 2684 912 jugum
2715 855 2741 892 a
2767 840 3058 908 juventutc
3102 851 3220 899 sua,
3249 844 3303 890 et
3333 848 3421 889 se—

1856 933 1996 988 derit
2025 933 2315 1002 seorsum),
2345 937 2605 1002 processit
2633 934 2697 987 ad
2723 947 2883 1001 opus.
2919 928 3060 999 quod
3095 936 3210 981 erat
3241 942 3305 980 ex
3327 941 3418 979 eo-

1859 1039 1975 1077 rum
2000 1027 2290 1078 sententia.
2326 1024 2610 1092 Propterea
2632 1024 2786 1076 aliam
2819 1035 3033 1091 quoque
3063 1019 3169 1072 illic
3193 1017 3420 1072 mdilicat

1855 1114 2087 1168 Lauram
2119 1115 2450 1169 admirabilis
2505 1114 2592 1168 hic
2625 1114 2883 1168 Cliariton
2916 1131 2928 1164 :
2961 1127 3122 1182 quam
3172 1109 3417 1163 nonnulli

1858 1214 2077 1280 quidem
2117 1214 2294 1282 lingua
2348 1214 2478 1281 Syra
2525 1209 2720 1264 Sucam
2773 1209 3074 1271 nominant,
3121 1205 3208 1260 alii
3239 1213 3418 1258 autem

1855 1319 1985 1357 voce
2022 1304 2207 1358 Grmca
2232 1313 2467 1357 veterem
2502 1301 2730 1354 Lauram
2760 1299 3052 1368 appellant.

1924 1394 2038 1449 XII.
2084 1396 2190 1449 Sed
2225 1395 2382 1448 nobis
2415 1393 2674 1463 paulatim
2721 1391 3016 1460 procedens
3064 1389 3213 1444 venit
3245 1389 3420 1442 oratio

1855 1487 1920 1541 ad
1953 1486 2004 1540 id
2044 1529 2057 1551 ,
2101 1485 2243 1556 quod
2273 1494 2356 1540 est
2393 1485 2640 1538 ultimum
2687 1483 2901 1545 quidem
2936 1481 3146 1544 ordine,
3185 1481 3418 1549 primum

1854 1587 2035 1632 autem
2061 1576 2259 1630 virtute
2321 1585 2374 1629 et
2408 1573 2649 1628 miraculi
2699 1572 3091 1643 magnitudine.
3129 1569 3262 1624 Nam
3299 1585 3420 1624 cum

1853 1683 2038 1722 curam
2068 1676 2280 1735 gereret
2311 1667 2509 1736 quietis
2535 1672 2589 1719 et
2628 1665 2833 1720 silentii
2873 1676 2929 1718 ut
2965 1664 3167 1718 nullius
3196 1663 3422 1717 alterius

1856 1762 1929 1814 rei
1963 1761 2133 1830 magis
2156 1803 2168 1824 ,
2213 1776 2321 1813 non
2354 1759 2612 1830 ignorans
2643 1768 2908 1828 quantum
2959 1767 3142 1828 posset
3175 1754 3422 1812 conferre

1854 1849 1921 1903 ad
1953 1849 2230 1909 virtutem.
2252 1865 2374 1903 cum
2401 1848 2705 1904 rescivisset
2728 1863 2847 1904 esse
2887 1850 3170 1919 quamdam
3208 1846 3426 1916 spelun-

1854 1955 1972 1994 cam
2005 1939 2057 1992 in
2093 1939 2353 2009 praecipiti
2387 1939 2603 2008 quidem
2639 1950 2693 1994 et
2723 1950 2998 2010 praerupto
3019 1948 3205 1993 monte
3236 1937 3420 1998 sitam,

1852 2033 1946 2086 sed
1973 2046 2083 2085 non
2119 2031 2275 2102 longe
2307 2030 2597 2084 distantem
2638 2030 2706 2084 ab
2742 2031 2842 2084 hac
2873 2045 3030 2084 sacra
3075 2029 3272 2092 Laura,
3305 2040 3422 2095 quae

1855 2135 2024 2190 usque
2069 2120 2123 2174 in
2167 2120 2491 2175 hodiernum
2529 2119 2674 2174 diem
2734 2121 3034 2190 appellatur
3081 2119 3418 2176 Cremastos.

1854 2208 1906 2262 id
1941 2217 2046 2272 est,
2081 2207 2458 2276 pensilis(non
2491 2208 2635 2262 enim
2670 2219 2848 2278 potest
2884 2210 3005 2279 quis
3032 2209 3098 2264 ad
3125 2207 3294 2278 ipsam
3334 2222 3424 2261 ac-

1852 2298 2069 2360 cedere,
2103 2297 2208 2351 nisi
2258 2296 2465 2367 scalis),
2499 2312 2617 2352 eam
2660 2298 2869 2354 habitat
2903 2300 2984 2352 vir
3029 2298 3116 2352 ille
3150 2296 3418 2367 egregius.

1850 2387 1986 2443 Cum
2017 2397 2196 2443 autem
2220 2388 2449 2442 multum
2475 2390 2736 2456 temporis
2764 2389 3130 2459 prazteriisset,
3148 2397 3201 2443 et
3225 2389 3420 2459 partim

1851 2480 2069 2551 quidem
2105 2477 2282 2543 senio,
2315 2480 2509 2548 partim
2549 2487 2728 2533 autem
2763 2480 2934 2552 longis
2975 2479 3248 2534 laboribus
3271 2493 3425 2533 exer—

1853 2569 2146 2632 citationis,
2183 2567 2232 2620 ei
2265 2569 2549 2622 remissum
2583 2577 2728 2622 esset
2752 2584 2956 2636 corpus
2993 2587 3005 2622 :
3041 2575 3094 2623 et
3123 2583 3302 2637 neque
3320 2568 3419 2624 sibi

1855 2669 2037 2730 posset
2073 2659 2379 2715 ministrare
2401 2671 2454 2713 et
2490 2675 2682 2730 aquam
2714 2659 2928 2721 all‘erre,
2971 2661 3081 2730 ipse
3117 2660 3304 2715 nolens
3331 2662 3421 2714 alii

1853 2767 2042 2804 rursus
2070 2750 2173 2803 hoc
2201 2751 2457 2804 mandare
2485 2753 2866 2818 ministerium,
2899 2754 3025 2822 quid
3062 2754 3225 2808 facit?
3253 2753 3419 2807 Deum

1852 2853 2027 2916 rogat,
2061 2843 2174 2913 qui,
2207 2858 2326 2914 qua:
2360 2843 2473 2898 fieri
2505 2858 2611 2898 non
2661 2853 2912 2914 possunt,
2946 2843 3124 2899 facere
3156 2855 3333 2916 potest
3365 2855 3422 2899 ut

1851 2942 1983 2995 liant
2024 2959 2037 2994 :
2075 2954 2127 2995 et
2174 2949 2323 3010 petra
2376 2955 2598 3001 rursus,
2641 2955 2748 2994 non
2801 2943 2946 3012 virga
3003 2956 3277 3012 percussa,
3328 2940 3421 2995 sed

1848 3033 2185 3102 precatione,
2219 3046 2409 3100 aquam
2442 3031 2663 3096 emittit,
2694 3046 2804 3086 non
2835 3033 2884 3086 in
2924 3031 3194 3087 obedienti
3229 3042 3424 3086 contu-

1851 3123 2104 3193 macique
2133 3122 2431 3192 popul0,et
2454 3122 2658 3191 iniquo,
2691 3124 2784 3178 sed
2833 3124 2985 3178 valde
3037 3123 3330 3187 obedienti,
3368 3131 3422 3177 et

172 3238 283 3310 γάρ
328 3237 422 3291 τοῦ
477 3239 676 3307 ἄντρου
720 3235 962 3306 πλευρᾶς
1012 3211 1158 3302 ῠίωρ
1210 3235 1370 3296 εὐθὺς
1401 3235 1593 3286 ἑελυσε
1646 3233 1747 3302 ψυ-

1853 3215 2067 3269 cedenti
2105 3214 2198 3269 Dei
2229 3213 2458 3285 legibus.
2500 3211 2576 3267 Ex
2607 3229 2718 3268 uno
2745 3214 2890 3268 enim
2922 3214 3062 3269 antri
3098 3214 3264 3268 latere
3295 3229 3419 3283 pro-

171 3331 434 3402 χρότατζν
456 3347 514 3382 τε
543 3331 635 3382 καὶΙ
665 3329 1047 3386 διειδέστατον,
1079 3326 1107 3377 ὃ
1141 3325 1233 3377 καὶ
1267 3326 1343 3385 είς
1376 3322 1535 3392 δεῦρο
1569 3325 1742 3391 μένει,

169 3421 233 3475 οὐ
257 3420 416 3490 δίψαν
447 3420 638 3480 ἁπλῶς
673 3419 922 3488 ἰώμενον,
951 3417 1086 3469 ἀλλὰ
1120 3416 1217 3470 καὶ
1247 3415 1549 3486 μαρτύριον
1583 3416 1745 3484 ἀκρι-

170 3513 264 3577 σὲς
295 3514 603 3584 γινόμενον,
634 3506 700 3586 ἧς
737 3507 849 3582 εἶχε
884 3508 1142 3582 Χαρίτων
1185 3509 1321 3580 πρὸς
1369 3509 1499 3563 θεὸν
1534 3507 1747 3562 οἰκειώι

172 3622 329 3672 σεως.

247 3763 342 3818 1Γ’.
380 3766 444 3817 Τί
477 3764 554 3816 ἑτι
592 3764 746 3835 ςτὴν
775 3766 874 3834 τῆς
915 3762 1181 3831 ἐκδημίας
1207 3759 1298 3816 τοῦ
1338 3761 1746 3833 σιῖλματοςὴμέ-

177 3875 304 3930 ραν,
344 3858 546 3930 μᾶλλον
571 3856 626 3910 δὲ
680 3857 813 3929 πρὸς
845 3855 976 3910 Θεὸν
1004 3855 1275 3927 ἐκδημίαν
1310 3855 1473 3926 (οὕτω
1521 3857 1629 3925 γὰρ
1675 3856 1750 3909 εί-

171 3951 295 4000 πεῖν
324 3949 701 4017 οἰκειότερον),
735 3951 798 4001 ὲκ
821 3947 971 4010 Θείας
1009 3947 1410 4015 ἀποκαλύψεως
1437 3950 1527 4000 tu!
1554 3947 1748 4016 θύραις

171 4033 316 4089 εἶναι
343 4037 670 4103 διεγνωκὼς,
707 4038 952 4100 ἅπαντας
1004 4039 1102 4106 μὲν
1137 4039 1210 4098 ὡς
1245 4037 1407 4089 αύτὶν
1440 4038 1594 4089 καλεῖ
1624 4039 1748 4103 τοὺς

169 4127 274 4180 τῶν
306 4128 613 4198 είρημένων
646 4129 810 4198 τριῶν
863 4127 1124 4198 σεμνείων
1191 4128 1453 4200 ποιμένας
1504 4130 1622 4201 ἅμα
1655 4134 1750 4184 καὶ

170 4223 419 4292 ποίμνια,
492 4224 586 4273 καὶ
640 4223 844 4277 ἅπασιν
903 4223 1037 4294 ὁμοῦ
1092 4222 1301 4284 τούτοις
1345 4225 1424 4284 εἰς
1455 4223 1553 4290 τὴν
1601 4224 1750 4292 ἱερὰν

168 4321 536 4390 παραγίνεται
601 4320 822 4392 Λαύραν
870 4321 1077 4388 Φαράν,
1134 4319 1222 4370 ἴνα
1283 4318 1349 4387 δὴ
1409 4316 1468 4368 τὸ
1526 4319 1751 4388 πρῶτον

167 4410 484 4479 ἀσκητικῶν
507 4409 729 4478 ἀγώνων
765 4410 1256 4481 ἱδρῶταςὲσταξεν.
1301 4409 1516 4479 Ὥσπερ
1549 4411 1604 4464 δέ
1630 4429 1750 4463 τινα

169 4503 376 4570 κλῆρον
413 4503 597 4565 αὐτοῖς
652 4506 841 4574 ἀφιεὶς
868 4505 966 4568 τὰς
1000 4506 1152 4573 ἱερὰς
1200 4503 1367 4557 αὐτοῦ
1411 4505 1652 4569 ἑντολάς,
1687 4505 1748 4557 ού

1855 3305 2002 3360 tinus
2058 3305 2307 3360 scaturiit
2362 3319 2499 3374 aqua
2540 3303 2886 3374 frigidissima
2925 3316 2979 3360 et
3023 3304 3418 3374 limpidissima,

1847 3409 1968 3463 qua
1994 3406 2180 3449 manet
2224 3412 2394 3469 usque
2433 3398 2486 3449 in
2533 3395 2854 3451 hodiernum
2893 3398 3056 3460 diem,
3089 3413 3200 3451 non
3253 3397 3418 3451 solam

1849 3486 1994 3541 sitim
2023 3488 2237 3550 sedans,
2270 3487 2360 3542 sed
2392 3503 2510 3556 qua:
2535 3496 2618 3542 est
2648 3488 2811 3544 etiam
2837 3487 3134 3559 perfectum
3177 3488 3421 3543 testimo-

1851 3579 2002 3632 nium
2028 3577 2468 3642 necessitudinis,
2512 3594 2674 3648 quam
2707 3594 2827 3632 cum
2876 3579 2984 3634 Deo
3021 3578 3251 3634 habebat
3280 3577 3421 3633 Cha-

1852 3682 2016 3724 l'llOD.

1919 3781 2058 3838 Xlll.
2090 3786 2229 3852 Quid
2260 3790 2530 3860 amplius?
2553 3790 2688 3844 Cum
2720 3804 2874 3842 suum
2912 3805 2940 3841 a
2973 3799 3198 3856 corpore
3227 3777 3419 3839 estes-

1851 3889 1995 3941 sum,
2032 3879 2115 3932 vel
2141 3881 2321 3949 potius
2349 3883 2413 3937 ad
2447 3880 2612 3936 Deum
2649 3895 2928 3935 accessum
2965 3878 3064 3946 (sic
3087 3877 3420 3946 euimmagis

1851 3969 2107 4021 convenit
2146 3968 2346 4035 dicere)
2405 3985 2467 4021 ex
2525 3969 2707 4022 divina
2756 3968 3090 4023 revelatioue
3127 3968 3178 4020 in
3211 3965 3423 4020 foribus

1853 4054 2043 4110 adesse
2074 4060 2436 4127 cognovisset,
2467 4074 2658 4112 omnes
2694 4060 2913 4128 quidem
2959 4060 3224 4111 dictorum
3257 4058 3422 4110 trium

1853 4150 2305 4205 monasteriorum
2335 4162 2577 4221 pastores
2599 4151 2757 4205 simul
2788 4163 2839 4204 et
2856 4163 3040 4221 greges
3064 4147 3128 4202 ad
3152 4166 3208 4202 se
3235 4163 3421 4201 accer-

1854 4239 1944 4300 sit,
1979 4248 2033 4291 et
2082 4239 2242 4292 simul
2301 4255 2422 4292 cum
2478 4241 2561 4293 liis
2609 4240 2860 4293 omnibus
2914 4237 3058 4293 venit
3097 4237 3162 4292 ad
3213 4253 3419 4290 sacram

1853 4325 2084 4380 Lauram
2118 4326 2351 4380 Pharum
2381 4328 2600 4391 dictam,
2641 4326 2728 4380 ubi
2769 4329 3000 4396 primum
3034 4326 3418 4378 distillavitsu-

1853 4417 2014 4473 dores
2051 4421 2408 4473 certaminum
2459 4419 2889 4475 exercitationis.
2928 4418 3205 4485 Tanquam
3243 4427 3418 4470 autem

1855 4512 2144 4580 quamdam
2189 4512 2557 4567 lirereditatem
2592 4521 2935 4566 sacrosancta
2993 4511 3072 4562 eis
3099 4510 3420 4577 relinquens

168 4591 431 4665 χρήματα
491 4591 586 4644 καὶ
617 4593 850 4646 πλοῦτον
890 4596 1156 4662 ἑπίκηρον
1217 4594 1603 4662 προξενούσας,
1637 4595 1750 4647 ἀλλ’

1856 4613 2146 4672 praecepta,
2178 4619 2296 4673 qua:
2322 4619 2428 4657 non
2462 4604 2728 4672 pecunias
2759 4610 2813 4656 et
2850 4609 3260 4655 momentaueas
3291 4615 3421 4668 epes

165 4673 242 4732 ὧν
265 4681 430 4742 αὐτὸς
463 4681 570 4751 ἦρα
618 4683 807 4736 καλῶν
868 4685 979 4745 τοῖς
1047 4686 1153 4736 τῶν
1205 4685 1406 4754 ὁμοίων
1434 4687 1635 4755 ἐρῶσιν
1669 4690 1754 4740 ού-

164 4773 358 4826 δέποτε
392 4775 710 4844 φθείρεσθαι
767 4777 1020 4838 δυνατὸν,
1071 4777 1242 4845 λόγων
1295 4776 1468 4839 οὕτως
1522 4780 1752 4848 ἑχόντων

164 4867 304 4936 πρὸς
336 4867 527 4930 αὐτοὺς
557 4868 816 4940 ἄρχεται·
871 4870 1014 4935 Ἐγώ
1053 4871 1172 4940 μὲν,
1227 4870 1417 4936 τέκνα,
1464 4871 1562 4940 ἤδη
1616 4872 1754 4940 πρὸς

167 4958 305 5012 Θεδν
331 4960 630 5030 ἐπείγομαι
669 4967 764 5016 καὶ
799 4964 826 5015 δ
879 4965 1070 5032 καιρὸς
1123 4965 1218 5031 τῆς
1270 4965 1406 5034 ἐμῆς
1450 4953 1753 5035 ἐφέστηκεν

168 5051 510 5112 ἀναλύσεως.
546 5052 665 5121 Χρὴ
702 5050 799 5105 οὖν
841 5057 985 5122 ὑμᾶς
1022 5056 1342 5124 ἐπιμέλειαν
1395 5055 1504 5106 τῶν
1535 5059 1751 5109 οἰκείων

172 5141 365 5196 θέσθαι
393 5141 607 5212 ψυχῶν,
641 5142 744 5204 ἕως
776 5144 900 5195 ἑστὶ
966 5146 1176 5219 καιρὸς,
1214 5145 1419 5212 εἰδυίτας
1465 5147 1546 5202 ὅτι
1589 5166 1751 5218 μετα-

174 5237 324 5298 νοίας
355 5237 496 5303 μετὰ
542 5236 768 5291 θάνατον
814 5237 963 5310 ἰσχὺς
1017 5241 1282 5310 οὐδεμία’
1318 5241 1434 5296 ἀλλ’
1480 5244 1598 5294 ἐκεῖ
1653 5245 1749 5310 μὲν

175 5325 288 5378 τῶν
320 5327 650 5385 ἀντιδόσεων
696 5336 724 5385 ὀ
772 5333 983 5402 καιρὸς,
1037 5332 1273 5386 ἐνταῦθα
1323 5334 1379 5384 δὲ
1421 5333 1529 5384 τῶν
1573 5335 1750 5385 πόρων

177 5421 273 5473 καὶ
306 5420 419 5477 τῶν
453 5425 704 5494 ἀγώνων,
749 5428 841 5479 καὶ
883 5427 964 5478 ὅτι
1001 5425 1108 5477 τῶν
1169 5427 1449 5507 παρόντων
1481 5425 1578 5477 κᾶν
1622 5442 1748 5495 τερ-

179 5521 312 5571 πνὸν
408 5522 572 5571 τεκαὶ
595 5516 869 5586 ὀφθαλμὸν
903 5519 1191 5588 εὐφραῖνον
1295 5520 1570 5586 φάρυγγα,
1616 5518 1751 5571 ἀλλὰ

181 5617 392 5687 ταχέως
437 5615 520 5682 ῥεῖ
551 5617 643 5665 καὶ
674 5614 750 5674 εἰς
800 5611 858 5662 τὸ
905 5617 979 5679 μὴ
1035 5611 1094 5662 ’ὸν
1154 5611 1513 5679 περιίπαται,
1557 5614 1662 5662 κᾶν
1699 5628 1748 5660 τι

180 5707 426 5774 λυπηρὸν
457 5705 547 5756 καὶ
573 5703 846 5762 ἐπίπονον,
876 5703 964 5753 καὶ
995 5702 1150 5754 τοῦτο
1178 5702 1310 5769 tax-2i
1343 5685 1604 5770 λιῖοίιέιην
1641 5702 1746 5769 ἔχει

185 5797 278 5848 καὶ
327 5799 664 5863 πράσκαιρον
719 5793 816 5859 τὴν
866 5792 1056 5860 ὀδύνην
1093 5809 1108 5826 ο
1173 5791 1279 5843 τῶν
1325 5790 1622 5859 pali/ivno)
1674 5790 1744 5850 δὲ,

185 5888 277 5942 καὶ
306 5886 366 5938 τὺ
398 5886 688 5956 εὐφραῖνον
719 5883 930 5936 αἰώνιον
1026 5885 1111 5936 καὶ
1137 5883 1192 5935 τὸ
1227 5883 1454 5950 suam
1488 5875 1569 5936 ἀεί
1624 5897 1746 5932 ποτε

1856 4693 2239 4757 conciliabant,
2275 4693 2368 4746 scd
2413 4708 2498 4756 ea,
2557 4707 2678 4762 qua:
2728 4692 2842 4764 ipse
2892 4693 3127 4756 amabat,
3162 4691 3299 4745 bona
3333 4690 3418 4751 iis,

1854 4785 1943 4852 qui
1977 4784 2172 4841 sinnlia
2209 4786 2459 4856 diligunt,
2497 4801 2774 4855 nunquam
2819 4786 3128 4848 interitura,
3165 4785 3244 4838 sic
3273 4782 3418 4851 loqui

1855 4876 2084 4946 incipit:
2119 4879 2228 4946 Ego
2267 4879 2510 4947 quidem,
2560 4894 2591 4932 0
2640 4877 2762 4940 (illi,
2790 4877 2902 4946 jam
2962 4875 3026 4929 ad
3081 4875 3247 4929 Deum
3286 4889 3420 4928 con.

1857 4970 2040 5032 tendo,
2084 4979 2135 5022 ct
2172 4970 2316 5024 venit
2351 4980 2564 5040 tempus
2608 4985 2741 5024 mea:
2792 4969 3154 5024 resolutionis.
3195 4966 3421 5036 Oportet

1853 5073 1980 5132 ergo
2021 5075 2116 5115 vos
2152 5071 2450 5113 vestrarum
2487 5062 2792 5114 animarum
2832 5073 3015 5114 curam
3050 5073 3258 5128 gerere,
3289 5060 3416 5114 dum

1855 5166 1937 5206 cst
1967 5163 2199 5227 tempus,
2232 5152 2472 5206 scientes
2514 5163 2638 5222 post
2668 5164 2894 5208 mortem
2937 5151 3115 5204 nullus
3136 5167 3253 5203 esse
3278 5153 3417 5201 vires

1856 5244 2212 5313 pwniteutia‘,
2242 5245 2336 5298 sed
2381 5244 2487 5298 illic
2528 5246 2742 5312 quidem
2776 5259 2893 5298 esse
2923 5253 3134 5310 tempus
3167 5252 3418 5295 remune-

1856 5338 2153 5396 rationum,
2196 5335 2283 5388 hic
2323 5347 2504 5389 autem
2547 5336 2790 5389 laborum
2844 5344 2896 5389 et
2927 5333 3288 5388 certaminum
3325 5343 3421 5386 :et

1856 5429 2201 5497 praesentium
2233 5429 2471 5496 quidem,
2504 5443 2597 5481 seu
2646 5429 2714 5483 sit
2766 5428 2964 5497 aliquid
3007 5426 3333 5494 jucundum,
3367 5435 3420 5480 et

1853 5521 1994 5588 quod
2030 5521 2261 5573 delet-tat
2310 5521 2496 5574 oculos
2543 5530 2636 5572 aut
2703 5530 2907 5590 guttur,
2939 5518 2989 5572 id
3025 5519 3135 5574 cito
3169 5519 3332 5573 ﬂuere
3367 5529 3420 5572 et

1855 5613 2019 5682 redigi
2053 5611 2114 5663 ad
2143 5612 2368 5664 nihilqu
2406 5630 2418 5664 :
2451 5629 2542 5664 seu
2585 5613 2867 5665 molestum
2898 5623 2948 5666 et
2975 5613 3325 5675 laboriosum,
3366 5612 3418 5665 id

1854 5717 2067 5768 quoque
2111 5702 2332 5764 habere,
2381 5704 2468 5770 qui
2523 5703 2812 5755 resolvitur
2859 5714 2913 5756 et
2956 5712 3036 5756 est
3087 5704 3153 5756 ad
3185 5712 3414 5771 tempus,

1856 5793 2094 5844 dolorem
2133 5809 2145 5845 :
2183 5796 2488 5846 futurorum
2525 5804 2703 5847 autem
2760 5801 2810 5846 et
2847 5793 2987 5863 quod
3016 5793 3267 5853 delectat,
3298 5807 3416 5844 esse

1859 5892 2117 5940 aeternum
2150 5901 2160 5938 :
2192 5895 2238 5940 et
2287 5885 2430 5955 quod
2469 5885 2712 5940 molestia
2750 5887 2926 5952 allicit,
2965 5899 3177 5952 semper
3211 5894 3416 5952 permav
