4148 6472
720 460 826 525 915

1933 448 2217 508 MENSIS
2257 445 2727 505 SEPTEMBER.

3851 437 3960 503 916

725 588 877 629 uere.
903 574 1073 636 Atque
1105 569 1338 637 primum
1364 564 1581 633 quidem
1607 565 1672 617 sit
1695 563 1849 617 vobis
1882 570 2027 615 recta
2053 569 2106 613 et
2133 558 2284 611 ﬁrma
2320 596 2326 614 ι

2430 555 2663 625 ιαμένον.
2738 554 2936 618 Πρῶτα
2993 555 3090 624 μὲν
3142 549 3233 607 οὖν
3262 554 3391 624 ὑμῖν
3434 551 3500 604 τὰ
3558 551 3656 619 τῆς
3715 549 3966 612 πίστεως

724 665 881 726 ﬁdes,
910 661 1054 715 nullo
1082 660 1363 713 labascens
1393 656 1631 727 periculo
1660 674 1672 709 :
1707 654 1902 708 deinde
1939 653 2045 705 vita
2074 665 2290 721 quoque

727 756 797 811 sit
827 767 984 823 pura,
1010 762 1104 805 aut
1150 759 1504 819 expurgetur.
1536 750 1604 802 Et
1648 756 1772 801 ante
1812 744 1993 798 omnia
2041 744 2191 798 vobis
2222 743 2293 795 sit

726 861 869 904 cum
888 843 1132 914 corporis
1159 841 1536 905 sanctiﬁcatio,
1566 848 1623 893 ut
1666 840 1717 892 in
1764 836 1959 904 templa
2012 835 2292 905 impolluta

729 940 792 993 ad
833 953 927 992 vos
959 937 1178 991 accedat
1209 944 1264 988 et
1300 932 1588 995 inhabitet,
1623 931 1713 1000 qui
1742 939 1823 983 est
1850 942 2040 996 purus,
2066 938 2121 979 et
2161 940 2290 978 sau-

728 1027 1052 1082 ctiiicatione
1076 1040 1172 1079 sua
1206 1034 1259 1077 et
1293 1024 1435 1078 bono
1461 1022 1626 1076 odore
1650 1018 1882 1073 animam
1912 1016 2149 1085 impleat.
2187 1014 2296 1069 Res

730 1116 871 1170 enim
900 1116 1038 1169 mala
1089 1122 1173 1170 est
1214 1114 1316 1178 ira,
1348 1122 1398 1166 et
1445 1112 1489 1167 si
1525 1110 1652 1181 quid
1694 1108 1839 1161 aliud
1890 1108 2085 1161 laedere
2118 1114 2297 1175 potest

732 1208 958 1261 fratrum
982 1220 1243 1260 amorem.
1277 1204 1321 1258 A
1350 1204 1504 1257 vobis
1547 1210 1725 1254 autem
1758 1200 1981 1252 omnino
2003 1199 2299 1252 retineatur

734 1315 795 1353 ac
822 1299 1071 1353 foveatur
1109 1313 1214 1365 pax
1250 1305 1307 1350 et
1343 1292 1723 1348 mansuetudo.
1754 1291 1909 1355 Quod
1955 1290 2001 1343 si
2038 1290 2176 1342 inter
2205 1302 2300 1341 vos

732 1388 1023 1458 aliquando
1068 1386 1363 1455 contigerit
1391 1385 1641 1444 oﬂ‘ensio.
1676 1399 1746 1435 ne
1780 1383 1858 1438 sol
1891 1378 2297 1443 occidatvobis,

732 1500 761 1535 a
794 1483 911 1535 luce
938 1481 1071 1534 adeo
1110 1478 1333 1533 remotis
1368 1494 1431 1531 ex
1462 1477 1605 1531 odio.
1647 1476 1754 1528 Sed
1788 1472 2147 1527 revocandum
2182 1479 2293 1533 est,

736 1588 896 1641 quam
929 1570 1340 1641 diligentissime
1368 1568 1482 1621 fieri
1514 1567 1732 1636 poterit,
1766 1567 1964 1618 bonum
1994 1561 2299 1625 eharitatis,

739 1674 925 1733 utpote
956 1663 1099 1731 quod
1134 1663 1251 1715 sine
1280 1676 1344 1715 eo
1379 1675 1486 1713 non
1540 1660 1698 1711 liceat
1738 1657 1924 1709 videre
1970 1652 2175 1714 Solem,
2209 1652 2299 1721 qui

738 1755 1035 1824 percipitur
1065 1754 1440 1822 intelligentia.
1483 1749 1706 1805 Si.mala
1751 1756 1931 1802 autem
1966 1745 2219 1817 cogitatio
2250 1745 2301 1798 in

737 1844 930 1899 vestris
955 1853 1068 1897 sata
1095 1842 1401 1905 sitauimis,
1438 1856 1581 1894 curae
1613 1841 1766 1894 vobis
1807 1840 1876 1891 sit
1918 1853 2036 1891 eam
2081 1840 2188 1891 cito
2214 1852 2305 1890 ex-

739 1937 967 2006 pellere.
998 1935 1087 1989 Sic
1117 1937 1261 1988 enim
1312 1933 1524 1987 facilius
1558 1946 1675 1985 eam
1727 1930 1978 1999 ejicietis.
2008 1928 2125 1994 Quo
2161 1929 2306 1983 enim

742 2028 915 2094 magis
943 2042 1006 2080 ea
1040 2026 1243 2080 sinitur
1271 2038 1611 2093 permanere.
1644 2037 1709 2075 eo
1739 2022 1855 2089 plus
1888 2020 2168 2075 exhibebit
2211 2035 2308 2074 ne-

741 2118 895 2187 gotii,
938 2124 993 2169 et
1022 2115 1123 2169 erit
1164 2122 1474 2184 expugnata
1517 2112 1788 2165 ditﬁeilior
1818 2112 1890 2175 ei,
1923 2112 2012 2178 qui
2047 2112 2311 2165 adversus

742 2210 888 2262 illam
925 2207 1153 2263 voluerit
1194 2207 1490 2260 decertare.
1524 2203 1644 2257 Sint
1670 2213 1848 2256 autem
1884 2202 2036 2256 vobis
2066 2217 2214 2255 arma
2244 2202 2311 2255 ad

744 2300 970 2362 bellum,
1018 2298 1314 2367 jejunium,
1349 2296 1543 2358 oratio,
1570 2295 1835 2365 lacrymre,
1867 2292 2127 2346 memoria
2166 2307 2312 2344 mor-

747 2390 814 2443 tis
849 2399 904 2443 et
935 2389 1218 2459 gehennae,
1241 2396 1296 2441 et
1332 2388 1575 2458 quodest
1615 2387 1855 2439 omnium
1923 2382 2312 2438 validissimum

747 2490 801 2533 et
827 2478 1062 2535 inimicis
1082 2478 1316 2533 maxime
1345 2478 1606 2540 terribile,
1640 2477 1794 2530 beata
1828 2475 2105 2529 humilitas
2133 2490 2146 2526 :
2184 2488 2313 2526 cau-

748 2571 953 2641 tioque.
986 2586 1055 2625 ne
1085 2585 1324 2640 unquam
1379 2584 1477 2623 vos
1510 2585 1691 2639 pravae
1726 2575 1996 2635 occupent
2031 2565 2314 2635 cogitatio-

750 2678 848 2716 nes
887 2679 900 2715 :
933 2677 996 2714 ac
1040 2662 1343 2715 observatio
1378 2675 1659 2720 sensuum.
1686 2668 1741 2712 et
1788 2674 1895 2726 prae
1928 2658 2153 2721 ereteris,
2187 2670 2315 2709 oeu-

753 2755 925 2808 lorum
955 2761 1009 2808 et
1036 2752 1271 2807 aurium.
1323 2753 1457 2806 Hinc
1486 2752 1632 2805 enim
1680 2760 1761 2808 cst
1789 2750 1894 2803 illis
1927 2750 2187 2802 adversus
2215 2763 2315 2801 nos

754 2846 1051 2915 ingressus,
1089 2853 1143 2900 et
1174 2859 1340 2911 mors,
1369 2859 1487 2914 quae
1516 2841 1583 2897 ad
1632 2858 1731 2896 nos
1781 2842 2078 2912 ingreditur
2110 2855 2206 2911 per
2236 2840 2316 2895 fe-

758 2947 990 2992 nestras.

829 3248 968 3305 XIV.
997 3245 1400 3303 Possessionem
1431 3240 1675 3298 omnium
1709 3237 2156 3309 pretiosissimam
2186 3236 2313 3295 novi
2345 3243 2391 3307 ο

761 3343 837 3396 nil
880 3340 1174 3410 possidere,
1206 3346 1259 3391 et
1293 3335 1373 3389 hac
1413 3344 1539 3389 snut
1569 3346 1713 3387 verte
1758 3330 1959 3385 divitia:
2002 3330 2072 3389 ei.
2105 3330 2196 3398 qui
2246 3339 2328 3383 est

762 3450 887 3490 vere
936 3445 1234 3501 generosus
1280 3437 1335 3481 et
1388 3424 1741 3495 planeliber,
1776 3422 1922 3475 nulla
1963 3437 2174 3487 eorum,
2211 3436 2329 3489 quae

765 3528 983 3586 adsunt,
1035 3521 1277 3574 vinetum
1306 3531 1425 3569 esse
1452 3513 1764 3582 cupiditate.
1817 3510 2105 3564 Dimctitur
2149 3520 2327 3563 autem

762 3618 981 3671 divinus
1011 3612 1301 3682 Apostolus
1331 3623 1486 3662 usum
1515 3604 1732 3673 corpori
1766 3604 2135 3657 necessarium
2172 3620 2185 3655 :
2221 3600 2329 3653 Ha-

766 3715 976 3769 bentes,
1036 3706 1244 3766 dicens,
1298 3702 1551 3753 alimenta
1591 3707 1644 3749 et
1685 3696 1881 3765 quibus
1933 3706 2194 3762 tegantur,
2246 3694 2333 3746 his

765 3799 1005 3856 contenti
1031 3785 1240 3850 'simus.
1275 3791 1379 3843 Res
1414 3798 1495 3842 cst
1522 3788 1718 3858 gravis,
1746 3786 1882 3840 elate
1913 3787 1979 3840 de
2003 3801 2059 3839 se
2088 3784 2286 3839 sentire
2316 3800 2331 3837 :

769 3906 943 3959 neque
987 3898 1073 3941 est
1120 3882 1289 3946 aliud,
1338 3881 1482 3949 quod
1523 3879 1690 3948 magis
1739 3885 1917 3946 posset
1965 3885 2233 3929 evertere.
2280 3874 2333 3926 ld

770 3991 952 4037 autem
989 3979 1131 4032 solet
1181 3982 1241 4028 ut
1289 3972 1578 4042 plurimum
1617 3968 1872 4036 consequi
1908 3983 2038 4036 epes
2080 3976 2225 4019 recte
2253 3965 2335 4019 fa-

772 4080 982 4129 ctorum
1012 4089 1024 4125 :
1059 4080 1111 4122 et
1137 4077 1260 4120 tunc
1290 4063 1585 4119 timendum
1620 4072 1703 4115 est
1735 4076 1920 4114 earum
1971 4058 2330 4127 naufragium.

778 4166 883 4219 Sed
916 4166 1023 4217 stat
1069 4161 1349 4215 dexteram
1384 4154 1668 4223 porrigens
1704 4151 1861 4204 nobis
1899 4166 2085 4203 rursus
2124 4149 2338 4202 divinus

780 4256 1090 4328 Apostolus,
1122 4261 1176 4306 et
1204 4250 1369 4304 verbo
1395 4247 1480 4307 iis.
1513 4246 1604 4315 qui
1648 4245 1845 4298 habent
1876 4255 2056 4305 aures,
2092 4253 2336 4311 magnam

781 4354 1027 4424 praebens
1073 4348 1439 4403 securitatem.
1473 4342 1573 4407 Qui
1622 4342 1767 4396 enim
1819 4341 2027 4395 videtur
2068 4337 2340 4399 stare.in-

779 4446 918 4515 quit,
951 4444 1132 4497 videat
1161 4455 1227 4493 ne
1255 4440 1432 4492 cadat.
1466 4435 1710 4488 Fratrem
1747 4432 2011 4501 judicare,
2040 4428 2338 4482 cavendum

779 4549 865 4593 est
907 4554 1007 4607 pro
1039 4533 1265 4589 viribus.
1296 4529 1395 4583 Hic
1434 4537 1518 4581 est
1548 4526 1691 4580 enim
1743 4522 1907 4576 fretus
1952 4521 2166 4585 animae,
2195 4535 2342 4573 more

782 4629 1092 4686 Pharisaico
1130 4624 1265 4679 alios
1306 4618 1675 4689 tlespicicntis,
1711 4626 1765 4670 et
1800 4616 1938 4684 ejus,
1971 4613 2063 4683 qui
2094 4626 2188 4681 per
2210 4613 2343 4665 alio-

784 4741 902 4778 rum
934 4718 1444 4778 condemnationem
1473 4727 1530 4767 se
1557 4712 1669 4765 vult
1698 4708 2017 4778 justiﬁcare.
2048 4706 2153 4761 Sed
2184 4714 2262 4769 tu,
2283 4720 2348 4758 eo

785 4820 1031 4883 diruisse,
1090 4815 1134 4869 si
1178 4808 1454 4882 judicandi
1499 4803 1736 4860 tenearis
1784 4802 2089 4866 desiderio,
2124 4815 2245 4854 cum
2298 4810 2349 4855 te

790 4912 1035 4982 proxime
1072 4908 1295 4970 habeas,
1330 4917 1399 4955 ne
1440 4915 1620 4955 cesses
1653 4909 1703 4953 te
1746 4894 1988 4965 quotidie
2032 4893 2273 4961 judicare
2297 4901 2351 4946 et

789 5004 1127 5065 examinare,
1162 5007 1217 5053 et
1248 5010 1409 5067 quam
1443 4994 1644 5063 optime
1676 4990 1967 5055 corrigere.
1994 4986 2073 5041 Ad
2106 4984 2351 5054 petulan-

792 5095 920 5148 tiam
953 5108 1016 5146 ac
1054 5089 1435 5145 contumeliam
1472 5098 1735 5154 propensa
1760 5097 1848 5135 res
1892 5088 1981 5137 est,
2012 5086 2227 5139 venter,
2260 5076 2351 5143 qui

793 5194 1035 5250 curatur,
1068 5182 1162 5253 qui
1208 5187 1491 5235 curantem
1523 5176 1721 5230 misere
1753 5180 2147 5225 remuneratur.
2179 5167 2356 5221 Labo-

796 5278 946 5331 ribus
996 5285 1175 5329 autem
1226 5271 1481 5332 ﬂectitur,
1537 5278 1591 5321 et
1627 5264 1833 5335 jejunio
1873 5264 2141 5323 domatur,
2197 5270 2357 5324 et,ut

798 5371 968 5424 audax
1003 5382 1199 5438 equus,
1226 5367 1292 5419 ab
1328 5360 1664 5417 immodestis
1705 5366 1920 5411 arcetur
1956 5356 2356 5409 saltationibus.

798 5460 913 5514 Non
962 5470 1045 5514 est
1073 5477 1100 5513 a
1141 5456 1294 5513 vobis
1337 5451 1593 5511 oblivioni
1642 5449 1943 5503 mandanda
1998 5446 2356 5515 hospitalitas.

801 5551 1049 5624 Hospitio
1080 5559 1258 5603 autem
1295 5547 1656 5615 excipientes,
1702 5542 1863 5610 pedes
1892 5553 2107 5607 quoque
2139 5536 2360 5590 humili-

799 5644 919 5697 liter
952 5644 1127 5696 lavate
1162 5658 1174 5693 :
1213 5642 1314 5694 hoc
1348 5648 1430 5693 est
1478 5636 1625 5691 enim
1661 5634 1858 5689 Christi
1898 5637 2224 5700 praeceptum
2264 5647 2276 5682 :
2309 5638 2363 5683 et

802 5736 945 5802 quod
994 5735 1109 5803 ipse
1136 5735 1342 5803 primus
1374 5731 1521 5793 fecit,
1567 5743 1663 5781 nos
1692 5724 1848 5794 jussit
1883 5725 2060 5777 facere
2094 5720 2361 5774 similiter.

804 5823 906 5876 Per
937 5826 988 5879 id
1025 5825 1170 5878 enim
1205 5840 1310 5876 non
1362 5820 1536 5875 solum
1570 5818 1774 5889 geritur
1821 5830 1948 5868 cura
1979 5812 2231 5882 proximi,
2268 5808 2365 5863 sed

806 5922 985 5984 potest
1017 5915 1179 5971 etiam
1213 5913 1387 5971 curari
1440 5909 1619 5983 gravis
1668 5908 1857 5962 auium
1902 5902 2147 5970 morbus,
2175 5915 2368 5971 nempe

2398 648 2567 715 ὑγιῶς
2595 647 2870 717 ἐχέτωσαν
2917 646 3013 699 καὶ
3046 645 3300 713 βεϐαίως,
3362 644 3591 713 κινδύνῳ
3627 644 3823 712 μηδενὶ
3864 659 3966 693 σαι

2397 741 2688 809 λευόμενα.
2720 740 2951 793 Ἔπειτα
2995 739 3050 791 δὲ
3091 740 3185 791 καὶ
3237 741 3264 791 ὁ
3296 738 3409 808 βίος
3459 736 3696 804 καθαρὸς
3755 734 3964 803 ἐστωῆ

2398 832 2764 903 καθαιρέσθω.
2822 831 2932 884 Καὶ
2981 830 3086 898 πρό
3142 845 3205 894 γε
3239 829 3453 881 πάντων
3494 828 3521 878 ὁ
3552 825 3644 879 τοῦ
3712 824 3967 892 σώματος

2402 924 2672 992 ἁγιασμὸς
2714 919 3116 983 σπουδαςέσθω,
3147 919 3286 969 ὥστε
3334 920 3475 981 ναοῖς
3517 915 3845 985 ἀμολύντοις
3875 912 3967 966 οὖ-

2404 1030 2510 1077 σιν,
2538 1015 2889 1081 ὲπιφοιτῆσαι
2918 1011 2978 1062 τὸ
3006 1009 3247 1079 καθαρὸν
3274 1009 3406 1079 ὑμῖν
3444 1006 3663 1077 πνεῦμα
3704 1007 3804 1060 καὶ
3837 1008 3969 1058 ἔνοι-

2402 1107 2596 1175 κῆσαι,
2626 1104 2837 1158 καὶτοῦ
2871 1101 3148 1171 ἁγιασμοῦ
3183 1099 3348 1154 αὑτοῦ
3366 1099 3460 1152 καὶ
3489 1102 3587 1168 τῆς
3619 1097 3857 1158 εὐωδίας
3874 1096 3969 1166 τὴν

2402 1200 2580 1270 ψυχὴν
2625 1198 2930 1268 πληρῶσαι.
2986 1195 3233 1266 Πονηρδν
3283 1193 3441 1265 ὀργὴ,
3478 1193 3571 1245 xui.
3621 1193 3819 1259 θυμὸς,
3876 1190 3969 1243 καὶ

2405 1292 2460 1344 εί
2483 1309 2532 1344 τι
2561 1291 2688 1345 ἄλλο
2717 1289 2975 1359 βλάπτειν
3004 1288 3067 1339 τδ
3094 1286 3412 1355 φιλάδελφον
3438 1284 3685 1336 δύναται’
3724 1283 3857 1350 ὑμῖν
3894 1281 3969 1344 δὲ,

2394 1386 2543 1440 ’ἀλλὰ
2574 1383 2737 1436 παντὶ
2761 1384 2947 1452 τρόπῳ
2976 1379 3370 1449 περιποιεῖσθω
3397 1376 3457 1428 τὸ
3492 1374 3773 1443 εἰρηνικόν
3799 1389 3856 1424 τε
3880 1374 3973 1423 καὶ

2404 1479 2634 1550 ἥμερον.
2683 1474 2747 1527 Εἰ
2799 1473 2854 1527 δὲ
2886 1473 2977 1525 καὶ
3005 1469 3245 1540 συμϐαίη
3280 1468 3408 1521 ποτὲ
3456 1466 3699 1535 ἀλλήλων
3764 1464 3972 1532 μεταξῦ

2410 1570 2729 1625 σκάνδαλον·
2775 1566 2851 1638 μὴ
2885 1566 3152 1619 ἐπιδυέτω
3173 1564 3301 1633 ὑμῖν
3335 1563 3361 1614 ό
3394 1561 3567 1631 ἣλιος,
3590 1560 3769 1619 οὕτως
3806 1562 3975 1625 ἀφεγ-

2408 1663 2519 1729 γῶς
2546 1662 2760 1729 ἔχουσιν
2814 1661 2878 1710 ὲκ
2934 1657 3029 1710 τοῦ
3078 1656 3299 1726 μίσους.
3336 1653 3476 1708 Ἀλλ’
3526 1650 3867 1720 ἀνακλητέον
3906 1651 3975 1711 ὡς

2409 1749 2520 1804 οἷόν
2559 1768 2615 1802 τε
2644 1749 2945 1810 σπουδαίως
2973 1748 3150 1817 τὸτῆς
3182 1747 3400 1814 ἀγάπης
3424 1744 3606 1805 καλὴν,
3640 1743 3715 1804 ὡς
3752 1744 3827 1811 μὴ
3864 1741 3975 1805 ἐξὸν

2411 1845 2599 1901 τούτου
2640 1842 2829 1914 χωρὶς,
2864 1839 3166 1909 τδνννοητὸν
3216 1838 3343 1889 ίδεῖν
3374 1837 3543 1906 ἥλιον.
3569 1834 3782 1886 Φαύλου
3806 1834 3864 1885 δὲ
3890 1832 3975 1882 λο-

2416 1938 2614 2009 γισμοῦ
2648 1941 2763 2000 ταῖς
2797 1936 3088 2005 ὑμετέραις
3120 1930 3477 1999 ὲνσπαρὲντος
3523 1927 3748 1994 ψυχαῖς,
3785 1924 3977 1991 ὲπιμε-

2416 2035 2503 2094 λὲς
2534 2033 2662 2101 ὑμῖν
2693 2029 2925 2096 γινέσθω
2973 2026 3158 2094 τάχιον
3192 2022 3349 2078 αὐτὸν
3378 2018 3622 2087 ἐξωθεῖν.
3656 2017 3821 2070 Οὕτω
3878 2017 3979 2083 γὰρ

2416 2125 2787 2194 εὐχερεστέρῳ
2827 2121 2962 2191 πρὸς
2992 2120 3089 2181 τὴν
3131 2116 3357 2185 ἐκϐολὴν
3390 2113 3683 2183 χρήσεσθε,
3721 2110 3821 2161 καὶ
3878 2109 3980 2175 γὰρ

2416 2222 2631 2288 ὅσῳπερ
2662 2218 2728 2269 ἂν
2777 2214 2937 2265 πλέον
2982 2210 3318 2279 παραμένειν
3376 2204 3529 2274 ὲῷτο,
3592 2200 3840 2265 τοσούτῳ
3896 2198 3985 2249 καὶ

2424 2311 2637 2363 πλείονα
2680 2305 2905 2373 παρέξει
2965 2301 3033 2354 τὰ
3064 2299 3361 2369 πράγματα
3408 2293 3500 2346 καὶ
3563 2289 3988 2360 δυσμαχώτερος

2419 2404 2569 2455 ἔσται
2596 2402 2672 2470 τῷ
2706 2392 3182 2464 καταγωνίσασθαι
3210 2388 3533 2459 βουλομένῳ.
3564 2383 3751 2439 Ὅπλα
3782 2382 3979 2447 ὃὲῦμῖν

2422 2497 2562 2551 ἔστω
2595 2495 2728 2565 πρὸς
2751 2493 2841 2545 τὸν
2873 2488 3037 2543 αὐτοῦ
3070 2486 3325 2553 πόλεμον,
3378 2482 3623 2549 νηστεία,
3687 2472 3987 2544 προσευχὴ,

2422 2591 2653 2658 δάκρυα,
2694 2585 2882 2653 μνήμη
2907 2597 2965 2631 τε
2999 2578 3230 2631 θανάτου
3266 2572 3358 2624 καὶ
3382 2569 3626 2637 γεέννης,
3662 2570 3759 2617 καὶ
3781 2563 3843 2615 τὸ
3860 2563 3992 2613 παν-

2421 2697 2527 2732 των
2552 2673 2900 2746 ἰσχυρότατόν
2933 2687 2990 2723 τε
3021 2668 3111 2721 καὶ
3142 2662 3516 2735 φοῦερὼτατον
3571 2658 3686 2717 τοῖς
3756 2652 3987 2721 ἐχθροῖς,

2429 2776 2462 2841 ἡ
2524 2744 2767 2840 μανιαρία
2801 2765 3147 2821 ταπείνωσις,
3202 2752 3471 2822 ἀσφάλεια
3511 2749 3567 2801 δὲ
3616 2746 3755 2815 πρὸς
3786 2744 3851 2795 τὸ
3892 2757 3993 2810 μη-

2424 2864 2590 2924 δόλως
2638 2861 2751 2920 τοῖς
2776 2854 3036 2914 τοιούτοις
3075 2844 3396 2902 ἁλίσκεσθαι
3447 2839 3747 2906 λογισμοῖς,
3803 2835 3994 2900 αἰσθή-

2430 2972 2566 3006 σεων
2609 2948 2841 3019 φυλαόιὴ,
2874 2946 2967 2999 καὶ
3026 2942 3130 3012 πρό
3166 2956 3228 3006 γε
3284 2937 3391 2989 τῶν
3443 2933 3639 2991 ἄλλων,
3694 2925 3995 2995 ὀφθαλμῶν

2428 3047 2522 3098 καί
2550 3043 2723 3096 ὤτων.
2764 3036 3041 3091 Ἐντεῦθεν
3062 3032 3169 3100 γὰρ
3199 3028 3427 3087 ἐκείνοις
3459 3020 3630 3093 ἡκαθ⁹
3662 3020 3825 3089 ἡμῶν
3856 3018 3996 3068 eiso-

2428 3140 2536 3202 60;,
2574 3135 2663 3188 xui.
2693 3135 2719 3185 ὁ
2749 3130 2836 3184 διὰ
2852 3129 2958 3182 τῶν
2990 3124 3222 3193 θυρίδων
3252 3116 3434 3172 εἰσιὼν
3461 3117 3594 3181 ἡμῖν
3634 3111 3893 3169 θάνατος.

2491 3230 2592 3286 1Δ’.
2612 3225 2814 3293 Κτῆμα
2846 3222 3062 3272 πάντων
3098 3211 3423 3282 τιμιώτατον
3455 3202 3569 3259 οἶδα
3596 3206 3697 3273 τὴν
3732 3200 3998 3268 ἀκτησίαν

2432 3324 2525 3380 καὶ
2558 3319 2717 3373 τοῦτο
2752 3312 2980 3371 πλοῦτος
3011 3306 3088 3375 τῷ
3134 3302 3346 3369 εὐγενεῖ
3393 3300 3559 3357 ὄντως
3601 3293 3699 3346 καὶ
3753 3287 4001 3355 ἁκριὸὠς

2433 3412 2725 3482 ἐλευθέρῳ,
2756 3408 2816 3458 τὸ
2848 3401 3085 3473 μηδεμιᾷ
3141 3393 3388 3448 δεδέσθαι
3418 3390 3524 3442 τῶν
3552 3385 3846 3454 παρόντων
3880 3382 4000 3432 ἑπι-

2432 3511 2621 3578 θυμίᾳ.
2681 3497 2999 3568 Ἐπιμετρεῖ
3033 3492 3213 3564 μέντοι
3287 3486 3385 3556 τὴν
3416 3478 3724 3549 ἀναγκαίαν
3770 3474 3859 3578 τῷ.
3889 3472 4005 3523 σώ-

2438 3619 2567 3671 ματι
2614 3596 2800 3667 χρείαν
2833 3593 2861 3642 ὁ
2915 3591 3053 3648 θεῖος
3092 3578 3447 3640 Ἀπόστολος·
3480 3576 3760 3643 Ἔχοντες,
3801 3566 4000 3631 λέγων,

2435 3695 2731 3759 διατροφας
2789 3684 2882 3736 καὶ
2952 3678 3314 3743 σκεπάσματα
3386 3667 3596 3727 τούτοις
3656 3657 4004 3732 ἀρκεσθησό-

2439 3750 2576 3853 μεθα
2597 3797 2611 3811 ⁸
2638 3750 2807 3831 δεινὸν
2837 3768 3247 3842 ὑψηλοφροσύνη
3282 3764 3375 3815 καὶ
3403 3761 3475 3820 ὼς
3505 3756 3655 3810 οὐδὲν
3707 3753 3841 3805 ἄλλο
3874 3750 4003 3801 καθ-

2436 3877 2608 3947 αιρεῖν
2680 3869 2992 3937 δυνάμενον,
3045 3862 3079 3931 ἢ
3128 3858 3336 3923 πέρυκε
3390 3852 3489 3917 μὲν
3555 3847 3633 3907 ὡς
3699 3846 3772 3897 τὰ
3836 3840 4005 3894 πολλὰ

2436 3967 2654 4033 πλούτῳ
2687 3948 3128 4029 κατορθωμάτων
3164 3947 3413 4008 ἕπεσθαι,
3448 3939 3566 3994 εἶτα
3598 3934 3855 4005 γίνεσθαι
3886 3932 4007 3985 τού-

2437 4078 2531 4113 του
2564 4055 2798 4128 χαλεπδν
2834 4044 3029 4116 ’ἐκείνη
3082 4042 3362 4109 ναυάγιον.
3405 4032 3544 4087 Ἀλλ’
3573 4033 3776 4101 ἕστηκε
3830 4026 4005 4092 δεξιάν

2439 4152 2571 4223 ἡμῖν
2617 4143 2912 4199 ὑποτείνων
2955 4140 2984 4190 ό
3015 4138 3154 4197 θεῖος
3187 4133 3347 4186 πάλιν
3386 4123 3736 4186 Ἀπόστολος,
3792 4122 3892 4173 καὶ
3934 4118 4006 4185 τῷ

2443 4245 2650 4315 ῥήματι
2709 4234 2908 4305 πολλὴν
2934 4230 3189 4300 παρέχων
3213 4226 3325 4286 τοῖς
3347 4216 3460 4274 ὦτα
3490 4220 3673 4289 ἔχουσι
3703 4218 3807 4284 τὴν
3834 4212 4009 4279 ἀσσά-

2439 4304 2614 4390 λειοιν.
2667 4330 2726 4383 Ὀ
2783 4304 2892 4397 γὰρ
2923 4322 3092 4377 δοκῶν
3122 4319 3365 4379 ἑστάναι,
3419 4313 3573 4382 φησι,
3633 4308 3885 4378 βλεπέτω
3932 4304 4010 4397 μὴ

2444 4428 2605 4494 πέσῃ.
2636 4422 2711 4474 Τὸ
2758 4418 2964 4487 κρίνειν
3005 4414 3099 4466 τὶν
3150 4408 3399 4476 ἀδελφὸν,
3444 4400 3773 4463 εὐλαϐητέον
3839 4396 4008 4494 ὁπόση

2444 4486 2975 4584 δύναμις’γέννημα
3033 4506 3142 4574 γὰρ
3194 4501 3353 4553 τοῦτο
3398 4495 3571 4564 ψυχῆς
3624 4486 4012 4559 ὑπεροπτικῶς

2456 4608 2707 4678 ἐχούσης,
2768 4602 2865 4655 καὶ
2913 4594 3255 4667 φαρισαῖκῶς
3302 4590 3396 4643 καὶ
3428 4583 3668 4640 δικαιοῦν
3702 4581 3901 4635 ἑαυτὸν
3930 4580 4011 4630 διὰ

2449 4700 2549 4767 τῆς
2575 4696 2670 4749 τοῦ
2696 4693 2923 4763 πλησίον
2947 4685 3326 4755 κατακρίσεως
3355 4676 3707 4748 βουλομένου.
3750 4671 3919 4724 ’Δλλα
3954 4670 4013 4720 σὺ

2450 4790 2642 4843 τούτου
2693 4783 2955 4845 ἀποστὰς,
3008 4778 3059 4830 εἰ
3103 4791 3184 4827 σοι
3251 4771 3402 4836 φίλον
3456 4765 3678 4831 κρίνειν,
3740 4762 4018 4827 ἐγγύτατα

2458 4874 2681 4930 σεαυτὸν
2698 4873 2856 4943 ἔχων,
2882 4869 2954 4939 μὴ
2971 4865 3236 4925 διαλίποις
3254 4862 3374 4913 ὅσαι
3400 4856 3603 4925 ἡμέραι
3623 4851 3832 4921 κρίνων
3845 4867 3907 4902 τε
3935 4850 4021 4901 καὶ

2454 4969 2779 5037 ἀνακρίνων,
2804 4964 2897 5017 καὶ
2920 4963 2994 5024 ὡς
3033 4959 3230 5028 ἄριστα
3257 4949 3658 5023 διορθούμενος.
3717 4942 4025 5014 Πρόχειρον

2456 5066 2531 5125 εἰς
2549 5063 2702 5132 ὓϐριν
2727 5058 2960 5125 γαστὴρ,
2980 5049 3176 5106 καὶτὸν
3193 5046 3530 5116 θεραπευτὴν
3550 5041 3752 5101 ἀθλίως
3795 5037 4024 5107 ἀμειϐο-

2464 5157 2631 5224 μένη·
2674 5152 2854 5212 πόνοις
2884 5149 2939 5201 δὲ
2980 5145 3292 5213 κάμπτεται
3368 5136 3460 5189 καὶ
3502 5132 3727 5202 νηστείᾳ
3783 5130 4025 5197 δαμάζε-

2462 5244 2686 5309 ται,κα“ι
2713 5244 2787 5305 ὡς
2836 5240 3038 5311 θρασὺς
3068 5236 3256 5295 ἵππος,
3300 5229 3407 5281 τῶν
3467 5225 3720 5279 ἀτάκτων
3782 5225 4024 5291 εἴργεται

2463 5334 2869 5406 σκιρτημάτων.
2907 5331 3017 5398 Τῆς
3040 5322 3343 5394 φιλοξενίας
3378 5320 3506 5387 ὑμῖν
3532 5315 3634 5368 οὐκ
3666 5312 4022 5380 ἐπιληστὲονπ

2464 5427 2763 5494 ξενίζοντες
2787 5422 2862 5487 δὲ,
2893 5422 2986 5474 καὶ
3016 5418 3139 5476 τοὺς
3173 5416 3342 5473 πόδας
3376 5405 3760 5481 μετριοπαθῶς
3790 5405 4020 5457 νίπτετε·

2464 5522 2617 5575 τοῦτο
2651 5521 2759 5588 γάρ
2809 5511 2998 5582 ἐντολὴ
3032 5507 3294 5579 Χριστοῦ,
3332 5505 3423 5557 καὶ
3460 5499 3676 5570 πρῶτος
3707 5496 3879 5558 αὐτὸς
3904 5493 4025 5563 δράο

2465 5631 2581 5678 σας,
2619 5613 2753 5683 ἡμῖν
2784 5605 3002 5676 ἔχεσθαι
3035 5600 3128 5654 τοῦ
3165 5598 3359 5668 ὁμοίου
3385 5589 3855 5664 παρεκελεύσατο.
3883 5588 4031 5638 ’Ἔστι²

2466 5675 2577 5778 γὰρ
2718 5696 3104 5774 θεραπευτικὸν
3132 5691 3228 5745 τοῦ
3288 5688 3516 5759 πλησίον
3553 5683 3737 5752 μόνον,
3781 5675 4024 5733 ἀλλὰκαὶ

2467 5768 2791 5871 τδχαλεπὸν
2816 5794 3030 5862 νόσημα
3059 5787 3158 5855 τῆς
3191 5783 3372 5853 ψυχῆς
3400 5780 3500 5848 τὴν
3555 5776 3758 5845 οἴησιν,

2483 5860 2611 5949 ἄλλο
2638 5909 2687 5947 τι
2729 5860 3050 5961 θεραπεόειν
3085 5879 3398 5949 δυνάμενον.
3425 5868 3602 5927 Πολλὰ
3634 5868 3735 5938 μὲν
3785 5864 3877 5919 καὶ
3908 5860 4024 5916 ἄλλα
