4148 6474
754 436 858 497 923
1962 435 2244 493 MENSIS
2282 435 2574 497 SEPTEM
2587 436 2747 496 BER.
3888 431 3990 496 9‘24

744 559 1151 610 monasterium,
1193 547 1301 618 jam
1333 548 1400 602 ab
1433 549 1524 604 illo
1558 563 1722 619 prope
1751 557 1991 601 sanctam
2027 549 2299 601 civitatem
2334 577 2344 609 λ

2452 550 2566 614 riu;
2609 549 2810 611 πόλεως
2855 546 2992 598 Σιὼν
3044 547 3331 614 περιτανεί
3381 545 3751 616 μοναστηρέῳ,
3808 563 3992 614 παρα-

744 639 876 695 Sion
933 648 1330 704 constructum,
1389 640 1737 709 ltyemasset,
1792 639 2009 707 majoris
2058 651 2303 690 seCessus

744 732 1019 787 desiderio
1082 732 1384 798 premitur;
1439 742 1608 798 utque
1667 729 1836 796 ipsam
1898 729 2305 781 nancisceretur

744 823 1118 886 solitudinem,
1187 822 1404 891 illicque
1456 820 1806 887 consisteret,
1857 835 2018 874 omne
2070 821 2310 889 ponebat

744 916 1008 970 studium.

813 1005 949 1057 Cum
1002 1004 1068 1057 de
1120 1002 1308 1056 divino
1365 1001 1544 1069 itaque
1595 998 1888 1068 Euthymio
1944 997 2012 1050 ab
2059 996 2314 1050 omnibus

749 1094 861 1148 fcre
887 1094 1178 1146 doceretur
1204 1095 1359 1159 (eum
1389 1092 1531 1144 enim
1555 1091 1724 1143 virtus
1750 1090 1950 1157 ubique
1977 1087 2309 1153 indicabat),

749 1188 1103 1242 vehementer
1157 1185 1474 1252 capiebatur
1526 1198 1710 1236 amore
1766 1182 1885 1250 ejus
1931 1179 2314 1234 conveniendi.

754 1279 941 1345 Itaque
989 1292 1240 1345 magnum
1295 1275 1637 1343 Eustorgiunt
1670 1274 1867 1326 obnixe
1902 1279 2073 1339 rogat,
2114 1279 2169 1324 ut
2201 1273 2317 1341 ejus

754 1371 1007 1440 dignatus
1042 1369 1301 1438 precibus
1335 1382 1455 1421 cum
1488 1382 1620 1436 pace
1651 1365 2040 1418 dimitteretur.

2407 643 2744 711 χειμάσαντα
2794 641 2884 693 τὸν
2930 639 3201 708 κυριακὸν
3255 639 3494 700 πλείονος
3548 641 3783 708 ἡσυχίας
3828 639 3992 698 πόθος

2408 737 2593 804 αἱρεῖ·
2633 734 2725 786 xui
2764 733 2903 784 ὥστε
2945 733 3041 798 τὴν
3081 731 3286 799 ἔρημον
3321 731 3485 799 αὐτὴν
3524 730 3863 783 καταλαϐεῖν
3902 731 3991 782 καὶ

2410 825 2533 893 τῇδε
2566 823 2808 889 οἰκῆσαι,
2845 821 3077 889 σπουδὴν
3109 819 3315 872 ἐτίθετο
3354 823 3558 874 πᾶσαν.

2489 979 2574 1030 Τὰ
2627 977 2770 1031 κατὰ
2821 975 2910 1028 τὸν
2970 975 3110 1026 θεῖον
3167 971 3456 1040 τοιγαροῦν
3514 970 3792 1038 Εὐθύμιον
3843 968 3994 1035 παρὰ

2417 1071 2631 1122 πάντων
2663 1067 2845 1136 σχεδὸν
2890 1063 3294 1128 διδασκόμενος,
3323 1061 3380 1132 [ἡ
3422 1061 3588 1131 ἀρετὴ
3649 1061 3762 1128 γαρ
3827 1060 3993 1110 αὑτὸν

2419 1164 2620 1231 ἐμήνυε
2679 1155 2981 1226 πανταχοῦ]
3031 1156 3194 1226 ἔρωτι
3258 1153 3444 1214 δεινῶς
3503 1153 3603 1220 τῆς
3645 1151 3742 1202 τοῦ
3803 1150 3994 1218 ἀνδρὸς

2421 1251 2708 1320 συντυχίας
2742 1249 2988 1319 ἡλίσκετο
3017 1262 3030 1276 ⁸
3070 1246 3161 1296 xui
3184 1244 3356 1295 δεῖται
3385 1243 3460 1304 ὡς
3487 1242 3714 1294 δυνατὸν
3746 1239 3845 1290 τοῦ
3899 1257 3993 1306 με·

2421 1345 2586 1414 γὰλου
2620 1341 2970 1412 Εὑστοργὶου,
3005 1337 3168 1404 εὐχῆς
3200 1333 3497 1397 ἀξιωθέντα
3528 1337 3626 1403 τῆς
3659 1333 3796 1402 παρ’
3830 1329 3993 1383 αὑτοῦ

2426 1435 2540 1506 μετ’
2574 1436 2796 1503 εἰρήνης
2871 1432 3227 1499 ἀπολυθῆναι.

2497 1528 2696 1578 Τούτου
2735 1525 2797 1594 δὴ
2831 1525 2937 1592 ἄρα
2962 1524 3274 1589 γενομένου,
3303 1523 3370 1590 τῇ
3400 1517 3494 1570 τοῦ
3535 1513 3862 1584 θαυμαστοῦ
3897 1512 3999 1564 εὑ-

2430 1620 2625 1689 θυμὶου
2677 1618 2868 1686 Λαύρα
2920 1614 3212 1678 διαϐαλὼν,
3257 1613 3547 1682 Ἀνατολῖῳ
3585 1611 3694 1662 τινὶ
3756 1605 4002 1674 πρεσϐυ-

2429 1715 2590 1782 τέρῳ,
2617 1712 2710 1764 καὶ
2755 1709 3034 1776 Ὀλυμπίῳ
3079 1704 3314 1775 μοναχῷ,
3335 1704 3578 1770 ἀδελφοῖς
3603 1701 3702 1769 μὲν
3725 1701 3788 1751 τὸ
3822 1699 4000 1764 γένος,

825 1545 984 1609 Quod
1035 1560 1154 1598 cum
1187 1555 1378 1598 nactus
1423 1544 1634 1604 fuisset,
1682 1543 1745 1595 ad
1789 1543 2019 1595 [.auram
2059 1539 2324 1593 mirabilis

768 1635 1043 1705 Entbynnii
1091 1636 1383 1696 accedens,
1431 1634 1663 1700 hospitio
1710 1634 1977 1700 excipitur
2025 1646 2054 1682 a
2089 1631 2324 1698 quodam

755 1727 1004 1780 Anatolio
1037 1725 1367 1794 presbytero,
1399 1733 1451 1776 et
1480 1723 1725 1792 Olympio
1752 1721 2039 1783 monacho,
2067 1720 2328 1774 fratribus

757 1817 975 1885 quidem
1028 1831 1249 1883 genere,
1284 1817 1452 1883 patria
1503 1822 1685 1867 autem
1722 1813 2021 1867 Corinthiis
2053 1831 2064 1864 :
2099 1828 2330 1880 cumque

2435 1805 2737 1876 Κορινθίοις
2765 1806 2821 1854 δὲ
2852 1801 2950 1870 τὴν
2995 1801 3250 1868 πατρίδα,
3291 1795 3590 1861 ξενίζεται’
3644 1791 3746 1843 xui
3807 1790 4005 1858 συλνὰς

758 1908 958 1962 multos
985 1908 1099 1961 dies
1123 1908 1260 1976 apud
1286 1923 1379 1961 eos
1404 1907 1655 1975 degisset,
1680 1905 1876 1959 deinde
1898 1908 2057 1957 etiam
2082 1920 2333 1972 maguum

2452 1897 2567 1967 παρ’
2591 1897 2774 1958 αὐτοῖς
2806 1895 3016 1964 ἡμέρας
3041 1889 3341 1957 διαγαγὼν,
3383 1883 3501 1939 εἶτα
3541 1884 3636 1938 xui
3687 1881 3782 1935 τδν
3837 1881 4008 1948 μέγαν

759 2000 892 2052 vidit
942 1999 1311 2070 Euthymium,
1353 2006 1407 2054 et
1462 2001 1634 2052 beata:
1704 1997 1807 2050 illa:
1860 2011 2054 2049 manus
2115 2009 2328 2049 sacrum

764 2092 890 2162 ejus
928 2104 1092 2162 caput
1147 2095 1441 2162 tetigerunt
1476 2112 1487 2146 :
1522 2106 1625 2145 una
1666 2100 1719 2144 et
1757 2105 1878 2143 eum
1915 2089 2212 2142 tnonastico
2245 2087 2329 2138 in-

759 2187 993 2240 duentes
1024 2187 1229 2248 habitu,
1261 2200 1362 2237 una
1401 2195 1453 2237 et
1485 2183 1536 2236 in
1572 2200 1696 2237 cum
1730 2183 2044 2236 uberiorem
2077 2194 2334 2234 vocantes

762 2277 997 2348 Spiritus
1037 2277 1430 2346 Operationem.

835 2458 970 2511 Eum
1004 2467 1182 2509 tamen
1217 2455 1317 2507 hoc
1351 2454 1401 2506 in
1438 2455 1556 2508 loco
1591 2468 1809 2505 manere
1838 2468 1945 2504 non
1981 2451 2101 2504 sivit
2136 2451 2336 2518 Euthy-

768 2550 928 2610 mius,
964 2557 1186 2616 prOpter
1217 2556 1429 2600 aetatem
1468 2563 1480 2597 :
1514 2545 1666 2597 valde
1699 2544 1842 2596 enim
1876 2544 2100 2596 cavebat
2133 2543 2335 2594 imber-

773 2641 918 2696 bium
946 2650 999 2691 et
1027 2640 1437 2691 adulescentum
1471 2638 1522 2689 in
1549 2652 1642 2689 sua
1669 2636 1840 2689 Laura
1872 2635 2336 2698 conversationes,

770 2745 841 2784 ne
876 2733 941 2784 ad
978 2739 1160 2798 turpes
1190 2731 1541 2798 cogitationes
1575 2729 1796 2797 reliquis
1836 2728 2116 2781 Fratribus
2156 2726 2332 2779 oﬂ'en-

747 2812 952 2875 Idiculo
995 2828 1199 2874 essent.
1257 2820 1363 2874 Sed
1402 2837 1521 2874 cum
1556 2836 1782 2889 magnus
1814 2821 1926 2888 jam
1974 2817 2338 2884 Theoetistus,

772 2914 838 2966 ad
893 2913 1101 2976 Jesum,
1163 2928 1323 2980 quem
1385 2913 1746 2975 desiderabat,
1809 2914 2158 2975 excessisset,
2227 2912 2343 2980 ipse

773 3002 1062 3071 (lyriacum
1091 3003 1157 3056 ad
1185 3013 1431 3056 sanctum
1463 3002 1807 3056 Gerasimum
1861 3003 2016 3069 juxta
2050 3000 2341 3054 Jordanem

779 3093 964 3147 mittit.
999 3092 1133 3146 Cum
1162 3108 1294 3161 ergo
1327 3095 1567 3146 divinqu
1607 3107 1794 3146 revera
1828 3108 2026 3146 munus
2057 3093 2343 3163 (Syriacum

778 3183 1090 3239 Gerasimus
1141 3184 1461 3252 accepisset,
1494 3193 1545 3237 et
1592 3199 1654 3236 ea
1691 3183 1838 3237 illum
1879 3194 2036 3238 aetate
2077 3184 2345 3247 vidisset,

2439 1989 2707 2057 Εύθύμιον
2738 1986 3016 2044 ἐθεάσατο,
3047 1984 3141 2035 xui
3179 1983 3232 2032 ui
3263 1980 3528 2048 μακάριαι
3572 1977 3757 2045 χεῖρες
3805 1974 4009 2024 ἐκεῖναι

2437 2081 2538 2149 τῆς
2602 2081 2752 2146 ἱερᾶς
2807 2073 2973 2130 αὐτοῦ
3037 2074 3244 2143 ἥψαντο
3291 2071 3552 2137 κεφαλῆς,
3606 2066 3744 2132 ὁμοῦ
3812 2065 3912 2133 μὲν
3956 2061 4011 2114 τό

2443 2171 2734 2243 μοναχικδν
2785 2168 2985 2234 ἔνδυμα
3031 2162 3489 2232 περιϐαλλόμεναι
3522 2156 3709 2209 τοῦτον
3740 2153 3944 2225 [τούτῳ
3975 2153 4013 2224 ⁸]

2439 2263 2574 2328 ὁμοῦ
2621 2262 2676 2312 δὲ
2715 2262 2805 2311 καὶ
2852 2256 3249 2327 δαψιλεστέραν
3314 2253 3401 2304 ἐπ’
3429 2248 3592 2302 αὑτὸν
3620 2246 3893 2300 καλοῦσαι
3925 2246 4011 2296 τοῦ

2445 2352 2758 2419 Πνεύματος
2780 2349 2876 2418 τὴν
2909 2349 3208 2416 ἐνέργειαν.

2513 2446 2707 2497 Μείναι
2768 2441 2945 2509 μέντοι
2991 2438 3188 2505 ὅμωςὸ
3217 2433 3486 2502 Εὑθύμιος
3540 2430 3734 2482 τοῦτον
3780 2425 4015 2482 ἐνταῦθα

2443 2536 2541 2588 οὐκ
2603 2535 2774 2595 εἴασε,
2806 2532 2894 2584 διὰ
2953 2533 3051 2600 τὴν
3077 2527 3292 2596 ἡλικίαν
3327 2542 3342 2556 °
3378 2525 3517 2576 πάνυ
3546 2523 3656 2592 γὰρ
3682 2520 4020 2588 ἐφυλάττετο

2443 2629 2542 2689 τὰς
2590 2627 2695 2678 τῶν
2753 2624 3011 2691 ἀγενείων
3071 2623 3165 2673 καὶ
3247 2619 3549 2689 μειρακίων
3603 2618 3659 2667 ὲν
3710 2616 3778 2681 τῇ
3851 2610 4021 2678 οἰκείᾳ

2446 2716 2621 2787 λαύρα
2669 2714 2970 2781 διατριϐὰς,
3010 2713 3157 2769 ὅπως
3190 2710 3264 2780 μὴ
3301 2706 3596 2760 σκάνδαλόν
3623 2721 3674 2754 τι
3703 2702 3846 2769 πρὸς
3878 2701 4022 2766 λογι-

2449 2811 2617 2877 σμοὺς
2677 2807 2912 2866 ἀτόπους
2959 2805 3065 2856 τῶν
3127 2799 3373 2867 ἀδελφῶν
3419 2801 3529 2858 τοῖς
3564 2794 3892 2854 ὑπολοίποις
3930 2791 4024 2841 ὑπο

2449 2898 2868 2970 ἄρχοιεν·ἁλλὰ
2920 2894 3010 2947 τοῦ
3056 2892 3296 2962 μεγάλου
3355 2890 3455 2961 ’ήδη
3512 2887 3848 2940 Θεοκτίστου
3896 2884 4026 2946 πρδς

2447 2989 2538 3042 τὸν
2606 2988 2938 3058 ποθούμενον
2994 2985 3405 3054 ἐκδημήσαντος
3451 2980 3687 3050 Ἰησοῦν,
3743 2978 3912 3034 αὐτὸς
3941 2978 4024 3026 τὸν

2452 3082 2731 3152 κυριακὸν
2781 3079 2918 3146 πρὸς
2967 3077 3056 3129 τὸν
3089 3080 3142 3128 ὲν
3174 3078 3351 3142 ἁγίοις
3379 3073 3718 3140 Γερὰσιμον,
3757 3069 3915 3136 παρᾶ
3940 3067 4024 3118 τον

2468 3173 2736 3242 Ἰορδάνην
2768 3169 3068 3233 ἐκπέμπει.
3109 3165 3180 3218 Τὸ
3213 3165 3355 3216 θεῖον
3388 3165 3564 3214 τοίνυν
3596 3165 3769 3229 γέρας
3805 3160 3880 3221 ὡς
3905 3158 4025 3225 ἁλη-

778 3275 1012 3329 coenobii
1070 3275 1387 3328 ministeriis
1453 3277 1632 3344 ipsum
1673 3278 1989 3331 destinavit.
2031 3275 2119 3330 Sic
2168 3287 2344 3331 autem

2457 3264 2562 3328 θῶς
2595 3265 2622 3315 ὁ
2645 3261 2950 3331 Γεράσιμος
2995 3257 3290 3325 δεξάμενος
3337 3254 3427 3306 τὸν
3463 3253 3768 3322 Κυριακόν,
3797 3253 3894 3302 xui
3922 3250 4030 3316 ὴὶιο

780 3370 833 3423 in
858 3384 922 3420 eo
952 3369 1286 3421 admirabilis
1319 3369 1407 3421 ille
1431 3370 1679 3439 degebat,
1711 3370 1854 3439 ligna
1890 3370 2119 3435 ﬁndens,
2155 3387 2350 3438 aquam

785 3467 1162 3522 comportatis,
1190 3459 1446 3512 alimenta
1475 3459 1755 3514 Fratribus
1788 3477 2001 3529 parans,
2029 3471 2082 3515 et
2109 3463 2356 3531 coquinae

783 3549 970 3603 otliciis
1016 3549 1338 3604 inserviens.
1391 3550 1496 3605 Sed
1530 3551 1777 3620 quamvis
1825 3554 1894 3605 ita
1929 3569 1987 3606 se
2019 3554 2262 3616 haberet,
2301 3565 2357 3608 et

786 3644 837 3693 in
896 3642 1065 3694 tantis
1117 3642 1396 3695 laboribus
1439 3654 1494 3696 et
1545 3644 1960 3710 fatigationibus
2009 3655 2179 3697 totum
2215 3646 2355 3698 diem

791 3729 1139 3798 transigeret,
1171 3730 1225 3780 in
1259 3730 1458 3783 divinis
1485 3732 1772 3799 colloquiis
1801 3739 1856 3783 et
1884 3732 2127 3786 oratione
2163 3748 2357 3802 perno-

791 3820 1005 3884 ctabat;
1062 3818 1472 3890 ferventiusque
1517 3838 1706 3876 rursus
1757 3832 1811 3877 et
1859 3824 2038 3879 aerius
2075 3834 2196 3893 post
2224 3839 2361 3893 opus

793 3926 1055 3962 manuum
1099 3925 1279 3964 sacros
1332 3913 1562 3979 hymnos
1611 3913 1946 3980 incipiebat:
1981 3923 2118 3967 etut
2172 3913 2362 3982 paucis

790 4000 986 4068 dicam,
1035 4003 1203 4055 vitam
1251 4004 1728 4070 anachoreticam,
1773 4003 1826 4061 in
1874 4007 2120 4062 coenobio
2169 4017 2223 4058 et
2255 4017 2361 4058 tam

792 4097 974 4151 multis
1015 4097 1268 4164 negotiis,
1303 4112 1400 4165 per
1437 4098 1616 4149 omnia
1661 4099 1974 4160 exhibebat,
2024 4113 2160 4165 pane
2192 4099 2364 4149 solum

790 4195 844 4238 et
878 4203 1040 4256 aqua,
1073 4187 1236 4255 idque
1271 4188 1512 4240 secundo
1542 4201 1758 4256 quoque
1790 4186 1877 4241 die
1907 4187 2069 4240 altus.

2453 3359 2576 3419 κίας
2636 3355 2808 3416 οὕτως
2871 3353 3061 3422 ἔχοντα
3121 3349 3263 3414 ἰδὼν,
3333 3343 3730 3416 ὑπηρετεῖσθαι
3760 3341 4028 3404 ἀπέταξεν

2453 3451 2618 3504 αὐτὸν
2647 3450 2702 3499 ἐν
2735 3448 2813 3515 τῷ
2841 3445 3110 3512 κοινοϐίῳ.
3158 3443 3324 3511 Διῆγε
3360 3445 3457 3511 μὲν
3481 3440 3544 3509 δὴ
3582 3441 3608 3491 ὁ
3632 3437 3944 3505 Θαυμάσιος
3979 3435 4028 3484 ὲν

2454 3541 2601 3611 αύτῴ
2621 3535 2798 3601 οὗτος,
2835 3538 2964 3600 ξύλα
3013 3551 3071 3586 τε
3124 3535 3382 3596 διακλῶν,
3417 3533 3510 3584 xui
3542 3529 3690 3597 ’ύδωρ
3725 3524 4030 3593 μετακομί-

2457 3635 2582 3700 ζων,
2611 3631 2815 3701 τροφήν
2849 3646 2910 3681 τε
2933 3629 3046 3689 τοῖς
3108 3624 3356 3692 ἀδελφοῖς
3384 3621 3712 3688 ἐτοιμάζῳν,
3750 3621 3850 3668 xu".
3905 3616 4033 3682 πρὸς

2459 3729 2527 3779 τὰ
2556 3726 2646 3778 τοῦ
2681 3723 2997 3792 μαγειρείου
3025 3717 3464 3785 διακονούμενος,
3493 3710 3650 3783 [ἀλλὰ
3672 3709 3716 3780 ’]
3743 3710 3839 3760 xui
3869 3707 4033 3766 οὕτως

2462 3819 2590 3887 ἔχω,
2622 3818 2714 3870 xui
2765 3817 2953 3876 κόποις
2985 3810 3328 3882 τηλικούτοις
3389 3807 3483 3859 xui
3545 3807 3823 3872 καμάτοις
3853 3800 4036 3869 διήμε·

2467 3910 2661 3982 ρεύων,
2695 3911 2748 3960 ὲν
2778 3911 2843 3976 τῇ
2881 3907 3018 3974 πρὸς
3073 3905 3162 3955 τὸν
3215 3902 3347 3952 Θεὸν
3374 3899 3557 3968 ὁμιλίᾳ
3604 3900 3702 3950 καὶ
3740 3900 3809 3963 τῇ
3839 3896 4034 3963 δεήσει,

2465 4002 2563 4064 τὰς
2610 3999 2810 4060 νύκτας
2869 3995 3158 4064 ἀνήλισκε,
3190 3995 3283 4046 xui
3343 3991 3676 4060 θερμότερον
3720 3987 3930 4056 μᾶλλον
3958 3987 4038 4037 xai

2475 4093 2842 4161 ἀκμαιότερον
2890 4089 3030 4158 μετὰ
3062 4089 3123 4140 τὸ
3157 4087 3256 4156 τῆς
3294 4086 3477 4155 χειρὸς
3508 4083 3696 4153 ἔργον,
3738 4081 3856 4134 τῶν
3890 4080 4038 4149 ἱεριίιν

2469 4185 2654 4254 ὕμνων
2713 4184 3010 4253 ἀττήρχετο⁸
3064 4180 3158 4231 καὶ
3218 4177 3506 4230 συνελόντα
3547 4177 3741 4242 φάναι,
3808 4169 4038 4241 τὴντῶν

791 4277 1166 4348 ἀναχωρητῶν
1213 4278 1510 4340 πολιτείαν,
1576 4280 1633 4331 ὲν
1686 4278 1938 4347 κοινοδίῳ
1971 4279 2066 4329 xui
2099 4278 2390 4347 πράγμασι
2420 4277 2719 4338 τοσούτοις,
2775 4273 3123 4326 ἐπεδείκνυτο
3152 4268 3239 4321 διὰ
3287 4267 3526 4332 πάντων,
3573 4267 3723 4334 ἄρτῳ
3750 4264 3851 4316 xui
3897 4261 4037 4314 ὕδατι

797 4372 997 4439 μόνοις,
1034 4371 1129 4422 xui
1163 4372 1332 4424 ταῦτα
1364 4373 1516 4440 παρὰ
1539 4372 1632 4424 δύο
1686 4374 1898 4442 ἡμέρας
1932 4373 2291 4442 τρεφόμενος.

866 4467 959 4521 His
991 4466 1247 4520 inductus
1290 4472 1374 4518 est
1405 4465 1743 4530 Gerasimus,
1790 4475 1847 4517 ut
1878 4479 2002 4517 eum
2049 4465 2204 4518 valde
2237 4465 2357 4518 dili-
2397 4473 2440 4533 ῐ)

795 4572 963 4625 geret,
1005 4568 1060 4609 et
1096 4557 1171 4609 sic
1209 4558 1311 4609 vita
1344 4556 1722 4611 delectabatur
1759 4557 2143 4619 adolescentis,
2188 4557 2364 4624 deque

806 4644 952 4703 Illius
1003 4647 1268 4712 moribus,
1319 4655 1373 4699 et
1422 4662 1607 4701 amore
1649 4648 1701 4700 in
1742 4665 1829 4703 res
1868 4650 2197 4718 spirituales,
2240 4649 2374 4703 adeo

801 4740 898 4806 ipsi
932 4750 1273 4807 compertum
1308 4749 1447 4807 erat,
1479 4751 1534 4794 ut
1570 4741 1622 4793 in
1659 4741 1850 4795 diebus
1878 4743 2211 4811 jejuniorum
2242 4758 2365 4795 eum

802 4832 853 4884 iu
909 4833 1076 4884 Rubae
1125 4832 1472 4884 solitudinem
1513 4845 1834 4898 assumeret,
1887 4835 2102 4904 illicque
2159 4835 2368 4890 socium

802 4921 1048 4978 laborum
1092 4931 1142 4974 ct
1179 4922 1476 4991 spiritualis
1513 4937 1773 4978 ascensus
1823 4924 2068 4979 haberet.

881 5209 979 5262 Hic
1009 5208 1168 5261 etiam
1199 5210 1460 5265 mirabilis
1490 5210 1810 5281 Eutliymius
1839 5215 2040 5268 versari
2071 5213 2378 5279 dicebatur,

812 5314 867 5355 et
909 5302 1134 5369 Singulis
1183 5299 1475 5358 Dominicis
1512 5305 1694 5359 divina
1755 5304 1858 5356 illis
1901 5317 2240 5361 sacramenta
2281 5308 2382 5360 im-

817 5391 1042 5463 pertire,
1080 5393 1251 5444 donec
1283 5392 1397 5444 dies
1446 5392 1754 5448 Palmarum
1787 5395 2112 5449 advenisset.

887 5564 1102 5622 lutei-im
1135 5565 1281 5620 brevi
1319 5569 1506 5637 elapso
1540 5576 1802 5635 tempore,
1835 5567 2062 5639 pulchro
2093 5569 2284 5626 itinere
2315 5570 2382 5625 ad

900 5769 974 5834 (4)
1030 5767 1380 5822 Theoctisttts
1440 5769 1691 5838 migravit
1763 5767 1826 5821 ad
1906 5766 2188 5822 Dominum
2250 5785 2389 5823 anno

1835 5839 1920 5894 dte
1955 5839 1986 5892 3
2057 5839 2204 5908 Sept.
2238 5841 2391 5894 initio

825 5839 944 5892 vitae
987 5838 1044 5894 S.
1074 5838 1346 5908 Eulhymii
1390 5838 1456 5893 9U
1497 5841 1758 5908 (ineunte)

2554 4458 2648 4510 ‘Ex
2705 4455 2911 4508 τούτων
2970 4450 3345 4522 δπερφιλῆσαί
3374 4467 3432 4501 τε
3460 4447 3625 4500 αὐτὸν
3656 4447 3685 4497 δ
3739 4447 4038 4515 regem“;

2476 4550 2746 4621 προήχθη,
2765 4549 2859 4600 xui
2881 4545 3022 4598 οὕτω
3052 4548 3118 4614 τῇ
3147 4543 3240 4595 τοῦ
3287 4542 3554 4609 νεωτέρου
3575 4539 3740 4608 ἥδετο
3780 4540 4039 4608 πολιτεία,

2477 4647 2569 4697 καὶ
2620 4643 2880 4710 τοιαύτην
2919 4641 3009 4692 ἐπὶ
3040 4640 3153 4700 τοῖς
3181 4635 3392 4691 ἐκείνου
3416 4635 3642 4705 τρόποις
3683 4633 3783 4685 xui
3816 4634 3897 4702 τῷ
3929 4635 4043 4702 περὶ

2475 4735 2543 4786 τὰ
2574 4733 2920 4801 πνευματικὰ
2950 4729 3112 4798 ἔρωτι
3153 4727 3253 4798 τὴν
3291 4728 3668 4798 πληροφορίαν
3711 4725 3955 4796 εἰλήφει,
3981 4725 4042 4786 ὠς

2478 4829 2574 4880 xui
2631 4823 3080 4894 παραλαμὸἀνειν
3153 4821 3316 4874 αὑτὸν
3364 4823 3421 4870 ὲν
3452 4822 3572 4879 ταῖς
3627 4818 3743 4870 τῶν
3792 4817 4044 4888 νηστειῶν

2480 4919 2716 4990 ἡμέραις
2749 4917 2826 4978 εἰς
2857 4915 2955 4983 τὴν
3005 4915 3211 4982 ἔρημον
3245 4910 3340 4964 τοῦ
3379 4909 3602 4972 Ῥουὸἄ,
3646 4910 3744 4961 xui
3803 4909 4044 4960 κοινωνὸν

2481 5009 2630 5079 ἔχειν
2662 5008 2770 5060 τῶν
2808 5008 2925 5058 ἐκεῖ
2953 5005 3217 5074 καμάτων
3247 5003 3340 5056 καὶ
3374 5001 3470 5069 τῆς
3502 5000 3893 5068 πνευματικῆς
3931 5001 4046 5054 ἀνα·

2482 5105 2709 5165 ϐάσεως.

2565 5194 2835 5254 Ἐνταῦθα
2903 5193 2999 5247 xui
3028 5193 3055 5244 ὁ
3087 5187 3400 5259 θαυμαστὸς
3443 5184 3722 5254 Εὑθύμιος
3757 5187 4048 5258 διατρίϐειν

2483 5294 2723 5360 ἐλέγετο,
2779 5288 2873 5340 xui
2928 5285 3268 5353 μεταδιδόναι
3290 5282 3399 5334 τῶν
3430 5281 3594 5333 θείων
3629 5281 3824 5343 αὐτοῖς
3858 5297 4050 5348 μυστη-

2490 5383 2620 5454 ρίων
2669 5376 2955 5449 Κυριακῆς
3002 5375 3261 5444 ἑκάστης,
3305 5373 3410 5436 ἓως
3469 5373 3502 5440 ἡ
3548 5372 3658 5423 τῶν
3719 5371 3907 5424 Βαῒων
3938 5373 4048 5440 ὰᾳὶ-

2488 5492 2658 5528 κοιτο.

2562 5564 2799 5635 Βραχέος
2832 5561 2887 5615 δὲ
2918 5558 3356 5630 ὑπορρεύσαντος
3377 5553 3578 5626 μεταξὺ
3618 5556 3850 5626 χρόνον,
3883 5559 4050 5612 ἄπεισι

2493 5766 2524 5820 5
2589 5761 2918 5823 indictionis,
2974 5769 3033 5813 ut
3111 5757 3343 5814 habetur
3395 5755 3591 5812 ini'ita
3652 5753 3711 5809 5.
3776 5753 4051 5827 Euthymii,

2500 5850 2693 5906 nempe
2722 5848 2862 5890 anno
2885 5829 3090 5889 Christi
3121 5829 3238 5884 460‘.
