4148 6492
735 428 835 494 931

1972 425 2253 485 MENSIS
2291 424 2755 487 SEPTEMBER.

3875 414 3977 476 932

739 546 959 611 doloris,
1002 554 1055 601 et
1118 542 1526 599 inconsolabilis
1576 555 1738 611 super
1791 539 1897 595 tilio
1946 540 2300 612 aegritudinis,

2425 542 2579 612 ,ὑπης
2608 544 2700 596 καὶ
2738 541 2834 608 τῆς
2868 536 3259 608 ἀπσρακλήτου
3296 534 3604 605 βαρυθμίας
3633 533 3776 598 (15),
3811 532 3977 601 εὐχήν

739 652 930 707 preces
969 652 1067 707 pro
1114 636 1521 691 adolescentulo
1564 632 1801 695 adhibet,
1851 633 2137 702 crucisquc
2194 648 2301 684 un-

739 737 885 782 ctum
917 728 1036 782 oleo
1081 743 1260 781 amara
1294 726 1383 780 illa
1448 725 1641 779 liberal
1678 723 1908 777 insania.

809 925 946 981 Cum
978 925 1140 995 igitur
1178 938 1275 992 per
1310 921 1510 975 multos
1538 921 1645 991 jam
1691 919 2024 989 pervasisset
2070 917 2307 971 miracu~

739 1017 873 1080 lum,
922 1014 1332 1069 innumerabilis
1374 1014 1437 1067 ad
1479 1028 1602 1066 eum
1644 1011 1953 1066 confluebat
1990 1010 2305 1074 multitudo,

742 1110 980 1178 quietem
1012 1106 1129 1174 ejus
1160 1116 1214 1161 et
1247 1106 1545 1159 orationem
1578 1107 2061 1173 interrumpentes.

816 1198 943 1252 Haec
1000 1199 1175 1251 vitans
1223 1197 1519 1265 prreclarus
1567 1195 1850 1264 Cyriacus,
1897 1193 1950 1245 in
1990 1192 2304 1246 interiorem

745 1288 914 1344 Buba:
955 1287 1305 1341 solitudinem
1353 1285 1569 1337 transit
1594 1284 1731 1353 (16).
1779 1282 1845 1336 Et
1876 1283 2117 1351 quinque
2154 1283 2208 1335 in
2246 1296 2309 1335 ea

747 1382 1051 1451 transigens
1091 1394 1286 1442 annos,
1326 1377 1537 1430 radices
1586 1375 1993 1444 melagriorum,
2045 1385 2101 1430 et
2142 1390 2308 1429 arun-

746 1472 933 1525 dinum
968 1485 1210 1524 summos
1246 1483 1425 1521 ramos
1458 1469 1509 1519 in
1541 1468 1689 1521 cibos
1734 1468 2054 1520 admittebat
2088 1484 2105 1521 :
2140 1482 2311 1535 eaque

747 1563 983 1631 amplum
1021 1563 1093 1614 illi
1135 1570 1289 1615 erant
1335 1560 1644 1628 opsonium,
1679 1559 1814 1611 nihil
1845 1558 2021 1626 quoad
2069 1559 2314 1628 volupta-

749 1667 853 1708 tem
900 1655 1132 1708 divitum
1166 1666 1368 1707 mensa:
1405 1651 1627 1704 cedens.

818 1830 925 1885 Sed
978 1830 1284 1884 divinorum
1340 1827 1543 1899 Cyriaci
1601 1827 1994 1883 charismatum
2051 1827 2310 1892 efficacia,

749 1924 891 1978 hanc
939 1938 1154 1993 quoque
1200 1922 1570 1982 solitudinem,
1623 1920 2027 1973 advenientium
2073 1921 2315 1973 multitu-

749 2015 901 2077 dine,
959 2014 1235 2067 civitatem
1284 2012 1570 2065 elliciehat.
1619 2010 1814 2064 Omnes
1863 2012 2004 2064 enim
2054 2028 2191 2081 quos
2232 2013 2315 2067 vel

749 2107 925 2160 malus
956 2106 1188 2160 vexabat
1217 2104 1461 2172 spiritus,
1489 2103 1569 2157 vel
1596 2103 1734 2156 alius
1762 2104 2043 2172 premebat
2065 2106 2315 2170 morbus,

752 2200 1001 2267 prompto
1046 2207 1101 2253 et
1132 2197 1295 2249 alacri
1344 2195 1546 2260 animo,
1598 2196 1663 2249 ad
1713 2196 1887 2248 virum
1932 2207 2205 2264 tamquam
2251 2200 2318 2250 ad

753 2290 1086 2357 exploratam
1122 2288 1462 2341 sanationem
1508 2288 1870 2339 accurrebant
1906 2302 1921 2340 :
1952 2297 2007 2340 et
2037 2302 2201 2339 nemo
2253 2287 2318 2339 il-

758 2382 867 2435 linc
933 2380 1310 2434 revertebatur
1380 2394 1602 2433 vacuus.
1678 2378 1877 2433 Verum
1940 2381 2320 2433 accedentium

754 2473 1157 2527 multitudinem
1209 2474 1404 2526 iterum
1459 2480 1723 2541 pertaesus
1769 2473 1987 2527 divinus
2039 2474 2317 2544 Cyriacus,

755 2569 809 2621 in
840 2582 957 2621 eam
990 2582 1049 2620 se
1085 2564 1297 2619 confert
1327 2567 1634 2621 solitudinis
1665 2575 1900 2635 partem,
1938 2566 1993 2619 in
2039 2583 2145 2635 qua
2193 2581 2322 2619 ana-

755 2662 1101 2713 choretarum
1158 2658 1340 2711 nullus
1393 2674 1572 2727 neque
1622 2666 1918 2720 manserat,
1956 2674 2131 2727 neque
2183 2673 2323 2728 pcr-

757 2750 1046 2805 transierat
1075 2747 1388 2816 aliquando.
1420 2747 1812 2802 Nominabatur
1837 2747 1989 2799 locus
2021 2747 2091 2800 ab
2123 2747 2323 2801 accolis

760 2840 1002 2895 Susacim
1030 2840 1165 2909 (l7);
1192 2839 1248 2891 in
1271 2855 1378 2907 quo
1404 2849 1459 2892 et
1497 2836 1654 2892 Sucte
1682 2847 1736 2892 et
1764 2838 1924 2892 Novae
1950 2837 2137 2892 Laurae
2166 2840 2324 2892 ambo

757 2932 928 2997 ﬂuvii,
977 2946 1169 2985 eorum
1224 2945 1359 2998 quos
1411 2930 1665 2983 novimus
1718 2930 1937 2983 maximi
1986 2937 2042 2982 et
2100 2928 2326 2999 profun-

759 3022 993 3088 dissimi,
1043 3022 1451 3092 coniunguntur
1498 3030 1551 3075 et
1577 3019 1880 3080 conﬂuunt.
1914 3020 2183 3075 Feruntur
2226 3037 2325 3074 au-

760 3125 867 3170 tem
901 3117 938 3170 ii
970 3130 1089 3170 esse
1120 3116 1187 3171 de
1218 3116 1414 3183 quibus
1442 3113 1658 3167 Christo
1689 3102 1894 3167 dictum
1924 3124 2005 3167 est
2028 3129 2056 3165 a
2090 3112 2322 3167 Davide:

2404 651 2462 686 τε
2521 633 2596 703 τῷ
2649 632 2911 700 νεανίσκῳ
2959 628 3224 696 ἐπιλέγει,
3278 629 3373 679 καὶ
3443 625 3519 695 τῷ
3552 625 3699 697 [τοῦ]
3729 624 3973 691 σταυροῦ

2406 726 2600 795 χρίσας
2661 722 2849 792 ἐλαίῳ,
2882 722 2977 791 τῆς
3011 721 3214 789 πικρᾶς
3261 717 3476 785 ἐκείνης
3504 717 3845 770 ἀπαλλάττει
3879 733 3977 782 μα-

2406 820 2545 879 νίας.

2478 908 2585 960 Ίόὖ
2643 907 2925 976 Θαύματος
2983 904 3160 956 τοίνυν
3187 905 3266 965 είς
3305 902 3531 965 πολλοὺς
3555 904 3657 973 ἤδη
3688 904 3977 971 διαςοιτήο

2412 1016 2621 1063 σαντος,
2670 1000 2863 1068 μυρίον
2910 998 3038 1067 παρ’
3070 997 3232 1049 αὑτὸν
3281 995 3482 1065 πλῆθος
3535 999 3857 1065 συνέρρεον,
3890 998 3980 1067 τὴν

2411 1093 2636 1162 ἡσυχίαν
2659 1090 2805 1157 αὑτῷ
2830 1091 2921 1142 καὶ
2943 1092 3041 1160 τὴν
3088 1088 3391 1158 προσευχὴν
3418 1089 3842 1149 ἐπικόπτοντες.

2481 1186 2667 1241 Ταῦτα
2712 1187 2739 1237 6
2775 1188 3023 1251 γενναῖος
3085 1182 3365 1251 Κυριακὸς
3417 1181 3686 1233 ἐκκλίνων
3735 1181 3833 1232 ἐπὶ
3894 1179 3982 1249 τὴν

2411 1277 2671 1346 ἐνδοτέρω
2704 1276 3008 1349 [ἐνδοτέραν
3042 1273 3091 1347 ι]
3123 1274 3426 1328 τοῦῬουΰᾶ
3458 1274 3664 1343 ἔρημον
3693 1273 3979 1325 διαϐαίνει.

2412 1372 2522 1422 Καὶ
2556 1372 2716 1423 πέντε
2773 1370 2901 1439 παρ’
2954 1369 3092 1437 αὖτῇ
3130 1369 3407 1435 διαγαγὼν
3440 1366 3559 1433 ἐτη,
3594 1364 3759 1434 ῥίζας
3795 1382 3854 1415 τε
3889 1382 3983 1432 με·

2413 1463 2654 1532 λαγρίων
2721 1462 2814 1513 καὶ
2862 1461 3173 1531 ἀκρέμονας
3235 1459 3564 1529 [ἀκρεμόνας
3608 1456 3670 1528 2]
3725 1457 3984 1525 καλάμων)

2416 1554 2701 1624 προσίειο·
2769 1552 2862 1606 καὶ
2920 1553 3096 1605 ταῦτα
3148 1551 3355 1620 ὄψοντε
3391 1552 3574 1602 ἱκανὸν
3606 1549 3766 1618 αὖτῷ
3827 1545 3983 1618 ἦσαν,

2415 1651 2511 1699 καὶ
2569 1648 2719 1700 οὐδὲν
2781 1647 2859 1708 είς
2906 1646 3103 1717 ἡδονὴν
3150 1645 3246 1714 τῆς
3269 1643 3377 1695 τῶν
3404 1642 3676 1694 πλουσίων
3706 1642 3987 1712 τραπέζης

2416 1740 2874 1809 ἀπολειπόμενον.

2500 1831 2641 1884 Ἀλλ’
2670 1829 2831 1901 ἡτῶν
2862 1830 3218 1901 χαρισμάτων
3250 1829 3343 1881 τοῦ
3376 1827 3662 1900 Κυριακοῦ
3688 1826 3804 1878 τῶν
3836 1825 3989 1877 Οείων

2418 1926 2687 1994 ἐνέργεια,
2724 1924 2877 1975 πόλιν
2924 1924 3017 1975 καὶ
3054 1924 3152 1991 τὴν
3182 1923 3388 1991 ἔρημον
3428 1922 3632 1991 ταύτην
3656 1920 3740 1989 τῷ
3798 1905 3992 1986 πλήθει

2417 2017 2524 2068 τῶν
2552 2016 2963 2084 ἐπιδημούντων
2993 2015 3184 2069 ἐποίει.
3221 2016 3329 2066 Καὶ
3356 2015 3548 2075 πάντες
3574 2011 3655 2076 οἷς
3679 2014 3795 2065 εἴτε
3829 2030 3993 2081 πονη-

2422 2110 2512 2179 ρὸν
2543 2109 2784 2177 ἐνοχλοίη
2836 2108 3075 2177 πνεῦμα,
3111 2108 3217 2160 εἴτε
3240 2106 3393 2168 νόσος
3429 2105 3590 2174 ἐτέρα
3614 2106 3824 2169 πιέζοι,
3863 2103 3994 2173 πρό-

2421 2201 2585 2271 Ουμοι
2622 2200 2757 2269 πρὸς
2781 2201 2869 2251 τὸν
2900 2198 3068 2267 ἄνδρα
3098 2198 3284 2265 ὥσπερ
3321 2198 3386 2249 ἃν
3434 2196 3515 2257 εἰς
3543 2193 3996 2263 ὁμολογουμένην

2422 2295 2566 2347 ἴασιν
2625 2294 2866 2365 ἔτρεχοψ
2902 2293 2996 2343 καὶ
3024 2291 3173 2351 κενὸς
3203 2290 3410 2340 ἐκεῖθεν
3440 2288 3615 2349 οὐδεὶς
3652 2286 3994 2355 ἐπανῄεσαν.

2420 2386 2799 2455 Δυσχεραίνων
2853 2384 2909 2435 δὲ
2963 2381 3040 2450 τῷ
3096 2380 3291 2451 πλήθει
3337 2380 3444 2431 τῶν
3491 2380 3845 2449 προσιόντων
3906 2378 3996 2431 καὶ

2422 2478 2578 2541 αὖθις
2624 2480 2651 2529 6
2710 2476 2851 2537 θεῖος
2906 2472 3206 2543 Κυριακδς,
3264 2472 3342 2533 είς
3398 2470 3556 2522 τοῦτο
3615 2469 3721 2537 τῆς
3786 2470 3994 2539 ἐρήμου

2422 2573 2602 2640 φοιτᾷ,
2635 2572 2691 2621 ἐν
2732 2563 2775 2635 ᾧ
2806 2570 2912 2621 τῶν
2958 2564 3327 2635 ἀναχωρητῶν
3373 2564 3491 2615 οὺδέ
3522 2556 3601 2622 εἷς
3635 2560 3762 2612 οὔτε
3814 2562 3997 2627 μείνας

2422 2660 2512 2734 ἦν,
2547 2663 2671 2714 οὔτε
2700 2660 2922 2713 διελθὼν
2957 2657 3195 2709 πώποτε·
3227 2657 3256 2708 6
3286 2657 3449 2715 τόπος
3482 2655 3537 2705 δὲ
3566 2655 3673 2721 ἄρα
3712 2653 3998 2721 Σουσακῖμ

2451 2754 2759 2821 Σουσακεὶμ
2815 2750 2868 2821 2]
2911 2754 3022 2812 τοῖς
3078 2746 3365 2818 ἐγχωρίοις
3419 2744 3739 2812 ὡνὸμαστο.
3798 2746 3912 2796 Καὶ
3945 2746 3997 2794 ἐν

2426 2846 2600 2916 αὐτῷ,
2631 2847 2657 2897 ὃ
2688 2862 2747 2896 τε
2806 2844 2907 2911 τῆς
2942 2841 3068 2902 νέας
3124 2840 3328 2910 λαύρας
3355 2839 3448 2889 καὶ
3477 2837 3504 2888 6
3556 2838 3655 2906 τῆς
3691 2836 3790 2888 τοῦ
3825 2838 3998 2887 llo-ni

2426 2938 2475 2989 οί
2500 2935 2736 3003 ποταμοὶ
2778 2933 2946 3003 ἄμφω
2973 2930 3358 2999 συμϐάλλουσι,
3396 2926 3693 2997 anesum
3735 2920 3813 2978 ὧν
3848 2927 3999 2992 ἴσμεν

2427 3033 2521 3086 καὶ
2555 3031 2806 3099 μέγιστοι
2863 3027 3103 3098 ῥέοντες.
3166 3022 3274 3076 Καὶ
3305 3023 3531 3081 τούτους
3565 3014 3733 3081 εἶναι,
3770 3021 3900 3088 περί
3930 3013 3998 3071 ὧν

2430 3124 2567 3192 πρὸς
2618 3122 2708 3172 τὸν
2762 3117 2997 3186 Χριστὸν
3054 3117 3269 3184 εἴρηται
3297 3111 3582 3181 τῷΔαυῒδ,
3620 3112 3695 3163 Σὺ
3729 3113 3997 3183 ἐξήρανας

763 3206 841 3260 Tu
886 3208 1096 3259 siccasti
1145 3207 1333 3276 ﬂuvios
1367 3204 1582 3258 Ethum.
1619 3202 1724 3258 Sed
1755 3204 1913 3273 plane
1941 3204 2142 3258 inviam
2184 3206 2324 3259 hanc

2430 3210 2709 3281 ποταμοὺς
2765 3208 2966 3276 Ἥοὰμ.
3024 3205 3264 3273 λέγεται.
3338 3203 3477 3255 Ἀλλ’
3537 3203 3744 3270 εὐχερῆ
3789 3203 4001 3261 παντως

761 3302 1112 3356 solitudinem
1161 3301 1313 3355 aditu
1354 3299 1580 3354 omnino
1612 3297 1824 3353 facilem
1859 3298 2171 3353 hominibus
2202 3299 2326 3353 red—

760 3391 924 3447 debat
968 3407 1128 3460 quam
1182 3392 1238 3444 in
1294 3405 1416 3444 eum
1471 3389 1745 3443 habebant
1800 3382 1955 3450 fides,
1998 3404 2095 3442 seu
2147 3390 2328 3457 potius

764 3484 1074 3537 divinarum
1128 3481 1280 3536 illius
1336 3480 1629 3552 gratiarum
1681 3478 1870 3548 copia;
1908 3492 2031 3547 quae
2062 3487 2117 3531 et
2165 3478 2325 3531 fidem

762 3574 1064 3629 ferventius
1112 3573 1409 3637 excitabat,
1454 3581 1508 3624 et
1538 3570 1592 3624 in
1644 3569 1973 3625 desiderium
2009 3569 2127 3639 pias
2172 3568 2329 3624 indu-

762 3670 921 3722 cebat
968 3667 1200 3719 animas.
1256 3664 1391 3719 Cum
1447 3663 1594 3717 enim
1650 3661 1907 3731 Cyriacus
1961 3671 2167 3729 septem
2220 3662 2330 3716 illic

764 3773 939 3812 annos
982 3756 1355 3826 transegisset,
1406 3754 1661 3825 (quando
1709 3767 1831 3822 qua:
1880 3752 2165 3822 ingruebat
2215 3750 2331 3823 [pec

764 3850 885 3921 stis]
935 3851 1117 3906 omnia
1156 3849 1507 3905 circumcirca
1561 3847 1848 3917 afﬂigebat,
1903 3847 2209 3914 multosque
2262 3845 2330 3899 de

766 3946 948 3998 medio
1015 3944 1203 3997 tollere
1262 3956 1372 3996 non
1437 3939 1862 4008 intermittebat)
1928 3940 2182 3993 timentes
2237 3938 2331 4007 qui

769 4050 924 4091 erant
967 4037 1156 4090 Laurae
1204 4036 1381 4097 Sucae,
1444 4034 1499 4087 in
1550 4034 1751 4086 inviam
1791 4028 1934 4086 hanc
1984 4030 2331 4085 solitudinem

765 4127 1092 4192 ascendunt,
1144 4134 1438 4197 rogantque
1488 4134 1543 4179 et
1571 4124 1863 4178 obsecrant
1912 4123 2222 4194 Cyriacum,
2273 4132 2333 4178 ut

768 4216 961 4270 iterum
996 4217 1063 4270 ad
1101 4215 1331 4270 Lauram
1381 4226 1721 4280 revertatur;
1773 4231 1881 4284 quo
1910 4216 2100 4269 saltem
2151 4215 2333 4269 enica-

770 4307 1049 4362 cissimum
1112 4308 1371 4363 adversus
1413 4306 1673 4378 [pestem]
1717 4305 2020 4361 remedium
2072 4305 2331 4371 habeant,

766 4400 908 4454 illius
945 4402 1265 4454 adventum.

839 4492 960 4547 Illos
992 4494 1171 4561 itaque
1202 4494 1454 4548 miserata
1498 4494 1640 4547 bona
1669 4494 1755 4546 illa
1784 4503 1839 4547 et
1868 4493 2112 4546 clemens
2151 4491 2331 4544 anima

2426 3307 2733 3378 ἀνθρώποις
2757 3304 2846 3358 καὶ
2881 3302 3070 3374 ῥᾳδίαν
3111 3301 3206 3354 καὶ
3228 3300 3327 3371 τὴν
3352 3298 3552 3354 ἄϐατον
3585 3298 3765 3368 δήπου
3798 3299 4001 3364 ταύτην

2429 3402 2655 3469 ἔρημον,
2685 3401 2718 3468 ἡ
2751 3402 2877 3467 περὶ
2904 3405 2993 3451 τὸν
3036 3397 3423 3464 ἀνδρα⁶⁵πίστις
3453 3395 3628 3447 ἐποίει
3661 3406 3677 3422 ⁸
3714 3393 3921 3461 μᾶλλον
3954 3393 4003 3443 δὲ

2428 3496 2461 3564 ἡ
2493 3494 2600 3545 τῶν
2665 3492 2878 3545 ἐκείνου
2923 3489 3082 3542 Θείων
3125 3488 3368 3558 χαρίτων
3420 3486 3688 3552 ἀφθονία’
3730 3488 3859 3555 ἣτις
3917 3488 4005 3537 xz‘:

2427 3587 2526 3657 τὴν
2580 3584 2763 3639 πίστιν
2821 3583 3152 3652 θερμότερον
3210 3577 3469 3642 ἀνεκίνει,
3510 3577 3731 3639 καὶτὰς
3763 3579 4005 3639 εὐσεϐεῖς

2428 3677 2605 3745 ψυχὰς
2632 3678 2711 3738 εἰς
2742 3674 2906 3726 πόθον
2972 3673 3232 3742 ἐπήγετο.
3272 3670 3445 3722 Ἑπτὰ
3474 3669 3582 3740 γὰρ
3619 3668 3865 3723 ἐνταῦθα
3916 3670 4005 3736 ἔτη

2429 3767 2522 3823 τοῦ
2555 3765 2839 3837 Κυριακοῦ
2869 3765 3240 3832 διαγαγόντος,
3276 3762 3459 3832 ἐπειδὴ
3485 3762 3673 3829 λοιμὸς
3691 3764 4008 3833 ἐπισκήψας

2429 3861 2549 3913 τότε
2606 3858 2790 3917 κακῶς
2814 3858 2885 3909 τὰ
2941 3855 3102 3925 πέριξ
3160 3856 3341 3907 πάντα
3382 3853 3581 3912 ἐποίει,
3624 3855 3724 3904 καὶ
3784 3856 4008 3917 πολλοὶς

2431 3947 2670 4013 ἀναιρῶν
2714 3945 2813 3997 οὐκ
2863 3945 3004 3995 ἀνίει
3062 3941 3238 4011 [ἀνῄει
3274 3941 3351 4013 2],
3408 3943 3687 4002 δείσαντες
3714 3945 3765 3995 οἱ
3793 3945 3895 4013 τῆς
3920 3946 4007 3996 τοῦ

2432 4038 2612 4091 Σουκᾶ
2653 4035 2883 4105 λαίρας,
2922 4033 3262 4088 ἐπιϐαίνουσι
3296 4034 3389 4086 καὶ
3420 4033 3523 4099 τῆς
3554 4034 3769 4087 ἀϐάτου
3805 4039 4007 4104 ταύτης

2432 4131 2675 4203 ἐρήμουθ
2735 4128 2830 4181 καὶ
2880 4127 3090 4180 δέονται
3152 4125 3247 4179 τοῦ
3305 4126 3617 4197 Κυριακοῦ,
3680 4130 3781 4184 καὶ
3829 4131 4011 4182 τοῦτον

2433 4219 2814 4287 ἐκλιπαροῦσι,
2847 4222 2912 4288 τῇ
2941 4218 3117 4288 λαύρα
3154 4219 3251 4269 καὶ
3282 4217 3436 4279 αὖθις
3461 4218 3845 4287 ἐπιδημῆσαι·
3874 4222 4013 4281 ὅπως

2431 4309 2591 4363 τοῦτό
2611 4309 2660 4378 γ’
2688 4302 2780 4361 οὖν
2818 4308 2995 4381 [γοῦν]
3044 4309 3457 4379 ἀνυσιμώτατον
3493 4312 3642 4363 κατὰ
3668 4311 3771 4363 τοῦ
3822 4314 4013 4383 λοιμοῦ

2434 4406 2725 4475 φάρμακον
2796 4403 2988 4473 ἔχοιεν,
3012 4404 3110 4472 τὴν
3138 4405 3347 4455 ἐκείνου
3400 4404 3732 4472 ἐπιδημίαν.

2509 4498 2698 4549 Ἕλεον
2726 4495 2903 4549 τοίνυν
2935 4495 3112 4547 αὐτῶν
3148 4492 3354 4565 [αὑτὸν]
3393 4495 3424 4564 ή
3459 4494 3649 4566 ἀγαθὴ
3692 4501 3791 4551 καὶ
3830 4502 4011 4566 φιλάν-

767 4582 960 4637 iterutn
1000 4586 1054 4637 in
1092 4582 1322 4638 Lauram
1358 4585 1637 4640 descendit
1659 4584 1792 4655 (18).
1815 4583 2059 4652 Cumque
2090 4584 2157 4637 ad
2191 4583 2324 4637 beati

2437 4588 2654 4657 θρωπος
2710 4588 2893 4657 ἐκείνη
2944 4586 3185 4640 λαϐοῦσα
3248 4586 3391 4655 ψυχὴ
3442 4585 3663 4639 κάτεισί
3697 4606 3761 4640 τε
3806 4593 3895 4653 εἰς
3929 4592 4018 4659 τὴν

770 4671 1081 4729 Charitonis
1146 4676 1398 4730 cellulam
1466 4678 1716 4745 quintum
1778 4678 2049 4745 exegisset
2104 4692 2329 4740 annum,

770 4768 1145 4821 strenuissime
1178 4783 1272 4823 eos
1301 4767 1391 4837 qui
1438 4782 1562 4821 cum
1619 4767 1853 4835 Origene
1882 4768 2210 4832 sentiebant,
2240 4784 2335 4822 ex-

772 4863 1066 4928 pugnabat.
1118 4860 1271 4915 Tunc
1320 4877 1536 4931 quoque
1567 4862 1902 4916 admirabilis
1954 4861 2207 4931 Cyrillus,
2240 4862 2331 4930 qui

772 4964 801 4999 a
846 4951 1024 5019 magni
1061 4950 1333 5020 Euthymii
1382 4951 1447 5003 ad
1496 4951 1638 5003 beati
1684 4951 1839 5003 Saba:
1874 4949 2104 5002 Lauram
2150 4964 2333 5003 acces-

772 5052 938 5105 serat,
971 5051 1031 5093 ut
1066 5041 1327 5097 Joannem
1367 5043 1738 5098 Silentiarium
1765 5042 2075 5111 episcOpum
2104 5042 2333 5106 videret,

775 5130 835 5184 fit
858 5135 906 5186 ei
934 5132 1180 5187 minister
1202 5136 1504 5189 litterarum
1526 5137 1591 5191 ad
1619 5137 1835 5190 beatum
1859 5134 2004 5189 hunc
2031 5134 2333 5204 (Iyriacum.

775 5222 996 5278 Litterae
1043 5235 1223 5279 autem
1255 5228 1456 5282 bellant
1488 5229 1749 5283 adversus
1780 5238 2025 5281 sanctam
2060 5226 2334 5279 civitatem

776 5319 1093 5372 suscitatum
1136 5318 1535 5387 signiﬁcabant,
1572 5336 1805 5388 eumque
1854 5318 2235 5383 obsecrabant,
2281 5326 2338 5371 ut

780 5406 952 5460 Deum
1005 5410 1305 5478 impensius
1356 5425 1556 5475 oraret,
1617 5422 1675 5466 ut
1709 5412 1801 5481 qui
1856 5411 1912 5464 in
1967 5411 2114 5464 Nova
2168 5411 2339 5464 Laura

778 5512 901 5551 cum
953 5498 1148 5554 Nonne
1197 5512 1250 5556 et
1280 5502 1511 5556 Leontio
1549 5518 1613 5555 ex
1650 5503 1901 5574 Origenis
1945 5503 2212 5571 dogmatis
2247 5519 2337 5558 so-

852 5703 962 5770 (15)
990 5702 1117 5771 Lege
1154 5700 1517 5771 βαρυθυμίας,
1549 5700 1901 5773 παραμυθίας
1935 5702 2092 5755 male.

855 5776 963 5839 tto)
996 5782 1148 5826 Anno
1185 5774 1309 5827 529.

851 5844 958 5909 (ιη
998 5842 1152 5896 Venit
1188 5846 1239 5895 in
1290 5842 1533 5897 Susacim
1584 5857 1713 5895 anu.
1764 5841 1886 5905 534,
1943 5841 2029 5895 tibi
2098 5852 2278 5895 manet
2310 5844 2336 5894 ’ῑ

2433 4682 2641 4752 λαύραν
2672 4679 2868 4733 πάλιν·
2917 4680 3011 4732 καὶ
3034 4680 3168 4749 πρὸς
3198 4681 3276 4745 τῷ
3300 4679 3395 4730 τοῦ
3429 4681 3716 4748 μακαρίου
3761 4681 4017 4751 X19510)-

2434 4789 2523 4831 νος
2552 4770 2749 4837 κελλίῳ
2773 4768 3023 4836 πέμπτον
3037 4766 3350 4829 διατελέσας
3363 4768 3643 4835 ἐνιαυτὸν,
3662 4769 4016 4841 ἀνδρειότατα

2433 4863 2560 4925 τοὺς
2596 4860 2998 4932 τὰὨριγένους
3028 4860 3363 4931 φρονοῦντας
3401 4863 3856 4931 κατηγωνίζετο.
3889 4868 4013 4919 Τότε

2440 4956 2537 5026 μὲν
2566 4952 2630 5023 δὴ
2660 4956 2752 5006 καὶ
2779 4954 2805 5005 6
2829 4952 3130 5021 θαυμάσ.ος
3194 4952 3485 5022 Κύριλλος,
3522 4956 3633 5005 ἀπὶ
3662 4956 3769 5021 τῆς
3798 4958 3896 5009 τοῦ
3929 4977 4016 5026 με-

2436 5049 2601 5118 γάλου
2647 5047 2922 5115 Εὐθυμίου
2969 5046 3194 5113 λαύρας,
3262 5048 3329 5114 τῇ
3374 5044 3468 5096 τοῦ
3525 5048 3823 5116 μακαρίου
3880 5052 4016 5101 £216:

2466 5141 2651 5195 Σάϐϐα
2673 5150 2720 5193 el
2752 5142 2827 5192 ita
2848 5138 3114 5209 deinceps]
3175 5138 3531 5210 παραλαϐὼν,
3569 5140 3658 5209 ἐφ’
3685 5136 3734 5210 ᾦ
3774 5144 3870 5194 τὸν
3898 5144 4015 5208 tau-

2438 5233 2642 5304 χαστην
2691 5230 2991 5284 ἐπίσκοπον
3038 5232 3294 5299 Ἰωάννην
3358 5232 3478 5296 ίδοι,
3534 5232 3832 5300 ὑπηρέτης
3885 5233 4018 5301 αὐτῷ

2440 5322 2784 5395 γραμμάτων
2834 5321 2972 5391 πρὸς
3010 5319 3100 5372 τὸν
3161 5322 3429 5389 μακάριον
3476 5319 3676 5372 τοῦτον
3746 5324 4017 5393 κυριακὸν

2441 5417 2670 5483 γίνεται.
2721 5414 2802 5465 Τὰ
2843 5413 2900 5464 δὲ
2934 5412 3242 5482 γράμματα
3288 5413 3377 5463 τόν
3424 5428 3484 5463 τε
3523 5413 3672 5469 κατὰ
3705 5417 3813 5485 τὴν
3869 5415 4017 5480 ἁγίαν

2443 5508 2596 5560 πόλιν
2618 5506 3085 5576 ἀναρριπισοέντα
3113 5505 3301 5558 ἐδήλου
3347 5503 3615 5575 πόλεμον,
3647 5510 3749 5559 καὶ
3781 5508 4013 5560 [xitum

2445 5719 2637 5758 annos.

2516 5774 2624 5843 (18)
2663 5775 2820 5823 Anno
2845 5770 2969 5823 541.
