4148 6514
204 428 312 496 933

1536 438 1715 500 VlTA
1757 440 1815 502 S.

1859 442 2180 507 CYRIACI.
3382 472 3487 534 934

204 546 369 603 αὑτὸν
396 544 791 616 ἐκτενέστερον
810 540 909 597 τοῦ
942 540 1081 597 θεοῦ
1104 542 1386 614 δεηθῆναι,
1414 545 1555 600 ὥστε
1575 548 1707 609 τοὺς
1741 547 1757 598 ἐ

1858 549 2159 607 icietatem
2195 554 2462 623 coierant,
2511 570 2566 617 et
2607 567 2867 625 adversus
2913 573 3273 638 orthodoxam
3320 585 3479 645 ﬁdem

199 644 267 710 τῇ
300 639 397 710 νέα
430 638 614 709 λαύρα
652 636 796 706 μετά
834 636 1043 690 Νόννου
1096 634 1295 707 [Novae
1330 635 1387 708 2]
1415 639 1510 690 καὶ
1544 637 1798 691 Λεοντίου

198 730 299 801 τὴν
332 732 396 783 ὲκ
426 730 537 781 τῶν
576 728 890 799 Ὠριγένους
918 726 1215 792 δογμάτων
1244 726 1567 796 συμμαχίαν
1617 743 1799 798 παρα-

1905 639 2109 695 bellum
2155 659 2529 717 sumpserant,
2579 657 2950 730 vincerentur,
2979 678 3034 721 et
3066 672 3289 729 multam
3334 678 3482 736 illam

1903 731 2243 800 deponerem
2269 747 2656 814 arrogantiam.

198 822 490 887 λαϐόντας,
517 821 615 874 καὶ
652 819 797 873 κατά
850 818 954 888 τῆς
988 816 1281 888 όρθοδόξου
1336 819 1851 890 στρατευσαμένῡυς
1888 823 2149 896 πίστεως,
2198 833 2523 907 ἡττηθῆναι,
2561 844 2657 895 καὶ
2705 845 2804 916 τὴν
2852 850 3054 926 πολλὴν
3094 857 3312 931 ἐκείνην
3345 864 3476 917 ἀλα-

196 914 415 981 ζονείαν
446 914 764 967 ἀποϐαλεῖν.

278 1011 338 1064 'O
372 1009 641 1078 Κύριλλος
667 1008 765 1079 μὲν
788 1000 882 1060 οὖν
912 1008 993 1070 είς
1042 1006 1138 1060 τὸν
1172 1006 1388 1060 Σουκᾶν
1431 1006 1792 1076 ἀφικόμενος,

194 1105 290 1157 καὶ
326 1103 561 1170 Ζωσίμῳ
588 1102 681 1153 καὶ
722 1100 944 1170 Ἰωάννῃ
1000 1098 1246 1167 πρώτοις
1274 1099 1493 1151 ἐκείνου
1533 1101 1649 1160 τοῖς
1685 1115 1795 1165 μα-

195 1194 386 1265 θηταῖς
448 1190 709 1260 ἐντυχὼν,
750 1190 870 1245 εἶτα
912 1193 1002 1245 καὶ
1026 1191 1101 1253 ώς
1131 1190 1225 1242 τὸν
1258 1190 1443 1257 μέγαν
1474 1191 1571 1244 σὺν
1607 1191 1795 1253 αὐτοῖς

194 1285 476 1355 κυριακὸν
511 1285 730 1338 ἄπεισιν
751 1300 763 1313 ο
811 1282 1110 1354 ἐγχειρίζει
1146 1299 1205 1335 τε
1236 1280 1400 1352 αύτῷ
1432 1282 1532 1351 τὴν
1561 1284 1793 1335 ἐπιστο-

190 1379 314 1448 λὴν,
346 1380 442 1430 καὶ
476 1379 573 1431 ὅσα
600 1378 758 1429 πάλιν
792 1376 897 1430 ἀπὸ
929 1374 1175 1445 γλώττης
1210 1374 1371 1441 αὑτῷ
1403 1374 1623 1444 εἴρητο,
1656 1374 1798 1439 διέξ-

192 1487 300 1522 εισι
343 1472 541 1522 πάντα.
579 1469 637 1521 Ὀ
682 1469 739 1520 δὲ
774 1468 976 1537 θερμόν
1024 1484 1078 1520 τι
1142 1466 1238 1519 καὶ
1274 1463 1397 1519 οἷον
1421 1466 1530 1549 ἀπὸ
1563 1467 1799 1536 καρδίας

1969 1006 2204 1077 Cyrillus
2260 1014 2438 1085 itaque
2494 1035 2615 1076 cum
2671 1024 2724 1079 in
2782 1026 2977 1087 Sueam
3036 1037 3363 1109 devenisset,
3419 1051 3474 1105 el

1901 1096 2122 1155 Zosimo
2168 1119 2232 1159 ac
2277 1106 2498 1173 Joanni,
2541 1115 2731 1182 primis
2767 1121 2913 1177 illius
2961 1126 3265 1199 discipulis,
3302 1141 3473 1195 collo-

1899 1198 2059 1243 cutus
2092 1191 2303 1257 l'uissvt,
2349 1199 2543 1255 deinde
2579 1204 2740 1260 etiam
2791 1225 2913 1265 eum
2954 1215 3084 1285 ipsis
3115 1223 3180 1276 ad
3216 1242 3466 1297 magnum

1901 1280 2261 1346 proﬁciscitur
2285 1288 2593 1358 (Syriacum,
2630 1297 2791 1367 eique
2818 1280 3097 1372 epistolam
3129 1313 3180 1365 in
3214 1280 3467 1385 manibus

1901 1368 2015 1435 dat,
2077 1383 2133 1428 et
2192 1391 2411 1433 rursum
2472 1388 2653 1441 omnia
2725 1408 3065 1468 quaecunque
3121 1406 3300 1461 verbis
3360 1413 3463 1481 ipsi

1897 1466 2149 1522 mandata
2196 1469 2433 1540 fuerant,
2472 1478 2740 1537 edisserit.
2789 1487 2883 1542 llle
2928 1466 3058 1547 vero
3100 1466 3463 1567 ardenter,.et

192 1563 585 1629 ἐπιδακρύσας,
623 1561 776 1626 Εἰπὲ,
814 1563 967 1631 φησὶ,
999 1560 1077 1617 τῶ
1112 1560 1508 1613 ἀποστείλαντί
1542 1578 1606 1613 σε
1641 1577 1657 1593 ο
1708 1565 1757 1615 Μ

1892 1557 2038 1611 velut
2071 1574 2134 1613 ex
2169 1566 2332 1619 corde
2375 1568 2719 1641 illacrymans
2752 1596 2764 1630 :
2801 1579 2915 1646 Die,
2953 1584 3146 1654 inquit,
3178 1591 3226 1644 ei
3273 1595 3360 1661 qui
3409 1607 3462 1652 te

189 1655 494 1723 ἀνιώμεθα,
548 1655 727 1725 Πάτερ
748 1671 761 1685 ⁸
793 1654 1036 1726 ὀψόμεθα
1070 1656 1178 1725 γὰρ
1212 1654 1416 1707 θᾶττον
1442 1655 1654 1707 Νόννον
1690 1654 1792 1724 μὲν

188 1749 285 1801 καὶ
322 1749 594 1814 Λεόντιον,
617 1750 717 1818 τὴν
744 1748 889 1818 ζωὴν
918 1748 1228 1801 ἀθλιώτατα
1254 1747 1782 1817 καταστρέψαντας

1887 1646 2037 1701 misit
2081 1666 2095 1702 :
2144 1649 2222 1706 Ne
2276 1671 2509 1715 maerore
2560 1663 2878 1735 allligamur,
2922 1671 3105 1741 Pater,
3171 1682 3279 1736 cito
3312 1688 3458 1742 enim

1889 1737 2198 1796 videbimus
2255 1745 2506 1804 Nonnum
2565 1757 2784 1823 quidem
2836 1771 2890 1816 et
2943 1764 3231 1826 Leontium
3292 1778 3455 1833 vitam

186 1841 314 1903 τοὺς
330 1842 385 1894 δὲ
404 1841 873 1909 ὲπιχωριάσαντας
889 1842 953 1909 τῇ
981 1837 1159 1909 λαύρα
1181 1837 1385 1900 λύκους
1411 1838 1488 1900 ώς
1517 1839 1757 1908 αἰσχιστι

1858 1831 2198 1920 ’πιίεετγὶηιο
2249 1855 2370 1894 eum
2430 1855 2605 1901 morte
2645 1864 2979 1910 commutare
3022 1875 3035 1923 ;
3072 1861 3227 1931 lupos
3273 1879 3455 1926 autem

186 1934 402 1985 ἐκεῖθεν
453 1931 971 2001 ἀπελαυνομένουςο
1004 1932 1100 1985 καὶ
1147 1930 1215 1983 τὰ
1265 1931 1757 2033 λογικά-πρόϐατε

1890 1922 1944 1976 in
1985 1924 2158 1982 Laura
2200 1944 2448 1989 versatos
2496 1954 2660 2007 quam
2717 1922 3031 2015 turpissime
3085 1922 3235 2012 illinc
3284 1963 3450 2033 abigi,

188 2022 353 2075 πάλιν
404 2022 624 2082 ἀλύπως
687 2022 856 2089 αὐτὴν
907 2020 1188 2074 πατοῦντα
1223 2019 1321 2073 καὶ
1373 2020 1571 2085 ἀδεῶς,
1606 2023 1705 2075 καὶ
1725 2025 1782 2075 ἐν

184 2114 323 2179 αὐτῇ
386 2111 662 2181 νεμόμενά
714 2128 774 2165 τε
806 2113 900 2166 καὶ
950 2113 1360 2183 ὲκτρεφόμενα.
1409 2113 1556 2182 Πρός
1604 2115 1778 2167 ταῦτα

183 2204 417 2264 ἐκεῖνος’
449 2203 582 2254 Τίνα
609 2202 667 2255 δέ
693 2204 830 2268 ἐστι,
894 2205 1097 2273 Πάτερ,
1151 2202 1219 2255 τά
1252 2203 1348 2256 ὑπ’
1404 2202 1592 2255 αὐτῶν
1639 2222 1776 2274 πρε·

187 2294 513 2363 σϐευόμενα,
532 2296 696 2365 ἤρετο
720 2312 734 2326 ·
758 2294 1199 2349 διαϐεϐαιοῦνται
1229 2294 1362 2365 γὰρ,
1391 2293 1519 2366 ἔφη,
1552 2296 1627 2348 τά
1647 2298 1776 2367 περὶ

183 2390 591 2459 προῦπόιρξεως
607 2389 1215 2451 καὶάποκαταστάσεως
1241 2389 1514 2458 δόγματα,
1542 2389 1687 2457 μέσα
1714 2408 1773 2444 τε

184 2478 323 2534 εἶναι
354 2482 451 2533 καὶ
468 2480 746 2534 ἀκίνδυναε
769 2482 953 2534 ἐκεῖνα
982 2483 1119 2549 πρὸς
1147 2480 1309 2533 τοῦτο
1345 2485 1651 2550 μαρτυρεῖν
1672 2484 1770 2535 αύ-

180 2576 297 2637 τοΐς
325 2574 575 2641 λέγοντες
600 2573 742 2643 ἆπερ
769 2574 904 2642 φησί
940 2589 1045 2625 που
1075 2573 1184 2624 τῶν
1215 2572 1413 2625 ἑαυτοῦ
1440 2574 1772 2643 ἀπολογητι-

180 2665 296 2719 κῶν
343 2668 372 2719 ό
419 2666 593 2737 μέγας
648 2667 952 2738 Γρηγόριος
982 2679 997 2693 ⁸
1058 2683 1076 2717 ε
1122 2665 1276 2733 Ἐμοὶ
1315 2663 1360 2715 δ’
1397 2660 1491 2718 οὖν
1528 2667 1767 2735 πρᾶγμα

183 2758 441 2823 φαίνεται
470 2757 532 2809 ού
564 2757 673 2809 τῶν
731 2758 1109 2826 φαυλοτάτων,
1166 2757 1371 2810 διδόναι
1404 2760 1546 2811 κατὰ
1571 2760 1764 2829 καιρὸν

178 2847 399 2915 ἑκάστῳ
426 2845 517 2898 τοῦ
554 2847 713 2912 λόγου
742 2851 803 2899 τὸ
841 2849 1205 2918 σιτομέτριον,
1240 2849 1337 2902 καὶ
1366 2850 1675 2917 οἰκονομεῖν
1706 2852 1765 2902 ἐν

177 2940 361 3010 κρίσει
393 2940 491 3011 τὴν
526 2940 787 3009 ἀλήθειαν
820 2940 929 2991 τῶν
969 2942 1258 3009 ἡμετέρων
1294 2941 1610 3010 δογμάτων,
1657 2943 1760 2995 ὅσα

176 3032 306 3101 περὶ
339 3033 562 3101 κόσμων
592 3032 623 3102 ἢ
679 3032 884 3104 κόσμου
947 3030 1405 3101 πεφιλοσόφηται,
1437 3034 1566 3102 περὶ
1603 3032 1756 3103 ῦλης,

174 3126 304 3195 περὶ
329 3125 533 3195 ψυχῆς,
564 3127 691 3196 περὶ
724 3125 837 3191 νοῦ,
868 3126 964 3179 καὶ
989 3125 1098 3179 τῶν
1128 3126 1332 3195 νοερῶν
1363 3125 1600 3192 φύσεων,
1637 3127 1757 3197 βελ-

1882 2031 2121 2088 ovesque
2172 2026 2380 2081 ratione
2432 2034 2684 2099 praeditas
2722 2039 2891 2107 ipsam
2927 2060 3115 2101 rursus
3164 2051 3282 2106 sine
3332 2026 3452 2109 rno-

1882 2109 2035 2163 lestia
2083 2122 2137 2166 et
2186 2117 2304 2171 sine
2335 2130 2482 2175 metu
2530 2126 2761 2194 calcare,
2794 2147 2857 2186 ac
2899 2135 2951 2188 in
2989 2153 3049 2191 ea
3079 2140 3147 2193 ali
3194 2154 3250 2197 et
3280 2149 3449 2214 pasci.

1878 2200 1959 2254 Ad
1994 2202 2107 2256 hac
2143 2204 2235 2259 ille
2289 2214 2542 2279 rogavit:
2593 2216 2853 2281 Quaenam
2899 2240 3027 2281 vero
3071 2243 3217 2295 sunt,
3269 2234 3446 2303 Pater,

1876 2305 1995 2359 quae
2038 2294 2109 2347 illi
2153 2312 2247 2351 sua
2287 2310 2510 2357 tuentur
2548 2312 2858 2366 sententia?
2892 2332 3123 2389 namque
3155 2323 3445 2394 afﬁrmant,

1878 2381 2079 2451 inquit,
2132 2387 2381 2458 dogmata
2433 2396 2500 2450 de
2549 2404 2949 2466 praeexistentia
3000 2381 3053 2465 et
3102 2416 3446 2474 restitutione

1875 2475 1929 2528 in
1991 2477 2277 2545 pristinum
2339 2495 2563 2555 statum,
2635 2494 2999 2556 inditl‘erentia
3062 2521 3203 2573 esse,
3269 2520 3324 2565 et
3373 2515 3442 2567 ab

1872 2570 2027 2621 omni
2086 2577 2336 2640 periculo
2373 2581 2546 2637 aliena
2586 2602 2599 2639 :
2631 2587 2714 2640 illa
2750 2593 2815 2644 ad
2865 2593 2966 2649 hoc
3016 2600 3325 2656 testimonio
3357 2605 3441 2659 eis

1869 2672 1990 2713 esse
2058 2662 2300 2721 dicentes
2348 2687 2467 2736 qua:
2526 2675 2721 2733 alicubi
2795 2683 2851 2738 in
2910 2688 3026 2742 suis
3080 2690 3441 2765 Apologetieis

1868 2768 2097 2827 magnus
2136 2755 2430 2830 Gregorius
2464 2767 2541 2822 ait
2576 2787 2587 2822 :
2621 2771 2749 2827 Mihi
2797 2778 3017 2832 videtur
3050 2797 3134 2835 res
3174 2800 3281 2839 non
3317 2789 3437 2844 vilis

1866 2861 1968 2900 nec
2013 2854 2431 2918 contemnenda,
2476 2860 2607 2912 dare
2639 2862 2689 2914 in
2725 2873 2967 2935 tempore
3002 2873 3297 2943 unicuique
3341 2878 3437 2931 de-

1865 2952 2117 2996 mensum
2165 2949 2459 3016 sermonis,
2492 2963 2546 3006 et
2576 2955 2895 3024 dispensare
2923 2961 2975 3013 in
3023 2962 3230 3031 judicio
3291 2970 3433 3022 veri-

1864 3038 2027 3085 tatem
2076 3047 2387 3093 nostrorum
2421 3043 2755 3113 dogmatnm,
2788 3065 3141 3120 quaecunque
3177 3057 3244 3111 de
3275 3074 3434 3113 muns

1862 3123 1949 3179 dis
1996 3136 2086 3180 aut
2114 3127 2182 3182 de
2217 3132 2420 3187 mundo
2450 3136 2826 3206 philosophice
2861 3144 3131 3213 disputata
3175 3160 3323 3214 sunt,
3362 3153 3431 3207 de

172 3216 368 3268 τιόνων
398 3233 457 3268 τε
491 3218 586 3269 καὶ
638 3218 923 3287 χειρόνων,
988 3220 1119 3289 περὶ
1177 3218 1279 3286 τῆς
1312 3216 1381 3271 τὰ
1407 3218 1750 3273 πάντανσυν·

1861 3219 2110 3284 materia,
2146 3220 2212 3276 de
2255 3225 2452 3290 anima,
2496 3228 2563 3283 de
2608 3243 2810 3297 mente,
2861 3246 2914 3291 et
2964 3240 3175 3294 naturis
3227 3242 3431 3297 intelli-

169 3304 401 3373 δεούσης
442 3307 729 3375 Προνοίαςσ
759 3308 858 3359 ὅσα
876 3325 934 3359 τε
957 3309 1097 3361 κατά
1124 3309 1280 3374 λόγον
1310 3311 1555 3379 ἀπαντᾷν
1577 3311 1746 3375 δοκεῖ,

178 3398 273 3449 καὶ
302 3398 402 3448 ὅσα
426 3399 581 3467 παρὰ
608 3398 763 3467 ὶόγον
794 3402 885 3451 τὸν
920 3399 1073 3453 κάτω
1099 3402 1196 3453 καὶ
1233 3401 1325 3454 τὸν
1349 3401 1693 3471 ἀνθρώπινον
1727 3417 1744 3434 ⁸

166 3488 251 3543 ἔτι
284 3509 340 3545 τε
374 3491 476 3545 ὅσα
532 3492 662 3564 περὶ
692 3494 789 3563 τῆς
827 3494 1047 3564 πρώτης
1079 3494 1239 3564 ἡμῶν
1283 3497 1619 3569 συστάσεως,
1656 3500 1746 3551 τύ-

168 3598 289 3635 πων
312 3600 372 3635 τε
406 3584 501 3636 καὶ
561 3586 823 3654 ἀληθείας
887 3587 981 3638 καὶ
1033 3586 1333 3657 διαθηκῶν,
1369 3588 1465 3639 καὶ
1498 3588 1741 3657 Χριστοῦ

166 3678 475 3747 παρουσίας
507 3678 728 3744 πρώτης
754 3692 809 3728 τε
843 3678 936 3729 καὶ
963 3678 1244 3747 δευτέρας.
1286 3679 1374 3731 Ἐν
1394 3677 1604 3742 τούτοις
1632 3681 1742 3750 γάρ

165 3784 300 3835 φασι
330 3768 423 3818 καὶ
454 3765 512 3817 τὸ
553 3766 904 3835 ἐντυγχάνειν
951 3768 1051 3822 οὐκ
1085 3769 1382 3838 ἄχρηστον,
1411 3771 1507 3822 καὶ
1536 3771 1600 3822 τὸ
1628 3772 1742 3823 δια-

167 3859 467 3929 μαρτάνειν
512 3858 817 3913 ἀκίνδυνον.

231 4106 422 4160 Ταῦτα
453 4107 547 4160 τοῦ
582 4106 885 4179 θαυμασίου
917 4107 1190 4179 Κυρίλλου
1229 4109 1514 4177 ἐρομένου,
1546 4112 1575 4166 ὁ
1636 4128 1740 4182 μα-

161 4198 355 4271 κάριος
387 4200 683 4268 Κυριακὸς,
710 4201 784 4253 Οὐ
819 4201 918 4271 μὲν
939 4198 1032 4256 οὖν
1054 4201 1166 4273 [γρ.
1194 4202 1477 4277 οὗμινουν]
1506 4204 1564 4257 οὐ
1596 4207 1739 4275 μέσα

160 4294 230 4348 τὰ
255 4295 384 4363 περὶ
422 4292 818 4364 προῦπάρξεως
856 4293 1102 4361 δόγματα
1136 4297 1230 4348 καὶ
1275 4296 1554 4360 ἀκίνδυνα,
1605 4298 1733 4367 ἔφη·

160 4386 479 4440 τούναντίον
506 4386 563 4439 δὲ
592 4385 813 4455 μᾶλλον,
843 4385 1164 4456 ἀκροσφαλῆ
1191 4403 1249 4439 τε
1280 4387 1372 4439 καὶ
1395 4390 1729 4444 ἐπικίνδυνα.

1852 3313 2128 3379 gentibus,
2170 3323 2277 3368 tam
2330 3324 2796 3383 prmstantioribus
2845 3345 3004 3397 quain
3041 3333 3423 3398 deterioribus.

1850 3400 1917 3456 de
1978 3400 2328 3462 Providentia
2391 3426 2512 3481 qua:
2563 3416 2744 3471 omnia
2786 3422 3063 3475 connectit
3123 3440 3137 3477 :
3194 3441 3423 3495 quiequc

1848 3496 2154 3551 secundum
2190 3501 2456 3557 rationein
2489 3510 2709 3562 evenire
2741 3512 3009 3576 videntur,
3058 3523 3113 3567 et
3155 3531 3419 3583 quaacun-

1846 3599 1953 3652 que
2011 3600 2211 3657 praeter
2269 3596 2535 3652 rationem
2591 3599 2898 3655 inferiarem
2955 3614 3010 3658 et
3064 3604 3355 3661 humanam
3403 3628 3416 3661 :

1844 3690 2108 3747 prmterea
2139 3700 2260 3753 quae
2294 3687 2361 3742 de
2396 3692 2563 3758 prima
2615 3705 2795 3746 nostra
2834 3697 3246 3761 constitutione,
3287 3700 3421 3770 figu-

1848 3772 2055 3840 risque,
2089 3786 2143 3830 et
2171 3780 2424 3844 veritate,
2454 3798 2516 3838 ae
2550 3788 2886 3841 testamentis
2920 3802 2935 3840 :
2968 3789 3167 3845 Christi
3201 3809 3417 3863 quoque

1842 3864 2020 3931 primo
2065 3880 2128 3920 ac
2162 3873 2405 3925 secundo
2447 3874 2701 3931 adventu.
2733 3876 2790 3930 ιη
2823 3878 2904 3933 his
2936 3882 3103 3944 enim,
3138 3884 3413 3952 inquiunt,

1841 3962 1897 4007 et
1944 3956 2159 4025 assequi
2210 3974 2319 4012 non
2367 3972 2450 4014 est
2502 3964 2716 4029 inutile,
2771 3978 2824 4022 et
2854 3984 2962 4023 non
3008 3974 3226 4041 assequi
3258 3984 3415 4031 vacat

1841 4047 2100 4115 periculo.

1918 4135 2041 4191 Haec
2089 4154 2211 4195 cum
2257 4144 2593 4202 admirabilis
2624 4147 2854 4219 Cyrillus
2898 4152 3126 4211 dixisset
3158 4174 3171 4211 :
3199 4156 3412 4227 Nequa-

1838 4238 2022 4292 quam,
2071 4232 2244 4297 inquit
2277 4235 2467 4290 beatus
2502 4238 2782 4307 Cyriacus,
2816 4259 3158 4313 nequaquam
3198 4249 3410 4305 indiﬂ'e-

1839 4317 2014 4371 rentia
2073 4331 2221 4385 sunt,
2278 4338 2453 4394 neque
2509 4331 2755 4397 periculo
2814 4336 3280 4406 vacantdogmata
3339 4342 3408 4397 de

1840 4413 2238 4479 praeexistentia
2269 4432 2283 4470 :
2313 4418 2423 4473 imo
2467 4433 2600 4477 sunt
2642 4415 2846 4479 lubrica
2890 4428 3068 4495 potius
3112 4439 3165 4483 et
3194 4432 3406 4499 pericu-

164 4481 356 4541 Ὄπως
392 4480 448 4530 δέ
496 4496 577 4530 σοι
626 4482 722 4533 καὶ
765 4479 864 4550 τὴν
911 4479 1204 4550 πολυσχιδῆ
1237 4481 1417 4534 αὐτῶν
1448 4483 1504 4534 ἐν
1539 4482 1736 4553 βραχεῖ

211 4573 503 4596 ...,μ--.1---
539 4571 790 4596 L_1£-.-..
856 4574 983 4596 .-..-\
1024 4574 1092 4596 .-.‘_
1118 4576 1209 4596 2....
1244 4575 1340 4596 -3-
1382 4573 1572 4596 'I'-.!.bs
1644 4578 1688 4596 ᾼὶ

1858 4518 1969 4557 osa.
2015 4505 2081 4558 Ut
2115 4518 2295 4561 autem
2326 4512 2683 4580 multiplicem
2725 4532 2910 4570 eorum
2942 4520 3271 4588 impietatem
3302 4527 3399 4580 tibi

163 4573 507 4644 παραστήσω
535 4571 814 4635 ἀσέϐειαν,
853 4574 987 4638 φασὶ
1020 4574 1094 4639 μὴ
1118 4576 1211 4624 ἕνα
1243 4575 1340 4641 τῆς
1382 4573 1609 4642 Τριάδος
1638 4578 1729 4628 τὸν

158 4667 399 4738 Χριστὸν
454 4661 616 4719 εἶναι.
666 4662 923 4735 [Λέγουσι
976 4664 1044 4717 τά
1080 4663 1140 4729 ἐξ
1186 4665 1534 4731 ἀναστάσεως
1573 4669 1731 4739 ἡμῶν

158 4763 392 4832 σώματα
445 4762 526 4822 εἰς
568 4758 847 4812 ἀπώλειαν
876 4757 1030 4827 ἥξειν
1068 4758 1326 4829 παντελῆ,
1360 4761 1452 4813 καὶ
1493 4762 1728 4833 Χριστοῦ

157 4855 380 4921 πρώτου
418 4849 475 4921 2]
519 4851 766 4918 λέγουσιν
804 4851 885 4902 ὄτι
949 4850 1051 4902 οὐκ
1103 4848 1138 4919 ἦ
1167 4851 1275 4921 [εἴη
1315 4850 1371 4922 2]
1400 4853 1492 4904 τοῦ
1524 4855 1728 4922 κόσμου

156 4943 489 5013 δημιουργὸς
542 4942 574 5013 ἡ
628 4943 828 5012 Τριάς’
877 4944 959 4996 ὄτι
1009 4960 1067 4995 τε
1104 4946 1161 4996 ὲν
1190 4948 1254 5015 τῇ
1289 4947 1727 5001 άποκαταστάσει

154 5037 480 5109 δυνήσονται
517 5035 692 5089 πάντα
743 5036 810 5088 τὰ
857 5035 1051 5103 λογικά
1086 5038 1245 5108 μέχρι
1297 5040 1389 5092 καὶ
1432 5041 1724 5111 δαιμόνων,

156 5130 513 5201 δημιουργεῖν
535 5128 762 5191 αἰῶνας·
794 5128 887 5179 καὶ
917 5128 998 5179 ὄτι
1035 5130 1250 5197 αίοέρια
1282 5132 1376 5183 καί
1411 5135 1723 5204 σφαιροειδῆ

158 5224 469 5293 ἐγείρονται
496 5220 655 5291 ἡμῶν
680 5222 748 5273 τά
776 5222 1005 5291 σώματα
1032 5221 1088 5271 ὲν
1120 5225 1184 5291 τῇ
1214 5224 1540 5278 ἀναστάσει·
1584 5227 1727 5281 οὓτω

159 5318 266 5386 γάρ
308 5314 403 5367 καὶ
440 5314 501 5366 τὸ
544 5313 640 5367 τοῦ
687 5315 893 5383 Κυρίου
939 5316 1101 5383 φασιν
1149 5318 1444 5387 ἐγηγέρθαι
1472 5333 1484 5346 '
1522 5322 1614 5373 καὶ
1644 5322 1723 5374 ὅτι

161 5411 267 5464 ίσοι
297 5406 447 5464 αὐτῶ
478 5407 533 5459 ἐν
560 5410 628 5476 τῇ
653 5408 1098 5461 ἀποκαταστάσει
1136 5411 1417 5479 γινόμεθα.

230 5588 337 5641 Τοῦ
379 5585 647 5654 Κυρίλλου
681 5584 755 5649 δὲ,
776 5585 840 5638 Τί
867 5584 1023 5655 δῆτα,
1059 5588 1258 5657 Πάτερ,
1291 5592 1716 5664 ἐπανερομένου,

160 5680 237 5754 μὴ
280 5679 407 5742 τοὺς
434 5677 721 5739 τοσούτους
763 5677 899 5747 ὑπὲρ
923 5680 1126 5749 ἀρετῆς
1157 5681 1459 5753 ἀνέτλησαν
1499 5686 1716 5753 πόνους,

229 5836 341 5908 (l9)
378 5837 501 5893 Vide
522 5837 897 5895 Termllimmm
931 5839 1169 5895 adversus
1202 5841 1615 5902 Valentiiiianos.

1833 4598 2023 4664 paucis
2058 4610 2356 4665 exponam,
2417 4601 2574 4657 aiunt
2613 4603 2889 4659 Christum
2934 4623 3042 4662 non
3075 4626 3192 4666 esse
3229 4629 3398 4667 unum

1833 4700 1899 4741 ex
1933 4687 2223 4742 Trinitate.
2270 4691 2466 4747 Dicunt
2496 4710 2725 4765 corpora
2754 4714 2872 4766 qua:
2901 4717 2964 4755 ex
2998 4709 3399 4763 resurrectione

1832 4774 2175 4839 habebimus,
2222 4795 2342 4834 esse
2394 4785 2611 4851 penitus
2655 4789 2721 4840 ad
2756 4790 3033 4845 interitum
3066 4807 3311 4857 ventura.
3344 4809 3398 4852 et

1829 4864 2033 4921 Christi
2067 4870 2250 4938 primi.
2284 4870 2479 4927 Dicunt
2510 4873 2833 4933 Trinitatem
2868 4898 2975 4937 non
3006 4884 3173 4940 fuisse
3205 4890 3396 4943 mundi

1831 4959 2075 5028 opiﬁcem
2133 4972 2233 5017 :et
2281 4968 2423 5033 quod
2474 4968 2529 5022 in
2566 4973 2909 5029 restitutione
2945 4987 3201 5045 poterunt
3248 4997 3398 5049 quae-

1829 5066 2042 5120 cunque
2101 5064 2226 5107 sunt
2263 5058 2471 5113 ratione
2517 5064 2761 5129 praedita,
2809 5068 2972 5119 etiam
3019 5070 3083 5120 ad
3118 5072 3395 5127 dcemones

1829 5156 2022 5211 usque,
2057 5145 2305 5201 fabricari
2342 5167 2523 5206 :eones
2555 5155 2688 5223 (19),
2734 5157 2784 5209 id
2815 5166 2917 5220 est,
2943 5162 3133 5215 saecula
3171 5166 3396 5232 :quod-

1827 5249 1931 5304 que
1963 5236 2016 5289 in
2049 5244 2472 5308 resurrectione,
2504 5245 2736 5299 aetherea
2770 5262 3079 5305 surrectura
3112 5266 3241 5309 sunt
3267 5272 3391 5310 eor-

1826 5341 1955 5395 pora
1998 5339 2205 5395 nostra,
2235 5343 2286 5386 et
2317 5336 2652 5402 sphrerarnm
2684 5341 2921 5408 speciem
2954 5346 3275 5411 referentia;
3309 5350 3390 5404 sic

1823 5418 1970 5473 enim
2022 5429 2076 5474 et
2107 5422 2283 5491 ipsum
2335 5424 2547 5481 Domini
2597 5447 2795 5500 corpus
2843 5433 2997 5487 aiunt
3036 5440 3382 5495 surrexisse:

1824 5524 2033 5578 nosque
2063 5510 2275 5569 futuros
2305 5516 2353 5569 ei
2385 5532 2543 5585 pares
2570 5521 2624 5573 in
2664 5524 3033 5580 restitutione.

1896 5599 2095 5671 Cyrillo
2159 5613 2345 5659 autem
2400 5624 2615 5665 rursum
2670 5613 3046 5687 interroganti,
3100 5618 3238 5685 Quid
3287 5620 3383 5685 ita,

1822 5692 2005 5759 Pater,
2044 5710 2149 5751 non
2190 5714 2287 5769 pro
2312 5701 2510 5759 virtute
2549 5714 2625 5760 tot
2678 5708 2967 5765 subierunt
3009 5710 3240 5779 labores,
3287 5715 3383 5767 sed
