4148 6468
734 399 833 465 931
1971 390 2252 451 MENSIS
2290 390 2755 451 SEPTEMBER.
3872 372 3979 434 93‘2

738 517 959 582 doloris,
1001 525 1054 571 et
1118 510 1525 569 inconsolabilis
1576 524 1738 579 super
1790 506 1897 562 lilio
1945 505 2336 578 aegritudinis,,

2437 506 2579 576 ύπης
2608 508 2700 559 καὶ
2739 504 2835 571 τῆς
2870 498 3261 571 ἀπσρακλήτου
3298 494 3605 565 βαρυθμίας
3633 492 3773 557 (l5).
3808 490 3979 560 εὐχήν

738 623 1067 679 precespro
1114 604 1521 661 adolescentulo
1563 600 1801 663 adhibet,
1850 599 2137 668 crucisque
2194 613 2301 649 un-

2439 616 2462 650 ε
2521 598 2597 667 τῷ
2650 595 2912 663 νεανίσκῳ
2960 591 3226 658 ἐπιλέγει,
3280 590 3374 641 καὶ
3444 585 3521 655 τῷ
3554 583 3699 656 [τοῦ]
3729 581 3977 650 σταυροῦ

739 708 885 754 ctum
917 700 1036 753 oleo
1080 713 1260 751 amara
1295 696 1382 749 illa
1448 694 1642 748 liberat
1678 692 1909 745 insania.

2447 690 2601 758 ρίσας
2662 685 2850 755 ἐλαίῳ,
2883 684 2977 754 τῆς
3011 683 3215 752 πικρᾶς
3264 677 3479 746 ἐκείνης
3505 676 3844 730 ἀπαλλάττει
3878 690 3982 741 μα-

2408 800 2546 843 νίας.

810 897 946 952 Cum
980 896 1141 965 igitur
1179 908 1276 962 per
1310 891 1511 945 multos
1539 890 1646 959 jam
1692 885 2025 957 pervasisset
2071 882 2309 936 miracu~

741 989 874 1051 lum,
923 984 1333 1040 innumerabilis
1375 982 1439 1036 ad
1480 996 1603 1035 eum
1644 978 1954 1034 confluebat
1991 975 2307 1039 multitudo,

743 1081 981 1149 quietem
1014 1077 1130 1144 ejus
1161 1086 1215 1131 et
1249 1076 1546 1129 orationem
1580 1075 2063 1140 interrumpentcs.

818 1170 945 1224 Haec
1002 1170 1176 1221 vitans
1224 1166 1521 1235 praeclarus
1568 1162 1852 1233 Cyriacus,
1898 1159 1951 1212 in
1991 1158 2307 1212 interiorem

747 1260 916 1317 Buba:
958 1257 1307 1313 solitudinem
1356 1254 1569 1307 transit,
1596 1253 1732 1321 (16).
1780 1250 1846 1303 Εῑ
1878 1248 2119 1318 quinque
2156 1249 2211 1300 in
2249 1262 2312 1300 ea

750 1353 1054 1421 transigcns
1094 1364 1289 1411 annos,
1329 1346 1540 1399 radices
1589 1343 1996 1412 melagriorum,
2047 1351 2104 1396 et
2146 1355 2311 1393 arun-

749 1445 935 1497 dinum
971 1455 1213 1495 summos
1248 1453 1428 1490 ramos
1462 1437 1513 1489 in
1544 1436 1693 1489 cibos
1737 1434 2057 1487 admittebat
2091 1449 2107 1487 :
2143 1447 2315 1500 eaque

750 1535 987 1602 amplum
1024 1534 1096 1584 illi
1138 1538 1293 1584 erant
1340 1528 1648 1597 opsonium,
1683 1526 1818 1579 nihil
1849 1524 2025 1593 quoad
2073 1524 2317 1593 \‘01Upta-

753 1638 858 1680 tem
904 1625 1135 1679 divitum
1170 1635 1372 1676 mensae
1409 1620 1632 1673 cedens.

823 1802 929 1856 Sed
984 1800 1289 1856 divinorum
1344 1796 1548 1868 Cyriaci
1606 1794 2000 1850 charismatum
2056 1793 2314 1857 efﬁcacia,

754 1896 897 1950 hanc
944 1908 1159 1963 quoque
1205 1890 1575 1950 solitudinem,
1630 1886 2033 1940 advenientium
2079 1886 2321 1938 multitu-

755 1987 907 2048 dine,
964 1984 1240 2038 civitatem
1289 1980 1575 2034 elliciehat.
1625 1977 1820 2032 Omnes
1869 1978 2011 2031 enim
2060 1993 2197 2047 quos
2238 1978 2321 2033 vel

755 2078 931 2131 malus
962 2076 1193 2131 vexabat
1222 2073 1466 2142 spiritus,
1494 2072 1575 2125 vel
1602 2070 1742 2123 alius
1769 2071 2051 2139 premebat
2073 2072 2321 2135 morbus,

759 2171 1007 2239 prompto
1052 2177 1107 2223 et
1137 2166 1300 2219 alacri
1350 2165 1552 2228 animo,
1604 2164 1671 2216 ad
1721 2163 1894 2215 virum
1940 2173 2211 2230 tamquam
2258 2165 2324 2215 ad

759 2261 1092 2328 exploratam
1128 2257 1467 2310 sanationem
1514 2255 1878 2307 accurrehant
1914 2269 1929 2306 :
1960 2263 2015 2305 et
2045 2268 2208 2304 nemo
2260 2252 2325 2304 il-

764 2353 874 2407 linc
940 2350 1317 2405 revertebatur
1386 2362 1609 2401 vacuus.
1687 2345 1886 2399 Verum
1948 2346 2327 2399 accedentium

761 2444 1164 2499 multitudinem
1216 2444 1411 2495 iterum
1466 2448 1732 2508 pertaesus
1778 2440 1996 2493 divinus
2047 2439 2325 2510 (Syriacus,

761 2541 815 2593 in
847 2555 965 2593 eam
998 2552 1056 2591 se
1091 2535 1304 2590 confert
1334 2535 1643 2589 solitudinis
1674 2541 1907 2603 partem,
1947 2533 2001 2586 in
2048 2549 2153 2601 qua
2201 2546 2330 2584 ana-

763 2634 1108 2685 choretarum
1165 2628 1347 2681 nullus
1401 2643 1580 2695 neque
1630 2633 1926 2687 manserat,
1964 2639 2140 2693 neque
2191 2638 2332 2693 per-

766 2722 1054 2777 transierat
1082 2716 1396 2786 aliquando.
1428 2715 1820 2770 Nominabatur
1845 2714 1998 2767 locus
2030 2713 2100 2765 ab
2131 2712 2331 2766 accolis

767 2813 1011 2867 Susacim
1038 2811 1173 2880 (l7);
1201 2809 1256 2861 in
1279 2824 1387 2877 quo
1412 2817 1468 2861 et
1505 2805 1662 2859 Sucae
1690 2814 1744 2859 et
1772 2805 1933 2859 Novae
1958 2803 2146 2857 Laurae
2175 2805 2333 2857 ambo

765 2904 937 2967 fluvii,
985 2916 1177 2956 eorum
1233 2915 1368 2967 quos
1420 2898 1673 2951 novimus
1726 2896 1947 2951 maximi
1995 2902 2052 2947 et
2108 2893 2335 2965 profun-

768 2993 1002 3059 dissimi,
1052 2993 1460 3062 coniunguntur
1507 2999 1561 3044 et
1586 2986 1888 3047 confluunt.
1923 2986 2193 3041 Feruntur
2235 3002 2335 3038 au-

769 3098 877 3143 tem
910 3088 947 3141 ii
979 3101 1099 3140 esse
1129 3086 1196 3140 de
1227 3084 1423 3153 quibus
1452 3082 1666 3136 Christo
1698 3083 1903 3135 dictum
1934 3090 2015 3133 est
2038 3095 2066 3131 a
2100 3077 2332 3131 Davide:

2480 872 2587 924 Τοῦ
2645 870 2927 939 Θαύματος
2984 866 3160 918 τοίνυν
3188 866 3267 926 είς
3307 863 3533 925 πολλοὺς
3557 864 3658 932 ἤδη
3689 862 3983 929 auem-.13-

2414 980 2623 1027 σαντος,
2672 962 2865 1030 μυρίον
2912 960 3039 1030 παρ’
3071 958 3233 1011 αὑτὸν
3283 956 3484 1025 πλῆθος
3538 958 3856 1025 συνέρρεον,
3889 956 3984 1024 τὴν

2413 1057 2639 1126 ἡσυχίαν
2662 1053 2807 1121 αὐτῷ
2832 1053 2924 1105 καὶ
2945 1054 3042 1121 τὴν
3089 1048 3393 1119 προσευχὴν
3420 1048 3840 1107 ἐπικόπτοντες.

2483 1149 2670 1205 Ταῦτα
2715 1150 2742 1200 6
2777 1150 3024 1214 γενναῖος
3086 1142 3368 1212 Κνριακδς
3420 1140 3687 1191 ἐκκλίνων
3734 1140 3830 1191 ἐπὶ
3893 1136 3988 1206 τὴν

2414 1241 2674 1310 ἐνδοτέρω
2707 1239 3010 1312 [ἐνδοτέραν
3043 1235 3092 1308 1]
3124 1233 3430 1289 τοῦῬουὸἄ
3462 1234 3666 1302 ἔρημον
3694 1231 3985 1284 διαϐαίνει.

2415 1336 2525 1387 Καὶ
2560 1335 2719 1385 πέντε
2775 1332 2905 1401 παρ’
2956 1330 3095 1399 αὑτῇ
3132 1330 3411 1396 διαγαγὼν
3445 1325 3564 1392 ἐτη,
3598 1323 3760 1393 ῥίζας
3795 1340 3854 1373 τε
3890 1339 3989 1390 με·

2417 1427 2657 1496 λαγρίων
2724 1425 2817 1475 καὶ
2865 1423 3175 1493 ἀκρέμονας
3238 1418 3569 1490 [ἀκρεμόνας
3612 1415 3672 1486 21
3726 1416 3989 1482 κι)ά;-ιίίι’δ

2419 1518 2705 1588 προσίετο·
2772 1514 2865 1568 καὶ
2924 1515 3098 1567 ταῦτα
3151 1512 3360 1580 soon:
3396 1511 3579 1562 ἱκανὸν
3611 1507 3767 1576 αὐτῷ
3827 1503 3989 1576 ἦσαν,

2419 1614 2515 1663 καὶ
2573 1610 2722 1664 οὐδὲν
2785 1610 2863 1670 είς
2910 1608 3106 1679 ἡδονὴν
3153 1605 3251 1674 τῆς
3274 1603 3382 1656 τῶν
3409 1600 3679 1653 πλουσίων
3708 1599 3993 1670 τραπέζης

2420 1703 2879 1771 ἀπολειπόμενον.

2504 1794 2646 1847 Ἀλλ’
2675 1792 2836 1863 ἡτῶν
2867 1791 3223 1863 χαρισμάτων
3256 1789 3348 1842 τοῦ
3382 1785 3666 1859 Κυριακοῦ
3692 1785 3806 1837 τῶν
3838 1783 3995 1834 ῦείων

2423 1890 2691 1959 ἐνέργεια,
2729 1887 2883 1938 πόλιν
2929 1886 3021 1937 καὶ
3059 1884 3156 1952 τὴν
3187 1884 3393 1951 ἔρημον
3434 1880 3637 1950 ταύτην
3660 1878 3742 1947 τῷ
3800 1864 3997 1945 πλήθει

2422 1981 2530 2033 τῶν
2558 1978 2969 2047 ἐπιδημούντων
2998 1976 3189 2029 ἐποίει.
3226 1976 3335 2026 Καὶ
3362 1973 3556 2034 πάντες
3581 1970 3659 2034 οἷς
3684 1962 3797 2023 εἴτε
3832 1988 3999 2038 πονη-

2429 2075 2517 2143 ρὸν
2549 2072 2790 2141 ἐνοχλοίη
2842 2069 3080 2137 πνεῦμα,
3117 2069 3223 2120 εἴτε
3247 2066 3399 2128 νόσος
3436 2064 3597 2134 ἐτέρα
3621 2064 3827 2127 πιέζοι,
3866 2061 4000 2131 προ⁴

2427 2166 2591 2234 Ουμοι
2628 2163 2764 2232 πρὸς
2787 2163 2876 2213 τὸν
2906 2160 3074 2228 ἄνδρα
3103 2158 3291 2226 ὥσπερ
3328 2158 3393 2210 ἂν
3441 2156 3523 2217 είς
3550 2152 4005 2222 ὁμολογουμένην

2429 2260 2573 2311 ἴασιν
2631 2258 2872 2328 ἔτρεχοψ
2908 2254 3002 2305 καὶ
3030 2251 3180 2311 κενὸς
3209 2250 3419 2300 ἐκεῖθεν
3449 2248 3621 2308 οὐδεὶς
3657 2245 4004 2314 ἐπανῄεσαν.

2427 2350 2806 2418 Δυσχεραίνων
2860 2345 2915 2397 δέ
2970 2343 3046 2411 τῷ
3102 2342 3300 2411 πλήθει
3345 2340 3453 2391 τῶν
3500 2339 3847 2409 προσιόντων
3911 2335 4006 2388 καὶ

2429 2442 2585 2504 αὖθις
2631 2444 2659 2492 6
2717 2439 2859 2499 Θεῖος
2913 2433 3213 2504 Κυριακος,
3272 2432 3351 2493 είς
3406 2430 3564 2482 τοῦτο
3621 2428 3726 2495 τῆς
3790 2428 4004 2497 ἐρήμου

2430 2536 2609 2603 φοιτᾷ,
2643 2535 2699 2585 ἐν
2739 2526 2782 2598 ᾧ
2814 2532 2920 2583 τῶν
2966 2525 3336 2597 ἀναχωρητῶν
3382 2523 3501 2575 οὺδέ
3532 2515 3609 2581 εἷς
3641 2519 3767 2571 οὔτε
3819 2519 4008 2585 μείνας

2430 2624 2520 2698 ἦν,
2555 2626 2678 2678 οὔτε
2709 2622 2930 2676 διελθὼν
2965 2618 3203 2671 πώποτε’
3236 2618 3265 2668 ὁ
3295 2616 3459 2675 τόπος
3491 2614 3545 2665 δὲ
3574 2614 3681 2681 ἄρα
3718 2611 4011 2677 Σουσαχῖμ

2434 2716 2768 2790 [Σουσακεὶμ
2823 2712 2877 2783 2]
2920 2716 3030 2773 τοῖς
3086 2707 3375 2778 ἐγχωρίοις
3430 2704 3746 2771 ὡνὸμαστο.
3804 2704 3921 2753 Καὶ
3955 2702 4011 2751 ἐν

2435 2810 2609 2879 αὐτῷ,
2639 2810 2666 2860 ὅ
2696 2824 2756 2858 τε
2815 2806 2915 2872 τῆς
2951 2802 3077 2863 νέας
3131 2801 3338 2869 λαύρας
3365 2798 3459 2849 καὶ
3487 2796 3515 2847 6
3565 2797 3664 2864 τῆς
3700 2794 3798 2846 τοῦ
3831 2795 4011 2845 Σουγά

2435 2902 2483 2953 oi
2509 2898 2744 2966 ποταμοὶ
2787 2896 2955 2965 ἄμφω
2982 2891 3369 2961 συμϐάλλουσι,
3406 2886 3701 2957 βαθύτατοι
3742 2878 3820 2935 ὧν
3856 2885 4014 2949 ἴσμεν

2437 2997 2530 3049 καὶ
2565 2994 2815 3063 μέγιστοι
2873 2988 3112 3059 ῥέοντες.
3176 2982 3285 3036 Καὶ
3316 2982 3540 3041 τούτους
3575 2973 3741 3038 εἶναι,
3778 2979 3910 3047 περί
3942 2971 4013 3029 ὧν

2440 3088 2575 3155 πρὸς
2627 3085 2717 3135 τὸν
2771 3079 3007 3149 Χριστὸν
3064 3077 3281 3145 εἴρηται
3308 3074 3385 3141 τῷ
3408 3071 3593 3133 Δαυῒδ,
3630 3071 3704 3122 Συ
3736 3070 4011 3141 ἐξήρανας

772 3178 851 3233 Tu
896 3178 1106 3230 siccasti
1155 3176 1342 3246 ﬂuvios
1377 3173 1591 3227 Ethum.
1627 3170 1734 3226 Sed
1764 3171 1923 3241 plane
1952 3170 2152 3224 inviam
2194 3171 2334 3225 hanc

2440 3173 2718 3246 ποταμοὺς
2774 3170 2976 3238 ’11οὰμ.
3034 3166 3275 3235 λέγεται.
3348 3163 3487 3215 Ἀλλ’
3547 3162 3751 3229 εὐχερῆ
3797 3160 4015 3219 παντως

771 3272 1123 3328 solitudinem
1171 3270 1321 3325 aditu
1362 3268 1588 3323 omnino
1621 3266 1835 3321 facilem
1869 3265 2181 3320 hominibus
2212 3264 2335 3319 red-

771 3363 935 3419 debat
978 3377 1139 3432 quam
1193 3362 1248 3414 in
1302 3374 1425 3414 eum
1480 3357 1755 3411 habebant
1810 3350 1965 3417 fides,
2009 3370 2105 3408 seu
2157 3356 2338 3424 potius

774 3456 1085 3509 divinarum
1140 3452 1289 3506 illius
1346 3448 1639 3521 gratiarum
1691 3445 1881 3515 copia;
1919 3459 2041 3514 quae
2072 3454 2128 3498 et
2175 3443 2335 3497 fidem

774 3547 1075 3601 ferventius
1124 3543 1419 3606 excitabat,
1464 3550 1518 3593 et
1548 3539 1603 3593 in
1656 3536 1985 3592 desiderium
2021 3536 2137 3606 pias
2183 3534 2339 3591 indu-

774 3642 933 3695 cebat
981 3638 1212 3690 animas.
1267 3634 1402 3688 Cum
1457 3631 1605 3686 enim
1664 3628 1920 3698 Cyriacus
1974 3638 2179 3696 septem
2231 3628 2341 3682 illic

776 3744 952 3785 annos
994 3726 1367 3796 transegisset,
1418 3721 1676 3793 (quando
1723 3734 1845 3789 qua:
1894 3719 2178 3789 ingruebat
2228 3717 2344 3790 [pe-

777 3822 898 3894 sris]
948 3822 1129 3877 omnia
1168 3818 1519 3874 circumcirca
1573 3814 1863 3884 afﬂigebat,
1916 3813 2223 3880 multosque
2276 3811 2343 3864 de

779 3918 961 3971 medio
1027 3914 1216 3968 tollere
1275 3925 1384 3965 non
1450 3905 1877 3974 intermittebat)
1942 3907 2196 3960 timentes
2251 3903 2344 3972 qui

782 4020 938 4065 erant
981 4008 1169 4061 Laurae
1218 4005 1394 4067 Sume,
1457 4003 1512 4056 in
1563 4002 1766 4055 inviam
1806 3995 1949 4053 hanc
1998 3997 2346 4052 solitudinem

778 4098 1106 4163 ascendunt,
1160 4104 1451 4167 rogantque
1502 4102 1557 4148 et
1585 4091 1878 4146 obsecrant
1926 4089 2238 4161 Cyriacum,
2288 4097 2347 4143 ut

784 4189 979 4242 iterum
1013 4188 1079 4240 ad
1117 4186 1347 4239 Lauram
1396 4194 1738 4247 revertatur;
1789 4197 1897 4251 quo
1925 4182 2115 4235 saltem
2166 4181 2348 4234 eflica-

788 4279 1067 4332 cissimum
1129 4277 1388 4331 adversus
1430 4272 1690 4346 [pestem]
1734 4272 2037 4328 remedium
2088 4271 2348 4336 habeant,

785 4372 929 4425 illius
965 4372 1282 4423 adventum.

858 4463 981 4517 lllos
1012 4464 1189 4531 itaque
1220 4462 1472 4517 miserata
1516 4461 1657 4515 bona
1687 4460 1774 4513 illa
1802 4468 1857 4514 et
1886 4459 2129 4513 clemens
2168 4456 2347 4509 anima

2436 3271 2742 3343 ἀνθρώποις
2766 3267 2856 3321 καὶ
2891 3264 3079 3336 ῥᾳδίαν
3120 3262 3216 3316 καὶ
3238 3261 3338 3332 τὴν
3362 3259 3563 3314 ἄϐατον
3596 3258 3773 3326 δήπου
3807 3255 4015 3322 ταύτην

2438 3366 2665 3434 ἔρημον,
2694 3365 2727 3431 ἡ
2760 3365 2887 3430 περὶ
2913 3366 3003 3413 τὸν
3046 3358 3435 3425 ἀνδρα⁸ττίστις
3464 3354 3637 3406 ἐποίει
3671 3365 3687 3381 ⁸
3722 3352 3932 3419 μᾶλλον
3964 3350 4016 3401 δέ

2438 3458 2610 3530 ἡτῶν
2676 3456 2888 3509 ἐκείνου
2933 3452 3092 3505 Θείων
3136 3449 3380 3519 χαρίτων
3432 3446 3697 3512 ἀφθονία·
3738 3446 3867 3513 ἥτις
3928 3446 4018 3495 xz".

2438 3552 2537 3622 τὴν
2591 3549 2774 3603 πίστιν
2832 3545 3163 3615 θερμότερον
3222 3537 3482 3601 ἀνεκίνει,
3522 3535 3738 3597 καὶτὰς
3770 3536 4018 3596 εὐσεϐεῖς

2439 3642 2617 3711 ψυχὰς
2645 3642 2722 3703 είς
2753 3637 2917 3689 πόθον
2984 3635 3244 3704 ἐπήγετο.
3285 3629 3457 3681 Ἐπτά
3486 3628 3594 3698 γὰρ
3629 3625 3875 3679 ἐνταῦθα
3927 3627 4018 3693 ἐτη

2442 3732 2534 3788 τοῦ
2568 3728 2851 3801 Κυριακοῦ
2881 3725 3253 3794 διαγαγόντος,
3288 3721 3473 3791 ἐπειδὴ
3498 3720 4020 3788 λοιμὺςέπισκήιξεας

2442 3826 2561 3879 τότε
2618 3822 2802 3880 κακῶς
2826 3820 2897 3872 τὰ
2952 3816 3114 3886 πέριξ
3171 3815 3355 3867 πάντα
3396 3811 3594 3869 ἐποίει.
3635 3812 3732 3861 καὶ
3793 3812 4020 3872 πολλοῖς

2445 3911 2683 3977 ἀναιρῶν
2727 3909 2826 3959 οὐκ
2876 3906 3016 3957 ἀνίει
3075 3901 3251 3972 [ἀνῄει
3287 3900 3366 3972 2],
3423 3901 3698 3960 δείσαντες
3723 3900 3774 3951 οἱ
3803 3901 3903 3969 τῆς
3930 3901 4019 3952 τοῦ

2447 4002 2626 4055 Σουκᾶ
2667 3999 2896 4068 λαίρας,
2934 3994 3275 4049 ἐπιϐαίνουσι
3311 3993 3404 4045 καὶ
3435 3992 3536 4057 τῆς
3568 3991 3777 4043 ἀϐάτου
3814 3994 4019 4060 ταύτης

2448 4096 2689 4167 ἐρήμουο
2749 4091 2845 4144 καὶ
2894 4089 3104 4142 δέονται
3166 4085 3261 4138 τοῦ
3319 4084 3629 4156 Κυριακοῦ,
3692 4086 3789 4139 καὶ
3838 4086 4021 4137 τοῦτον

2449 4183 2829 4251 ἐκ).ιπαροῦσι,
2861 4184 2927 4250 τῇ
2955 4179 3131 4248 λαύρα
3168 4178 3265 4229 καὶ
3297 4176 3452 4238 αὖθις
3478 4176 3853 4245 ἐπιδημῆσαισ
3881 4178 4023 4236 ὅπως

2448 4273 2607 4328 τοῦτό
2627 4273 2675 4342 γ’
2703 4266 2796 4324 οὖν
2835 4269 3010 4344 [γοῦν]
3059 4269 3474 4340 ἀνυσιμώτατον
3510 4270 3653 4320 κατά
3679 4267 3780 4319 τοῦ
3830 4268 4020 4338 λοιμοῦ

2450 4370 2741 4439 φάρμακον
2813 4366 3004 4435 ἔχοιεν,
3027 4364 3124 4433 τὴν
3154 4366 3365 4415 ἐκείνου
3418 4362 3741 4431 ἐπιδημίαν.

2526 4462 2715 4513 Ἐλεον
2742 4458 2920 4511 τοίνυν
2951 4456 3127 4508 αὐτῶν
3164 4452 3372 4525 [αὑτὸν]
3411 4455 3443 4524 ἡ
3477 4454 3661 4524 ἀγαθὴ
3703 4457 3801 4508 καὶ
3835 4458 4017 4523 gula-:-

787 4555 981 4609 iterum
1020 4556 1071 4607 in
1111 4552 1340 4607 Lauram
1376 4552 1655 4609 descendit
1677 4551 1809 4622 (l8).
1832 4549 2077 4618 Cumque
2107 4549 2174 4603 ad
2209 4548 2336 4603 beat

2455 4552 2671 4621 Θρωπος
2727 4550 2911 4619 ἐκείνη
2961 4546 3202 4601 λαϐοῦσα
3266 4545 3410 4615 ψυχὴ
3460 4545 3674 4599 κάτεισί
3708 4564 3769 4597 τε
3814 4549 3899 4607 εἰς
3934 4548 4023 4615 τὴν

789 4644 1099 4700 Charitonis
1165 4645 1417 4700 cellulam
1484 4645 1734 4712 quintum
1796 4644 2067 4711 exegisset
2122 4656 2347 4705 annum,

790 4738 1164 4791 strenuissime
1197 4752 1291 4791 cos
1320 4736 1410 4806 qui
1456 4750 1580 4790 cum
1638 4734 1871 4802 Origene
1901 4733 2228 4797 sentiebant,
2257 4748 2353 4787 ex-

792 4832 1085 4899 pugnabat.
1137 4830 1290 4883 Tunc
1341 4846 1553 4899 quoque
1586 4828 1921 4883 admirabilis
1972 4826 2225 4897 Cyrillus,
2258 4827 2350 4895 qui

792 4936 823 4973 a
867 4922 1043 4988 magni
1080 4919 1353 4990 Euthymii
1402 4920 1467 4970 ad
1515 4919 1658 4971 beati
1703 4918 1858 4970 Saba:
1894 4916 2123 4968 Lauram
2168 4929 2352 4968 acces-

793 5021 960 5074 serat,
992 5022 1049 5065 ut
1085 5013 1348 5066 Joannem
1388 5011 1757 5067 Silentiarium
1784 5009 2094 5078 episcopum
2123 5008 2353 5072 videret,

796 5104 855 5157 fit
880 5104 927 5157 ei
954 5104 1200 5158 minister
1223 5106 1522 5159 litterarum
1546 5105 1610 5159 ad
1638 5104 1855 5158 beatum
1879 5100 2024 5154 hunc
2051 5100 2353 5170 (Iyriacum.

795 5195 1015 5250 Litterae
1062 5206 1243 5250 autem
1275 5197 1476 5251 bellum
1508 5198 1769 5251 adversus
1800 5204 2045 5247 sanctam
2080 5193 2354 5245 civitatem

796 5291 1112 5344 suscitatum
1155 5289 1554 5359 signiﬁcabant,
1592 5303 1826 5355 eumque
1874 5284 2255 5348 obsecrabant,
2302 5291 2359 5336 ut

800 5379 971 5433 Deum
1024 5382 1324 5449 impensius
1376 5393 1576 5445 oraret,
1638 5390 1695 5435 ut
1730 5380 1822 5449 qui
1877 5379 1933 5431 in
1988 5377 2134 5430 Nova
2188 5377 2359 5430 Laura

798 5485 920 5524 cum
972 5470 1168 5525 Nonno
1216 5483 1269 5527 et
1300 5472 1530 5527 Leontio
1568 5487 1633 5524 ex
1670 5470 1922 5543 Origcnis
1966 5470 2233 5537 dogmatis
2268 5484 2357 5523 so-

872 5675 981 5741 (lb')
1008 5675 1138 5743 Lege
1173 5672 1537 5743 βαρυθυμίας,
1570 5669 1923 5743 παραμυοίας
1956 5668 2113 5722 male.

875 5749 983 5812 (tu)
1016 5755 1168 5797 Anno
1204 5746 1329 5799 529.

871 5808 979 5881 (ιη
1018 5815 1173 5868 Venit
1209 5819 1259 5867 in
1310 5812 1554 5869 Susacim
1605 5828 1733 5865 ann.
1785 5810 1907 5872 534,
1965 5808 2051 5863 ubi
2120 5818 2300 5862 manet
2332 5810 2358 5861 ἲ

2451 4646 2659 4716 λαύραν
2690 4643 2886 4696 πάλιν
2935 4642 3029 4694 καὶ
3052 4640 3186 4710 πρὸς
3216 4641 3294 4707 τῷ
3319 4639 3414 4690 τοῦ
3450 4638 3725 4708 μακαρίου
3770 4638 4024 4707 Χαρίτω·

2452 4753 2541 4795 νος
2571 4733 2767 4801 κελλίῳ
2791 4732 3042 4799 πέμπτον
3056 4727 3369 4789 διατελέσας
3382 4726 3657 4792 ἐνιαυτὸν,
3674 4726 4025 4797 ἀνδρειότατα

2452 4828 2579 4889 τοὺς
2615 4824 3017 4895 τὰὨριγένους
3048 4821 3383 4891 φρονοῦντας
3421 4819 3863 4890 κατηγωνίζετο.
3897 4823 4023 4874 Τότε

2459 4920 2556 4991 μὲν
2586 4917 2649 4987 δὴ
2678 4918 2772 4969 καὶ
2799 4918 2826 4968 6
2849 4914 3151 4983 οαυμάσ.ος
3213 4912 3506 4983 Κύριλλος,
3540 4914 3647 4964 ἀπὸ
3675 4912 3778 4977 τῆς
3806 4912 3905 4965 τοῦ
3936 4932 4025 4980 με·

2455 5014 2620 5083 γὰλου
2666 5009 2942 5079 ΕὑΟυμίου
2989 5008 3214 5074 λαύρας,
3284 5009 3351 5075 τῇ
3396 5004 3489 5056 τοῦ
3544 5006 3830 5074 μακαρίου
3888 5007 4025 5057 Siti:

2486 5105 2670 5159 Σάϐϐα
2693 5113 2739 5157 et
2772 5105 2848 5156 ita
2870 5099 3135 5170 deinceps]
3196 5098 3550 5170 παραλαϐὼν,
3586 5098 3672 5167 ἐφ’
3698 5093 3742 5167 ᾧ
3781 5100 3876 5150 τὸν
3904 5099 4024 5164 ἠσυ-

2458 5197 2662 5268 χαστὴν
2711 5193 3013 5247 ἐπίσκοπον
3060 5192 3316 5259 Ἰωάννην
3381 5192 3500 5256 ἰδοι,
3553 5190 3839 5257 ὑπηρέτης
3890 5189 4027 5256 αὐτῷ

2460 5285 2805 5359 γραμμάτων
2857 5282 2993 5353 πρὸς
3032 5280 3123 5333 τὸν
3183 5283 3453 5349 μακάριον
3499 5277 3690 5330 τοῦτον
3754 5278 4027 5349 κυριακὸν

2461 5381 2690 5447 γίνεται.
2742 5377 2824 5428 Τὰ
2866 5375 2923 5426 δὲ
2956 5373 3266 5443 γράμματα
3311 5373 3401 5424 τόν
3448 5388 3507 5422 τε
3544 5369 3687 5424 κατά
3716 5372 3820 5440 τὴν
3874 5370 4027 5435 ἁγίαν

2464 5472 2617 5523 πόλιν
2638 5467 3108 5538 ἀναρριπισοέντα
3136 5465 3325 5518 ἐδήλου
3372 5463 3630 5535 πόλεμον,
3662 5464 3758 5515 καὶ
3790 5462 4024 5514 ίκὲτεων

2466 5683 2658 5722 ἉΠΠΟΒ.

2538 5738 2646 5808 (18)
2685 5739 2843 5787 Anno
2869 5732 2993 5787 541.
