4148 6502
195 450 300 519 933

1506 443 1686 505 νιτΑ
1726 444 1785 506 S.
1829 444 2149 506 CYRIACI.

3343 451 3448 513 934

196 568 359 625 αὐτὸν
386 565 773 636 ἐκτενέστερον
792 558 889 615 τοῦ
921 556 1056 615 Θεοῦ
1080 556 1358 628 δεηθῆναι,
1385 554 1526 609 ὥστε
1548 554 1679 615 τοὺς
1713 552 1765 603 ἐν

1877 550 2127 605 cictatem
2163 551 2428 619 coierant,
2476 564 2532 611 et
2572 560 2832 614 adversus
2878 559 3235 620 orthodoxam
3283 565 3442 623 ﬁdem

193 666 261 731 τῇ
292 660 390 731 νέᾳ
422 658 603 729 λαύρα
641 654 782 725 μετά
820 653 1023 708 Νόννου
1074 649 1269 722 [Νόνου
1303 645 1361 718 2]
1389 648 1483 698 καὶ
1517 643 1771 697 Λεοντίου

193 752 293 822 τὴν
326 753 390 804 ὲκ
420 750 531 802 τῶν
568 746 875 818 Ὠριγένους
903 741 1193 809 δογμάτων
1220 734 1541 807 συμμαχίαν
1590 748 1773 803 παρα-

1878 641 2079 695 bellum
2125 654 2495 714 sumpserant,
2545 650 2916 717 vincerentur,
2944 664 2999 708 et
3032 655 3254 710 multam
3299 659 3447 714 illam

1877 733 2213 802 deponerent
2239 741 2623 809 arrogantiam.

194 844 486 906 λαϐόντας,
513 840 608 893 καὶ
645 838 789 891 κατά
840 834 941 905 τῆς
974 829 1260 904 ὁρθοδόξου
1315 824 1826 899 στρατευσαμένους
1861 825 2121 895 πίστεως,
2168 831 2491 903 ἡττηθῆναι,
2530 836 2625 888 καὶ
2674 835 2774 907 τὴν
2820 838 3022 913 πολλὴν
3063 842 3280 912 ἐκείνην
3313 844 3444 897 ἀλα-

194 935 411 1002 ζονείαν
442 933 759 986 ἀποϐαλεῖν.

276 1031 335 1084 '0
370 1028 637 1098 Κύριλ).ος
664 1025 762 1096 μὲν
786 1018 879 1078 οὖν
908 1024 987 1087 είς
1034 1022 1127 1075 τὸν
1160 1018 1371 1073 Σουκᾶν
1413 1014 1767 1084 ἀφικόμενος,

193 1126 289 1178 καὶ
325 1122 560 1189 Ζωσίμῳ
586 1120 680 1170 καὶ
720 1118 943 1187 Ἰωάννῃ
997 1113 1236 1182 πρώτοις
1264 1109 1475 1163 ἐκείνου
1514 1108 1628 1166 τοῖς
1662 1120 1770 1172 μα-

194 1215 385 1285 θηταῖς
447 1208 709 1277 ὲντυχὼν,
752 1206 872 1261 εἶτα
914 1208 1003 1261 καὶ
1026 1206 1101 1267 ὡς
1130 1203 1221 1256 τὸν
1253 1202 1429 1269 μέγαν
1460 1200 1553 1253 σὺν
1587 1198 1770 1258 αὐτοῖς

194 1304 476 1375 Κυριακδν
511 1304 731 1357 ἄπεισιν
753 1317 765 1330 ·
814 1297 1114 1370 ἐγχειρίζει
1148 1312 1207 1348 τε
1237 1292 1389 1363 αύτῷ
1420 1292 1518 1361 τὴν
1545 1292 1768 1343 ἐπιστο-

190 1400 315 1468 λὴν,
347 1399 444 1450 καὶ
477 1398 574 1449 ὅσα
602 1395 762 1447 πάλιν
796 1393 902 1446 ἀπὸ
934 1389 1181 1459 γλώττης
1215 1387 1363 1454 αὐτῷ
1394 1385 1602 1455 εἴρητο,
1633 1380 1773 1445 διέξ-

193 1508 302 1542 εισι
345 1491 543 1542 πάντα.
581 1486 639 1538 '0
684 1486 743 1537 δὲ
778 1484 981 1553 θερμόν
1030 1499 1083 1534 τι
1147 1480 1243 1533 καὶ
1276 1476 1519 1560 οἷονάπδ
1548 1474 1776 1545 καρδίας

194 1582 588 1649 ἐπιδακρύσας,
627 1578 781 1642 Εἰπὲ,
819 1579 973 1647 φησι,
1004 1574 1083 1632 τῶ
1117 1570 1499 1627 ἁποστείλαντί
1530 1587 1588 1623 σε
1621 1586 1637 1600 ο
1686 1568 1775 1637 Μὴ

191 1674 498 1743 ἀνιώμεθα,
551 1673 732 1742 Πάτερ
753 1688 766 1701 °
799 1669 1042 1741 ὀψόμεθα
1076 1669 1183 1738 γάρ
1217 1667 1410 1720 θᾶττον
1436 1665 1636 1717 Νόννον
1672 1660 1773 1731 μὲν

191 1770 290 1822 καὶ
326 1768 598 1832 Λεόντιον,
622 1767 722 1835 τὴν
750 1764 896 1833 ζωὴν
924 1761 1232 1815 ἀθλιώτατα
1258 1756 1765 1827 καταστρέψαντας·

1942 1008 2176 1079 Cyrillus
2231 1010 2409 1081 itaque
2464 1029 2587 1068 cum
2643 1016 2696 1070 in
2754 1015 2948 1074 Sucam
3008 1022 3335 1089 «levenisset,
3391 1029 3445 1083 et

1876 1099 2096 1154 Zosimo
2142 1118 2205 1157 ac
2250 1103 2470 1168 Joanni,
2512 1107 2705 1175 primis
2741 1110 2887 1165 illius
2934 1112 3239 1183 discipulis,
3276 1120 3447 1175 collo-

1874 1200 2034 1243 cutus
2066 1190 2277 1253 fuisset.
2322 1194 2516 1249 deinde
2553 1197 2715 1250 etiam
2766 1214 2888 1253 cum
2928 1202 3059 1271 ipsis
3090 1206 3154 1260 ad
3190 1224 3441 1279 magnum

1876 1281 2236 1349 proﬁciscitur
2261 1284 2569 1355 Cyriacum,
2605 1288 2767 1357 eique
2794 1292 3073 1360 epistolam
3105 1297 3156 1348 in
3190 1301 3444 1361 manibus

1878 1372 1991 1437 dat,
2054 1383 2109 1427 et
2168 1389 2387 1430 rursum
2449 1380 2631 1432 omnia
2703 1398 3043 1454 quaecunque
3098 1362 3278 1442 verbis
3339 1392 3441 1461 ipsi

1874 1467 2127 1522 mandata
2175 1467 2412 1535 fuerant,
2450 1472 2720 1528 edisserit.
2768 1476 2862 1530 llle
2906 1494 3037 1533 vero
3080 1482 3352 1547 ardenter,
3388 1494 3443 1540 et

1871 1560 2018 1612 velut
2050 1575 2114 1613 ex
2149 1563 2312 1616 corde
2355 1563 2700 1634 illacrymans
2732 1585 2745 1620 :
2781 1568 2895 1633 Dic,
2934 1570 3128 1639 inquit,
3160 1574 3207 1627 ei
3254 1575 3342 1642 qui
3391 1586 3443 1631 te

1868 1648 2020 1702 misit
2063 1666 2078 1703 :
2126 1648 2205 1704 Ne
2258 1668 2491 1709 maerore
2542 1655 2861 1726 amigamur,
2904 1659 3087 1725 Pater,
3153 1665 3262 1718 cito
3295 1668 3441 1720 enim

1873 1739 2183 1795 videbimus
2239 1743 2490 1799 Nonnum
2549 1749 2769 1817 quidem
2820 1760 2874 1804 et
2928 1751 3215 1808 Leontium
3276 1758 3438 1811 vitam

190 1862 317 1923 τοὺς
335 1861 391 1914 δὲ
409 1857 880 1927 ὲπιχωριάσαντας
896 1856 960 1924 τῇ
988 1851 1164 1922 λαύρα
1186 1850 1382 1911 λύκους
1407 1848 1483 1910 ὼς
1511 1847 1765 1916 αἴσχιστα

1876 1833 2185 1889 miserrime
2235 1853 2356 1891 cum
2416 1848 2590 1894 morte
2630 1852 2965 1898 commutare
3007 1861 3021 1909 ;
3058 1846 3212 1915 lupos
3259 1860 3441 1904 autem

190 1954 408 2006 ἐκεῖθεν
458 1947 978 2017 ἀπελαυνομένους·
1011 1944 1107 1999 xui.
1152 1943 1221 1996 τά
1269 1943 1465 2010 λογικά
1516 1941 1768 2011 πρόϐατα

194 2043 359 2095 πάλιν
411 2040 630 2099 ἀλύπως
693 2038 864 2104 αὐτὴν
915 2033 1195 2088 πατοῦντα
1229 2032 1321 2086 καὶ
1372 2030 1565 2094 ἀδεῶς,
1597 2030 1694 2082 καὶ¹
1714 2031 1770 2080 ἐν

190 2134 330 2198 αὐτῇ
394 2128 668 2199 νεμόμενά
721 2144 782 2180 τε
813 2128 908 2181 καὶ
957 2126 1360 2196 ὲκτρεφόμενα.
1408 2124 1551 2192 Πρός
1597 2121 1768 2174 ταῦτα

190 2224 424 2283 ἐκεῖνος’
456 2221 589 2272 Τίνα
616 2219 673 2273 δέ
700 2220 838 2284 ἐστι,
902 2219 1104 2287 Πάτερ,
1158 2215 1225 2268 τὰ
1258 2214 1349 2269 ὑπ’
1404 2211 1587 2266 αὐτῶν
1632 2228 1768 2280 πρε-

194 2314 521 2382 σϐευόμενα,
540 2313 703 2383 ἤρετο
728 2328 743 2342 θ
767 2309 1206 2365 διαϐεϐαιοῦνται
1236 2307 1363 2377 γάρ,
1393 2305 1518 2376 ἔφη,
1550 2304 1621 2357 τὰ
1641 2304 1769 2373 περὶ

191 2409 598 2478 προῦπάρξεως
614 2403 1222 2465 καὶάποκκταστάσεως
1248 2402 1514 2470 δόγματα,
1542 2398 1682 2467 μέσα
1709 2413 1768 2449 τε

194 2498 334 2555 εἶναι
363 2500 460 2551 καὶ
478 2498 756 2551 ἀκίνδυναο
779 2498 962 2549 ἐκεῖνα
991 2496 1128 2563 πρὸς
1155 2493 1313 2547 τοῦτο
1349 2493 1649 2561 μαρτυρεῖν
1669 2490 1767 2541 αύ-

190 2596 307 2657 τοῗς
335 2593 584 2660 λέγοντες
608 2591 752 2660 ἆπερ
780 2589 914 2657 φησί
951 2604 1054 2640 που
1084 2586 1192 2638 τῶν
1223 2584 1417 2638 ἑαυτοῦ
1443 2584 1771 2650 ἀπολογητι-

191 2686 307 2740 κῶν
355 2688 384 2739 δ
430 2685 603 2756 μέγας
657 2683 963 2755 Γρηγόριος
993 2694 1008 2708 ⁸
1067 2696 1086 2731 ι
1130 2678 1283 2747 Ἐμοὶ
1321 2676 1365 2729 δ’
1402 2671 1495 2729 οὖν
1530 2675 1768 2744 πρᾶγμα

195 2778 452 2845 φαίνεται
482 2776 543 2827 ού
575 2775 683 2827 τῶν
744 2774 1120 2842 φαυλοτάτων,
1176 2770 1378 2823 διδόναι
1411 2771 1550 2822 κατά
1574 2766 1766 2836 καιρὸν

191 2867 412 2934 ἑκάστῳ
438 2863 529 2917 τοῦ
566 2866 726 2930 λόγου
755 2867 816 2915 τὸ
855 2864 1217 2933 σιτομέτριον,
1250 2862 1345 2915 καὶ
1374 2861 1677 2927 οἰκονομεῖν
1709 2859 1768 2908 ὲν

189 2960 375 3031 κρίσει
406 2959 504 3031 τὴν
539 2957 802 3027 ἀλήθειαν
835 2955 943 3007 τῶν
983 2956 1269 3024 ἡμετέρων
1304 2952 1616 3022 δογμάτων,
1663 2951 1767 3003 ὅσα

190 3053 322 3122 περὶ
354 3052 575 3120 κόσμων
606 3051 637 3121 ἢ
694 3049 900 3120 κόσμου
962 3044 1416 3115 πεφιλοσόφηται,
1448 3043 1576 3112 περὶ
1612 3040 1766 3110 ὕλης,

190 3146 321 3216 περὶ
346 3145 548 3214 ψυχῆς,
579 3144 707 3214 περὶ
740 3142 854 3208 νοῦ,
884 3141 980 3195 καὶ
1006 3139 1113 3193 τῶν
1143 3138 1345 3208 νοερῶν
1376 3136 1611 3203 φύσεων,
1647 3135 1768 3204 βελ-

1877 1926 1931 1978 in
1972 1925 2146 1982 Laura
2187 1940 2435 1985 versatos
2484 1949 2647 2002 quam
2704 1936 3018 2004 turpissime
3072 1940 3222 1995 illinc
3271 1944 3437 2012 abigi,

1870 2034 2110 2089 ovesque
2161 2024 2370 2078 ratione
2420 2027 2673 2094 prmditas
2710 2030 2880 2098 ipsam
2914 2047 3103 2086 rursus
3152 2033 3270 2088 sine
3319 2050 3440 2089 mo.

1872 2112 2026 2165 lestia
2074 2122 2129 2167 et
2178 2116 2295 2169 sine
2326 2126 2472 2171 metu
2521 2119 2751 2185 calcare,
2784 2136 2846 2175 ac
2890 2123 2941 2175 in
2978 2139 3040 2178 ea
3070 2125 3136 2178 ali
3184 2135 3239 2179 et
3270 2128 3439 2195 pasci.

1871 2202 1951 2256 Ad
1986 2204 2099 2256 hmo
2136 2204 2227 2258 ille
2282 2209 2534 2275 rogavit:
2585 2209 2844 2273 Qumnam
2890 2228 3018 2268 vero
3063 2226 3209 2279 sunt,
3261 2216 3438 2281 Pater,

1869 2308 1989 2361 quae
2030 2295 2104 2348 illi
2147 2312 2241 2351 sua
2282 2307 2503 2352 tuentur
2542 2302 2850 2355 sententia?
2885 2319 3115 2374 namque
3148 2306 3438 2373 afﬁrmant,

1873 2384 2075 2454 inquit,
2128 2387 2377 2457 dogmata
2428 2391 2496 2444 de
2544 2394 2943 2460 prazexistentia
2994 2408 3049 2451 et
3096 2399 3440 2453 restitutione

1872 2478 1926 2531 in
1987 2479 2275 2546 pristinum
2336 2491 2559 2548 statum,
2632 2486 2995 2542 indiﬁ‘crentia
3057 2506 3199 2556 esse,
3265 2500 3319 2545 et
3369 2494 3438 2547 ab

1870 2571 2025 2624 omni
2086 2576 2334 2640 periculo
2371 2576 2544 2632 aliena
2584 2595 2597 2631 :
2628 2579 2711 2632 illa
2747 2582 2812 2633 ad
2863 2581 2964 2636 hoc
3013 2584 3323 2637 testimonio
3355 2584 3439 2638 eis

1869 2676 1990 2716 esse
2058 2664 2301 2719 dicentes
2347 2683 2466 2732 quae
2525 2669 2721 2724 alicubi
2794 2673 2850 2727 in
2910 2674 3026 2729 suis
3080 2675 3440 2747 Apologeticis

1869 2772 2099 2830 magnus
2137 2756 2432 2828 Gregorius
2465 2761 2542 2816 ait
2577 2781 2588 2815 :
2622 2763 2750 2817 Mihi
2798 2766 3018 2819 videtur
3051 2782 3136 2819 res
3176 2782 3282 2821 non
3318 2769 3438 2822 vilis

1870 2866 1971 2904 nec
2016 2851 2434 2915 contemnenda,
2479 2855 2609 2907 dare
2641 2854 2691 2906 in
2727 2864 2969 2924 tempore
3006 2857 3299 2925 unicuique
3343 2858 3438 2911 de-

1870 2957 2122 2998 mensum
2169 2946 2463 3013 sermonis,
2496 2958 2550 3001 et
2580 2947 2899 3016 dispensare
2927 2948 2979 2999 in
3027 2947 3235 3016 judicio
3294 2950 3436 3001 veri-

1870 3043 2033 3088 tatem
2081 3048 2393 3091 nostrorum
2427 3039 2761 3109 dogmalum,
2794 3053 3147 3106 quaecunque
3183 3039 3249 3093 de
3281 3055 3438 3092 mun-

1871 3127 1957 3183 dis
2004 3137 2093 3182 aut
2122 3128 2189 3182 de
2224 3130 2427 3185 mundo
2458 3131 2833 3199 philosophice
2868 3131 3139 3200 diSputata
3183 3141 3329 3195 sunt,
3368 3132 3437 3187 de

188 3215 386 3288 τιόνων
414 3253 474 3288 τε
507 3237 603 3288 καὶ
654 3235 941 3305 χειρόνων,
1005 3235 1136 3303 περὶ
1192 3231 1294 3299 τῆς
1327 3228 1395 3282 τὰ
1422 3228 1600 3282 πάντα
1637 3241 1763 3277 συν-

1872 3221 2119 3285 materia,
2155 3221 2221 3275 de
2264 3223 2460 3286 anima,
2505 3223 2572 3278 de
2617 3234 2818 3287 mente,
2870 3234 2923 3279 et
2972 3224 3183 3278 naturis
3235 3224 3439 3278 intelli-

187 3325 419 3393 δεούσης
460 3325 748 3393 Προνοίας·
778 3325 877 3375 ὃσα
896 3340 953 3374 τε
976 3324 1115 3375 κατά
1141 3323 1297 3387 λόγον
1326 3322 1571 3388 ἀπαντᾷν
1593 3318 1763 3381 δοκεῖ,

196 3418 294 3469 καὶ
322 3418 422 3469 ὅσα
446 3418 600 3486 παρὰ
627 3416 784 3483 λόγον
814 3418 906 3466 τὸν
941 3414 1093 3467 κάτω
1120 3415 1216 3467 καὶ
1253 3413 1344 3467 τὸν
1369 3411 1712 3481 ἀνθρώπινον
1746 3423 1763 3440 ⁶

187 3510 273 3564 ἔτι
306 3529 362 3566 τε
396 3511 497 3564 ὅσα
552 3511 683 3582 περὶ
713 3510 811 3580 τῆς
849 3508 1069 3580 πρώτης
1102 3507 1261 3578 ἡμῶν
1305 3506 1641 3577 συστάσεως,
1677 3506 1768 3557 τύ-

189 3620 312 3655 πων
335 3620 396 3655 τε
428 3604 523 3656 καὶ
582 3603 847 3672 ἀληθείας
910 3602 1005 3653 καὶ
1058 3598 1356 3670 διαθηκῶν,
1392 3598 1487 3650 καὶ
1520 3595 1761 3666 Χριστοῦ

188 3698 498 3768 παρουσίας
529 3696 753 3762 πρώτης
779 3708 834 3743 τε
868 3693 961 3745 καὶ
988 3692 1267 3760 δευτέρας.
1309 3691 1397 3743 Ἐν
1416 3687 1625 3750 τούτοις
1653 3687 1762 3757 γάρ

187 3805 325 3857 φασι
355 3788 448 3838 καὶ
478 3784 535 3836 τὸ
577 3782 929 3851 ἐντυγχάνειν
977 3782 1076 3835 οὐκ
1109 3783 1405 3852 ἄχρηστον,
1433 3781 1529 3833 καὶ
1558 3779 1621 3831 τὸ
1649 3780 1762 3831 δια-

190 3879 491 3951 μαρτάνειν
536 3876 843 3931 ἀκίνδυνον.

258 4126 449 4180 Ταῦτα
478 4125 573 4178 τοῦ
608 4121 911 4195 θαυμασίου
943 4120 1214 4192 Κυρίλλου
1253 4120 1537 4189 ἐρομένου,
1569 4121 1598 4175 δ
1659 4136 1763 4189 μα-

186 4219 383 4293 κάριος
414 4218 710 4287 Κυριακὺς,
737 4218 811 4270 (ὶύ
846 4216 945 4287 μὲν
966 4213 1059 4270 οὖν
1081 4214 1192 4287 [γρ.
1219 4214 1501 4287 οὖμινουν]
1530 4214 1588 4266 ού
1620 4214 1763 4283 μέσα

185 4315 258 4370 τά
284 4315 412 4383 περὶ
449 4309 845 4383 προῦπάρξεως
883 4309 1128 4376 δόγματα
1161 4310 1255 4360 καὶ
1300 4306 1580 4370 ἀκίνδυνα,
1630 4305 1759 4375 ἔφη’

187 4406 506 4462 τούναντίον
533 4405 590 4458 δὲ
620 4402 841 4473 μᾶλλον,
870 4399 1190 4471 ἀκροσφαλῆ
1216 4416 1274 4452 τε
1306 4398 1397 4451 καὶ
1421 4399 1756 4451 ἐπικίνδυνα.

192 4503 386 4562 Ὅπως
421 4499 476 4550 δέ
523 4515 605 4549 σοι
654 4500 749 4551 καὶ
793 4495 892 4566 τὴν
939 4494 1230 4564 πολυσχιδῆ
1264 4492 1443 4545 αὐτῶν
1475 4494 1532 4545 ὲν
1566 4491 1763 4561 βραχεῖ

191 4593 535 4664 παραστήσω
563 4589 842 4651 ἀσέϐειαν,
881 4589 1016 4655 φασί¹
1048 4588 1122 4655 μὴ
1147 4590 1239 4637 ἕνα
1270 4587 1368 4653 τῆς
1410 4584 1637 4652 Τριάδος
1667 4586 1758 4635 τὸν

187 4687 430 4759 Χριστὸν
484 4681 645 4737 εἶναι.
694 4680 952 4753 [Λέγουσι
1004 4679 1073 4731 τὰ
1109 4677 1168 4743 ἐξ
1216 4676 1564 4741 ἀναστάσεως
1603 4676 1761 4748 ἡμῶν

188 4784 424 4852 σώματα
476 4781 555 4840 είς
598 4775 876 4831 ἀπώλειαν
906 4772 1060 4843 ἥξειν
1098 4771 1355 4841 παντελῆ,
1390 4771 1483 4824 καὶ
1524 4769 1760 4841 Χριστοῦ

187 4875 413 4941 πρώτου
450 4868 507 4940 2]
549 4869 797 4935 λέγουσιν
834 4867 916 4919 ὄτι
979 4865 1081 4917 οὐκ
1133 4861 1169 4933 ἦ
1198 4864 1306 4934 [εἴη
1346 4862 1401 4933 2]
1431 4863 1523 4914 τοῦ
1556 4864 1761 4929 κόσμου

186 4962 520 5033 δημιουργὸς
573 4961 606 5031 η
660 4960 860 5030 Τριάς*
909 4959 991 5012 ὅτι
1040 4974 1099 5010 τε
1136 4960 1193 5011 ὲν
1222 4961 1286 5028 τῇ
1321 4957 1762 5009 άποκαταστάσει

187 5057 513 5128 δυνήσονται
549 5053 724 5107 πάντα
776 5052 843 5104 τὰ
890 5051 1084 5119 λογικά
1118 5051 1279 5121 μέχρι
1330 5051 1423 5103 καὶ
1467 5050 1760 5119 δαιμόνων,

189 5149 547 5221 δημιουργεῖν
569 5146 796 5209 αἰῶναςο
828 5144 921 5195 καὶ
950 5143 1032 5195 ὅτι
1069 5144 1285 5211 αἰθέρια
1318 5143 1412 5195 καὶ
1446 5141 1760 5211 σφαιροειδῆ

192 5243 505 5312 ἐγείρονται
531 5238 689 5309 ἡμῶν
715 5239 782 5289 τά
811 5237 1039 5306 σώματα
1067 5236 1123 5286 ὲν
1156 5238 1221 5305 τῇ
1251 5236 1577 5288 ἀναστάσει·
1622 5234 1765 5287 οὕτω

193 5338 304 5406 γὰρ
345 5333 440 5386 καὶ
477 5332 536 5384 τὸ
580 5330 675 5385 τοῦ
721 5330 930 5399 Κυρίου
976 5330 1139 5398 φασιν
1187 5328 1483 5398 ὲγηγέρθαι
1510 5342 1522 5356 ⁸
1561 5330 1653 5380 καὶ
1683 5329 1763 5381 ὅτι

197 5431 304 5484 [:et
335 5424 484 5483 αὑτῶ
515 5425 570 5477 ἐν
596 5427 664 5493 τῆ
690 5422 1138 5477 ἀποκαταστάσει
1175 5422 1456 5492 γινόμεθα.

270 5606 377 5660 Τοῦ
417 5603 685 5672 Κυρίλλου
720 5600 795 5665 δὲ,
816 5601 879 5653 Τί
908 5600 1065 5670 δῆτα,
1100 5601 1303 5669 Πάτερ,
1335 5600 1759 5673 ἐπανερομένου,

202 5700 279 5775 μὴ
321 5698 447 5761 τοὺς
474 5695 761 5756 τοσούτους
804 5693 942 5762 ὑπὲρ
966 5694 1171 5763 ἀρετῆς
1203 5693 1504 5763 ἀνέτλησαν
1544 5693 1760 5758 πόνους,

273 5855 384 5927 (l9)
420 5856 542 5911 Vide
562 5855 944 5913 Tertullianum
978 5853 1225 5909 adversus
1260 5850 1663 5908 Valcntiniams.

1858 3315 2140 3383 gentibus,
2181 3323 2288 3366 tam
2340 3317 2807 3380 prmstantioribus
2855 3333 3014 3385 quam
3052 3317 3433 3378 deterioribus,

1866 3404 1934 3459 de
1993 3402 2339 3460 Providentia
2402 3421 2524 3475 quae
2575 3408 2755 3462 omnia
2797 3408 3075 3463 connectit
3134 3424 3149 3461 :
3205 3423 3434 3477 quaeque

1866 3498 2169 3552 secundum
2204 3498 2469 3552 rationem
2501 3502 2721 3554 evenire
2754 3501 3022 3563 videntur,
3071 3508 3126 3552 et
3168 3514 3431 3567 quaecun-

1864 3603 1971 3656 que
2028 3598 2225 3657 praeter
2282 3591 2550 3645 rationem
2605 3590 2912 3645 infer-ieram
2969 3601 3023 3645 et
3077 3589 3369 3643 humanam
3416 3608 3429 3641 :

1863 3692 2122 3751 praeterea
2153 3697 2273 3752 quae
2307 3683 2375 3737 de
2413 3686 2579 3753 prima
2632 3694 2811 3736 nostra
2849 3683 3260 3745 constitutione,
3302 3682 3435 3752 ﬁgu-

1867 3776 2071 3843 risque,
2104 3785 2158 3829 et
2186 3776 2442 3839 veritate,
2472 3792 2534 3831 ac
2567 3776 2902 3829 testamentis
2937 3790 2951 3828 :
2984 3775 3183 3831 Christi
3216 3791 3433 3845 quoque

1861 3867 2037 3935 primo
2082 3881 2145 3919 ac
2178 3869 2423 3920 secundo
2466 3868 2720 3922 adventu.
2751 3866 2808 3920 ln
2840 3866 2922 3921 his
2953 3868 3121 3929 enim,
3155 3868 3429 3935 inquiunt,

1862 3965 1917 4011 et
1964 3955 2177 4025 assequi
2228 3971 2337 4010 non
2386 3967 2469 4010 est
2522 3956 2736 4020 inutile,
2791 3967 2981 4011 etnon
3026 3957 3244 4025 assequi
3275 3965 3433 4014 vacat

1862 4050 2120 4119 periculo.

1940 4138 2063 4193 Haec
2111 4154 2233 4194 cum
2278 4139 2615 4194 admirabilis
2644 4138 2875 4210 Cyrillus
2919 4140 3146 4197 dixisset
3179 4158 3191 4195 :
3219 4140 3432 4210 Nequa-

1862 4243 2045 4297 quam,
2093 4232 2267 4296 inquit
2299 4232 2490 4284 bcatus
2525 4231 2804 4299 Cyriacns,
2838 4248 3179 4299 nequaquam
3219 4234 3431 4287 indiﬂ'e-

1864 4319 2040 4373 rentia
2097 4330 2245 4384 sunt,
2302 4335 2477 4389 neque
2534 4321 2777 4390 periculo
2837 4331 3030 4375 vacant
3057 4322 3303 4392 dogmata
3362 4324 3431 4378 de

1867 4414 2264 4484 praeexistentia
2294 4429 2308 4467 :
2339 4414 2448 4467 imo
2493 4424 2622 4468 sunt
2663 4404 2870 4468 lubrica
2914 4415 3093 4483 potius
3136 4423 3190 4468 et
3218 4414 3431 4483 pericu-

1868 4507 1997 4560 losa.
2043 4506 2108 4559 Ut
2142 4516 2322 4559 autem
2353 4506 2709 4574 multiplicem
2750 4521 2936 4559 eorum
2968 4508 3297 4574 impietatem
3329 4508 3426 4561 tibi

1863 4600 2051 4668 paucis
2086 4610 2383 4664 exponam,
2445 4595 2601 4649 aiunt
2639 4593 2917 4649 Christum
2962 4610 3071 4649 non
3103 4610 3221 4649 esse
3257 4611 3427 4648 unum

1863 4704 1929 4745 ex
1962 4688 2253 4742 Trinitate.
2299 4688 2497 4741 Dicunt
2526 4703 2755 4756 corpora
2783 4703 2903 4755 quae
2931 4704 2995 4743 ex
3028 4691 3428 4743 resurrectione

1863 4778 2206 4837 habebimus,
2252 4791 2372 4830 esse
2425 4778 2641 4845 penitus
2686 4780 2752 4830 ad
2788 4780 3064 4831 interitum
3097 4790 3342 4837 ventura.
3375 4789 3430 4833 et

1862 4867 2064 4924 Christi
2099 4868 2281 4937 primi.
2316 4866 2512 4921 Dicunt
2543 4866 2865 4922 Trinitatem
2900 4886 3007 4924 non
3040 4869 3206 4924 fuisse
3237 4870 3428 4923 mundi

1864 4961 2108 5030 opiﬁcem
2166 4969 2266 5015 :et
2314 4962 2457 5029 quod
2508 4962 2563 5015 in
2600 4963 2943 5016 restitutione
2979 4970 3235 5031 poterunt
3281 4978 3431 5030 qua:-

1864 5069 2077 5122 cunque
2134 5061 2261 5106 sunt
2297 5054 2505 5107 ratione
2552 5055 2795 5122 praedita,
2843 5054 3007 5106 etiam
3053 5054 3118 5105 ad
3152 5056 3430 5107 daemones

1866 5159 2059 5213 usque,
2093 5144 2341 5198 fabricari
2378 5162 2560 5200 :eones
2591 5146 2724 5215 (19),
2770 5146 2820 5198 id
2850 5153 2952 5207 est,
2978 5146 3169 5200 saecula
3207 5146 3433 5214 :quod-

1864 5252 1968 5307 que
2000 5238 2053 5290 in
2086 5240 2509 5302 resurrectione,
2541 5237 2773 5290 aetherea
2808 5248 3117 5291 surrectura
3149 5248 3277 5292 sunt
3304 5253 3428 5291 cor-

1865 5344 1994 5398 pora
2037 5338 2244 5393 nostra,
2268 5339 2325 5391 et
2355 5330 2690 5397 sphzerarnm
2722 5329 2959 5398 speciem
2992 5330 3314 5393 referentia;
3347 5331 3428 5384 sic

1863 5421 2011 5475 enim
2063 5428 2116 5474 et
2147 5420 2323 5489 ipsum
2374 5418 2587 5474 Domini
2636 5437 2835 5489 corpus
2882 5420 3036 5474 aiunt
3076 5422 3422 5476 surrexisse:

1866 5526 2074 5579 nosque
2105 5509 2316 5565 futuros
2346 5511 2395 5564 ei
2426 5526 2583 5579 pares
2611 5512 2664 5563 in
2704 5512 3073 5566 restitutione.

1939 5600 2138 5672 Cyrillo
2203 5610 2387 5655 autem
2443 5617 2656 5656 rursum
2711 5602 3088 5674 interroganti,
3142 5603 3279 5669 Quid
3329 5602 3425 5666 ita,

1866 5694 2049 5759 Pater,
2088 5709 2194 5750 non
2235 5711 2331 5766 pro
2355 5696 2553 5751 virtute
2592 5704 2668 5751 tot
2721 5696 3011 5751 subierunt
3053 5696 3282 5761 labores,
3330 5696 3425 5748 sed
