4148 6508
150 444 251 507 937

1474 430 1653 491 VIT‘A
1687 429 1747 489 S.
1789 427 2109 489 CYRIACL

3311 428 3415 494 938

220 550 379 604 υῦτω
414 541 638 620 μὲνοῦν
678 545 707 597 6
747 541 893 602 θεῖος
925 537 1232 607 Κυριακδς,
1270 536 1365 592 καὶ
1415 538 1603 609 ὁμιλίᾳ
1637 554 1748 589 τοι·

1925 537 2148 590 Divinus
2172 535 2351 605 itaque
2376 535 2650 605 Cyriacus,
2675 550 2795 589 cum
2819 532 3131 607 huiusmodi
3155 536 3424 607 colloquio

153 644 291 714 αύτῃ
342 641 440 694 καὶ
489 640 832 707 διηγήμασιν
893 631 1099 702 ἡδονῆς
1148 632 1250 701 τὴν
1311 630 1524 684 ἐκείνου
1573 631 1750 700 ψυχὴν

151 735 478 802 διαπλήσας,
517 730 795 785 ἀπέλυσεν
847 727 907 777 ἐν
957 724 1183 794 εἰρήνῃ.
1235 720 1459 791 Ἐπειδὴ
1499 721 1554 774 δὲ
1608 722 1637 774 ὃ
1692 736 1750 772 τε

152 826 259 879 τῶν
307 824 616 894 Ὠριγένους
649 822 831 891 νόμων
864 816 1109 888 ἀκριϐὴς
1142 813 1324 883 φύλαξ
1359 813 1626 883 αἰσχίστῳ
1658 812 1748 865 τέ-

156 918 236 968 λει
278 919 378 986 τὴν
407 906 587 984 ψυχὴν
625 908 902 983 meamea
933 906 1165 969 Νάννος,
1201 905 1234 975 ἥ
1289 921 1353 957 τε
1391 904 1543 974 ἰσχὺς
1573 904 1753 955 αὐτῶν

159 1005 348 1059 ἅπασα
380 1004 619 1071 διελύθη·
653 1004 743 1054 καὶ
772 1002 800 1052 6
826 998 960 1067 πρὸς
984 997 1115 1058 τοὺς
1142 992 1479 1064 ὀρθοδόξους
1502 992 1750 1063 ἐλώφησε

160 1098 433 1166 πόλεμος·
468 1097 563 1149 καὶ
612 1095 733 1148 κατ’
758 1092 1001 1162 αλλήλων
1040 1086 1446 1160 [καταλλήλων
1471 1084 1527 1156 2]
1558 1087 1752 1138 ἐκείνοι

158 1190 260 1260 τὴν
287 1189 469 1258 μάχην
497 1190 593 1241 καὶ
622 1188 746 1247 τοὺς
773 1184 1057 1246 κινδύνους
1093 1181 1376 1249 ἐκίνησαν
1402 1195 1413 1207 ·
1447 1181 1538 1231 καὶ
1568 1176 1752 1229 πολλοὶ

158 1279 216 1331 ὲν
246 1279 325 1349 τῷ
355 1278 447 1331 τοῦ
479 1262 791 1347 Χαρίτωος
822 1273 1120 1342 φοιτῶντες
1153 1270 1445 1338 σπηλαίῳ,
1499 1268 1596 1320 οὐκ
1640 1265 1752 1316 ὀλί-

161 1390 266 1443 γην
315 1372 395 1442 τῷ
442 1370 570 1440 θείῳ
617 1365 879 1436 Κυριακῷ
928 1367 1198 1433 παρεῖχον
1239 1361 1349 1431 τὴν
1382 1360 1627 1430 δχλησιν,
1656 1360 1754 1427 τὴν

163 1469 397 1539 ἡσυχίαν
443 1466 922 1535 ἑπιταράττοντες,
980 1461 1074 1514 ὲπί
1129 1462 1224 1511 τὸν
1286 1458 1574 1525 Σουσακὶμ
1635 1454 1753 1529 [τοῦ

164 1559 472 1626 Σουσσκεὶμ
510 1558 533 1610 1
570 1559 651 1610 hic
681 1566 728 1609 et
777 1552 942 1626 infra]
984 1552 1266 1627 άναχωρεῖ
1324 1549 1514 1613 πάλιν,
1566 1548 1756 1599 ἔνατον

164 1652 265 1722 ἤδη
296 1656 393 1705 καὶ
419 1650 770 1721 ἐνενηκοστὸν
800 1649 913 1711 ἔτος
942 1646 1043 1716 τῆς
1080 1644 1307 1715 ἡλικίας
1340 1642 1541 1694 ἀνύων.
1581 1641 1759 1693 Ἐκεί-

164 1760 255 1797 νου
306 1746 405 1812 μὲν
437 1742 502 1813 δὴ
531 1742 717 1811 ὃγδοον
748 1743 805 1792 ὲν
846 1739 992 1808 αὺτῴ
1022 1734 1506 1805 διαμεμενηκότος
1538 1732 1757 1803 χρόνον,

165 1836 435 1904 λαμϐάνει
466 1837 544 1896 τίς
576 1850 707 1884 ποτε
739 1835 829 1882 τὸν
863 1829 1131 1897 Κύρι).).ον
1162 1827 1331 1888 πόθος
1370 1826 1469 1892 τῆς
1497 1825 1595 1875 τοῦ
1649 1825 1760 1875 Κυ-

1858 637 1912 682 et
1946 630 2346 685 narrationibus
2399 629 2472 684 ita
2506 631 2650 685 illius
2684 631 2922 685 animam
2972 632 3246 703 voluptate
3276 646 3427 687 como

1858 721 2080 789 plesset,
2128 721 2179 773 in
2231 736 2366 790 pace
2403 721 2627 775 dimisit.
2669 721 2899 787 Quando
2934 731 3139 786 autem,
3192 730 3245 777 et
3302 723 3422 792 ipse

1858 811 2037 882 legum
2080 811 2332 882 Origenis
2380 812 2609 884 diligens
2664 825 2871 879 custos,
2922 813 3174 878 Nonnus,
3225 814 3429 885 turpis-

1862 902 2002 956 simo
2034 903 2182 957 exitu
2219 904 2384 958 vitam
2432 906 2673 975 abrupit,
2713 905 3009 975 fractaeque
3058 906 3279 961 fuerunt
3311 922 3432 961 om-

1862 1012 1961 1051 nes
2018 1011 2210 1051 eorum
2260 999 2439 1062 vires;
2493 1008 2546 1051 et
2609 1001 2845 1053 cessavit
2901 1000 3103 1055 bellum
3165 1002 3430 1058 adversus

1859 1088 2227 1156 orthodoxos;
2280 1098 2335 1142 et
2388 1088 2463 1143 illi
2520 1090 2660 1143 inter
2713 1104 2835 1145 sese
2890 1093 3074 1161 praelia
3131 1095 3347 1155 cierunt
3378 1109 3434 1153 et

1860 1181 2135 1249 pericula;
2195 1181 2461 1251 multique
2512 1181 2567 1235 in
2614 1181 2929 1239 Cltaritonis
2963 1186 3219 1253 spelaeum
3257 1190 3434 1244 venti-

1862 1282 2063 1337 tantes,
2131 1290 2239 1328 non
2302 1291 2527 1344 parvam
2592 1276 2778 1329 divino
2844 1277 3066 1348 Cyriaco
3128 1280 3432 1336 molestiam

1862 1366 2214 1431 exhibebant,
2268 1367 2389 1436 ejus
2441 1367 2719 1422 silentium
2774 1376 2828 1423 et
2887 1369 3123 1437 quietem
3177 1370 3437 1426 intertur-

1863 1456 2092 1521 bantes;
2146 1458 2212 1512 ad
2252 1456 2501 1513 Susacim
2540 1473 2756 1513 rursum
2792 1460 2998 1514 recedit
3044 1460 3154 1530 (90)
3188 1477 3312 1516 cum
3345 1479 3440 1519 no-

1865 1563 1995 1601 num
2042 1548 2153 1613 jam
2185 1556 2240 1601 et
2275 1549 2687 1619 nonagesimum
2721 1552 2897 1606 aetatis
2936 1567 3139 1606 annum
3173 1556 3437 1624 expleret.

1865 1638 2002 1693 Cum
2033 1648 2214 1693 autem
2247 1640 2334 1693 ille
2365 1651 2489 1694 octo
2525 1643 2578 1695 in
2614 1657 2681 1695 eo
2718 1643 3012 1699 mansisset
3040 1662 3233 1714 annos,
3269 1648 3441 1720 Cyril-

1869 1730 1980 1784 lum
2048 1731 2339 1800 aliquando
2399 1733 2630 1787 incessit
2685 1733 3014 1790 desiderium
3080 1740 3441 1800 conveniendi

1867 1822 2101 1894 Cyriaci.
2141 1825 2198 1878 ιιι
2233 1825 2438 1879 lauram
2471 1826 2649 1895 itaque
2680 1828 2835 1881 Sucae
2880 1831 3126 1893 veniens,
3163 1846 3227 1884 ac
3282 1831 3444 1901 hujus

170 1897 366 1997 ριακοῦ
430 1924 666 1994 ὁμιλίας.
729 1924 837 1975 Καὶ
897 1924 978 1984 είς
1030 1920 1131 1990 τὴν
1178 1917 1394 1987 λαύραν
1450 1914 1628 1969 ἐλθὼν
1670 1913 1765 1967 τοῦ

1873 1915 2203 1984 discipulum
2269 1915 2535 1971 Joannem
2597 1933 2907 1983 assumens,
2978 1922 3139 1977 ambo
3198 1922 3442 1978 Susacim

167 2017 372 2075 Σουκᾶ.
411 2016 502 2066 καὶ
539 2015 626 2066 τὸν
660 2014 851 2065 τούτου
897 2012 1151 2083 μαθητὴν
1195 2009 1459 2079 Ἰωάννην
1513 2007 1766 2078 παραλα-

168 2107 303 2171 6ὼν,
356 2109 447 2159 τὸν
500 2106 780 2175 Σουσακὶμ
826 2105 994 2174 ἄμφω
1040 2102 1613 2172 καταλαμϐάνουσιν·
1666 2102 1766 2152 οὐκ

168 2201 413 2264 ἔλαττον,
459 2201 492 2269 ἢ
538 2203 862 2269 ἐνενήκοντα
914 2198 1159 2256 σταδίους
1212 2198 1318 2266 τῆς
1395 2194 1607 2266 λαύρας
1658 2196 1765 2247 ἀπ-

171 2295 399 2372 έχοντα.
449 2296 538 2358 Ὠς
571 2291 663 2347 οὖν
710 2294 938 2364 πλησίον
975 2292 1227 2360 ἐγένοντο
1254 2291 1382 2363 ήδη,
1417 2290 1554 2343 λέων
1582 2291 1767 2354 αὐτοῖς

173 2390 400 2460 μεγέθει
431 2390 685 2457 μέγιστος
716 2387 810 2439 καὶ
846 2386 1230 2457 φοόερώτατος
1258 2386 1391 2439 ίδείν
1421 2386 1763 2456 ὑπαντήσας,

168 2477 460 2548 διετάραξέ.
514 2494 571 2528 τε
621 2476 712 2528 τὸν
767 2475 1058 2548 Κύριλλον,
1112 2474 1308 2543 ὥσπερ
1356 2476 1528 2538 είκδς,
1560 2478 1655 2528 καὶ
1686 2477 1765 2537 εἰς

168 2569 292 2633 δέος
345 2567 624 2621 ὲνέδαλεν.
678 2564 838 2620 Οὕτω
888 2567 1072 2618 τοίνυν
1119 2566 1149 2618 6
1205 2564 1460 2634 μαθητὴς
1504 2564 1766 2635 Ἰωάννης

174 2663 373 2731 ἔχοντα
402 2659 491 2711 τὸν
523 2658 694 2729 ἄνδρα
726 2656 871 2719 ἰδὼν,
905 2658 997 2728 Μὴ
1026 2654 1220 2721 δέδιθι,
1256 2656 1383 2725 ἔφη.
1412 2657 1521 2709 Καὶ
1546 2656 1576 2706 6
1605 2655 1760 2720 λέων,
1784 2698 1788 2702 Α

172 2753 247 2815 ὡς
279 2752 417 2821 πρὸς
447 2751 539 2803 τὸν
568 2749 722 2817 ἆγιον
752 2748 950 2810 αὐτοὺς
987 2748 1250 2808 ἀπιόντας
1285 2746 1450 2813 ἔγνω,
1485 2746 1671 2810 ὑπεῖξε
1702 2762 1761 2798 τε

174 2845 274 2911 τῆς
326 2842 449 2895 ὁδοῦ
498 2842 682 2903 εὐθὺς,
711 2840 807 2893 καὶ
834 2840 987 2892 αὐτοὶ
1018 2838 1209 2893 κακῶν
1259 2839 1494 2903 ἀνιαθεὶς
1524 2839 1761 2909 διῆλθον.

174 2932 417 2993 Τούτους
462 2935 495 3001 ἡ
536 2931 658 2998 ἱερὰ
695 2930 905 2998 κεφαλὴ
957 2930 1145 3001 ἐκείνη
1200 2928 1539 3000 θεασαμένη,
1592 2930 1765 3000 ὑπερ-

177 3030 323 3101 ήσθη
349 3045 410 3084 τε
439 3028 660 3092 αὐτίκα,
703 3027 796 3079 καὶ
828 3026 926 3095 ἡδὺ
962 3027 1159 3089 αὐτοὺς
1193 3028 1289 3080 καὶ
1319 3027 1526 3079 οίκεῑον
1556 3025 1762 3093 ἰδοῦσα,

178 3121 570 3194 πρεσϐυτικῶς
618 3120 682 3174 εὖ
739 3120 884 3189 μάλα
923 3119 1014 3172 καὶ
1045 3119 1367 3188 χαριέντως,
1416 3118 1572 3183 Ἰδοὺ,
1603 3118 1762 3189 φησὶ,

180 3219 278 3271 καὶ
314 3219 342 3268 6
392 3211 853 3282 συγκοινοόιὼτης
903 3227 994 3279 μοι
1041 3209 1169 3282 [μου
1207 3207 1261 3281 1]
1294 3206 1579 3278 Κύριλὶως.
1630 3206 1765 3263 Εἶτα

181 3307 505 3376 παραμίξας
557 3321 611 3356 τι
664 3306 757 3358 καὶ
807 3304 1031 3364 παιδιᾶς
1076 3306 1105 3355 6
1147 3301 1399 3371 μαθητὴς
1466 3301 1760 3371 Ἰωάννης.

193 3402 361 3455 Ἀλλά
409 3399 617 3460 τοῦτον,
670 3392 846 3460 εἷπεν,
879 3397 907 3448 6
954 3395 1114 3461 λέων,
1148 3395 1352 3466 Πάτερ,
1391 3395 1764 3469 δεινῶς-ὲφὸ-

181 3492 346 3563 6ησε,
392 3491 486 3544 καὶ
541 3489 712 3544 δειλὸν
767 3488 1019 3555 ἀπέδειξε
1072 3488 1344 3558 φανερῶς.
1388 3488 1455 3542 Ἠ
1503 3490 1561 3548 δὲ
1605 3489 1765 3560 ἱλαρὰ

180 3587 332 3658 ψυχὴ
362 3585 544 3654 ἐκείνη
571 3604 583 3614 “
618 3585 689 3637 Σὺ
723 3584 779 3638 δὲ
811 3584 949 3637 ἀλλὰ
984 3583 1059 3654 μὴ
1090 3582 1285 3651 φοϐοῦ,
1317 3578 1461 3645 εἷπε,
1490 3582 1707 3633 τέκνον⁹
1737 3585 1765 3635 6

181 3685 296 3751 γὰρ
350 3679 490 3731 λέων
549 3670 705 3738 οὗτος
766 3673 1001 3728 ἐνταῦθα
1056 3692 1150 3744 μοι
1221 3672 1530 3746 παραμένει
1588 3671 1766 3740 φύλαξ

182 3774 420 3845 ἀκριϐὴς
471 3772 579 3822 τῶν
625 3770 909 3835 λαχάνων·
947 3770 1040 3818 καὶ
1094 3767 1220 3819 οὔτε
1273 3767 1448 3835 Θηρίῳ
1482 3769 1766 3838 εἰσφοιτᾷν

185 3865 466 3932 συγχωρεῖ
508 3861 704 3924 οὐδενὶ,
759 3859 878 3912 οὐδὲ
929 3859 1124 3927 ἀγρίου
1158 3860 1555 3931 αίγὸςνέφιρδον,
1586 3855 1763 3931 οἶμαι,

180 3958 252 4008 τὰ
286 3956 497 4024 λάχανα
531 3952 718 4017 δέδιεν,
753 3952 1116 4021 ἐγρηγορότος
1141 3951 1236 4008 τοῦ
1269 3952 1531 4020 φύλακος.

263 4047 393 4102 Εἶτα
448 4048 619 4101 πολλὰ
652 4047 781 4117 περὶ
828 4045 936 4097 τῶν
969 4047 1110 4103 κατὰ
1140 4046 1240 4115 τὴν
1270 4047 1480 4116 ἔρημον
1508 4043 1770 4115 Πατέρων

182 4140 498 4209 διεξελθὼν,
532 4142 624 4193 καὶ
650 4139 825 4212 ταύτῃ
854 4140 1249 4214 διαναστήσας,
1284 4137 1377 4192 καὶ
1415 4139 1774 4209 κινητικωταο

181 4254 303 4302 τον,
338 4228 450 4288 οἷον
481 4236 564 4295 εἰς
619 4232 842 4300 ἀρετὴν,
878 4232 1061 4291 αὐτοῖς
1096 4232 1279 4305 ἔρωτα
1311 4230 1593 4297 ἐμϐαλὼν,
1642 4233 1776 4301 τρά,

184 4328 364 4391 πεζαν
396 4322 782 4393 παρατίθησιν.
826 4320 1088 4374 Ἐνταῦθα
1120 4323 1149 4374 6
1183 4320 1320 4375 λέων
1355 4323 1669 4394 ἐφίσταται.
1712 4322 1771 4376 '0

184 4416 243 4472 δὲ
275 4420 353 4486 τῲ
384 4419 559 4489 θηρίῳ
604 4420 703 4485 μὲν
743 4413 904 4487 ἄρτον
941 4430 1000 4466 τε
1042 4417 1111 4487 τῇ
1147 4413 1295 4483 χειρὶ
1334 4413 1540 4484 ὀρέγει,
1576 4416 1669 4467 καὶ
1697 4418 1776 4477 είς

188 4510 444 4578 φυλακην
480 4510 668 4575 σερίησι
706 4508 814 4558 τῶν
840 4506 1108 4576 λαχάνων.
1150 4507 1292 4575 Πρὸς
1325 4507 1383 4559 δὲ
1414 4510 1537 4570 τοὺς
1568 4522 1774 4575 συγκα-

185 4600 641 4671 τακεκλιμένους,
708 4597 939 4665 Ἀγαθὸν
995 4612 1081 4663 γε,
1135 4590 1180 4648 ὦ
1229 4597 1416 4659 τέκνα,
1476 4594 1619 4659 εἷπε,

186 4692 368 4765 ἀγροῦ
401 4693 618 4763 φύλακα
648 4693 945 4761 κέκτημαι.
979 4689 1119 4743 Οὖτε
1142 4691 1251 4759 γὰρ
1284 4688 1484 4760 ἄρκτος
1513 4688 1770 4753 ἐνταῦθα,

189 4788 317 4844 οῦδὲ
356 4784 547 4859 θηρίον
576 4783 705 4838 ἄλλο
739 4800 813 4848 τι,
848 4782 964 4834 αλλ’
994 4781 1116 4834 οὐδὲ
1153 4781 1382 4852 λῃστὴς,
1413 4780 1532 4833 οὐδὲ
1564 4781 1774 4853 βάρὸα-

194 4894 290 4948 ρος
340 4879 458 4942 τοις
503 4872 759 4941 παριοῦσι
808 4868 902 4925 τόν
954 4872 1123 4941 ἀγρὸν
1158 4873 1483 4935 ἐπιτίθεται.
1538 4874 1774 4937 Κολαζει

194 4969 309 5038 γάρ
340 4967 436 5018 καὶ
467 4962 547 5037 [in
575 4967 751 5017 codice
778 4965 813 5019 2
842 4964 1069 5018 deletum
1107 4974 1182 5018 est
1211 4961 1326 5036 καί]
1356 4963 1552 5032 αὐτοὺς
1588 4967 1775 5029 δεινῶς

196 5064 292 5116 καὶ
323 5059 618 5115 ἀπόλλυσιν
642 5060 669 5112 6
699 5057 856 5110 λέων.

274 5155 401 5218 Τοῖς
433 5154 534 5224 μὲν
566 5150 660 5207 οὖν
682 5152 811 5223 ὅλην
843 5150 972 5221 παρ’
1001 5152 1148 5223 αύτῷ
1176 5154 1388 5228 ἡμέραν
1416 5158 1777 5228 διαγαγοῦσι,

197 5249 297 5304 καὶ
346 5247 446 5314 τῆς
479 5244 832 5307 διδασκαλίας
868 5243 1086 5312 ἐκείνης
1134 5248 1226 5299 καὶ
1259 5246 1356 5315 τῆς
1396 5249 1780 5321 ἑκκιχυμένης

196 5344 256 5394 ἐν
288 5342 402 5401 τοις
455 5338 661 5409 χείλεσι
714 5334 881 5389 αὐτοῦ
930 5337 1150 5411 χάριτος
1190 5336 1597 5402 ἀπολαύσασιν,
1628 5341 1783 5395 εὐλο-

199 5433 327 5503 γίας
358 5446 415 5484 τε
439 5425 520 5491 εἵς
561 5430 658 5495 τὴν
690 5430 817 5499 ἑξῆς
846 5428 1185 5498 μεταδίδωσι,
1217 5431 1309 5481 καὶ
1345 5432 1402 5481 ἐν
1426 5429 1622 5500 εἰρήνῃ
1648 5433 1781 5482 ἀποο

200 5525 341 5576 λύει.
380 5522 491 5577 Καὶ
519 5520 547 5571 6
576 5518 713 5572 λέων
748 5519 931 5586 ὑπείξέ
978 5537 1051 5587 τε,
1092 5521 1269 5582 αὐτοῖς
1310 5517 1495 5583 αὖθις,
1544 5523 1639 5572 καὶ
1675 5521 1780 5575 ύπ-

202 5616 402 5669 ἐπεσεν
433 5615 667 5682 ἣκοντας
699 5612 954 5681 [ἥκοντας
993 5612 1050 5675 2,
1080 5613 1289 5665 εἴκουσι
1321 5612 1395 5683 11,
1435 5610 1528 5663 καὶ
1550 5612 1649 5679 τῆς
1689 5615 1781 5665 ἐπὶ

206 5708 274 5761 τά
306 5706 487 5758 οἰκεῖα
515 5704 791 5773 χαίροντες
817 5704 1044 5773 εἴχοντο.

285 5839 398 5913 (20)
434 5837 680 5895 Exeunte
710 5836 812 5891 546
842 5840 925 5894 vel
960 5840 1182 5900 ineunte
1208 5844 1332 5901 5&7.

528 5935 795 5993 Ριτιιοι..
844 5933 955 5995 Gn.
1004 5938 1181 6003 CXV.

1869 2010 2218 2077 perveniunt,
2252 2009 2345 2079 qui
2393 2011 2545 2065 locus
2587 2028 2696 2066 non
2740 2013 2920 2066 minus
2952 2028 3114 2084 quam
3150 2015 3442 2087 nonaginta

1867 2100 2040 2155 stadia
2086 2101 2276 2155 aberat
2323 2118 2354 2156 a
2401 2102 2574 2157 lanra.
2610 2104 2744 2159 Cum
2778 2114 2958 2159 autem
2995 2106 3351 2163 adventarent
3391 2119 3446 2163 et

1868 2208 2037 2264 prope
2070 2192 2178 2259 iam
2214 2204 2419 2259 essent,
2451 2195 2536 2250 leo
2583 2197 2715 2266 ipsis
2749 2198 3121 2266 magnitudine
3153 2201 3442 2263 maximus,

1871 2283 2098 2352 visuque
2159 2284 2612 2349 terribilissimns,
2647 2300 2967 2349 occurrens,
3027 2287 3307 2359 Cyrillum,
3383 2300 3444 2353 ut

1870 2384 2299 2430 consentaneum
2335 2387 2437 2441 est,
2470 2377 2839 2439 canturbavit.
2884 2389 2938 2434 et
2970 2378 3025 2434 in
3062 2393 3265 2437 metum
3304 2365 3445 2437 con?

1864 2463 2016 2532 jecit.
2066 2463 2203 2519 Cum
2250 2466 2413 2534 igitur
2446 2466 2747 2534 discipulus
2783 2466 3027 2524 Joannes
3062 2470 3135 2524 ita
3183 2470 3443 2527 aﬂ‘ectum

1872 2556 2048 2609 virum
2105 2556 2331 2611 vidisset
2390 2574 2403 2610 :
2455 2556 2532 2611 Ne
2579 2566 2783 2622 metue,
2842 2559 3037 2630 inquit.
3088 2560 3198 2617 Leo
3237 2575 3444 2624 autem.

1869 2655 1928 2700 ut
1966 2662 2062 2703 eos
2095 2649 2159 2704 ad
2194 2659 2442 2704 sanctum
2479 2663 2670 2707 euntes
2709 2654 2949 2722 agnovit,
2987 2653 3068 2708 via
3119 2655 3282 2709 cessit
3319 2670 3447 2726 pro-

1870 2736 2040 2802 tinus,
2098 2748 2155 2793 et
2212 2740 2311 2809 ipsi
2352 2740 2619 2793 malorum
2676 2742 2949 2797 immunes
2984 2746 3442 2810 pertransierunt,

1868 2827 1981 2883 Hos
2033 2843 2157 2882 cum
2210 2844 2427 2883 sacrum
2479 2828 2612 2884 illud
2668 2843 2831 2901 caput
2876 2838 3197 2903 aspexisset,
3251 2851 3447 2909 supra.

1868 2919 2091 2974 modum
2132 2922 2315 2975 statim
2341 2922 2535 2993 gaudio
2563 2923 2866 2979 oblectatus
2890 2936 2991 2989 est,
3024 2942 3227 2997 eosque
3250 2928 3450 2984 blande

1869 3026 1932 3066 ac
1979 3012 2247 3067 benevole
2291 3014 2532 3075 intuens.
2584 3016 2830 3070 seniliter
2871 3018 3011 3071 bene
3047 3021 3203 3087 plane
3240 3038 3306 3077 ac
3360 3039 3452 3077 ve.

1868 3112 2050 3168 uuste,
2091 3102 2257 3168 Ecce,
2289 3104 2484 3173 inquit,
2527 3109 2908 3163 concamobita
2943 3125 3094 3165 meus
3126 3112 3240 3186 (2t)
3271 3112 3460 3190 Cyril-

1871 3195 1975 3251 lus.
2018 3195 2225 3251 Deinde
2282 3197 2529 3255 nonnihil
2592 3214 2809 3270 quoque
2856 3202 2965 3273 joci
3005 3203 3314 3259 admiscens
3374 3206 3461 3259 di.

1869 3288 2113 3354 scipulus
2158 3288 2400 3343 Joannes
2440 3307 2454 3343 :
2497 3289 2601 3345 Sed
2631 3307 2778 3354 eum,
2812 3293 3007 3361 inquit,
3036 3294 3214 3363 Pater,
3249 3296 3445 3353 mirum

1869 3378 1922 3432 in
1975 3378 2196 3431 modum
2232 3379 2318 3433 lco
2381 3382 2599 3445 terruit,
2645 3384 3042 3458 manifestoque
3092 3403 3293 3456 pavore
3327 3403 3451 3462 per-

1868 3471 2024 3524 culit.
2056 3468 2254 3526 Hilaris
2300 3480 2481 3527 autem
2515 3472 2604 3527 illa
2627 3474 2807 3528 anima
2843 3492 2857 3528 :
2887 3477 2955 3529 At
2985 3484 3063 3541 tu,
3093 3473 3201 3531 noli
3236 3479 3451 3542 timere,

1870 3563 2067 3632 inquit,
2117 3564 2190 3618 liti
2224 3581 2239 3619 :
2272 3562 2363 3619 leo
2402 3565 2546 3619 enim
2589 3564 2689 3621 iste
2718 3566 2807 3621 hic
2836 3568 2965 3622 mihi
2992 3580 3193 3636 manet,
3221 3571 3455 3641 diligens

1869 3662 2057 3704 custos
2112 3652 2345 3717 olerum,
2381 3655 2473 3723 qui
2523 3654 2726 3709 nullam
2777 3656 2953 3711 feram
3007 3658 3214 3726 ingredi
3272 3661 3451 3716 sinit:

1872 3753 2207 3814 quapropter
2236 3760 2338 3802 nec
2367 3747 2595 3816 agrestis
2628 3761 2838 3816 caprea:
2870 3748 3175 3817 incursum,
3208 3760 3265 3805 ut
3298 3761 3450 3824 puto,

1873 3834 2159 3889 timuerint
2185 3833 2357 3902 olera,
2392 3836 2496 3891 hoc
2524 3836 2782 3907 vigilante
2809 3839 3056 3896 custode.

1947 4034 2157 4091 Deinde
2207 4052 2331 4092 cum
2382 4039 2548 4095 multa
2606 4040 2675 4096 de
2717 4039 2986 4110 Patribus,
3031 4044 3120 4117 qui
3168 4044 3221 4098 in
3269 4061 3454 4102 eremo

1874 4128 2165 4199 degebant,
2215 4141 2513 4196 narrasset,
2562 4150 2627 4189 ac
2673 4134 2751 4188 sic
2782 4136 2861 4189 eis
2902 4137 3112 4191 animos
3143 4138 3450 4203 excitasset,

1876 4221 2341 4291 acerrimumque,
2393 4239 2519 4294 erga
2574 4227 2827 4282 virtutem
2884 4228 3155 4296 videlicet,
3208 4246 3452 4288 amorem

1878 4313 2221 4377 incussisset,
2267 4331 2513 4370 mensam
2567 4319 2814 4387 apponit.
2854 4318 2952 4373 Hic
2981 4320 3067 4373 leo
3107 4325 3448 4391 supervenit.

1877 4403 1969 4461 llle
2024 4418 2206 4461 autem
2262 4408 2450 4460 bestiae
2504 4424 2707 4478 panem
2764 4424 2930 4464 manu
2983 4411 3231 4482 porrigit,
3283 4423 3337 4468 et
3385 4400 3453 4475 ad

1880 4498 2088 4551 olerum
2127 4498 2434 4553 custodiam
2477 4502 2735 4556 remittit.
2786 4502 2865 4557 Ad
2919 4504 3305 4560 accumbentes
3353 4522 3448 4561 au.

1678 4598 1769 4649 τοῦ
1803 4583 1982 4641 Dtem
2017 4604 2030 4639 :
2062 4587 2266 4655 Habeo,
2321 4593 2420 4653 ait,
2470 4607 2503 4645 ο
2553 4591 2672 4655 alii,
2726 4594 2929 4647 bonum
2976 4596 3091 4665 agri
3142 4598 3449 4659 custodem.

1874 4678 2062 4749 Neque
2094 4682 2239 4735 enim
2284 4682 2374 4736 hic
2405 4697 2585 4744 ursus.
2635 4697 2814 4754 neque
2864 4685 2969 4739 alia
3015 4688 3282 4757 qurepiam
3314 4688 3449 4757 fera,

1873 4773 1967 4825 sed
2004 4788 2182 4842 neque
2224 4774 2425 4842 praedo,
2474 4788 2653 4844 neque
2698 4777 2964 4833 barbarus
3016 4794 3110 4834 eos
3141 4781 3231 4850 qui
3263 4796 3450 4853 agrum

1874 4876 2257 4936 pertranseuut
2300 4867 2529 4924 invadit.
2589 4867 2713 4924 lllos
2769 4888 3002 4943 namque
3045 4875 3243 4931 acriter
3312 4878 3449 4933 ulci-

1878 4955 2048 5008 scitur
2075 4968 2137 5008 ac
2166 4955 2385 5024 perimit
2416 4957 2499 5010 leo
2533 4994 2549 5010 .

1951 5150 2087 5208 Cum
2124 5154 2289 5225 igitur
2322 5163 2495 5212 totum
2542 5157 2683 5226 apud
2712 5174 2838 5214 eum
2871 5161 3016 5218 diem
3046 5165 3453 5236 transegissent,

1883 5262 1947 5302 ac
2006 5250 2255 5305 doctrina
2306 5250 2396 5305 illa
2446 5258 2502 5303 et
2550 5251 2744 5307 diffusa
2802 5255 2854 5310 in
2904 5258 3023 5327 ejus
3076 5256 3230 5311 labiis
3280 5262 3453 5327 gratia

1886 5342 2049 5397 fructi
2096 5354 2302 5405 essent,
2333 5341 2771 5401 benedictionem
2802 5346 3153 5417 imposterum
3190 5350 3452 5423 impertit,

1884 5450 1946 5487 ac
1982 5436 2032 5487 in
2065 5449 2197 5506 pace
2234 5435 2485 5490 dimittit.
2532 5434 2642 5490 Leo
2684 5447 2867 5495 autem
2913 5439 2993 5495 eis
3039 5456 3223 5496 rursus
3272 5446 3455 5506 cessit.

1884 5536 1936 5580 et
1964 5526 2239 5580 blanditus
2270 5537 2354 5581 est
2380 5544 2395 5593 ;
2426 5528 2613 5599 sicque
2644 5529 2713 5589 ad
2742 5530 2959 5600 propria
2986 5530 3094 5587 laeti
3125 5545 3457 5589 remearunt.

1960 5856 2069 5925 (2|)
2119 5854 2357 5929 Cyrillus
2414 5854 2465 5909 in
2505 5865 2695 5913 eodem
2758 5874 2865 5929 quo
2899 5857 3158 5931 Cyriacus
3192 5868 3460 5921 manserat

3133 5950 3205 6015 30
