4148 6488
195 434 291 498 941

1500 447 1669 505 VlTA
1718 449 1771 510 Ξ.
1818 448 2136 515 CYRIACI.

3330 477 3434 543 942

187 553 321 614 τινὶ,
383 548 506 602 οὐδὲ
552 549 631 612 είς
678 547 872 617 λόγους
923 547 1107 621 ἦλθον.
1153 550 1291 604 Ἀλλ’
1329 553 1489 606 ἄπιτε
1541 555 1634 607 νῦν
1685 576 1737 610 κε

1843 600 1849 618 .
1885 560 1936 615 in
1974 564 2204 633 alicujus
2252 581 2603 638 congressum
2662 573 3103 647 colloquiumque
3151 584 3294 638 veni.
3327 586 3435 643 Vos

186 641 376 706 ὑμεῖς,
411 642 503 692 καὶ
532 641 969 710 ἀναστρέφοντες
1003 642 1371 712 ἐπισκέψασθέ
1406 644 1763 720 ἷέπισκέψατὲ

186 720 246 808 t)
279 751 368 800 με.

182 1008 338 1075 αὖτῴ
372 1009 572 1064 πάντα.
602 1012 666 1062 '0
698 1011 753 1062 δὲ
791 1012 1068 1082 ἐθαύμασὲ
1100 1035 1178 1080 τε,
1214 1019 1288 1081 ὡς
1315 1021 1485 1084 εἰκὸς,
1522 1022 1616 1074 καὶ
1649 1022 1762 1072 ἐπι-

184 1086 493 1166 σκέψασθαι
542 1102 702 1153 πάλιν
748 1103 919 1173 αὐτὴν
954 1107 1294 1176 ἐπανήκουσι
1324 1113 1436 1170 τοῖς
1467 1112 1757 1182 μαθηταῖς,

180 1193 275 1242 καὶ
328 1192 489 1252 αὐτὸς
545 1194 898 1262 ἐπισκήπτει.
952 1198 1024 1250 Τὸ
1057 1200 1322 1267 σπήλαιον
1365 1202 1542 1254 τοίνυν
1588 1205 1643 1254 ὲν
1693 1207 1756 1273 τῇ

181 1285 427 1350 ἐπανόδῳ
471 1286 893 1352 καταλαϐόντες,
947 1291 1039 1342 καὶ
1088 1292 1187 1358 τὴν
1243 1293 1449 1346 εἴσοδον
1505 1297 1644 1348 κατὰ
1698 1297 1758 1348 τὸ

183 1373 417 1443 σύνηθες
463 1376 753 1442 κόψαντες,
810 1380 931 1432 ἐπεὶ
982 1380 1194 1433 ἔνδοθεν
1243 1381 1418 1453 [ἔνδον
1477 1384 1528 1455 1]
1570 1387 1753 1449 αὐτοῖς

177 1465 514 1532 ἀπεκρίνατο
542 1467 662 1518 οὐδὲ
692 1463 796 1530 εἷς,
830 1471 1190 1540 παρελθόντες
1224 1474 1373 1538 εἵσω,
1408 1471 1757 1548 εὑρίσκουσιν

177 1557 348 1624 αὐτὴν
380 1557 479 1626 ἤδη
529 1557 934 1627 τελειωθείσαν,
974 1562 1068 1615 καὶ
1099 1565 1157 1616 τὸ
1188 1566 1346 1631 σῶμα
1377 1572 1571 1640 νεκρὸν
1605 1572 1756 1640 παρὰ

175 1648 252 1718 τῷ
303 1650 549 1721 σπηλαίῳ
604 1652 880 1720 κείμενον.
926 1657 1270 1723 ’Δνελθὸντες
1301 1661 1394 1714 οὖν
1424 1665 1503 1724 είς
1533 1667 1631 1733 τὴν
1662 1666 1755 1718 τοῦ

174 1740 355 1793 Σουκᾶ
396 1742 623 1811 λαύραν,
656 1748 750 1796 καὶ
779 1748 918 1798 ὅσων
949 1744 1016 1816 ἦν
1059 1753 1242 1814 αὐτοῖς
1276 1754 1412 1820 πρὸς
1445 1754 1541 1822 τὴν
1577 1758 1755 1826 ταφὴν

172 1833 333 1901 χρεία
380 1834 658 1896 λαϐόντες,
707 1836 956 1905 ἔρχονται
1001 1841 1134 1906 πρὸς
1164 1842 1224 1892 τὸ
1277 1844 1536 1912 σπήλαιον
1573 1846 1747 1909 αὖθιςο

1869 653 2033 724 igitur
2069 673 2216 711 nunc
2251 659 2417 725 abite,
2450 671 2502 716 et
2529 675 2863 722 revertentes
2899 669 3115 725 invisite
3139 690 3247 728 me.

1938 836 2044 901 illi,
2081 839 2166 893 his
2202 842 2427 908 auditis,
2457 847 2722 902 recedunt
2754 867 2768 903 :
2813 858 2864 903 et
2904 853 2968 906 ad
3001 853 3215 910 beatum
3245 859 3432 928 Cyria-

1867 943 1988 981 cum
2024 932 2306 986 venientes
2331 936 2510 990 omnia
2555 939 2656 1007 ipsi
2692 944 3030 999 renuntiant.
3065 947 3174 1011 ille,
3209 962 3268 1003 ut
3301 967 3431 1006 ροη-

1864 1031 2186 1076 sentaneum
2248 1036 2385 1091 erat,
2450 1031 2680 1086 miratus
2739 1043 2823 1087 est
2880 1045 2955 1101 et,
3034 1043 3431 1099 revertentibus

1863 1108 2168 1178 discipulis,
2197 1125 2255 1168 ut
2287 1132 2405 1171 eam
2478 1135 2672 1175 rursus
2719 1124 2955 1181 invisant
3001 1132 3241 1186 mandat.
3291 1133 3429 1204 Spe~

1863 1201 2017 1255 lazum
2055 1207 2233 1275 itaque
2272 1209 2325 1262 in
2373 1213 2547 1266 reditu
2602 1218 2770 1282 nacti,
2818 1221 3132 1291 aditumque
3177 1226 3246 1280 de
3277 1201 3428 1283 more

1861 1293 2168 1361 pulsantes,
2207 1316 2327 1353 cum
2359 1303 2504 1358 intus
2536 1321 2696 1360 nemo
2722 1325 2860 1363 unus
2895 1313 3024 1381 ipsis
3052 1319 3425 1385 responderet.

1860 1384 2181 1457 introgressi
2247 1393 2531 1450 inveniunt
2582 1414 2700 1453 eam
2754 1401 2864 1470 jam
2903 1405 3008 1458 vita
3059 1407 3323 1472 functam.
3375 1422 3430 1466 et

1860 1488 2058 1542 corpus
2090 1480 2346 1534 exanime
2389 1485 2442 1542 in
2498 1488 2754 1555 spelunca
2797 1491 3003 1558 jacens.
3057 1497 3428 1554 Ascendentes

1860 1563 2019 1633 igitur
2052 1567 2102 1618 in
2154 1568 2307 1623 Suczn
2354 1574 2584 1642 lauram,
2622 1590 2672 1632 et
2738 1584 2914 1636 omnia
2957 1586 3150 1653 quibus
3200 1589 3335 1658 ipsis
3360 1593 3424 1647 ad

1857 1658 2194 1725 sepulturam
2249 1677 2379 1717 usus
2409 1674 2526 1718 erat
2568 1683 2934 1737 assumentes,
2973 1693 3162 1734 rursus
3195 1681 3260 1734 ad
3301 1697 3426 1751 spec

1856 1747 2015 1803 lzeum
2047 1754 2273 1808 veniunt
2307 1775 2318 1810 :
2354 1767 2410 1812 et
2439 1775 2557 1827 qua:
2598 1761 2665 1816 de
2701 1779 2852 1820 more
2909 1767 3044 1821 ﬁunt
3079 1786 3242 1842 super
3271 1747 3423 1835 beata

1855 1854 2204 1911 peragentes.
2247 1844 2467 1901 domum
2496 1851 2544 1904 ei
2583 1851 2787 1909 faciunt
2814 1859 3144 1928 sepulcrum,
3181 1865 3423 1934 reliquiis

173 1923 266 1970 καὶ
299 1922 616 1983 τελέσαντες
646 1925 739 1973 ἐπί
767 1927 830 1991 τῇ
868 1927 1116 1995 μακαρίᾳ
1161 1927 1228 1979 τὰ
1270 1928 1520 1990 είωθότα,
1555 1931 1654 1998 τὴν
1683 1933 1737 1983 οι

1860 1932 1912 1984 ἱιι
1947 1935 2204 2003 spelunca
2239 1938 2350 2008 ipsa
2383 1940 2666 2011 depositis.

172 2012 296 2061 κίαν
345 2013 481 2082 αὐτῇ
517 2016 686 2080 τάφον
743 2014 975 2073 ποιοῦσι.
1028 2019 1163 2085 πρὸς
1204 2019 1352 2088 αὐτῷ
1382 2020 1460 2089 τῷ
1495 2022 1752 2092 σπηλαίῳ

169 2101 227 2153 τὸ
254 2099 509 2168 λείψανον
547 2105 936 2171 καταθέμενοι.
1223 2170 1227 2175 _

252 2196 398 2248 Ἀλλ’
433 2197 669 2251 ἐνταῦθα
709 2200 808 2269 μὲν
837 2201 986 2269 ἡμᾶς
1029 2199 1090 2253 τὸ
1129 2201 1221 2254 τοῦ
1266 2203 1608 2273 διηγήματος
1669 2205 1753 2269 ἐξ-

171 2283 428 2352 ήνεγκεν,
463 2287 678 2355 ἥδιστόν
709 2306 766 2339 τε
805 2288 942 2357 ὁμοῦ
977 2290 1070 2341 καὶ
1098 2290 1391 2361 ὠφέλιμον.
1438 2296 1750 2349 Ἐπανιτέον

167 2375 222 2426 δὲ
260 2377 427 2426 πάλιν
462 2377 584 2428 ὅθεν
635 2378 928 2446 ἐξέϐημεν.
978 2383 1204 2448 Ὄγδοον
1233 2386 1414 2437 τοίνυν
1444 2385 1636 2440 τοῦτον
1689 2391 1749 2442 ἐν

165 2467 244 2535 τῷ
279 2467 562 2534 Σουσακ“ιμ
588 2469 856 2535 ἐνιαυτὸν,
883 2468 1072 2540 ὥσπερ
1098 2471 1330 2542 ἔφημεν,
1349 2477 1441 2528 τοῦ
1470 2482 1746 2546 μακαρίου

167 2558 454 2627 Κυριακοῦ
511 2558 851 2627 διηνυκότος,
900 2563 947 2615 οί
988 2567 1086 2631 τῆς
1139 2563 1232 2616 τοῦ
1283 2566 1465 2618 Σουκᾶ
1513 2569 1742 2638 λαύρας,

168 2655 308 2720 μετα
360 2652 459 2723 τὴν
510 2652 726 2705 τελείαν
775 2654 880 2708 τῶν
924 2656 994 2707 τὰ
1052 2656 1361 2726 Ὠριγένους
1406 2659 1742 2724 δοξαςόντων

163 2742 514 2813 ἀπαλλαγὴν,
543 2746 726 2796 ἐκεῖσε
754 2746 845 2796 καὶ
879 2745 1038 2808 αὖθις
1071 2750 1376 2816 γενόμενοι,
1410 2753 1489 2813 είς
1536 2753 1596 2804 τὸ
1642 2752 1739 2804 τοῦ

166 2835 408 2901 μεγάλου
453 2835 768 2904 Χαρίτωνος
815 2839 1077 2908 σπήλαιον
1113 2843 1275 2894 αὑτὸν
1303 2843 1528 2913 ἤγαγον.
1564 2841 1636 2902 Οὗ
1676 2845 1741 2917 δὴ

163 2927 258 3004 καί
291 2929 316 2977 ὀ
354 2926 659 2992 θαυμάσιος
693 2929 964 2997 Κύριλλος
995 2933 1300 3002 παρέϐαλλε
1348 2939 1606 3004 συνεχῶς,
1628 2940 1739 2990 ’καὶ

164 2992 369 3088 πολλὴν
403 3017 553 3085 παρὰ
584 3018 681 3068 τοῦ
712 3018 870 3086 ἁγίου
903 3023 1092 3076 τούτου
1123 3027 1220 3094 τὴν
1255 3028 1352 3096 τῆς
1381 3030 1578 3098 ἀρετῆς
1624 3031 1736 3082 ἐπί·

160 3109 306 3159 δοσιν
341 3107 436 3159 καὶ
491 3105 587 3178 τὴν
614 3107 883 3175 ὠφέλειαν
921 3114 1248 3181 ἐκαρποῦτο.
1297 3116 1464 3185 Ὑπὲρ
1494 3120 1561 3170 τὰ
1595 3120 1735 3173 ἑπτὰ

159 3199 216 3251 δὲ
246 3198 346 3268 ἢδη
386 3199 478 3250 καὶ
505 3200 573 3252 τὰ
604 3202 803 3254 ἑκατὸν
828 3206 853 3254 ὁ
882 3205 1156 3274 Κυριακὸς
1185 3206 1279 3276 ἔτη
1327 3207 1458 3259 ἐϐίω
1484 3225 1497 3240 ο
1533 3213 1608 3274 ὡς
1635 3214 1732 3264 καὶ

160 3288 257 3343 ἀπ’
292 3290 471 3343 αὐτῶν
515 3288 688 3360 δήπου
743 3295 849 3358 τῶν
914 3297 1127 3349 ἐκείνου
1176 3298 1465 3369 περιόδων,
1507 3304 1741 3355 καὶτῶν

160 3379 458 3451 διατριϐῶν
490 3385 936 3452 μεμαρτύρηται.
989 3389 1237 3454 Ἀῳίκετο
1270 3391 1507 3466 μὲνγὰρ
1536 3394 1614 3454 είς
1640 3396 1741 3463 τὴν

170 3473 333 3538 ἁγίαν
383 3475 554 3538 πόλιν,
605 3475 752 3542 ἀμφὶ
801 3476 868 3528 τὰ
909 3476 1286 3534 ὀκτωκαίδεκά
1340 3499 1443 3534 που
1503 3484 1739 3552 μάλιστα

158 3564 276 3631 ἔτη·
304 3563 459 3615 ἐννέα
489 3565 546 3616 δὲ
577 3569 729 3636 παρὰ
762 3568 837 3635 τῷ
865 3573 920 3621 ἐν
951 3573 1126 3638 ἁγίοις
1151 3574 1445 3645 Γερασίμῳ
1478 3577 1737 3647 διέμεινε’

156 3659 384 3714 δέκατον
405 3679 464 3714 τε
498 3663 595 3733 ἠδη
628 3664 877 3734 [δέκατον
908 3663 1008 3733 ἤδη
1043 3663 1094 3733 1]
1125 3667 1257 3734 πρὸς
1283 3671 1346 3736 τῇ
1373 3668 1464 3720 τοῦ
1499 3671 1736 3738 μεγάλου

157 3753 436 3822 meum»
481 3759 614 3823 μονῇ
672 3755 942 3805 διετέλεσε
997 3759 1231 3822 χρόνον⁸
1284 3761 1378 3808 καὶ
1433 3762 1592 3810 ἐννέα
1642 3762 1737 3811 καὶ

156 3846 452 3912 τριάκοντα
504 3847 608 3896 ὑπὸ
656 3849 722 3914 τῇ
780 3845 872 3896 τοῦ
947 3847 1127 3900 Σουκᾶ
1183 3847 1360 3919 λαύρα
1411 3849 1733 3918 διηκονεῖτο.

158 3938 421 4003 Πέμπτον
451 3953 508 3988 τε
554 3938 703 4006 αὐτῷ
738 3939 794 3990 ὲν
825 3941 889 4008 τῇ
926 3939 1017 3991 τοῦ
1051 3941 1313 4012 Νατουφᾷ
1359 3945 1550 4014 ἐρήμῳ
1599 3945 1740 3996 σκίλ-

154 4025 273 4088 λαις
305 4032 625 4100 τρεφομένῳ
660 4033 956 4100 περιῆλθον
992 4034 1108 4098 ἔτος
1136 4049 1149 4063 ·
1185 4037 1277 4085 καὶ
1303 4035 1538 4088 τοσαῦτα
1573 4038 1735 4089 πάλιν

152 4121 211 4171 ἐν
238 4119 317 4188 τῷ
347 4121 441 4172 τοῦ
487 4122 686 4175 Ῥουϐᾶ
714 4124 897 4192 ἕτερα.
935 4127 1067 4194 Περὶ
1096 4125 1197 4194 μὲν
1227 4122 1318 4177 οὖν
1342 4127 1417 4193 τῷ
1450 4127 1734 4195 Σουσακὶμ

152 4211 385 4282 ἱδδομον
418 4216 664 4266 ἐνιαυτὸν
708 4219 892 4284 μεῖναι
930 4217 1247 4285 ἱστόρηταιο
1278 4218 1407 4286 περὶ
1445 4218 1502 4270 δὲ
1534 4219 1611 4288 τῷ
1637 4219 1731 4271 τοῦ

151 4308 210 4356 ἐν
258 4306 439 4373 ἁγίοις
480 4307 798 4375 Χαρίτωνος
855 4309 1129 4377 σπηλαίῳ,
1182 4311 1472 4380 πέμπτον·
1524 4316 1619 4364 καὶ
1664 4312 1730 4365 αὖ

152 4397 235 4469 [in
291 4402 466 4452 codice
506 4401 540 4453 2
593 4401 818 4453 deletum
856 4411 930 4453 est
979 4399 1071 4474 αὖ]
1121 4403 1282 4456 πάλιν
1318 4407 1374 4457 ἐν
1413 4405 1488 4474 τῷ
1522 4405 1639 4475 [τοῦ
1679 4407 1727 4476 1|

148 4492 436 4561 Σουσακὶμ
471 4492 690 4561 ιγδοον.
755 4494 943 4563 ’Λνέὃη
982 4497 1166 4564 μέντοι
1200 4499 1305 4565 πρὸ
1353 4497 1448 4549 δύο
1490 4498 1636 4569 [δύον
1674 4498 1728 4569 1]

1924 2205 2032 2259 Sed
2066 2206 2171 2260 huc
2205 2208 2421 2275 quidem
2460 2227 2557 2266 nos
2593 2217 2834 2270 narratio
2877 2219 3098 2275 deduxit
3143 2224 3421 2292 jucundiso

1852 2293 1987 2348 sima
2019 2296 2169 2364 juxta
2205 2307 2366 2367 atque
2403 2301 2568 2354 utilis.
2624 2301 2834 2359 Rursus
2864 2318 3045 2362 autem
3081 2313 3417 2370 redeundum

1854 2395 1940 2440 est
1995 2388 2138 2440 unde
2189 2389 2418 2458 digressi
2485 2405 2692 2446 sumus.
2749 2394 2883 2450 Cum
2951 2399 3110 2470 igitur
3167 2415 3416 2460 oetavum

1851 2474 1998 2528 hunc
2031 2475 2082 2528 in
2111 2475 2356 2531 Susaciin
2382 2495 2607 2546 annum,
2637 2491 2695 2536 ut
2721 2484 2981 2550 diximus,
3013 2490 3202 2546 beatus
3230 2494 3418 2566 Cyria-

1849 2582 1944 2620 cus
1970 2570 2319 2637 confecisset,
2348 2575 2440 2643 qui
2475 2586 2630 2631 erant
2685 2580 2847 2636 taurae
2913 2583 3084 2652 Suae,
3136 2597 3256 2658 post
3295 2606 3417 2660 per-

1846 2659 2043 2714 fectam
2077 2665 2460 2722 liberationem
2490 2670 2556 2723 ab
2588 2671 2654 2725 iis
2681 2674 2773 2740 qui
2806 2674 3055 2746 Origenis
3085 2659 3415 2738 sententiam

1845 2747 2128 2810 tenebant,
2162 2765 2284 2803 cum
2319 2753 2447 2806 illuc
2487 2772 2678 2812 rursus
2723 2766 3102 2826 accessissent,
3152 2769 3330 2838 ipsum
3361 2774 3413 2827 in

1847 2839 2028 2906 magni
2084 2837 2398 2895 Charitonis
2452 2846 2708 2913 spelavum
2747 2851 3091 2908 deduxerunt
3121 2837 3253 2926 (22).
3298 2860 3416 2925 Quo

1848 2931 2013 2982 etiam
2065 2931 2383 3001 frequenter
2433 2939 2726 2993 accedebat
2774 2943 3107 3000 admirabilis
3161 2948 3412 3017 Cyrillus,

1839 3030 1894 3073 et
1923 3037 2174 3090 magnum
2209 3026 2278 3078 ab
2307 3028 2406 3081 hoc
2454 3039 2641 3084 sancto
2671 3032 2886 3090 virtutis
2939 3037 3333 3098 incrementum
3363 3053 3419 3100 et

1839 3112 2274 3168 emolumentum
2324 3120 2675 3186 percipiebat.
2713 3123 2829 3176 Jam
2863 3135 3042 3181 autem
3071 3146 3232 3199 super
3275 3149 3408 3188 cen-

1843 3213 1955 3257 tum
2013 3212 2068 3256 et
2102 3215 2310 3276 septem
2355 3224 2528 3264 annos
2557 3212 2768 3267 vixerat
2800 3214 3056 3286 Cyriacus
3113 3239 3126 3275 :
3198 3227 3285 3279 cui
3334 3229 3414 3280 rei

1847 3295 2158 3351 testimonio
2204 3309 2330 3354 sunt
2391 3301 2492 3356 illae
2542 3303 2672 3371 ipsa:
2717 3308 2833 3375 ejus
2890 3310 3118 3368 diversis
3181 3313 3236 3369 in
3280 3316 3416 3375 locis

1843 3385 2156 3439 mansiones
2205 3397 2259 3440 et
2301 3389 2448 3443 obita
2497 3392 2714 3446 itinera.
2785 3396 3013 3453 Devenit
3070 3418 3306 3473 namque
3357 3409 3410 3461 in

1846 3482 2093 3528 sanctam
2143 3478 2445 3542 civitatem,
2483 3483 2700 3537 circiter
2751 3486 2938 3542 decem
2985 3500 3041 3544 et
3088 3497 3211 3547 octo
3240 3511 3417 3553 annos

1843 3574 2050 3620 natus:
2095 3583 2286 3623 novem
2336 3580 2518 3626 autem
2570 3576 2714 3644 apud
2770 3589 3020 3635 sanctum
3074 3584 3408 3642 Gerasimum

1844 3662 2143 3727 permansit
2181 3680 2194 3717 :
2236 3664 2615 3735 deciniumqiie
2659 3671 2770 3737 jam
2818 3673 2959 3740 apud
2991 3674 3164 3746 Magni
3204 3678 3410 3750 Euthy-

1839 3750 1928 3802 mii
1961 3753 2352 3805 monasterium
2384 3758 2618 3810 confecit
2647 3775 2873 3828 annum,
2921 3774 2976 3819 et
3024 3768 3404 3838 undequadra-

1838 3841 1983 3911 ginta
2042 3843 2094 3895 in
2153 3842 2309 3899 Suca:
2370 3846 2518 3900 laura
2565 3850 2912 3908 ministravit.
2975 3856 3222 3927 Quinque
3276 3864 3405 3918 anni

1809 3934 2239 4004 praeterierunt,
2306 3935 2434 3989 dum
2485 3937 2538 3991 in
2587 3939 2854 4008 Natuplia:
2906 3945 3195 4000 solitudine
3240 3952 3407 4007 scillis

1836 4021 2092 4087 aleretur,
2180 4025 2512 4094 totidemque
2595 4045 2784 4083 rursus
2846 4034 2935 4086 alii
2963 4039 3015 4089 in
3090 4035 3261 4094 Ruba.
3336 4043 3394 4095 ln

1837 4109 2078 4166 Susacim
2121 4121 2302 4166 autem
2359 4118 2651 4186 septimum
2710 4125 2977 4179 mansisse
3032 4143 3234 4183 annum
3287 4131 3398 4199 jam

1835 4203 2064 4259 relatum
2091 4215 2215 4258 est:
2262 4207 2316 4261 in
2370 4212 2542 4262 sancti
2598 4223 2776 4266 autem
2811 4213 3124 4273 Charitonis
3181 4223 3398 4290 spelaea.

1832 4296 2120 4364 quintum;
2161 4306 2215 4353 et
2235 4315 2426 4354 rursus
2453 4303 2507 4354 in
2563 4299 2832 4371 Susacim,
2864 4322 3136 4364 oetavum.
3185 4313 3402 4368 Duobus

1832 4397 1982 4441 certe
2042 4399 2166 4442 ante
2216 4392 2421 4444 exitum
2485 4395 2664 4459 annis,
2734 4412 2924 4451 rursus
2970 4402 3034 4454 ad
3089 4401 3400 4459 Charitonis

1831 4479 2088 4546 spelaeum
2148 4481 2413 4537 ascendit.
2473 4482 2731 4550 Quamvis
2793 4499 2973 4543 autem
3003 4492 3070 4546 ad
3121 4493 3175 4547 id
3225 4497 3400 4552 etatis

147 4583 244 4648 τῆς
279 4583 538 4654 τελευτῆς
565 4585 797 4654 χρόνων,
833 4588 926 4637 καὶ
962 4586 1116 4648 αὖθις
1151 4588 1302 4655 παρὰ
1330 4589 1388 4640 τὸ
1419 4587 1519 4660 [τῷ
1552 4589 1604 4662 1]
1630 4590 1724 4642 τοῦ

1843 4573 2192 4641 pervenisset,
2229 4583 2284 4628 et
2318 4591 2582 4631 summam
2619 4579 2686 4633 ita
2706 4583 2934 4652 adeptus
2963 4593 3104 4641 esset
3145 4598 3398 4644 senectu-

146 4673 466 4743 Χαρίτωνος
517 4678 782 4746 σπήλαιον
836 4675 1112 4748 [σπηλαίῳ
1149 4677 1244 4748 ·1].
1315 4679 1410 4741 Εἰς
1461 4679 1618 4732 τοῦτο
1666 4682 1721 4733 δὲ

145 4764 296 4833 ὅμως
330 4765 548 4834 ἡλικίας
587 4765 784 4828 ἐλθὼν,
813 4768 906 4818 καὶ
947 4767 1229 4836 βαθύτατα
1265 4770 1407 4822 οὕτω
1447 4773 1719 4841 γηράσας,

143 4858 268 4910 οὐδὲ
303 4858 480 4930 βραχὺ
519 4860 618 4927 τῆς
662 4861 790 4928 περὶ
808 4862 936 4922 τοὺς
971 4861 1147 4921 θείους
1189 4862 1394 4930 ὕμνους
1454 4869 1718 4927 στάσεως,

144 4956 240 5001 καὶ
283 4953 380 5017 τῆς
413 4952 689 5012 διακονίας
718 4954 825 5003 τῶν
870 4954 1018 5022 αὑτῴ
1055 4955 1519 5023 παραϐαλλόντων
1569 4960 1720 5026 ὑφεῖ-

141 5054 224 5089 το.
280 5039 423 5088 Ἀλλ’
453 5040 560 5108 ὅσῳ
593 5044 878 5112 κατεγήρα
918 5046 984 5112 τῇ
1042 5045 1248 5115 ἡλικίᾳ,
1290 5047 1532 5116 τοσούτῳ
1581 5050 1718 5116 μᾶλ-

141 5132 244 5185 λον⁸
276 5133 512 5204 ἐσφρίγα
573 5137 664 5185 καὶ
725 5136 1088 5207 ὑπερήκμαζτ
1149 5143 1213 5207 τῇ
1275 5139 1576 5210 προθυμίᾳ,
1621 5142 1718 5197 καί

141 5227 478 5295 θερμότερον
527 5227 636 5278 τῶν
696 5227 856 5280 Θεὶων
917 5229 1146 5296 ἀγώνων
1195 5232 1289 5283 καὶ
1341 5235 1717 5304 γενναιότερον

137 5322 368 5390 ἥπτετο.

208 5409 320 5465 Ἦν
356 5409 413 5462 δὲ
458 5412 720 5482 μειλίχιος
771 5411 874 5481 μὶν
904 5415 933 5466 6
962 5415 1104 5487 ἀνὴρ
1135 5419 1230 5470 καὶ
1282 5418 1466 5489 ἱλαρὸς
1497 5423 1588 5474 καὶ
1621 5423 1709 5475 εὑο

135 5503 419 5571 πρόσιτος,
452 5505 704 5575 εὐμήκης
735 5507 791 5558 δὲ
823 5505 949 5558 ἰδεῖν
989 5513 1081 5561 καὶ
1121 5512 1440 5581 ἀνεστηκὼς
1463 5529 1476 5542 ο
1527 5517 1618 5566 τόν
1655 5532 1713 5566 τε

135 5599 340 5663 αὐχένα
371 5597 526 5668 ὀρθὸ,
555 5598 633 5651 ἔτι
664 5602 757 5652 καὶ
789 5603 1124 5668 ὑπονιὰζων,
1155 5608 1248 5658 καὶ
1280 5608 1396 5659 οὑδέ
1433 5609 1492 5660 τὸ
1522 5609 1701 5678 παράο

136 5701 246 5737 παν
297 5688 394 5738 τοῦ
436 5689 619 5758 γήρως
669 5690 1008 5761 ἡττώμενος,
1057 5693 1434 5758 διδασκαλικὸς
1471 5697 1560 5750 τὸν
1597 5696 1714 5747 s06-

205 5842 318 5910 (93)
363 5847 518 5900 Anno
547 5849 672 5902 555.

1833 4672 1962 4727 tem,
1993 4664 2347 4721 nihilominus
2389 4679 2588 4733 tamen,
2639 4688 2709 4724 ne
2763 4672 3030 4730 tantillum
3063 4680 3279 4746 quidem
3329 4684 3398 4736 de

1830 4755 2065 4809 statione
2091 4756 2158 4810 ad
2212 4757 2428 4815 divinos
2458 4761 2711 4831 hymnos,
2758 4774 2811 4820 et
2867 4767 3167 4826 ministerio
3202 4787 3394 4829 eorum

1830 4845 1919 4912 qui
1954 4847 2019 4898 ad
2065 4847 2240 4916 ipsum
2281 4851 2637 4915 accedebant,
2689 4858 3018 4913 remittebat.
3050 4859 3154 4916 Sed
3192 4877 3395 4932 quanto

1829 4946 1947 4989 erat
1983 4947 2141 4990 actate
2175 4942 2509 5006 provectior,
2540 4952 2689 5000 tanto
2732 4950 2905 5018 magis
2952 4952 3132 5008 animo
3162 4955 3392 5023 valebat,

1828 5035 1879 5079 et
1911 5027 2128 5098 vigebat
2185 5032 2351 5084 animi
2397 5034 2694 5101 alacritate,
2751 5042 3039 5113 acriusque
3095 5061 3156 5100 ac
3202 5047 3398 5103 fortius

1829 5120 2012 5173 divina
2042 5121 2214 5174 inibat
2244 5125 2566 5179 certamina.

1898 5299 2025 5353 Erat
2056 5308 2237 5352 autem
2270 5301 2350 5354 vir
2377 5303 2524 5357 mitis
2543 5315 2599 5360 et
2646 5306 2853 5373 hilaris,
2880 5319 2934 5364 et
2959 5309 3134 5366 facilis
3176 5312 3240 5366 ad
3267 5327 3390 5368 eum

1825 5393 2041 5458 patebat
2073 5390 2254 5447 aditus
2281 5411 2296 5444 :
2338 5402 2543 5449 statura
2575 5412 2833 5466 procerus
2866 5409 2921 5454 et
2963 5411 3180 5457 erectus
3214 5421 3227 5455 :
3273 5410 3389 5459 col-

1825 5480 1984 5547 loque
2031 5478 2212 5534 adhuc
2256 5492 2423 5546 recto,
2452 5485 2797 5552 juventutem
2839 5492 3238 5558 quodammodo
3277 5512 3390 5567 prae

1823 5583 1882 5623 se
1914 5570 2112 5634 ferens,
2148 5580 2202 5625 et
2255 5574 2387 5628 nihil
2435 5579 2660 5630 omnino
2709 5590 2997 5637 senectute
3041 5583 3249 5640 fractus
3295 5598 3390 5646 aut

1821 5660 2126 5717 debilitatus
2173 5681 2187 5716 :
2217 5667 2459 5719 moribus
2483 5668 2548 5722 ad
2594 5669 2894 5725 docendum
2920 5679 3384 5744 accommodatus;
