4148 6544
178 487 279 550 945

1126 483 1303 546 ΠΤΑ
1338 486 1395 547 S.
1433 483 1807 549 GREGORII
1854 479 2480 543 ILLUMINATORIS.

3324 472 3428 536 946

173 602 267 668 τὴν
296 598 577 663 ἐξουσίαν,
610 597 742 671 περὶ
774 596 872 667 τὴν
896 597 1307 667 ἀστρουεάμονα
1332 598 1438 651 τῶν
1470 598 1753 654 Χαλδαίων
1784 654 1785 660 η

1888 611 1974 650 um
2030 592 2345 663 sapientia,
2405 608 2526 662 quae
2585 597 2831 645 versatur
2883 590 2935 644 in
2997 590 3430 659 contemplandis

171 691 433 761 ισχόλαζε
486 690 706 760 σοφίαν,
743 688 839 742 καί
886 706 941 742 τι
990 688 1215 743 συνιδὼν
1270 689 1498 753 ἐκεῖθεν,
1551 691 1617 759 τῇ
1662 705 1757 756 γυ·-

172 786 317 837 ναικὶ
362 782 503 838 κατᾶ
535 782 635 852 τὴν
677 780 889 851 σκηνὴν
926 780 1314 848 συγκαθεύδων
1343 782 1409 835 ἂν
1446 777 1622 847 εἶπεν,
1657 781 1754 845 ὡς,

175 872 265 939 Ἐξ
287 866 363 925 ὧν
395 872 463 944 μὶ
492 872 843 925 διδάσκουσιν
879 871 927 924 oi
956 872 1064 922 τῶν
1100 871 1347 940 ἀστέρων
1368 871 1578 942 δρόμοι,
1608 872 1760 936 εῖτις

173 969 541 1022 ἐπανάστασιν
591 966 735 1019 κατὰ
764 965 859 1018 τοῦ
896 965 1098 1019 οίκείου
1120 965 1380 1019 δεσπότου
1413 969 1468 1019 ὲν
1502 966 1580 1036 τῷ
1609 983 1755 1037 παρ-

173 1059 284 1112 όντι
333 1057 512 1128 καιρῷ
564 1058 941 1128 μελετήσειεν,
993 1056 1094 1109 οὐκ
1126 1097 1141 1121 ,
1179 1055 1288 1124 ἔγω
1344 1073 1407 1125 γε
1460 1052 1636 1125 οἶμαι,
1666 1056 1760 1110 τοῦ

177 1150 382 1203 σκοποῦ
412 1152 619 1211 ἐκεῖνος
654 1149 747 1201 καὶ
774 1148 877 1215 τῆς
903 1146 1088 1217 ὁρμῆς
1116 1146 1509 1218 ψευσθήσεται.

247 1241 318 1295 B'.
363 1243 472 1295 Καὶ
508 1240 682 1294 ταῦτα
730 1237 926 1303 εἰπὼν,
957 1240 1037 1300 είς
1072 1237 1241 1291 ὕπνον
1282 1239 1514 1309 ἐτράπη.
1555 1239 1668 1293 Μία
1703 1239 1760 1293 δὲ

180 1335 286 1388 τῶν
323 1332 796 1401 ὑπηρετουμένων
832 1333 897 1401 τῇ
952 1329 1216 1400 βασιλίδι,
1261 1330 1368 1383 τῶν
1420 1332 1563 1385 κατὰ
1607 1333 1763 1400 γένος

178 1425 462 1493 ιπιφανῶν
499 1424 639 1492 αὕτη
675 1423 926 1491 θυγάτηρ
957 1419 1096 1476 οὖσα
1116 1465 1131 1489 ,
1173 1423 1412 1493 συνήθης
1443 1421 1511 1496 ἦν
1540 1427 1633 1478 ἐπὶ
1662 1442 1765 1479 σω-

181 1517 365 1586 μάτων
398 1514 584 1586 ὀμιλίᾳ
612 1516 717 1567 τινὶ
775 1515 884 1569 τῶν
911 1516 1010 1577 τὰς
1041 1514 1268 1584 πρώτας
1302 1517 1474 1587 ἀρχάς
1504 1517 1766 1570 διοικούν-

177 1623 306 1669 των,
348 1606 407 1672 ἐξ
448 1606 750 1675 Ἀσσυρίων
784 1607 882 1677 μὲν
919 1608 1309 1678 καταγομένῳ,
1360 1609 1678 1678 καλουμένῳ
1710 1610 1767 1662 δὲ

193 1694 573 1764 Ἀρτασείρας.
632 1696 729 1756 Ὃς
785 1694 1047 1756 πολλάκις
1108 1695 1209 1763 μὲν
1266 1698 1360 1749 καὶ
1413 1698 1767 1752 καθἠἑαυτον

182 1785 447 1837 ἁνείλιττε
483 1785 581 1855 τὴν
608 1784 897 1853 τυραννίδα
920 1820 936 1847 ,
974 1785 1069 1837 καὶ
1114 1788 1228 1849 τοῖς
1270 1789 1618 1852 πιστοτάτοις
1661 1790 1769 1843 τῶν

184 1873 353 1941 φίλων
402 1871 810 1941 μυστικώτερον
856 1873 1150 1939 ἐκοινοῦτο,
1185 1877 1419 1945 ἀγαγεῖν
1462 1877 1521 1931 δὲ
1564 1878 1770 1948 ταύτην

1857 688 2038 750 astris,
2066 695 2121 742 et
2151 702 2217 741 ex
2245 685 2352 739 illis
2373 683 2576 754 aliquid
2597 682 3088 744 animadvertisset,
3113 694 3234 735 cum
3266 695 3434 735 uxore

1859 779 2136 835 dormiens
2171 777 2224 831 in
2270 774 2642 840 tabernaculo,
2675 775 2725 828 ei
2761 773 2897 828 dixit
2926 790 2939 827 :
2969 770 3044 825 Ex
3075 772 3161 830 iis.
3195 786 3315 841 qum
3347 784 3435 824 me

1859 871 2059 926 docent
2090 882 2287 923 cursus
2335 875 2631 931 astrorum,
2676 865 2719 919 si
2753 863 2874 934 quis
2909 862 2961 916 in
3008 863 3259 932 praesenti
3293 870 3435 915 tem-

1861 978 1995 1030 pore
2023 963 2317 1016 meditetur
2366 959 2825 1014 insurrectionem
2865 958 3125 1012 adversus
3154 970 3309 1009 suum
3340 955 3439 1007 do-

1864 1057 2094 1118 minutn,
2148 1055 2237 1110 ille
2281 1053 2523 1123 quidem,
2565 1060 2625 1107 ut
2655 1050 2913 1115 arbitror,
2948 1065 3056 1104 non
3094 1046 3444 1103 frustrabitur

1864 1163 1964 1202 suo
1999 1161 2169 1215 scopo
2197 1155 2250 1200 et
2281 1144 2576 1199 desiderio.

1936 1237 1997 1293 ll.
2030 1237 2156 1293 Haec
2181 1251 2304 1291 cum
2347 1236 2593 1300 dixisset,
2629 1247 2925 1289 conversus
2956 1240 3038 1284 est
3068 1231 3132 1283 ad
3163 1239 3440 1283 somnum.

1869 1330 1985 1386 Una
2019 1339 2199 1384 autem
2240 1345 2304 1384 ex
2352 1329 2418 1382 iis
2481 1342 2603 1397 qua:
2657 1325 2971 1381 serviebant
3009 1324 3229 1383 reginae,
3270 1335 3334 1372 ex
3378 1318 3447 1371 iis

1868 1431 1993 1476 nata
2050 1421 2141 1491 qui
2182 1429 2339 1475 erant
2374 1419 2568 1473 illustri
2602 1432 2825 1488 genere,
2859 1426 3175 1484 corpoream
3214 1411 3448 1465 habebat

1868 1515 2327 1568 consuetudinem
2357 1527 2479 1567 cum
2520 1510 2753 1582 quodam
2793 1523 2855 1563 ex
2888 1507 2954 1562 iis
2997 1506 3089 1576 qui
3122 1504 3327 1575 primos
3356 1502 3453 1573 εει

1872 1604 2065 1658 rebant
2108 1603 2478 1673 magistratus,
2520 1601 2611 1672 qui
2647 1600 2913 1672 originem
2960 1596 3177 1667 quidem
3216 1594 3451 1649 ducebat

1870 1711 1934 1751 ex
1987 1696 2245 1767 Assyriis,
2290 1696 2586 1750 vocabatur
2632 1700 2814 1748 autem
2846 1692 3138 1746 Artasiras.
3176 1687 3278 1742 Hic
3307 1702 3454 1757 saepe

1874 1788 2093 1857 quidem
2122 1787 2264 1859 apud
2297 1802 2355 1843 se
2386 1787 2571 1841 animo
2612 1784 2975 1839 meditabatur
3001 1780 3362 1854 tyrannidem,
3397 1788 3454 1833 et

1873 1895 1995 1934 cum
2028 1878 2094 1932 iis
2126 1880 2217 1948 qui
2254 1894 2319 1934 ex
2350 1878 2539 1933 amicis
2571 1886 2727 1933 erant
2784 1874 3082 1930 ﬁdelissimi
3134 1872 3263 1926 illud
3293 1885 3450 1926 arca-

182 1966 257 2024 είς
289 1963 451 2032 ἔργον
482 1961 826 2029 ἀνεϐάλλετο,
859 1962 1008 2031 φόϐῳ
1040 1964 1118 2034 τῷ
1153 1965 1255 2036 τῆς
1299 1968 1639 2038 ἀποτυχίας.
1676 1945 1773 2036 τῆς

1888 1983 2009 2021 num
2051 1945 2491 2023 communicabat
2523 1985 2534 2020 :
2568 1966 2620 2021 id
2658 1974 2839 2021 autem
2878 1964 2945 2020 ad
2994 1963 3249 2019 effectum
3280 1960 3451 2017 dedu-

186 2052 390 2123 σκηνῆς
420 2048 513 2107 οὖν
542 2052 682 2125 αὕτη
714 2051 987 2124 λαθραίως
1019 2054 1418 2124 ύπεξελθοῦσα,
1453 2057 1653 2128 μηνύει
1683 2060 1774 2112 τὸν

186 2147 433 2216 χρησμὸν
480 2150 658 2200 πάντα
694 2147 769 2217 τῷ
812 2146 1156 2220 Ἀρτασείρᾳ,
1190 2151 1497 2221 παροξύνει
1545 2168 1607 2205 τε
1640 2153 1776 2222 πρὸς

186 2237 243 2291 τὸ
275 2237 437 2308 ἔργον
488 2238 585 2293 καὶ
620 2239 809 2308 λόγους
855 2239 1095 2307 ἀπαιτεῖ,
1133 2242 1208 2305 ὡς
1248 2242 1344 2307 ἂν,
1391 2244 1439 2296 εί
1497 2243 1777 2315 ἐγκρατὴς

188 2335 412 2404 γένηται
456 2334 555 2404 τῆς
609 2332 839 2404 Πάρθων
882 2334 1079 2404 ἀρχῆς,
1124 2336 1389 2390 κοινωνὸν
1439 2336 1616 2406 αὐτὴν
1666 2336 1779 2406 ἔχοι

190 2426 307 2496 βίου
366 2427 460 2480 καὶ
510 2427 609 2497 τὴν
645 2424 919 2493 βασιλείαν
958 2428 1098 2499 αὐτῇ
1142 2428 1376 2499 ὀνόματί
1406 2447 1464 2483 τε
1503 2429 1603 2483 καὶ
1635 2429 1780 2501 πρά-

187 2535 358 2587 γματι
389 2518 798 2588 συμμερίζοιτο.
839 2517 898 2572 '0
920 2518 975 2572 δὲ
1007 2519 1311 2590 προθύμως
1364 2518 1521 2590 ὤμνυ
1558 2537 1619 2573 τε
1652 2522 1781 2583 τοὺς

190 2608 476 2679 πατρῴους
521 2608 696 2675 θεοὺς.
729 2611 823 2665 καὶ
874 2610 1047 2683 πέρας
1082 2611 1459 2681 ἐπηγγέλλετο
1492 2611 1682 2665 λαϐεῖν
1714 2612 1782 2665 τὰ

190 2702 584 2771 ὁμωμοσμένα,
622 2705 761 2757 κατὰ
806 2704 904 2773 τὴν
954 2702 1128 2773 ἀρχὴν
1167 2703 1371 2758 αὐτίκα
1409 2704 1508 2775 τῆς
1541 2704 1784 2775 ἀναρῤή·

192 2810 351 2855 σεως.
389 2795 496 2847 Καὶ
523 2794 691 2848 ταῦτα
718 2796 1057 2868 αἰτησαμένη
1090 2797 1185 2848 καὶ
1217 2796 1285 2851 τὶ
1316 2798 1487 2850 πιστά
1516 2796 1782 2865 λαϐοῦσα,

195 2882 333 2949 μετὰ
383 2883 618 2952 σπουδῆς
658 2885 815 2946 αὖθις
848 2887 948 2957 τὴν
984 2885 1273 2956 βασιλικὴν
1312 2886 1546 2957 σκηνὴν,
1579 2887 1783 2957 πολλὴν

190 2971 288 3026 τοῦ
312 2972 495 3027 λαθεῖν
527 2976 822 3046 ποιουμένη
869 2978 1123 3047 πρόνοιαν
1152 2980 1451 3050 ἀποτρέχει
1478 2994 1494 3011 ·
1520 2979 1693 3049 ὄνομα
1728 2977 1784 3031 δὲ

192 3066 272 3135 τῷ
319 3069 528 3139 γυναίῳ
585 3069 973 3136 ⁹Αρταδοῦκτα.
1043 3070 1101 3124 ὐ
1152 3067 1245 3123 οὖν
1289 3073 1658 3144 Ἀρτασείρας
1706 3075 1787 3141 είς

196 3158 324 3210 »οὖν
355 3160 451 3230 τῆς
469 3162 739 3230 ’γυναικὸς
789 3162 887 3232 τὴν
932 3160 1191 3231 ἀγγελίαν
1224 3161 1544 3231 βαλόμενος,
1594 3165 1787 3228 δεινῶς

1877 2076 2002 2115 cere
2033 2060 2341 2126 dill‘erebat,
2371 2060 2513 2131 quod
2542 2060 2759 2114 timeret
2783 2074 2852 2113 ne
2883 2074 2970 2114 res
3001 2055 3342 2111 succederet.
3378 2052 3450 2108 Ea

1878 2168 2033 2224 ergo,
2062 2154 2197 2209 clam
2217 2169 2432 2225 egressa
2464 2169 2494 2206 e
2518 2153 2890 2212 tabernaculo,
2917 2161 3084 2206 totam
3111 2165 3223 2205 rem
3252 2149 3457 2203 indicat

1880 2246 2157 2311 Artasirte,
2210 2256 2264 2302 et
2327 2246 2391 2300 ad
2440 2261 2578 2316 opus
2625 2247 2851 2311 excitat,
2895 2245 3221 2315 promissum
3266 2242 3334 2295 ab
3388 2256 3457 2295 eo

1879 2339 2121 2411 exigens,
2145 2346 2224 2403 ut,
2261 2338 2306 2393 si
2338 2338 2662 2394 Parthorum
2699 2338 2936 2409 potiatur
2967 2334 3215 2406 imperio,
3251 2348 3370 2388 eam
3402 2340 3459 2387 et

1878 2431 2006 2487 vita:
2036 2432 2232 2487 habeat
2262 2430 2489 2496 sociam,
2553 2439 2608 2484 et
2643 2445 2764 2484 cum
2797 2445 2859 2484 ea
2895 2444 3117 2499 regnum
3150 2437 3204 2482 et
3237 2426 3461 2481 nomine

1882 2532 1941 2577 et
1988 2537 2048 2577 re
2092 2521 2317 2579 dividat.
2351 2520 2445 2576 Ille
2476 2529 2656 2579 autem
2688 2527 2942 2590 prompto
2975 2527 3030 2572 et
3074 2517 3239 2573 alacri
3278 2517 3461 2569 animo

1879 2614 2094 2682 juravit
2154 2614 2286 2667 deos
2319 2612 2526 2681 patrios
2559 2630 2572 2664 :
2605 2620 2660 2666 et
2695 2627 2817 2681 quae
2856 2610 3054 2680 iuravit
3075 2607 3346 2678 pollicitus
3379 2614 3464 2661 est

1890 2706 2053 2760 linem
2084 2690 2396 2775 acceptura,
2421 2718 2545 2757 cum
2580 2706 2816 2774 primum
2850 2718 2942 2757 rex
2980 2702 3145 2757 fuerit
3175 2698 3463 2754 renuntias

1885 2808 1993 2854 tus.
2018 2797 2152 2853 Cum
2185 2797 2300 2852 haec
2334 2796 2593 2867 petiisset,
2638 2804 2692 2851 et
2735 2796 2895 2850 (idem
2931 2794 3000 2849 ab
3029 2807 3093 2847 eo
3142 2792 3462 2861 accepisset,

1883 2906 2116 2964 propere
2151 2892 2383 2946 recurrit
2418 2890 2469 2944 in
2507 2890 2715 2960 regium
2766 2887 3199 2951 tabernaculum,
3238 2896 3297 2941 ut
3328 2886 3465 2940 latc-

1888 2996 1991 3047 rct,
2026 2984 2318 3054 diligenter
2348 2985 2664 3055 providens.
2683 2982 2891 3037 Mulieri
2920 2992 3099 3035 autem
3126 2995 3326 3035 nomen
3350 2988 3468 3033 erat

1889 3077 2206 3131 Artaducta.
2241 3074 2514 3129 Artasiras
2534 3089 2684 3142 ergo,
2720 3071 2962 3126 mulieris
3003 3070 3254 3125 nuntium
3284 3067 3468 3123 animo

1887 3169 2124 3239 agitans,
2155 3176 2346 3237 captus
2370 3175 2487 3222 erat
2515 3164 2822 3219 vehementi
2853 3162 3114 3235 regnandi
3147 3160 3421 3216 desiderio
3452 3179 3466 3216 :

196 3250 279 3321 τῷ
308 3251 410 3320 τῆς
445 3254 617 3324 ἀρχῆς
647 3254 901 3326 ἡλίσκετο
948 3254 1132 3323 ἔρωτι,
1165 3255 1259 3306 καὶ
1300 3256 1628 3321 συναγαγὼν
1658 3256 1784 3318 τοὺς

1889 3269 2098 3314 etcum
2163 3260 2469 3327 collegisset
2515 3275 2581 3314 ex
2626 3257 2807 3313 Persis
2851 3266 2905 3312 et
2953 3258 3187 3325 Assyriis
3237 3270 3331 3310 eos
3374 3256 3469 3323 qui

201 3346 260 3396 ὲν
295 3343 444 3396 τέλει
481 3345 705 3415 Περσῶν
753 3361 813 3397 τε
844 3344 939 3396 καὶ
977 3345 1300 3414 Ἀσσυρίων,
1337 3339 1417 3410 οἷς
1453 3345 1685 3416 μάλιστα
1712 3346 1786 3411 ὡς

203 3436 553 3499 πιστοτάτοις
600 3435 862 3507 ἐθάρρει,
922 3437 1014 3490 καὶ
1062 3440 1319 3491 κατεῖπεν
1350 3442 1406 3490 ἐν
1450 3440 1562 3502 τοῖς
1596 3440 1792 3508 λόγοις

202 3529 304 3596 τῆς
340 3528 571 3597 Πάρθων
611 3528 951 3594 ἀλαζονείας,
997 3533 1065 3583 τά
1112 3531 1272 3599 ὃμοια
1320 3531 1794 3600 συμϐουλεύοντας

205 3622 300 3673 καὶ
324 3621 519 3683 αὐτοὺς
552 3620 826 3691 εὑρίσκει·
860 3622 953 3675 καὶ
997 3623 1105 3691 γὰρ
1133 3621 1365 3693 ηὔχοντο
1395 3625 1662 3686 κάκεῖνοι,
1690 3624 1791 3693 τῆς

210 3716 311 3782 μιν
355 3713 635 3781 Παρθικῆς
664 3712 1045 3780 ἀπαλλαγῆναι
1095 3712 1433 3781 τυραννέδος,
1476 3714 1534 3777 ἐξ
1563 3714 1794 3783 αἵματος

206 3805 264 3857 δὲ
311 3803 514 3855 οἰκείου
561 3802 657 3871 τὴν
701 3802 927 3871 Περσῶν
979 3802 1104 3855 ίδεῖν
1139 3803 1389 3869 ἐξουσίαν
1443 3803 1787 3874 ίθυνομένην.

207 3896 555 3964 Ψηφίςονται
591 3894 721 3960 γοῦν
750 3894 939 3965 ὧσπερ
972 3896 1070 3966 τῆς
1106 3895 1298 3967 βουλῆς
1330 3899 1596 3967 ἡγεμόνα,
1651 3895 1794 3949 οὕτω

208 3992 305 4046 καὶ
336 3989 446 4041 τῶν
477 3987 732 4059 πράξεων
765 3989 946 4049 αύτιῖς
991 3989 1243 4057 γενέσθαι
1276 3989 1367 4041 τὸν
1412 3990 1793 4060 Ἀρτασείραν,

212 4081 310 4132 καὶ
330 4078 645 4147 πέμπουσιν
668 4078 937 4144 ἀγγέλους
965 4078 1098 4147 πρὸς
1140 4078 1502 4149 Ἀρταϐάνην.
1535 4081 1795 4148 ἐκστῆναι

212 4169 615 4241 παραινοῦντες
665 4172 758 4238 τῆς
806 4170 1080 4239 βασιλείας
1131 4170 1299 4241 χωρὶς
1375 4170 1643 4225 κινδύνων
1700 4173 1797 4225 καὶ

210 4266 323 4319 τῶν
353 4264 529 4319 ἄλλων
561 4264 625 4316 εκ
649 4263 742 4315 τοῦ
770 4263 1007 4332 πολέμου
1037 4265 1443 4333 συμϐαινόντων
1477 4266 1685 4320 κακῶν.
1737 4266 1796 4317 '0

210 4354 270 4407 δὲ
308 4354 442 4424 πρὸς
469 4353 530 4406 τὸ
560 4355 759 4406 οἰκεῖον
782 4351 1092 4420 ἀνενεγκὼν
1122 4356 1431 4425 μάντευμα.
1486 4359 1578 4408 καὶ
1605 4356 1797 4425 χρόνον

211 4446 315 4514 τὴν
365 4445 608 4517 κεφαλὴν
662 4446 962 4512 ὲπικλίνας,
1006 4446 1324 4517 ἀπράκτους
1362 4450 1460 4516 μὲν
1517 4449 1643 4512 τοὺς
1695 4451 1801 4503 ἀπ-

214 4536 588 4605 εσταλμένους
622 4540 932 4607 ἐκπέμπει,
979 4538 1266 4590 ὲπαπειλεῖ
1320 4539 1396 4599 δὲ.
1425 4539 1499 4601 ὡς
1537 4541 1583 4591 εἰ
1640 4541 1799 4595 πάλιν

1895 3352 2156 3424 gert-bant
2196 3351 2565 3423 magistratus,
2610 3351 2828 3420 quibus,
2871 3358 3062 3420 utpote
3118 3346 3468 3406 ﬁdelissimis.

1895 3444 2202 3501 confidebat
2236 3443 2487 3505 maxime,
2522 3451 2577 3497 et
2610 3443 2663 3497 in
2690 3458 2785 3498 sua
2833 3443 2899 3496 ad
2951 3457 3045 3496 eos
3100 3442 3348 3495 oratione
3415 3440 3471 3496 in

1896 3542 2134 3596 medium
2154 3540 2468 3595 adduxisset
2489 3538 2812 3594 Parthorum
2846 3537 3237 3609 arrogantiam,
3266 3536 3476 3592 invenit

1895 3650 1992 3691 eos
2020 3646 2237 3703 quoque
2282 3632 2480 3686 similia
2511 3632 2871 3686 consulentes.
2914 3629 3125 3685 Etenim
3158 3630 3229 3683 illi
3261 3644 3477 3698 quoque

1897 3726 2159 3796 optabant
2192 3740 2221 3778 a
2273 3723 2527 3780 Parthica
2565 3723 2786 3793 quidem
2824 3721 3042 3777 liberari
3088 3720 3411 3793 tyrannide:
3445 3736 3479 3777 ε

1896 3833 1997 3871 suo
2021 3826 2199 3870 autem
2218 3818 2484 3887 sanguine
2510 3817 2694 3872 videre
2713 3817 2821 3886 regi
2848 3816 3131 3869 Persarum
3160 3813 3473 3883 imperium.

1897 3907 2210 3961 Decernunt
2261 3907 2462 3975 itaque,
2512 3914 2568 3959 ut
2610 3905 2886 3973 quomodo
2921 3904 3153 3966 consilii,
3205 3904 3279 3957 ita
3311 3903 3479 3958 etiam

1899 4014 2083 4053 rerum
2124 3998 2363 4067 ipsarum
2404 3996 2762 4068 gerendarum
2804 4005 2948 4051 esset
2981 3996 3087 4051 dux
3133 4005 3188 4050 et
3226 3990 3480 4065 princeps

1897 4090 2210 4145 Artasiras:
2245 4099 2300 4145 et
2335 4091 2561 4145 mittunt
2612 4090 2835 4144 nuntios
2884 4088 2949 4144 ad
2997 4088 3352 4149 Artabanem,
3395 4101 3481 4140 ro-

1899 4192 2088 4254 gantes
2122 4192 2180 4236 ut
2220 4200 2250 4237 e
2281 4198 2449 4253 regno
2480 4184 2764 4237 excederet
2802 4188 2919 4237 siue
2961 4180 3223 4251 periculo,
3254 4193 3310 4233 et
3356 4179 3482 4232 aliis

1902 4274 2076 4339 malis,
2125 4287 2245 4344 quae
2289 4289 2319 4328 e
2374 4270 2515 4328 bello
2554 4272 2835 4329 eveniunt.
2879 4272 2972 4328 ille
3010 4279 3195 4326 autem
3249 4283 3371 4324 cum
3413 4272 3483 4325 ad

1899 4381 2051 4421 suam
2083 4366 2475 4421 divinationem
2505 4376 2558 4422 et
2586 4377 2803 4438 tempus
2828 4375 2994 4436 caput
3014 4365 3353 4422 inclinasset,
3386 4377 3483 4418 eos

1901 4459 2119 4529 quidem
2150 4459 2239 4529 qui
2274 4459 2421 4515 missi
2455 4460 2671 4515 fuerant
2716 4459 2938 4512 dimittit
2971 4474 3028 4511 re
3070 4455 3266 4510 infecta
3296 4473 3308 4508 :
3347 4469 3485 4523 pra-

1904 4561 2051 4607 terea
2073 4562 2250 4606 autem
2287 4553 2546 4611 minatur,
2582 4552 2750 4621 quod,
2785 4550 2828 4604 si
2851 4549 2954 4603 tale
2988 4549 3115 4620 quid
3150 4545 3403 4603 venerint
3432 4549 3484 4600 ei

214 4627 462 4684 τοιοῦτόν
505 4645 558 4681 τι
606 4629 1047 4697 ἀπαγγελοῦντες
1085 4630 1429 4694 ἐλεύσονται,
1472 4632 1566 4685 ἀπ’
1618 4635 1785 4688 αὐτῶ·Ι

1905 4648 2092 4696 rursus
2124 4642 2448 4699 nuntiaturi.
2482 4650 2667 4696 sumet
2697 4640 2931 4713 primum
2973 4654 3160 4711 poenas
3188 4638 3254 4695 de
3293 4651 3483 4692 eorum

220 4718 459 4789 πρώτων
507 4717 603 4783 τὰς
637 4717 738 4788 τῆς
780 4718 992 4789 ὕϐρεως
1037 4720 1266 4790 λήψεται
1310 4720 1485 4787 δίκας.
1518 4725 1699 4796 Ζήκας
1729 4720 1795 4795 ἦν

219 4813 320 4867 καὶ
347 4810 597 4883 Καρίνας
627 4812 813 4875 αὐτοῖς
836 4812 904 4865 τά
936 4812 1199 4881 ὀνόματα.

294 4905 371 4959 1".
398 4906 508 4959 Καὶ
526 4906 972 4975 ὑποστρέψαντες
1004 4904 1438 4973 ἀπαγγέλλουσιν
1473 4907 1802 4979 Ἀρτασείρα

222 4999 320 5051 καὶ
353 5000 465 5061 τοῖς
509 4998 740 5059 λοιποῖς,
790 4999 891 5049 ὅσα
920 4999 948 5049 ό
979 4996 1231 5068 βασιλεὺς
1264 4999 1384 5053 εἶπέ
1426 5017 1483 5052 τε
1516 5004 1608 5055 καὶ
1641 5004 1803 5069 ἠπει-

223 5092 450 5163 λησατο.
481 5088 615 5143 Εἶτα
643 5092 1028 5160 συγκροτεῖται
1088 5095 1179 5144 καὶ
1211 5094 1340 5162 παρ’
1379 5094 1656 5164 ἑκατέροις
1695 5092 1799 5145 πό-

224 5185 414 5255 λεμος.
444 5184 583 5255 Πρὶν
634 5184 667 5253 ἢ
718 5182 775 5236 δὲ
827 5184 1168 5255 συρραγῆναι
1215 5184 1403 5238 τοῦτον
1450 5185 1802 5257 Ἀρτασείρας

224 5274 477 5344 πέμψας,
522 5275 646 5340 άγει
700 5273 798 5344 τὴν
842 5273 1243 5343 ’Λρταδούκταν
1283 5276 1414 5346 πρὸς
1447 5276 1658 5338 ἑαυτὸν,
1712 5275 1806 5328 καὶ

223 5368 432 5434 ταύτην
463 5365 519 5415 ιν
555 5366 908 5437 ισχυρωτάτῳ
940 5366 1183 5436 φρουρίῳ
1214 5369 1351 5434 μετὰ
1380 5368 1475 5437 τῆς
1498 5368 1680 5429 οὐσίας
1707 5367 1806 5418 αύ-

222 5477 319 5514 του
366 5459 550 5527 πάσης
598 5458 940 5528 καθίστησιν.
1003 5458 1091 5523 Ὧς
1128 5459 1185 5513 δὲ
1238 5462 1317 5524 είς
1361 5464 1548 5531 χεῖρας
1601 5459 1707 5513 τῶν
1746 5478 1805 5513 τε

228 5551 462 5622 Περσῶν
496 5548 723 5602 καὶτῶν
759 5551 989 5621 Πάρθων
1014 5553 1071 5604 αί
1100 5552 1359 5621 δυνάμεις
1393 5552 1673 5621 συνῆλθον,
1714 5553 1806 5605 πί-

228 5659 429 5696 πτουσι
465 5643 564 5713 μὲν
599 5641 938 5712 ἑκατέρωθεν
981 5645 1222 5697 πλεῖστοι
1248 5660 1261 5673 θ
1292 5644 1562 5713 ἀπέϐλεψε
1588 5645 1644 5697 δὲ
1671 5646 1808 5716 πρὸς

225 5736 321 5787 τὸν
355 5735 718 5805 Ἀρτασείραν
752 5733 947 5804 ἡνίκη.
976 5736 1243 5806 Δευτέρας
1270 5736 1324 5789 δὲ
1354 5737 1623 5808 συμϐολῆς
1657 5754 1809 5805 γενο-

235 5829 428 5897 μένης,
484 5828 547 5877 τὸ
599 5828 696 5895 μὲν
742 5825 1015 5893 Παρθικὸν
1044 5828 1118 5894 τῷ
1170 5828 1413 5900 πολεμίῳ
1466 5830 1808 5901 κατακράτος

230 5920 561 5991 ἀνηλίσκετο
595 5918 755 5987 ξίφει,
788 5922 863 5985 εἰς
894 5920 1068 5990 φυγὴν
1096 5920 1149 5975 δὲ
1178 5924 1268 5976 καὶ
1294 5924 1446 5987 αὐτὸς
1467 5910 1811 5995 ’Λρταϐένης

1903 4732 2260 4789 contumelia.
2290 4731 2460 4787 Zecas
2486 4740 2540 4787 ct
2576 4734 2818 4789 Carenas
2847 4739 3003 4785 erant
3028 4730 3108 4783 eis
3134 4729 3374 4786 nomina.

1979 4917 2063 4973 Ill.
2116 4915 2335 4970 Reversi
2382 4925 2561 4969 autem
2600 4912 2918 4969 renuntiant
2963 4908 3222 4963 Artasirm
3262 4918 3316 4964 et
3353 4908 3479 4963 reii-

1904 5013 2029 5080 quis
2061 5025 2121 5063 ea
2153 5026 2272 5079 qua:
2303 5025 2397 5062 rex
2433 5009 2640 5063 dixerat
2679 5016 2733 5062 et
2785 5004 3023 5059 minatus
3058 5002 3253 5058 fuerat.
3276 4999 3479 5062 Deinde

1907 5102 2105 5158 bellum
2156 5101 2223 5154 ab
2279 5100 2384 5155 illis
2434 5110 2798 5168 comparatur.
2864 5095 3185 5165 Priusquam
3240 5108 3368 5146 vero
3429 5094 3482 5149 id

1906 5200 2240 5263 erumperet,
2274 5192 2421 5246 misit
2446 5190 2741 5254 Artasiras,
2768 5188 2859 5257 qui
2892 5188 2957 5243 ad
2989 5202 3048 5241 se
3076 5187 3297 5240 duceret
3328 5186 3485 5241 Arta-

1885 5286 2170 5342 ductam:
2212 5294 2266 5338 et
2306 5297 2426 5336 eam
2466 5281 2517 5335 in
2576 5282 2908 5338 validissimo
2960 5279 3189 5334 collocat
3230 5276 3483 5348 prmsidio

1908 5396 2030 5435 cum
2062 5377 2316 5432 omnibus
2347 5377 2463 5430 suis
2509 5374 2876 5431 facultatibus.
2917 5372 3049 5427 Cum
3081 5379 3260 5425 autem
3290 5368 3481 5423 Persa-

1910 5487 2028 5524 rum
2088 5480 2141 5524 et
2184 5467 2507 5524 Parthorum
2571 5466 2739 5535 capia:
2781 5479 2973 5519 manus
3035 5462 3481 5524 conscruissent,

1912 5563 2166 5631 utrinque
2224 5561 2443 5630 quidem
2511 5559 2713 5613 cadunt
2763 5556 2981 5626 plurimi
3017 5575 3029 5611 :
3068 5556 3134 5610 ad
3181 5553 3482 5610 Artasiram

1910 5662 2091 5707 autem
2132 5652 2340 5719 aspexit
2371 5651 2617 5706 victoria.
2668 5648 2920 5702 Secundo
2964 5658 3145 5703 autem
3194 5645 3485 5703 commisso

1914 5742 2116 5815 praelia,
2140 5742 2325 5797 Parthi
2365 5742 2583 5812 quidem
2621 5756 2718 5811 per
2748 5740 2856 5795 vim
2875 5741 2942 5795 ab
2974 5741 3152 5795 hostili
3177 5753 3305 5793 ense
3332 5735 3487 5792 fuere.

1914 5832 2243 5903 consumpti,
2299 5833 2354 5886 in
2391 5832 2567 5903 fugam
2619 5842 2801 5887 autem
2835 5847 3021 5886 versus
3054 5830 3151 5885 iuit
3183 5831 3295 5901 ipse
3325 5829 3488 5884 Arta-

1916 5932 2098 5985 banes.
2128 5927 2262 5983 Cum
2305 5941 2363 5983 se
2392 5934 2577 5983 autem
2616 5940 2803 5982 rursus
2832 5924 3157 5997 collegisset,
3194 5933 3247 5979 et
3279 5921 3343 5977 ad
3376 5919 3489 5978 bel-
