4148 6462
739 413 840 481 947

1962 419 2242 478 MENSIS
2279 417 2569 476 SEPTEM
2582 415 2746 474 BER.

3885 411 3993 476 948

747 530 854 582 lum
890 529 1185 597 gerendum
1220 545 1404 585 rursus
1442 535 1707 602 coegisset
1737 537 1942 599 c0pias,
1966 535 2146 588 animo
2177 547 2311 586 con-

2428 532 2611 598 ὲχώρει
2635 543 2649 558 ’
2685 525 2996 580 Ἀναλαϐὼν
3030 526 3083 577 δὲ
3117 524 3276 578 πάλιν
3300 525 3623 589 εαυτδνηιαὶ
3659 527 3998 591 συναγαγὼν

743 618 874 671 lidit.
931 617 1196 673 Caterurn
1254 630 1426 675 totum
1487 637 1690 676 annum
1742 624 2030 694 aliquando
2081 624 2300 693 quidem

740 713 921 769 Persis
967 726 1153 770 contra
1216 717 1468 783 Parthos,
1526 719 1815 788 aliquando
1864 730 2044 775 autem
2089 720 2305 774 Parthis

741 808 1002 862 adversus
1031 809 1226 864 Persas
1257 811 1672 866 ostendentibus
1707 813 1876 867 multa
1915 814 2152 866 audacite
2178 813 2309 867 iaci--

741 916 872 953 nora
904 910 957 955 et
987 901 1107 955 belli
1140 903 1506 971 experientiae.
1545 919 1665 958 cum
1721 915 1995 974 postremo
2027 904 2308 971 utriusque

743 997 914 1060 partis
966 994 1110 1048 acies
1142 1009 1310 1063 prope
1361 1010 1564 1057 essent.
1599 999 1750 1050 aiunt
1781 998 2078 1051 Artasiram
2111 997 2308 1050 dixisse

743 1086 1000 1139 Artabani
1035 1088 1167 1155 regi,
1199 1103 1266 1140 ne
1303 1097 1503 1142 temere
1534 1089 1756 1152 faceret,
1793 1100 1846 1144 et
1871 1090 2122 1158 perderet
2149 1103 2310 1157 gene-

746 1188 802 1229 ra
850 1175 1132 1232 Persarum
1182 1187 1236 1231 et
1285 1179 1608 1233 Parthorum
1642 1196 1657 1234 :
1689 1197 1910 1250 regnum
1967 1182 2110 1234 enim
2169 1182 2308 1236 nolle

744 1269 999 1336 deinceps
1029 1285 1249 1323 manere
1279 1270 1419 1340 apud
1459 1274 1806 1334 Artabanem,
1850 1273 1942 1326 sed
1977 1274 2202 1326 transire
2241 1273 2309 1327 ad

744 1359 1062 1413 Artasiram.
1099 1360 1178 1413 Tu
1209 1372 1388 1416 autem
1415 1402 1429 1427 ,
1479 1363 1674 1431 inquit,
1707 1363 1750 1417 si
1790 1379 1873 1418 me
1913 1365 2118 1428 audias,
2160 1365 2311 1418 vives

744 1450 882 1502 citra
919 1450 1080 1502 ullam
1127 1452 1450 1505 molestiam.
1496 1451 1639 1505 Dabo
1684 1456 1827 1506 enim
1878 1453 1972 1507 tibi
2013 1454 2309 1523 regionem,

744 1553 864 1610 qua:
891 1539 1094 1594 allatim
1131 1542 1497 1611 suppeditabit
1528 1544 1705 1597 omnia
1759 1559 1876 1613 qua:
1908 1545 1974 1599 ad
2008 1560 2162 1597 usum
2193 1560 2315 1614 per-

749 1628 940 1681 tinent.
990 1626 1214 1696 Oportet
1257 1641 1437 1687 autem
1487 1649 1592 1686 non
1638 1633 1745 1686 alio
1813 1648 1974 1701 quam
2025 1633 2199 1701 teipso
2240 1633 2313 1686 uti

747 1717 1003 1786 magistro
1033 1720 1149 1787 ejus
1176 1721 1317 1789 quod
1351 1731 1432 1774 est
1486 1722 1636 1784 utile,
1667 1731 1718 1774 et
1748 1723 2058 1775 meminisse
2089 1737 2317 1788 respon-

747 1806 788 1857 si
836 1807 980 1874 quod
1030 1808 1324 1876 aliquando
1384 1811 1582 1878 reginae
1621 1807 1804 1862 dixisti
1845 1809 1898 1861 in
1946 1807 2313 1863 tebernaculo.

747 1897 850 1951 Sed
888 1898 1002 1951 haec
1037 1898 1254 1965 quidem
1287 1900 1574 1953 Artasiras.

818 1992 907 2046 IV.
945 1991 1248 2046 Artabanes
1281 2002 1460 2047 autem
1495 1995 1643 2062 prius
1672 1995 1939 2063 aspiciens
1966 1994 2032 2047 ad
2052 1992 2312 2061 quosdam

749 2101 875 2139 suos
899 2085 1230 2139 familiares:
1264 2086 1432 2152 Quam
1461 2087 1637 2155 gravis
1674 2103 1760 2142 res
1790 2096 1892 2150 est,
1930 2087 2128 2155 inquit,
2163 2085 2317 2138 femi-

751 2193 836 2230 na.
862 2179 1029 2231 Amor
1051 2178 1286 2246 conjugii
1314 2178 1492 2247 potius
1524 2179 1918 2247 laeserit,quam
1947 2178 2169 2247 juverit.
2194 2175 2317 2230 llzec

750 2286 872 2322 eum
897 2269 1144 2330 dixisset,
1164 2268 1317 2338 jubet
1338 2270 1568 2324 transire
1594 2270 1878 2337 quemdam
1894 2284 1956 2322 ex
1972 2267 2315 2332 satellitibus,

750 2372 803 2414 et
831 2360 1137 2414 interficere
1167 2361 1428 2430 reginam.
1464 2359 1822 2414 Existimabat
1855 2362 1998 2412 enim
2031 2374 2149 2412 eam
2190 2373 2317 2426 pros-

751 2453 956 2508 didisse
988 2463 1284 2506 secretum.
1327 2452 1637 2507 Conversus
1676 2459 1856 2504 autem
1888 2450 1954 2502 ad
1997 2449 2316 2513 Artasiram,

751 2545 1028 2613 respondit
1062 2558 1178 2598 esse
1213 2544 1311 2598 sibi
1340 2544 1496 2611 longe
1523 2542 1812 2611 optabilius
1838 2541 1994 2602 mori,
2023 2555 2183 2609 quam
2215 2537 2319 2592 Ar-

753 2637 952 2698 tasirze,
990 2637 1082 2706 qui
1110 2645 1232 2689 erat
1264 2649 1480 2700 servus,
1537 2648 1705 2704 regno
1754 2634 1967 2686 cedere.
1993 2630 2122 2696 Quae
2161 2630 2317 2683 simul

752 2739 913 2798 atque
941 2730 1186 2791 dixisset,
1245 2730 1435 2781 insane
1462 2736 1514 2781 et
1557 2725 1872 2780 bacchantis
1905 2739 2052 2778 more
2086 2723 2243 2776 irruit
2266 2721 2318 2773 in

756 2818 972 2884 Persas,
1043 2829 1096 2873 et
1139 2833 1205 2871 ex
1239 2818 1318 2871 eis
1352 2817 1569 2886 quidem
1617 2817 1816 2870 multos
1862 2814 2089 2876 sauciat,
2142 2812 2322 2879 plures

753 2916 935 2967 autem
976 2909 1173 2964 occidit
1210 2928 1221 2962 :
1263 2908 1445 2978 dirigit
1471 2922 1598 2960 vero
1633 2909 1796 2960 etiam
1827 2907 2034 2958 hastam
2061 2901 2322 2956 adversus

756 3004 1070 3058 Artasiram.
1109 3001 1204 3055 llle
1238 3010 1418 3054 autem
1455 2999 1728 3070 (habebat
1756 2999 1901 3052 enim
1937 3011 2130 3051 manus
2161 2993 2324 3062 sagit-

755 3094 905 3148 tandi
936 3092 1155 3162 peritas,
1185 3100 1238 3144 et
1267 3107 1385 3160 qua:
1413 3092 1514 3145 hac
1545 3091 1597 3144 in
1629 3106 1687 3144 re
1727 3079 1942 3157 semper
1983 3099 2172 3154 magna
2199 3098 2322 3136 cum

756 3183 914 3237 laude
966 3179 1340 3249 versabantur)
1392 3180 1571 3250 fugam
1621 3178 1840 3246 quidem
1895 3173 2135 3228 simulat.
2188 3170 2319 3224 Dum

2413 622 2644 688 δύναμιν
2709 620 2787 679 είς
2848 617 2908 668 τὸ
2963 617 3243 684 πολεμεῖν,
3294 615 3634 682 ἀνεθάρσησε
3710 615 3811 666 καὶ
3872 615 3996 666 ὅλον

2409 709 2674 769 ἐνιαυτὸν,
2727 708 2799 775 πῇ
2845 704 2944 773 μὲν
2999 704 3250 771 Περσῶν,
3317 706 3390 773 πῇ
3441 703 3492 755 δὲ
3546 703 3781 771 Πάρθων
3820 703 3997 754 πολλὰ

2409 800 2528 852 κατ’
2554 796 2797 864 ἀλλήλων
2823 795 2959 865 ἔργα.
3005 794 3207 862 τόλμης
3235 811 3290 844 τε
3325 787 3416 844 καὶ
3451 793 3748 859 ἐμπειρίας
3783 791 3998 842 ἐπιδει-

2409 888 2714 956 κνυμένων,
2744 884 2929 954 ἐπειδὴ
2958 886 3017 934 τὸ
3041 883 3344 935 τελευταῖον
3365 883 3418 932 αἱ
3456 882 3792 948 παρατάξεις
3825 882 3996 946 ὲγγίδς

2410 979 2673 1046 ἐκατέρου
2705 977 2903 1045 μέρους
2930 973 3198 1042 ἐγένοντο,
3233 975 3396 1042 φασὶν
3437 973 3807 1041 Ἀρτασείραν
3857 972 3996 1034 πρὸς

2423 1070 2766 1140 ’Λρταϐάνην
2805 1069 2980 1119 εἰπεῖν
3018 1067 3107 1118 τὸν
3146 1066 3402 1135 βασιλέα,
3451 1066 3524 1133 μὴ
3557 1064 3740 1132 μάτην
3781 1065 3998 1122 πονεῖν,

2409 1164 2504 1214 καὶ.
2543 1161 2782 1230 φθείρειν
2811 1159 2881 1210 τά
2914 1158 3140 1228 Περσῶν
3170 1173 3230 1209 τε
3267 1157 3360 1210 καὶ
3402 1155 3627 1225 Πάρθων
3672 1156 3851 1221 γένηο
3897 1153 3999 1219 τὴν

2411 1257 2518 1324 γὰρ
2550 1253 2824 1322 βασιλείαν
2853 1251 2953 1304 οὐκ
2984 1250 3294 1320 Ἀρταϐάνη
3338 1249 3520 1300 λοιπὸν
3573 1246 3782 1298 ἐθέλειν
3817 1260 4002 1310 παρα-ι

2416 1346 2620 1415 μένειν,
2670 1342 2784 1398 ἀλλ’
2842 1345 2922 1403 εἰς
2971 1342 3333 1410 Ἀρτασείραν
3392 1338 3771 1408 μεταϐαίνειν.
3820 1334 3895 1384 Συ
3943 1331 4001 1381 δὲ

2414 1433 2630 1505 βιώσεις
2653 1432 2894 1493 ἀλύπως,
2921 1430 2988 1501 ἢν
3009 1432 3128 1498 ἐμοὶ
3150 1429 3331 1498 πείθῃ,
3354 1427 3513 1480 δώσω
3536 1427 3644 1494 γάρ
3670 1441 3756 1475 σοι
3784 1421 4000 1490 χώραν,

2412 1525 2649 1595 δαψιλῶς
2686 1525 2753 1576 τὰ
2805 1522 2943 1591 πρὸς
2997 1522 3095 1589 τὴν
3144 1521 3331 1588 χρείαν
3381 1518 3556 1570 πάντα
3591 1516 3996 1584 παρέχουσανυ

2412 1617 2491 1669 δεῖ
2515 1617 2568 1668 δὲ
2601 1616 2673 1685 μὴ
2712 1612 3030 1667 διδάσκαλον
3073 1609 3252 1670 ἄλλον,
3291 1608 3422 1661 ἀλλά
3460 1606 3680 1658 σεαυτὸν
3716 1602 3816 1656 τοῦ
3863 1618 4002 1667 πμ-

2416 1709 2671 1774 φέροντος
2709 1704 3004 1765 ποιεῖσθαι,
3029 1703 3122 1755 καὶ
3142 1700 3232 1753 τοῦ
3262 1695 3510 1770 χρησμοῦ
3538 1693 3912 1763 μνημονεύειν
3943 1691 4006 1740 ὄν

2419 1815 2546 1848 ποτε
2581 1797 2722 1848 κατὰ
2762 1797 2860 1864 τὴν
2901 1795 3104 1863 σκηνὴν
3148 1794 3373 1852 άνεῖπες
3406 1791 3470 1858 τῇ
3523 1783 3786 1854 βασιλίδι.
3838 1781 4004 1832 Ἀλλά

2343 1882 2389 1940 Β
2418 1886 2591 1939 ταῦτα
2622 1888 2718 1953 μὲν
2756 1885 3134 1954 Ἀρτασείρας.

2489 1977 2561 2031 Δ’.
2614 1976 2954 2046 Ἀρταϐάνης
2991 1975 3045 2025 δὲ
3081 1973 3218 2041 πρός
3246 1987 3395 2032 τινας
3441 1971 3547 2022 τῶν
3591 1967 3822 2020 οἰκείων
3875 1964 4006 2028 πρηέα

2417 2085 2571 2136 τερον
2592 2067 3038 2135 ἀποϐλέψας⁶.⁹Ως
3068 2063 3322 2134 χαλεπὸν,
3347 2062 3475 2130 ἔφη,
3511 2060 3668 2126 γυνὴ,
3695 2059 3794 2110 καὶ
3823 2057 3883 2106 τὸ
3906 2055 4002 2120 τῆς

2426 2160 2683 2227 συζυγίας
2748 2159 2972 2227 φίλτρον
3040 2156 3262 2227 βλάψειε
3299 2153 3499 2223 μᾶλλον
3552 2153 3583 2218 ἦ
3653 2149 3997 2217 ὠφελήσειε.

2424 2251 2607 2304 Ταῦτα
2643 2249 2833 2308 εἰπὼν,
2863 2251 2919 2299 ὲν
2950 2249 3086 2317 ὀργῇ
3136 2248 3255 2300 τινὰ
3283 2245 3390 2298 τῶν
3417 2242 3730 2312 δορυφόρων
3783 2238 4000 2290 κελεύει

2419 2340 2683 2395 διαϐάντα
2729 2339 2940 2391 ἀνελεῖν
2971 2340 3067 2407 τὴν
3124 2337 3407 2405 βασιλίδαο
3450 2334 3655 2400 ταύτην
3696 2331 3809 2400 γάρ
3863 2331 4001 2398 ᾣετο

2420 2434 2672 2504 προδότιν
2713 2431 2807 2484 τοῦ
2858 2430 3106 2502 χρησμοῦ
3136 2427 3486 2498 γεγενῆσθαι.
3515 2423 3920 2489 Ἐπιστραφεὶς
3947 2418 4003 2468 δὲ

2420 2526 2555 2593 πρὸς
2598 2522 2975 2594 ’Δρτασείραν,
3003 2522 3184 2574 θανεῖν
3213 2519 3546 2587 ἀπεκρίνατο
3571 2515 3704 2565 πολὺ
3749 2513 3818 2564 ἂν
3852 2507 4002 2575 αὐτῷ

2429 2617 2627 2686 μᾶλλον
2658 2614 3014 2682 αἱρετώτερον
3044 2614 3151 2679 εἴη,
3185 2612 3216 2679 ἢ
3249 2610 3417 2676 δούλῳ
3443 2623 3504 2672 γε
3531 2605 3644 2656 ὄντι
3674 2601 3754 2670 τῷ
3803 2603 4002 2669 ’Λρταο

2427 2707 2581 2774 σείρᾳ
2624 2704 2724 2771 τῆς
2775 2702 3048 2767 βασιλείας
3096 2697 3518 2767 παραχωρῆσαι.
3568 2693 3673 2746 Καὶ
3731 2695 3850 2760 ἅμα
3893 2691 4005 2752 τοῖς

2424 2796 2599 2862 λόγοις
2643 2795 2783 2847 κατὰ
2835 2792 3058 2862 Περσῶν
3131 2790 3349 2860 ἐφορμᾷ
3402 2785 3757 2857 παράϐακχὸν
3803 2801 3856 2835 τι
3910 2783 4006 2835 καὶ

2429 2887 2677 2957 μανικόι,
2707 2886 2810 2938 Καὶ
2842 2885 3066 2946 πολλοὺς
3110 2885 3211 2953 μὲν
3279 2880 3454 2934 αὐτῶν
3509 2879 3850 2949 τιτρώσκει,
3905 2892 4004 2924 κα-

2425 2979 2679 3031 ταϐάλλει
2705 2979 2762 3029 δὲ
2793 2975 3031 3039 πλείους,
3078 2975 3244 3026 ἰθύνει
3289 2974 3344 3025 δὲ
3375 2973 3466 3026 καὶ
3501 2971 3635 3035 πρὸς
3683 2967 3777 3018 τὸν
3809 2967 4007 3033 ’Δρτα-

2429 3071 2612 3137 σείραν
2639 3068 2698 3118 τὸ
2725 3068 2874 3134 δόρυ.
2912 3066 2971 3117 '0
3006 3067 3059 3117 δὲ
3088 3067 3294 3133 (χεῖρας
3325 3063 3430 3130 γάρ
3458 3056 3568 3126 εἶχε
3596 3057 3842 3123 τοξεύειν
3873 3061 4006 3123 ἀγα-

2429 3159 2548 3223 θὰς,
2605 3158 2699 3210 καὶ
2747 3157 2874 3226 περὶ
2925 3154 3080 3208 τοῦτο
3119 3149 3177 3205 εὖ
3219 3152 3361 3222 μάλα
3413 3150 3710 3219 φιλοτίμως
3767 3147 3858 3198 ἀεὶ
3911 3164 4009 3197 πο-

757 3229 913 3237 .___-
976 3229 1338 3249 .-ηπ----η
1392 3229 1570 3250 --ο-η-
1628 3229 1676 3246 τ
1729 3229 1736 3230 ,

757 3287 878 3330 eum
907 3284 1087 3327 autem
1114 3272 1478 3340 persequitur,
1498 3269 1794 3323 Artabanes
1817 3267 2055 3322 immittit
2081 3265 2244 3319 telum
2269 3262 2322 3316 in

2428 3249 2722 3320 vouptévag)
2777 3247 3126 3320 ὑποκρίνεται
3178 3245 3278 3315 μὲν
3317 3245 3416 3311 τὴν
3448 3242 3646 3311 φυγὴν,
3696 3242 3910 3309 πέμπει
3957 3241 4010 3290 δὲ

758 3376 948 3435 pectus
978 3371 1199 3434 pr0pter
1223 3362 1571 3418 mammillam
1595 3363 1715 3431 ejus
1737 3360 1828 3431 qui
1880 3358 2325 3428 persequebatur.

757 3457 911 3523 Quod
942 3471 1089 3520 cum,
1111 3455 1179 3509 ob
1201 3455 1344 3509 vires
1374 3455 1491 3524 ejus
1520 3454 1613 3523 qui
1644 3452 1818 3506 luerat
1845 3450 2131 3518 jaculatus,
2165 3442 2328 3500 διιειί-

760 3549 876 3603 neri
916 3561 1024 3600 non
1059 3547 1347 3616 potuisset,
1387 3544 1588 3612 rumpit
1624 3540 1878 3594 Artabani
1913 3544 2188 3590 thoracem
2228 3553 2242 3587 :
2275 3542 2329 3586 et

761 3641 987 3708 trajecto
1018 3649 1254 3709 pectore,
1295 3635 1494 3690 excidit
1548 3649 1578 3688 e
1630 3633 1815 3696 dorso,
1847 3639 1901 3683 et
1934 3639 2105 3681 morte
2149 3625 2327 3680 statim

763 3730 925 3786 allicit
947 3730 1295 3784 Artabanem.
1330 3727 1449 3780 Mox
1478 3729 1657 3777 autem
1690 3720 2077 3776 convenientes
2110 3719 2246 3771 inter
2270 3731 2329 3770 se

764 3820 949 3874 Parthi
987 3828 1042 3874 et
1093 3819 1295 3882 Persae,
1331 3831 1510 3885 regem
1541 3813 1858 3868 renuntiant
1889 3810 2208 3869 Artasiram,
2238 3805 2329 3874 qui

766 3912 1084 3967 ostendebat
1135 3926 1192 3966 se
1243 3923 1492 3977 magnam
1537 3921 1725 3960 eorum
1767 3917 1967 3972 gerere
2027 3915 2234 3963 curam,
2279 3905 2334 3966 et

767 4019 875 4056 non
907 4019 1128 4071 parvam
1161 4017 1282 4055 esse
1308 4015 1460 4053 suam
1500 3999 1551 4050 in
1584 4012 1676 4051 eos
1708 3995 2121 4049 humanitatem.
2156 3991 2221 4046 Et
2246 3989 2333 4044 ille

769 4096 989 4164 quidem
1016 4108 1136 4147 cum
1162 4093 1240 4146 sic
1265 4105 1322 4145 se
1346 4090 1590 4155 haberet,
1640 4089 1985 4142 Artaduetam
2017 4086 2166 4140 ducit
2197 4098 2334 4136 uxo-

772 4203 910 4250 rem,
942 4199 1101 4255 quam
1142 4184 1326 4239 datum
1361 4183 1738 4251 jusjurandum
1776 4181 1822 4234 ei
1853 4180 2003 4249 prius
2028 4176 2333 4246 desponde-

773 4284 858 4330 rat
887 4293 900 4328 :
931 4283 986 4327 et
1015 4289 1132 4327 eam
1172 4275 1320 4341 eligit
1353 4276 1615 4341 reginam.

843 4365 905 4421 V.
936 4365 1144 4420 CuSaro
1194 4373 1378 4416 autem
1419 4361 1704 4415 Artabanis
1745 4359 1929 4424 frater,
1978 4357 2069 4428 qni
2112 4371 2333 4427 regnum

773 4474 979 4528 magna:
1018 4455 1298 4510 obtinebat
1338 4452 1641 4515 Armeniae,
1689 4468 1808 4506 cum
1854 4451 2206 4504 intellexisset
2250 4462 2335 4509 ea,

2425 3344 2749 3411 διωκόμενος
2793 3343 2852 3394 τὸ
2878 3341 3026 3411 βέλος
3061 3340 3202 3391 κατὰ
3225 3340 3292 3392 τὰ
3315 3336 3510 3405 στέρνα
3537 3335 3687 3404 παρὰ
3717 3335 3814 3386 τὸν
3843 3335 4010 3401 μαζὸν

2426 3434 2520 3487 τοῦ
2569 3434 2879 3493 διώκοντος,
2926 3432 3021 3482 καὶ
3053 3432 3118 3498 τῇ
3166 3429 3325 3496 ῥώμῃ
3373 3428 3462 3478 τοῦ
3498 3427 3753 3495 βαλόντος
3803 3426 4011 3474 ἀνυπό-

2431 3543 2622 3578 στατον
2652 3525 2874 3594 γεγονδς
2894 3564 2908 3587 ,
2937 3524 3026 3574 τόν
3061 3537 3118 3573 τε
3162 3520 3384 3589 θώρακα
3413 3519 3642 3585 ῥήγνυσι
3689 3513 3788 3564 τοῦ
3821 3513 4017 3582 Ἀρτα-

2429 3619 2617 3684 ϐάνου,
2666 3619 2758 3670 καὶ
2802 3615 3053 3668 διελάσαν
3073 3613 3140 3665 τά
3168 3611 3399 3681 στέρνα,
3431 3609 3537 3661 τών
3573 3606 3764 3658 νώτων
3803 3603 4016 3656 eam.

2431 3727 2576 3771 πτει,
2628 3711 2723 3761 καὶ
2768 3708 2958 3775 νεκρὸν
3003 3706 3203 3759 αὐτίκα
3249 3701 3482 3757 δεικνύει
3513 3701 3603 3751 τὸν
3637 3696 4013 3766 Ἀρταϐάνην.

2431 3806 2520 3864 Εἰς
2554 3803 2844 3869 ὁμολογίαν
2892 3801 2947 3851 δὲ
2996 3799 3055 3849 τὸ
3102 3797 3373 3865 Παρθικὸν
3401 3794 3561 3865 εὐθὺς
3597 3792 3691 3844 καὶ
3742 3791 4013 3861 Περσικὸν

2435 3894 2809 3954 συνελθόντες,
2869 3889 3228 3961 Ἀρτασείραν
3294 3886 3686 3954 ἀναγορεύουσι
3730 3881 4011 3954 βασιλέα,

2432 3988 2564 4040 πολὺ
2589 3987 2647 4038 τὸ
2677 3985 2811 4052 πρὸς
2840 3982 3031 4042 αὐτοὺς
3059 3975 3339 4032 δεικνύντα
3378 3979 3732 4046 κηδεμονικὸν
3765 3977 3865 4028 καὶ
3897 3977 4013 4043 φιλ-

2436 4080 2739 4146 άνθρωπον.
2772 4075 2878 4128 Καὶ
2904 4078 2929 4127 ό
2957 4073 3055 4143 μὲν
3107 4068 3281 4131 οὕτως
3312 4068 3447 4137 ἔχων
3492 4071 3586 4135 τὴν
3607 4067 4013 4138 Ἀρταεούκταν

2433 4173 2623 4236 ἄγεται
2673 4171 2932 4236 γυναῖκα,
2990 4165 3055 4232 ἢν
3115 4160 3386 4230 αὐτῷκαὶ
3440 4159 3703 4228 πρότερον
3761 4161 3810 4209 οἱ
3869 4161 4015 4226 ὅρκοι

2435 4263 2897 4330 κατηγγυήσαντο,
2926 4259 3014 4310 καὶ
3047 4255 3291 4325 βασιλίδα
3324 4253 3523 4320 ταύτην
3557 4251 3885 4319 χειροτονεῖ,

2506 4350 2580 4405 E'.
2615 4347 2882 4418 Κουσαρὼ
2928 4350 2983 4402 δὲ
3025 4349 3053 4400 ὁ
3087 4347 3314 4416 ἀδελφὸς
3347 4341 3681 4414 Ἀρταϐάνου
3715 4339 3817 4407 τὴν
3863 4339 4014 4407 βασι-

2436 4446 2582 4498 λείαν
2613 4446 2748 4514 ἔχων
2778 4445 2878 4511 τῆς
2911 4441 3152 4512 μεγάλης
3181 4438 3498 4509 Ἀρμενίας,
3527 4437 3593 4487 τά
3622 4431 4014 4502 συνενεχθέντα

772 4565 891 4618 quze
929 4556 1246 4608 evenerant,
1303 4555 1353 4596 et
1384 4545 1524 4610 quod
1556 4545 1622 4597 ad
1665 4543 1857 4599 Persas
1887 4541 1986 4596 fuit
2019 4541 2324 4595 translatutr

2444 4535 2649 4606 μαθὼν,
2698 4535 2790 4587 καὶ
2820 4533 2893 4594 ὡς
2929 4535 2961 4600 ἡ
2990 4530 3220 4599 Πάρθων
3253 4529 3393 4596 ἀρχὴ
3438 4526 3734 4591 μετέπεσεν
3763 4529 3846 4587 εἰς
3881 4527 4014 4594 Πέρ-

771 4641 1099 4695 Parthorum
1136 4635 1464 4704 imperium,
1505 4650 1698 4704 magno
1736 4636 1921 4687 dolore
1953 4643 2035 4685 est
2062 4632 2289 4683 allectus
2320 4647 2333 4681 :

773 4741 830 4785 et
859 4730 1040 4784 valido
1094 4738 1282 4782 coacto
1325 4726 1566 4780 exercitu
1613 4740 1676 4778 ex
1711 4723 1933 4778 Albanis
1967 4730 2020 4775 et
2060 4719 2245 4782 lberis,
2285 4726 2339 4771 et

773 4832 1037 4893 praeterea
1065 4834 1128 4872 ex
1155 4819 1386 4879 Hunnis,
1427 4826 1540 4870 toto
1571 4832 1710 4869 anno
1738 4815 2076 4882 comparavit:
2122 4828 2183 4866 ea
2217 4827 2338 4881 quae

778 4914 843 4967 ad
879 4913 1080 4968 bellum
1116 4910 1483 4980 pertinebant.
1513 4907 1756 4977 Magnam
1789 4917 1966 4958 autem
2001 4919 2217 4955 manum
2249 4915 2336 4954 se~

781 5021 900 5058 cum
928 5004 1154 5065 ducens,
1190 5001 1590 5070 expeditionem
1637 4998 1863 5065 suscipit
1907 5005 2092 5048 contra
2128 4993 2339 5050 Persas.

782 5108 834 5148 et
855 5097 1029 5164 ipsum
1049 5093 1366 5146 Artasiram.
1391 5091 1492 5154 Qui
1520 5103 1700 5143 autem
1733 5088 2018 5141 Persarum
2050 5085 2341 5154 imperium

783 5202 956 5257 nuper
996 5184 1097 5238 sibi
1132 5189 1418 5250 usurparet
1444 5180 1727 5236 Artasiras,
1760 5179 1844 5231 vel
1877 5177 2074 5229 invitus
2107 5174 2267 5228 struit
2290 5179 2344 5224 et

782 5276 964 5331 educit
991 5274 1160 5327 aciem
1202 5273 1462 5326 adversus
1503 5285 1683 5340 regem
1721 5267 2011 5320 Armeniae.
2051 5265 2130 5318 Fit
2161 5276 2338 5317 autem

784 5371 834 5422 in
868 5366 1052 5436 praelio
1079 5381 1268 5435 magna
1303 5366 1477 5416 caedes
1511 5365 1814 5416 Persarum.
1857 5358 2010 5428 Fugit
2033 5372 2209 5410 autem
2240 5355 2347 5407 Ar-

785 5461 999 5519 tasiras,
1033 5467 1086 5509 et
1118 5458 1300 5510 hostes
1329 5455 1676 5524 insequentes
1707 5455 1953 5504 irruunt:
1985 5460 2036 5502 et
2070 5448 2343 5500 Persidem

781 5560 968 5620 tegunt
1003 5550 1320 5618 corporibus
1380 5564 1565 5602 eorum
1601 5547 1692 5615 qui
1734 5542 2196 5598 interﬁciebantur
2229 5556 2243 5593 :
2293 5549 2346 5590 et

785 5657 904 5694 cum
933 5643 1132 5696 multos
1163 5641 1438 5711 cepissent
1479 5639 1743 5707 captivos,
1797 5649 1918 5688 cum
1962 5648 2084 5701 rege
2127 5647 2223 5686 suo
2257 5646 2343 5684 re-

788 5733 955 5787 deunt
979 5733 1032 5787 in
1063 5732 1398 5793 Armeniam,
1425 5729 1658 5783 dexteris
1691 5726 1904 5781 onustis
1942 5722 2154 5790 opibus.
2189 5721 2346 5772 Anno

787 5833 967 5878 autem
1009 5824 1254 5892 sequenti
1288 5836 1476 5876 rursus
1509 5818 1887 5872 Armeniorum
1915 5813 2020 5884 regi
2051 5815 2102 5867 in
2137 5812 2340 5884 Syriam

2441 4641 2560 4686 σας,
2589 4627 2645 4675 ὲν
2681 4623 2888 4693 μεγάλῃ
2931 4620 3072 4686 λύπῃ
3105 4615 3258 4668 ταῦτ’
3295 4617 3525 4673 ἐποιεῖτο
3547 4629 3560 4644 ’
3593 4616 3690 4687 καὶ
3723 4617 4012 4683 στρατείαν

2439 4719 2495 4781 ἐξ
2526 4715 2801 4768 Ἀλϐανῶν
2836 4730 2896 4766 τε
2929 4713 3020 4765 καὶ
3061 4710 3314 4779 Ἰϐήρων,
3350 4709 3482 4778 πρὸς
3511 4703 3671 4758 ἔτιδὲ
3712 4713 3812 4757 καὶ
3837 4708 4014 4774 Gneo-

2442 4828 2548 4880 ρων
2583 4807 2796 4861 Οῦννων
2847 4805 3074 4874 ίσχυρᾶν
3117 4801 3465 4870 συναγείρας,
3501 4799 3585 4850 ἐπ’
3618 4798 3874 4850 ἐνιαυτὸν
3902 4799 4014 4848 ὅλον

2439 4901 2505 4952 τά
2533 4899 2625 4951 τοῦ
2652 4898 2886 4964 πολέμου
2913 4891 3363 4956 συνεσέευάζετο·
3398 4890 3595 4958 πολλὴν
3625 4889 3683 4941 δὲ
3712 4891 3876 4957 χεῖρα
3906 4889 4016 4956 μεθ’

2442 4989 2636 5043 ἑαυτοῦ
2679 4988 2847 5054 ἄγων,
2887 4981 3244 5054 ὲκστρατεύει
3283 4982 3421 5034 κατὰ
3457 4979 3679 5047 Περσῶν
3724 4983 3819 5029 καί
3854 4977 4012 5032 αὐτοῦ

2454 5082 2797 5151 Ἀρτασείρα.
2833 5078 2940 5130 Καὶ
2961 5079 2987 5129 ό
3017 5074 3111 5145 τὴν
3149 5074 3374 5143 Περσῶν
3407 5071 3684 5142 βασιλείαν
3709 5073 3841 5138 ἄρτι
3870 5088 4016 5139 περιρ

2444 5174 2774 5240 ϐεϐλημένος
2794 5161 2848 5218 ’Δ
2860 5168 3169 5236 ρτασείρας,
3193 5163 3738 5231 ἀντιπαρατάσσεται
3757 5164 3849 5213 καί
3874 5163 4015 5214 ἄκων

2443 5267 2518 5334 τῷ
2551 5261 2757 5332 βασιλεῖ
2784 5261 3096 5329 Ἀρμενίας.
3131 5257 3242 5308 Καὶ
3279 5257 3484 5325 γίνεται
3535 5254 3677 5306 κατὰ
3706 5253 3810 5321 τὴν
3845 5253 4018 5321 μάχην

2446 5357 2610 5418 πολὺς
2651 5352 2741 5405 τοῦ
2789 5348 3057 5418 Περσικοῦ
3108 5348 3290 5415 φόνος.
3343 5346 3534 5410 ψεύγει
3584 5343 3639 5394 δὲ
3679 5345 3780 5394 καὶ
3828 5344 4018 5410 Ἀρτα·

2448 5448 2652 5517 σείρας,
2694 5445 2786 5496 καὶ
2816 5441 3198 5495 ἐπελαύνουσιν
3232 5442 3281 5492 oi
3313 5438 3580 5505 πολέμιοι,
3615 5436 3710 5488 καὶ
3739 5437 3842 5505 τὴν
3877 5437 4011 5505 Περ·

2449 5537 2567 5587 οἰδα
2609 5536 2708 5604 γῆν
2752 5535 2861 5595 τοῖς
2911 5531 3122 5601 σώμασι
3179 5529 3292 5580 τῶν
3325 5527 3742 5596 ἀναιρουμένων
3779 5543 4016 5578 κατακα-

2447 5628 2724 5688 λύπτουσι,
2777 5625 2869 5677 καὶ
2917 5620 3138 5681 πολλοὺς
3195 5617 3564 5690 δορυαλώτους
3608 5615 3876 5676 λαϐόντες
3931 5616 4016 5668 καὶ

2448 5719 2596 5771 λείαν
2621 5715 2819 5785 πολλὴν
2859 5715 3166 5772 ἐλάσαντες,
3209 5712 3287 5773 εἰς
3319 5709 3414 5780 τὴν
3460 5707 3765 5777 Ἀρμενίαν
3802 5708 3920 5774 ἅμα
3951 5704 4018 5773 τῷ

2454 5811 2655 5878 βασελεί
2705 5809 2778 5876 τῷ
2831 5807 2946 5875 ἰδίῳ
2998 5801 3208 5868 πλούτῳ
3245 5799 3556 5870 βριθούσαις
3606 5797 3816 5861 δεξιαῖς
3858 5800 4010 5848 ἐπαν-
