4148 6540
177 468 280 534 εις)

1139 463 1318 522 νιΤΑ
1358 467 1414 527 S.
1465 466 1847 525 GREGORH
1898 464 2522 527 lLLUMlNATORlS.

3344 457 3451 521 950

174 586 391 648 ἡκουσι.
418 579 522 633 Τοῦ
553 580 609 632 δὲ
633 576 1039 646 ἐπιγενομένου
1079 578 1336 631 ἐνιαυτοῦ
1377 580 1472 632 καὶ
1501 575 1655 642 αὖθις
1696 580 1769 648 τῷ

1896 579 2099 634 acienti
2167 575 2505 633 incursiones
2530 612 2544 637 ,
2585 588 2718 643 gens
2756 572 3151 627 Saracenorum
3202 572 3352 623 venit
3398 572 3452 622 lu

188 670 475 741 ’Δρμενίας
511 668 723 738 βασιλεῖ
749 668 1147 735 κατατρέχοντι
1189 668 1292 737 τὴν
1324 670 1546 738 Συρίαν,
1574 671 1634 723 τὸ
1672 671 1778 723 Σα-

181 764 435 834 ρακηνῶν
484 762 634 823 ἔθνος
689 760 770 822 είς
817 746 1151 828 συμμαχίαν
1204 761 1624 830 προστίθενται,
1684 764 1776 815 καὶ

178 852 507 921 ληϊσάμενος
537 851 635 920 τὴν
668 850 895 918 Περσῶν
928 869 986 902 τε
1020 849 1119 902 καὶ
1163 850 1477 920 Ἀσσυρίων
1512 853 1616 921 γῆν
1642 867 1657 883 ’
1684 852 1778 906 καὶ

180 946 248 996 τὰ
287 947 344 996 ὲν
377 944 509 1011 αύτῇ
558 942 735 995 πάντα
772 941 1104 1004 σκυλεύσας,
1135 944 1283 1010 μετὰ
1319 944 1421 1012 τῆς
1475 944 1596 1011 ίσης
1624 945 1779 1014 νίκης

182 1034 262 1095 είς
290 1033 389 1099 τὴν
444 1033 580 1085 ίδίαν
630 1032 799 1101 ἀρχὴν
845 1033 1118 1099 ἐπανήκει
1172 1030 1370 1095 πάλιν,
1423 1034 1517 1085 καὶ
1569 1034 1781 1098 τούτοις

183 1125 295 1185 τοῖς
328 1121 711 1190 κατορθώμασι
747 1122 839 1173 καὶ
874 1124 993 1184 ταῖς
1032 1121 1451 1191 ἀνδραγαθίαις
1508 1122 1783 1189 θαυμαζό-

189 1231 350 1284 μενος
382 1212 478 1282 μὲν
512 1213 614 1264 ὑπὸ
642 1214 747 1264 τῶν
775 1214 1102 1280 συμμάχων,
1134 1212 1551 1281 καταπλήττων
1580 1214 1633 1265 δὲ
1657 1215 1781 1277 τοὺς

186 1304 507 1373 πολεμίους,
543 1302 634 1355 ἐπὶ
682 1302 812 1353 δέκα
849 1302 1152 1354 διετέλεσεν
1183 1302 1313 1369 ἔτη.
1348 1303 1442 1354 Διὸ
1478 1305 1572 1354 καὶ
1619 1305 1647 1355 6
1674 1304 1781 1356 τῶν

188 1392 415 1462 Περσῶν
448 1391 721 1460 βασιλεὺς.
763 1390 906 1461 λύπῃ
938 1391 1035 1458 μὲν
1068 1393 1460 1460 ἀπαρακλήτῳ
1500 1393 1779 1460 ἐχόμενος,

186 1482 479 1551 ἀπορία’δὲ
527 1480 620 1533 τοῦ
676 1480 728 1532 τί
784 1482 848 1534 ἂν
908 1482 1141 1551 πράξειε
1194 1481 1297 1548 τὴν
1353 1482 1530 1550 λύπην
1580 1483 1779 1547 αὔξων,

186 1572 313 1634 τοὺς
340 1571 444 1623 an»
468 1573 626 1640 χεῖρα
654 1570 1001 1637 συναγαγὼν,
1033 1570 1440 1640 συμϐουλεύειν
1466 1572 1641 1624 ἐδεῖτο
1666 1571 1782 1635 πῶς

190 1664 257 1717 ἂν
290 1662 667 1715 ἀποδύσωνται
705 1661 807 1733 μὲν
844 1663 942 1729 τὴν
969 1662 1213 1728 ἀδοξίαν,
1247 1662 1565 1715 ἀπολίπωσι
1606 1664 1663 1715 δὲ
1686 1664 1785 1716 αύ-

191 1754 317 1815 τοὺς
350 1754 406 1805 αἱ
460 1754 636 1807 κοιναὶ
682 1755 775 1805 καὶ
823 1752 1157 1821 πολύτροποι
1200 1753 1509 1821 συμφοραί.
1567 1754 1675 1806 Καὶ
1710 1752 1786 1824 τῷ

193 1846 422 1914 γνώμην
467 1844 831 1911 είσενεγκόντι
882 1845 1143 1907 τοιαύτην
1189 1844 1293 1911 τὴν
1355 1845 1612 1913 δευτέραν
1647 1847 1784 1914 μετὰ

195 1934 424 2002 βασιλέα
450 1933 612 2001 τιμὴν
665 1931 875 1998 τίθησιν
902 1927 1085 1984 ἆθλον.
1135 1932 1307 1984 Ἀνὰκ
1330 1931 1387 1985 δέ
1410 1950 1493 1997 τις
1516 1932 1784 2006 Κουσαρὼ

196 2023 340 2074 κατὰ
396 2022 549 2088 γένος
601 2021 678 2091 τῷ
713 2023 810 2091 τῆς
853 2023 1155 2091 Ἀρμενίας
1200 2022 1420 2093 βασιλεί
1470 2029 1786 2098 προσήκων,

197 2116 439 2178 ἀναστὰς
515 2118 579 2169 ὲκ
646 2115 742 2168 τοῦ
799 2116 1088 2184 συλλόγου,
1155 2120 1407 2186 γενναῖόν
1456 2138 1507 2174 τι
1570 2123 1789 2189 δράσειν

198 2204 471 2274 ὑπέσχετο
492 2245 507 2267 ,
559 2205 628 2259 δι’
657 2200 717 2259 οὗ
750 2206 815 2258 τὰ
860 2209 1166 2277 πράγματά
1206 2224 1267 2259 τε
1306 2209 1443 2276 πρὸς
1474 2208 1534 2261 τὸ
1564 2210 1787 2279 ἄμεινον

200 2298 627 2366 ἀνενεχθήσεται
667 2296 923 2365 Πέρσαις,
978 2297 1076 2351 καὶ
1130 2296 1287 2360 δίκας
1335 2299 1462 2363 τοὺς
1510 2302 1787 2364 ἐναντίους

200 2388 616 2455 εἰσπράξονται.

276 2478 369 2546 τῖ’.
414 2479 522 2530 Καὶ
567 2478 850 2531 ὑπολαϐὼν
917 2480 1303 2551 Ἀρτασείρας,
1360 2478 1437 2535 Ἦ
1495 2484 1569 2553 μὴ
1618 2486 1790 2541 ταῦτα

203 2571 686 2642 καταπραξαμένῳ
714 2572 804 2624 καί
831 2571 1067 2641 διάδημα
1098 2574 1163 2642 τῇ
1200 2574 1414 2644 κεφαλῇ
1448 2579 1791 2646 παραχρῆμα

202 2658 493 2730 περιθήσω
540 2677 644 2726 σοι,
698 2660 826 2729 ἔφη,
866 2662 962 2713 καὶ
995 2662 1248 2732 δεύτερον
1300 2662 1399 2733 μὲν
1438 2664 1534 2733 τῆς
1564 2665 1791 2735 Περσῶν

204 2753 559 2821 ἀποδείξαιμι
595 2753 902 2821 βασιλείας,
942 2754 1222 2820 βασιλείαν
1255 2772 1321 2823 γε
1358 2756 1464 2825 μὴν
1511 2758 1606 2827 τὴν
1644 2758 1793 2828 Παρ-

200 2844 367 2910 θιχὴν
414 2844 706 2912 ἐγχειρίσω
759 2861 863 2899 σοι.
915 2846 972 2897 Ὀ
1000 2845 1057 2899 δὲ
1105 2848 1174 2899 τὰ
1214 2847 1340 2899 καθ’
1380 2848 1572 2901 ἑαυτὸν
1609 2850 1708 2918 μὲν
1737 2852 1795 2905 ἂν

206 2935 399 3005 ἀδήλῳ
436 2936 652 2988 κεῖσθαι
688 2936 765 3005 τῷ
814 2938 1014 3005 πέρατι
1067 2936 1204 3005 ἔφη’
1239 2940 1377 3001 τέως
1410 2956 1473 3006 γε
1513 2941 1620 3010 μὴν
1666 2942 1720 2993 εί
1744 2958 1794 2995 τι

204 3028 271 3099 δὴ
304 3028 399 3081 καὶ
432 3027 540 3079 τῶν
582 3027 864 3096 ἀδοκήτων
914 3028 1061 3099 αὐτῷ
1094 3028 1362 3099 συμϐαίη,
1420 3033 1532 3093 τοῖς
1582 3033 1795 3085 ὑπολει-

209 3118 582 3189 φθησομένοις
617 3116 709 3170 τοῦ
746 3119 938 3185 γένους
980 3119 1054 3189 μὴ
1084 3120 1383 3190 ἀχάριστον
1419 3122 1673 3189 γενέσθαι
1705 3127 1797 3178 τὸν

1878 670 2135 723 auxilium
2166 685 2180 722 :
2210 668 2509 738 praedisque
2549 664 2686 718 actis
2710 663 2777 717 de
2804 664 3021 718 Perside
3043 671 3101 717 et
3131 652 3373 730 Assyria.
3402 669 3457 714 at

1877 761 2089 816 cunctis
2140 775 2259 829 qua:
2287 766 2443 813 erant
2489 756 2543 810 in
2601 755 2681 810 eis
2737 756 3003 824 spoliatis,
3050 768 3142 807 rex
3186 751 3302 819 ipse
3333 765 3457 804 cum

1880 851 1996 921 pari
2031 849 2253 904 victoria
2282 848 2347 901 ad
2378 862 2535 901 suum
2562 862 2783 915 regnum
2816 845 3139 898 revertitur.
3164 838 3256 894 His
3272 847 3456 893 autem

1880 944 2045 998 rebus
2079 942 2294 996 fortiter
2324 952 2380 994 et
2413 939 2675 1007 prteclare
2708 937 2871 1007 gestis
2897 976 2910 999 ,
2945 931 3289 989 admirationi
3332 931 3458 998 qui—

1882 1034 2004 1088 dem
2029 1032 2211 1095 sociis,
2237 1030 2433 1085 terrori
2466 1036 2647 1082 autem
2680 1028 2927 1081 hostibus
2946 1026 3047 1079 fuit
3072 1027 3258 1077 decem
3282 1036 3455 1075 annos

1886 1137 2203 1195 perpetuos.
2233 1120 2592 1187 Quamobrem
2630 1135 2723 1172 rex
2760 1131 2978 1187 quoque
3016 1114 3301 1169 Persarum
3334 1128 3456 1166 cum

1884 1215 2263 1270 inconsolabili
2291 1214 2476 1269 dolore
2502 1220 2811 1281 angeretur,
2837 1216 3110 1264 cresceret
3146 1213 3327 1259 autem
3361 1204 3461 1259 do-

1884 1309 1987 1374 lor,
2029 1308 2172 1377 quod
2215 1308 2452 1361 nesciret
2484 1304 2609 1373 quid
2648 1311 2854 1373 ageret,
2883 1302 2949 1354 iis
3000 1298 3339 1369 congregatis
3362 1298 3456 1366 qui

1886 1407 2045 1451 erant
2100 1396 2155 1450 in
2210 1396 2327 1465 ejus
2383 1402 2670 1463 potestate.
2718 1388 2926 1458 rogavit
2984 1396 3044 1439 ut
3085 1386 3461 1446 consulerent.

1884 1499 2119 1552 quonam
2166 1483 2383 1551 quidem
2426 1480 2584 1533 modo
2642 1485 2879 1546 possent
2927 1482 3236 1544 susceptam
3279 1472 3463 1527 delere

1887 1572 2267 1642 ignominiam,
2298 1579 2575 1626 cessarent
2607 1579 2791 1622 autem
2833 1580 3155 1622 communes
3201 1580 3261 1622 et
3283 1564 3473 1624 nunti-

1889 1665 2054 1733 plices
2099 1665 2455 1719 calamitates.
2506 1662 2566 1717 Ei
2643 1671 2839 1714 autem
2886 1661 2983 1729 qui
3032 1664 3208 1719 talem
3264 1665 3503 1727 dixisset

1889 1754 2555 1819 sententiam,secundum
2616 1761 2746 1819 post
2802 1766 2997 1821 regem
3022 1753 3328 1827 honorem,
3387 1779 3515 1834 pro.

1894 1844 2046 1912 ponit
2072 1844 2124 1896 in
2162 1844 2464 1913 praemium.
2488 1842 2638 1896 Anac
2665 1850 2865 1893 autem
2899 1842 3153 1910 quidam.
3180 1849 3283 1916 qui
3310 1868 3517 1924 genere

1889 1934 2153 1990 attinebat
2179 1932 2245 1986 ad
2288 1930 2527 1987 Cursaro
2562 1946 2745 1999 regem
2782 1932 3091 1996 Armeniae.
3130 1951 3161 1991 e
3204 1953 3350 1997 cmtu
3382 1960 3511 1998 sur.

1900 2044 2053 2099 gens,
2090 2027 2366 2098 pollicitus
2397 2034 2481 2081 est
2524 2040 2582 2080 se
2625 2024 2964 2093 praeclarum
2997 2031 3280 2100 quidpiam
3318 2034 3493 2089 factu-

1891 2137 2037 2182 rum,
2074 2135 2172 2190 per
2212 2119 2357 2190 quod
2399 2126 2454 2173 et
2505 2132 2592 2173 res
2631 2115 2818 2171 Persis
2853 2116 3077 2177 felicius
3104 2126 3501 2191 succederent,

1891 2220 1947 2265 et
1978 2227 2171 2281 pcenas
2206 2218 2487 2265 sumerent
2518 2211 2585 2264 de
2621 2207 2903 2266 hostibus.

1963 2486 2050 2541 Vl.
2099 2486 2392 2555 Excipiens
2427 2493 2610 2539 autem
2657 2483 2970 2537 Artasiras:
3005 2481 3239 2547 Revera,
3277 2484 3478 2552 inquit,

1891 2582 1937 2635 si
1974 2582 2090 2634 haec
2123 2579 2339 2639 feceris,
2368 2579 2621 2645 protinus
2663 2577 2937 2645 imponam
2970 2583 3065 2628 tuo
3094 2574 3258 2644 capiti
3293 2575 3481 2629 diade-

1893 2688 2001 2734 ma,
2034 2680 2087 2724 et
2128 2678 2179 2723 te
2219 2667 2452 2722 eﬂiciam
2497 2668 2713 2735 quidem
2752 2666 3049 2719 secundum
3094 2666 3243 2735 regni
3282 2666 3481 2720 Persa-

1894 2777 2037 2825 rum,
2084 2759 2293 2815 tradam
2336 2766 2522 2813 autem
2568 2756 2664 2811 tibi
2713 2771 2942 2826 regnum
2997 2754 3340 2809 Parthicum.
3384 2755 3481 2810 ille

1896 2862 2102 2912 autem.
2127 2850 2274 2919 quod
2304 2848 2373 2902 ad
2410 2862 2467 2902 se
2517 2846 2737 2917 quidem
2771 2845 2986 2902 attinet.
3019 2842 3152 2897 dicit
3203 2844 3479 2900 incertum

1895 2956 2016 2995 esse
2044 2940 2204 2993 linem
2239 2956 2254 2991 :
2292 2938 2337 2991 si
2371 2937 2500 3001 quid
2534 2952 2660 2990 vero
2690 2935 2908 2990 interim
2936 2934 2985 2990 ei
3006 2935 3249 2989 evenerit
3274 2939 3478 3003 prater

1896 3029 2235 3098 opinionem,
2258 3027 2469 3095 rogavit
2493 3026 2812 3087 Artasiram,
2854 3042 2924 3079 ne
2969 3036 3116 3079 esset
3145 3026 3388 3095 ingratus
3414 3025 3482 3079 iis

1898 3121 1990 3191 qui
2041 3118 2408 3174 remanserint
2461 3133 2526 3172 ex
2568 3132 2769 3185 genere
2806 3132 2820 3170 :
2870 3115 2963 3170 sed
3005 3129 3217 3170 memor
3256 3114 3481 3184 quidem

220 3210 581 3279 Ἀρτασείραν
613 3210 788 3279 ἠξίου,
823 3211 959 3263 ἀλλὰ
1003 3212 1479 3281 διαμνημονεύσας
1518 3213 1619 3282 μὲν
1649 3215 1793 3285 αὐτῷ

1901 3222 2049 3267 esset
2100 3214 2221 3279 ejus
2253 3227 2354 3280 pro
2405 3212 2521 3279 ipso
2555 3211 2789 3279 prompti
2825 3216 2880 3264 et
2907 3208 3103 3264 alacris
3139 3208 3306 3263 animi
3342 3226 3355 3262 :
3384 3222 3482 3279 pro

206 3301 309 3369 τῆς
343 3300 484 3368 ὑπὲρ
517 3299 683 3353 αὑτοῦ
710 3301 1041 3370 προθυμίας,
1070 3302 1303 3370 χάριτας
1338 3302 1394 3354 δὲ
1426 3302 1631 3363 τούτοις
1657 3304 1793 3374 ὑπὲρ

1898 3318 1963 3357 eo
2004 3315 2182 3357 autem
2210 3344 2223 3368 ,
2252 3304 2332 3356 eis
2366 3303 2597 3355 referret
2637 3302 2861 3371 gratias.
2900 3300 3025 3355 Haec
3059 3316 3183 3355 cum
3214 3300 3437 3353 dixisset
3461 3336 3481 3364 .

206 3394 384 3461 αὐτῆς
439 3391 757 3445 ἀποδοῦναι.
820 3391 1010 3443 Ταῦτα
1065 3389 1258 3454 είπὼν,
1320 3391 1411 3443 τὸν
1459 3391 1686 3459 ἀδελςόν
1741 3410 1796 3445 τε

212 3484 486 3553 συνεργὸν
518 3481 963 3553 παραλαμϐάνει,
1007 3482 1102 3535 καί⁸
1138 3482 1197 3534 ἐν
1231 3482 1532 3552 αὐτομόλου
1563 3485 1800 3555 σχήματι

208 3576 464 3645 γυναιξὶν
515 3575 630 3644 ἅμα
670 3574 762 3627 καὶ
816 3574 1059 3647 παιδίοις.
1086 3576 1179 3626 καὶ
1231 3575 1343 3649 ὃλιρ
1378 3574 1513 3646 οἴκῳ
1568 3579 1661 3630 καὶ
1690 3580 1804 3640 τοίς

209 3668 439 3729 οἰκείοις
475 3667 608 3719 πᾶσι
654 3662 730 3735 τῷ
759 3665 857 3733 τῆς
896 3663 1187 3733 Ἀρμενίας
1214 3669 1527 3735 προσχωρεί
1567 3667 1799 3735 βασιλεῖ,

212 3761 313 3815 καὶ
338 3760 396 3822 ὃς
422 3762 486 3829 τῇ
519 3776 577 3810 τε
614 3758 746 3828 ἄλλῃ
788 3756 987 3819 αὐτοὺς
1020 3754 1339 3825 ὑποδέχεται
1369 3756 1674 3829 φιλοτιμίᾳ,
1707 3760 1803 3813 καὶ

212 3853 409 3916 δεξιῶς
455 3852 523 3903 τα
558 3849 793 3918 μάλιστα
848 3849 1289 3911 κατασπάζεται.
1320 3849 1384 3900 Ol
1420 3848 1476 3901 δὶ
1514 3850 1798 3917 θωπείαις,

212 3947 380 3999 αὑτὸν
422 3942 745 4005 ὑπελθόντες
792 3944 915 3996 ὅλον
944 3941 1297 4003 οἰκειοῦνται,
1336 3941 1431 4009 καί
1480 3944 1630 3996 οὑδὲν
1663 3943 1802 3997 imo-

214 4049 354 4087 πτον
398 4020 491 4086 ἔπ’
524 4034 710 4102 οαὺτῆς
751 4034 895 4101 ἔχειν
931 4032 1437 4099 παρασκευάζουσι,
1464 4033 1556 4086 καὶ
1586 4035 1802 4101 μάλισθ’

207 4128 299 4179 ὃτι
346 4125 594 4193 γυναιξὶν
647 4125 767 4194 ἅμα
829 4125 927 4176 καὶ
969 4126 1083 4188 τοῖς
1134 4124 1412 4194 φιλτάτοις
1473 4120 1615 4195 ἦσαν
1670 4128 1802 4198 παρ’

213 4217 431 4267 ἐκεῖνον
464 4215 974 4287 αὐτομολήσαντες·
1009 4219 1201 4285 ἀμέλει
1238 4219 1332 4269 καὶ
1363 4216 1525 4287 τιμὴν
1556 4220 1583 4271 6
1636 4219 1801 4272 Ἀνακ

216 4306 490 4376 δευτέραν
528 4306 629 4377 τὴν
681 4307 817 4376 μετὰ
861 4304 1084 4373 βασιλέα
1139 4304 1430 4375 λαμϐάνει.
1468 4308 1526 4360 '0
1566 4308 1664 4376 μὲν
1707 4307 1800 4360 οὖν

215 4399 431 4469 χειμὼν
465 4401 523 4449 ὲν
560 4398 726 4465 πολλῇ
766 4398 892 4460 τοὺς
934 4396 1254 4467 Ἀρμενίους
1288 4399 1580 4451 διανέπαυε
1609 4401 1674 4468 τῇ
1706 4402 1803 4471 ρᾳ-

219 4492 426 4561 στώνῃ,
467 4490 562 4542 καὶ
592 4490 652 4542 τὸ
683 4487 782 4560 ἔαρ
812 4489 997 4553 αὐτοῖς
1030 4489 1440 4559 παραπλησίους
1472 4492 1529 4542 ὲν
1562 4493 1626 4560 τῇ
1655 4493 1803 4564 οἰκίᾳ

1899 3395 2119 3451 fratrem
2168 3396 2400 3449 assumit
2448 3395 2753 3462 adiutorem
2788 3410 2803 3446 :
2836 3400 2892 3447 et
2939 3393 3122 3462 specie
3163 3390 3481 3461 transfugae.

1901 3504 2025 3543 cum
2077 3488 2392 3543 mulieribus
2419 3487 2579 3541 simul
2617 3494 2673 3541 et
2702 3484 3027 3549 infantibus,
3055 3491 3112 3537 et
3150 3494 3259 3537 tota
3299 3484 3482 3548 domo,

1901 3579 2263 3645 omnibusque
2293 3578 2623 3640 domesticis,
2653 3575 2947 3632 acceditad
2982 3590 3162 3646 regem
3188 3574 3482 3628 Armenia.

1902 3668 1998 3721 llle
2061 3676 2243 3720 autem
2287 3676 2342 3719 et
2383 3666 2489 3719 alio
2522 3681 2617 3720 eos
2662 3667 2873 3721 honore
2910 3666 3129 3735 accipit,
3160 3674 3215 3720 et
3254 3665 3497 3734 benigno

1903 3760 2195 3815 admodum
2224 3772 2319 3813 eos
2347 3758 2563 3813 salutat.
2602 3756 2683 3811 illi
2719 3765 2923 3823 autem,
2968 3772 3027 3811 se
3067 3755 3345 3811 blanditiis
3384 3755 3486 3825 ipsi

1904 3853 2265 3917 insinuantes,
2295 3865 2420 3905 eum
2456 3851 2691 3905 reddunt
2725 3850 2951 3904 omnino
2984 3848 3088 3903 sibi
3126 3846 3446 3902 familiarem
3469 3887 3485 3911 ,

1902 3950 1958 3998 et
1992 3944 2253 4004 efﬁciunt,
2290 3953 2350 3996 ut
2378 3956 2474 3997 eos
2504 3941 2642 3995 nihil
2673 3940 2900 3997 habere!
2930 3950 3239 4009 suspectos,
3284 3945 3343 3993 et
3371 3952 3490 3991 ma-

1905 4034 2050 4088 xime
2097 4033 2243 4103 quod
2291 4030 2451 4088 simul
2497 4046 2621 4086 cum
2663 4030 2945 4093 uxoribus,
2987 4039 3043 4085 et
3100 4030 3171 4085 iis
3205 4043 3327 4098 quae
3360 4036 3491 4082 sunt

1905 4116 2252 4186 charissima,
2307 4125 2373 4177 ad
2432 4124 2581 4178 illum
2621 4121 3061 4192 transfugissent.
3110 4120 3295 4189 Itaque
3341 4118 3492 4172 Anac

1904 4213 2206 4269 secundum
2229 4214 2493 4269 honorem
2525 4224 2646 4283 post
2674 4228 2853 4282 regem
2872 4211 3091 4280 accipit.
3117 4211 3294 4279 Atque
3314 4210 3494 4265 hieme

1905 4309 2129 4379 quidem
2178 4307 2422 4361 Armenii
2457 4306 2509 4358 in
2563 4320 2778 4359 summo
2818 4306 3146 4372 quieverunt
3192 4301 3304 4355 otio
3342 4316 3359 4355 :
3398 4314 3495 4354 rer

1908 4414 2125 4469 quoque
2148 4397 2230 4451 eis
2261 4399 2460 4451 multas
2489 4398 2794 4466 voluptates
2828 4395 2880 4447 iu
2910 4409 3005 4448 sua
3038 4391 3210 4462 patria
3232 4390 3496 4461 largieba-

1908 4502 1995 4546 tur
2032 4507 2046 4544 :
2079 4499 2265 4545 aestate
2294 4499 2477 4544 autem
2507 4499 2713 4550 auster,
2748 4486 2923 4541 calido
2946 4485 3070 4538 ﬂatu
3095 4484 3330 4551 spirans,
3366 4496 3492 4535 coe-

214 4588 319 4646 τὰς
362 4582 555 4653 ἡδονὰς
604 4583 912 4652 ἐχαρίζετο,
944 4581 1037 4633 τοῦ
1070 4582 1127 4634 δὲ
1159 4581 1349 4649 θέρους
1384 4583 1411 4634 6
1442 4582 1593 4646 νότος
1628 4586 1793 4639 πνέωκ.

1910 4586 1988 4655 git
2020 4599 2201 4655 regem
2227 4584 2462 4652 migrare
2502 4583 2555 4634 in
2589 4583 2781 4633 Ararat
2815 4576 2975 4632 simul
3004 4589 3128 4629 cum
3164 4574 3497 4642 magistrati-

218 4673 447 4743 θερμὸς,
484 4676 757 4743 μετοικεῖν
787 4673 876 4724 τὸν
912 4671 1133 4740 βασιλέα
1159 4672 1249 4723 ἐπὶ
1272 4672 1337 4724 τὰ
1381 4672 1617 4745 Ἀραρὰτ
1636 4678 1802 4746 ἀνάγ-

219 4768 361 4831 καξε
422 4767 560 4836 μετά
616 4765 725 4817 τῶν
783 4766 842 4817 ὲν
876 4763 1042 4826 τέλει,
1108 4764 1243 4816 ὅπου
1295 4765 1387 4817 καὶ
1454 4766 1592 4819 κατὰ
1643 4767 1800 4836 θέρος

1906 4680 2030 4740 bus,
2074 4677 2165 4731 ubi
2198 4676 2473 4745 degebant
2501 4682 2759 4743 tanquam
2793 4671 2844 4723 in
2874 4683 3040 4724 verna
3073 4664 3354 4735 temperie.
3379 4664 3494 4720 Rex

1904 4770 1991 4824 hic
2020 4781 2245 4823 versans
2302 4765 2628 4821 movebatur
2660 4776 2846 4820 rursus
2884 4763 3144 4815 adversus
3191 4757 3489 4813 Persidem.

218 4860 414 4927 ὥσπερ
448 4860 504 4911 ὲν
526 4857 728 4927 ἐαρινῷ
755 4856 944 4909 θάλπει
977 4856 1071 4908 καὶ
1097 4855 1259 4925 ψύχει
1291 4858 1493 4924 διῆγον.
1532 4858 1793 4913 Ἐνταῦθα

1902 4862 2052 4915 Anac
2082 4869 2264 4915 autem
2295 4860 2615 4914 recordatus
2648 4853 3026 4925 jurisjurandi,
3079 4849 3221 4921 quod
3257 4848 3485 4903 dederat

218 4951 518 5018 διατρίϐων
566 4952 594 5001 6
628 4949 881 5018 βασιλεὺς
918 4950 1057 5001 κατά
1105 4948 1205 5017 τῆς
1261 4949 1521 5019 Περσίδος
1570 4952 1793 5004 ἐκινεῖτο

1899 4952 2178 5014 Artasirae,
2198 4960 2252 5003 et
2273 4950 2538 5004 donorum
2572 4962 2836 5003 accensus
2865 4945 3180 5014 cupiditate,
3205 4956 3263 4997 se
3295 4956 3476 5010 regem

220 5044 406 5095 πάλιν.
454 5041 513 5093 ὐ
552 5041 609 5093 δὲ
641 5039 806 5093 ’Δνὰκ
852 5040 959 5091 τῶν
1012 5058 1068 5093 τε
1120 5040 1214 5094 τοῦ
1261 5042 1588 5110 ’Λρτασείρα
1632 5044 1809 5111 ὅρκων

163 5198 168 5203 θ
221 5135 301 5196 είς
346 5132 571 5203 μνὴμην
615 5128 784 5181 ἐλθὼν
819 5130 914 5180 καὶ
952 5129 1029 5197 τῷ
1084 5130 1440 5197 τῶνδωρεῶν
1480 5129 1811 5195 ἀναφλεγεὶς·

221 5220 871 5295 ἐρωτι,’ίόιολογίσασθαι
904 5221 978 5291 τῷ
1004 5220 1215 5290 βασιλεῖ
1258 5220 1545 5289 Ἀρμενίας
1589 5221 1704 5289 ἅμα
1733 5220 1808 5291 τῷ

224 5316 443 5384 ἀδελφῷ
478 5315 973 5384 προφασισάμενοι,
1012 5312 1326 5381 ἀναγκαίων
1354 5312 1518 5365 τινῶν
1556 5297 1809 5381 πραγμά-

221 5424 335 5460 των
368 5405 533 5476 πέρι,
564 5407 659 5457 καὶ
707 5406 859 5473 μόνοι
912 5404 1049 5474 πρὸς
1100 5405 1257 5474 μόνον
1306 5403 1664 5465 εἰσελθόντες.
1706 5422 1810 5474 μα-

1906 5042 2177 5097 Armeuizc
2208 5056 2453 5095 seorsum
2503 5040 2639 5095 velle
2704 5038 2901 5108 alioqui
2938 5036 3098 5093 simul
3146 5050 3267 5089 cum
3318 5032 3484 5087 fratre

1909 5144 2216 5204 pretexens
2250 5135 2317 5187 de
2349 5135 2511 5189 rebus
2537 5133 2885 5193 necessariis,
2919 5147 3039 5186 cum
3072 5129 3171 5183 soli
3200 5127 3268 5184 ad
3307 5126 3481 5179 solum

1910 5234 2095 5280 essent
2139 5224 2391 5296 ingressi,
2433 5226 2609 5293 ipsum
2652 5224 2847 5277 tollunt
2878 5223 2944 5275 de
2978 5219 3201 5274 medio:
3249 5226 3304 5273 et
3342 5215 3482 5269 fama

1910 5316 2171 5369 exercitui
2225 5313 2428 5368 caedem
2500 5315 2882 5378 annuutiante,
2908 5313 2995 5367 isti
3056 5308 3486 5366 conscendentes

1911 5423 2100 5476 equos,
2144 5408 2271 5460 totis
2308 5406 2514 5462 viribus
2544 5408 2773 5476 fugiunt.

227 5501 447 5568 χαίραις
490 5498 652 5552 αὑτὸν
687 5495 993 5567 ἀναιροῦσι,
1038 5498 1131 5549 καί
1196 5497 1296 5565 τῆς
1366 5498 1552 5566 φήμης
1594 5495 1669 5547 τῶ
1724 5502 2060 5569 στρατοπέδῳ
2104 5500 2411 5570 μηνυούσης
2467 5504 2558 5553 τὸν
2615 5500 2793 5568 ιξόνον,
2825 5503 2933 5560 τοῖς
2966 5502 3152 5559 ἵπποις
3202 5494 3482 5550 ἐπιϐάντες

229 5586 379 5643 οὗτοι
412 5592 709 5660 φεύγουσιν
735 5590 1063 5656 ἁνακράτος.

300 5682 374 5737 Ζ’.
421 5685 483 5736 Ol
517 5684 647 5751 γοῦν
696 5684 971 5750 σατράπαι
1017 5682 1113 5751 τῆς
1150 5682 1442 5752 Ἀρμενίας
1487 5683 1659 5752 λόχοις
1714 5683 1808 5735 καὶ

233 5775 491 5845 λοχαγοῖς
542 5774 648 5826 τῶν
708 5771 952 5838 διεξόδων
1009 5774 1103 5837 τὰς
1162 5773 1381 5835 πλείους
1435 5774 1807 5844 διειληφότες,

232 5865 671 5939 προκαταλαϐεῖν
722 5865 899 5919 αὐτῶν
948 5865 1043 5932 τὴν
1077 5866 1251 5935 φυγὴν
1280 5868 1339 5919 ix
1380 5867 1573 5931 παντὸς
1607 5868 1805 5937 τρόπον

1991 5680 2102 5733 νιι.
2132 5681 2371 5751 δοιτορςε
2399 5692 2582 5735 autem
2630 5679 2899 5735 Armeniae
2943 5693 3065 5733 cum
3112 5677 3402 5747 manipulis
3431 5687 3486 5731 et

1918 5775 2145 5829 militum
2177 5776 2493 5830 ductoribus
2527 5774 2787 5844 plurimos
2812 5779 3169 5841 occupassent
3204 5768 3483 5831 transitus,

1919 5866 1971 5918 in
2021 5866 2200 5921 animo
2254 5866 2522 5922 habebant
2567 5865 2820 5919 omnibus
2864 5861 3036 5917 modis
3076 5859 3253 5929 fugam
3295 5872 3484 5912 eorum
