4148 6474
741 386 839 451 951

1973 399 2260 458 MENSIS
2299 402 2587 463 SEPTEM
2603 406 2773 469 BER.

3904 406 4010 468 952

740 500 1058 571 praevenire.
1087 499 1351 566 Quocirca
1391 517 1488 556 nec
1513 502 1592 556 eis
1621 503 1820 558 frustra
1849 508 2014 560 cessit
2054 509 2314 563 studium.

2422 519 2720 572 διενοοῦντο
2749 537 2763 552 ο
2787 520 2907 573 ὅθεν
2953 519 3071 574 οὐδέ
3103 520 3183 581 είς
3218 519 3394 589 μάτην
3425 520 3606 583 αὐτοῖς
3645 520 3941 592 ἐχώρησεν
3978 525 4009 591 η

738 594 872 646 Cum
911 609 1006 649 eos
1035 594 1180 647 enim
1223 594 1494 663 fugientes
1535 596 1590 648 in
1638 597 1816 650 medio
1857 600 2089 668 quodam
2143 612 2311 670 ponte

741 683 1177 754 intercepissent,
1215 684 1265 740 in
1302 686 1465 739 fluvio
1499 685 1932 743 submerserunt.
1966 690 2030 744 Et
2060 705 2181 745 cum
2227 709 2310 746 re-

739 775 878 828 versi
912 784 1090 828 essent
1122 783 1519 843 persecutores,
1554 775 1722 843 ipsius
1750 776 1899 831 Anac
1924 788 1978 832 et
2013 778 2194 832 fratris
2228 781 2312 833 in.

740 865 1004 918 terlicitur
1033 866 1210 920 omnis
1246 870 1543 936 generatio,
1583 884 1702 922 cum
1737 885 1901 937 agens
1942 871 2192 939 spiritum
2219 888 2309 926 rex

739 952 1117 1011 Armeniorum
1165 958 1270 1012 lioc
1311 968 1613 1015 extremum
1661 963 1994 1028 mandasset,
2041 974 2102 1016 ut
2145 980 2313 1032 genus

740 1062 928 1098 eorum
960 1045 1052 1113 qui
1088 1046 1263 1115 ipsum
1327 1048 1712 1102 interemerant
1759 1051 2004 1104 funditus
2050 1051 2310 1105 interiret.

739 1132 807 1192 Et
844 1138 921 1190 sic
953 1138 1170 1207 quidem
1200 1140 1478 1208 perierunt
1511 1157 1722 1206 omnes,
1771 1151 1967 1209 prater
2011 1142 2146 1195 duos
2180 1143 2315 1196 ﬁlios

745 1227 892 1282 Anac
922 1244 1122 1298 eosque
1157 1229 1310 1284 valde
1346 1230 1602 1288 infantes.
1633 1239 1686 1282 et
1725 1230 1816 1298 qui
1842 1241 1993 1284 erant
2029 1231 2206 1286 adhuc
2233 1232 2315 1284 in-

743 1320 908 1373 voluti
963 1321 1166 1388 fasciis,
1223 1333 1276 1376 et
1319 1322 1610 1376 lactabant.
1656 1321 1801 1387 Quos
1847 1339 1967 1377 cum
2014 1323 2315 1378 seduxisset

741 1411 960 1477 quidam
988 1427 1053 1465 ex
1083 1411 1147 1466 iis
1187 1413 1280 1481 qui
1305 1413 1372 1466 ad
1395 1428 1519 1466 eum
1547 1414 1866 1476 attinebant,
1902 1430 2070 1468 unum
2096 1415 2312 1483 quidem

741 1506 993 1575 deposuit
1021 1507 1074 1560 in
1098 1508 1346 1576 partibus
1378 1507 1630 1570 Persidis,
1659 1509 1886 1563 alterum
1915 1519 2098 1563 autem
2126 1510 2176 1562 in
2207 1510 2314 1564 Ro-

743 1611 900 1648 mana
931 1596 1156 1650 ditione.
1189 1595 1236 1651 ls
1266 1596 1366 1650 fuit
1389 1595 1700 1666 Gregorius,
1736 1599 1891 1668 cujus
1923 1601 2180 1667 praeclara
2216 1615 2313 1669 pro

744 1687 940 1754 pietate
980 1688 1276 1741 certamina
1311 1702 1528 1757 agressa
1567 1697 1646 1742 est
1685 1689 1754 1743 ab
1788 1689 1945 1744 initio
1977 1688 2153 1743 dicere
2193 1704 2315 1743 ora-

746 1780 837 1832 tio.
871 1777 1016 1847 Rege
1045 1787 1225 1832 autem
1245 1779 1623 1833 Armeniorum
1649 1795 1714 1834 eo
1745 1780 1906 1834 modo
1951 1795 2059 1848 quo
2083 1781 2315 1834 diximus

743 1867 1056 1929 interfecto,
1096 1866 1239 1920 felici
1293 1867 1368 1922 rei
1407 1882 1662 1922 successu
1693 1879 1875 1921 motus
1925 1867 2111 1928 Persa,
2134 1882 2316 1921 movet
2349 1857 2387 1911 Β

744 1958 1042 2011 exercitum
1079 1957 1339 2012 adversus
1382 1958 1733 2012 conturbatos
1760 1959 2028 2012 Armenos
2060 1976 2074 2012 :
2117 1966 2171 2012 et
2200 1973 2318 2011 ma-

744 2063 848 2116 gna
895 2059 1014 2102 acta
1055 2049 1258 2116 prada,
1309 2057 1361 2101 et
1397 2049 1584 2102 multis
1617 2049 1862 2102 abductis
1895 2051 2142 2118 captivis,
2176 2065 2318 2120 pra:-

745 2141 888 2194 clare
940 2155 1136 2193 rursus
1195 2138 1248 2192 in
1302 2154 1454 2194 suam
1506 2141 1797 2195 revertitur
1842 2142 2139 2211 regionem.
2181 2140 2317 2195 Cum

745 2240 924 2284 autem
966 2231 1270 2284 invenisset
1299 2230 1439 2285 inter
1463 2232 1708 2300 captivos
1736 2248 1902 2286 unum
1936 2249 2001 2286 ex
2032 2232 2155 2286 ﬁliis
2179 2231 2319 2286 Cur-

745 2337 888 2381 saro.
925 2321 1145 2376 nomine
1185 2320 1516 2386 Teridatem,
1549 2337 1674 2376 eum
1709 2325 1928 2391 quidem
1971 2339 2078 2376 non
2109 2325 2321 2377 interﬁ-

747 2415 820 2469 cit
846 2423 1066 2483 pr0pter
1094 2423 1336 2468 teneram
1365 2414 1541 2468 adhuc
1570 2425 1784 2469 aetatem
1813 2432 1826 2468 :
1861 2415 2026 2469 mittit
2053 2425 2233 2469 autem
2266 2416 2317 2468 in

747 2506 996 2560 exsilium
1031 2506 1084 2560 in
1120 2505 1487 2562 Romanorum
1527 2508 1824 2577 regionem.
1856 2505 1952 2562 llic
1983 2517 2066 2562 est
2094 2507 2320 2564 Terida-

749 2608 852 2662 tes,
897 2599 986 2666 qui
1040 2613 1266 2668 regnum
1309 2599 1694 2653 Armeniorum
1741 2599 2027 2669 posteriori
2079 2609 2321 2670 tempore

748 2689 995 2743 Romano
1048 2688 1248 2743 auxilio
1291 2691 1581 2759 acquisivit
1612 2700 1667 2745 et
1693 2692 1923 2761 accepit,
1967 2700 2021 2746 et
2069 2709 2321 2762 magnum

747 2783 1066 2853 Gregorium
1101 2784 1384 2838 tormentis
1426 2783 1658 2851 subjecit
1693 2785 2178 2838 innumerabilibus
2209 2801 2220 2836 :
2271 2794 2326 2838 et

748 2875 838 2944 qui
865 2890 970 2927 non
996 2875 1169 2928 solum
1195 2889 1320 2928 eum
1348 2874 1572 2928 abduxit
1593 2889 1620 2928 ει
1654 2875 1875 2944 pietate,
1895 2874 1987 2928 sed
2013 2875 2126 2944 ipse
2145 2877 2324 2944 potius

749 2968 873 3035 ejus
899 2965 1202 3020 admirabili
1234 2966 1536 3020 constantia
1571 2975 1626 3020 et
1658 2966 1809 3036 plaga
1844 2967 2079 3036 desuper
2110 2967 2321 3022 immis-

749 3073 806 3111 sa
833 3073 861 3111 a
891 3058 1071 3112 divina
1097 3057 1466 3120 Providentia,
1501 3058 1564 3110 ad
1593 3058 1738 3110 illius
1770 3059 1929 3110 ﬁdem
1965 3058 2061 3111 fuit
2093 3074 2322 3113 conver-

751 3165 864 3205 sus.
894 3149 999 3203 Sed
1034 3149 1152 3203 haec
1181 3148 1398 3218 quidem
1446 3149 1754 3220 singulatim
1791 3150 2095 3219 procedens
2144 3150 2324 3207 deela-

754 3242 888 3297 rabil
913 3242 1113 3298 oratio.

824 3446 963 3506 Vlll.
991 3450 1256 3506 Artasiras
1285 3449 1467 3523 igitur,
1491 3451 1581 3522 qui
1603 3461 1730 3506 tune
1749 3462 1863 3506 erat
1895 3467 1982 3505 rex
2010 3451 2318 3518 Persarum,

751 3551 957 3612 partem
1004 3543 1084 3597 sui
1137 3542 1347 3613 imperii
1382 3544 1550 3612 ipsam
1584 3559 1798 3614 quoque
1828 3543 1956 3598 fecit
1982 3542 2321 3597 Armeniam.

750 3635 1046 3704 Gregorius
1085 3646 1264 3689 autem
1303 3637 1442 3688 ﬁlius
1471 3636 1641 3698 Anac,
1682 3646 1739 3689 ut
1771 3637 2026 3699 diximus,
2054 3637 2146 3706 qui
2182 3637 2323 3691 Cur-

751 3741 873 3779 saro
903 3725 1272 3788 interfecerat,
1299 3727 1501 3796 degens
1546 3726 1598 3778 in
1641 3725 1859 3779 civitate
1892 3726 2152 3781 Czesareze
2179 3727 2323 3796 Cap-

753 3818 1015 3883 padocia,
1065 3826 1119 3873 et
1166 3818 1324 3872 aliam
1375 3818 1562 3874 didicit
1600 3817 1922 3881 doctrinam,
1967 3826 2021 3874 et
2056 3819 2109 3872 in
2161 3820 2323 3874 rebus

753 3909 1080 3965 Christianis
1133 3911 1424 3978 diligenter
1475 3911 1577 3964 fuit
1627 3911 1979 3966 exercitatus.
2040 3911 2323 3966 Teridates

754 4001 1004 4071 proinde,
1041 4001 1131 4069 qui
1165 4011 1284 4055 erat
1311 4017 1376 4054 ex
1408 4001 1670 4068 sanguine
1705 4001 1871 4066 regio,
1901 4001 2237 4055 referebatur
2267 4002 2322 4055 in

755 4107 1040 4146 numerum
1061 4091 1430 4144 Romanorum
1455 4091 1887 4161 magistratuum.
1919 4090 2035 4144 Non
2069 4093 2323 4162 ignorans

751 4192 932 4237 autem
961 4182 1255 4254 Gregorius
1304 4193 1357 4237 et
1402 4199 1518 4253 ane
1564 4183 1692 4237 fecit
1725 4184 1841 4252 ejns
1884 4193 2037 4254 pater
2069 4185 2240 4246 Anac,
2271 4195 2325 4238 et

749 4290 870 4343 qua:
910 4275 978 4330 ab
1021 4276 1139 4342 ipso
1185 4291 1376 4345 passus
1407 4285 1489 4330 est
1529 4286 1682 4344 pater
1720 4275 2010 4340 Teridatis,
2045 4290 2106 4329 ea
2141 4285 2322 4328 tamen

749 4376 958 4420 secreta
986 4365 1125 4434 apud
1157 4381 1215 4419 se
1248 4376 1458 4431 tenens,
1484 4367 1690 4421 accedit
1722 4367 1786 4420 ad
1814 4365 2146 4429 Teridatem,
2170 4381 2228 4420 se
2257 4365 2322 4420 ad

749 4456 1115 4509 voluntarium
1135 4457 1253 4525 ejus
1273 4457 1492 4510 tradens
1514 4458 1894 4516 ministerium,
1926 4465 1980 4510 et
2003 4458 2135 4510 citra
2161 4456 2322 4509 ullam

2417 611 2643 680 σπουδὴ,
2668 611 2802 663 ἀλλά
2835 609 3135 678 φεύγοντας
3159 609 3381 670 τούτους
3427 611 3565 663 κατά
3593 611 3853 680 γέφυράν
3884 630 4009 665 τινα

2418 703 2589 771 μέσην
2613 702 2994 765 ἀπολαϐόντες,
3023 698 3389 770 ὑποϐρυχίους
3418 701 3492 771 τῷ
3517 703 3756 771 ποταμῷ
3788 704 4004 756 ἔδοσαν.

2415 799 2528 851 Καὶ
2591 797 2700 848 τῶν
2749 796 3052 849 διωκόντων
3113 794 3567 864 ὑποστρεψάντων
3627 797 3846 860 γίνεται
3907 795 4009 861 τῆς

2415 890 2607 956 γενεᾶς
2650 889 2808 956 φόνος
2862 889 3100 955 ἀπάσης,
3133 887 3301 939 αὑτοῦ
3353 903 3410 938 τε
3439 885 3530 938 τοῦ
3559 886 3733 938 Ἀνάκ
3772 888 3869 938 καὶ
3909 886 4005 938 τοῦ

2417 978 2669 1045 ἀδελφοῦ,
2703 979 3012 1030 τελευταῖον
3053 977 3210 1030 τοῦτο
3258 975 3387 1038 ἔπος
3431 974 3523 1027 τοῦ
3557 975 3882 1043 Ἀρμενίων
3914 975 4008 1041 βα-

2419 1072 2608 1134 σιλέως
2639 1073 2694 1122 ἐν
2725 1071 2978 1140 ἐσχάταις
3026 1072 3218 1131 πνοαῖς
3256 1069 3686 1138 ἐπισκήψαντος,
3725 1071 3831 1136 τὴν
3863 1085 4004 1119 mv-

2414 1164 2541 1231 τελῆ
2577 1164 2669 1216 τοῦ
2701 1165 2892 1229 γένους
2915 1162 3022 1215 τῶν
3055 1163 3350 1216 ἀνελόντων
3375 1161 3676 1214 ἀπώλειαν.
3722 1162 3840 1213 Καὶ
3863 1159 4006 1211 οὕτω

2421 1257 2518 1324 μὲν
2559 1256 2838 1308 ἀπώλοντο
2883 1256 3104 1318 πάντες,
3163 1253 3302 1322 πλὴν
3343 1253 3433 1305 δύο
3467 1253 3630 1304 τινῶν
3672 1252 3773 1304 τοῦ
3832 1251 4003 1303 Ἀνάκ

2417 1349 2643 1408 παίδων,
2669 1348 2761 1400 καὶ
2793 1346 2998 1398 τούτων
3039 1345 3237 1414 κομιδῇ
3280 1344 3491 1413 νηπίων
3521 1344 3617 1396 καὶ
3647 1345 3706 1395 ἐν
3739 1346 4004 1410 σπαργάο

2418 1459 2526 1501 νοις
2577 1440 2656 1491 ἔτι
2693 1440 2786 1491 καὶ
2815 1439 3039 1506 γάλαξιν
3072 1438 3264 1498 όντων,
3325 1435 3415 1498 οὓς
3447 1437 3557 1488 τῶν
3603 1436 4006 1505 προσηκόντων

2375 1584 2378 1587 ,
2417 1548 2499 1593 τις
2525 1530 2893 1599 ,ὑφελόμενος,
2946 1530 3036 1581 τὸν
3078 1529 3179 1598 μὲν
3213 1531 3269 1582 ἐν
3317 1531 3430 1592 τοῖς
3471 1532 3568 1598 τῆς
3599 1527 3873 1598 Περσίδος
3913 1528 4009 1592 μέο

2418 1637 2557 1694 ρεσι,
2595 1623 2684 1674 τὸν
2708 1621 2766 1674 δὲ
2795 1623 2853 1673 ἐν
2895 1625 2962 1692 τῇ
3002 1621 3286 1690 Ῥωμαῖκῇ
3321 1621 3610 1684 ὑπεξέθετο
3642 1620 4005 1690 ἐπικρατείᾳ.

2415 1715 2717 1784 Γρηγόριος
2747 1715 2775 1766 6
2801 1713 2944 1775 θεῖος
2983 1707 3138 1775 οὗτος
3163 1694 3260 1782 ἦν,
3289 1703 3349 1764 οὗ
3381 1712 3504 1773 τοὺς
3531 1711 3833 1779 λαμπροὺς
3864 1712 4009 1778 ὑπὲρ

2417 1804 2696 1867 εὐσεϐείας
2724 1805 2943 1866 ἀγῶνας
2965 1805 2992 1856 6
3035 1803 3191 1871 λόγος
3223 1801 3476 1870 ἀπαρχῆς
3503 1802 3684 1853 είπεῖν
3717 1800 4006 1869 ὥρμηται.

2417 1895 2524 1949 Τοῦ
2553 1897 2610 1949 δὲ
2649 1896 2950 1964 Ἀρμενίων
2991 1894 3258 1964 βασιλέως
3287 1894 3346 1946 ὃν
3383 1894 3595 1962 εἴρηται
3629 1893 3844 1960 τρόπον
3873 1894 4006 1959 ἀντ-,ο

2419 1987 2677 2057 ρημένου,
2723 1986 2800 2056 τῷ
2831 1989 3178 2056 εὖτυχήματι
3220 1984 3479 2053 ἐπαρθεὶς
3503 1986 3531 2036 6
3567 1985 3817 2053 Πέρσης,
3847 1999 4004 2034 τεταο

2420 2079 2713 2149 ραγμένοις
2740 2077 3122 2148 ἐπιστρατεύει
3157 2079 3264 2137 τοῖς
3293 2074 3623 2144 Ἀρμενίοις,
3665 2076 3767 2126 καὶ
3805 2073 4008 2140 πολλὴν

2418 2170 2842 2238 περιόαλόμενος
2891 2168 3042 2219 λείαν
3069 2168 3162 2218 καὶ
3190 2165 3570 2235 δορυαλώτους
3599 2165 3682 2216 ὅτι
3714 2164 4008 2226 πλείστους

2417 2259 2620 2322 λαϐὼν,
2665 2260 2746 2321 είς
2797 2257 2895 2327 τὴν
2946 2257 3154 2310 οἰκείαν
3199 2257 3466 2326 λαμπρῶς
3498 2255 3780 2322 ἐπανῆκεν
3829 2250 4006 2314 αὖθις.

2420 2347 2609 2416 Εὑρὼν
2653 2348 2707 2399 δὲ
2751 2348 2808 2400 ἐν
2845 2349 2957 2408 τοῖς
2988 2345 3355 2415 αἰχμαλώτοις
3401 2347 3494 2397 ἐνα
3524 2347 3632 2396 τῶν
3675 2345 3814 2396 υἱῶν
3867 2344 4008 2396 1(ου⁴

2423 2438 2574 2506 σαρὼ
2612 2436 2920 2508 Τηριδάτην
2949 2438 3139 2506 ὄνομα,
3178 2437 3277 2488 οὐκ
3323 2437 3536 2506 ἀναιρεῖ
3565 2436 3667 2504 μὲν
3714 2437 3884 2488 αὐτὸν
3922 2436 4008 2487 διὰ

2419 2532 2479 2584 τὸ
2524 2532 2808 2600 Ῥωμαίων
2840 2532 2945 2601 ἢθη
2980 2531 3292 2600 φυγαδεύει.
3334 2525 3502 2592 Οὗτός
3546 2532 3662 2582 ἐστι
3693 2529 4008 2598 Τηριδάτης

2420 2626 2447 2678 ό
2471 2627 2562 2678 καὶ
2593 2627 2690 2694 τὴν
2711 2623 3012 2694 Ἀρμενίων
3038 2624 3211 2694 ἀρχὴν
3238 2626 3416 2694 χρόνῳ
3448 2625 3676 2690 ὕστερον
3716 2622 4007 2689 Ῥωμαϊκῇ

2426 2715 2714 2784 συμμαχίᾳ
2733 2717 2827 2767 καὶ
2852 2715 3017 2784 ψήφῳ
3043 2712 3524 2782 κατακτησάμενος
3555 2712 3650 2764 καὶ
3683 2708 4010 2774 ὑπολαδὼν,

2426 2810 2516 2862 καὶ
2551 2809 2642 2860 τὸν
2678 2808 2853 2877 μέγαν
2887 2807 3189 2876 Γρηγόριον
3225 2805 3480 2875 βασάνοις
3520 2803 3837 2872 ἀμυθήτοις
3878 2803 4008 2854 ὑπο-

2423 2899 2627 2964 λαϐὼν,
2659 2900 2752 2952 καὶ
2786 2898 2860 2969 μὴ
2895 2898 3059 2968 μόνον
3104 2897 3178 2968 μὴ
3205 2899 3523 2968 ἀποστήσας
3562 2895 3762 2948 τοῦτον
3790 2894 3888 2960 τῆς
3928 2894 4010 2944 εἰσ

2426 2991 2661 3056 σεὸείας,
2713 2993 2846 3046 ἀλλά
2893 2991 2983 3044 καὶ
3031 2991 3192 3053 αὐτὸς
3241 2991 3414 3057 δήπου
3475 2991 3542 3058 τῇ
3587 3005 3649 3040 τε
3678 2987 3778 3038 τοῦ
3820 2985 4008 3056 ἀνδρὶς

2425 3085 2696 3152 ὑπερφυεῖ
2728 3083 3010 3152 καρτερίᾳ,
3038 3081 3132 3133 καὶ
3160 3085 3224 3150 τῇ
3255 3080 3474 3141 ἐκθείας
3501 3077 3770 3147 προνοίας
3802 3077 4008 3131 ἀνωθεν

2429 3174 2675 3241 μάστιγι,
2707 3158 2843 3244 πρὸς
2875 3174 2973 3241 τὴν
3000 3171 3213 3224 ἐκείνου
3245 3171 3426 3222 πίστιν
3460 3169 3813 3239 μεταϐαλών.
3849 3169 4007 3222 Ἀλὶά

2427 3265 2595 3322 ταῦτα
2630 3267 2728 3338 μὲν
2752 3266 2894 3320 κατὰ
2929 3267 3095 3338 μέρος
3127 3263 3330 3336 προῖὼν
3367 3266 3394 3317 6
3419 3263 3575 3332 λόγος
3602 3262 3872 3333 δηλώσει.

2497 3449 2581 3506 H'.
2621 3448 2983 3519 Ἀρτασείρας
3033 3450 3079 3502 δ’
3112 3447 3204 3502 οὖν
3240 3449 3358 3502 τότε
3385 3451 3411 3502 ὁ
3435 3448 3541 3502 τῶν
3573 3447 3813 3517 Περσῶν
3860 3445 4007 3511 βασιο

2424 3539 2548 3604 λεὺς
2591 3542 2755 3609 μέρος
2804 3539 2901 3609 τῆς
2935 3539 3071 3602 ἰδίας
3116 3541 3289 3608 ἀρχῆς
3319 3539 3413 3591 καὶ
3444 3539 3542 3607 τὴν
3584 3539 3894 3604 Ἀρμενίαν
3920 3537 4008 3586 udo

2424 3634 2522 3704 τὴν
2558 3634 2872 3702 ἐποιήσατο.
2923 3631 2981 3686 '0
3021 3631 3079 3686 δὲ
3109 3632 3199 3685 τοῦ
3235 3631 3403 3684 Ἀνάκ
3445 3632 3570 3692 παῖς
3598 3627 3698 3681 τοῦ
3731 3629 3830 3680 τὸν
3874 3629 4006 3679 Κουο

2427 3725 2578 3794 σαρὼ
2610 3725 2890 3786 ἀνελόντος
2923 3725 3038 3794 ἅμα
3085 3723 3162 3792 τῷ
3199 3721 3413 3791 ἀδελφῷ
3443 3719 3734 3791 Γρηγορίῳ
3765 3721 3826 3772 ἐν
3864 3717 4005 3770 πόλει

2427 3818 2765 3884 Καισαρείας
2805 3819 2903 3884 τῆς
2944 3815 3350 3875 Καππαδοκίας
3391 3813 3616 3880 διάγων,
3656 3813 3922 3865 παιδείαν
3950 3828 4003 3863 τε

2425 3909 2523 3979 τὴν
2556 3909 2720 3980 ἄλλην
2760 3907 3052 3976 ἐμάνθανε,
3088 3906 3182 3960 καὶ
3221 3906 3285 3958 τὰ
3313 3903 3658 3972 Χριστιανῶν
3703 3904 4005 3970 φιλοπόνως

2425 4005 2664 4072 ἠσκεῖτο.
2697 4000 3006 4071 Τηριδάτης
3043 3993 3331 4052 τοίνυνόἷα
3360 3997 3426 4065 δὴ
3455 3994 3742 4065 βασιλικοῦ
3779 3998 4007 4065 αἵματος

2426 4094 2500 4146 ὢν
2550 4097 2660 4156 τοῖς
2727 4096 2801 4159 ἐν,
2855 4093 2998 4144 τέλει
3054 4092 3439 4161 συνηριθμεῖτο
3507 4091 3835 4159 Ῥωμαίων.
3899 4090 4004 4142 Οὐκ

2426 4183 2635 4250 ἀγνοῶν
2663 4181 2753 4234 οὖν
2791 4183 2817 4234 6
2847 4172 3150 4253 Γρηγόριος
3175 4180 3210 4234 ἀ
3239 4197 3297 4233 τε
3337 4183 3364 4232 6
3388 4179 3580 4232 τούτου
3619 4181 3812 4247 πατὴρ
3847 4181 4006 4231 Ἀνὰκ

2427 4274 2455 4328 δ
2481 4275 2754 4346 επράξατο
2779 4275 2872 4327 καὶ
2899 4275 2933 4327 ἀ
2963 4276 2990 4326 6
3019 4275 3321 4346 Τηριδάτου
3357 4271 3485 4341 παρ’
3513 4270 3680 4324 αὑτοῦ
3712 4273 4002 4334 πέπονθεν,

2428 4368 2704 4437 ἀνέκφορα
2749 4366 2806 4418 δὲ
2844 4365 2997 4433 ὅμως
3035 4368 3168 4432 παρ’
3214 4365 3389 4433 ἐαυτῷ
3425 4365 3700 4431 κατέχων,
3759 4365 4004 4434 πρόσεισι

2425 4460 2502 4530 τῷ
2544 4459 2818 4529 Τηριδάτῃ
2855 4458 2933 4520 είς
2963 4458 3210 4510 ἑκούσιον
3252 4457 3444 4509 ἐαυτὸν
3477 4457 3797 4524 ὑπηρεσίαν
3838 4460 4006 4524 ἐγχει-

749 4547 1159 4601 cxcusationem
1205 4547 1444 4602 Teridati
1496 4547 1550 4602 in
1602 4549 1858 4602 omnibus
1918 4548 2130 4603 fidelem
2168 4563 2317 4601 suam

2431 4555 2614 4623 ρίζων,
2657 4553 2750 4605 καὶ
2790 4547 2858 4622 ἦν
2904 4551 3312 4621 ἀπροφάσιστον
3348 4549 3405 4602 ἐν
3444 4549 3578 4601 πᾶσι
3623 4547 3702 4615 τῷ
3733 4550 4004 4618 Τηριὸάτῃ

751 4638 1027 4704 praebebat
1055 4653 1295 4705 operam.
1319 4638 1456 4692 Cum
1484 4649 1661 4693 autem
1681 4641 1978 4709 accepisset
1998 4639 2319 4710 Gregorium

750 4729 1116 4791 Christianam
1157 4739 1346 4784 tenere
1385 4730 1719 4798 religionem,
1752 4746 1893 4799 aegre
1931 4731 2140 4784 ferebat
2173 4729 2323 4783 Teri-

754 4823 1060 4892 dates,qui,
1090 4824 1188 4876 etsi
1219 4823 1353 4876 nihil
1386 4825 1700 4892 proﬁceret,
1739 4839 1844 4876 non
1867 4825 2115 4877 cessabat
2141 4833 2320 4876 tamen

752 4931 875 4969 eum
903 4915 1205 4984 increpare.
1233 4914 1418 4970 Gottlii
1450 4931 1575 4969 vero
1603 4918 1692 4971 illo
1714 4927 1958 4986 tempore
1984 4914 2321 4986 populaban-

754 5016 844 5058 tur
877 5017 932 5058 et
971 5009 1252 5060 vastabant
1274 5021 1434 5076 agros
1465 5007 1720 5062 Romana:
1750 5007 2004 5078 regionis.
2046 5005 2202 5062 Unde
2231 5003 2321 5071 qui

755 5113 885 5152 tunc
909 5097 1210 5151 Romanum
1261 5099 1541 5153 obtinebat
1575 5099 1862 5169 imperium
1914 5098 2150 5153 surrexit
2209 5097 2322 5166 ipse

753 5207 971 5260 quoque
1025 5189 1156 5243 totis
1195 5189 1445 5244 viribus:
1480 5199 1536 5245 et
1577 5208 1696 5262 qua:
1737 5192 1802 5245 ad
1850 5191 2048 5245 bellum
2091 5191 2323 5260 pertine~

755 5289 886 5336 bant
938 5283 1182 5350 parabat,
1235 5295 1433 5350 eosquc
1483 5283 1711 5338 advocat
1748 5284 1838 5352 qui
1902 5283 2022 5351 ejus
2059 5282 2322 5351 parebant

755 5374 980 5434 ditione,
1014 5389 1074 5425 ac
1121 5389 1177 5427 se
1230 5372 1453 5426 omnino
1513 5375 1814 5429 instruebat
1867 5375 1931 5428 ad
1983 5373 2323 5427 ulciscendos

755 5465 1004 5522 Gottlios.
1056 5464 1190 5518 Cum
1257 5468 1437 5535 itaque
1483 5467 1618 5520 alter
1681 5485 1745 5522 ex
1810 5469 2040 5523 adverso
2101 5469 2324 5522 alterius

759 5556 1122 5613 eastrametuti
1176 5568 1381 5622 essent,
1439 5567 1493 5612 et
1540 5557 1714 5611 aciem
1778 5560 1992 5627 utrique
2040 5559 2324 5612 instruxis-

758 5661 898 5716 sent,
932 5659 985 5706 et
1017 5666 1207 5704 manus
1239 5665 1359 5703 mox
1392 5659 1574 5708 essent
1606 5656 1928 5713 conserturi,
1959 5650 2067 5704 dux
2098 5650 2324 5706 Gottho-

759 5758 878 5797 rnin
922 5744 1232 5812 provocavit
1289 5759 1467 5814 regem
1517 5745 1884 5800 Romanorum
1933 5744 1996 5796 ad
2055 5745 2324 5814 singulare

761 5845 1056 5893 certamen.
1099 5835 1188 5892 llle
1216 5846 1394 5894 autem
1431 5838 1624 5906 (neque
1665 5838 1806 5894 enim
1837 5843 2047 5907 pott'rat
2072 5839 2182 5894 suis
2216 5853 2325 5893 nia-

2425 4646 2520 4698 καὶ
2554 4647 2751 4712 πιστὴν
2794 4644 3079 4706 ἀποδιδοὺς
3124 4643 3449 4711 ὑπηρεσίαν,
3484 4639 3693 4694 Μαθὼν
3730 4641 3790 4692 δὲ
3828 4645 3908 4693 Eri
3942 4642 4002 4690 τα

2425 4735 2775 4802 Χριστιανῶν
2819 4735 3115 4804 θρησκεῷει
3147 4733 3478 4802 Γρηγόριος,
3537 4733 3900 4798 ἐδυσχέραινὲ
3950 4746 4000 4782 τε

2425 4822 2578 4888 οὗτος
2623 4827 2650 4878 6
2692 4825 3000 4895 Τηριδάτης
3051 4826 3145 4877 καὶ
3192 4824 3240 4875 εί
3267 4824 3432 4892 μηδὲν
3463 4823 3649 4892 ἤνυεν,
3688 4823 3846 4890 ὅμως
3893 4823 4001 4872 ἐπιο

2424 4920 2600 4989 τιμῶν
2633 4917 2732 4970 οὐκ
2786 4916 2950 4969 ἀνίει.
2994 4917 3183 4969 Γότθοι
3225 4916 3279 4968 δὲ
3309 4915 3431 4968 κατ’
3471 4917 3648 4967 ἐκεῖνο
3701 4915 3901 4983 καιροῦ
3941 4915 4001 4965 τὰ

2435 5011 2727 5081 Ῥωμαίων
2759 5009 2934 5081 χωρία
2963 5007 3156 5080 ἐδῄουν
3185 5026 3241 5061 τε
3269 5010 3360 5062 καὶ
3389 5008 3873 5076 ἠνδραποδὶξοντο.
3903 5012 4002 5062 Κσὶ

2425 5105 2452 5155 6
2494 5105 2784 5173 Ῥωμαίοις
2833 5103 2890 5154 δὲ
2943 5103 3066 5155 τότε
3115 5103 3211 5171 τὴν
3267 5101 3542 5171 βασιλείαν
3580 5100 3812 5160 διέπων,
3862 5105 3998 5154 διανο

2431 5193 2614 5246 ἕστατο
2653 5199 2746 5244 καὶ
2792 5192 2951 5253 αὐτὸς
2992 5195 3156 5245 παντὶ
3198 5191 3394 5255 σθένει,
3437 5192 3532 5243 καὶ
3566 5193 3635 5241 τά
3667 5190 3750 5251 είς
3778 5191 3873 5244 τὸν
3916 5196 4000 5247 πό-

2427 5283 2590 5354 λεμον
2637 5284 2776 5351 μετά
2820 5283 2929 5334 τῶν
2975 5283 3079 5335 ὑπὸ
3113 5283 3266 5351 χεῖρα
3297 5278 3676 5349 ηὐτρεπίςετο,
3724 5284 3823 5332 καὶ
3864 5285 3995 5350 άμυ·

2434 5377 2639 5429 νεῖσθαι
2661 5375 2889 5437 Γότθους
2918 5371 3568 5438 συνεσκευάζετο.Ἐνθεν
3589 5389 3672 5425 τοι
3697 5373 3825 5426 ἀντὶ
3853 5392 3998 5442 στρα-

2427 5467 2911 5536 τοπεδευσαμένων
2947 5468 3010 5519 ἐκ
3055 5466 3146 5518 τοῦ
3179 5463 3418 5517 ἐναντίου
3455 5461 3742 5531 ἀλλήλοις,
3782 5466 3874 5515 καὶ
3909 5467 3996 5533 τὴν

2430 5563 2691 5630 στρατιὰν
2761 5559 3029 5628 ἑκατέραν
3087 5554 3473 5617 διαταξάντων,
3547 5556 3641 5605 καὶ
3691 5556 3774 5616 εἰς
3820 5559 3996 5626 χεῖρας

2427 5652 2551 5704 ὅσον
2603 5650 2818 5703 οὐδέπω
2883 5651 3090 5708 ἰόντων,
3135 5647 3162 5697 6
3206 5646 3313 5697 τών
3354 5644 3568 5696 Γότοων
3616 5643 3863 5711 ἀρχηγὸς
3927 5645 3996 5702 εἰς

2432 5744 2772 5813 μονομαχίαν
2808 5739 3169 5810 προεκαλεῖτο
3196 5736 3285 5790 τὸν
3319 5735 3542 5806 βασιλέα
3590 5733 3904 5804 Ῥωμαίων.
3946 5734 3993 5785 ὀ

2429 5837 2479 5890 δέ
2511 5837 2598 5906 (οὐ
2641 5837 2750 5904 γὰρ
2794 5827 2902 5892 οἷός
2943 5845 3002 5882 τε
3055 5825 3130 5899 ἦν·
3169 5827 3371 5898 χερσὶνθ
3401 5824 3631 5891 οἰκείαις
3677 5824 3989 5881 καταϐαλεῖν
