4148 6522
191 471 291 535 953

1123 470 1300 532 ἨΤΑ
1344 471 1405 530 S.
1445 468 1846 530 GREGORII
1886 471 2530 540 ILLUMINATORIS.

3343 481 3451 545 954

189 584 278 635 τὸν
306 577 657 652 ἀντίπαλον),
694 578 775 643 τίς
807 578 870 633 ἂν
895 580 1098 632 ἐκεῖνον
1122 579 1438 649 ὐποκριθέκ
1468 579 1551 650 τῷ
1586 578 1774 651 Γότθῳ

1879 582 2039 641 nibus
2068 596 2421 656 prosternere
2449 585 2846 658 adversarium)
2880 586 3179 658 quaerebat,
3198 586 3446 656 quisnam

189 649 517 743 προσϐάλλοι
567 672 633 723 ἐκ
665 669 772 722 τῶν
800 670 929 741 παρ’
965 670 1142 740 ἑαυτῷ
1176 670 1453 742 ἐπεζήτει.

257 855 336 909 8'.
368 853 710 917 Λικιννιανδς
737 855 795 909 δέ
836 872 918 918 τις
968 855 1109 927 ἀνὴρ
1138 856 1249 909 τῶν
1288 858 1347 911 ἐν
1399 858 1772 928 στρατηγίαις

191 945 590 1015 ἐξεταζομένων
622 947 686 999 τὸ
712 948 1014 1015 τηνικαῦτα
1049 948 1275 1020 θαρρεῖν
1337 949 1664 1004 ὑποτίθεται
1695 950 1771 1021 τῷ

192 1035 397 1106 βασιλεῖ
417 1055 429 1066 ·
456 1032 722 1104 εἶναιγὰρ
765 1038 929 1090 πάλαι
956 1038 1063 1091 τῶν
1094 1039 1223 1107 παρ’
1253 1039 1403 1110 αὑτῷ
1456 1057 1765 1107 στρατευοο

194 1128 370 1197 μένων
424 1129 543 1180 τινὰ
566 1171 580 1194 ,
616 1129 924 1199 Τηριδάτην
956 1133 1160 1184 ἐκεῖνον
1212 1131 1303 1184 τὸν
1329 1134 1410 1194 είς
1445 1131 1507 1184 τδ
1556 1132 1773 1201 βασιλι-

192 1220 284 1271 κὸν
312 1220 412 1290 τῆς
457 1222 750 1290 Ἀρμενίας
779 1222 1122 1289 ἀναφέροντα
1145 1218 1304 1292 αἷμα.
1344 1224 1513 1291 ἀνδρα
1535 1224 1768 1294 δυνάμει

192 1311 283 1362 καὶ
312 1312 506 1380 χερσὶν.
531 1313 769 1380 ἄμαχον,
804 1312 899 1364 καὶ
923 1312 1123 1384 πολλὴν
1154 1316 1211 1365 ἐν
1244 1314 1463 1376 πολλοῖς
1491 1315 1770 1369 δεδωκότα

194 1406 388 1473 πεῖραν
417 1404 514 1470 τῆς
539 1403 700 1455 αὐτοῦ
743 1404 1142 1469 γενναιότητος.
1169 1399 1342 1470 Οὗτος
1373 1408 1467 1472 καὶ
1489 1408 1591 1460 νῦν
1620 1411 1770 1472 παρά

192 1493 266 1561 τῷ
299 1494 549 1563 παλατίῳ
579 1495 846 1564 διατρίδει
874 1496 1057 1564 φησίν.
1108 1498 1337 1565 Ἀγεται
1371 1498 1501 1565 γοῦν
1525 1500 1771 1569 Τηριδά-

191 1600 288 1653 της
315 1587 395 1645 είς
430 1586 614 1653 μέσον,
652 1586 746 1638 καὶ
779 1585 876 1657 τὴν
908 1586 1195 1657 βασιλικὴν
1235 1588 1388 1660 αὑτῷ
1421 1591 1771 1660 περιτίθησιν

191 1679 218 1730 ὁ
242 1677 494 1746 βασιλεὺς
521 1678 840 1747 ἁλουργίδα,
872 1681 965 1731 καὶ
994 1680 1065 1732 τὰ
1109 1682 1209 1751 τῆς
1239 1681 1415 1751 ἀρχῆς
1456 1684 1771 1754 παράσημα

194 1771 395 1834 πάντα,
427 1769 503 1833 ὠς
530 1772 595 1825 ἂν
620 1772 806 1841 δοκοίη
837 1772 928 1823 καὶ
953 1771 1207 1840 βασιλεὺς
1237 1769 1399 1836 εἶναι,
1427 1777 1455 1828 ὁ
1484 1776 1584 1845 τὴν
1610 1794 1769 1846 μονο-

197 1864 401 1933 μαχίαν
436 1864 571 1932 πρίις
618 1864 707 1916 τὸν
764 1863 1042 1933 βάρϐαρον
1108 1865 1525 1934 ἀναιρούμενος.
1587 1871 1769 1923 Κατα-

195 1958 419 2017 στάντες
447 1952 541 2010 οὖν
572 1959 650 2019 είς
680 1957 862 2027 μάχην
913 1957 942 2010 ὅ
971 1971 1029 2009 τε
1057 1956 1148 2009 τὸν
1197 1957 1421 2026 βασιλέα
1481 1962 1773 2030 Ῥωμαίων

196 2049 630 2119 ὑποκρινόμενος
663 2049 997 2119 Τηριδάτης.
1037 2052 1131 2103 καὶ
1156 2049 1319 2113 αὐτὸς
1366 2052 1392 2103 6
1419 2052 1525 2105 τῶν
1558 2052 1597 2103 Γ
1601 2054 1773 2109 ὀτοων

195 2140 469 2209 ἀρχηγὸς,
501 2140 652 2211 παρά
682 2141 939 2194 τοσοῦτον
1000 2142 1313 2211 Τηριδάτης
1363 2144 1639 2214 ἐκράτησε
1677 2147 1772 2201 τοῦ

199 2232 503 2303 βαρϐάρου,
560 2234 657 2295 ὡς
704 2234 839 2301 μηδὶ
891 2233 1048 2300 ξίφος
1101 2232 1189 2284 ἐπ’
1249 2236 1411 2287 αὑτὸν
1457 2236 1771 2291 σπάσασθαι

201 2326 339 2394 μηδὲ
369 2325 498 2393 δόρυ
567 2324 811 2390 κινῆσαι,
858 2324 975 2378 ἀλλ’
1040 2326 1284 2393 ἁρπάσαι
1321 2343 1382 2378 τε
1425 2327 1618 2380 τοῦτον
1643 2332 1769 2393 ταῖς

196 2418 356 2484 χερσὶ
388 2416 542 2483 ῥᾷον,
576 2416 668 2467 καὶ
709 2414 857 2484 αὐτῷ
900 2415 1115 2486 βασιλεῖ
1149 2421 1503 2489 παραστῆσαι
1563 2419 1770 2484 ζῶντα.

201 2504 394 2558 Ἔνθεν
417 2522 497 2559 τοι
520 2507 642 2561 οὐδὲ
669 2508 905 2574 ἀναξίων
963 2510 1097 2581 παρ’
1156 2512 1324 2565 αὑτοῦ
1355 2516 1613 2583 τυγχάνει
1665 2516 1775 2569 τῶν

196 2596 395 2659 ἄθλων.
414 2598 676 2667 Χρήμασι
703 2616 756 2651 τε
784 2601 891 2668 γάρ
912 2602 1076 2653 αὐτὸν
1102 2603 1505 2671 φιλοφρονεῖται
1536 2605 1771 2670 πολλοῖς,

197 2690 296 2743 καὶ
320 2690 634 2760 πορφυρίδα
690 2691 1037 2761 περιϐάλλει,
1101 2695 1192 2746 καὶ
1234 2693 1502 2765 βασιλικῷ
1532 2697 1633 2767 τὴν
1682 2716 1775 2751 κε-

197 2784 381 2852 φαλὴν
407 2785 705 2854 ὲπικοσμεῑ
759 2785 1075 2856 διαδήματι,
1125 2775 1222 2840 καὶ
1272 2788 1351 2849 είς
1382 2788 1484 2859 τὴν
1515 2791 1774 2862 πατρῴαν

197 2877 374 2945 ἀρχὴν
407 2876 808 2944 ἀποκαθίστησι
836 2878 925 2931 τὸν
964 2879 1296 2950 Τηριδάτην.
1331 2881 1405 2934 Τὸ
1435 2883 1619 2951 μέντοι
1646 2885 1778 2939 Γοτ-

197 2966 378 3033 θικδν,
410 2967 728 3043 παραλόγου
757 2969 855 3037 τῆς
883 2969 1054 3039 τύχης
1078 2971 1220 3025 οὕτω
1254 2975 1627 3043 πειραθέντες,
1684 2980 1779 3033 καὶ

200 3057 581 3126 συλληφθέντα
611 3056 701 3111 τδν
734 3060 976 3130 ἀρχηγίν
1015 3063 1078 3115 ἐκ
1104 3062 1199 3114 τοῦ
1251 3065 1519 3131 αἰφνιδίου
1554 3070 1776 3138 ίδόντες,

194 3148 549 3205 διεσκίδαστό
573 3167 632 3204 τε
667 3152 814 3207 ἅπαν
871 3155 966 3206 καὶ
1010 3154 1184 3220 ὀλίγοι
1242 3155 1378 3227 πρὸς
1429 3157 1530 3226 τὴν
1567 3161 1776 3213 οἰκείαν

1873 690 1938 729 ex
1971 677 2085 733 suis
2120 692 2181 731 se
2220 678 2372 732 illum
2411 692 2535 734 esse
2573 677 2838 733 simulans
2898 692 3020 734 cum
3066 676 3270 734 Gottbo
3317 694 3449 735 con-

1873 769 2212 838 grederetur.

1943 862 2035 917 IX.
2070 864 2385 919 Licinianus
2425 872 2609 919 autem
2641 864 2723 918 vir
2753 863 2971 934 quidam
3017 878 3083 917 ex
3131 863 3216 927 iis,
3253 864 3345 932 qui
3390 866 3443 919 in

1873 955 2138 1010 ducendis
2179 954 2510 1009 exercitibus
2560 964 2689 1010 tunc
2738 965 2889 1010 erant
2934 953 3161 1021 pulchre
3216 956 3444 1018 versati.

1872 1047 2025 1115 jubet
2073 1050 2451 1114 imperatorem
2507 1048 2650 1100 bono
2700 1061 2819 1099 esse
2853 1046 3085 1099 animo:
3125 1059 3246 1098 esse
3298 1044 3442 1097 enim

1876 1154 2042 1191 unum
2077 1154 2144 1191 ex
2198 1137 2263 1190 iis
2303 1136 2390 1205 qui
2426 1137 2565 1205 apud
2612 1136 2788 1205 ipsum
2842 1137 3092 1198 militant,
3138 1135 3443 1189 Teridatem

1876 1229 2084 1282 scilicet
2104 1227 2275 1288 illum.
2299 1228 2389 1296 qui
2410 1230 2575 1282 refert
2601 1243 2771 1297 genus
2799 1227 2863 1280 ad
2892 1228 3098 1297 regium
3129 1226 3445 1296 sanguinem

1873 1320 2166 1381 Armeniae.
2202 1320 2401 1379 virum.
2437 1320 2526 1388 qui
2571 1318 2777 1371 viribus
2817 1326 2870 1370 et
2915 1318 3081 1371 armis
3106 1328 3187 1371 est
3217 1317 3446 1385 inexpu-

1873 1412 2121 1481 gnabilis.
2165 1421 2222 1465 et
2267 1411 2358 1479 qui
2392 1412 2445 1463 in
2483 1409 2664 1464 multis
2701 1425 2810 1464 sua:
2838 1408 3048 1463 virtutis
3094 1409 3242 1462 dedit
3282 1422 3448 1477 expe-

1877 1505 2147 1560 rientiam.
2207 1503 2259 1558 ls
2319 1518 2466 1556 nunc
2518 1518 2753 1572 quoque,
2818 1500 3030 1570 inquit,
3082 1509 3331 1554 versatur
3390 1501 3442 1553 in

1875 1598 2141 1653 exercitu.
2190 1597 2249 1651 In
2302 1596 2539 1650 medium
2580 1595 2760 1663 itaque
2800 1595 3017 1650 ducitur
3054 1591 3356 1654 Teridates,
3391 1601 3446 1645 et

1873 1706 1996 1745 eum
2030 1689 2377 1759 imperatoria
2410 1687 2583 1741 induit
2618 1689 2913 1755 imperator
2947 1701 3209 1754 purpura,
3240 1692 3296 1737 et
3326 1698 3445 1736 om-

1874 1783 2038 1838 nibus
2081 1781 2385 1849 insignibus
2432 1778 2669 1847 imperii,
2722 1786 2784 1831 ut
2838 1777 3117 1830 videretur
3168 1778 3281 1843 ipse
3321 1789 3446 1827 esse

1876 1876 2217 1940 imperator.
2274 1874 2365 1943 qui
2434 1874 2698 1928 adversus
2752 1870 3042 1926 barbarum
3113 1868 3447 1937 suscipiebat

1876 1969 2149 2039 singulare
2178 1974 2477 2020 certamen.
2511 1964 2645 2019 Cum
2678 1965 2744 2018 ad
2786 1978 3020 2033 pugnam
3052 1977 3180 2026 ergo
3227 1974 3448 2030 proces-

1875 2062 2096 2120 sissent.
2158 2068 2214 2114 et
2258 2059 2349 2128 qui
2403 2056 2766 2111 Romanorum
2813 2056 3004 2124 agebat
3062 2055 3446 2122 imperatorem

1874 2152 2177 2207 Teridates.
2222 2160 2277 2204 et
2313 2151 2427 2220 ipse
2465 2152 2573 2204 dux
2602 2148 2952 2209 Gottltorum,
2990 2160 3161 2215 usque
3193 2144 3328 2198 adeo
3356 2158 3448 2195 suo

1877 2245 2085 2315 perarit
2115 2243 2402 2297 Teridates
2431 2242 2744 2301 barbarum.
2786 2249 2845 2294 ut
2878 2256 2976 2294 nec
3009 2254 3196 2294 ensem
3227 2236 3445 2305 quidem

1875 2339 1929 2393 in
1990 2337 2165 2404 ipsum
2217 2333 2519 2395 strinxerit,
2572 2347 2749 2400 neque
2801 2332 3009 2383 hastam
3040 2328 3271 2382 vibrarit
3305 2344 3318 2379 :
3351 2325 3447 2379 sed

1875 2444 1998 2485 eum
2056 2442 2219 2482 manu
2278 2424 2435 2479 facile
2493 2423 2755 2491 rapuerit.
2806 2430 2863 2476 et
2910 2421 3089 2474 vivum
3124 2418 3340 2473 duxerit
3379 2416 3448 2470 ad

1876 2521 2054 2591 ipsum
2078 2521 2488 2589 imperatorem.
2522 2515 2643 2581 Quo
2675 2514 2841 2585 facto,
2875 2528 2983 2567 non
3024 2511 3242 2580 indigna
3284 2509 3351 2561 ab
3383 2521 3450 2561 eo

1876 2610 2228 2678 consequitur
2276 2609 2517 2677 praemia.
2564 2606 2699 2660 Nam
2738 2614 2793 2660 et
2835 2604 3065 2673 benigne
3119 2604 3168 2655 ei
3218 2600 3448 2654 multum

1876 2700 2103 2770 largitur
2136 2702 2382 2767 pecunize
2413 2708 2467 2752 et
2509 2697 2686 2750 induit
2731 2711 2855 2749 eum
2898 2708 3159 2762 purpura.
3194 2702 3249 2744 et
3286 2696 3452 2759 caput

1876 2793 1993 2861 ejus
2044 2792 2193 2859 regio
2234 2798 2393 2842 ornat
2425 2787 2754 2848 diademate.
2796 2794 2850 2838 et
2894 2800 3003 2837 non
3041 2782 3213 2835 multo
3240 2792 3360 2850 post
3394 2781 3450 2833 in

1878 2894 2166 2956 paternum
2226 2881 2512 2951 imperium
2568 2878 2808 2933 restituit
2864 2876 3194 2930 'l‘criilatem.
3262 2872 3449 2926 Gottbi

1878 2984 2062 3030 autem
2109 2988 2233 3026 cum
2274 2973 2353 3026 sic
2389 2981 2581 3041 praeter
2626 2970 2893 3024 rationem
2928 2966 3207 3021 adversam
3254 2964 3455 3019 sensis—

1878 3078 2001 3125 sent
2034 3067 2327 3129 fortunam,
2376 3073 2434 3117 et
2484 3063 2676 3116 ducem
2717 3075 2874 3112 suum
2924 3067 3152 3125 repente
3191 3055 3452 3108 vidissent

1882 3158 2357 3224 comprehensum,
2388 3150 2621 3222 dispersi
2666 3160 2795 3205 sunt
2827 3161 3037 3206 omnes.
3084 3153 3141 3199 et
3175 3144 3332 3213 pauci
3364 3157 3451 3197 re-

196 3244 497 3312 ἐπανῆκον,
532 3244 633 3314 τῆς
669 3246 955 3314 συμφορᾶς
1003 3246 1245 3314 ἄγγελοι.
1287 3249 1356 3301 Ὀ
1386 3265 1449 3315 γε
1494 3250 1602 3319 μὴν
1642 3250 1775 3303 Ῥω-

1882 3251 2103 3305 dieruut
2132 3249 2186 3303 in
2223 3247 2446 3302 domum
2474 3259 2627 3299 suam
2671 3241 2850 3297 nuntii
2898 3237 3238 3295 calamitatis.
3276 3236 3452 3305 Impe-

199 3335 379 3404 μαίων
404 3335 655 3406 βασιλεὺς
690 3340 827 3406 μεεά
860 3339 1134 3407 λαμπρῶν
1185 3342 1466 3409 τροπαίων
1517 3342 1775 3412 εὐδαιμο-

194 3426 431 3480 νέστατα
452 3428 771 3496 ἀνεζεύγνυ.

270 3517 327 3570 l’.
368 3517 679 3586 Τηριδάτης
711 3517 767 3571 δὲ
792 3519 853 3572 τὸ
876 3520 1001 3590 ἑξῆς
1039 3520 1332 3594 Ἀρμενίας
1352 3523 1655 3594 βασιλεύων
1679 3526 1779 3597 τῆς

196 3606 462 3681 πατρῴας
498 3611 700 3680 μᾶλλον
742 3614 923 3685 εἶχετρ
1005 3615 1453 3686 δεισιδαιμονίας,
1510 3620 1691 3682 ἄλλοις
1720 3636 1778 3672 τε

196 3702 351 3758 θύειν
386 3703 626 3766 εἰδώλοις
656 3707 750 3758 καὶ
775 3707 840 3776 δὴ
877 3707 970 3760 καὶ
1016 3706 1319 3779 Ἂρτέμιδι,
1365 3713 1431 3780 ἢν
1493 3715 1657 3783 ἐτίμα
1716 3731 1777 3766 τε

194 3798 569 3868 διαφερόντως
621 3800 716 3850 καὶ
766 3799 930 3865 φίλην
961 3801 1149 3868 ἠγεῖτο
1182 3801 1324 3855 θεόν.
1367 3803 1649 3856 Ἐϐούλετο
1678 3806 1778 3871 μὲν

193 3884 294 3940 οὖν
326 3890 423 3953 τῆς
449 3885 639 3945 θυσίας
665 3891 941 3939 κοινωνεῖν
972 3889 1123 3957 αὐτῷ
1149 3892 1240 3941 καί
1264 3890 1356 3942 τὸν
1389 3891 1535 3961 ἱερὸν
1569 3894 1779 3965 Γρηγό-

199 3992 337 4046 ριον.
369 3973 505 4043 Τῇδε
562 3973 672 4046 γὰρ
707 3976 782 4047 τῷ
813 3977 1098 4049 Τηριδάτῃ’
1126 3981 1221 4034 καὶ
1276 3982 1437 4046 αὐτὸς
1471 3985 1675 4039 εἵπετο.
1715 3984 1776 4041 ’0

195 4068 255 4122 δὲ
291 4067 393 4121 οὐκ
417 4068 686 4139 ἠνείχετο.
720 4070 1029 4143 Τηριδάτης
1059 4075 1242 4128 τοίνυν
1272 4077 1474 4147 πολλὴν
1511 4081 1658 4150 αὐτῴ
1681 4081 1779 4151 τῆς

195 4175 257 4210 τε
292 4158 459 4229 ἀλλης
495 4162 823 4230 ὑπηρεσίας,
857 4168 948 4216 καί
981 4166 1044 4235 δὴ
1088 4166 1187 4219 καὶ
1215 4170 1310 4236 τῆς
1338 4170 1445 4221 τῶν
1478 4172 1620 4224 ὅλων
1657 4189 1779 4233 ,κοι-

196 4250 400 4313 νωνίας
426 4253 587 4323 χάριν
612 4251 917 4320 ὁμολογῶν.
963 4253 1022 4307 '0
1058 4256 1242 4324 μέντοι
1277 4258 1418 4320 θεῖος
1450 4260 1774 4329 Γρηγὸριοςο

195 4342 294 4404 τὰς
329 4341 430 4411 μὲν
474 4343 819 4413 σωματικὰς,
862 4347 1016 4413 φησὶ,
1093 4348 1462 4418 λειτουργίας,
1511 4353 1637 4405 ὅσαι
1704 4351 1779 4423 μὴ

194 4429 379 4504 ψυχὴν
408 4434 836 4502 διαφθείρουσιν,
869 4436 1051 4508 εὐνοίᾳ
1085 4442 1180 4494 καὶ
1211 4441 1364 4513 φιλίᾳ
1421 4443 1532 4497 τῶν
1580 4445 1777 4497 δεσποο

194 4527 308 4581 τῶν
331 4532 359 4581 ὁ
383 4528 562 4588 κοινὸς
587 4528 739 4598 ,ἡμᾶς
772 4528 1042 4600 δεσπότης
1077 4532 1471 4602 ὑπηρετεῖσθαι
1508 4536 1776 4601 διδάσκει,

194 4620 457 4689 καὶπρὸς
486 4618 691 4678 ταύτας
748 4620 807 4671 οὐ
844 4622 1118 4691 Δεσπότης
1192 4640 1273 4676 σοι
1329 4624 1453 4676 οὔτε
1514 4627 1777 4698 ἀσχολίαν

195 4709 714 4781 προεφασισάμεθα,
742 4709 864 4763 οὔτε
890 4712 1149 4783 ῥᾳθύμως
1185 4715 1644 4788 ὑπηρετήσαμεν,
1678 4721 1783 4773 ὅσα

191 4802 249 4855 δὲ
282 4801 417 4870 πρὸς
446 4801 615 4872 αὐτὴν
639 4803 792 4874 φέρει
825 4805 918 4857 τὸν
976 4803 1219 4858 κίνδυνον
1264 4808 1363 4878 τὴν
1413 4809 1615 4880 ψυχὴν,
1684 4811 1779 4863 καὶ

194 4894 289 4948 τοῦ
321 4895 656 4964 δημιουργοῦ
691 4896 880 4966 πόρρῳ
941 4898 1106 4959 ποιεῖ,
1156 4898 1361 4951 τούτων
1394 4901 1496 4963 οὐκ
1521 4902 1589 4955 ἂν
1624 4904 1654 4955 ὁ
1685 4919 1780 4955 πε-

195 4989 556 5057 παιδευμένος
594 4988 765 5058 ἑτέρῳ
803 4993 1130 5060 κοινωνῆσαι
1169 4991 1479 5061 ἀνάσχοιτο,
1510 4997 1618 5050 κᾶν
1689 4996 1779 5048 δε-

199 5082 411 5146 σπότης
441 5078 470 5130 δ
501 5079 593 5131 ἐπὶ
621 5077 795 5131 ταῦτα
830 5081 1162 5149 παρακαλῶν
1204 5084 1310 5153 είη,
1342 5084 1446 5136 κάν
1494 5087 1779 5154 βασιλεὺς,

194 5173 298 5225 κᾶν
329 5175 377 5225 εί
407 5174 498 5226 καὶ
536 5171 635 5237 τῆς
676 5170 819 5241 ζωῆς
849 5175 1021 5243 αὐτῆς
1072 5175 1282 5244 κύριος.
1335 5177 1522 5231 Ταῦτα
1581 5181 1777 5252 ἐπειδὴ

197 5266 409 5336 μακρὸν
432 5265 682 5317 ἀπέτεινε
735 5263 892 5332 λόγον
942 5268 970 5317 ὸ
1027 5266 1166 5336 ἱερὸς
1208 5267 1530 5338 Γρηγόριος,
1596 5272 1778 5340 θυμοῦ

193 5373 273 5417 τε,
307 5357 759 5425 ὑπερεπίμπλατο
815 5356 1139 5427 Τηριδάτης,
1194 5362 1287 5414 καὶ
1343 5360 1580 5425 ὀξύτατα
1655 5365 1779 5417 κατ’

178 5448 365 5522 νούτοῦ
420 5450 668 5513 ἐκινεῖτο,
761 5451 855 5503 καὶ
918 5449 1127 5502 δέδεται
1188 5452 1286 5520 μὲν
1342 5453 1504 5518 εὐθὺς
1564 5461 1595 5510 ὀ
1657 5471 1781 5520 γεν-

193 5542 359 5605 νάδας
413 5542 471 5608 ἐξ
522 5542 700 5593 αὐτῶν
734 5544 997 5612 ἀγκώνων
1022 5557 1039 5574 ο
1100 5541 1275 5597 ὀπίσω
1304 5545 1379 5597 τὼ
1408 5550 1582 5617 χεῖρε.
1640 5544 1777 5603 Εἶτα

191 5632 351 5699 ξύλον
384 5635 461 5703 τῷ
503 5634 731 5702 στόματι
758 5636 951 5688 τούτου
1004 5632 1351 5704 ὲμσαλὸντες.
1405 5640 1525 5689 κατ’
1592 5642 1780 5708 ἄκραν

190 5722 493 5776 ἀπόστασιν
517 5726 615 5792 τὴν
641 5722 755 5775 ἄνω
785 5726 885 5792 τῆς
934 5728 1084 5779 κάτω
1110 5725 1297 5791 γέψαος
1344 5726 1623 5795 διιστῶσι,
1687 5732 1781 5785 καὶ

193 5814 399 5885 βώλους
434 5814 527 5866 ἐπὶ
555 5816 663 5868 τῶν
689 5813 857 5885 ὤμων
883 5816 1033 5885 αὐτῷ
1062 5816 1156 5869 τοῦ
1207 5817 1355 5887 παρά
1401 5822 1515 5884 τοῖς
1564 5825 1777 5894 Ἀρμε-

189 5907 321 5969 νίοις
403 5906 637 5977 ὀρνκτοῦ
710 5908 1156 5981 ἑπιφορτίζουσιν
1237 5911 1448 5974 Ξλατος.
1530 5915 1779 5972 Ἔπειτα

1882 3349 2030 3394 rator
2090 3348 2269 3391 autem
2315 3337 2684 3389 Romanorum
2733 3347 2858 3387 cum
2908 3327 3185 3399 praeclaris
3230 3325 3453 3396 tropais

1880 3432 2038 3487 rediit
2073 3426 2412 3484 felicissime.

1948 3523 2017 3579 Χ.
2049 3521 2335 3577 Teridates
2358 3526 2566 3584 autem,
2591 3512 2849 3582 deinceps
2871 3525 3096 3582 regnum
3125 3508 3179 3562 in
3202 3506 3457 3562 Armenia

1881 3619 2158 3683 obtinens,
2198 3613 2388 3682 patriae
2426 3619 2549 3666 erat
2574 3608 2793 3663 deditus
2837 3606 2987 3661 falsae
3022 3602 3292 3673 religioni,
3328 3613 3456 3655 cum

1880 3709 2003 3765 aliis
2048 3706 2365 3762 sacrificans
2415 3702 2745 3765 simulacris,
2804 3711 2916 3753 tum
2967 3697 3197 3751 maxime
3254 3693 3456 3755 Diana,

1880 3819 2040 3874 quant
2073 3811 2127 3857 et
2157 3812 2371 3853 summo
2402 3795 2611 3848 honore
2645 3792 2929 3849 afficiebat.
2960 3800 3015 3843 et
3043 3789 3271 3841 amicam
3300 3785 3456 3838 deam

1880 3894 2250 3949 existimabat.
2314 3893 2495 3961 Atque
2542 3896 2944 3944 sacrosanctum
2980 3882 3194 3952 quidem
3246 3877 3460 3933 volebat

1880 3986 2199 4057 Gregorium
2230 4000 2348 4039 csse
2381 3984 2591 4039 socium
2633 3981 2919 4041 sacrificii;
2948 3994 3068 4033 nam
3105 3977 3220 4043 ipse
3243 3986 3459 4043 quoque

1882 4079 2193 4134 Tcridatem
2256 4093 2323 4132 eo
2374 4085 2491 4132 erat
2531 4082 2769 4128 secutus.
2806 4071 2894 4123 Ille
2938 4079 3119 4121 autem
3152 4066 3200 4118 id
3235 4065 3460 4117 minime

1881 4174 2210 4242 patiebatur.
2246 4171 2530 4232 Teridales
2563 4181 2692 4236 ergo
2746 4164 2836 4232 qui
2864 4172 2917 4218 et
2956 4176 3054 4231 pro
3085 4159 3189 4213 alio
3209 4155 3461 4211 ministe—

1879 4262 1985 4324 rio,
2045 4269 2100 4314 et
2162 4272 2259 4328 pro
2317 4258 2699 4311 universorum
2754 4250 3248 4308 communicatione
3303 4264 3359 4302 se
3408 4246 3461 4300 ei

1882 4355 2113 4409 multum
2138 4354 2340 4406 debere
2364 4350 2653 4406 fatebatur.
2685 4348 2909 4415 iubebat
2932 4359 2998 4397 ne
3024 4344 3075 4396 in
3112 4342 3373 4410 religione
3393 4339 3462 4392 ab

1882 4462 1949 4499 eo
1984 4446 2348 4510 discreparet.
2398 4440 2624 4493 Divinus
2652 4446 2834 4490 autem
2881 4433 3176 4502 Gregorius
3210 4448 3221 4482 :
3255 4429 3464 4498 Corpo-

1885 4539 2014 4592 ralia
2041 4538 2285 4607 quidem,
2322 4532 2525 4603 inquit,
2566 4528 2865 4584 ministeria
2920 4542 3037 4595 quze
3071 4538 3178 4577 non
3218 4536 3464 4577 corrum-

1886 4641 2021 4702 punt
2049 4630 2317 4689 animum.
2351 4624 2613 4682 benevole
2643 4631 2697 4675 et
2724 4619 2916 4680 amice.
2954 4616 3191 4671 dominis
3236 4628 3265 4666 a
3308 4613 3464 4666 nobis

1884 4722 2129 4777 exhiberi
2169 4721 2331 4773 docet
2362 4732 2461 4770 nos
2484 4712 2794 4768 communis
2826 4710 3108 4772 Dominus,
3148 4721 3327 4777 neque
3356 4721 3465 4770 quo

1885 4816 2068 4869 minus
2103 4828 2166 4868 ea
2217 4821 2667 4878 exsequerentur.
2721 4803 2815 4857 tibi
2854 4816 3089 4869 unquam
3136 4800 3284 4852 illum
3323 4813 3465 4866 pra-

1887 4909 2160 4961 tcxuimus
2193 4905 2471 4972 negotium
2506 4913 2683 4966 neque
2710 4891 3044 4964 negligenter
3092 4889 3461 4945 inserviimus.

1884 4998 2233 5064 Quaecunque
2253 5003 2432 5045 autem
2464 4992 2633 5057 ipsam
2658 4988 2894 5040 animam
2925 4984 3207 5039 adducunt
3236 4984 3287 5036 in
3315 4981 3460 5051 peri-

1884 5090 2086 5149 culum.
2113 5096 2167 5140 et
2202 5084 2385 5152 procul
2446 5082 2726 5136 abducunt
2765 5080 2833 5133 ab
2875 5078 3068 5147 opifice
3123 5090 3313 5130 eorum
3365 5074 3456 5143 qui

1885 5189 1968 5235 est
2005 5178 2275 5240 eruditus,
2297 5190 2636 5245 nequaquam
2666 5172 2988 5226 sustinuerit
3018 5169 3155 5222 inire
3194 5182 3315 5221 cum
3352 5166 3458 5219 alio

1885 5276 2352 5335 communionem,
2410 5269 2619 5322 etiamsi
2688 5268 3031 5335 imperator,
3090 5262 3301 5317 etiamsi
3363 5264 3454 5331 qui

1886 5364 2051 5417 vitam
2101 5362 2263 5415 habet
2326 5362 2375 5411 iu
2417 5364 2707 5427 potestate,
2745 5358 2953 5426 jubeat.
3000 5354 3136 5409 Cum
3181 5354 3293 5407 haec
3340 5352 3458 5405 fuse

1886 5464 2262 5509 sacrosanctus
2290 5451 2516 5504 dixisset
2545 5450 2839 5521 Gregorius
2864 5488 2879 5512 .
2918 5452 2993 5502 ira
3028 5461 3189 5515 supra
3235 5446 3455 5498 modum

1886 5550 2127 5618 repletus
2178 5554 2261 5599 est
2318 5544 2624 5611 Tcridates.
2684 5558 2739 5600 et
2785 5546 3049 5601 acerrime
3092 5543 3147 5595 in
3183 5556 3307 5595 eum
3356 5539 3456 5593 fuit

1886 5646 2191 5692 commotus
2222 5652 2235 5690 :
2273 5649 2329 5692 et
2363 5640 2575 5691 vinctus
2605 5636 2821 5705 quidem
2858 5635 2957 5687 fuit
2984 5632 3168 5687 statim
3210 5631 3289 5683 vir
3319 5644 3458 5697 prte-

1886 5729 2084 5783 clarus.
2138 5728 2344 5784 Deinde
2382 5745 2503 5783 cum
2534 5729 2736 5798 lignum
2788 5726 2869 5781 ori
2910 5726 3027 5794 ejus
3078 5723 3451 5783 immisissent,

1886 5836 2045 5891 quam
2084 5822 2320 5876 maximo
2356 5831 2583 5893 possunt
2624 5820 2819 5891 Spatio,
2864 5819 3194 5887 superiorem
3246 5821 3453 5881 partem

1888 5912 2201 5985 disjungunt
2247 5914 2313 5968 ab
2374 5912 2637 5983 infcriori,
2686 5922 2739 5968 ct
2781 5914 2900 5985 ejus
2933 5912 3187 5966 humeros
3227 5910 3461 5963 onerant
