4148 6470
724 431 827 492 955

1974 430 2252 489 MENSIS
2292 428 2768 489 SEPTEMBER.

3880 430 3983 490 95-5

723 549 892 619 glebis
923 546 1069 609 salis,
1100 548 1191 615 qui
1222 558 1304 600 est
1337 549 1475 617 apud
1517 549 1804 601 Armenios
1835 547 2053 602 fossilis.
2094 548 2293 601 Deinde

2404 549 2646 617 σχοίνους
2675 544 2769 598 τοῦ
2807 546 2950 616 ἱεροῦ
2982 549 3304 618 ἐκδήσαντες
3338 549 3587 617 σώματος
3624 551 3723 602 καὶ
3779 545 3978 599 τοῦτον

724 643 945 695 funibus
972 650 1322 694 sacrosancto
1348 640 1562 708 corpori
1590 640 1841 709 alligatis,
1868 657 1988 693 cum
2015 656 2135 693 eum
2166 644 2292 694 sub-

722 733 848 786 lime
888 733 1254 794 sustulissent,
1307 741 1445 784 totos
1484 742 1688 798 septem
1743 732 1857 784 dies
1907 733 1953 785 ei
1997 733 2098 787 hoc
2142 749 2292 786 acer-

723 823 852 877 bum
887 823 1190 891 producunt
1219 824 1563 891 supplicium.
1591 822 1717 876 Post
1767 825 2055 892 septimum
2109 836 2289 878 autem

722 927 845 965 cum
895 928 983 964 rex
1024 912 1168 964 illum
1221 912 1348 964 hinc
1396 912 1732 975 deduxisset,
1804 912 2178 979 interrogavit,
2224 927 2289 964 an

724 1008 1004 1059 didicisset
1037 1007 1086 1058 id
1123 1009 1266 1073 quod
1295 1016 1375 1058 est
1403 1006 1614 1062 melius.
1665 1015 1716 1059 et
1748 1008 1982 1075 priorem
2031 1014 2293 1058 mutasset

723 1099 1057 1165 Opinionem,
1085 1105 1135 1148 et.
1154 1097 1257 1150 diis
1277 1099 1549 1150 statuisset
1573 1097 1767 1150 offerre
1793 1096 2135 1151 sacrificium.
2159 1097 2289 1148 Cum

725 1201 905 1238 autem
944 1187 1076 1237 vidit.
1116 1203 1236 1238 eum
1284 1189 1452 1256 magis
1485 1189 1656 1240 zelum
1703 1190 2002 1254 spirantem
2056 1201 2148 1252 pro
2182 1187 2293 1254 pie-

727 1290 855 1338 tate,
895 1279 986 1331 dat
1018 1297 1138 1331 eum
1187 1282 1440 1332 secundis
1475 1291 1782 1342 tormentis,
1827 1279 2096 1347 prioribus
2135 1279 2292 1330 mini-

727 1385 812 1422 me
846 1371 1309 1423 clementioribus.
1343 1369 1645 1437 Suspendit
1685 1385 1806 1422 eum
1857 1369 2182 1437 praecipitem
2225 1386 2290 1422 ex

723 1462 895 1512 altero
952 1461 1084 1528 pede
1137 1462 1456 1527 appendens
1495 1478 1507 1511 :
1544 1469 1596 1513 et
1654 1476 1754 1512 nec
1800 1476 1866 1512 eo
1928 1460 2027 1512 fuit
2071 1460 2288 1527 quidem

725 1564 1040 1612 contentus,
1072 1552 1162 1604 sed
1195 1552 1354 1603 etiam
1383 1553 1567 1605 decem
1608 1554 1848 1611 lictores.
1881 1553 2052 1621 virgas
2086 1554 2290 1605 haben-

724 1652 805 1696 tes
840 1642 890 1693 in
927 1642 1194 1701 manibus.
1229 1643 1368 1694 circa
1401 1657 1523 1693 eum
1566 1642 1753 1694 statuit
1785 1661 1796 1694 :
1839 1650 1890 1694 et
1930 1642 2054 1695 limo
2081 1642 2290 1695 inferne

725 1732 1016 1787 substrata,
1061 1729 1234 1796 ignem
1271 1729 1321 1780 in
1357 1744 1478 1781 eum
1514 1728 1773 1787 immittit.
1813 1731 1946 1782 adeo
1980 1739 2039 1781 ut
2089 1741 2292 1800 martyr

724 1821 883 1872 simul
914 1832 966 1872 et
993 1822 1155 1888 virgis
1187 1821 1582 1880 verberaretur,
1621 1830 1674 1873 et
1701 1820 1926 1873 fetidum
1953 1819 2156 1872 fumum
2189 1836 2284 1872 na-

726 1911 874 1961 ribus
909 1911 1182 1977 exciperet
1215 1928 1227 1964 :
1272 1922 1327 1962 ut
1354 1911 1584 1962 densum
1648 1922 1700 1963 et
1733 1912 2050 1964 continuum
2096 1911 2294 1964 anheli-

729 2013 861 2062 tum,
902 2019 1061 2069 qttem
1114 2005 1396 2056 effundere
1451 2004 1744 2072 cogebatur
1791 2019 1820 2056 a
1874 2004 2062 2072 plagis,
2110 2003 2294 2057 fumus

728 2095 1013 2161 bnpediret
1059 2104 1111 2146 et
1148 2094 1472 2157 Obstrueret,
1530 2111 1598 2148 ne
1643 2096 1950 2148 concedens
1981 2097 2194 2164 quidem
2237 2104 2292 2148 ut

727 2186 979 2252 spiraret,
1017 2186 1108 2237 sed
1126 2185 1452 2253 fulginosum
1483 2187 1630 2239 illum
1665 2187 1773 2239 fimi
1814 2202 2064 2255 vaporem
2096 2189 2146 2240 in
2176 2188 2295 2255 ejus

728 2280 936 2329 viscera
979 2278 1296 2329 immittcns.
1333 2277 1455 2329 Scio
1491 2277 1570 2330 vel
1607 2279 1670 2331 ad
1714 2279 1886 2331 solum
1921 2280 2164 2332 auditum
2203 2294 2296 2332 eos

726 2370 815 2436 qui
844 2370 1038 2421 adsunt
1079 2368 1359 2436 ealigasse.
1391 2367 1482 2423 Ille
1511 2381 1691 2423 autem
1723 2386 1829 2422 non
1888 2371 2058 2422 solum
2088 2371 2297 2423 fortiter

728 2460 958 2521 ferebat,
996 2461 1088 2512 sed
1119 2463 1282 2513 etiam
1326 2461 1554 2516 Domino
1596 2477 1815 2526 magnas
1845 2462 2032 2530 agebat
2077 2465 2295 2529 gratias,

728 2564 780 2606 et
815 2568 936 2606 cum
979 2553 1042 2604 iis
1093 2553 1182 2621 qui
1222 2553 1450 2605 aderant
1500 2552 1668 2606 multa
1701 2553 1765 2606 de
1808 2552 1919 2609 Deo
1957 2555 2294 2623 loquebatur,

728 2655 781 2696 et
825 2644 903 2696 eis
943 2644 1261 2697 ostendebat
1317 2644 1591 2713 pietatem,
1626 2645 1840 2698 etiamsi
1900 2661 2007 2698 non
2061 2648 2299 2714 perfecte

730 2736 1121 2803 intelligebant,
1155 2737 1298 2804 quod
1337 2737 1548 2789 scilicet
1591 2737 1732 2788 Deus
1765 2737 1816 2788 in
1851 2738 2119 2805 principio
2148 2754 2302 2792 crea-

731 2830 1028 2882 vitetelum
1088 2839 1141 2881 et
1187 2838 1407 2890 terram,
1477 2828 1839 2897 formavitque
1898 2831 2196 2895 hominem,
2246 2840 2301 2884 et

732 2923 914 2987 posuit
939 2936 1060 2972 eum
1094 2921 1145 2972 in
1183 2920 1452 2987 paradiso,
1482 2935 1543 2972 ex
1573 2936 1680 2989 quo
1700 2932 1885 2987 postea
1920 2921 2181 2987 expulsus
2201 2921 2302 2973 fuit

731 3022 954 3082 propter
985 3013 1221 3066 mandati
1256 3013 1761 3082 transgressionem.
1810 3011 2013 3067 Deinde
2057 3013 2302 3070 meminit.

731 3107 1128 3167 molestiarum,
1177 3121 1295 3173 qua:
1327 3114 1609 3174 postquam
1644 3106 1710 3158 ab
1742 3105 1846 3159 illis
1879 3106 2111 3174 paradisi
2145 3107 2301 3161 bonis

2399 638 2854 708 μετεωρίσαντες,
2899 639 2978 700 είς
3013 639 3157 690 ἑπτὰ
3182 641 3307 703 ὅλας
3355 643 3566 710 ἡμέρας
3610 643 3714 706 τὴν
3769 638 3982 706 πικράν

2393 730 2601 797 ταύτην
2630 729 2781 798 αὑτῷ
2817 731 3200 798 παρατείνουσι
3227 731 3517 801 τιμωρίαν.
3568 731 3730 785 Μετὰ
3760 730 3819 783 δὲ
3880 734 3982 800 τὴν

2395 822 2628 892 ἑϐδόμην
2657 821 2986 889 καταγαγὼν
3015 821 3177 874 αὑτὸν
3202 821 3413 874 ἐκεῖθεν
3445 824 3471 874 ό
3503 821 3786 890 βασιλεὺς,
3816 825 3981 887 ἐπυνο

2395 912 2586 964 θάνετο
2613 913 2660 964 εἰ
2690 913 2748 963 τὸ
2786 910 2998 981 βέλτιον
3036 911 3387 979 μεταμαθὼν,
3425 913 3523 981 τῆς
3573 914 3862 980 προτέρας
3923 927 3980 961 τε

2398 1003 2659 1071 μετέϐαλε
2695 1002 2870 1070 δόξης,
2913 1003 3006 1053 καὶ
3052 1002 3166 1062 τοῖς
3200 1003 3342 1063 θεοῖς
3380 1001 3519 1066 ἔγνω
3546 1000 3744 1053 θυσίαν
3799 1015 3978 1067 προσ-

2395 1097 2656 1160 ενεγκεῖν.
2703 1094 2918 1161 Ἐπειδὴ
2967 1093 3023 1145 δὲ
3069 1094 3236 1162 ζήλου
3285 1093 3484 1162 μᾶλλον
3511 1092 3649 1162 ὑπὲρ
3677 1091 3976 1155 εὐσεϐείας

2394 1189 2623 1240 πνέοντα
2651 1184 2780 1250 εἶδε,
2822 1188 3104 1253 δευτέραις
3133 1186 3297 1238 αὑτὸν
3329 1185 3508 1237 δίδωσι
3542 1183 3832 1252 βασάνοις,
3870 1201 3978 1251 μη-

2391 1280 2479 1333 δέν
2509 1298 2560 1331 τι
2597 1279 2706 1330 τῶν
2744 1279 3030 1348 προτέραν
3081 1277 3648 1346 φιλανθρωποτέραις.
3710 1277 3976 1342 Κρεμάν-

2391 1389 2510 1422 νυσι
2545 1371 2675 1437 γοῦν
2711 1370 2870 1422 αὑτὸν
2915 1371 3054 1422 κατὰ
3111 1370 3376 1435 κεφαλῆς,
3428 1369 3667 1436 θατέρου
3727 1371 3844 1418 τοῖν
3882 1384 3976 1416 πο-

2390 1465 2497 1515 δοῖν
2529 1463 2853 1530 ἐξαρτήσαςο
2887 1463 2976 1514 καὶ
3005 1462 3124 1514 οὐδὲ
3156 1461 3320 1529 μέχρι
3345 1461 3538 1513 τούτου
3561 1462 3812 1522 ἵσταται,
3842 1458 3976 1509 ἀλλὰ

2392 1557 2486 1606 καὶ
2560 1556 2689 1606 δέκα
2741 1554 2967 1621 δημίους
3031 1553 3262 1620 ῥάϐδους
3332 1550 3420 1603 διὰ
3511 1551 3716 1619 χειρῶν
3780 1549 3976 1614 ἄνδρας

2392 1647 2610 1714 ἔχοντας
2672 1648 2832 1699 αὑτὸν
2907 1649 3243 1716 περιϊστησι,
3281 1645 3373 1696 καὶ
3435 1645 3635 1711 κόπρον
3727 1640 3975 1692 κάτωθεν

2392 1737 2786 1804 ὑποστρώσας,
2868 1735 2975 1804 πῦρ
3059 1737 3181 1788 κατ’
3283 1735 3453 1803 αὐτῆς
3527 1732 3834 1800 ἐμϐάλλει,
3902 1731 3976 1792 ὡς

2394 1829 2528 1897 ὁμοῦ
2562 1847 2620 1880 τε
2649 1834 2768 1891 ταῖς
2813 1828 3028 1898 ῥάϐδοις
3071 1828 3164 1879 τὸν
3217 1827 3471 1895 μάρτυρα
3525 1823 3821 1883 παίεσθαι,
3885 1825 3978 1874 καὶ

2394 1923 2484 1971 τὸν
2514 1921 2719 1988 δυσώδη
2748 1920 2954 1971 καπνὸν
2984 1918 3124 1970 κατά
3144 1918 3252 1972 τῶν
3289 1917 3451 1987 ῥινῶν
3485 1912 3884 1983 ὑποδέχεσθαι,
3912 1912 3977 1963 ἶν’

2395 2013 2442 2063 εί
2470 2014 2562 2063 καὶ
2581 2015 2713 2063 δασὺ
2747 2011 2805 2062 τὸ
2834 2007 3018 2078 ἆσθμα
3052 2009 3144 2061 καὶ
3187 2010 3404 2074 συνεχὲς
3439 2007 3694 2075 προχέειν
3731 2006 3842 2057 ὑπὸ
3872 2004 3977 2055 τῶν

2397 2103 2621 2171 πληγῶν
2677 2103 3059 2168 ἀναγκάζοιτο,
3132 2099 3250 2153 ἀλλ’
3309 2100 3336 2149 ὁ
3378 2097 3582 2159 καπνὸς
3636 2096 3976 2163 ἀποτειχίζοι

2396 2194 2551 2246 τοῦτο
2586 2195 2678 2246 καὶ
2707 2195 3069 2262 ἀποφράττω,
3116 2191 3252 2260 μηδὲ
3282 2191 3542 2243 ἀναπνεῖν
3570 2187 3662 2240 τὸν
3693 2188 3841 2254 ἀέρα
3869 2206 3974 2239 πα-

2401 2287 2684 2355 ραχωρῶν,
2746 2285 2882 2337 ἀλλὰ
2917 2286 2976 2337 τὸ
3008 2283 3302 2352 λιγνυῶδες
3357 2284 3536 2334 έκεῖνο
3586 2281 3690 2347 τῆς
3739 2281 3977 2347 κόπρου,

2399 2377 2537 2427 κατά
2583 2375 2689 2427 τῶν
2723 2376 3046 2444 σπλάγχνων
3087 2374 3235 2442 αὐτῷ
3296 2373 3522 2434 καθιείς.
3574 2368 3690 2424 Οίδ’
3746 2373 3832 2423 ὅτι
3888 2373 3980 2422 καὶ

2399 2466 2536 2537 πρὸς
2584 2465 2682 2537 τὴν
2746 2465 2916 2536 ἀκοὴν
2981 2466 3029 2517 of
3098 2466 3364 2535 παρόντες
3423 2464 3793 2529 ίλιγγιάσατε.
3833 2461 3980 2514 Ἀλλ’

2398 2559 2603 2618 ἐκεῖνος
2635 2557 2694 2609 οὐ
2729 2556 2994 2622 γενναίως
3031 2555 3192 2624 ἔφερε
3231 2554 3409 2623 μόνον,
3450 2553 3584 2606 ἀλλά
3620 2555 3717 2605 καὶ
3769 2553 3976 2620 πολλὴν

2403 2649 2480 2717 τῷ
2509 2650 2751 2716 Δεσπότῃ
2801 2647 2899 2716 τὴν
2951 2645 3300 2715 εὐχαριστίαν
3339 2644 3647 2713 ἀνέπεμπε,
3696 2644 3875 2699 πολλὰ
3923 2657 3984 2700 τε

2402 2743 2530 2810 περὶ
2559 2740 2693 2793 Θεοῦ
2725 2743 2837 2802 τοῖς
2882 2741 3150 2808 παροῦσιν
3184 2739 3508 2811 ἐφθέγγετο,
3550 2743 3645 2794 καὶ
3695 2742 3797 2812 τὴν
3834 2743 3986 2794 εὗσέ.

2401 2832 2557 2883 ϐειαν
2591 2831 2776 2890 αὐτοῖς
2823 2829 3174 2901 παρεδείκνυ,
3217 2835 3263 2884 εἰ
3300 2836 3391 2885 καὶ
3426 2833 3498 2902 μὴ
3542 2832 3747 2894 τελέως
3811 2830 3985 2884 συνίε-

2403 2940 2531 2988 σαν,
2557 2924 2641 2992 ἐφ’
2677 2915 2759 2987 οἷς
2773 2925 2866 2978 καὶ
2894 2926 2984 2976 τὸν
3013 2925 3230 2992 πρῶτον
3261 2925 3546 2994 ἄνθρωπον
3581 2926 3981 2992 κατῳκτίζετο,

2401 3013 2489 3069 διὰ
2516 3017 2613 3085 τὴν
2653 3017 2893 3085 ἐντολὴν,
2921 3017 3010 3068 διὰ
3047 3018 3146 3087 τὴν
3173 3016 3507 3085 παράϐασιν,
3537 3015 3627 3066 διὰ
3658 3017 3760 3080 τὴν
3798 3017 3892 3066 ἐπὶ
3921 3020 3984 3083 τῇ

2403 3109 2712 3176 παραϐάσει
2758 3108 2854 3160 τοῦ
2913 3109 3220 3168 πλάσαντος
3285 3105 3606 3175 καταδίκην.
3671 3102 3794 3158 Εἶθ’
3837 3106 3986 3174 ἑξῆς,

729 3198 1126 3250 εχείᾱὶεεειιηυε
1150 3239 1164 3262 ,
1223 3212 1320 3251 nos
1367 3198 1563 3252 misere
1594 3198 1702 3268 (hei
1738 3198 1868 3252 mihi
1893 3199 1930 3268 ί)
1967 3199 2296 3252 invaserunt.

2404 3199 2472 3250 τὰ
2500 3199 2679 3264 ἀγαθά
2746 3198 3133 3267 ἀπηριθμείτο,
3172 3190 3246 3249 ὧν
3307 3196 3674 3266 ἀθετήσαντες
3709 3198 3814 3267 τὴν
3850 3200 3990 3248 έντοο

731 3287 860 3342 Post
893 3289 1007 3342 haec
1039 3289 1317 3357 subiunxit
1347 3291 1437 3343 Dei
1469 3290 1521 3342 in
1548 3305 1646 3342 nos
1680 3289 2089 3356 benignitatem,
2119 3305 2303 3356 quem-

733 3382 1025 3433 admodum
1058 3381 1311 3434 videlicet
1337 3396 1522 3434 curam
1549 3395 1742 3448 gerens
1773 3393 1969 3433 nostra:
2000 3381 2213 3443 salutis,
2235 3381 2302 3433 ad

731 3486 834 3526 nos
885 3471 1030 3523 misit
1061 3472 1313 3532 doctores
1351 3479 1402 3526 et
1442 3472 1757 3540 prophetas,
1798 3471 1888 3538 qui
1938 3470 2303 3539 praedicabant

735 3564 1006 3635 Unigeniti
1040 3566 1218 3618 carnis
1247 3565 1670 3633 susceptionem,
1695 3575 1748 3618 et
1778 3575 2024 3625 cunctas,
2057 3581 2176 3634 qua:
2206 3579 2302 3633 pro

733 3657 1134 3723 nobisingratis
1156 3657 1221 3708 ab
1252 3670 1316 3708 eo
1349 3666 1614 3722 suscepta:
1639 3657 1876 3715 fuerunt,
1906 3657 2302 3721 perpessiones,

736 3749 1018 3814 colaphos,
1052 3764 1292 3812 crucem,
1339 3748 1604 3810 lanceam,
1645 3745 2006 3798 voluntariam
2047 3757 2299 3812 mortem,

735 3840 856 3906 ejus
887 3841 1365 3900 resurrectionem,
1416 3850 1654 3889 nostram
1703 3839 2121 3902 correctionem,
2154 3853 2307 3892 revo-

735 3933 1003 3985 cntionem
1054 3932 1117 3984 ad
1165 3932 1398 4000 primum
1452 3931 1650 3984 bonum
1708 3929 1964 3984 reditum.
2024 3930 2303 3984 Postremo

736 4027 966 4079 docebat
995 4027 1035 4088 ¹,
1058 4051 1062 4055 ι
1088 4026 1231 4092 quod
1278 4025 1470 4093 dignos
1495 4022 1696 4087 excipit
1737 4037 1961 4090 regnum
2018 4022 2306 4086 caelorum,

733 4129 792 4172 et
837 4117 980 4186 quod
1036 4118 1191 4176 malis
1221 4124 1553 4169 tormentum
1592 4124 1674 4166 est
1703 4126 1970 4181 paratum,
2001 4115 2160 4183 ignis,
2212 4112 2306 4181 qui

738 4227 844 4262 non
897 4210 1303 4277 exstinguitur:
1357 4207 1613 4270 tenebrae,
1669 4220 1788 4274 qua:
1831 4219 1941 4256 non
2001 4205 2304 4256 desinunt:

736 4304 938 4356 vermis
968 4302 1304 4361 immortalis,
1340 4310 1392 4353 et
1421 4299 1779 4368 quodcunque
1809 4295 1952 4351 aliud
1982 4294 2307 4365 supplicium

741 4395 841 4445 sibi
878 4393 1318 4455 recondiderunt,
1351 4391 1443 4459 qui
1477 4401 1602 4442 sunt
1629 4389 1770 4442 servi
1801 4388 2028 4458 peccati.

2403 3289 2498 3357 λὴν
2544 3289 2788 3352 ’ἑαυτοὺς
2845 3287 3277 3358 ἀπεκλείσαμεν,
3355 3289 3448 3342 καὶ
3495 3286 3653 3349 αὖθις
3703 3287 3989 3356 ἐμέμνητο

2405 3380 2498 3433 καὶ
2530 3379 2958 3450 τῶνλυπηρῶν,
3006 3380 3105 3432 ὅσα
3177 3380 3313 3449 μετὰ
3371 3381 3468 3446 τὴν
3514 3379 3741 3428 ἐκείνων
3774 3382 3988 3430 ἀποτυ-

2403 3469 2548 3538 χίαν,
2589 3468 2642 3520 of
2675 3470 2795 3536 μοιῑ
2844 3467 3139 3519 κατέλαϐεν
3197 3467 3393 3526 ἀθλίως
3437 3466 3581 3531 ἡμᾶς
3614 3463 3710 3514 ἐπὶ
3772 3465 3986 3525 τούτοις

2403 3563 2471 3612 τά
2502 3561 2599 3627 τῆς
2616 3557 3360 3626 φιλανθρωπίαςὲπήγαγεν,
3394 3555 3540 3615 ὅπως
3565 3555 3662 3620 τῆς
3703 3557 3985 3622 ἡμετέρας

2407 3651 2706 3721 φροντίζων
2754 3652 2781 3704 ὁ
2826 3648 3171 3720 Δημιουργδς
3237 3648 3531 3716 σωτηρίας,
3620 3645 3984 3706 διδασκάλους

2406 3746 2538 3813 ἡμῖν
2563 3745 2855 3797 ἀπέστειλε
2900 3743 2993 3795 καὶ
3037 3743 3326 3811 προφήτας
3378 3739 3476 3808 τὴν
3504 3736 3599 3788 τοῦ
3632 3735 3986 3802 Μονογενοῦς

2407 3839 2775 3905 κηρύττοντας
2832 3837 3130 3902 σάρκωσιν,
3202 3834 3394 3885 ἔπειτα
3458 3833 3550 3882 καὶ
3599 3833 3707 3899 τὴν
3772 3831 3984 3882 ἐκείνου

2412 3928 2634 3980 κάθοδον
2659 3930 2751 3979 καὶ
2773 3927 2840 3979 τὰ
2881 3926 3019 3995 ὑπὲρ
3069 3925 3223 3994 ἡμῶν
3262 3925 3368 3976 τῶν
3427 3925 3750 3993 ἀχαρίστων
3810 3926 3986 3991 παθή-

2414 4036 2581 4088 ματα,
2619 4019 2685 4070 τὰ
2719 4019 3064 4088 ῥαπίσματα,
3090 4018 3181 4069 τὸν
3214 4016 3466 4084 σταυρὸν,
3512 4014 3609 4083 τὴν
3639 4015 3872 4084 λόγχην,
3903 4017 3988 4066 τὸν

2409 4109 2658 4162 ἑκούσιον
2711 4109 2959 4171 θάνατον,
3003 4110 3153 4172 τέλος
3205 4109 3303 4177 τὴν
3363 4106 3742 4176 ἐπανόρθωσιν
3806 4107 3984 4176 ἡμῶν,

2410 4203 2506 4269 τὴν
2538 4201 2857 4267 ἀνάκλησιν,
2885 4202 2985 4268 τὴν
3016 4203 3096 4260 είς
3129 4200 3189 4251 τὸ
3222 4199 3440 4268 πρῶτον
3475 4199 3679 4264 ἀγαθὸν
3724 4197 3986 4250 ἐπάνοδον

2416 4290 2554 4359 μετὰ
2618 4290 2792 4342 ταῦτα
2866 4292 2965 4358 τὴν
3039 4291 3403 4359 ἐκδεχομένην
3477 4291 3604 4351 τοὺς
3643 4286 3838 4352 ἀξίους
3886 4290 3988 4341 τῶν

2415 4380 2661 4452 οὐρανῶν
2696 4380 2997 4448 βασιλείαν,
3026 4383 3125 4449 τὴν
3169 4382 3538 4450 ἀποκειμένην
3591 4383 3706 4440 τοῖς
3757 4381 3987 4448 φαύλοις
4021 4435 4024 4438 Α

741 4485 994 4553 βάσανον,
1048 4485 1107 4536 τὸ
1165 4487 1235 4543 μὴ
1273 4483 1634 4548 σϐεννύμενον
1687 4481 1818 4548 πῦρ,
1861 4483 1921 4533 τὸ
1985 4483 2057 4550 μὴ
2111 4481 2278 4549 λῆγον
2329 4476 2538 4542 σκότος,
2589 4475 2679 4528 τὸν
2729 4475 2992 4530 ἀθάνατον
3065 4474 3340 4542 σκώληκα,
3396 4474 3490 4527 καὶ
3531 4475 3660 4544 ὅσην
3717 4475 3894 4545 ἀλλην
3943 4465 3987 4526 οι

739 4583 839 4648 τῆς
890 4580 1161 4646 ἁμαρτίας
1214 4576 1390 4628 δοῦλοι
1442 4576 1661 4628 κόλασιν
1705 4575 1935 4635 ἑαυτοῖς·
1965 4573 2343 4641 ὲθησαύρισαν.

809 4672 900 4723 XI.
940 4670 1065 4722 Haec
1105 4685 1224 4722 cum
1257 4668 1624 4729 disseruisset,
1659 4671 1974 4734 lirmamque
2022 4675 2077 4719 et
2119 4665 2301 4716 immo-

2485 4659 2586 4714 IA'.
2619 4658 2804 4714 Ταῦτα
2841 4658 3159 4724 διεξελθὼν,
3201 4658 3296 4711 καλ¹
3347 4658 3751 4726 ἀπερίτρεπτον
3810 4659 3989 4725 ἑαυτῷ

741 4767 903 4836 bilem
940 4761 1041 4816 sibi
1075 4774 1326 4830 precatus
1360 4773 1500 4813 esset
1531 4761 1949 4821 confessionem,
1976 4759 2064 4811 ille
2088 4756 2305 4826 quidem

741 4860 902 4911 linem
952 4855 1208 4920 imposuit
1249 4851 1569 4922 precationi.
1597 4851 1838 4914 Quidam
1887 4864 2066 4904 autem
2113 4866 2176 4904 ex
2207 4852 2310 4904 cir-

741 4948 1168 5008 cumstantibus,
1198 4961 1320 4998 cum
1362 4963 1479 5013 qua:
1533 4945 1619 4997 ille
1665 4944 1871 4997 dixerat
1910 4944 2124 5009 scriptis
2161 4959 2310 4994 man-

741 5043 983 5094 dassent.
1017 5039 1080 5090 ad
1118 5053 1297 5105 regem
1334 5051 1394 5087 ea
1446 5034 1621 5086 statim
1677 5033 1936 5085 referunt.
1975 5031 2149 5097 Atque
2175 5030 2310 5082 Gre-

744 5137 899 5204 ςυτίο
924 5131 1136 5198 quidem
1172 5131 1306 5197 pede
1358 5142 1642 5195 SUSanSO,
1674 5141 1887 5177 rursum
1921 5131 2171 5192 peractus
2199 5129 2317 5172 erat

744 5235 955 5289 septem
986 5220 1195 5272 dierum
1248 5232 1457 5269 cursus.
1507 5215 1597 5267 Ille
1645 5229 1766 5266 cum
1819 5228 1941 5265 eum
2001 5226 2186 5263 rursus
2220 5209 2318 5263 de-

744 5316 1012 5373 duxisset,
1037 5308 1381 5363 existimabat
1418 5321 1540 5358 cum
1576 5320 1696 5358 esse
1744 5318 2084 5371 persuasum,
2119 5303 2315 5353 victum

748 5423 776 5455 ιι
823 5403 1108 5470 supplicio.
1142 5400 1277 5453 Cum
1314 5409 1492 5450 autem
1527 5399 1752 5450 vidisset
1781 5409 1903 5448 eum
1938 5394 2238 5462 promptius
2265 5400 2317 5442 et

746 5498 980 5553 alacrius
1001 5511 1030 5547 e
1053 5497 1156 5548 vita
1174 5495 1558 5550 discessurum,
1576 5506 1734 5557 quam
1764 5506 1791 5542 a
1813 5488 1916 5540 fide
1939 5488 1990 5540 in
2017 5486 2316 5542 Christum.

749 5611 806 5644 se.
846 5590 1144 5659 gf‘ﬂVfOl‘Cﬂl
1181 5584 1397 5654 martyri
1433 5591 1585 5652 parat
1608 5583 1996 5645 adversarium,
2028 5594 2084 5632 se
2107 5578 2319 5632 confert

749 5687 815 5735 ait
871 5681 972 5734 alia
1019 5677 1376 5747 excogitanda
1426 5685 1716 5738 tormenta,
1752 5673 1945 5741 quibus
1993 5687 2097 5726 non
2153 5667 2319 5737 possit

827 5845 1027 5898 ‘Marc.
1067 5859 1134 5905 ix,
1165 5840 1247 5891 4’5.

2415 4752 2785 4818 ἐπευξάμενος
2816 4752 2908 4803 καὶ
2939 4750 3134 4817 ἀκλινῆ
3172 4750 3268 4816 τὴν
3314 4747 3624 4815 ὁμολογίαν,
3653 4749 3681 4799 ὁ
3711 4747 3814 4813 μὲν
3838 4749 3988 4807 τέλος

2415 4844 2651 4911 ἐπέθηκε
2682 4845 2747 4911 τῇ
2777 4844 2903 4910 εὐχῇ
2926 4853 2939 4867 °
2973 4841 3082 4891 τῶν
3113 4840 3168 4891 δὲ
3201 4838 3574 4907 περιεστώτων
3603 4839 3772 4904 τινὲς,
3801 4844 3987 4908 γραφῇ

2416 4938 2482 4989 τὰ
2528 4934 2617 4986 ὑπ’
2648 4935 2856 4985 ἐκείνου
2903 4932 3169 5000 εἰρημένα
3215 4931 3581 4993 διαλαϐόντες,
3618 4932 3989 5001 ἀναφέρουσιν

2416 5030 2573 5090 εὐθὺς
2605 5028 2679 5089 ὡς
2722 5027 2810 5078 τὸν
2847 5024 3086 5093 βασιλέα.
3123 5024 3211 5092 Τῷ
3252 5025 3348 5092 μὲν
3403 5020 3495 5074 οὖν
3555 5023 3851 5092 Γρηγορίῳ
3900 5024 3988 5076 τοῦ

2416 5119 2574 5178 ποδὸς
2615 5117 3020 5186 ἀπῃωρημένῳ,
3047 5114 3272 5181 ἕϐδομος
3300 5112 3521 5180 ἡμερῶν
3539 5111 3773 5180 ἀριθμὸς
3800 5112 3991 5178 ἠνύετο

2415 5215 2596 5266 πάλιν.
2640 5210 2696 5260 '0
2724 5211 2778 5261 δὲ
2817 5208 2912 5259 καὶ
2949 5202 3103 5266 αὖθις
3137 5203 3488 5270 καταγαγὼν,
3548 5203 3848 5254 πεπεῖσθαι
3888 5203 3990 5270 μὲν

2417 5303 2576 5357 αὐτὸν
2616 5300 2750 5369 ᾤετο
2785 5301 2882 5365 τῆς
2915 5297 3186 5358 κολάσεως
3212 5298 3544 5366 ἡττηθέντεν
3575 5295 3768 5364 επειδη
3796 5295 3850 5347 δὲ
3886 5293 3991 5350 εἶδε

2420 5397 2701 5467 πρόθυμον
2735 5393 2861 5444 ὄντα
2889 5393 2984 5456 τῆς
3035 5390 3209 5457 ψυχῆς
3241 5387 3549 5455 ἀποστῆναι
3587 5387 3789 5453 μᾶλλον
3826 5391 3857 5460 ἦ
3895 5391 3991 5457 τῆς

2426 5490 2504 5548 εξς
2536 5482 2769 5554 Χριστὸν
2801 5479 3058 5541 πίστεως,
3095 5477 3393 5548 βαρύτερον
3429 5480 3839 5547 ἀνταγωνιστὴν
3871 5482 3995 5532 ἐαυ-

2426 5577 2516 5630 τὸν
2559 5569 2965 5641 παρασκευάζει
3004 5571 3078 5637 τῷ
3147 5568 3407 5637 μάρτυρι,
3455 5570 3551 5621 καὶ
3609 5569 3748 5634 πρὸς
3794 5570 3998 5637 ἑτέρων

2431 5665 2677 5735 βασάνων
2713 5659 2949 5720 ἐπινοίας
2986 5660 3171 5727 χωρεῖ,
3222 5659 3478 5714 οὐδειιίαν
3530 5658 3840 5727 ὑπερδολὴν
3864 5663 3997 5711 ἀτη.
