4148 6492
738 428 843 491 963

1978 425 2260 484 MENSIS
2301 423 2774 484 SEI’TEMBER.
3902 429 3990 490 954

738 545 958 596 omnino
994 542 1244 596 deiicere.
1279 541 1384 594 Sed
1418 537 1682 592 narranda
1720 538 1881 590 multa
1934 538 2145 606 reliquit
2185 554 2303 591 ora-

2421 551 2734 608 πεπονηκος
2763 540 2820 591 τὸ
2868 541 3046 610 σῶμα,
3098 540 3190 592 καὶ
3233 542 3412 594 τέλεον
3445 542 3694 595 ἐκλιπεῖν
3730 545 3837 598 οὐκ
3887 550 3982 599 tia.

741 637 837 695 tio,
874 650 996 687 cum
1028 648 1095 685 ne
1140 633 1400 685 tantillum
1433 631 1590 682 vellet
1619 631 1891 682 discedere
1919 644 1946 679 a
1984 629 2079 679 viri
2108 643 2314 681 memo-

740 726 839 779 ria.
878 725 1042 777 Nobis
1074 725 1233 794 igitur
1267 722 1650 775 revertendum
1703 730 1783 774 est
1809 721 1873 773 ad
1906 735 1967 772 ea
2002 736 2120 789 qua:
2155 722 2312 774 dein-

739 834 872 886 Ceps
920 828 1212 884 sequuntur
1253 817 1304 867 in
1344 817 1591 868 historia.

806 908 968 962 XVII.
1018 910 1302 962 Teridates
1369 923 1495 975 ergo
1553 907 1844 958 arbritatus
1900 921 1957 958 se
2014 906 2309 960 inevitabili

735 1005 896 1055 morti
930 1002 1145 1054 dedisse
1187 1001 1415 1067 justum.
1451 1014 1571 1051 cum
1618 1008 1761 1051 esset
1807 999 1992 1066 utique
2046 999 2220 1053 hiems
2260 1008 2313 1051 et

733 1094 926 1160 frigus,
964 1094 1077 1159 ipse
1129 1091 1335 1143 accedit
1385 1092 1450 1142 ad
1500 1089 1701 1158 regiam
1747 1089 2115 1141 Armenicam.
2160 1089 2313 1142 Illinc

735 1195 918 1238 autem
967 1183 1367 1250 expeditionem
1425 1180 1652 1247 suscipit
1699 1179 1959 1231 adversus
2009 1180 2223 1238 Persas.
2258 1192 2311 1233 et

740 1292 926 1330 eorum
962 1276 1322 1343 populabatur
1355 1274 1629 1340 regionem
1674 1291 1685 1325 :
1722 1282 1776 1324 et
1818 1272 2024 1340 trajecit
2058 1271 2109 1324 in
2143 1273 2306 1341 Assy-

735 1371 892 1425 riam.
929 1379 981 1421 et
1020 1368 1150 1419 vicit
1187 1379 1433 1434 pugnans
1475 1363 1734 1432 singulari
1765 1364 2083 1425 certamine,
2133 1372 2187 1416 et
2223 1378 2310 1415 ce-

730 1460 898 1513 lebris
938 1469 1051 1511 erat
1083 1467 1302 1525 propter
1333 1471 1419 1507 res
1454 1455 1520 1505 ab
1570 1470 1634 1506 eo
1666 1465 1843 1523 gestas
1874 1465 2019 1506 recte
2055 1463 2104 1506 et
2138 1452 2309 1505 felici-

733 1562 836 1604 ter.
889 1551 1369 1604 Vcrumenimvero
1412 1547 1552 1605 Jovi.
1602 1548 1780 1599 Dianae
1827 1557 1881 1599 et
1908 1546 2124 1598 Herculi
2155 1549 2307 1598 attri-

727 1644 929 1697 buebat
966 1641 1264 1695 victoriam.
1297 1640 1480 1707 Neque
1512 1655 1638 1692 vero
1665 1639 1720 1691 in
1756 1640 1860 1692 illis
1886 1638 2131 1691 colendis
2149 1653 2304 1691 suum

728 1745 941 1787 tantum
999 1732 1236 1801 ponebat
1318 1730 1601 1792 studium,
1675 1729 1768 1781 sed
1823 1729 1985 1780 etiam
2049 1728 2308 1780 adversus

728 1827 1071 1878 Christianos
1129 1826 1272 1891 ipsos
1331 1829 1384 1874 et
1448 1822 1780 1886 impietatem
1859 1817 2207 1871 vehementer
2253 1829 2305 1871 et

2417 625 2574 682 Ἀλλὰ
2621 630 2922 699 προφθάνει
2955 633 3054 700 τὴν
3103 632 3426 685 ἀκολουθίαν
3464 636 3489 685 ὁ
3517 635 3701 701 λόγος,
3743 636 3823 704 μὴ
3867 638 3991 688 ἀποο

2415 725 2604 791 στῆναι
2634 724 2764 791 μηδὲ
2799 722 2970 792 βραχὺ
2998 724 3096 789 τῆς
3122 722 3216 775 τοῦ
3249 725 3440 793 ἀνδρὸς
3486 727 3714 794 μνήμης
3751 728 3978 780 ἐθέλων,

2452 816 2595 881 Πμίν
2627 815 2681 864 δὲ
2719 815 2848 881 πρὶς
2884 815 2948 865 τὰ
2978 814 3104 881 ἑξῆς
3131 817 3414 866 ἐπανιτέον
3439 818 3535 884 τῆς
3569 819 3851 885 ἱστορίας.

2485 906 2581 957 1Ζ’.
2636 906 2946 974 Τηριδὰτης
2987 907 3170 958 τοίνυν
3227 907 3442 977 θανάτῳ
3497 911 3861 978 παραδοῦναι
3905 915 3987 964 τὸν

2412 994 2619 1046 δίκαιον
2652 994 2880 1062 ἀφύκτῳ
2935 997 3179 1062 νομίσας,
3214 997 3480 1064 χειμῶνος
3507 999 3570 1065 δή
3605 1016 3709 1050 που
3744 1016 3987 1050 συνιστα-

2417 1088 2579 1156 μένου
2622 1089 2715 1138 καὶ
2743 1087 3099 1155 διαψύχοντος
3141 1089 3301 1148 αὐτὸς
3345 1091 3438 1140 ἐπὶ
3484 1089 3591 1140 τῶν
3640 1090 3987 1157 Ἀρμενικῶν

2414 1180 2701 1246 βασιλείων
2732 1180 2955 1250 παρῄει.
3003 1180 3239 1231 Ἐκεῖθεν
3273 1181 3330 1233 δὲ
3371 1183 3463 1232 ἐπὶ
3509 1183 3729 1251 Πέρσας
3757 1186 3987 1250 ἐκστρα-

2411 1273 2577 1333 τεύει,
2609 1274 2701 1324 καὶ
2732 1274 2831 1342 τήν
2860 1290 2918 1324 τε
2949 1271 3133 1340 χώραν
3163 1271 3345 1323 αὐτῶν
3376 1273 3702 1342 κατέτρεχε,
3732 1277 3833 1326 καὶ
3863 1279 3987 1342 πρὸς

2409 1365 2508 1431 τὴν
2552 1364 2852 1432 Ἀσσυρίων
2899 1363 3158 1426 διέὄαινε,
3215 1365 3310 1416 καὶ
3356 1366 3685 1433 μονομαχῶν
3741 1367 3982 1433 ἐκράτει,

2409 1458 2500 1506 καὶ
2535 1455 2702 1514 πολὺς
2746 1450 2814 1523 ἦν
2875 1455 2983 1515 τοῖς
3029 1454 3376 1522 εὐτυχήμασι
3408 1455 3502 1504 καὶ
3557 1457 3675 1514 ταῖς
3715 1454 3985 1523 ἀνδραγα-

2408 1545 2572 1606 θίαις.
2618 1545 2762 1614 Πλὴν
2804 1543 2938 1597 ἀλλὰ
2974 1545 3056 1595 Διὶ
3106 1547 3197 1596 καὶ
3242 1546 3520 1614 Ἀρτέμιδι
3575 1547 3674 1598 καὶ
3717 1546 3981 1615 Ἠρακλεῖ

2407 1641 2474 1690 τὰ
2505 1639 2600 1706 τῆς
2630 1638 2783 1706 νίκης
2831 1636 3089 1688 ἀνετίθει.
3138 1637 3358 1700 Ἀμέλει
3412 1640 3506 1690 καὶ
3537 1638 3660 1690 οὐδὲ
3696 1641 3838 1707 περὶ
3893 1638 3980 1707 τὴν

2407 1729 2629 1781 ἐκείνων
2674 1732 2834 1797 μόνον
2880 1731 3124 1781 ἐπονεῖτο
3170 1728 3486 1797 θεραπείαν,
3520 1730 3656 1781 ἀλλὰ
3710 1731 3814 1782 καὶ
3850 1735 3981 1782 κατὰ

2408 1824 2748 1892 Χριστιανῶν
2778 1823 2958 1875 αὒτών
2993 1824 3084 1875 καὶ
3117 1822 3214 1890 τῆς
3263 1822 3546 1883 εὐσεϐείας
3591 1822 3777 1872 δεινὸν
3832 1824 3978 1875 ἔπνει

730 1918 919 1971 insane
946 1916 1204 1985 spirabat.
1246 1916 1322 1967 Eo
1346 1923 1524 1965 autem
1565 1921 1823 1978 tempore,
1861 1912 2001 1978 quod
2042 1911 2303 1963 interces-

2409 1916 2502 1966 καὶ
2536 1914 2786 1980 μανικόν.
2818 1915 2922 1966 Τὸν
2953 1915 3008 1968 δὲ
3056 1914 3260 1982 μεταξὺ
3300 1915 3487 1967 τοῦτον
3521 1914 3722 1984 χρόνον
3755 1915 3861 1984 τὴν
3896 1915 3982 1983 βα-

729 2011 820 2069 sit,
854 2009 942 2076 qui
975 2007 1276 2058 Romanam
1309 2018 1603 2072 purpuram
1634 2017 1741 2054 non
1775 2001 2008 2055 ieliciter
2030 2001 2299 2062 induerat,

727 2102 1102 2154 Diocletianus
1139 2113 1359 2150 uxorem
1395 2098 1595 2149 ducere
1625 2095 1858 2154 volebat,
1890 2103 1945 2145 et
1977 2093 2304 2162 procurabat

726 2189 828 2242 sibi
867 2189 1296 2242 matrimonium.
1331 2186 1465 2240 Cum
1500 2194 1680 2238 autem
1724 2182 1864 2251 apud
1904 2183 2082 2251 ipsum
2119 2191 2303 2237 essent

723 2295 914 2334 omnes
942 2291 1122 2349 patres
1163 2283 1251 2346 qui
1314 2278 1532 2331 alebant
1584 2275 1839 2344 virgines,
1868 2283 1943 2335 et,
1977 2284 2035 2326 ut
2064 2273 2112 2326 ei
2147 2288 2300 2326 suam

723 2371 1146 2439 desponderet,
1207 2383 1452 2436 unusque
1506 2367 1660 2419 valde
1719 2365 2019 2424 moliretur,
2079 2363 2166 2415 ille
2217 2362 2304 2416 his

678 2501 681 2503 -
724 2463 980 2524 omnibus
1014 2459 1317 2528 praeteritis,
1355 2465 1638 2525 postquam
1668 2453 1721 2504 in
1748 2451 1978 2520 quadam
2007 2466 2069 2504 ex
2096 2450 2162 2503 iis
2183 2465 2311 2517 quas.

722 2555 842 2621 eius
871 2554 1134 2619 parebant
1168 2546 1396 2613 imperio
1449 2539 1758 2595 civitatibus
1789 2538 2056 2593 intellexit
2084 2548 2301 2590 sancta-

727 2661 848 2697 rum
910 2643 1176 2709 virginum
1232 2640 1461 2691 chorum
1525 2633 1768 2688 exerceri
1831 2633 1884 2684 in
1945 2631 2298 2691 monasterio,

722 2736 923 2804 quibus
971 2740 1199 2800 pi‘aacrat
1249 2728 1465 2795 quidem
1504 2725 1708 2778 Gaiana
1745 2740 1756 2773 :
1794 2723 1934 2774 inter
1978 2721 2094 2772 illas
2122 2728 2301 2772 autem

726 2839 888 2877 unam
925 2838 1065 2882 esse,
1105 2822 1401 2888 ltipsimem
1434 2827 1700 2874 vocatam.
1740 2821 1794 2867 et
1824 2814 1890 2866 ad
1932 2812 2044 2881 ipsa
2075 2810 2299 2874 Gaiana,

728 2931 851 2968 cum
887 2914 1058 2967 ambae
1084 2921 1268 2966 essent
1295 2908 1585 2963 Christiani
1617 2905 1831 2974 generis
1851 2913 1903 2956 et
1924 2903 2221 2969 sanguinis,
2248 2904 2301 2953 in

726 3009 926 3076 pietate
968 3007 1256 3058 educatam
1291 3011 1452 3068 atque
1479 2999 1768 3056 eruditam,
1799 3009 1918 3061 quae
1951 2994 2093 3050 sicut
2119 2994 2298 3061 specie

727 3098 965 3160 virtutis,
1003 3097 1071 3148 ita
1107 3095 1268 3148 etiam
1307 3090 1713 3162 pulchritudine
1759 3090 2005 3154 corporis
2055 3094 2174 3138 erat
2208 3087 2303 3137 ad—

729 3190 949 3242 modum
1008 3187 1237 3254 insignis
1267 3201 1280 3237 :
1315 3183 1394 3237 vel
1434 3183 1546 3252 ipsa
1583 3182 1701 3249 ejus
1737 3179 1968 3247 imagine
2007 3178 2301 3245 imperator

726 3293 1010 3340 accensus,
1039 3292 1201 3344 quam
1237 3273 1302 3326 ad
1351 3289 1475 3324 eum
1538 3272 1807 3341 depictam
1855 3271 2070 3337 quidam
2127 3269 2303 3336 pictor

725 3370 999 3432 attulerat,
1033 3371 1202 3435 ipsam
1259 3368 1482 3416 amabat
1533 3357 2033 3421 vehementissime,
2077 3367 2131 3411 et
2177 3359 2308 3410 aﬂ'e-

723 3460 932 3516 etionis
957 3468 1123 3513 (nstro
1166 3456 1539 3510 concitaliatur
1571 3473 1582 3507 :
1613 3464 1836 3520 eratque
1867 3450 1955 3503 ille
1981 3465 2129 3503 amor
2156 3465 2304 3504 mera

729 3554 959 3612 insania,
992 3564 1045 3604 et
1083 3551 1238 3620 plane
1300 3548 1500 3602 rabies.
1539 3547 1600 3599 Et
1646 3549 1731 3599 ille
1781 3544 2004 3613 quidem
2034 3544 2125 3596 diu
2175 3552 2302 3597 ante

728 3646 956 3713 parabat
1012 3646 1245 3709 nuptias,
1295 3651 1348 3692 et
1398 3641 1599 3691 festum
1664 3637 1988 3705 praedicabat
2041 3652 2054 3687 :
2099 3645 2153 3687 et
2211 3649 2305 3688 eos

728 3734 1112 3806 congregabat,
1149 3732 1238 3800 qui
1268 3739 1424 3783 erant
1454 3730 1507 3780 in
1534 3728 1738 3796 nuptiis
1779 3728 1828 3780 ei
1863 3724 2173 3779 inservituri
2202 3742 2214 3777 :
2248 3731 2303 3778 et

725 3823 789 3880 ad
827 3826 1130 3894 ltipsimein
1185 3823 1331 3876 misit
1388 3821 1718 3882 adulatores,
1744 3820 1835 3887 qui
1881 3819 1948 3872 de
2006 3817 2207 3887 nuptiis
2254 3817 2302 3870 ei

724 3917 1114 3987 signiﬁcarent,
1158 3924 1212 3968 et
1266 3913 1587 3967 nuntiarent
1615 3926 1708 3965 eas
1754 3912 1868 3980 jam
1901 3925 2022 3964 esse
2064 3918 2301 3979 paratas,

722 4013 866 4079 quod
903 4009 968 4062 ad
1001 4009 1184 4078 ipsum
1213 4007 1433 4075 quidem
1466 4004 1751 4057 attinebat.

799 4226 983 4280 XVIII.
1013 4225 1106 4279 Illa
1138 4234 1320 4278 autem
1348 4224 1512 4294 (quid
1547 4223 1690 4277 enim
1734 4236 1831 4292 per
1863 4220 2033 4292 ipsam
2081 4219 2303 4289 virgini-

727 4330 892 4373 tatem
927 4320 994 4371 ad
1032 4321 1145 4370 haec
1180 4319 1432 4386 cogitarit
1482 4328 1572 4368 aut
1604 4316 1800 4367 dixerit
1831 4315 1998 4382 virgo,
2038 4328 2156 4382 quae
2192 4312 2301 4380 jam

725 4412 852 4464 olim
905 4409 1315 4464 coliabitantem
1371 4407 1534 4476 elegit
1581 4405 2010 4466 continentiam,
2071 4413 2124 4456 et
2172 4403 2300 4455 solis

726 4502 866 4555 vivit
899 4499 1289 4570 leguminibus,
1322 4506 1375 4550 et
1410 4506 1549 4548 totas
1581 4504 1768 4547 noctes
1802 4504 2054 4547 versatur
2091 4492 2142 4543 in
2175 4505 2299 4544 ora—

2408 2008 2624 2073 σιλικὴν
2655 2007 2956 2074 ἁλουργίδα
2996 2006 3284 2074 Ῥωμαίων
3313 2007 3413 2058 οὐκ
3461 2007 3708 2076 εὐτυχῶς
3733 2040 3736 2048 ι
3760 2008 3984 2076 περιϐα-

2406 2096 2630 2163 λόμενος
2661 2098 3042 2165 Διοκλητιανὸς
3077 2097 3312 2163 γυναῖκά.
3353 2113 3412 2148 τε
3457 2098 3764 2165 ἀγαγέσθαι
3803 2100 3978 2168 ἦθελε,

2406 2190 2499 2241 καὶ
2533 2187 2866 2253 ἐσπούδαζεν
2902 2189 3082 2258 ἑαυτῷ
3113 2189 3201 2241 τὸν
3237 2189 3435 2256 γάμον.
3493 2190 3604 2240 Καὶ
3649 2189 3717 2259 δὴ
3768 2193 3981 2243 πάντων

2402 2283 2516 2335 ὅσοι
2549 2283 2856 2349 παρθένους
2882 2281 3108 2351 ἔτρεφον
3135 2281 3369 2348 πατέρες
3398 2281 3529 2348 παρ’
3556 2281 3727 2332 αὑτὸν
3770 2285 3978 2344 ἰόντων,

2404 2373 2497 2424 καὶ
2527 2373 2674 2435 ὅπως
2718 2373 2895 2442 τούτῳ
2940 2374 3039 2443 τὴν
3070 2372 3264 2424 ἑαυτοῦ
3304 2373 3533 2435 ἕκαστος
3563 2374 3835 2442 ὲγγυήσοι
3869 2377 3982 2426 πολ-

2404 2463 2502 2533 λῆς
2526 2464 2773 2534 μηχανῆς
2801 2466 3121 2535 γενομένης,
3145 2465 3321 2526 πάσας
3341 2466 3547 2531 ἐκεῖνος
3573 2467 3981 2537 παραδραμὼν,

2402 2560 2589 2628 ἐπειδὴ
2652 2559 2799 2628 παρά
2853 2575 2960 2610 τινι
3026 2560 3134 2610 τῶν
3197 2557 3288 2609 ὑπ’
3341 2558 3502 2610 αὑτὸν
3544 2560 3756 2611 πόλεων
3818 2561 3984 2626 ἁγίων

2405 2653 2690 2719 παρθένων
2743 2651 2902 2719 χορὸν
2944 2653 3001 2702 ἐν
3059 2652 3410 2720 μοναστηρίῳ
3452 2652 3748 2702 ἀσκεῖσθαι
3796 2651 3983 2719 μάθοι,

2403 2737 2475 2795 ὧν
2509 2743 2711 2811 Patavi;
2747 2745 2846 2810 μὲν
2906 2745 3277 2810 προειστήκει,
3315 2745 3379 2809 τῇ
3412 2741 3466 2793 δὲ
3511 2741 3602 2795 ὑπ’
3645 2742 3826 2811 αὐτῆς
3862 2759 3986 2811 τρα-

2402 2837 2564 2906 φείσῃ
2590 2835 2680 2886 καὶ
2707 2835 3051 2904 παιδευθείσῃ
3090 2832 3314 2903 Ῥιψίμη
3341 2833 3510 2902 ὄνομα
3537 2829 3623 2905 ἦν,
3652 2835 3986 2904 Χριστιανοῦ

2409 2927 2506 2992 μὲν
2543 2926 2770 2992 αἵματος
2801 2925 2966 2992 ἄμφω
2991 2927 3084 2976 καὶ
3113 2928 3323 2992 γένους,
3353 2927 3386 2994 ἠ
3415 2926 3470 2976 δὲ
3516 2925 3777 2994 Ῥιψίμη,
3800 2929 3988 2998 ὥσπερ

2405 3019 2602 3090 ἀρετῆς
2623 3019 2760 3089 ὥρᾳ,
2784 3017 2923 3071 οὕτω
2944 3019 3009 3088 δὴ
3030 3019 3121 3070 καὶ
3144 3019 3397 3088 σώματος
3423 3020 3610 3071 κάλλει
3631 3021 3984 3090 διαὸεδόητο.

2415 3113 2631 3180 Ἐπειόη
2656 3113 2831 3162 τοίνυν
2852 3115 2918 3163 τὰ
2944 3113 3084 3162 κατὰ
3116 3111 3212 3179 τὴν
3253 3112 3510 3180 Ῥιψίμην
3533 3112 3802 3173 ἐπύθετο,
3833 3116 3989 3176 ἄλλος

2405 3219 2464 3254 τε
2498 3203 2591 3253 καὶ
2635 3202 2744 3253 τῶν
2795 3201 3109 3271 ζωγράφων
3139 3202 3288 3261 τινὸς
3347 3202 3494 3269 αὑτῴ
3548 3201 3989 3272 διαγράψαντος,

2409 3295 2468 3347 τὸ
2494 3294 2591 3363 τῆς
2629 3293 2887 3364 Ῥιῷίμης
2913 3290 3074 3360 εἶδος,
3104 3293 3198 3349 καὶ
3225 3293 3333 3364 γὰρ
3363 3295 3453 3345 καὶ
3474 3296 3505 3364 ἡ
3525 3294 3692 3346 εἰκὼν
3721 3298 3990 3364 ἀνέφλεγι

2406 3388 2466 3440 τὸ
2503 3389 2667 3458 μέρος
2691 3390 2876 3453 αὑτὸν,
2911 3389 3224 3457 Θερμὸτατά
3263 3405 3321 3440 τε
3352 3389 3519 3455 αὐτῆς
3554 3389 3690 3456 ἤρα,
3746 3392 3863 3442 Καὶ
3893 3394 3991 3442 ὑπὸ

2406 3482 2500 3533 τοῦ
2535 3483 2700 3532 πόθου
2754 3481 3106 3548 διοιστροῦτο,
3163 3483 3258 3533 καί
3287 3483 3500 3551 μανίᾳὸ
3522 3481 3662 3550 ἔρως
3694 3486 3790 3533 καὶ
3820 3485 3992 3551 λύσσῃ

2405 3567 2473 3642 ἦν
2503 3569 2732 3642 ἀκριὸης
2758 3585 2770 3599 ⁸
2816 3573 2907 3623 καὶ
2937 3574 2965 3624 ὁ
3019 3572 3114 3640 μὲν
3141 3572 3205 3641 δὴ
3241 3576 3306 3622 τὰ
3363 3575 3610 3640 γαμήλια
3649 3578 3992 3642 ηὐτρεπιζεν

2407 3665 2471 3715 ὲκ
2501 3664 2697 3716 πολλοῦ
2723 3663 2817 3716 καὶ
2841 3664 2939 3724 τὴν
2969 3663 3164 3733 ἑορτὴν
3199 3665 3491 3732 ἐκήρυττε,
3525 3666 3655 3725 τοὺς
3683 3668 3784 3716 τὸν
3815 3685 3992 3737 γαμον

2403 3776 2464 3811 τε
2496 3759 2673 3810 αὐτῶν
2707 3757 3205 3826 διακονησομένους
3270 3757 3491 3824 συνῆγε,
3550 3758 3649 3808 καὶ⁵
3705 3761 3852 3826 πρὸς
3899 3767 3992 3829 τὴν

2418 3849 2680 3916 Ῥιῲίμῃν
2726 3850 2849 3908 τοὺς
2887 3849 3123 3908 κόλακας
3157 3848 3396 3916 ἔπεμπε,
3452 3850 3544 3900 καὶ
3592 3847 3798 3916 λόγους
3857 3855 3990 3920 αὐτῇ

2407 3945 2540 4011 περὶ
2568 3943 2761 4008 γάμων
2795 3941 3060 4008 προσῆγε,
3092 3941 3186 3991 καὶ
3221 3935 3509 3994 ὑπετίθετο
3545 3943 3990 4013 ἐμπαράσκευον

2403 4035 2504 4105 ἥδη
2528 4035 2594 4087 τὰ
2630 4033 2762 4102 πρὸς
2796 4032 2991 4092 αὐτοὺς
3019 4027 3176 4087 εἶναι,

2476 4207 2581 4262 ιη’.
2627 4210 2691 4262 Ἠ
2725 4210 2779 4261 δὲ
2813 4211 2885 4279 (τί
2927 4211 3034 4278 γὰρ
3064 4210 3128 4264 ἂν
3160 4211 3295 4282 πρὸς
3323 4212 3420 4280 τῆς
3453 4213 3798 4280 παρθενιίας
3823 4219 3992 4285 αὐτῆς

2405 4299 2647 4369 ιννοήσοι
2676 4302 2810 4368 πρὸς
2859 4300 3030 4352 ταῦτα
3057 4302 3088 4371 ἢ
3119 4303 3411 4368 φθέγξαιτο
3463 4306 3496 4372 ἡ
3526 4305 3788 4358 σύνοικον
3821 4311 3990 4362 παλαι

2411 4385 2511 4456 τὴν
2561 4388 2892 4457 ἐγκράτειαν
2932 4387 3164 4459 ἑλομένη
3226 4392 3519 4459 παρθένος,
3578 4396 3676 4446 καὶ
3737 4397 3989 4468 ὀσπρίοις

2409 4475 2668 4540 ἀποζῶσα
2699 4479 2900 4545 μόνοις,
2928 4479 3022 4531 καὶ
3054 4479 3258 4541 νύκτας
3282 4481 3407 4542 ὅλας
3429 4485 3496 4550 τῇ
3526 4482 3658 4552 φίλῃ
3698 4492 3986 4557 προσευχῇ

723 4592 896 4656 tione,
920 4603 976 4645 et
1002 4605 1104 4642 nec
1136 4588 1368 4642 interdiu
1389 4586 1598 4641 desistit
1621 4585 1689 4638 ab
1719 4585 1930 4653 hymnis
1955 4584 2007 4636 in
2033 4580 2255 4649 Deum?)
2284 4600 2296 4635 :

2412 4570 2679 4637 σύρουσα,
2714 4570 2808 4621 καὶ
2854 4569 2985 4636 μηδὲ
3019 4570 3228 4639 ἡμέρας
3258 4573 3364 4623 τῶν
3393 4574 3472 4635 εις
3507 4575 3566 4624 τὸ
3608 4575 3771 4629 Θεῖον
3806 4554 3989 4646 ὓμνων

725 4684 844 4736 Non
884 4694 933 4737 te
967 4681 1171 4743 fallam,
1199 4694 1397 4750 sponse
1437 4677 1672 4736 Christe.
1703 4677 1867 4728 dixit:
1895 4690 2002 4729 non
2031 4684 2078 4727 te
2101 4672 2299 4741 probro

723 4790 786 4828 ac
835 4776 1103 4829 dedecore
1147 4773 1408 4837 afﬁciam,
1455 4785 1486 4823 ο
1531 4772 1699 4823 chara
1751 4767 2068 4833 virginitas:
2105 4780 2213 4818 non
2249 4774 2299 4815 te

724 4868 973 4937 prodam,
1007 4877 1181 4922 mater
1226 4865 1584 4918 continentia.
1623 4863 1811 4929 Itaque
1864 4859 1992 4921 Deo,
2023 4859 2111 4924 qui
2154 4858 2300 4910 solus

724 4968 940 5026 poterat
995 4958 1046 5010 ei
1099 4959 1226 5010 dare
1268 4950 1524 5014 salutem,
1579 4947 1829 5020 adiutore
1879 4956 2148 5006 invocato,
2192 4960 2299 4998 non

722 5049 1070 5110 necessariis,
1122 5061 1228 5099 non
1289 5047 1514 5106 amicis,
1557 5057 1667 5095 non
1721 5040 2061 5108 parentibus,
2125 5051 2301 5103 neque

728 5141 850 5194 ullis
882 5139 1002 5192 aliis
1031 5148 1146 5191 erat
1175 5139 1398 5192 omnino
1449 5135 1674 5187 inunita.
1714 5132 1788 5184 De
1834 5131 1940 5182 alio
1991 5130 2171 5194 itaque
2201 5129 2303 5178 nii-

726 5235 936 5304 grando
975 5235 1156 5285 statim
1185 5230 1456 5283 consultat
1485 5235 1539 5280 et
1588 5225 1812 5278 comites
1845 5222 2013 5275 bonas
2057 5218 2190 5272 alias
2220 5218 2301 5269 in-

730 5330 878 5380 venit
906 5325 1163 5396 virgines,
1193 5336 1311 5388 quae
1345 5328 1501 5373 erant
1544 5318 1592 5371 ei
1641 5326 1696 5368 et
1725 5316 1848 5368 vitae
1885 5324 1937 5366 et
1969 5312 2186 5365 virtutis
2212 5324 2302 5361 so-

730 5420 851 5480 cite,
881 5416 1144 5486 imprimis
1191 5421 1370 5466 autem
1426 5410 1734 5477 praafectam
1767 5406 2048 5460 Caiatiam.
2083 5405 2146 5457 Et
2191 5416 2300 5455 non

729 5509 1071 5568 dubitarunt,
1109 5504 1320 5560 etiamsi
1361 5516 1469 5571 pra:
1503 5503 1665 5553 tnulta
1715 5497 1892 5552 inedia
1921 5497 2030 5564 jam
2072 5494 2302 5550 deiecisc

726 5607 871 5660 sent,
897 5598 1392 5666 peregrinationem
1422 5589 1718 5656 suscipere,
1749 5589 1842 5641 sed
1871 5588 2008 5640 sicut
2031 5595 2300 5654 passeres,

728 5708 854 5744 cum
919 5708 980 5745 ea
1039 5691 1430 5757 transmigrant
1484 5682 1869 5737 iit-barbaram
1919 5678 2298 5744 Armeniorum

731 5784 1033 5849 regionem.
1074 5781 1176 5832 Eas
1206 5780 1350 5831 enim
1389 5774 1645 5829 incitabat
1669 5772 1828 5824 etiam
1865 5771 1928 5824 ad
1961 5767 2298 5838 migrandum

731 5883 1061 5941 praeceptum
1092 5868 1453 5932 Dominicum,
1480 5866 1666 5920 dicens
1707 5881 1720 5918 :
1757 5882 1772 5913 ι
1817 5861 1870 5915 Si
1908 5859 2172 5930 persecuti
2209 5873 2297 5910 vos

2408 4661 2748 4730 ἀφισταμένη
2771 4677 2783 4725 ;
2811 4661 2884 4712 Οὐ
2909 4660 3179 4732 ψεύσομαι
3201 4680 3283 4727 σε,
3307 4666 3504 4733 νυμφίε
3526 4665 3760 4735 Χριστὲ,
3795 4667 3985 4722 εἶπεν·

2404 4754 2504 4804 οὐκ
2549 4753 2786 4822 αἰσχυνῶ
2841 4771 2920 4814 σε,
2955 4755 3221 4824 παρθενία
3266 4756 3414 4825 φίλη,
3447 4756 3507 4806 οὑ
3560 4758 3837 4828 προδώσω
3887 4779 3941 4814 σε
3975 4802 3986 4823 ,

2412 4845 2588 4915 μῆτερ
2629 4846 2942 4914 ἐγκράτεια.
2977 4849 3084 4897 Καὶ
3106 4846 3241 4914 δῆτα
3282 4847 3420 4918 ὅπερ
3467 4847 3640 4920 αὐτὴν
3671 4854 3768 4903 καὶ
3807 4854 3985 4922 μόνον,

2408 4932 2477 5006 ἦν
2500 4937 3014 5004 σώοαιδυνάμενον,
3046 4939 3106 4990 ού
3139 4939 3250 5008 γὰρ
3280 4941 3654 5010 προσήκουσιν
3714 4944 3780 4995 ού
3813 4946 3988 5013 φίλοις

2409 5031 2471 5080 οὐ
2501 5028 2797 5096 πατράσιν,
2828 5029 2926 5080 οὐκ
2958 5029 3140 5091 ἄλλοις
3166 5034 3278 5082 τισὶ
3309 5032 3368 5082 τὸ
3395 5032 3659 5099 παράπαν
3693 5033 3982 5102 ὠχύρωτο,

2409 5118 2847 5186 μεταναστεῦσαι
2909 5117 3227 5184 βουλεύεται
3277 5121 3616 5186 παραιτίκα,
3665 5136 3762 5171 και
3799 5137 3989 5187 συνερ-

2405 5208 2536 5275 γοὺς
2564 5209 2777 5276 ἀγαθὰς
2811 5210 2905 5269 τὰς
2954 5209 3120 5269 ἄλλας
3172 5209 3416 5279 εὑρίσκει
3474 5209 3814 5277 παρθένους,
3867 5215 3986 5266 ὅσαι

2407 5303 2504 5353 καὶ
2535 5303 2630 5369 τῆς
2675 5302 2884 5368 διαίτης
2929 5302 3067 5370 αὐτῇ
3104 5302 3198 5352 καὶ
3244 5302 3343 5369 τῆς
3393 5300 3592 5369 ἀρετῆς
3626 5302 3983 5358 ἐκοινώνουν.

2403 5392 2511 5446 Καὶ
2548 5394 2646 5444 οὐκ
2694 5390 2950 5459 ὤκνησαν
2990 5408 3072 5458 γε,
3132 5391 3308 5443 καίτοι
3343 5389 3715 5446 ὲκλελοιπυῖαι
3755 5397 3866 5449 ὑπὸ
3895 5397 3984 5463 τῆς

2405 5484 2603 5550 πολλῆς
2626 5486 2834 5546 ἀσιτίας
2853 5482 2978 5552 ήδη,
3003 5483 3139 5535 ἀλλὰ
3169 5483 3669 5552 μεταναστύεουσιν
3687 5487 3764 5549 ὡς
3793 5506 3982 5558 στρου-

2408 5576 2500 5628 θία
2554 5577 2646 5627 ἐπὶ
2682 5577 2778 5645 τὴν
2837 5574 3113 5643 βάρϐαρον
3168 5575 3275 5628 τῶν
3345 5576 3648 5645 Ἀρμενίων
3685 5581 3787 5634 σὺν
3844 5583 3978 5649 αὺτῇ

2404 5669 2623 5738 χώραν,
2687 5669 2974 5736 Παρώρμα
3026 5667 3132 5734 γὰρ
3188 5669 3356 5729 αὑτὰς
3417 5666 3512 5718 καὶ
3577 5669 3610 5737 ἡ
3670 5673 3981 5739 Δεσποτικη

2403 5762 2592 5829 ἐντολὴ
2650 5764 2780 5828 πρὸς
2819 5760 2918 5828 τὴν
2972 5759 3312 5831 μετοίκησιν,
3344 5759 3472 5812 Ἐὰν
3518 5759 3793 5826 διώξωσιν
3846 5764 3986 5831 ὑμᾶς

2403 5855 2510 5906 ἀπὸ
2585 5853 2750 5920 τῆσδε
2812 5853 2909 5921 τῆς
2989 5853 3221 5918 πόλεως,
3285 5851 3541 5922 λέγουσα,
3609 5860 3852 5924 φεύγετε
3911 5857 3988 5917 είς
