4148 6526
163 470 265 532 965

1112 458 1288 522 ΠΤΑ
1329 459 1388 517 S.
1433 452 1819 515 GREGORII
1868 451 2499 512 ILLUMINATURIS.

3324 454 3428 515 966

162 583 256 652 τὴν
304 582 487 651 ἀλλην.
536 569 812 632 Ἐνθεντοι
870 579 966 630 καὶ
1031 576 1359 645 ἀπαίρουσιν
1399 569 1610 624 ἐκεῖθεν
1643 570 1740 621 σὺν

1858 567 2052 624 iuerint
2084 568 2136 622 in
2171 570 2269 622 hac
2301 570 2539 629 civitate,
2587 568 2751 638 fugite
2789 568 2840 620 in
2869 567 3026 621 aliam
3048 569 3121 621 ⁸.»
3171 567 3428 638 Prompto

164 674 465 748 προθυμίᾳ,
526 675 617 727 καὶ
649 673 708 724 ὲν
757 671 1001 741 Ἀραράτ
1037 668 1367 734 κατάγονται
1421 665 1598 716 πόλει.
1637 662 1747 730 Λη-

164 763 240 810 νοὶ
273 760 328 812 δὲ
355 757 495 829 ἦσαν
546 760 743 822 αὑταῖς
796 761 828 827 ἡ
869 756 1190 824 καταγωγή.
1252 752 1474 821 Ἐπειδὴ
1510 751 1565 802 δὲ
1611 767 1746 800 παν-

167 849 406 901 τάπασιν
445 851 685 919 ἠπόρουν
732 848 840 900 τῶν
877 847 1220 915 ἀναγκαίων,
1271 844 1369 913 μία
1418 859 1504 905 τις
1561 840 1746 893 αὐτῶν

167 943 224 992 ἐν
257 943 374 1003 ταῖς
404 943 562 1008 χερσὶ⁸
597 942 693 1008 τὴν
731 940 922 994 ἐλπίδα
955 937 1047 990 τοῦ
1081 937 1196 1005 βίου
1226 936 1451 1003 θεμένη,
1481 933 1610 1000 περὶ
1644 931 1742 1001 τὴν

165 1033 421 1086 ταλασιου
433 1032 560 1099 ργόν
588 1049 645 1082 τε
670 1029 785 1099 εἶχε
807 1031 1002 1098 τέχνην
1033 1030 1126 1081 καὶ
1152 1026 1244 1080 ὑπ’
1266 1027 1436 1093 αὐτὴν
1473 1025 1740 1083 ἐπονεῖτο,

175 1127 270 1176 καὶ
327 1124 386 1176 τὸ
424 1123 674 1175 ἐντεῦθεν
708 1124 842 1189 αὐτῇ
893 1119 1275 1188 ποριζόμενον,
1328 1120 1406 1178 είς
1450 1116 1747 1183 διατροφὴν

168 1215 433 1284 ἀνήλισκε
468 1215 576 1266 τῶν
617 1214 926 1282 παρθένων.
959 1209 1344 1278 Διοκλητιανδς
1382 1209 1438 1259 δὲ
1469 1208 1746 1273 πονήρως

165 1324 222 1359 τε
250 1309 354 1373 ἠδη
378 1309 452 1376 τῷ
477 1307 637 1378 ἔρωτι
665 1307 826 1374 ἔχων,
849 1306 944 1357 καὶ
967 1304 1152 1356 οὐκέτι
1177 1299 1288 1363 οἶός
1310 1317 1367 1353 τε
1390 1299 1464 1352 ὣν
1489 1301 1741 1367 ἠρεμεῖν,

167 1399 361 1468 ἐπειδὴ
395 1399 566 1450 πάντα
600 1397 744 1449 λίθον
790 1397 1023 1465 κινήσας
1071 1392 1279 1464 ἔμαθεν
1317 1393 1469 1456 παρὰ
1510 1393 1575 1459 τῇ
1602 1392 1747 1474 -ᾊρ-

170 1488 372 1556 μενίων
405 1488 558 1554 χώρα
586 1483 958 1553 τὴνῬιψίμην
985 1479 1441 1551 μεταναστεῦσαι,
1470 1476 1543 1537 ὡς
1571 1472 1742 1542 εἶχεν,

175 1576 340 1637 εὐθὺς
385 1576 583 1644 γράφει
634 1574 712 1644 τῷ
746 1575 840 1641 τῆς
882 1572 1173 1643 Ἀρμενίας
1209 1569 1416 1639 βασιλεί
1446 1567 1743 1634 Τηριδὰτῃ,

174 1668 312 1719 ἄλλα
348 1684 405 1719 τε
441 1667 581 1719 κατά
629 1666 975 1737 Χριστιανῶν
1003 1666 1102 1716 οὐκ
1149 1663 1325 1726 ὀλίγα,
1375 1661 1468 1711 καὶ
1525 1657 1599 1718 ὡς
1641 1663 1740 1724 τὴν

172 1758 465 1827 ἐρωμένην
527 1758 673 1826 αὐτῴ
740 1757 1001 1825 Ῥιψίμην
1050 1752 1349 1821 πανούργῳ
1420 1750 1516 1800 καὶ
1586 1747 1743 1815 γόητι

163 1851 385 1926 ὁμιλίᾳ,
423 1851 854 1918 ὑποδραμόντες,
901 1849 1198 1900 ἀνέπεισαν
1229 1845 1326 1913 τῆς
1373 1843 1489 1912 μετ’
1535 1842 1745 1894 ἐκείνου

1855 662 2034 728 itaque
2069 671 2122 714 et
2155 662 2315 713 alacri
2367 662 2549 713 animo
2597 661 2743 713 illinc
2778 659 3220 729 proficiscuntur,
3253 670 3308 714 et
3338 679 3426 714 ve-

1853 748 2010 801 niunt
2041 748 2092 799 in
2128 747 2404 800 civitatem
2442 747 2653 800 Ararat.
2689 747 3000 801 Torcularia
3036 758 3220 801 autem
3273 758 3431 802 erant

1852 840 1930 892 eis
1965 839 2357 892 habitaculum.
2395 838 2530 892 Cum
2565 849 2745 892 autem
2787 839 2866 891 eis
2913 840 3091 892 omnia
3126 839 3432 892 deﬁcerent

1853 933 2190 997 necessaria,
2216 931 2458 997 quaedam
2488 946 2550 983 ex
2584 933 2684 992 eis,
2726 946 2820 998 spe,
2851 932 3073 998 parandi
3118 932 3219 984 sibi
3260 933 3432 984 victus

1855 1025 2026 1091 posita
2081 1024 2135 1075 in
2194 1023 2465 1082 manibus,
2512 1023 2873 1074 versabantur
2931 1032 2985 1075 et
3028 1023 3349 1075 laborabant
3377 1023 3429 1072 in

1853 1121 1969 1166 arte
2004 1113 2246 1175 lanificii,
2296 1122 2350 1165 et
2384 1111 2542 1178 .quod
2588 1110 2713 1162 hinc
2764 1111 2865 1160 sibi
2921 1111 3200 1176 parabant,
3235 1125 3432 1162 consu-

1855 1204 2077 1256 mebant
2113 1205 2175 1256 ad
2215 1214 2438 1256 caeteras
2483 1202 2706 1252 alendas
2755 1201 3012 1264 virgines.
3066 1200 3432 1252 Diocletianus

1853 1302 2034 1346 autem
2074 1310 2194 1347 cum
2231 1303 2284 1346 et
2325 1310 2508 1346 amore
2535 1295 2643 1361 jam
2681 1294 2924 1362 improbe
2959 1300 3147 1357 captus
3179 1300 3342 1350 esset,
3380 1301 3433 1342 et

1855 1403 1963 1440 non
2015 1394 2201 1455 posset
2254 1385 2489 1451 amplius
2551 1386 2855 1453 quiescere.
2921 1391 3228 1450 postquam,
3279 1382 3427 1432 omni

1855 1485 2002 1528 moto
2055 1471 2252 1540 lapide,
2288 1474 2498 1540 acet-pit
2537 1474 2795 1540 migrasse
2827 1469 3122 1536 Ripsimem
3158 1469 3210 1519 iu
3249 1469 3428 1536 regio—

1854 1581 1979 1618 nem
2026 1563 2431 1623 Armeniorum,
2469 1563 2659 1616 scribit
2700 1561 2883 1615 statim
2930 1561 2995 1612 ad
3031 1573 3210 1626 regem
3247 1560 3433 1610 Arme~

1853 1656 1955 1707 niae
1997 1653 2328 1711 Teridatem,
2356 1661 2411 1704 et
2455 1653 2559 1704 alia
2607 1668 2716 1706 non
2766 1668 2936 1721 pauca
2990 1653 3247 1704 adversus
3275 1647 3433 1701 Chri-

1854 1744 2079 1808 stianos,
2113 1752 2165 1795 et
2197 1742 2340 1811 quod
2385 1758 2412 1795 a
2455 1757 2511 1795 se
2544 1742 2792 1795 dilectam
2841 1741 3136 1809 Ripsimcm
3189 1739 3341 1792 vafro
3377 1748 3433 1791 et

1855 1836 2098 1889 venetico
2128 1848 2377 1888 sermone
2423 1833 2780 1902 pellicientes,
2816 1834 2864 1886 ei
2919 1841 3330 1900 persuaserunt,
3374 1840 3433 1884 ut

177 1923 494 2002 συνουσίας,
543 1942 640 2007 τὴν
688 1941 782 1990 ἐπὶ
826 1938 982 2008 ξένης
1031 1936 1252 1990 ἑλέσθαι
1301 1931 1606 2002 διατριεῆν,
1658 1930 1752 1982 καὶ

1858 1929 2039 1982 mallet
2094 1928 2149 1980 in
2214 1937 2432 1980 externa
2483 1928 2667 1978 vivere
2716 1927 2976 1994 regione,
3028 1935 3081 1977 ct
3135 1939 3252 1976 eam
3310 1939 3430 1977 cum

171 2032 377 2097 ἄτιμον
430 2032 488 2081 ἐν
534 2031 672 2097 αὐτῇ
718 2026 987 2095 π)ανῆτιν
1027 2028 1322 2092 περιιέναι.
1363 2024 1597 2077 Εὕκολον
1646 2022 1753 2089 γὰρ

165 2119 317 2189 γυνὴ
373 2118 510 2189 πρὸς
562 2121 778 2188 ἀπάτην
810 2120 902 2171 καὶ
939 2118 1164 2188 κοῦφον.
1201 2120 1321 2169 Δεῖν
1363 2117 1418 2168 δὲ
1468 2115 1640 2182 αὐτὴν
1684 2117 1746 2164 ἐκ

173 2213 380 2274 παντὸς
422 2212 623 2282 τρόπου
677 2214 733 2263 ἐν
777 2214 844 2280 τῇ
905 2209 1210 2277 Ἀρμενίων
1239 2207 1561 2275 ἀνευρόντα,
1619 2202 1749 2271 παρ’

177 2304 344 2357 αὑτὸν
394 2305 762 2372 ἀναπέμπειν.
793 2303 853 2353 Εἰ
880 2302 936 2353 δὲ
969 2302 1062 2353 καὶ
1094 2300 1290 2367 ἑαυτῷ,
1321 2300 1479 2368 φησὶ,
1512 2295 1749 2349 συνοικί-

177 2412 358 2460 ςαιτο,
389 2399 482 2447 καὶ
512 2393 666 2446 τοῦτο
695 2392 857 2445 αὑτὸν
886 2391 1179 2460 εὐφρανεῖν
1201 2389 1351 2442 οὐδὲν
1381 2383 1566 2461 ἦττον.

244 2569 343 2623 ΙΘ’.
373 2569 561 2623 Ταῦτα
613 2569 803 2639 ἐπειδὴ
857 2567 931 2628 ὡς
970 2566 1060 2620 τὸν
1111 2565 1423 2636 Τηριδὰτην
1471 2563 1539 2616 τὰ
1566 2563 1748 2631 γράμα

171 2678 319 2731 ματα
348 2655 504 2734 ἧκεν,
551 2660 803 2730 ἀνίχνευε
852 2661 951 2721 τὰς
981 2658 1283 2726 παρθένους
1325 2658 1527 2717 ἐκεῖνος
1570 2671 1750 2724 παρα·

169 2755 366 2824 χρῆμα
384 2755 478 2805 καὶ
500 2753 796 2823 ἀνηρεύνα.
828 2752 914 2813 Ὠς
939 2751 994 2802 δὲ
1020 2751 1115 2803 καὶ
1138 2752 1193 2801 ἐν
1217 2751 1331 2810 τοῖς
1372 2749 1551 2818 ληνοῐς
1580 2748 1748 2812 αὑτὰς

162 2828 509 2909 ’κρύπτεσθαι
535 2841 866 2908 μεμαθήκοι,
886 2839 1064 2900 δείσας
1086 2838 1184 2907 μὴ,
1208 2838 1635 2908 προαισθόμεναι
1655 2835 1753 2906 τὴν

169 2932 427 3000 ἔρευναν,
457 2929 668 2980 ἐκεῖθέν
693 2945 752 2980 τε
777 2927 1087 2996 διαφύγοιεν
1113 2931 1207 2979 καὶ
1240 2931 1296 2978 ἐν
1331 2927 1511 2996 ἀδήλῳ
1538 2931 1755 2996 ἀποχω·

171 3023 404 3088 ρήσωσι,
434 3020 651 3089 φρουρᾷ
679 3017 738 3068 τὸ
769 3020 968 3085 χωρίον
1017 3016 1390 3083 διαλαμϐάνει.
1415 3019 1522 3070 Καὶ
1568 3016 1755 3084 μαθὼν

171 3112 280 3164 ὑπὸ
309 3112 416 3164 τῶν
450 3112 664 3163 ίόόντων
705 3109 987 3179 Ῥιψξμην,
1009 3108 1081 3170 ὡς
1106 3107 1192 3175 εἴη
1217 3108 1444 3177 περιττὴ
1463 3109 1522 3160 τὸ
1541 3107 1752 3172 κάλλος,

170 3204 270 3257 καὶ
322 3205 560 3270 χαρίτων
607 3203 842 3271 ἀψθονία
903 3203 1037 3254 πολὺ
1090 3201 1150 3252 τὸ
1188 3199 1480 3273 ἐπαγωγὸν
1537 3202 1755 3267 ἔχουσι,

171 3296 481 3359 ὑπετύφετο
512 3296 611 3363 ἠδη
647 3296 722 3362 τῷ
761 3296 892 3362 πρὸς
928 3295 1100 3363 αὐτὴν
1133 3294 1319 3358 ἔρωτι,
1344 3295 1432 3343 καὶ
1470 3292 1750 3359 βασιλικὰς

170 3386 317 3452 αὐτῇ
364 3383 555 3444 στολὰς
587 3384 746 3444 εὐθὺς
786 3384 877 3433 καὶ
913 3384 1116 3451 κόσμον
1147 3384 1305 3438 ἄλλον
1339 3384 1638 3450 ἐκπέμπει,
1661 3381 1756 3432 καὶ

170 3473 392 3524 κελεύει
428 3473 524 3540 τὴν
567 3471 845 3541 Ῥιψίμην,
879 3471 1054 3525 ταῦτα
1091 3474 1341 3536 ἐνδῦσαν,
1389 3473 1465 3533 εἰς
1493 3477 1561 3525 τὰ
1604 3472 1757 3540 βασί-

169 3564 294 3616 λεια
318 3560 456 3634 ’παρ’
495 3564 658 3616 αὑτὸν
688 3565 886 3626 ιλθεῖν,
913 3568 1006 3626 τὰς
1033 3565 1087 3616 δὲ
1117 3565 1309 3624 λοιπὰς
1331 3565 1436 3615 ὑπὸ
1456 3569 1522 3633 τῇ
1547 3564 1757 3632 φρουρᾷ

172 3654 490 3720 τηρεῖσθαι.
537 3651 756 3718 Ἐκείνη
790 3655 971 3721 μέντοι
1007 3654 1083 3721 τῷ
1116 3655 1191 3714 είς
1223 3653 1457 3722 Χριστὸν
1477 3653 1625 3721 πόθῳ
1647 3651 1757 3702 δια-

171 3742 488 3809 φλεγομένη
532 3743 624 3790 καὶ
673 3740 881 3809 σφόδρα
942 3741 1221 3810 περικαῶς
1251 3740 1417 3793 αὑτοῦ
1453 3742 1676 3811 ἔχουσα,
1701 3743 1758 3794 ὃν

169 3833 237 3900 δὴ
272 3834 366 3883 καὶ
401 3833 560 3898 μόνον
586 3831 699 3898 ᾔδει
738 3831 990 3898 νυμφίον,
1019 3832 1137 3891 ταῖς
1175 3833 1530 3900 παραινέσεσί
1561 3850 1619 3884 τε
1664 3837 1758 3884 καὶ

168 3921 478 3988 ὑποθήκαις
515 3921 771 3988 Γαῐινῆς,
815 3922 938 3990 ἥτις
990 3923 1327 3992 ἀνεθρέψατό
1376 3939 1438 3990 γε
1480 3925 1648 3994 αὐτὴν
1693 3926 1757 3979 ἐκ

169 4011 430 4088 βρέφους,
456 4014 546 4063 καί
571 4015 648 4075 εἰς
676 4014 789 4064 τόδε
840 4015 1155 4083 προήγαγεν
1228 4016 1468 4086 ἡλικίας,
1494 4019 1585 4069 ἐπὶ
1627 4019 1760 4086 μᾶλ-

168 4106 267 4154 λον
326 4104 690 4172 ὑπερζέουσα,
718 4105 841 4165 τούς
888 4121 945 4155 τε
993 4107 1085 4156 τοῦ
1137 4109 1468 4175 μισουμένου
1529 4112 1758 4179 ἐραστοῦ

165 4193 367 4259 λόγους
398 4196 614 4264 ἐπίσης,
640 4196 734 4247 καὶ
761 4196 826 4246 τὰ
857 4195 1173 4263 πεμφθέντα
1204 4198 1447 4254 διέπτυε.
1469 4203 1563 4254 κα)⁴
1591 4219 1761 4271 προσ-

167 4289 312 4355 soli}
361 4288 500 4355 μετά
545 4285 652 4338 τῶν
700 4287 795 4339 σὺν
845 4289 980 4357 αὐτῇ
1031 4291 1402 4357 προσανεῖχεν.
1431 4290 1522 4344 Ἐν
1551 4295 1654 4358 ὅσῳ
1704 4297 1759 4345 δὲ

164 4384 239 4430 τὰ
271 4379 368 4445 τῆς
397 4378 563 4446 εὐχῆς
593 4379 860 4445 διηνύετο,
883 4380 976 4431 καὶ
1007 4380 1204 4449 βροντὴ
1230 4381 1423 4450 ἀθρόον
1469 4385 1759 4454 ὑπερράγη

165 4471 270 4522 καὶ
313 4469 462 4538 φωνὴ
514 4471 717 4522 ἄνωθεν
739 4473 803 4538 τῇ
831 4471 1026 4538 βροντῇ
1060 4474 1346 4539 ἁπηχεῑτο,
1392 4475 1758 4544 Ἀνδρίζεσθε,

1857 2018 2057 2087 probro
2105 2026 2159 2068 et
2207 2017 2503 2084 ignominia
2555 2026 2827 2070 errantem
2879 2016 3049 2076 obire,
3105 2032 3263 2081 quam
3306 2032 3429 2068 cum

1853 2123 1918 2161 eo
1947 2107 2207 2161 habitare.
2246 2107 2339 2160 Est
2389 2108 2534 2160 enim
2571 2107 2794 2169 femina,
2829 2109 3031 2167 aiebat,
3071 2122 3155 2159 res
3200 2107 3429 2174 decepto

1853 2199 2048 2252 facilis.
2081 2199 2327 2268 Rogabat
2362 2205 2566 2259 autem,
2601 2206 2660 2249 ut
2686 2213 2808 2250 cum
2842 2197 3100 2249 omnibus
3139 2199 3316 2248 modis
3348 2197 3431 2262 ip-

1855 2306 1967 2345 sam
2021 2292 2318 2344 invenisset
2365 2291 2418 2342 in
2474 2289 2774 2352 Armenia,
2823 2289 2888 2342 ad
2937 2303 3060 2341 eum
3105 2287 3428 2342 remitteret.

1854 2384 2006 2451 Quod
2035 2385 2078 2437 si
2108 2400 2226 2437 eam
2259 2397 2473 2451 quoque
2505 2381 2606 2436 sibi
2634 2384 2963 2452 conjungere
2998 2378 3204 2444 mallet,
3226 2381 3279 2435 id
3305 2396 3430 2435 eum

1853 2490 1960 2527 non
1997 2475 2196 2528 minori
2229 2473 2430 2542 gaudio
2465 2473 2812 2526 affecturum.

1923 2564 2064 2618 XIX.
2099 2564 2389 2632 Postquam
2433 2563 2515 2616 hae
2547 2563 2739 2617 littera:
2791 2571 3056 2615 venerunt
3100 2561 3165 2615 ad
3200 2561 3430 2615 Terida-

1855 2663 1986 2720 tem,
2023 2657 2111 2708 ille
2153 2658 2338 2708 statim
2373 2655 2613 2725 Virgines
2661 2654 3016 2724 investigabat
3050 2666 3103 2707 et
3152 2656 3432 2707 scrutaba-

1853 2754 1962 2799 tur.
1999 2743 2134 2797 Cum
2166 2758 2346 2796 antem
2372 2744 2675 2810 accepisset
2719 2757 2812 2796 eas
2844 2743 3015 2796 latere
3054 2743 3107 2794 in
3147 2747 3433 2797 torculari-

1853 2835 1974 2901 bus,
2005 2835 2201 2889 timens
2234 2849 2323 2897 ne,
2363 2835 2408 2887 si
2440 2836 2852 2902 praesensisset“
2876 2849 2934 2886 se
2963 2834 3154 2901 quaeri,
3175 2822 3434 2887 illiucau-

1856 2927 2128 2995 lugerent,
2159 2935 2213 2979 et
2260 2927 2312 2978 in
2359 2926 2538 2979 locum
2596 2927 2865 2978 incertum
2915 2926 3256 2988 recederent,
3306 2941 3430 2979 eum

1857 3015 2033 3069 locum
2069 3024 2298 3082 occupat
2330 3015 2599 3082 praesidio.
2636 3014 2848 3066 Etcum
2897 3014 3198 3081 accepisset
3245 3028 3310 3067 ex
3344 3015 3430 3076 iis,

1858 3109 1948 3179 qui
1982 3108 2226 3161 viderant
2258 3105 2576 3174 Bipsimem,
2604 3119 2722 3158 eam
2751 3119 2870 3158 esse
2899 3105 3095 3174 insigni
3130 3107 3432 3175 pulchritu-

1860 3203 2005 3258 dine.
2035 3202 2342 3276 leporisque
2365 3209 2419 3252 et
2450 3201 2632 3267 gratiae
2649 3200 2803 3267 copia
2829 3214 3054 3267 magnas
3082 3200 3282 3253 habere
3313 3198 3431 3252 ille-

1858 3281 2073 3348 cebras,
2111 3291 2222 3355 jam
2255 3291 2308 3340 in
2361 3289 2481 3353 ejus
2529 3302 2768 3340 amorem
2809 3297 3085 3340 exarserat
3123 3302 3134 3336 :
3165 3300 3219 3341 et
3258 3289 3434 3358 regias

1858 3378 2108 3448 protinus
2149 3379 2214 3431 ad
2249 3393 2366 3431 eam
2401 3388 2598 3437 vestes,
2629 3387 2683 3429 et
2715 3379 2879 3432 alium
2914 3381 3170 3433 mundum
3190 3382 3429 3437 emittit:

1859 3483 1913 3526 et
1942 3475 2095 3541 jubet
2126 3470 2428 3541 Ripsimem
2458 3471 2539 3524 his
2570 3472 2812 3523 indutam
2865 3472 2928 3524 ad
2964 3487 3022 3526 se
3055 3476 3239 3527 venire
3269 3477 3321 3528 in
3344 3491 3431 3530 re-

1859 3566 2018 3632 giam,
2060 3566 2290 3627 reliquas
2349 3573 2530 3616 autem
2583 3567 2755 3616 teneri
2800 3564 3068 3618 custodia.
3104 3563 3196 3620 llla
3251 3577 3433 3622 autem

1858 3655 2063 3708 Christi
2099 3654 2321 3706 incensa
2370 3654 2668 3716 desiderio,
2735 3663 2788 3707 et
2845 3656 2963 3720 ejus
3011 3671 3196 3706 amore
3240 3657 3436 3712 ardens

1859 3762 2021 3814 quem
2049 3747 2210 3798 etiam
2237 3743 2412 3797 solum
2459 3751 2685 3796 noverat
2731 3758 3014 3811 sponsum,
3051 3746 3432 3800 suasionibus-

1858 3851 1964 3904 que
1995 3847 2050 3887 et
2086 3835 2306 3887 monitis
2354 3835 2595 3897 Gaiana,
2640 3851 2758 3904 qua:
2797 3845 2848 3888 et
2904 3836 3072 3902 ipsam
3112 3837 3320 3891 aluerat
3365 3841 3434 3893 ab

1859 3924 2111 3989 infantia,
2149 3933 2202 3976 et
2227 3926 2292 3977 ad
2324 3940 2440 3977 eam
2472 3926 2804 3988 perduxerat
2849 3936 3086 3990 mtatem,
3119 3930 3290 3995 magis
3321 3929 3431 3982 fero

1862 4032 2022 4082 rens,
2059 4029 2209 4084 aeque
2235 4023 2289 4069 et
2328 4017 2490 4068 verba
2519 4016 2658 4084 ejus,
2691 4017 2782 4084 qui
2815 4027 2930 4070 erat
2963 4018 3012 4070 ei
3039 4019 3180 4078 odio.
3221 4031 3432 4075 amato-

1861 4113 1957 4172 ris,
1987 4119 2039 4162 et
2063 4123 2181 4176 qnze
2212 4109 2378 4161 missa
2414 4108 2632 4160 fuerant
2661 4111 2990 4164 abhorrebat
3019 4120 3072 4164 ct
3116 4115 3430 4180 respuebat,

1864 4212 1917 4255 ct
1953 4217 2073 4252 cum
2107 4199 2192 4254 iis.
2223 4212 2341 4264 qua:
2372 4211 2554 4249 secum
2591 4208 2766 4259 erant,
2801 4201 3023 4254 vacabat
3056 4204 3308 4257 orationi.
3349 4207 3432 4257 ln-

1866 4295 2020 4346 terim
2077 4294 2254 4343 autem
2299 4290 2426 4343 dum
2470 4291 2824 4360 peragebatur
2863 4295 3055 4355 oratio,
3089 4298 3291 4347 tonitru
3342 4313 3433 4348 re-

1865 4394 2028 4454 petite
2069 4383 2270 4451 erupit,
2307 4391 2360 4435 et
2410 4398 2514 4435 vos
2555 4383 2788 4451 desuper
2839 4399 2869 4437 e
2907 4386 3106 4438 tonitru
3170 4388 3431 4448 resonuit.

1866 4477 2052 4530 dicens
2087 4494 2098 4528 :
2137 4475 2320 4527 Estote
2358 4474 2481 4527 forti
2512 4477 2718 4534 animo,
2753 4484 2806 4529 et
2837 4478 3110 4531 confidite.
3133 4477 3261 4532 Sum
3286 4485 3431 4536 enim

163 4561 435 4626 λέγουσα,
458 4560 554 4610 καὶ
601 4559 876 4629 θαρσεὶτε,
907 4560 1023 4629 μεθ’
1048 4561 1198 4628 ὑμῶν
1229 4564 1336 4628 γάρ
1367 4563 1483 4629 είμι
1505 4578 1517 4590 ·
1547 4564 1637 4612 καὶ
1665 4580 1753 4630 φυ-

1869 4570 2149 4621 vobiscum
2179 4588 2189 4619 :
2227 4574 2281 4617 et
2311 4566 2768 4618 conservabimini
2818 4567 2949 4618 mihi
2995 4569 3212 4622 intacta
3246 4572 3313 4623 ab
3346 4572 3431 4623 in-

163 4651 513 4724 λαχθήσισθέ
556 4667 645 4722 μοι
680 4650 944 4719 ἀνέπαφοι
979 4654 1099 4714 ταῖς
1119 4651 1213 4703 τοῦ
1240 4650 1435 4720 ἐχθροῦ
1460 4651 1762 4721 ὲπηρείαις,

162 4745 274 4798 καὶ
297 4742 672 4796 είσελεύσισθε
709 4742 827 4812 μετ’
848 4742 981 4811 ἐμοῦ
1005 4747 1083 4804 είς
1110 4745 1199 4794 τὸν
1218 4742 1487 4813 νυμφῶνα
1504 4745 1594 4796 τὸν
1613 4745 1761 4813 ἐμὸν,

169 4837 278 4892 καὶ
314 4837 410 4904 τὴν
457 4835 873 4904 ἡτοιμασμένην
926 4835 1055 4902 ὑμῖν
1085 4835 1436 4902 ἀπολήψεσθε
1458 4835 1762 4903 βασιλείαν.

162 4927 366 4982 Ταῦτα
413 4925 448 4993 ἦ
474 4939 532 4974 τε
572 4925 723 4992 φωνὴ
744 4924 917 4991 ελεγι,
938 4926 1031 4978 καὶ
1061 4926 1092 4994 ἡ
1127 4923 1325 4994 βροντὴ
1349 4927 1576 4992 φοϐερὸν
1604 4928 1763 4978 ἐκτύ-

163 5037 290 5082 πει,
320 5019 416 5068 καὶ
435 5015 528 5068 ἐπὶ
557 5013 884 5084 πολὺ,ταύτῃ
909 5017 1398 5085 συμπαρετείνετο,
1419 5018 1512 5069 καὶ
1538 5016 1762 5083 πολλοὺς

166 5111 276 5181 μὲν
293 5110 359 5160 ὲκ
373 5106 466 5159 τοῦ
485 5105 745 5174 αἰφνιδίου
763 5107 825 5172 τῇ
845 5105 980 5173 ἀκοῇ
1005 5109 1396 5174 προςραγεῖσα,
1416 5110 1495 5170 εἰς
1516 5108 1620 5176 γῆν
1635 5125 1730 5159 κατ
1745 5138 1760 5148 -

164 5202 360 5261 ἐλασε,
381 5199 475 5252 καὶ
517 5198 578 5248 τὸ
614 5195 946 5264 φθέγγεσθαι
966 5195 1145 5247 αὐτῶν
1168 5197 1440 5263 ἀφείλετο,
1468 5198 1691 5259 πολλοὺς
1711 5198 1766 5251 δὲ

167 5294 370 5352 ιππεῑς
391 5290 486 5342 καὶ
505 5287 686 5340 αὐτῶν
710 5288 949 5340 ἀπέὸαλε
973 5289 1082 5341 τῶν
1105 5287 1309 5354 ἵππων,
1325 5290 1417 5342 καὶ
1441 5290 1764 5361 περιϐάντες

163 5386 372 5444 αὐτοὺς
404 5379 498 5434 καὶ
530 5382 988 5450 συμπατήσαντες
1016 5384 1063 5435 οἱ
1092 5381 1269 5445 ἵπποι,
1296 5382 1631 5435 ἀπέκτειναν
1667 5383 1763 5435 καὶ

162 5477 306 5532 ὅλως
340 5471 639 5541 ἐθορύϐησε
674 5472 792 5531 τοὺς
845 5474 1125 5542 παρόντας
1165 5474 1258 5523 καὶ
1314 5473 1392 5530 εἰς
1442 5470 1756 5541 ἀμηχανίαν

163 5565 449 5619 ινέϐαλεν.
477 5565 538 5615 Ol
574 5562 758 5632 μέντοι
801 5564 938 5633 πρὸς
974 5563 1069 5617 τοῦ
1126 5563 1389 5630 βασιλέως
1453 5561 1755 5633 Τηριδάτου

164 5657 458 5716 σταλέντες
534 5655 618 5722 ἐφ’
670 5647 712 5721 ᾧ
760 5657 862 5723 τὴν
953 5656 1212 5726 Ῥιψίμην
1271 5657 1754 5723 μετακαλέσοντχι,

237 5861 258 5890 ⁵
294 5856 488 5910 Matth.
518 5874 549 5908 τ(
603 5859 688 5908 ‘23.

1869 4658 2102 4710 sultibus
2145 4656 2369 4718 inimici,
2395 4665 2448 4708 et
2485 4655 2860 4724 ingrediemini
2899 4673 3109 4711 mecum
3161 4661 3212 4712 in
3247 4675 3428 4714 meum

1864 4748 2197 4808 thalamum,
2243 4756 2296 4800 et
2347 4748 2625 4814 accipietis
2681 4765 2906 4817 regnum
2957 4752 3110 4805 vobis
3161 4765 3430 4820 paratum.

1863 4840 1985 4893 lltec
2015 4852 2070 4892 et
2112 4855 2210 4892 vox
2244 4839 2476 4902 dicebat,
2513 4850 2566 4892 et
2596 4843 2796 4894 tonitru
2835 4845 3123 4897 resonabat
3157 4846 3432 4898 horribili-

1865 4939 1964 4994 ter,
1999 4943 2175 4984 etuna
2209 4947 2331 4982 cum
2381 4947 2442 4982 ea
2477 4933 2564 4983 diu
2609 4933 2761 4986 aﬂ‘uit
2797 4952 2809 4986 :
2857 4945 2912 4988 et
2958 4936 3159 4989 multos
3190 4937 3430 5004 quidem,

1864 5036 1988 5074 cum
2027 5023 2245 5088 repente
2301 5023 2573 5088 erupisset
2616 5026 2678 5075 ad
2715 5039 2895 5088 aures,
2932 5025 3076 5077 humi
3120 5025 3338 5093 dejecit,
3379 5038 3433 5081 et

1865 5127 2172 5168 sermonem
2211 5112 2290 5166 cis
2322 5114 2546 5166 abstulit
2576 5132 2588 5166 :
2624 5115 2752 5182 quin
2784 5116 2946 5167 etiam
2997 5115 3194 5171 multos
3221 5119 3434 5186 equites

1871 5206 2030 5273 ejecit
2090 5220 2152 5257 ex
2203 5206 2332 5273 ipsis
2384 5207 2558 5273 equis,
2618 5222 2753 5274 quos
2803 5209 2961 5277 equi,
3005 5210 3329 5263 insultantes
3381 5222 3435 5264 et

1866 5296 2267 5358 concultautes,
2299 5296 2618 5353 occiderunt
2649 5315 2662 5351 :
2697 5306 2752 5351 et
2798 5301 2864 5353 ad
2905 5315 3174 5353 summum
3212 5310 3432 5355 contur-

1864 5388 2011 5442 bavit
2067 5389 2282 5456 penitus
2348 5402 2442 5440 cos
2489 5389 2579 5454 qui
2645 5391 2904 5450 aderant.
2948 5405 3146 5459 eosque
3201 5393 3433 5445 reddidit

1862 5479 2029 5532 animi
2060 5479 2251 5531 dubios
2275 5488 2328 5530 et
2360 5478 2660 5547 pet-plexos.
2685 5484 2786 5545 Qui
2815 5492 2992 5536 autem
3033 5483 3179 5536 missi
3215 5482 3429 5537 fuerant

1863 5586 1891 5622 a
1930 5586 2052 5638 rege
2104 5567 2378 5633 Teridate,
2412 5579 2467 5622 ut
2522 5585 2866 5628 accerserent
2897 5575 3213 5642 Ripsimem,
3249 5577 3431 5628 animo

1866 5662 2170 5725 conterriti,
2209 5671 2557 5715 revertuntur
2593 5665 2659 5718 ad
2694 5679 2870 5734 regem
2910 5667 3160 5721 deorsum
3211 5667 3430 5719 intuen-
