4148 6470
706 414 809 477 967

1942 395 2221 456 MENSIS
2261 388 2728 451 SEPTEMBER.

3856 380 3960 442 953

709 536 809 584 tes.
841 532 893 576 et
923 521 970 575 ei
1003 516 1318 574 renuntiant
1350 529 1411 568 ea
1459 526 1576 583 qum
1620 510 1757 564 facta
1789 507 2025 570 luerant,
2057 516 2111 559 et
2143 504 2286 574 quod

2415 502 2560 569 Ρδδου
2602 499 2697 561 τὰς
2759 496 2940 567 ψυχὰς
2997 493 3456 564 ὑποπλησθέντες,
3493 491 3754 546 ἐπανίασι
3818 494 3968 544 κάτω

707 631 806 669 nec
846 613 1119 680 acciperet
1161 606 1403 677 Ripsime
1431 619 1491 657 ea
1553 617 1671 671 quae
1721 601 1882 654 missa
1912 598 2148 658 fuerant,
2182 609 2282 647 nec

706 707 932 760 omnino
957 705 1022 759 ad
1055 717 1178 758 eum
1229 699 1412 754 venire
1461 699 1512 749 iu
1559 695 1800 748 animum
1850 690 2151 742 induceret.
2192 686 2286 739 Ille

707 808 889 852 autem
920 796 1072 848 valde
1107 793 1384 852 eﬂeratus,
1415 798 1469 842 et
1499 787 1632 840 nihil
1678 785 1920 852 cogitans
1946 793 2131 834 eorum
2165 792 2286 847 (μελε

714 888 1098 944 renuntiabant
1123 886 1231 938 illis
1277 882 1530 936 evenisse
1562 875 1854 946 (quomodo
1882 873 2028 926 enim
2064 872 2116 923 id
2141 869 2285 922 face-

710 994 790 1035 ret
820 983 999 1034 anima
1045 992 1228 1031 amore
1276 975 1424 1027 ebria
1445 973 1510 1035 ἲ),
1562 984 1737 1035 neque
1780 965 2044 1020 reveritus
2093 964 2289 1031 probro

711 1075 927 1127 allicere
962 1071 1226 1136 virginem
1266 1084 1278 1120 ς
1312 1064 1416 1118 Sed
1465 1079 1583 1126 vos,
1621 1060 1819 1128 inquit,
1873 1074 1988 1110 eam
2037 1056 2118 1107 vel
2157 1053 2291 1106 invi-

713 1176 820 1219 tam
856 1163 1127 1216 adducite.
1158 1160 1235 1213 illi
1264 1174 1392 1228 ergo
1423 1170 1546 1210 cum
1582 1169 1740 1222 quam
1774 1150 2036 1205 citissime
2060 1161 2291 1199 concur-

714 1257 912 1310 rissent
941 1255 1005 1306 ad
1039 1253 1358 1321 Ripsimem,
1393 1259 1449 1301 et
1484 1261 1602 1300 eam
1639 1244 1777 1296 alius
1809 1241 2028 1294 aliunde
2060 1238 2292 1306 prehen-

712 1351 943 1412 dissent,
976 1356 1033 1400 et
1064 1358 1254 1414 magna
1288 1344 1336 1396 vi
1384 1340 1546 1395 simul
1601 1337 1976 1396 attraxissent,
2001 1333 2065 1386 ad
2111 1344 2290 1400 regem

714 1443 1011 1496 adducunt.
1051 1439 1140 1491 llla
1175 1446 1377 1497 autem,
1404 1431 1617 1487 etiamsi
1671 1431 1748 1483 sic
1782 1436 1960 1496 capta.
1994 1436 2048 1478 et
2088 1425 2153 1477 ad
2189 1424 2292 1474 hoc

718 1533 918 1584 malum
963 1539 1110 1582 esset
1158 1528 1396 1586 redacta,
1433 1538 1626 1593 magno
1667 1531 1722 1574 et
1770 1518 1893 1571 forti
1942 1515 2125 1568 animo
2165 1511 2292 1564 illud

719 1625 950 1678 canebat
1010 1638 1022 1676 :
1088 1640 1105 1672 ι
1139 1619 1300 1688 Eripe
1348 1633 1377 1669 a
1431 1616 1766 1681 rhompbiea,
1816 1611 2022 1670 dicens,
2056 1607 2295 1658 animam

721 1729 918 1774 meam,
960 1719 1013 1764 et
1057 1725 1088 1763 a
1131 1723 1294 1761 manu
1341 1705 1490 1758 canis
1546 1704 1882 1772 unigenitam
1931 1696 2153 1749 meam':
2184 1711 2202 1744 ι
2242 1701 2298 1745 et

721 1804 1011 1860 invocabat
1045 1815 1244 1854 nomen
1274 1797 1457 1867 sponsi
1494 1789 1885 1847 desiderabilis.

790 1979 911 2035 XX.
943 1976 1236 2045 Postquam
1273 1981 1451 2026 autem
1493 1967 1593 2023 fuit
1624 1967 1676 2020 in
1709 1966 1824 2036 ipso
1855 1961 2106 2017 cubiculo
2129 1958 2299 2030 regio,

721 2076 910 2127 oculos
953 2071 1017 2124 ad
1059 2069 1336 2123 Christum
1388 2078 1511 2117 cum
1560 2068 1741 2114 mente
1772 2057 2046 2119 attollens,
2083 2067 2302 2106 revoca-

725 2165 818 2216 bat
866 2164 922 2215 in
978 2160 1292 2214 memoriam
1339 2153 1628 2214 mirabilia,
1660 2150 1946 2219 quastacta
1985 2148 2200 2199 fuerant
2248 2142 2302 2193 in

731 2257 914 2311 Bubro
945 2252 1080 2306 mari
1117 2259 1172 2304 et
1220 2246 1511 2301 solitudine
1550 2260 1563 2295 :
1593 2252 1645 2295 et
1693 2240 1882 2294 Jonam
1917 2237 2218 2290 adducebat
2252 2236 2305 2284 in

728 2351 970 2404 medium
1019 2358 1142 2399 cum
1200 2338 1480 2407 naufragio
1529 2332 1858 2394 admirabili,
1913 2341 1985 2392 et,
2038 2343 2158 2397 quae
2208 2326 2310 2378 iuit

727 2444 925 2510 prmter
963 2435 1318 2503 opinionem,
1360 2427 1480 2494 ejus
1537 2424 1593 2477 in
1641 2423 1805 2475 vitam
1853 2416 2255 2472 revocationem
2292 2430 2306 2467 :

732 2528 966 2584 Danielis
1025 2533 1082 2578 et
1122 2524 1284 2576 trium
1329 2517 1653 2571 meminerat
1706 2524 1998 2581 puerorum
2034 2515 2088 2561 et
2117 2520 2309 2574 quem-

729 2618 1022 2672 admodum
1065 2613 1140 2666 illi
1173 2621 1430 2680 tanquam
1465 2607 1520 2659 in
1571 2607 1742 2659 herba
1772 2603 1983 2656 roscida
2014 2602 2067 2653 in
2093 2600 2308 2653 ﬂamma

732 2709 1061 2764 iItCedebant
1083 2725 1095 2758 :
1121 2703 1318 2759 deinde
1348 2701 1512 2756 etiam
1539 2696 1802 2752 Susanna:
1833 2695 2107 2750 referebat
2137 2691 2312 2746 factas

733 2801 983 2864 insidias,
1014 2808 1068 2852 et
1098 2797 1530 2863 redemptionem
1567 2807 1581 2843 :
1612 2799 1670 2844 et
1716 2789 1814 2842 sibi
1845 2787 2079 2842 similem
2120 2783 2313 2836 adesse

733 2896 1034 2960 adiutorem
1081 2889 1304 2957 petebat
1346 2886 1395 2937 in
1449 2897 1581 2936 casu
1627 2880 1810 2933 simili.
1864 2875 2089 2928 interim
2130 2879 2311 2924 autem

737 3004 790 3040 in
823 2983 1138 3038 cubiculum
1170 2981 1473 3048 ingressum
1520 2972 1828 3026 Teridatem
1867 2967 2072 3020 invadit
2101 2965 2315 3037 gravior

737 3081 947 3134 daemon
1008 3070 1462 3142 intemperantiae,
1501 3074 1855 3133 amenterque
1886 3070 1938 3115 et
1981 3062 2171 3113 insane
2207 3072 2314 3124 pra:

740 3185 923 3225 amore
955 3167 1315 3229 exclamabat,
1344 3172 1399 3216 et
1429 3160 1674 3214 ardebat.
1709 3167 1761 3211 et
1789 3154 2127 3223 eliquabatur
2163 3169 2174 3202 :
2213 3150 2315 3200 illi-

740 3263 1022 3329 ciebatque
1048 3258 1371 3325 iiipsimem,
1396 3260 1450 3304 et
1467 3251 1514 3303 ei
1536 3247 1938 3304 blandiebatur,
1959 3253 2012 3297 et
2030 3241 2314 3295 vaferrime

743 3354 998 3408 omnibus
1037 3349 1212 3400 modis
1262 3357 1380 3395 eam
1431 3337 1864 3410 aggrediebatur.
1911 3336 2003 3389 Illa
2052 3339 2317 3386 autemet

741 3447 1093 3500 acoedentem
1151 3435 1527 3496 aversabatur,
1585 3443 1639 3486 et
1696 3431 1826 3485 dum
1881 3443 2000 3482 eam
2049 3432 2313 3494 tangeret,

741 3551 883 3607 agre
914 3534 1140 3595 terebat,
1172 3538 1228 3582 et
1262 3527 1461 3581 collum
1487 3521 1901 3579 extendentem,
1936 3526 1994 3568 ut
2028 3515 2320 3582 impudicis

743 3628 1086 3680 oscularetur
1126 3622 1314 3680 labris,
1351 3631 1457 3667 non
1492 3613 1815 3671 sustinebat,
1849 3617 1905 3659 ut
1929 3607 2152 3660 decebat
2178 3613 2319 3655 recte

743 3719 1046 3774 institutam
1107 3712 1372 3780 virginem
1421 3723 1432 3760 :
1482 3706 1706 3774 ejusque
1766 3699 1946 3753 vultus
2000 3700 2322 3767 implebatur

745 3811 974 3881 pudore,
1017 3815 1072 3858 et
1124 3803 1335 3856 acerbis
1403 3800 1581 3852 verbis
1632 3795 1996 3848 insectabatur
2043 3792 2317 3844 hominem

748 3901 1101 3971 impudicum,
1134 3905 1189 3949 et
1234 3906 1494 3962 sponsum
1524 3893 1749 3940 vocabat
1771 3884 2146 3945 Christum,et
2179 3881 2322 3932 illius

747 3992 1060 4048 Ierveutiori
1083 4001 1268 4040 amore
1300 3981 1692 4035 incendebatur
1721 3991 1734 4026 :
1763 3985 1817 4027 et
1848 3985 1906 4024 ut
1932 3973 2116 4038 paucis
2145 3971 2324 4022 absol-

749 4101 894 4147 vam,
925 4080 1204 4149 superavit
1233 4088 1380 4135 eum,
1409 4071 1497 4140 qui
1532 4077 1679 4122 tanta
1706 4073 1824 4119 erat
1848 4062 2241 4132 magnitudine,
2269 4069 2325 4112 et

752 4178 917 4233 tantis
959 4174 1182 4234 viribus,
1224 4179 1278 4220 et
1329 4180 1520 4236 puram
1576 4175 1775 4230 sponso
1811 4158 2032 4211 Christo
2081 4153 2326 4223 corporis

753 4265 1217 4340 pulchritudinem
1252 4270 1307 4313 et
1352 4272 1547 4310 annua:
1577 4252 1919 4307 conservavit
1961 4248 2321 4303 nobilitatem.

755 4362 847 4417 Sic
869 4359 1006 4413 nihil
1039 4364 1122 4409 est
1151 4367 1304 4420 teque
1332 4349 1766 4418 inexpugnabile,
1789 4355 1950 4413 atque
1976 4347 2027 4396 in
2049 4342 2326 4396 Christum

756 4448 1128 4508 benevolentia
1154 4456 1208 4502 et
1241 4461 1364 4518 spes
1393 4442 1628 4511 :quibus
1651 4438 1693 4492 si
1730 4447 1778 4490 te
1803 4437 1978 4489 solum
2010 4432 2323 4492 armaveris,

2387 595 2632 654 νεύοντες
2665 592 2796 658 πρὸς
2828 591 2918 642 τὸν
2944 587 3196 657 βασιλέα.
3219 587 3313 640 xui
3348 585 3493 654 αὑτῷ
3546 583 3970 649 ἀπαγγέλλουσι

2386 688 2453 739 τὰ
2493 686 2852 752 γεγενημένα,
2887 683 2974 732 xui
3005 679 3080 740 ὡς
3117 677 3243 732 οὗτε
3317 676 3525 741 δέκοιτο
3563 677 3596 745 ἡ
3640 675 3876 742 Ῥιψίμη
3906 677 3970 726 τα

2390 776 2730 844 πεμςςθέντα,
2757 773 2868 825 οὗθ’
2893 774 3024 832 ὅλως
3054 768 3788 840 παραγενέσθαιάνάσχοιτο.
3808 764 3866 818 Ὀ
3892 766 3970 826 δὲ,

2390 869 2642 940 χαλεπῶς
2676 867 2941 934 ἀγριάνας
2979 865 3070 916 xui
3116 863 3284 932 μηδὲν
3327 863 3462 930 μήτε
3519 854 3592 912 ῶν
3619 858 3970 928 ἀπήγγειλαν

2391 958 2875 1038 αὐτῷ’συμὸαλὼν
2901 959 3038 1027 (πῶς
3074 959 3182 1024 γὰρ
3229 955 3391 1025 ἔρωτι
3436 954 3713 1021 μεθύουσα
3771 951 3971 1018 ψυχήκ

2397 1052 2525 1122 μήτ’
2554 1050 2806 1118 αἰσχῦναι
2843 1049 2940 1117 τὴν
2968 1046 3234 1114 παρθένον
3265 1041 3605 1112 εὐλαϐηθείς
3643 1040 3788 1094 Ἀλλ’
3819 1043 3975 1107 ὑμεῖς

2394 1145 2628 1212 ἀγάγετε
2663 1141 2868 1209 ταύτην
2902 1141 2994 1191 xui
3031 1141 3289 1202 ἄκουσαν,
3346 1137 3470 1202 ἔφη,
3517 1130 3678 1189 Οὗτοι
3708 1132 3844 1199 γοῦν
3876 1133 3976 1198 τὴν

2391 1240 2657 1304 ταχίστην
2684 1235 2775 1286 ἐπὶ
2809 1232 2907 1301 τὴν
2945 1230 3206 1299 Ῥιψὶμην
3241 1228 3665 1298 συρῤεύσαντες,
3690 1225 3788 1276 xui
3817 1223 3976 1281 ἄλλος

2394 1326 2614 1383 ἄλλοθεν
2645 1325 2930 1392 λαϐόμενοι
2954 1324 3154 1388 ταύτης
3183 1321 3274 1372 xui
3309 1320 3400 1389 βίᾳ
3429 1318 3594 1385 πολλῇ
3625 1330 3975 1368 συνεπισπα-

2399 1422 2624 1489 σάμενοι
2650 1416 2728 1485 τῷ
2777 1415 2983 1483 βασιλεῖ
3050 1412 3413 1482 παριστῶσιν.
3456 1411 3518 1461 ’11
3551 1409 3607 1459 δὲ
3661 1409 3756 1458 xui
3797 1405 3977 1465 οὕτως

2397 1513 2805 1578 ἀπολειφθεῖσα,
2848 1512 2939 1560 xui.
2969 1508 3070 1568 -είς
3120 1507 3278 1556 τοῦτο
3321 1501 3490 1556 κακοῦ
3525 1502 3856 1569 περιστᾱτα,
3889 1498 3976 1547 ἀν-

2399 1603 2685 1674 δρειότατα
2718 1602 2762 1653 δ’
2796 1596 2892 1653 οὖν
2934 1600 3093 1666 ’ὅμως
3135 1597 3308 1646 έκεῖνο
3338 1594 3504 1662 ὑπῇδε
3528 1633 3542 1657 ,
3581 1609 3598 1641 ι
3652 1591 3842 1642 Ῥὑσαι
3869 1589 3980 1640 ἀπο

2405 1695 2699 1766 ῥομφαίας,
2727 1692 2959 1760 λέγουσα
2986 1689 3082 1758 τὴν
3105 1687 3281 1756 ψυχήν
3307 1702 3428 1754 μου,
3449 1686 3541 1735 xui
3565 1687 3627 1734 ὲκ
3667 1682 3850 1749 χειρός
3885 1698 3979 1730 xu-

2398 1791 2486 1851 νὸς
2521 1791 2619 1855 τὴν
2659 1783 2918 1856 μονογενῆ
2951 1798 3071 1851 μου,
3113 1797 3132 1831 ι
3182 1781 3274 1831 xui
3295 1777 3358 1830 το
3391 1777 3562 1844 ὄνομα
3597 1772 3692 1825 τοῦ
3725 1770 3977 1823 ποθεινοῦ

2404 1898 2463 1930 νυ
2474 1895 2548 1946 tu;
2558 1877 2637 1928 ίου
2672 1879 2767 1927 ὲπε
2776 1875 2957 1926 ὅοᾶτο.

2442 1970 2444 1972 ⁷
2477 1968 2558 2024 κ’.
2595 1967 2812 2036 Ἐπειδὴ
2844 1965 2899 2017 δὲ
2935 1965 3027 2017 xui
3062 1961 3228 2017 αὑτοῦ
3255 1961 3403 2014 ινδον
3434 1957 3651 2025 ἐγένετο
3681 1953 3776 2007 τοῦ
3821 1954 3978 2024 βατιο

2404 2064 2549 2116 λείου
2588 2060 2869 2121 κοιτῶνος,
2897 2057 3024 2120 τοὺς
3062 2054 3376 2122 ὀφθαλμοὺς
3408 2052 3630 2122 Χριστῷ
3667 2049 3811 2118 μετά
3870 2048 3979 2098 τῶν

2407 2156 2619 2225 φρενῶν
2670 2151 3006 2220 ἀειασχοῦσα,
3053 2147 3162 2200 τῶν
3207 2145 3349 2198 κατά
3401 2147 3498 2212 τὴν
3549 2143 3759 2211 ἔρημον
3820 2141 3983 2192 αὑτὸν

2407 2249 2787 2320 ἀνεμίμνησκε
2829 2237 3292 2309 θαυμασίων,καὶ
3320 2238 3411 2289 τὸν
3447 2237 3634 2289 Ὶωνᾶν
3685 2237 3768 2297 είς
3820 2237 3984 2305 μέσον

2409 2343 2700 2411 παρήγαγε
2733 2338 2875 2405 μετά
2915 2333 3010 2385 τοῦ
3050 2328 3369 2400 θαυμαστοῦ
3423 2329 3686 2394 ναυαγίου
3727 2327 3824 2379 xui
3887 2325 3986 2390 τῆς

2410 2431 2714 2503 παραδόξου
2775 2422 3164 2483 ἀναδιὼσεωςο
3223 2418 3315 2472 τοῦ
3372 2419 3571 2486 Δανιὴλ
3618 2433 3678 2467 τε
3733 2416 3832 2467 xui
3877 2414 3986 2464 τῶν

2409 2525 2576 2595 τριῶν
2607 2525 2880 2592 ἐμέμνητο
2906 2514 3128 2575 παίδων,
3157 2510 3249 2564 xui
3279 2510 3425 2570 ὅπως
3463 2507 3537 2569 ῶς
3570 2509 3664 2558 ἐπὶ
3714 2506 3986 2574 δροσερᾶς

2413 2619 2549 2679 πόας
2583 2617 2780 2668 ἐκεῖνοι
2811 2610 2910 2681 τῆς
2941 2607 3137 2677 φλογὸς
3177 2605 3416 2665 ἔσαινον,
3461 2595 3578 2652 εἷτα
3614 2598 3710 2649 xui.
3741 2598 3842 2665 τῆς
3881 2598 3989 2648 Σω-

2415 2713 2613 2777 σάννης
2638 2704 2840 2773 διεξῄει
2872 2695 3292 2771 τὴνέπιὸουλὴν
3324 2693 3418 2746 xui
3443 2692 3541 2762 τὴν
3573 2691 3993 2760 ἀπολύτρωσιν,

2415 2807 2509 2859 xui
2542 2774 2729 2871 ὅμοιον
2758 2795 2896 2862 αὑτῇ
2928 2789 3276 2859 παραστῆναι
3316 2786 3506 2859 βοηθὸν
3539 2786 3599 2837 ὲν
3628 2774 3993 2854 ὁμοίαιςῇτει

2414 2899 2531 2959 ταῖς
2560 2890 2932 2962 περιστάσεσι.
2959 2883 3069 2938 Καὶ
3098 2881 3305 2952 μεταξὺ
3364 2879 3761 2949 είσπηόήσαντι
3789 2880 3869 2938 εἰς
3903 2877 3993 2926 τὸν

2415 2988 2647 3043 κοιτῶνα
2675 2983 2750 3048 τῷ
2794 2971 3094 3051 Τηριδάτῃ,
3142 2973 3437 3044 βαρύτερος
3479 2971 3506 3022 ὁ
3550 2969 3650 3034 τῆς
3695 2967 3994 3025 ἀκολασίας

2418 3079 2682 3148 ἐμπίπτει
2723 3073 2954 3140 δαίμων,
2996 3069 3089 3120 xui.
3141 3065 3460 3133 παράφορον
3509 3059 3612 3111 ὑπὸ
3649 3057 3747 3110 τοῦ
3797 3058 3999 3128 ἔρωτος

2342 3175 2385 3232 (ἶ
2419 3173 2514 3223 xui
2563 3164 2801 3235 ἐμμανὲς
2838 3159 3054 3221 ἀνεϐόα,
3103 3157 3196 3210 xui
3234 3153 3604 3223 διεφθέγγετο,
3633 3151 3732 3202 xui
3763 3151 4001 3218 κατετή·

2420 3278 2576 3318 κετο·
2611 3261 2701 3313 xui
2750 3257 3018 3325 ὑπέτρεχε
3044 3251 3142 3322 τὴν
3193 3249 3447 3318 Ῥιψίμην
3481 3247 3572 3298 καί
3607 3244 3883 3303 ὲθώπευε,
3907 3245 3998 3295 xui.

2421 3359 2600 3411 πάντα
2645 3353 2845 3424 τρόπον
2902 3346 3321 3416 πανουργότατα
3370 3339 3672 3409 ἐπεχείρει.
3727 3339 3794 3390 Ἦ
3827 3338 3882 3390 δὲ
3911 3337 4000 3388 xui.

2421 3446 2793 3514 ἀπεστρέφετο
2826 3438 3137 3505 προσιόντα,
3163 3437 3253 3486 xui.
3279 3432 3583 3499 ἁπτομένου
3618 3428 4001 3495 ἐδυσχέραινε,

2425 3540 2516 3589 xui.
2549 3535 2637 3585 τὸν
2670 3531 2870 3599 αὐχένα
2900 3524 3215 3577 ἐκτείνοντα
3252 3522 3570 3578 ἀκολάστοις
3606 3518 3840 3585 φιλῆσαι
3887 3519 3998 3586 χεί⁸

2423 3627 2568 3679 λεσιν
2601 3625 2700 3692 οὐχ
2729 3619 2988 3686 ὑπέμενε,
3012 3610 3356 3685 παρθενικῶ;
3393 3605 3452 3660 εὖ
3480 3607 3627 3676 μάλα
3658 3609 3756 3658 xui
3802 3623 3998 3657 πεπαι-

2423 3718 2733 3789 δευμένως·
2788 3709 3129 3783 ὲρυθήματός
3178 3722 3235 3757 τε
3270 3703 3542 3771 σώφρονος
3603 3698 3998 3765 ὑπεπίμπλατο

2424 3813 2520 3882 τὴν
2551 3811 2670 3878 ww
2694 3823 2705 3836 ·
2739 3807 2834 3856 xui
2857 3800 3112 3872 (ίμιίζειν
3131 3796 3220 3850 τὸν
3241 3794 3536 3848 ἀκόλαστον
3563 3791 3748 3858 ἔλεγε,
3788 3793 3884 3842 καὶ
3917 3792 4000 3840 τὸν

2427 3881 2656 3973 νυμφίον
2711 3897 2892 3950 ἐκάλει
2950 3894 3205 3962 Χριστὸν,
3240 3888 3332 3940 xui
3389 3886 3710 3952 θερμοτέρῳ
3749 3882 3830 3952 τῷ
3873 3881 4000 3952 πρὸς

2427 3998 2631 4048 ἐκεῖνον
2660 3991 2822 4057 ἔρωτι
2874 3985 3221 4051 ἀνεφλέγετο·
3253 3978 3343 4031 καί
3378 3993 3431 4029 τι
3461 3977 3569 4045 γὰρ
3598 3977 3656 4025 ἐν
3696 3974 3896 4043 βραχεῖ
3917 3973 4000 4024 τοὺ

2428 4083 2680 4135 τοσούτου
2750 4081 2838 4130 τὸν
2895 4078 3056 4141 ὅγκον
3113 4071 3206 4122 xui
3265 4069 3578 4136 τηλικούτου
3635 4066 3736 4132 τὴν
3820 4065 4004 4133 ῥώμην

2430 4175 2720 4244 ὑπερέσχε,
2752 4170 2845 4222 xui
2883 4167 3118 4235 καθαρὸν
3146 4161 3222 4231 τῷ
3262 4161 3476 4228 νυμφίῳ
3523 4157 3750 4225 Χριστῷ
3809 4160 3903 4208 καί
3955 4159 4008 4207 τὸ

2429 4270 2520 4322 τοῦ
2563 4266 2814 4334 σώματος
2853 4258 3046 4318 κάλλος
3079 4255 3172 4307 xui
3203 4254 3299 4323 τὴν
3332 4251 3429 4318 τῆς
3474 4249 3652 4316 ψυχῆς
3725 4251 4005 4314 εὐγένεια-θ

2428 4357 2739 4412 διεσώσατο.
2765 4351 2950 4412 Οὕτως
2985 4346 3136 4400 οὐδὲν
3180 4345 3392 4414 ἄμαχον
3431 4340 3504 4401 ὡς
3554 4339 3588 4408 ἡ
3630 4339 3727 4390 ἐπὶ
3777 4340 4008 4410 Χριστὸν

2433 4449 2613 4502 εὑνοια
2652 4447 2748 4498 xui
2805 4443 2990 4503 am;-
3021 4441 3114 4492 xui
3167 4440 3214 4490 εί
3245 4435 3420 4505 ταύτῃ
3474 4434 3636 4504 μόνον
3692 4433 3922 4502 ὁπλίσῃ,
3954 4435 4006 4483 οὑ

755 4560 865 4601 non
899 4542 1159 4597 accedent
1185 4539 1251 4593 ad
1302 4547 1355 4591 te
1403 4534 1563 4596 mala,
1606 4543 1779 4598 neque
1824 4524 2093 4596 ﬂagellum
2135 4535 2313 4589 appro-

2434 4538 2856 4608 προσελεύσεται
2882 4532 3017 4599 πρὸς
3051 4529 3107 4581 σὲ
3142 4528 3307 4589 κακά,
3336 4527 3454 4578 οὑδὲ
3500 4523 3702 4594 μάστιξ
3730 4529 3914 4592 enisi
3940 4525 4009 4594 τῷ

757 4635 1045 4707 pinquabit
1066 4627 1418 4685 tabernaculo
1457 4635 1548 4678 tuo
1580 4624 1624 4675 '.
1654 4639 1672 4671 ι

831 4747 973 4804 XXI.
1007 4747 1051 4799 Α
1073 4742 1278 4814 virgine
1301 4755 1428 4809 ergo
1473 4733 1786 4806 turpissime
1819 4729 1993 4783 victus
2023 4724 2329 4789 Teridates,

757 4848 1033 4922 egreditur
1057 4840 1373 4901 ecubiculo,
1411 4848 1461 4890 et
1508 4835 1694 4888 eluere
1735 4827 1925 4882 volens
1956 4821 2330 4894 ignominiam,

760 4961 855 5007 aut
894 4947 1072 5016 potius
1119 4957 1229 4997 non
1278 4939 1462 4993 valens
1511 4933 1796 4990 continere
1830 4921 2330 4996 intemperantiam,

763 5064 940 5119 neque
967 5048 1148 5101 vivere
1178 5042 1474 5102 sustinens,
1500 5039 1542 5092 si
1573 5052 1681 5090 non
1703 5035 2047 5104 impudenter
2073 5025 2334 5095 probrum

763 5153 984 5207 allerret
1014 5148 1234 5219 virgini,
1271 5148 1424 5216 jubet
1447 5140 1633 5198 collari
1672 5138 1908 5192 vinctam
1950 5130 2142 5186 adduci
2178 5125 2337 5179 Gaia-

766 5270 914 5316 nam,
941 5262 996 5307 et
1042 5250 1175 5305 foris
1211 5256 1443 5302 stantem
1485 5244 1548 5296 ad
1583 5229 1806 5308 janu'am
1842 5235 1960 5303 cogi
1993 5249 2026 5284 a
2072 5226 2335 5284 ministris

765 5356 996 5410 suadere
1031 5351 1305 5420 Bipsirme,
1340 5363 1459 5416 qua:
1491 5351 1608 5399 erat
1657 5338 1824 5403 intus,
1860 5344 1918 5388 ut
1945 5332 2053 5401 regi
2098 5335 2335 5398 pareret,

767 5471 823 5516 et
873 5457 1003 5512 nulli
1046 5457 1146 5517 rei,
1179 5467 1335 5524 quam
1385 5450 1473 5502 ille
1527 5445 1676 5508 velit,
1729 5444 2080 5510 repugnaret.
2125 5431 2344 5485 Sciebat

769 5564 914 5617 enim
935 5559 1192 5614 Gaianam
1229 5571 1349 5610 esse
1390 5551 1534 5606 illius
1568 5545 1908 5616 pmdagogam
1946 5548 2001 5591 et
2032 5534 2343 5603 magistram

772 5667 825 5720 in
861 5665 927 5717 iis
979 5677 1098 5731 quae
1123 5659 1397 5729 pertinent
1435 5656 1502 5708 ad
1537 5652 1791 5703 virtutem
1828 5661 1840 5695 :
1875 5649 1927 5694 et
1953 5641 1997 5693 si
2037 5639 2126 5692 illa
2172 5638 2346 5689 solum

773 5764 1024 5827 voluerit,
1060 5761 1354 5829 Ripsimem
1398 5754 1528 5807 nihil
1578 5763 1698 5804 esse
1731 5742 2222 5799 contradicturam.
2259 5734 2344 5786 ln-

845 5883 863 5911 ⁸
900 5878 1036 5933 Psal.
1074 5892 1179 5940 xxv,
1212 5874 1297 5927 “21.
1378 5872 1395 5902 ⁸
1426 5870 1564 5924 Psal.
1604 5880 1685 5925 xc,
1720 5863 1772 5927 'l,
1806 5859 1857 5912 8.

2437 4627 2754 4697 σκηνώματί
2811 4640 2924 4674 σου.

2507 4718 2637 4775 KA'.
2663 4717 2771 4787 Τῆς
2803 4713 3071 4783 παρθένου
3097 4709 3275 4763 τοίνυν
3298 4706 3604 4776 τηριδάτης
3633 4704 3896 4776 αἴσχιστα
3927 4708 4011 4774 ᾐτ.

2432 4810 2826 4882 ετηθεὶς,ἕξεισι
2860 4804 2954 4859 τοῦ
3011 4803 3291 4866 κοιτῶνος,
3335 4801 3432 4853 xui
3486 4796 3879 4851 ἀπολύσασθαι
3925 4802 4011 4866 τὴν

2436 4905 2652 4972 ἀδοξίαν
2679 4903 2897 4963 ἐθέλων,
2918 4898 3118 4968 μᾶλλον
3151 4895 3207 4947 δὲ
3245 4893 3321 4963 μὴ
3355 4892 3562 4959 στέγων
3581 4894 3686 4958 τὴν
3715 4892 4010 4946 ἀκολασίαν

2442 4996 2573 5066 μηδὲ
2602 4995 2698 5064 ζῇν
2730 4989 3052 5056 ἀνεχόμενος
3079 4987 3126 5037 εἰ
3160 4985 3235 5055 μὴ
3265 4982 3455 5051 ἀνέδην
3485 4981 3565 5041 είς
3607 4981 3711 5049 τὴν
3745 4982 4008 5050 παρθένον

2439 5087 2734 5156 ἐνυὸρίσοι,
2784 5080 2996 5134 κελεύει
3035 5078 3139 5129 ὑπὸ
3191 5073 3354 5143 κλοιῷ
3383 5072 3541 5142 ἀχθεῐ
3566 5087 3626 5123 σε
3656 5071 3901 5142 Γαῖανὴν
3929 5071 4010 5122 xui

2445 5178 2576 5245 πρὸς
2602 5177 2698 5236 τὰς
2734 5171 2897 5241 θύρας
2930 5168 3131 5231 ἔξωθεν
3164 5166 3367 5218 στᾶσαν
3397 5159 3819 5227 ἀναγκάζεσθαι
3872 5162 4007 5228 παρὰ

2443 5271 2549 5320 τῶν
2579 5263 2991 5335 ὑπηρετούντων
3050 5260 3197 5313 ινδον
3242 5256 3374 5326 οὑσῃ
3419 5255 3709 5322 παραινεῖν
3739 5256 3808 5321 τῇ
3869 5252 4007 5318 Pr}!-

2446 5379 2538 5430 μη,
2594 5355 2881 5425 πεισθῆναί
2931 5372 2986 5406 τε
3019 5352 3095 5421 τῷ
3159 5349 3392 5421 βασιλεῖ,
3437 5348 3530 5399 xui
3587 5344 3729 5412 πρὸς
3763 5345 3916 5398 οὐδὲν
3945 5337 4010 5399 ὧν

2446 5453 2656 5511 ἐκεῖνος
2723 5449 2958 5520 βούλοιτο
3012 5444 3332 5509 ἀντιλέγειν.
3390 5438 3542 5508 ’ῌδει
3582 5437 3694 5504 γάρ
3739 5441 4012 5505 παιδαγωι

2447 5547 2540 5611 γόν
2569 5561 2626 5596 τε
2655 5540 2884 5610 Γαῖανὴν
2911 5535 3074 5590 οὖσαν
3139 5535 3396 5605 Ῥιψίμης
3454 5529 3546 5583 xui
3603 5529 3928 5583 διδάσκαλον
3956 5531 4013 5583 τὰ

2446 5642 2523 5700 εἰς
2574 5635 2908 5704 ἀρετὴν,κα“ι
2955 5630 3005 5682 εἰ
3059 5629 3223 5698 μόνον
3257 5627 3444 5694 εκείνη
3506 5621 3799 5696 ἐθελήσειε
3865 5624 4015 5694 μηδὲν

2452 5726 2783 5794 ἁντεροῦσσιν
2859 5719 3159 5789 ’1³ιψίμην,
3211 5718 3426 5780 ἄθλιος,
3482 5719 3537 5778 ὃς
3599 5733 3661 5782 γε
3745 5722 3849 5770 οὑκ
3902 5718 4019 5785 idu-
