4148 6502
166 429 276 492 969
1127 423 1300 483 νιγΤΑ
1340 423 1405 482 S.
1446 419 1738 482 GREGOF

1860 422 2095 483 ILLUM
2108 420 2128 481 ι
2141 421 2486 488 NA'l'ORlS.
3293 429 3394 493 970

174 565 254 601 πα
290 546 459 617 μόνης
508 539 761 611 ἡττηθεὶς
803 538 896 608 τῆς
962 537 1241 608 Ῥιψίμης,
1288 534 1422 588 ἀλλὰ
1459 535 1549 587 καὶ
1581 535 1738 589 Γαῖα-

1845 532 1996 596 felix,
2025 534 2114 602 qui
2150 548 2254 586 non
2284 533 2417 588 satis
2443 531 2631 587 habuit
2660 549 2690 588 α
2720 536 2831 591 sola
2856 534 3054 592 victum
3084 553 3202 595 esse
3232 540 3405 610 Ripsi-

165 641 265 709 νην
292 639 359 707 τῇ
394 630 585 688 ἑαυτοῦ
616 629 824 701 κεφαλῇ
843 627 1091 698 δεύτερον
1119 627 1286 695 ἐπῆγε
1330 624 1520 679 κακόν.
1570 625 1730 686 “litt;

1840 625 2068 690 me,setl
2116 626 2281 681 etiam
2336 624 2596 680 Gaianam
2643 641 2744 682 suo
2787 628 2947 698 capiti
2998 630 3295 685 secundum
3324 632 3405 685 in-

167 728 359 799 ἐπειδὴ
391 727 487 781 καὶ
517 722 786 795 παρέστη,
808 722 1066 776 ἐτύπτετο
1101 720 1199 791 μὲν
1227 719 1332 772 ὑπὸ
1363 719 1471 771 τῶν
1521 717 1731 770 ἐκείνου

1838 716 1976 771 vexit
2013 718 2233 771 malum.
2262 719 2392 785 Qun?
2422 719 2638 789 quidem
2694 729 2974 791 postquam
3013 724 3242 786 adstitit,
3275 741 3398 778 ver-

163 819 481 890 δορυφόρων
504 814 597 869 διὰ
636 812 892 882 Ῥιψίμην
914 810 1007 864 καὶ
1033 809 1402 879 έσπαράττετο
1429 825 1440 836 ·
1468 808 1502 875 ἡ
1530 807 1607 873 δὲ,
1640 806 1734 860 καὶ

1838 809 2356 879 berabalurquidem
2384 820 2439 866 et
2467 811 2805 867 lacerabatur
2819 813 2886 868 ab
2908 814 3049 869 illius
3074 816 3401 870 satellitibus

163 908 392 965 τοιαῦτα
443 906 750 976 πάσχουσα,
792 905 935 971 ὅμως
966 901 1026 955 τὺ
1072 902 1314 955 ἐναντίον
1364 901 1507 953 ἅπαν
1543 898 1731 952 ἐποίει.

175 1000 586 1071 Ἅνεμίμνησκς
614 996 723 1066 γάρ
748 994 846 1064 τὴν
873 991 1141 1063 παρθένον
1170 991 1276 1045 τῶν
1302 990 1438 1060 πρὸς
1470 989 1562 1042 τὸν
1604 989 1735 1041 Θεὸν

166 1091 473 1163 ὁμολογιῶν
504 1106 519 1121 ·
579 1088 861 1157 ὑπέγραφε
920 1083 1021 1154 τὴν
1084 1082 1293 1135 ἐκεῖθεν
1347 1081 1457 1133 τῶν
1510 1081 1738 1133 δικαίων

162 1183 534 1255 λαμπρότητα
552 1178 630 1248 τῷ
657 1176 821 1245 λόγον
848 1164 1349 1243 τῆν’ἡπειλημὲνην
1375 1173 1486 1231 τοῖς
1508 1171 1734 1240 φαύλοις

168 1278 400 1345 γέενναν
438 1268 705 1327 ἀντετίθει
735 1266 919 1320 πάλιν.
949 1264 1058 1319 Καὶ
1096 1265 1144 1318 οἱ
1182 1262 1492 1333 δορυφόροι.
1536 1258 1736 1330 μεταξὺ

170 1366 485 1435 αἰσθόμενοι
502 1362 608 1414 τῶν
627 1358 951 1429 εἰρημένων,
982 1355 1151 1418 λίθοις
1170 1371 1231 1408 τε
1249 1354 1419 1423 αὐτῆς
1444 1353 1739 1419 ὲκκρύουσι

167 1458 296 1518 τοὺς
317 1454 562 1515 ὀδόντας,
593 1451 689 1503 καὶ
716 1447 793 1515 τῷ
824 1446 1033 1516 βασιλεῖ
1059 1445 1125 1498 τά
1152 1443 1293 1498 κατά
1315 1443 1539 1515 γνώμην
1569 1444 1741 1512 ὴνάγ.

166 1550 341 1614 καςον
375 1544 733 1614 φθέγγεσθαι.
763 1543 828 1594 ’Β
853 1540 909 1595 δὲ
939 1540 1128 1609 ὥσπερ
1154 1538 1426 1609 ῥωσθεῖσα
1450 1540 1571 1601 ταῖς
1602 1536 1742 1607 πλη-

164 1643 295 1709 γαῖς
341 1637 562 1709 μᾶλλον,
606 1634 721 1689 ἀλλ’
767 1633 867 1687 οὐκ
910 1631 1193 1702 ἀὶθγήσασα
1243 1629 1399 1691 ὅλως,
1442 1627 1536 1679 καὶ
1582 1626 1744 1693 ἔτερα

158 1731 507 1803 προσετίθει.
552 1727 712 1782 Ἀλλά
764 1726 863 1792 τὴν
896 1722 995 1791 μιν
1023 1722 1071 1773 ot
1100 1718 1387 1789 δορυφόροι
1443 1717 1600 1779 εὐθὺς
1647 1718 1745 1788 άρο

162 1826 458 1883 πάσαντες,
506 1817 695 1887 πόρρω
748 1828 849 1865 που
902 1810 1094 1863 ἔθεσαν
1136 1808 1488 1871 κελεύσαντες
1528 1806 1743 1861 ἀπιέναι

159 1915 325 1967 πάλιν
353 1911 475 1964 ὅθεν
500 1906 744 1976 ἀφίκετο.

1836 911 2057 970 propter
2083 899 2375 971 Ripsimetn
2409 920 2423 956 :
2465 903 2551 956 illa
2587 912 2766 958 autem
2798 904 3009 960 etiamsi
3045 906 3159 960 haec
3191 916 3402 975 patere-

1839 1000 1947 1054 tur,
1976 999 2147 1045 totum
2190 1001 2371 1047 tamen
2423 992 2655 1049 faciebat
2698 995 2914 1051 illorum
2965 998 3244 1068 imperatis
3273 1013 3403 1053 con-

1841 1082 2087 1135 trarium.
2122 1083 2320 1155 Virgini
2352 1084 2497 1138 enim
2519 1086 2804 1141 revocabat
2831 1087 2884 1141 in
2905 1089 3221 1142 memoriam
3247 1100 3403 1158 pacta

1837 1181 2130 1235 conventa,
2159 1189 2279 1242 qua:
2303 1189 2427 1229 cum
2477 1176 2586 1231 Deo
2615 1178 2836 1232 fecerat.
2881 1177 3233 1233 Deseribebat
3288 1195 3406 1233 ser—

1839 1278 2001 1317 mone
2024 1262 2321 1333 justorum,
2352 1265 2445 1334 qui
2506 1266 2614 1322 illic
2651 1276 2753 1333 est,
2790 1268 3134 1337 splendorem
3167 1284 3180 1322 :
3213 1279 3404 1323 contra

1840 1354 2151 1422 apponebat
2198 1354 2524 1425 gehennam,
2554 1357 2710 1426 cujus
2752 1359 2914 1413 mina:
2960 1359 3112 1414 malis
3153 1369 3281 1414 sunt
3321 1361 3407 1414 in-

1842 1452 2080 1499 tentata.
2116 1444 2334 1499 Interim
2386 1457 2565 1502 autem
2615 1448 2896 1513 satellites,
2929 1464 3053 1504 cum
3106 1450 3404 1505 sensissent

1841 1549 1928 1594 ea,
1971 1550 2090 1605 quae
2118 1535 2259 1589 dicta
2302 1536 2537 1601 fuerant,
2565 1538 2838 1609 lapidibus
2874 1540 2991 1611 ejus
3017 1539 3210 1594 dentes
3242 1555 3403 1594 excu-

1844 1628 2006 1692 tittnt,
2030 1637 2085 1683 et
2120 1629 2376 1683 mandant
2409 1646 2471 1686 ea
2529 1632 2699 1700 loqui,
2731 1648 2851 1702 qua:
2889 1634 2999 1704 regi
3040 1632 3221 1686 l‘utura
3254 1641 3409 1686 erant

1842 1722 2224 1788 ex_sententia.
2262 1721 2357 1775 Illa
2388 1731 2590 1787 autem,
2610 1732 2865 1794 tanquam
2894 1723 3206 1777 verberibus
3228 1721 3408 1791 potius

1845 1810 2189 1875 confirmata,
2234 1828 2393 1881 quam
2436 1815 2603 1868 ullum
2639 1817 2863 1871 omnino
2893 1816 3131 1871 dolorem
3162 1814 3405 1881 accepis-

1770 1881 1818 1941 Β
1847 1908 1951 1965 set,
1988 1902 2091 1955 alia
2125 1917 2340 1971 quoque
2367 1904 2559 1972 primis
2585 1905 2933 1959 suasionibus
2960 1903 3269 1973 adjiciebat.
3297 1900 3405 1955 Sed

158 2006 313 2059 illam
349 1999 567 2072 quidem
606 2011 728 2053 cum
778 1992 1040 2051 satellites
1073 1991 1325 2064 protinus
1356 1987 1733 2061 arripuissent,
1775 1989 1965 2059 procul
1996 2000 2365 2057 removerunt,
2396 2007 2515 2047 eam
2548 2009 2737 2050 rursus
2784 1994 3035 2062 jubentes
3064 1994 3211 2049 abire
3261 1990 3408 2045 unde

164 2106 415 2155 venerat.

238 2194 370 2249 ΚΠ.
390 2191 696 2263 Τηριδάτης
726 2188 781 2242 δὲ
813 2184 1092 2241 κάνταῦθα
1135 2184 1538 2255 ικφανέστερον
1572 2182 1738 2253 ἡττη-

162 2286 283 2350 θεὶς
310 2284 404 2338 καὶ
422 2282 555 2346 ὅλως
575 2281 669 2335 τοῦ
700 2279 834 2349 πρὸς
870 2278 1131 2349 Ῥιψίμην
1152 2275 1491 2347 ἀποσφαλεὶς
1513 2275 1738 2347 ἔρωτος,

158 2374 488 2433 καταϐαλὼν
518 2372 708 2428 ἑαυτὸν
740 2373 819 2434 εἰς
873 2370 1068 2438 ἔδαφος
1115 2370 1383 2426 ἐκυλίετο.
1440 2368 1508 2423 Ἦ
1557 2366 1741 2439 μέντοι

159 2469 463 2540 νικηφόρος
497 2463 742 2533 Ῥιψίμη,
777 2460 1080 2531 ἀνακράτος
1116 2460 1210 2513 τοῦ
1249 2459 1549 2514 ἀντιπάλου
1586 2475 1742 2528 -κρα-

157 2562 402 2635 τήσασα,
423 2558 618 2623 ῑξεισιν
637 2555 822 2626 ῶσπερ
837 2569 922 2616 τις
955 2552 1401 2623 Ὀλυμπιονίκης.
1420 2552 1619 2623 (ἐδίδου
1637 2553 1743 2621 γὰρ

160 2655 308 2723 αὐτῇ
372 2649 574 2719 πολλὴν
618 2648 801 2704 ἄδειαν
848 2646 947 2700 καὶ
981 2646 1014 2715 ἡ
1055 2644 1152 2710 νὺξ
1188 2644 1339 2715 ήδη),
1380 2646 1479 2697 καὶ⁵
1524 2644 1614 2698 διὰ
1645 2644 1745 2712 τῆς

161 2745 381 2807 πόλεως
414 2741 645 2797 έλθοῦσα
705 2742 903 2811 μέσης,
932 2737 1170 2805 ἄγγελος
1226 2740 1349 2800 ταῖς
1385 2737 1573 2800 ἄλλαις
1603 2753 1745 2806 παρ-

163 2837 347 2900 θένοις
376 2837 475 2905 τῆς
522 2833 728 2896 οἰκείας
762 2832 919 2901 νίκης
961 2830 1055 2883 καὶ
1094 2829 1205 2883 τῶν
1246 2830 1388 2884 κατὰ
1414 2830 1508 2883 τοῦ
1546 2829 1746 2900 έχθροῦ

163 2931 386 2998 γίνεται
424 2925 724 2997 τροπαίων,
778 2921 978 2992 μᾶλλον
1013 2919 1069 2972 δι
1105 2922 1244 2990 αὐτὴ
1298 2921 1563 2991 τρόπαιον
1592 2921 1738 2991 ἥκει,

159 3020 315 3075 οὕτω
348 3034 411 3072 τε
443 3017 533 3070 τὸν
557 3012 965 3083 ἀνταγωνιστὴν
1000 3010 1237 3080 χαλεπὸν
1261 3012 1461 3083 πτῶμα
1491 3011 1738 3066 καταδα-

160 3112 358 3176 λοῦσα.
378 3110 473 3165 καὶ
505 3108 764 3180 ἀκέραιον
802 3103 1002 3175 ἑαυτὴν
1031 3102 1416 3175 διασωσαμένη
1451 3105 1552 3175 τὴν
1598 3121 1739 3175 παρ-

1909 2179 2076 2235 ΧΧΙΙ.
2103 2180 2383 2237 Teridates
2413 2192 2592 2237 autem
2627 2182 2715 2237 hic
2742 2197 2957 2253 quoque
2979 2184 3219 2251 apertius
3246 2199 3406 2252 supe-

1839 2281 2150 2336 ratus,cum
2186 2286 2371 2328 amore
2400 2271 2668 2342 Ripsimcs
2688 2273 2908 2328 omnino
2930 2283 3073 2328 esset
3091 2273 3407 2340 frustratus,

1841 2366 2079 2434 seipsum
2123 2364 2404 2435 dejiciens,
2436 2365 2583 2418 humi
2615 2364 2974 2420 volutabatur.
3007 2364 3205 2420 Victrix
3224 2378 3405 2422 autem

1842 2455 2102 2525 Ripsime.
2139 2470 2234 2525 per
2265 2456 2373 2509 vim
2406 2455 2565 2510 vietis
2589 2454 2938 2517 adversariis,
2969 2456 3264 2524 egreditur,
3284 2465 3407 2509 tan-

1841 2562 2004 2617 quam
2046 2546 2266 2615 quidam
2314 2548 2486 2601 victor
2521 2546 2575 2600 in
2617 2547 2912 2603 certamine
2939 2545 3237 2618 Olympico,
3272 2548 3407 2621 (Nox

1842 2638 1987 2693 enim
2012 2639 2120 2707 jam
2152 2640 2201 2692 ei
2231 2653 2484 2706 magnam
2516 2631 2681 2692 dabat
2711 2640 3084 2707 securitatem)
3109 2649 3162 2696 et
3182 2656 3280 2712 per
3295 2658 3408 2697 mc-

1841 2730 1986 2785 diam
2020 2730 2247 2784 veniens
2289 2729 2586 2792 civitatem,
2616 2729 2675 2783 ﬁt
2706 2730 2825 2784 aliis
2860 2725 3159 2801 virginibus
3216 2735 3406 2788 nuntia

1843 2833 1957 2874 sua:
2001 2818 2261 2880 victoriae,
2310 2826 2365 2871 et
2403 2827 2725 2888 tropaeorum
2771 2817 3031 2875 adversus
3085 2821 3403 2877 inimicum:

1845 2911 1931 2963 vel
1961 2910 2140 2979 potius
2194 2910 2309 2980 ipsa
2362 2910 2512 2964 venit
2550 2920 2833 2979 tropaeum,
2858 2912 2936 2966 sic
2974 2912 3107 2967 truci
3140 2920 3409 2979 prostrato

1846 3003 2178 3068 adversario,
2209 3014 2264 3058 et
2309 3003 2417 3057 sibi
2449 3015 2772 3060 conservata
2824 3006 3029 3077 integra
3075 3006 3403 3076 virginitate.

1845 3093 1997 3152 illam
2031 3112 2157 3169 ergo
2184 3104 2397 3153 noctem
2428 3096 2731 3160 sulluratza,
2753 3112 2877 3152 cum
2908 3112 2972 3152 ex
3010 3097 3099 3153 illo
3130 3098 3409 3164 torculari,

163 3205 377 3258 θενίαν.
420 3201 664 3268 Ἐκείνην
695 3197 796 3269 μὲν
833 3192 927 3250 οὖν
961 3194 1235 3263 κλέψασαι
1273 3194 1372 3259 τὴν
1407 3194 1601 3256 νύκτα,
1642 3196 1735 3246 καὶ

1844 3190 1972 3244 dum
2005 3202 2321 3273 potuerunt
2364 3192 2551 3257 latere,
2588 3192 2968 3258 excessissent,
3005 3195 3401 3266 appropinqua-

159 3294 265 3363 τῆς
291 3289 457 3363 ληνοῦ
483 3290 557 3351 ὡς
579 3290 706 3357 ινῆν
731 3286 918 3347 αὑταῖς
946 3283 1171 3337 δυνατὸν
1192 3281 1467 3336 διαλαθεῖν
1492 3285 1744 3353 ἐκχωρη-

164 3399 358 3447 σασαι,
409 3381 501 3434 ἐπί
559 3378 700 3442 τινός
740 3392 800 3429 τε
858 3371 1156 3445 ἁμμώδους
1209 3374 1438 3445 πλησίον
1491 3374 1744 3443 ἐγένοντο

158 3476 359 3539 τόπου,
409 3472 505 3526 καὶ
553 3469 630 3541 τῷ
682 3466 900 3539 νυμφίῳ
943 3466 1169 3539 Χριστῷ
1220 3466 1598 3538 εύχαρίστουν,
1649 3467 1743 3519 καὶ

158 3565 315 3636 αὐτῷ
361 3564 567 3635 νοητῶς
614 3560 963 3631 συνῆσαν,καὶ
1002 3559 1173 3628 ταύτῃ
1209 3556 1623 3626 παρεμυθοῦντο
1650 3557 1742 3609 τὸν

158 3657 367 3727 εριυταο
415 3650 534 3709 εἶτα
577 3653 669 3707 καὶ
696 3652 795 3722 τὴν
856 3648 988 3721 πρὸς
1042 3648 1209 3701 αὐτὸν
1238 3647 1497 3703 ἀνάλυσιν
1550 3646 1739 3718 ᾔτουν*

158 3748 474 3809 Φιλοπόνως
506 3745 563 3798 δὲ
588 3744 789 3797 τούτων
814 3746 878 3812 τῇ
912 3742 1045 3811 εὐχῇ
1070 3741 1427 3810 ἐγκειμένων,
1452 3740 1741 3808 ἐφίσταται

158 3837 517 3909 προηκούσης
546 3834 643 3905 ήδη
679 3836 777 3901 τῆς
810 3831 1000 3893 νυκτὸς
1032 3832 1059 3882 ό
1090 3829 1188 3882 τοῦ
1218 3829 1475 3899 βασιλέως
1498 3830 1739 3899 ἀρχιμά-

159 3946 353 4000 γειρος
388 3926 526 3997 μετά
550 3922 863 3995 δορυφόρων
887 3920 977 3974 ὑπ’
1016 3919 1182 3974 αὐτοῦ
1215 3918 1739 3990 ἐσταλμένος,-λαμ.

157 4022 341 4083 πάδας
370 4017 460 4073 διὰ
491 4015 671 4087 χειρὸς
702 4014 943 4085 ἔχοντες.
968 4011 1079 4067 Καὶ
1106 4010 1396 4081 λαϐόμενοι
1423 4009 1525 4079 τῆς
1561 4028 1738 4079 μακα-

163 4114 288 4185 ρίας
336 4109 595 4180 Ῥιψίμης
625 4109 718 4160 καὶ
749 4105 923 4159 ὀπίσω
980 4105 1057 4157 τὼ
1106 4105 1257 4172 χεῖρε
1306 4104 1738 4171 περιαγαγόντες

157 4201 449 4272 δεσμοῦσι,
483 4199 576 4252 καὶ
624 4197 724 4266 τὴν
780 4195 1032 4263 γλῶσσαν
1077 4192 1381 4264 προτείνειν
1433 4193 1736 4251 κελεύουσι.

159 4295 278 4365 Τῆς
298 4294 357 4347 δὲ
381 4288 590 4345 καὶτοῦ
614 4286 771 4355 λόγου
794 4286 987 4341 θᾶττον
1010 4284 1068 4338 τὸ
1093 4282 1381 4338 κελευσθὶν
1409 4286 1735 4354 ποιησάσας,

160 4386 496 4456 εκτέμνουσι
536 4379 762 4452 ταύτην,
789 4375 910 4434 εῐτα
950 4379 1042 4431 τὸν
1095 4377 1418 4448 χιτωνίσκον
1440 4378 1491 4432 ot
1521 4381 1738 4448 παλαμ-

1845 3288 1971 3332 runt
2000 3281 2211 3334 cuidam
2256 3283 2373 3336 loco
2403 3298 2655 3349 arenoso,
2685 3293 2738 3338 et
2777 3299 2977 3354 sponso
3017 3285 3231 3341 Christo
3280 3302 3393 3358 ege-

1843 3371 2209 3441 runtgratias,
2235 3379 2291 3425 et
2319 3382 2503 3427 mente
2546 3388 2668 3427 cum
2709 3389 2774 3428 eo
2802 3383 2928 3429 sunt
2969 3384 3210 3442 versatas,
3239 3386 3295 3431 ct
3326 3380 3398 3435 sic

1845 3476 2085 3516 amorem
2111 3476 2271 3516 suum
2302 3462 2772 3519 consolabantur:
2809 3464 3006 3519 deinde
3048 3466 3207 3520 etiam
3250 3476 3401 3535 pete-

1844 3550 1977 3604 bant
2003 3565 2155 3604 suam
2183 3551 2254 3604 ad
2282 3552 2456 3622 ipsum
2490 3554 2899 3610 resolutionem.
2939 3556 3029 3611 Eis
3072 3564 3250 3611 autem
3286 3570 3407 3611 ora-

1844 3642 1977 3697 tioni
2008 3642 2296 3714 diligenter
2337 3645 2582 3710 intentis,
2618 3662 2740 3701 cum
2770 3648 2987 3717 quidam
3038 3648 3404 3712 nuntiassent.

1845 3736 1937 3790 ubi
1972 3737 2073 3791 illae
2099 3746 2303 3801 essent,
2338 3738 2566 3803 accedit,
2594 3739 2919 3809 procedente
2952 3740 3064 3809 jam
3113 3751 3292 3804 nocte,
3320 3756 3405 3796 re-

1842 3827 1922 3894 gis
1949 3841 2245 3895 eoquorum
2275 3830 2531 3900 princeps
2562 3831 2628 3885 ab
2674 3831 2792 3900 ipso
2821 3832 3016 3886 missus
3048 3848 3170 3886 cum
3208 3833 3407 3889 satelli-

1842 3916 1989 3973 tibus
2020 3917 2345 3973 habentibus
2372 3920 2423 3971 in
2460 3934 2623 3973 manu
2661 3921 2959 3989 lampades.
3000 3921 3099 3988 Qui
3131 3938 3254 3977 cum
3281 3924 3406 3977 bea-

1845 4016 1951 4061 tam
1982 4006 2278 4077 Ripsimcm
2330 4010 2691 4081 accepissent,
2725 4010 2977 4066 manibus
3023 4028 3161 4083 pone
3194 4013 3401 4069 circum

1840 4101 1979 4155 actis
2030 4113 2149 4154 eam
2195 4102 2462 4165 vinciunt,
2500 4112 2554 4156 ct
2595 4118 2716 4157 eam
2762 4104 2957 4172 jubent
3008 4106 3242 4177 linguam
3280 4124 3402 4177 pro-

1842 4189 2003 4244 ferre.
2043 4191 2176 4245 Cum
2226 4191 2312 4246 illa
2357 4203 2539 4248 autem
2589 4196 2752 4248 verbo
2786 4195 2945 4251 citius
2979 4194 3212 4264 fecisset,
3256 4201 3400 4269 quod

1838 4280 1987 4346 jussa
2022 4280 2217 4346 fuerat.
2242 4298 2360 4336 eam
2409 4283 2750 4338 esseindnnt.
2780 4283 2969 4339 Postea
3001 4287 3165 4341 fracta
3195 4289 3398 4351 tunica,

1842 4380 1896 4421 et
1926 4372 2163 4425 extensis
2197 4374 2438 4440 utrisque
2481 4373 2626 4427 illius
2651 4375 2900 4430 manibus
2921 4384 2973 4430 et
3000 4377 3246 4447 pedibus,
3277 4394 3399 4435 cum

161 4478 309 4534 ναῖοι
355 4471 838 4543 περιρῤηξάμενοι,
861 4467 956 4520 καὶ
986 4466 1096 4518 τῶν
1124 4466 1323 4537 χειρῶν
1351 4468 1737 4528 ἀποτείναντες

1840 4473 1959 4514 eam
1984 4462 2144 4517 rectis
2168 4463 2329 4534 lignis
2362 4464 2654 4535 aligassent
2696 4469 2969 4534 scelerati,
3008 4471 3238 4527 urebant
3264 4472 3401 4526 iam.

161 4541 440 4636 ἑκατέραν
490 4541 596 4615 καὶ
629 4560 737 4612 τῶν
784 4556 983 4622 ποδῶν,
1011 4556 1106 4610 καὶ
1135 4555 1338 4625 ὀρθίοις
1382 4555 1735 4625 ἐνδησάμενοι

1841 4550 2089 4621 padibus.
2126 4552 2387 4623 Deinceps
2424 4565 2601 4609 autem
2625 4570 2747 4609 cum
2780 4566 2935 4611 acuto
2956 4558 3129 4628 lapide
3156 4572 3395 4615 ventrem

162 4660 370 4726 ξύλοις,
399 4658 517 4720 ταῖς
550 4651 798 4723 λαμπάσι
853 4650 1166 4705 κατέκαιον.
1213 4645 1371 4717 Ἐξῆς
1404 4646 1462 4700 δὲ
1510 4646 1639 4716 λίθῳ
1670 4649 1736 4700 τὰ

165 4751 304 4822 περὶ
338 4748 453 4819 ,τὴν
506 4744 749 4815 γαστέρα
799 4741 1148 4807 διατεμόντες
1202 4738 1497 4803 όξεῑ,κατά
1548 4742 1648 4808 γῆς
1678 4754 1736 4790 τε

162 4842 356 4913 χέουσι
382 4835 454 4889 τὰ
481 4834 814 4903 ῑγκατα,κα“ι
841 4832 964 4893 τοὺς
987 4830 1300 4899 ὀφθαλμοὺς
1328 4830 1521 4898 μικρὸν
1560 4830 1736 4885 ὑγιασ-

161 4926 478 4997 παιρούσης
514 4923 963 4983 ιτιίκκόπτουσι,
1008 4919 1102 4971 καὶ
1129 4919 1257 4989 ὃλην
1292 4919 1367 4980 είς
1413 4918 1584 4971 λεκτὰ
1637 4918 1737 4971 διε-

162 5020 473 5075 σπάσαντο.
515 5010 655 5065 Ἀλλ’
684 5012 718 5080 ῄ
756 5010 853 5077 μὲν
884 5004 973 5062 οἷά
1003 5026 1106 5080 περ
1121 5009 1244 5080 ἄρτι
1270 5008 1375 5061 τῶν
1398 5006 1736 5077 παρθενικῶν

160 5111 431 5180 θαλάμων
472 5102 852 5176 ἱξορμηθεῖσα.
919 5099 1060 5154 οὕτω
1136 5091 1273 5173 κάλὴ
1324 5103 1417 5155 καὶ
1481 5100 1736 5171 {nt-lam;

156 5201 517 5260 ἀπολιποῦσα
547 5198 607 5251 τὸ
636 5197 815 5266 σῶμα,
839 5194 918 5265 τῷ
951 5194 1173 5264 νυμφίῳ
1202 5193 1421 5264 Χριστῴ
1463 5192 1732 5263 παρέστη,

156 5296 259 5350 καὶ
286 5289 591 5360 ὀφθαλμῶν
611 5286 717 5340 τῶν
748 5285 957 5340 εκείνου
984 5288 1073 5339 καί
1104 5284 1387 5339 παστάδων
1411 5281 1553 5350 ἀξία,
1572 5282 1735 5336 λίθων

153 5404 217 5440 τε
254 5377 571 5438 πολυτελῶν
605 5376 805 5446 μᾶλλον
834 5373 928 5430 καὶ
957 5372 1354 5445 περιδερῤαίων
1394 5372 1487 5425 καὶ
1526 5372 1731 5441 ὅρμων,

154 5477 252 5533 καὶ
304 5467 597 5544 νυμφικῶν
661 5467 1085 5538 περιδλημάτων
1149 5466 1421 5526 ἁπάντων,
1452 5464 1561 5525 τοῖς
1593 5464 1731 5533 ὑπὲρ

147 5564 327 5627 αὑτοῦ
368 5562 633 5631 στίγμασι
684 5559 944 5611 πάντοθεν
992 5555 1488 5624 διακεκοσμημένη.
1529 5552 1634 5604 Τοῦ
1666 5570 1728 5619 γε

1834 4643 2228 4705 exsecuisscnt,
2259 4647 2309 4696 in
2340 4652 2539 4698 terram
2579 4644 2863 4702 etIundnnt
2893 4648 3161 4715 intestina,
3197 4662 3245 4707 et
3280 4654 3397 4723 ejus

1834 4732 2009 4787 adhuc
2043 4748 2231 4801 parum
2258 4736 2572 4806 palpitantis
2604 4740 2789 4793 oculos
2823 4739 3086 4797 cll'udiunt
3116 4755 3203 4798 τοι
3230 4754 3392 4799 totam

1836 4823 2147 4879 minutatim
2189 4826 2615 4897 discerpserunt.
2651 4827 2755 4883 Sed
2786 4830 2872 4884 illa
2915 4832 3152 4900 quidem,
3187 4846 3243 4889 ut
3276 4851 3395 4905 qua!

1836 4914 1971 4969 adeo
2002 4915 2224 4984 pulchra
2256 4924 2311 4970 et
2342 4926 2569 4972 venusta
2609 4934 2639 4973 e
2669 4919 3018 4990 virginalibus
3044 4937 3262 4994 egressa
3283 4940 3398 4982 erat

1834 5004 2107 5066 thalamis,
2136 5019 2338 5074 sponso
2363 5007 2582 5064 Christo
2607 5010 2839 5074 adstitit.
2872 5014 3030 5085 digna
3060 5015 3200 5072 illius
3226 5020 3396 5076 oculis

1832 5105 1886 5149 et
1943 5095 2213 5161 thalamis,
2268 5099 2646 5171 lapidibusque
2694 5105 2969 5173 pretiosis,
3012 5110 3289 5177 torquibus
3338 5124 3395 5166 et

1834 5188 2146 5255 monilibus,
2204 5200 2259 5245 et
2312 5193 2655 5262 sponsalibus
2727 5197 2978 5253 omnibus
3036 5199 3386 5267 indumentis,

1836 5291 2032 5347 nempe
2059 5294 2158 5349 pro
2184 5294 2249 5334 eo
2278 5282 2550 5352 susceptis
2577 5284 2916 5355 stigmatibus
2972 5288 3116 5342 omni
3145 5304 3209 5343 ex
3243 5299 3391 5358 parte

1832 5377 2113 5425 exornata.
2156 5370 2320 5424 Chori
2372 5382 2551 5427 autem
2599 5374 2888 5445 virginum,
2938 5391 3055 5445 qua:
3099 5379 3219 5448 ejus
3257 5384 3391 5450 t‘ugze

1835 5461 2289 5529 sociat.l‘uerant,
2354 5464 2571 5537 triginta
2632 5474 2838 5537 septem
2874 5482 3121 5535 numero,
3178 5472 3390 5543 triginta

1832 5559 1940 5613 tres
1964 5554 2066 5623 (l);
2099 5569 2217 5624 qua:
2243 5566 2509 5611 venerant
2549 5556 2613 5612 ad
2649 5559 2920 5615 vcnandas
2969 5562 3216 5635 martyris
3269 5564 3394 5618 reli-

156 5662 273 5730 μὴν
301 5654 405 5725 τῆς
438 5653 613 5722 φυγῆς
644 5650 781 5719 αὐτῇ
814 5651 1231 5717 κοινωνήσανῖος
1276 5648 1383 5698 τῶν
1443 5644 1723 5714 παρθένιον

1838 5645 1998 5715 juias,
2024 5661 2145 5699 cum
2168 5646 2398 5703 fuissent
2415 5649 2607 5707 deinde
2624 5650 2972 5721 deprehensi:
2997 5670 3023 5705 a
3048 5653 3386 5720 satellitibus,

225 5846 412 5917 (ηιμ
450 5841 587 5895 Cum
620 5837 864 5907 Ripsimc
892 5845 947 5892 ct
976 5835 1175 5891 Gaiana
1226 5834 1386 5891 fuisse
1425 5833 1585 5887 habet
1629 5830 1985 5905 Menologium
2012 5834 2343 5895 Graecorum.

488 5940 752 5998 PATBOL.
787 5936 901 5999 Gtt.
941 5934 1117 5996 CXV.

3006 5928 3070 5995 3t
