4148 6522
168 480 271 542 973

1118 486 1285 546 νιΤΑ
1335 491 1391 549 S.
1440 491 1810 553 GliEGOBll
1859 498 2485 565 ILLUMINATORIS.

3299 516 3399 576 οτι

162 597 356 657 αὑταῖς
397 595 604 665 ῥίζαις,
660 595 757 659 τὰς
798 596 1043 664 γλώττας
1085 601 1457 673 ἐκτέμνονται.
1497 604 1624 661 Εἶτα
1650 610 1740 663 καὶ

1844 614 2045 669 duntur
2076 618 2356 674 radicitus.
2396 619 2601 677 Deinde
2637 637 2757 678 cum
2783 623 3050 693 lapidibus
3097 626 3269 680 instar
3292 630 3403 698 gla-

160 685 333 749 λίθοις
365 687 659 756 μαχαιρῶν
705 687 867 757 δίκην
911 690 1320 761 ἑστομωμένοις
1357 701 1449 752 καὶ
1481 700 1735 769 τέμνουσι

162 778 262 839 τὰς
313 778 595 848 γαστέρας
642 780 1032 843 άνακοπεῖσαι,
1082 784 1179 836 καὶ
1234 786 1330 856 τὴν
1370 790 1517 853 ἐντὸς
1560 795 1740 845 πᾶσαν

161 863 456 918 διάπλασιν
504 867 612 937 πρὸ
649 867 761 920 τῶν
804 867 983 921 ποδῶν
1031 870 1289 938 χυθεῖσαν
1342 876 1567 942 ἰδοῦσαι,
1600 880 1739 933 οὕτω

160 956 257 1009 καὶ
293 956 394 1019 τὰς
432 957 681 1026 κεφαλάς
716 956 1107 1026 ἀφαιροῦνται.
1164 962 1337 1036 Ἐκτῃ
1391 968 1489 1036 μὲν
1518 966 1609 1025 οὖν
1650 974 1740 1026 καὶ

162 1045 337 1099 εἰκάδι
391 1046 488 1100 τοῦ
548 1047 930 1117 Σεπτεμϐρίου
963 1050 1155 1118 μηνὸς,
1190 1056 1222 1123 ή
1256 1058 1475 1122 γενναία
1516 1060 1736 1132 Ῥιψίμη

157 1129 251 1181 τὸν
301 1133 645 1202 μαρτυρικὸν
698 1133 947 1187 ἀνείλετο
1010 1137 1299 1206 στέφανον.
1358 1145 1468 1209 Τὰς
1515 1149 1609 1200 ἐπὶ

150 1219 307 1290 ἄγρᾳ
357 1221 413 1272 δὲ
442 1221 549 1275 τῶν
591 1223 805 1289 ἐκείνης
846 1223 1119 1292 λειψάνων
1155 1229 1510 1299 ὁρμηθείσαςο
1536 1238 1568 1304 ἡ
1598 1237 1736 1306 αὐτὴ

164 1312 451 1381 μάρτυρας
507 1308 646 1365 εἶδεν
698 1316 905 1385 ἡμέρα.
940 1316 1020 1386 Τῇ
1060 1318 1307 1392 ἑπομένῃ
1358 1322 1414 1375 δὲ
1448 1327 1541 1377 καὶ
1574 1329 1605 1395 ἡ
1640 1344 1739 1396 μα-

159 1403 325 1472 καρία
359 1403 564 1475 Γαῖανὴ
617 1407 757 1473 μετὰ
790 1407 902 1459 τῶν
944 1411 1349 1479 συμπαρθένων
1401 1417 1464 1468 τὸ
1519 1417 1617 1487 τῆς
1651 1434 1738 1469 τε·

165 1492 410 1557 λεώσεως
447 1496 684 1567 ἔδραμον
714 1498 950 1552 στάδιον.
986 1500 1163 1570 ’Έκτη
1212 1505 1389 1559 τοίνυν
1420 1507 1480 1571 ἐξ
1528 1509 1740 1562 ἐκείνου

158 1582 375 1652 διῆλθεν
418 1586 623 1654 ἡμέρα.
666 1588 761 1640 καὶ
812 1589 1339 1661 ὑπομαραινομένης
1375 1594 1478 1664 ἤδη
1506 1596 1585 1665 τῷ
1636 1599 1749 1667 Τη-

162 1674 348 1745 ριδάτῃ
382 1678 482 1745 τῆς
510 1676 622 1729 τῶν
650 1676 875 1746 ἐρώτων
906 1679 1124 1747 φλογὸς,
1156 1681 1361 1748 μελέτη
1388 1682 1565 1750 Θήρας
1596 1684 1749 1752 αὐτῷ

157 1762 364 1825 γίνεται
421 1763 517 1816 καὶ
572 1766 920 1834 παρασκευή.
960 1765 1069 1818 Καὶ
1102 1767 1130 1817 ὁ
1167 1766 1267 1833 μὲν
1322 1764 1412 1815 ἐπ’
1461 1765 1748 1835 ὀχήματος

159 1856 303 1924 ἐξῄει
333 1856 434 1923 τῆς
468 1858 672 1917 πόλεως
695 1874 709 1888 ’
740 1860 772 1927 η
829 1858 956 1925 δίκη
986 1857 1044 1908 δὲ
1084 1857 1186 1909 οὐκ
1241 1857 1564 1925 ἐϐράδυνεν,
1612 1859 1747 1913 ἀλλά

158 1961 240 2005 τις
291 1947 443 2015 αὐτῷ
483 1947 849 2015 προσπαλαίει
905 1949 1095 2017 μανία.
1155 1949 1262 2001 Καὶ
1333 1950 1749 2019 δαιμονιώτατα

156 2030 313 2100 οὗτος
345 2038 623 2106 ἐμαίνετο,
664 2040 761 2092 καὶ
809 2040 1135 2111 παράφορος
1193 2037 1262 2110 ἦν
1318 2042 1443 2105 ὅλος
1500 2043 1610 2094 ὑπὸ
1651 2045 1745 2111 τῆς

162 2127 342 2193 νόσου,
375 2130 483 2181 τῶν
509 2131 654 2186 ἰδίων
677 2149 736 2183 τε
770 2132 990 2203 σαρκῶν
1043 2133 1375 2202 παρέτρωγε
1404 2138 1512 2197 τοῖς
1537 2136 1742 2199 ὀδοῦσι,

160 2220 249 2271 καὶ
291 2223 371 2283 εἰς
423 2226 608 2291 χοῖρον
649 2225 852 2293 ἧμειψε
884 2226 981 2277 καὶ
1008 2226 1070 2276 τὸ
1098 2220 1259 2289 εἶδος,
1296 2227 1747 2299 καὶᾼμετηλλάγη

160 2311 627 2380 Νασουχοδονόσορ
651 2318 728 2376 εἰς
752 2317 848 2382 τὴν
878 2315 1112 2384 μορφὴν,
1141 2317 1462 2383 μεταλαϐὼν
1491 2322 1600 2385 γάρ
1622 2322 1748 2373 ταύ-

161 2404 774 2471 τηνεὴγνόησενηοῦτον
800 2406 885 2456 τοι
908 2407 1223 2473 μανθανέτω
1240 2410 1444 2475 τρόπον
1462 2412 1556 2464 καὶ
1580 2414 1747 2483 Τηριο

162 2493 351 2563 δάτην,
386 2494 483 2563 τὴν
506 2496 677 2563 αὐτὴν
704 2496 898 2565 ἐκείνῳ
928 2497 1234 2567 μεταϐολὴν
1266 2499 1606 2563 ὑποστάντα,
1653 2507 1742 2555 καὶ

160 2583 339 2657 ταύτῃ
374 2590 473 2650 τὴν
512 2586 806 2638 ἀκολασίαν
869 2589 1332 2658 εἰσπραττόμενον
1383 2592 1476 2641 καὶ
1526 2593 1586 2643 τὺ
1614 2593 1743 2658 ἄγος

165 2675 264 2727 καὶ
313 2674 458 2727 οὕτω
510 2677 743 2746 πικρῶς.
799 2678 904 2731 Καὶ
934 2675 1001 2746 ἦν
1050 2679 1121 2732 τά
1172 2680 1275 2746 ἔξω
1312 2681 1408 2733 τοῦ
1441 2682 1744 2752 Τηριδάτου

166 2770 373 2839 χοῖρος,
428 2768 527 2836 τῆς
556 2768 731 2835 ,ἔνδον
765 2768 1053 2839 ὼμότητός
1087 2788 1145 2823 τε
1181 2773 1275 2825 καὶ
1332 2774 1431 2825 τοῦ
1480 2774 1745 2845 βορϐόρου

165 2857 279 2909 τῶν
312 2858 540 2925 ἡδονῶν,
567 2859 662 2909 καὶ
697 2860 795 2928 τῆς
825 2861 996 2931 ἄλλης
1024 2863 1270 2930 χοιρείας
1304 2865 1400 2917 καὶ
1439 2863 1621 2933 ψυχῆς
1654 2871 1746 2920 καὶ

168 2946 392 3016 ἀγωγῆς
421 2948 586 3000 εἰκὼ)
614 2948 728 3020 ἅμα
794 2954 888 3005 καὶ
956 2953 1264 3021 εῖσπραξις.
1301 2955 1415 3025 Οὐχ
1457 2957 1485 3007 δ
1517 2957 1748 3026 Τηριδά⁶

170 3054 272 3105 της
306 3038 362 3091 δὲ
421 3042 582 3109 μόνος
632 3044 806 3097 ταῦτα
851 3047 879 3097 ὁ
918 3044 1139 3115 μιαρὸς,
1195 3046 1333 3098 ἀλλὰ
1388 3046 1483 3101 καὶ
1523 3049 1587 3101 τὸ
1620 3054 1749 3121 περὶ

170 3136 335 3189 αὑτὸν
390 3142 788 3209 στρατιωτικζν
838 3141 1010 3207 ἅπαν,
1063 3143 1157 3195 καὶ
1206 3143 1330 3196 ὅσον
1388 3146 1444 3196 ὲν
1496 3146 1744 3216 ἄρχουσι,

173 3235 269 3288 καὶ
302 3237 355 3288 εἴ
381 3255 433 3290 τι
474 3237 600 3289 ἄλλο
622 3236 714 3289 τοῦ
745 3239 1147 3307 πολιτεύματος
1178 3243 1290 3301 τοῖς
1319 3256 1347 3290 τ

175 3328 433 3395 συνήδετο
469 3327 549 3395 τῷ
582 3328 731 3397 αὐτῷ
765 3330 981 3398 δαίμονι
1008 3331 1349 3383 διαπαλαῖον.
1383 3326 1491 3383 Ἦν
1521 3329 1615 3385 οὖν
1650 3337 1745 3388 καὶ

170 3421 286 3480 τοῖς
346 3418 600 3487 κατόχοις
664 3420 744 3487 τῷ
792 3421 954 3473 πάθει
1017 3420 1178 3474 ὁπότε
1234 3422 1326 3474 καὶ
1382 3424 1743 3495 ἀνανήψειαν,

172 3508 349 3577 πολλὴ
381 3509 479 3577 τῆς
510 3510 836 3578 ἀπαλλαγῆς
947 3512 1237 3581 ἐπιθυμία,
1269 3514 1361 3568 καὶ
1391 3518 1499 3585 τοῖς
1525 3520 1747 3590 οἰκείοις

170 3601 205 3670 ἡ
240 3604 465 3671 φροντὶς
518 3603 620 3654 οὐκ
672 3603 933 3665 ἐλάττων,
993 3603 1149 3658 τοῦτο
1201 3607 1300 3673 μὲν
1334 3606 1474 3659 ῶστε
1528 3612 1603 3678 μὴ
1636 3616 1747 3675 τοῖς

167 3692 379 3760 ὁμοίοις
415 3695 769 3762 περιπεσεῖν,
800 3694 962 3745 τοῦτο
1014 3694 1071 3745 δὲ
1129 3694 1268 3747 ὥστε
1304 3697 1400 3763 τῆς
1431 3698 1585 3750 νόσου
1619 3703 1743 3763 τοὺς

173 3787 562 3853 προσήκοντας
591 3785 977 3854 κουφισθῆναι.

243 3871 372 3925 κε’.
422 3873 512 3925 Ἐν
561 3868 606 3941 ᾧ
648 3875 704 3927 δὲ
756 3874 1018 3940 τοιούτοις
1071 3877 1366 3946 ἐξητάζετο
1420 3882 1650 3936 πάθεσιν
1704 3888 1735 3953 ἡ

182 3963 467 4032 Ἀρμενία,
503 3966 717 4036 ὄνειρος
756 3970 820 4037 τῇ
856 3966 952 4020 τοῦ
985 3968 1253 4038 βασιλέως
1283 3973 1488 4042 ἀδελφῇ
1524 3976 1738 4027 Κουσα-

168 4056 435 4123 ροδούκτα
461 4062 738 4130 ἐπιφοιτᾷ.
776 4062 834 4114 '0
861 4060 917 4114 δὲ
946 4061 1153 4132 ὄνειρος
1217 4063 1331 4131 φῶς
1362 4059 1429 4133 ἦν
1464 4065 1735 4137 ἀνθρώπῳ

165 4146 268 4216 τὴν
295 4148 586 4203 διάπλασιν
611 4151 807 4212 ἐοικός.
863 4152 1062 4205 Ἐδόκει
1091 4154 1145 4205 δὲ
1187 4152 1365 4220 λέγειν
1391 4155 1485 4219 ὡς,
1516 4159 1564 4209 εί
1595 4159 1736 4228 Γρη-

164 4238 354 4307 γόριον
386 4241 596 4291 ἐκεῖνον
623 4239 682 4291 ὃν
733 4241 884 4310 παρὰ
918 4245 980 4310 τῇ
1012 4241 1161 4295 πόλει
1210 4242 1440 4314 Ἀρταξᾷ
1478 4245 1735 4316 βαράθρῳ

167 4328 423 4395 καθῆκαν
482 4331 842 4400 άνιμήσαιντο
895 4333 1126 4399 ἐκεῖθεν,
1184 4335 1325 4387 κατὰ
1358 4335 1522 4398 πόδας
1573 4337 1732 4402 εὐθὺς

165 4419 265 4471 καὶ.
321 4421 475 4485 λύσις
530 4424 888 4493 ἀκολουθήσει
939 4428 1039 4495 τῆς
1098 4427 1402 4496 συμφορᾶς.
1463 4428 1607 4482 litos
1659 4429 1733 4500 μὴ

164 4509 341 4564 ταῦτα
377 4514 511 4582 μηδὲ
546 4514 687 4566 οὕτω
720 4515 974 4584 ποιητέον
1003 4516 1211 4581 αὐτοῖς,
1246 4518 1381 4569 ἀλλὰ
1417 4520 1492 4588 μὴ
1528 4519 1727 4589 ἑτέραν

162 4603 261 4657 τοῦ
315 4603 488 4657 κακοῦ
546 4604 839 4673 θεραπείαν
894 4606 1165 4674 εὑρήσειν.
1218 4604 1403 4659 Ταῦτα
1452 4609 1546 4660 τοῦ
1596 4612 1733 4663 όνεί-

168 4712 266 4764 ρου
303 4696 550 4758 εἰπόντος
586 4695 930 4764 παρελθοῦσα
968 4698 1047 4757 είς
1079 4696 1169 4748 τὸν
1192 4697 1363 4766 δῆμον
1421 4700 1452 4769 ἡ
1521 4702 1734 4757 Κουσπ-

170 4788 441 4854 ροδούκτα
481 4788 657 4859 (ἐνίκα
691 4790 800 4859 γάρ
850 4791 951 4859 τὴν
984 4790 1116 4842 αἰδῶ
1174 4791 1206 4859 ἡ
1250 4791 1341 4842 ἐπὶ
1388 4792 1467 4861 τῷ
1515 4795 1733 4865 ἀδελφῷ

168 4879 363 4948 λύπη),
394 4880 668 4933 κοινοῦται
696 4882 793 4949 τὴν
827 4880 970 4949 ὄψιν.
1006 4865 1069 4934 Oi
1100 4882 1155 4934 δὲ
1195 4881 1479 4949 μαίνεσθαι
1510 4887 1602 4938 καὶ
1634 4889 1731 4940 αὐ-

167 4970 267 5040 τὴν
300 4969 602 5039 οἰηθέντες,
633 4972 759 5040 (ποῦ
792 4974 899 5043 γὰρ
936 4973 1002 5025 ἂν
1030 4974 1121 5026 καὶ
1152 4974 1342 5026 ὀστοῦν
1382 4976 1459 5028 ἔτι
1492 4978 1731 5047 περιλείο

168 5062 368 5116 πεσθαι
421 5063 720 5133 Γρηγορίου
768 5068 897 5135 παρ’
930 5067 1109 5129 αὐτοῖς
1161 5070 1294 5132 ὅλως
1328 5071 1641 5137 ἠλπίζετο;)
1675 5073 1731 5123 ὲν

169 5156 465 5227 χλευασμῷ
507 5158 630 5218 τοὺς
661 5159 755 5226 τῆς
791 5157 1267 5229 Κουσαροδούκτας
1300 5161 1490 5228 λόγους
1534 5162 1729 5229 γέλωτι

175 5249 482 5304 ἐποιοῦντο.
526 5251 744 5321 Ἐπειδὴ
777 5251 830 5303 δὲ
877 5253 937 5302 τὸ
972 5254 1138 5305 κακὸν
1169 5255 1259 5305 ἐπὶ
1287 5252 1445 5305 πλέον
1474 5254 1641 5309 ὲτείνε
1654 5274 1727 5319 το,

175 5343 270 5393 καὶ
321 5344 350 5394 ὁ
391 5340 599 5412 ὄνειρος
653 5342 945 5413 ἐπιφοιτῶν
997 5344 1094 5395 οὐκ
1147 5345 1305 5406 ἀνίει,
1362 5348 1454 5399 καὶ
1505 5346 1537 5415 ἡ
1590 5348 1727 5417 γυνὴ

172 5438 423 5492 ἐπέκειτο
483 5438 816 5507 σφοδροτέρα
879 5437 1263 5504 ἀναγκάζουσα
1291 5440 1379 5493 τὸν
1429 5441 1597 5508 δῆμον
1643 5442 1724 5502 είς

172 5529 334 5595 ἔργον
384 5531 612 5597 ἀγαγεῖν
668 5530 762 5596 τὴν
823 5531 963 5599 ὄψιν,
1029 5530 1300 5583 στέλλεται
1334 5548 1415 5593 τις
1454 5530 1603 5600 παρά
1651 5532 1727 5599 τῷ

186 5619 424 5688 ’Λρταξᾷ
490 5620 731 5691 φρουρίῳ
778 5624 881 5673 τῶν
927 5624 1226 5693 ἐπισήμων.
1275 5624 1507 5684 Λὺταῖας
1558 5622 1726 5691 ὄνομα

236 5823 313 5891 (9.)
368 5819 631 5895 RipsinLe,
684 5822 906 5895 Gaianae1
952 5835 1006 5877 et
1078 5825 1348 5895 sociarum
1430 5834 1721 5895 martyrum

169 5890 372 5949 festum
395 5890 535 5959 apud
562 5890 773 5948 Crmcos
797 5895 863 5948 50
878 5892 1209 5963 Septembris
1234 5897 1334 5951 sub
1352 5910 1456 5950 una
1484 5890 1722 5953 solenni-

1842 706 2049 758 diorum
2082 710 2251 762 acutis
2286 721 2341 764 et
2378 713 2710 777 secantibus,
2749 717 2950 770 cxsecti
3002 716 3230 771 fuissent
3276 736 3406 775 ven-

1843 803 1970 859 tres,
1998 807 2048 851 et
2097 801 2409 855 universum
2465 804 2739 859 internum
2787 806 3099 877 ﬁgmentum
3142 810 3405 868 vidissent

1844 883 2020 940 fusum
2056 904 2151 957 pro
2196 892 2443 959 pedibus,
2481 897 2560 949 eis
2610 897 2783 967 capita
2825 910 3196 969 amputantur.
3231 905 3404 974 Atque

1846 975 2107 1032 vicesimo
2137 982 2353 1049 quidem
2383 996 2536 1040 sexto
2568 989 2772 1043 mensis
2804 989 3140 1058 Septembris
3174 995 3403 1063 gloriosa

1840 1063 2083 1135 Ripsime
2142 1085 2394 1126 coronam
2445 1078 2682 1143 suscepit
2741 1081 3085 1149 inartyrieam
3147 1083 3243 1151 (Ξ).
3308 1084 3410 1138 Eas

1842 1173 1993 1220 vero,
2028 1178 2149 1229 quae
2202 1176 2460 1220 venerant
2491 1169 2557 1222 ad
2609 1171 2883 1225 venandas
2937 1173 3081 1229 illius
3128 1176 3408 1244 reliquias,

1843 1247 1985 1301 idem
2021 1253 2137 1306 dies
2160 1255 2293 1309 vidit
2323 1269 2606 1328 martyres.
2637 1262 2734 1316 Die
2763 1275 2951 1318 autem
2986 1269 3236 1335 sequenti
3254 1269 3410 1323 beata

1840 1353 2055 1409 quoque
2082 1343 2285 1400 Gaiana
2332 1366 2455 1404 eum
2497 1353 2659 1408 sociis
2691 1355 2990 1426 virginibus
3022 1370 3412 1426 percurrerunt

1844 1430 2081 1486 stadium
2141 1443 2651 1498 consummationis.
2698 1445 2780 1500 Ab
2837 1446 2931 1501 illo
2985 1463 3111 1517 ergo
3170 1460 3412 1518 tempore

1846 1523 2062 1576 transiit
2086 1535 2270 1581 sextus
2304 1529 2443 1595 dies,
2470 1542 2526 1586 et
2568 1534 2679 1601 jam
2714 1536 2927 1592 ﬂamma
2981 1556 3229 1595 amorum
3261 1542 3414 1610 Teri-

1848 1610 1987 1664 datae
2011 1616 2212 1669 sensim
2247 1633 2635 1688 marcescente,
2669 1627 2756 1681 ille
2786 1645 3035 1698 egressus
3050 1643 3133 1686 est
3162 1634 3227 1685 ad
3255 1648 3416 1689 vena-

1852 1706 2075 1761 tionem.
2102 1711 2217 1766 Non
2250 1715 2478 1769 tardavit
2506 1727 2683 1774 autem
2714 1723 2921 1790 justitia
2956 1743 2968 1777 :
3008 1726 3099 1778 sed
3130 1742 3251 1779 eum
3270 1743 3419 1795 qua:-

1850 1794 1971 1848 dam
2002 1799 2208 1855 invadit
2232 1806 2456 1870 insania,
2488 1826 2592 1878 qua
2636 1811 2848 1867 furebat
2878 1815 3035 1884 plane
3064 1815 3417 1876 dmmoniace.

1851 1895 1905 1939 et
1933 1903 2040 1957 pra:
2068 1894 2257 1949 morbo
2281 1907 2398 1950 erat
2434 1912 2626 1955 emotae
2665 1906 2881 1964 mentis.
2911 1916 2966 1960 et
3010 1908 3261 1962 dentibus
3291 1926 3416 1962 suas

1851 1982 2140 2037 arrodebat
2161 2001 2350 2044 carnes
2375 2007 2389 2044 :
2416 2001 2470 2046 et
2498 2001 2701 2047 mutata
2726 1994 2825 2049 fuit
2860 1996 3029 2050 forma
3065 1998 3184 2067 ejus
3216 2000 3266 2051 in
3291 2015 3417 2065 por-

1847 2085 1992 2128 cum.
2028 2076 2179 2139 Quod
2231 2081 2274 2135 si
2322 2084 2444 2151 quis
2474 2085 2565 2150 sit,
2596 2087 2684 2155 qui
2716 2103 2823 2142 non
2874 2089 3085 2158 ignoret
3118 2089 3283 2145 fuisse
3311 2089 3417 2142 Na-

1849 2160 2349 2224 buehodonosorcm
2400 2184 2664 2231 mutatum
2701 2177 2755 2230 in
2788 2179 2925 2233 hanc
2951 2180 3202 2243 formam,
3225 2182 3414 2235 eodem

1849 2252 2007 2306 modo
2041 2256 2177 2310 sciat
2217 2261 2380 2314 etiam
2428 2262 2732 2319 Teridatem
2782 2271 3049 2331 eamdem,
3092 2287 3252 2339 quam
3302 2272 3410 2334 ille,

1849 2343 2078 2400 subiisse
2104 2353 2482 2407 mutationem.
2515 2354 2714 2424 Sicque
2752 2358 2819 2412 de
2861 2359 3084 2413 libidine
3124 2371 3177 2413 et
3212 2359 3413 2429 ﬂagitio

1848 2446 2073 2503 sumpta)
2103 2451 2227 2495 sunt
2264 2452 2369 2497 tam
2423 2447 2630 2502 acerba:
2677 2463 2849 2517 pinna:
2877 2450 2978 2519 (3).
3011 2449 3077 2505 Et
3116 2463 3229 2506 erat
3262 2452 3416 2507 Teri-

1847 2525 1998 2581 dates
2039 2534 2378 2589 extrinsecus
2418 2551 2615 2606 porcus
2660 2559 2672 2593 :
2725 2541 2952 2596 internae
2990 2542 3327 2597 crudelitatis
3362 2555 3417 2599 et

1846 2618 1986 2670 omni
2006 2619 2356 2689 voluptatum.
2389 2638 2440 2681 et
2471 2631 2691 2684 alterius
2726 2634 2962 2699 porcinze
2986 2636 3181 2689 animae
3210 2651 3273 2690 ae
3295 2638 3419 2692 vita:

1846 2707 2009 2761 simul
2033 2709 2209 2784 imago
2232 2724 2284 2769 et
2320 2732 2500 2785 pinna.
2532 2720 2651 2774 Non
2694 2722 2774 2776 sic
2803 2734 2983 2778 autem
3014 2726 3161 2779 solus
3192 2738 3308 2781 erat
3338 2730 3420 2782 af-

1849 2799 2022 2855 fectus
2056 2810 2425 2865 exsecrandus
2460 2813 2740 2868 Teridates
2780 2830 2795 2867 :
2847 2817 2945 2870 sed
2978 2825 3033 2871 et
3076 2832 3290 2881 omnes,
3321 2821 3418 2888 qui

1849 2904 2004 2948 erant
2034 2912 2159 2951 eum
2189 2915 2254 2955 eo
2290 2898 2512 2967 milites,
2548 2917 2605 2961 et
2645 2909 2959 2977 quicunque
2989 2926 3054 2963 ex
3087 2914 3418 2980 magistrati-

1849 2982 1949 3036 bus
1982 2995 2038 3038 et
2075 2989 2194 3043 aliis
2233 2992 2441 3047 civibus
2474 2998 2633 3049 simul
2666 3000 2994 3052 laetabantur
3025 3002 3111 3063 iis,
3141 3018 3259 3070 quae
3290 3020 3418 3071 per-

1850 3085 2058 3146 petrata
2090 3080 2323 3148 iuerant,
2352 3103 2476 3141 cum
2511 3092 2701 3146 eodem
2741 3094 3085 3150 luctabantur
3119 3098 3364 3153 daemone
3398 3119 3413 3155 :

1851 3184 1959 3223 non
1992 3175 2132 3242 quod
2165 3188 2347 3233 essent
2379 3180 2474 3250 ipsi
2504 3199 2718 3252 quoque
2759 3202 3048 3255 porcorum
3082 3190 3255 3244 induti
3292 3206 3416 3259 spe-

1355 3241 1473 3291 ετολ
1484 3244 1740 3309 μημένοις

1383 3326 1460 3349 911
1554 3329 1575 3348 τ
1724 3337 1734 3349 ι

1850 3262 1951 3325 cie,
1981 3266 2076 3316 sed
2110 3268 2160 3318 in
2194 3268 2430 3324 furorem
2468 3276 2671 3327 redacti
2703 3287 2879 3338 erant,
2905 3291 2958 3332 et
2987 3294 3014 3332 a
3044 3295 3101 3334 se
3128 3283 3283 3349 plane
3305 3285 3417 3338 dis-

1850 3364 2149 3411 cesserant.
2175 3359 2303 3414 Erat
2325 3362 2490 3431 igitur
2520 3366 2602 3428 iis,
2628 3381 2766 3433 quos
2800 3369 2911 3422 haec
2941 3373 3157 3427 tenebat
3178 3373 3416 3440 aﬂ'ectio.

1849 3443 2069 3511 quando
2100 3448 2512 3517 resipiscebant,
2554 3455 2891 3511 liberationis
2924 3474 3176 3530 magnum
3204 3465 3419 3520 deside-

1849 3534 1989 3588 rium
2033 3554 2048 3591 :
2081 3554 2378 3611 eorumque
2434 3548 2757 3602 necessariis
2794 3565 2903 3603 non
2938 3553 3113 3606 minor
3142 3554 3302 3624 hujus
3338 3561 3416 3613 rei

1847 3641 1997 3685 cura.
2051 3633 2245 3697 partim
2292 3634 2532 3700 quidem,
2582 3652 2652 3690 ne
2707 3639 3011 3697 inciderent
3056 3645 3112 3700 in
3164 3648 3359 3703 similia
3400 3670 3413 3705 :

1844 3717 2035 3784 partim
2065 3729 2268 3781 autem,
2313 3732 2373 3775 ut
2401 3726 2591 3780 morbo
2617 3729 2944 3795 levarentur.
2975 3736 3066 3802 qui
3091 3736 3160 3791 ad
3192 3753 3288 3793 eus
3316 3751 3415 3794 at-

1842 3807 2108 3864 tinebant.

1912 3898 2073 3955 XXV.
2103 3904 2322 3958 Interim
2353 3917 2533 3962 autem
2567 3911 2697 3965 dum
2736 3912 2785 3965 in
2824 3913 2908 3969 liis
2950 3917 3104 3972 malis
3130 3920 3414 3977 conﬂicta-

1840 3988 2001 4042 batur
2032 3991 2309 4062 Armenia,
2344 4011 2574 4067 apparet
2605 4003 2878 4059 somnium
2921 4009 3063 4076 regis
3094 4013 3268 4065 sorori
3308 4014 3416 4067 Cu-

1840 4081 2161 4139 saroduetaa.
2183 4084 2468 4142 Somnium
2501 4101 2685 4146 autem
2741 4104 2857 4147 erat
2893 4093 2983 4149 lux
3015 4097 3219 4153 homini
3246 4101 3413 4173 ﬁgura

1836 4173 2047 4227 similis.
2090 4176 2379 4232 Videbatur
2410 4193 2592 4235 autem
2635 4186 2835 4252 dicere,
2856 4189 2998 4256 quod
3026 4190 3068 4244 si
3096 4190 3411 4263 Gregorium

1840 4262 2014 4320 illum.
2035 4280 2197 4335 quem
2229 4270 2279 4323 in
2306 4272 2532 4327 civitate
2555 4277 2785 4331 Artaxat
2816 4279 2869 4332 in
2898 4262 3413 4339 baratlirumidemi-

1837 4367 2046 4423 serunt,
2087 4359 2235 4416 illine
2290 4363 2600 4433 hauserint,
2644 4385 2675 4423 e
2720 4370 2947 4441 vestigio
2984 4372 3110 4426 mali
3152 4386 3412 4444 sequetur

1836 4448 2053 4504 solutio.
2081 4450 2175 4505 Sin
2239 4455 2424 4512 minus
2483 4472 2666 4514 autem
2723 4461 2838 4516 haec
2889 4463 2967 4517 sic
3009 4463 3160 4527 ﬁant,
3208 4482 3416 4536 nequa-

1841 4554 2000 4606 quam
2037 4554 2163 4596 sunt
2206 4546 2484 4601 inventuri
2534 4552 2696 4604 aliam
2728 4553 3088 4609 curationem.
3131 4554 3253 4610 llaec
3288 4572 3411 4611 cum

1838 4630 2063 4687 dixisset
2111 4636 2409 4703 somnium,
2448 4637 2513 4691 ad
2569 4641 2829 4711 populum
2876 4643 3138 4699 accedens
3182 4646 3417 4702 Cusaro-

1838 4721 1998 4775 ducta
2048 4725 2322 4788 (vincebat
2351 4728 2503 4784 enim
2538 4734 2805 4800 pudorem
2847 4733 2911 4797 is,
2946 4749 3107 4803 quem
3153 4737 3220 4791 de
3249 4736 3413 4793 fratre

1837 4810 2140 4880 accipiebat
2169 4814 2345 4885 dolor)
2379 4819 2752 4873 communicat
2784 4820 3067 4874 visionem.
3116 4822 3191 4875 Illi
3232 4832 3409 4877 autem

1837 4915 1955 4954 eam
1985 4902 2232 4958 arbitrati
2278 4907 2527 4961 insanire
2560 4910 2855 4978 (quomodo
2908 4912 3050 4967 enim
3097 4925 3407 4985 speraretur

1836 4995 1977 5061 apud
2010 5009 2104 5049 eos
2145 4982 2369 5049 omnino
2395 4999 2663 5069 reliquum
2699 5018 2819 5058 esse
2865 5004 2943 5059 vel
2976 5020 3041 5062 os
3073 5006 3237 5063 ullum
3268 5009 3401 5065 Gre-

1834 5080 2024 5150 gorii?)
2048 5082 2210 5137 verba
2246 5086 2630 5141 Gusaroductaa
2672 5091 3078 5147 subsannabant
3115 5104 3166 5149 et
3211 5096 3398 5150 irride-

1833 5172 1981 5226 bant.
2012 5171 2145 5227 Cum
2191 5184 2371 5228 autem
2416 5175 2615 5229 malum
2660 5179 3059 5247 intenderetur,
3096 5200 3195 5239 nec
3232 5186 3398 5241 inter-

1834 5263 2073 5317 mitteret
2129 5264 2419 5319 adventare
2468 5269 2765 5332 somnium.
2817 5282 2869 5325 et
2927 5274 3122 5329 mulier
3171 5276 3397 5334 instaret

1833 5356 2229 5417 vehementius,
2266 5369 2464 5426 cogens
2512 5361 2796 5427 populum,
2827 5374 2885 5418 ut
2927 5365 3191 5421 visionem
3224 5370 3287 5420 ad
3317 5370 3395 5423 ef-

1832 5445 2028 5501 fectum
2071 5447 2388 5511 deduceret,
2425 5450 2653 5504 mittitur
2698 5454 2916 5521 quidam
2968 5457 3047 5509 vir
3100 5459 3277 5515 clarus
3330 5463 3395 5515 ad

1828 5535 2090 5605 oppidum
2123 5536 2366 5601 Artaxat,
2410 5541 2631 5595 nomine
2677 5545 2922 5598 Autaias.
2946 5547 3081 5603 Cum
3115 5566 3262 5622 ergo,
3303 5560 3395 5620 qui

1829 5629 1882 5683 in
1916 5644 1984 5683 eo
2015 5639 2196 5695 erant,
2229 5643 2642 5700 rogassent,cur
2675 5637 2879 5693 veniret
2916 5640 3153 5706 Autaias,
3180 5654 3230 5697 et
3251 5660 3399 5712 qure-

1829 5832 2297 5912 tate_eel_ebratur.
2330 5836 2526 5906 Latini,
2560 5840 2629 5894 29
2660 5840 3015 5912 Septembris.

1905 5905 1983 5974 (‘5)
2031 5904 2161 5959 Dan.
2194 5910 2245 5959 4.
