4148 6498
193 441 309 507 1001

1281 435 1743 499 MARTYRIUM
1784 434 1844 494 S.
1885 434 2346 497 CHARITINXE.

3290 433 3428 499 1002

185 566 300 620 ταῖς
360 557 622 628 πλευραῖς
672 556 840 626 αὐτῆς
895 553 1292 610 ἑπικαὲεσθαιο
1343 559 1375 622 ἡ
1429 556 1507 618 δὲ,
1534 555 1630 607 καὶ
1659 554 1756 606 τῶν

1870 552 2455 624 αοεεηάρὺεηιυτμι),
2499 552 2768 610 intensius
2807 554 3185 625 perseverabat
3218 553 3271 608 in
3305 571 3431 609 ora-

185 650 476 719 λαμπάδων
515 649 938 718 ὐφαπτομένων,
981 646 1090 700 τῶν
1146 647 1323 717 εὐχῶν
1377 645 1764 714 ἐκτενέστερον

184 743 378 810 εἴχετο,
423 743 519 794 καὶ
553 742 653 804 τῆς
691 740 962 809 τιμωρίας
1000 738 1258 792 ἀνεθεῖσα
1316 738 1456 808 πρὸς
1500 737 1560 789 τὸ
1604 735 1763 788 θῦσαι

184 834 295 893 τοῖς
329 831 468 893 θεοῖς
500 832 861 899 ἠναγκάζετο.

257 922 330 975 Δ⁹.
371 921 522 974 Ἐπεὶ
552 923 607 974 δὲ
640 924 732 974 καὶ
784 921 980 992 καρδίᾳ
1007 919 1102 972 καὶ
1154 919 1394 989 χείλεσιν
1426 918 1763 988 ἀμετάθετος

185 1009 253 1083 ἦν
278 1015 374 1082 τὴν
407 1014 721 1079 ὁμολογίαν,
747 1013 940 1080 ἐπίσης
986 1013 1127 1079 αὐτῇ
1182 1011 1277 1062 καὶ
1303 1010 1330 1061 ὁ
1375 1009 1639 1072 δικάζων,
1667 1008 1764 1077 τὴν

188 1105 281 1155 ἐπὶ
313 1104 387 1173 τῷ
419 1103 577 1172 κακῷ
609 1103 855 1154 ἔνστασιν
891 1100 1170 1161 άνένδοτος
1193 1098 1289 1162 ὢν,
1311 1087 1531 1154 κελεύει
1557 1097 1763 1164 ταύτην

189 1195 335 1247 λίθον
383 1193 475 1245 τοῦ
522 1193 791 1262 τραχήλου
849 1191 1173 1260 ὲκδεθῆναι,
1214 1190 1308 1240 καὶ
1370 1188 1545 1250 οὕτως
1595 1189 1763 1254 αὐτὴν

189 1288 330 1340 κατὰ
362 1286 524 1356 βυθοῦ
543 1284 812 1353 θαλάσσης
832 1283 1202 1350 άπορῤιρῆναι
1229 1297 1242 1310 ⁸
1270 1273 1447 1348 οὗπερ
1495 1280 1559 1350 δὴ
1613 1296 1766 1346 γενοο

193 1381 376 1449 μένου,
424 1375 743 1444 Εὑχαριστῶ
777 1391 878 1438 σοι,
932 1373 1192 1442 Κύριε,ὴ
1244 1373 1458 1441 μάρτυς
1510 1372 1763 1431 é6541.5?!-

193 1488 260 1541 με
295 1470 520 1522 διελθεῖν
549 1468 614 1519 δι’
645 1466 832 1528 ὓδατος
861 1463 1149 1516 θαλαττίου
1183 1463 1271 1515 διὰ
1294 1460 1474 1516 τδσὸν
1538 1451 1764 1532 5'3).qu-

190 1560 281 1610 τὸν
308 1560 500 1626 ὄνομα,
545 1554 684 1606 ὥστε
724 1555 816 1606 καὶ
873 1551 1123 1621 καθαρὰν
1165 1551 1462 1620 εὑρεθῆναι
1490 1553 1631 1603 κατὰ
1666 1551 1763 1620 τὴν

188 1650 400 1718 ἡμέραν
457 1646 559 1715 τῆς
611 1645 959 1704 ἀναστάσεως
983 1661 997 1676 ο
1032 1643 1169 1696 ἀλλά
1225 1660 1317 1695 σου
1352 1641 1544 1705 δεῖξον,
1570 1642 1644 1703 ὡς
1678 1641 1764 1694 ἀεὶ

190 1742 286 1794 καὶ
317 1739 410 1791 νῦν
440 1740 525 1791 ἐπ’
560 1741 683 1808 ὲμοί
706 1738 773 1790 τὰ
798 1736 1096 1802 θαυμάσια,
1122 1736 1191 1787 δι’
1227 1728 1301 1787 ὧν
1337 1735 1432 1784 ἐπὶ
1486 1731 1648 1785 πλέον
1676 1732 1762 1784 δο-

190 1834 518 1905 ξασθήσεται
569 1833 628 1884 τὸ
682 1834 822 1898 μέγα
876 1846 968 1881 σου
1016 1829 1190 1887 ὄνομα
1239 1827 1318 1887 si;
1370 1827 1498 1886 τοὺς
1535 1825 1759 1885 αἰῶνας.

201 1927 392 1996 Ἀμήν.
437 1925 621 1975 Ταῦτα
668 1920 837 1982 οὕτως
868 1921 1047 1986 ἐκείνη
1076 1935 1136 1970 τε
1175 1917 1542 1988 προσηύχετο,
1571 1915 1664 1968 καὶ
1694 1915 1761 1967 τά
1791 1940 1838 1998 Β

184 2016 360 2084 δεσμά
388 2014 646 2078 διελύετο,
669 2012 826 2080 μόνος
850 2027 905 2061 τε
934 2011 961 2061 ὁ
991 2010 1134 2070 λίθος
1155 2009 1231 2076 τῷ
1263 2007 1409 2074 βυθῷ
1449 2006 1755 2059 κατεδύετο.
1793 2049 1795 2051 .

196 2109 262 2160 Ἥ
296 2109 352 2160 δὲ
388 2107 453 2177 (ib
491 2106 581 2159 τοῦ
623 2104 950 2173 θαύματοςῑ)
982 2103 1204 2169 ἁτρόμῳ
1252 2100 1371 2151 ποδὶ
1403 2101 1513 2160 τοῖς
1543 2098 1641 2167 τῆς
1668 2096 1764 2148 θα-

184 2203 389 2268 λάσσης
414 2201 601 2256 νώτοις
633 2198 892 2262 ἐφίστατο
924 2194 1014 2245 καὶ
1045 2193 1152 2244 τῶν
1184 2192 1390 2244 ὑδάτων
1417 2184 1504 2242 οἷα
1533 2190 1758 2257 στερεᾶς

185 2291 542 2344 ἐπιϐαίνουσα
577 2286 711 2357 πρὸς
736 2285 825 2337 τὸν
855 2282 1100 2351 αἰγιαλὸν
1121 2282 1432 2350 ἐπορεύετο.
1474 2278 1561 2331 Ἐν
1591 2280 1763 2348 τούτῳ

185 2383 243 2434 δὲ
271 2384 360 2433 καὶ
387 2381 476 2432 τὸν
531 2376 796 2430 ὑπατικὸν
847 2375 1030 2427 ἰδοῦσα
1079 2373 1462 2443 προσμένοντα
1492 2389 1549 2424 τε
1581 2373 1672 2424 καὶ
1701 2371 1760 2421 τὸ

183 2474 278 2526 τοῦ
313 2473 636 2542 πράγματος
673 2471 846 2536 πέρας
877 2467 1024 2530 ἰδεῖν,
1071 2467 1209 2534 ὅπερ
1234 2466 1300 2517 ἂν
1337 2464 1565 2532 γένοιτο,
1611 2462 1760 2516 ἐκδε-

182 2566 436 2635 χόμενον,
468 2562 714 2631 Χαὶροις,
745 2557 997 2621 ὑπατικὲ,
1046 2556 1234 2623 λέγει·
1272 2555 1398 2607 οὐδὲ
1447 2555 1608 2624 μέχρι
1668 2554 1762 2606 καὶ

183 2658 280 2709 νῦν
319 2657 555 2725 συνῆκαε
598 2653 694 2724 τὴν
740 2652 819 2710 εἰς
854 2650 951 2720 ἐμὲ
985 2648 1079 2702 τοῦ
1117 2646 1471 2716 ἐνεργοῦντος
1528 2648 1583 2698 ὲν
1634 2646 1759 2713 ἐμοὶ

182 2749 421 2816 Χριστοῦ
474 2748 741 2815 δύναμιν;
779 2746 847 2798 Ἢ
895 2744 1224 2812 τυφλώττειν
1273 2741 1353 2794 ἔτι
1411 2739 1756 2808 φιλονεικείς,

183 2842 279 2891 καὶ
311 2840 444 2919 πρὸς
491 2841 589 2904 τὴν
647 2837 903 2905 ἀλήθειαν
956 2834 1371 2903 ἀπομάχεσθαις
1406 2832 1465 2883 El
1517 2832 1615 2900 μὲν
1645 2825 1755 2893 οὖν,

181 2931 276 2983 τοῦ
353 2930 576 2990 σκότους
647 2929 919 2995 ἀφέμενος
973 2925 1050 2994 τῷ
1108 2926 1348 2994 ἀληθινῴ
1402 2923 1761 2992 προσδράμῃς

184 3023 350 3090 φωτὶ,
395 3021 604 3089 σεαυτῷ
664 3019 1066 3089 πραγματεύσῃ
1117 3019 1213 3084 τὴν
1273 3017 1581 3083 σωτηρίανο
1617 3017 1663 3066 ει
1703 3015 1759 3066 δὲ

183 3117 279 3166 καὶ
314 3117 392 3166 ἔτι
432 3117 544 3174 τοῖς
589 3112 874 3180 προτέροις
923 3111 1178 3178 ἐμμεῖναι
1205 3106 1476 3174 θελήσεις,
1506 3108 1628 3173 ἐμοὶ
1661 3106 1759 3173 μὲν

184 3206 396 3257 πολλῶν
453 3206 624 3264 αῐτιος
685 3202 922 3269 ἀγαθῶν,
969 3199 1122 3270 τῇδὲ
1164 3202 1230 3268 σῇ
1283 3199 1428 3266 ψυχῇ
1481 3195 1755 3257 ἀπωλείας

1870 644 2126 698 tionibus.
2162 643 2266 699 Sed
2301 661 2329 699 a
2361 647 2603 700 cruciatu
2637 647 2886 702 relaxata:
2913 647 2993 702 vis
3033 647 3214 709 ﬁebat.
3238 658 3296 702 ut
3328 648 3434 703 diis

1869 736 2220 791 sacriﬁcaret.

1940 914 2028 968 IV.
2056 915 2190 969 Cum
2220 925 2401 970 autem
2445 925 2498 972 et
2529 919 2691 974 corde
2718 928 2774 974 et
2803 920 2967 974 labris
3004 921 3055 974 in
3093 920 3434 975 confessione

1867 1013 2014 1057 esset
2057 1004 2432 1071 immutabilis,
2481 1007 2668 1074 judex,
2699 1009 2787 1077 qui
2837 1025 2988 1077 teque
3032 1019 3192 1078 atque
3223 1011 3334 1078 ipsa
3379 1010 3433 1063 in

1870 1096 2154 1150 tormentis
2196 1108 2474 1159 constans.
2509 1101 2574 1152 ad
2611 1100 2809 1153 malum
2845 1110 2962 1154 erat
2992 1102 3312 1164 obstinatus,
3344 1103 3432 1171 ju-

1870 1185 1962 1239 bet
2004 1186 2236 1253 Iapidem
2271 1188 2408 1240 collo
2448 1189 2563 1256 ejus
2601 1190 2802 1258 alligari
2837 1200 2886 1244 et
2922 1191 2999 1245 sic
3026 1207 3143 1245 cam
3179 1191 3339 1261 dejici
3379 1193 3431 1246 in

1867 1274 2196 1343 profundum
2228 1277 2394 1330 maris
2427 1279 2558 1347 (12).
2598 1280 2749 1344 Quod
2800 1282 3018 1350 quidem
3067 1297 3189 1336 cum
3232 1283 3432 1337 factum

1868 1375 2034 1424 esset.
2069 1370 2177 1436 Ago
2222 1368 2317 1421 tibi
2366 1371 2587 1438 gratias,
2620 1373 2861 1436 Domine,
2897 1374 3164 1427 clamabat
3209 1385 3430 1446 martyr,

1867 1457 2014 1525 quod
2061 1468 2118 1511 ut
2171 1474 2264 1526 per
2297 1475 2491 1529 aquam
2546 1463 2806 1516 marinam
2861 1466 3167 1527 transirem.
3214 1477 3434 1536 prOpter

1867 1559 2115 1602 sanctum
2156 1560 2304 1604 tuum
2337 1568 2555 1616 nomen,
2597 1554 2692 1607 tibi
2727 1554 2898 1607 visum
2927 1555 3014 1619 sit,
3048 1571 3155 1624 quo
3188 1557 3434 1610 inveniar

1869 1640 2069 1692 munda
2106 1640 2157 1692 in
2206 1641 2294 1696 die
2335 1644 2785 1707 resiirrectionis;
2827 1646 2918 1698 sed
2967 1655 3053 1699 tua
3100 1649 3346 1714 ostende,
3375 1658 3434 1702 ut

1867 1745 2103 1800 semper,
2139 1748 2282 1786 nunc
2329 1751 2542 1802 quoque
2602 1736 2655 1787 in
2709 1750 2797 1789 me
2849 1735 3128 1799 miracula,
3183 1754 3278 1806 per
3311 1755 3431 1807 qua

1868 1839 2124 1894 magnum
2157 1837 2305 1879 tuum
2349 1842 2546 1882 nomen
2581 1828 2750 1896 magis
2790 1827 3121 1897 gloriﬁcetur
3151 1831 3202 1883 in
3236 1831 3430 1886 saecula

1869 1915 2214 1969 szeculorum.
2245 1916 2434 1969 Amen.
2471 1915 2592 1969 Haec
2625 1916 2712 1968 illa
2750 1915 2824 1969 sic
2859 1919 3050 1978 oravit.
3081 1927 3134 1972 et
3173 1920 3433 1974 dissoluta

1867 2015 1992 2058 sunt
2019 2006 2251 2068 vincula,
2285 2017 2336 2060 et
2373 2007 2521 2060 solus
2553 2007 2686 2075 lapis
2709 2007 2810 2060 fuit
2839 2009 2890 2060 in
2926 2007 3192 2076 profundo
3218 2011 3433 2064 denter-

1865 2115 1981 2154 sus.
2034 2098 2121 2152 Illa
2168 2109 2347 2153 autem
2396 2101 2465 2168 (ο
2510 2100 2904 2169 miraculum!)
2943 2100 3098 2154 ﬁrmo
3147 2117 3207 2155 ac
3255 2101 3431 2156 stabili

1865 2191 2001 2260 pede
2039 2189 2216 2243 stabat
2263 2204 2425 2258 super
2474 2189 2696 2243 dorsum
2749 2189 2936 2250 maris,
2997 2197 3049 2242 et
3096 2204 3193 2258 per
3243 2204 3430 2258 aquas,

1866 2293 2121 2352 tanquam
2159 2297 2255 2352 per
2283 2290 2482 2336 terram
2517 2282 2745 2336 solidam
2771 2281 3099 2351 ingrediens,
3127 2282 3434 2349 proﬁcisce-

1863 2377 2025 2432 batur
2060 2376 2124 2430 ad
2157 2377 2309 2430 littus
2339 2375 2474 2443 (13).
2511 2375 2732 2428 Interim
2766 2389 2892 2428 vero
2922 2389 3044 2428 cum
3080 2374 3431 2427 vidissetma-

1864 2481 2087 2523 nentem
2133 2467 2473 2523 consularem
2515 2478 2569 2521 et
2595 2475 3023 2536 exspectantem,
3059 2466 3305 2534 quisnam
3350 2465 3436 2519 fu-

1866 2570 2025 2615 turus
2051 2568 2198 2612 esset
2231 2559 2305 2612 rei
2336 2558 2534 2617 exitus.
2575 2557 2706 2612 dicit
2740 2575 2752 2610 :
2790 2558 2971 2620 Salve,
3005 2557 3330 2610 consularis.
3357 2554 3434 2610 Ne

1865 2666 2015 2706 nunc
2057 2650 2272 2719 quidem
2319 2648 2629 2703 intellexisti
2684 2649 2938 2702 virtutem
2987 2646 3210 2712 Christi,
3251 2647 3340 2716 qui
3380 2649 3434 2701 in

1865 2760 1951 2798 me
1981 2741 2275 2812 operatur?
2308 2745 2385 2795 An
2420 2742 2596 2796 adhuc
2646 2741 2930 2796 contendis
2973 2741 3224 2794 caecutire
3268 2748 3320 2792 et
3352 2754 3436 2795 re—

1865 2849 2104 2903 pugnare
2131 2832 2389 2886 veritati?
2415 2831 2469 2884 Si
2503 2846 2629 2900 ergo
2666 2831 2865 2884 relictis
2896 2829 3136 2883 tenebris
3159 2829 3222 2882 ad
3248 2843 3430 2881 veram

1865 2925 2040 2978 lucem
2077 2923 2395 2983 accesseris,
2440 2923 2533 2975 tibi
2569 2922 2887 2990 procurabis
2915 2921 3167 2974 salutem.
3200 2918 3354 2985 Quod
3385 2919 3431 2972 si

1865 3015 2157 3086 persistere
2183 3017 2317 3069 velis
2342 3015 2393 3068 in
2417 3016 2712 3084 prioribus,
2741 3014 2872 3066 mihi
2899 3014 3114 3082 quidem
3143 3013 3249 3066 eris
3269 3027 3430 3066 causa

1865 3108 2154 3161 multorum
2215 3107 2504 3166 bonorum,
2535 3115 2638 3158 tua:
2688 3114 2866 3157 autem
2913 3104 3107 3157 animae
3151 3103 3430 3158 interitum

1863 3201 2200 3254 conciliabis.
2238 3199 2386 3252 llanc
2429 3197 2641 3253 dicendi
2685 3197 2984 3249 libertatem
3025 3211 3146 3248 cum
3180 3210 3287 3247 non
3323 3195 3431 3246 fer-

183 3295 445 3364 πρὲξενος
500 3295 619 3366 ἔσῃ.
668 3293 881 3359 Ταύτην
911 3294 937 3342 ὁ
980 3294 1285 3358 κατάρατος
1319 3293 1416 3358 τὴν
1446 3289 1756 3359 παρρησίαν

1865 3303 1944 3348 ret
1977 3293 2058 3346 vir
2098 3292 2487 3352 exsecrandus,
2522 3305 2587 3346 eo
2633 3299 2836 3348 autem,
2871 3286 3014 3356 quod
3047 3287 3097 3339 in
3130 3301 3247 3339 eam
3284 3285 3431 3338 acci-

181 3390 281 3439 οὐκ
317 3383 575 3451 ἐνεγκὼν,
598 3383 676 3434 ἐτι
705 3383 759 3434 δὲ
796 3387 888 3434 καὶ
917 3381 973 3432 τὸ
1005 3383 1132 3450 περὶ
1166 3381 1333 3449 αὐτὴν
1367 3378 1549 3447 θαῦμα
1581 3395 1754 3430 κατα-

184 3477 410 3542 πλαγεὶς
442 3474 686 3537 ἐξίστατο
726 3490 781 3523 τε
807 3468 1024 3533 ἐλυτοῦ,
1046 3470 1140 3522 καὶ
1166 3471 1381 3538 ἀφωνία
1397 3468 1752 3536 κατείληπτο.

198 3569 328 3636 Ὀψὲ
357 3567 415 3618 δέ
445 3579 572 3619 ποτε
600 3565 695 3617 καὶ
729 3563 881 3633 μόλις
907 3561 1220 3628 ἀνενεγκὼν
1254 3561 1492 3612 συνιέναι
1527 3559 1624 3627 μὲν
1657 3559 1756 3610 οὐκ

184 3660 442 3712 ἐϐούλετο
466 3673 479 3687 ⁸
513 3659 646 3721 φησὶ
677 3655 731 3706 δὲ
758 3671 770 3684 ο
799 3653 1055 3720 Μεγάλην
1089 3650 1297 3702 οἴεσθαί
1349 3666 1418 3717 με
1461 3648 1553 3699 τοῦ
1592 3648 1751 3698 Γαλι-

183 3753 339 3803 λαίου
394 3751 493 3817 τὴν
544 3747 771 3814 δύναμιν
826 3744 1073 3795 πείθουσι
1105 3742 1172 3794 τά
1229 3741 1599 3809 γεγενημένα.
1634 3736 1752 3789 ἀλλ’

183 3845 361 3911 ἔγωγε
393 3838 616 3909 γοητείᾳ
649 3835 842 3907 μᾶλλον
871 3834 1272 3902 ἐξειργασμένα
1302 3833 1544 3896 διαλέξαι
1575 3830 1750 3883 ταῦτα

184 3937 540 4004 πειράσομαι.
581 3931 765 3990 Οὕτως
815 3929 943 3994 ἔφη,
978 3928 1069 3978 καὶ
1115 3927 1228 3986 τοῖς
1274 3925 1620 3992 παρεστῶσιν
1654 3927 1753 3978 αὺ-

181 4029 310 4078 τίκα,
339 4028 436 4085 τὰς
466 4021 611 4089 ὄψεις
645 4017 914 4071 ἐπιϐαλὼν
939 4014 1222 4084 γυμνῶσαί
1257 4031 1314 4065 τε
1345 4017 1440 4084 τὴν
1475 4015 1752 4084 μακαρίαν

182 4116 348 4179 εὐθὺς
412 4113 508 4166 καὶ
567 4114 1018 4182 περια’ίκωνὶ,σαι
1073 4105 1401 4175 προστάττει
1457 4107 1634 4175 τροχῷ
1695 4123 1752 4159 τε

253 4321 372 4390 (ll)
409 4317 658 4390 Incensas
697 4314 859 4390 faces.
892 4326 998 4364 non
1027 4318 1233 4390 tantum
1253 4307 1524 4390 lateribus
1553 4319 1754 4380 marty-

182 4381 328 4450 τυιίι.
353 4381 454 4442 sed
482 4396 534 4439 et
565 4386 786 4452 singulis
818 4397 1003 4434 eorum
1039 4381 1293 4452 membris
1313 4381 1566 4452 admotas
1587 4396 1756 4447 quau-

181 4449 364 4530 doque
396 4460 578 4530 fuisse,
608 4449 836 4530 testatur
866 4453 1173 4530 Lactantius
1207 4450 1277 4501 De
1299 4449 1751 4530 l'IOI'If‘p‘el'sccul.

183 4521 305 4599 cap'.
348 4544 458 4580 λχι.
507 4522 805 4599 Lampades
848 4532 1023 4599 autem
1062 4522 1189 4599 infe.
1243 4533 1395 4599 ιιι-*οξ
1441 4521 1666 4572 Galonio
1700 4531 1753 4575 et

1861 3387 2033 3444 derat,
2064 3383 2321 3436 miraculo
2352 3390 2494 3438 esset
2531 3378 2962 3448 obstupefactus,
2994 3393 3023 3430 a
3056 3393 3113 3431 se
3157 3377 3429 3440 discessit,

1861 3488 2092 3543 eumque
2127 3487 2227 3525 vox
2260 3483 2312 3525 et
2345 3488 2522 3525 sermo
2551 3471 2770 3524 defecit.
2801 3471 2936 3523 Cum
2973 3477 3154 3523 autem
3199 3468 3281 3521 vix
3308 3478 3430 3522 tan-

1861 3569 1982 3622 dem
2034 3566 2099 3619 ad
2159 3580 2217 3619 se
2253 3564 2520 3625 rediisset,
2562 3563 2779 3616 nolebat
2834 3561 3050 3630 quidem
3107 3561 3428 3630 intelligere.

1861 3657 2005 3710 Dixit
2051 3666 2229 3709 autem
2265 3673 2277 3707 :
2313 3656 2381 3710 Ut
2422 3671 2666 3725 magnam
2710 3653 2911 3710 Galiltei
2946 3652 3054 3723 (Η)
3091 3663 3275 3722 putem
3310 3668 3430 3706 esse

1861 3746 2175 3814 potentiam,
2219 3747 2546 3814 persuadent
2574 3762 2659 3808 ea,
2683 3762 2800 3813 qua:
2833 3746 2970 3799 facta
3008 3755 3166 3810 sunt;
3204 3748 3296 3799 sed
3330 3760 3428 3816 ego

1859 3840 2096 3894 conabor
2148 3842 2456 3903 ostendere,
2518 3853 2578 3892 ea
2637 3837 2816 3908 potius
2865 3836 3002 3891 facta
3053 3852 3170 3891 esse
3215 3839 3426 3906 praesti-

1859 3929 1958 3998 giis
1993 3928 2125 3996 (l5).
2163 3926 2249 3978 Sic
2281 3927 2434 3988 dixit,
2467 3936 2522 3979 et
2567 3928 2621 3979 in
2660 3943 2772 3993 eos,
2811 3929 2900 3997 qui
2935 3927 3202 3991 astabant,
3242 3930 3422 3982 statim

1858 4019 2042 4074 oculos
2065 4018 2382 4085 conjiciens,
2407 4018 2562 4087 jubet
2602 4034 2696 4073 eos
2730 4021 2908 4072 statim
2948 4022 3154 4074 nudare
3183 4031 3423 4074 sanctam

1859 4120 1912 4166 et
1934 4112 2184 4166 manibus
2218 4121 2339 4180 post
2386 4121 2589 4184 tergum
2622 4113 2815 4168 \‘inctis
2837 4127 2954 4167 eam
2998 4121 3127 4167 rotae
3169 4112 3276 4180 (liii
3305 4112 3426 4166 alli-

1856 4330 1975 4384 cap.
2007 4314 2099 4375 ιιι.
2130 4327 2518 4382 nonnunquam
2545 4321 2774 4367 tortores
2804 4313 3075 4383 lampades
3111 4313 3226 4367 illas
3248 4330 3422 4383 quan-

1859 4397 1970 4440 tum
2005 4389 2071 4438 ad
2103 4384 2428 4438 ﬂammantia
2466 4385 2685 4442 lumina,
2719 4387 2856 4438 haud
2888 4401 3013 4437 vero
3049 4397 3308 4454 quantum
3352 4388 3420 4438 ad

1856 4459 2109 4518 Calorem,
2133 4455 2286 4522 paulo
2320 4467 2443 4508 ante
2472 4457 2908 4522 exsti—nguebant.
2929 4471 3087 4524 quam
3128 4465 3420 4524 martyrum

1859 4527 2178 4594 corpm-ibus
2201 4539 2293 4575 eas
2325 4526 2695 4596 admoverent,
2726 4537 2781 4577 ut
2811 4528 2888 4579 sic
2921 4528 3128 4578 lentiori
3165 4527 3282 4596 igne
3306 4541 3422 4579 cre-

182 4587 483 4654 La'ureutiu
516 4599 581 4646 de
629 4587 808 4646 Rebus
853 4591 1077 4657 publicis
1108 4593 1264 4640 docet
1296 4587 1526 4642 Pitiscus
1570 4606 1622 4661 ιιι
1651 4607 1748 4644 suo
1778 4600 1827 4659 ι)
1861 4587 2070 4650 utendis
2097 4604 2390 4660 martyrum
2423 4593 2682 4648 membris
2712 4599 2952 4661 aptiores
2979 4605 3182 4648 essent.

182 4673 381 4725 Lexico
433 4665 836 4732 Antiquitatum,
876 4662 1087 4732 rliebant
1146 4663 1245 4710 hoc
1282 4662 1482 4711 modo:
1527 4677 1544 4710 ι
1578 4660 1748 4713 Desu-

183 4745 496 4798 mebantur,
546 4729 718 4800 inquit.
768 4731 1011 4784 laudatus
1054 4729 1304 4800 Pitiscus,
1349 4744 1470 4800 vasa
1505 4732 1746 4797 quzcdam

183 4814 290 4862 lata
347 4797 509 4860 unius
561 4797 717 4870 palmi
776 4800 1145 4869 longitudinis,
1174 4869 1180 4872 _
1209 4797 1293 4850 vel
1324 4799 1747 4872 .aliquantulum

181 4879 431 4947 iuratoris,
452 4869 570 4941 quae
601 4873 796 4924 deinde
823 4885 851 4921 a
884 4884 1094 4922 summo
1120 4869 1182 4920 ad
1205 4869 1748 4947 arctiorein‘l'ormain

179 4940 827 5019 paululumr'praeposteraz
865 4954 1234 5019 peryerswque
1263 4940 1554 5019 pyraimdis
1581 4942 1749 4994 instar

184 5008 651 5074 contrahebantur
675 5022 836 5078 atque
860 5011 1353 5078 adstringebantur.
1376 5008 1540 5062 Erant
1570 5025 1746 5065 autem

182 5107 336 5148 vasa,
378 5087 459 5140 vel
490 5097 686 5144 terrea,
727 5085 886 5134 sicuti
923 5080 1164 5132 indicant
1197 5079 1308 5142 illa,
1333 5094 1451 5146 quae
1480 5094 1541 5132 ex
1578 5083 1749 5136 ruinis

184 5161 420 5226 hujusce
453 5154 610 5226 Urbis
658 5152 884 5226 (Romae)
910 5164 1296 5226 nonnunquam
1331 5158 1627 5226 eruuntur;
1668 5152 1746 5205 vel

185 5216 388 5286 terrea,
423 5237 480 5277 ut
535 5216 714 5276 innuit
752 5216 965 5272 Coloni.
1015 5235 1108 5278 xii.
1145 5218 1230 5279 l8,
1277 5216 1578 5271 ....Postea
1623 5236 1747 5274 vero

181 5315 312 5351 vasa
367 5298 482 5350 haec
539 5295 762 5347 hastulis
795 5289 1116 5355 quibusdam
1167 5288 1443 5356 quadratis
1488 5298 1540 5340 et
1586 5292 1746 5343 simul

179 5369 448 5438 colligatis
483 5373 650 5433 septa,
693 5379 808 5431 quas
851 5361 916 5438 ad
949 5375 1218 5438 yasoruur
1246 5358 1654 5438 similitudinem
1695 5372 1747 5415 et

181 5429 340 5508 ipsa;
389 5453 421 5489 a
475 5429 724 5508 summm
765 5430 1020 5508 paulatim
1091 5429 1568 5508 astriiigebantur,
1627 5433 1746 5498 igne

179 5497 460 5564 tlainmam
489 5497 780 5558 emittente
800 5501 989 5568 repleri
1027 5497 1289 5551 solebant.
1319 5498 1485 5550 Porro
1525 5501 1622 5554 has
1654 5497 1747 5553 ha-

180 5582 384 5638 stulas.
414 5581 457 5630 si
491 5574 555 5627 ad
586 5592 668 5634 ea,
702 5574 766 5624 ad
803 5584 920 5638 qua:
961 5570 1231 5635 lampades
1263 5571 1380 5620 usui
1423 5578 1598 5632 erant,
1629 5574 1745 5624 aui-

179 5667 332 5704 mum
371 5650 685 5707 referamus,
720 5641 1100 5709 intelligemus,
1129 5639 1367 5705 quinque
1391 5649 1481 5709 aut
1512 5655 1600 5692 sex
1633 5641 1745 5708 pal-

179 5723 283 5774 mis
313 5719 438 5789 plus
461 5715 711 5789 rminusve
733 5708 1005 5789 eastitisse
1033 5709 1359 5789 oblongas.)
1409 5708 1604 5762 Harum
1637 5710 1746 5789 ollul-

178 5778 332 5862 giem'
384 5785 605 5840 exhibet
647 5785 934 5862 _Galonius'
964 5783 1127 5834 citato
1173 5778 1428 5862 Tractatu
1477 5795 1594 5860 pag.
1655 5780 1739 5861 7S.

176 5849 479 5919 Caeterum,
535 5868 588 5908 ut
646 5856 973 5915 Lactantius,
1035 5864 1198 5918 supra
1250 5849 1517 5934 laudatus,
1563 5851 1745 5908 innuit

523 5949 786 6007 ΡΑτιιοι..
840 5950 954 6004 Gn.
994 5944 1165 6004 (ΧΥ.

1923 4665 2034 4732 (lii
2070 4663 2212 4716 Mare
2240 4665 2380 4716 istud
2423 4661 2588 4716 fuisse
2628 4663 2853 4718 Pontum
2913 4663 3204 4729 Euxinum,
3237 4664 3420 4719 Amiso

1853 4737 1969 4789 urbi
2006 4733 2332 4802 proximum,
2368 4749 2429 4786 ex
2462 4735 2773 4798 Cniijectttra
2806 4737 2963 4788 docui
2997 4750 3146 4788 num.
3186 4737 3268 4789 l3.

1925 4805 2034 4873 (15)
2063 4803 2135 4857 lta
2175 4802 2229 4855 S.
2269 4802 2480 4874 Petrus,
2515 4817 2572 4854 ut
2625 4812 2899 4858 testantur
2931 4808 3297 4874 evangelista.
3337 4807 3419 4860 di-

1852 4868 1974 4930 vina
2008 4868 2234 4944 sit-tute
2261 4868 2557 4924 ambulavit
2587 4887 2750 4941 super
2784 4890 2997 4944 aquam,
3036 4868 3180 4943 quod
3219 4887 3270 4930 et
3297 4877 3418 4930 aliis

1850 4945 2052 5000 sanctis
2096 4942 2407 5012 contigisse,
2457 4944 2744 5011 perhibent
2800 4942 3192 5000 E'cclesiastica:
3235 4948 3414 5001 Histo-

1852 5032 1964 5070 τισι.

1921 5085 2031 5154 (ll)
2062 5083 2185 5156 Hoc
2210 5084 2428 5156 nomine
2473 5086 2669 5156 impius
2701 5085 2881 5156 iudex;
2902 5101 2992 5153 per
3021 5086 3408 5156 blaSphemiam

1848 5154 2122 5209 Christum
2167 5155 2447 5209 Dominum
2485 5154 2658 5219 vocat,
2698 5154 2917 5210 sceleris
2955 5156 3038 5209 sui
3089 5154 3408 5210 imitatorem

1851 5228 2138 5290 pessimum
2171 5235 2353 5292 postea
2377 5236 2567 5282 nactus
2591 5227 2860 5284 lulianum
2889 5229 3218 5294 Apostatain,
3242 5229 3330 5294 qui
3354 5239 3411 5279 et

1851 5295 2124 5415 Fictricem
2181 5296 2271 5348 Dei
2323 5294 2511 5350 ultoris
2569 5313 2786 5350 manum
2837 5309 3130 5366 agnoscere
3187 5304 3409 5349 coactus

1874 5374 1968 5415 uit.

1874 5374 1968 5418 ιιιι.

1886 5505 1894 5513 _
1920 5435 2030 5506 (15)
2052 5436 2261 5513 iVempe
2287 5449 2408 5491 cum
2438 5437 2679 5508 prodigia
2705 5436 2813 5498 illa,
2849 5445 2954 5490 tota
2988 5435 3417 5513 quandoquoci-

1847 5507 2014 5577 vitate
2051 5507 2390 5577 inspectante
2421 5507 2650 5577 patrata,
2688 5521 2886 5575 negare
2918 5521 3024 5558 non
3062 5519 3283 5577 possent
3315 5509 3419 5561 ini-

1847 5576 2093 5642 quissimi
2122 5576 2357 5644 iudices,
2398 5576 2464 5631 ne
2513 5577 2849 5630 Christianos
2895 5577 3003 5629 veri
3057 5576 3146 5629 Dei
3184 5582 3418 5630 cultores

1849 5660 1991 5707 esse,
2017 5648 2167 5698 lateri
2204 5653 2548 5713 cogerentur,
2586 5660 2680 5714 per
2724 5662 2987 5700 summam
3019 5649 3281 5700 insaniam
3313 5648 3418 5699 mi-

1851 5724 2031 5768 racula
2061 5716 2146 5768 illa
2184 5717 2488 5771 daemonum
2527 5714 2814 5785 praestigiis
2843 5719 3206 5771 ascribebant.

1920 5786 2028 5850 (l6)
2085 5785 2399 5850 Huiusmodi
2471 5787 2582 5839 fere
2639 5784 2805 5840 rotam
2870 5789 3085 5841 exhibet
3141 5784 3420 5839 Gallonius

1850 5870 1968 5926 pag.
2000 5855 2068 5908 27
2114 5859 2288 5909 littera
2342 5859 2398 5923 Β,
2436 5856 2542 5911 nisi
2575 5859 2713 5928 quod
2760 5857 3063 5912 ardentium
3117 5859 3418 5912 carbonum

3026 5947 3098 6006 32
