4148 6496
783 439 795 499 1
811 441 913 502 Otii

2057 438 2339 501 MENSIS
2373 436 2735 501 OCTOBER.

3885 441 3995 510 1003

773 550 915 619 apud
951 549 1147 621 Regem
1177 559 1229 604 et
1260 549 1426 604 Deum
1457 548 1839 616 immortalem,
1874 562 1930 606 ut
1961 553 2050 624 qui
2089 555 2319 607 taberna

2443 553 2693 623 ἀθανάτῳ
2740 553 2947 623 βασιλεῖ
2981 555 3071 607 καὶ
3108 554 3223 625 Θεῷ
3280 557 3590 629 παρρησίαν
3651 560 3999 630 κτησάμενοι,

773 642 950 694 culum
983 643 1199 710 quidem
1238 653 1290 696 et
1316 644 1635 708 incolatum,
1666 655 1719 698 et
1747 646 2017 706 exsilium,
2046 656 2104 698 et
2131 647 2171 699 si
2205 647 2335 714 quid

771 734 914 786 aliud
947 743 1027 786 εει
1061 734 1145 786 his
1172 734 1353 798 vilius,
1389 736 1528 788 hanc
1579 737 1738 788 vitam
1781 737 2167 791 existimarent.
2201 739 2335 792 Cum

770 836 954 880 essent
987 836 1164 879 autem
1200 827 1322 879 boni
1375 836 1708 881 mercatores
1736 843 1843 881 sua:
1871 830 2077 888 salutis,
2115 840 2188 896 et,
2217 847 2336 900 quze

773 918 929 971 estin
957 917 1158 979 futuro,
1196 920 1356 971 vitam
1387 929 1760 985 compararent
1793 936 1884 986 per
1911 925 2219 989 praesentia,
2247 939 2337 976 ve-

770 1007 866 1059 luti
908 1008 1193 1072 quamdam
1227 1019 1395 1060 artem
1420 1009 1486 1061 ad
1525 1008 1668 1062 illam
1692 1011 2100 1079 acquirendam,
2127 1014 2336 1068 divinas

766 1099 1090 1154 exercebant
1127 1100 1454 1166 Scripturas,
1485 1110 1536 1153 et
1566 1116 1656 1153 eas
1686 1115 1905 1168 semper
1932 1102 2199 1155 habebant
2227 1118 2336 1169 prae

768 1190 1040 1242 manibus.
1091 1188 1359 1254 Quocirca
1413 1192 1523 1244 haec
1559 1207 1664 1245 non
1717 1191 1891 1259 potuit
1937 1192 2166 1244 tolerare
2198 1192 2334 1243 invi-

761 1279 882 1336 dia:
915 1291 969 1333 et
999 1297 1117 1334 cum
1151 1284 1369 1350 quidam
1403 1283 1512 1345 alii,
1536 1292 1646 1335 tum
1677 1283 1809 1338 alias
1841 1297 2052 1351 quoque
2080 1283 2329 1348 virtutes,

764 1383 873 1424 tum
916 1373 1057 1440 apud
1098 1372 1270 1441 ipsum
1304 1374 1686 1441 imperatorem
1717 1373 1988 1437 ﬁduciam,
2024 1375 2156 1428 viris
2191 1391 2329 1444 prae-

763 1464 919 1517 claris
951 1466 1276 1523 inviderent.
1310 1466 1447 1532 apud
1484 1464 1631 1518 illum
1680 1466 1855 1534 ipsum
1893 1481 2082 1519 eorum
2117 1467 2328 1520 ﬁducia:

763 1569 1056 1617 aucmrem,
1127 1571 1324 1624 nempe
1386 1559 1794 1626 imperatorem,
1860 1574 1955 1612 COS
2019 1569 2322 1613 accusant:

757 1649 903 1713 quod
939 1647 1082 1700 illius
1115 1648 1329 1716 quidem
1363 1657 1808 1715 contempserunt
1843 1650 2156 1715 amicitiam,
2196 1651 2326 1705 deo-

763 1757 989 1807 rumque
1033 1741 1238 1794 eultum
1283 1755 1498 1809 quoque
1549 1741 1938 1810 neglexerunt:
1985 1743 2094 1812 jam
2143 1753 2322 1797 autem

762 1829 827 1881 ad
866 1830 1023 1882 aliam
1058 1830 1404 1883 declinarunt
1443 1829 1780 1900 religionem,
1817 1847 1874 1885 se
1906 1831 2245 1886 Christianos
2271 1842 2322 1886 et

763 1919 855 1974 Dei
891 1936 1077 1974 servos
1111 1929 1386 1974 vocantes.

831 2011 893 2063 ll.
937 2011 1291 2066 Maximianus
1314 2021 1516 2074 autem,
1550 2012 1758 2066 etiamsi
1791 2013 1974 2076 sciret,
2007 2015 2149 2083 quod
2183 2030 2326 2084 saepe

766 2104 916 2157 multi
947 2105 1231 2158 calumniae
1266 2104 1518 2158 invidiam
1552 2121 1764 2160 causam
1794 2107 2014 2169 habent,
2052 2123 2158 2160 non
2190 2108 2328 2161 veri-

761 2207 944 2259 tatem,
995 2198 1227 2250 maxime
1258 2207 1438 2251 autem
1498 2214 1618 2252 cum
1652 2215 1760 2252 non
1798 2201 2090 2268 ignoraret,
2125 2209 2326 2268 quanta

758 2301 905 2344 esset
963 2303 1150 2343 eorum
1206 2289 1258 2342 in
1311 2290 1486 2358 ipsum
1543 2291 1922 2345 benevolentia
1967 2309 1980 2343 :
2026 2294 2325 2362 quinetiam

757 2379 938 2432 animo
967 2387 1204 2432 versaret
1250 2393 1403 2431 suam
1451 2379 1713 2432 saevitiam
1759 2390 1813 2433 et
1859 2383 2205 2436 acerbitatem
2242 2386 2324 2451 (ea

756 2471 898 2522 enim
932 2470 1015 2522 vel
1048 2470 1280 2522 maxime
1327 2469 1446 2523 aliis
1492 2471 1860 2525 contendebat
1903 2475 2244 2541 antecellere)
2273 2485 2325 2530 et

756 2561 897 2626 quod
938 2562 980 2614 si
1013 2560 1150 2615 forte
1183 2562 1406 2620 deorum
1439 2561 1900 2633 benevolentiam,
1929 2575 1982 2618 et
2017 2566 2158 2619 illius
2187 2569 2323 2620 ami-

755 2652 934 2705 citiam
988 2653 1302 2707 statuissent
1369 2654 1674 2722 despicere,
1745 2657 2044 2724 periculum
2104 2660 2319 2727 quidem

755 2751 900 2796 certe
937 2744 1281 2800 timuissent:
1320 2746 1770 2816 cxistimaretque
1803 2763 1924 2803 esse
1965 2765 2075 2803 non
2129 2752 2322 2817 proba-

754 2834 905 2896 bilia,
957 2835 1051 2888 sed
1076 2835 1228 2899 falsa,
1275 2851 1392 2905 qum
1419 2837 1784 2892 dicebantur:
1819 2854 1880 2892 ea
1910 2851 2088 2893 tamen
2125 2842 2318 2895 admit-

753 2925 914 2980 tenda
944 2941 1051 2978 non
1093 2941 1213 2980 esse
1257 2928 1390 2980 citra
1424 2929 1900 2992 examinationem,
1936 2939 1993 2983 ut
2029 2944 2320 2986 consenta-

754 3032 913 3069 neum
968 3025 1106 3080 erat,
1151 3017 1552 3071 considerabat.
1609 3016 1748 3081 Quid
1796 3033 1924 3087 ergo
1980 3019 2142 3072 facit?
2185 3023 2318 3074 Cum

750 3108 1095 3174 Splendidum
1140 3117 1193 3162 et
1216 3108 1558 3177 magniﬁcum
1597 3120 1840 3177 parasset
1871 3112 2219 3177 sacriﬁcium,
2267 3122 2320 3168 et

750 3199 1060 3268 quicunque
1091 3209 1244 3253 erant
1280 3200 1408 3253 clari
1436 3208 1491 3254 et
1522 3200 1776 3262 illustres.
1806 3201 1858 3254 in
1894 3203 2149 3271 templum
2189 3219 2317 3258 con-
2342 3240 2386 3301 Ο

749 3291 954 3353 venire,
1002 3299 1056 3344 et
1096 3292 1343 3347 sacriﬁcii
1391 3307 1514 3345 eum
1553 3306 1619 3345 eo
1665 3307 1786 3346 esse
1828 3295 2119 3362 participes
2166 3298 2316 3363 prius

749 3382 1014 3449 iussisset,
1050 3398 1160 3436 rem
1187 3383 1445 3450 deinceps
1471 3383 1782 3437 examinare
1809 3385 2110 3439 constituit.
2140 3387 2315 3455 Atque

747 3476 861 3542 ipse
891 3476 1108 3544 quidem
1156 3476 1366 3544 primus
1397 3475 1694 3545 ingreditur
1721 3495 1734 3530 :
1764 3478 1925 3530 simul
1969 3490 2144 3532 autem
2191 3496 2314 3533 cum

746 3583 812 3622 eo
842 3568 1139 3638 ingreditur
1169 3569 1331 3622 etiam
1367 3584 1558 3638 magna
1597 3569 1905 3631 multitudo,
1957 3581 2010 3623 et
2051 3581 2165 3624 erat
2193 3577 2316 3624 uni-

745 3673 899 3712 versa
920 3660 972 3712 in
1001 3659 1201 3728 templo
1225 3669 1565 3728 congregata.
1595 3657 1762 3712 Etalii
1787 3660 2002 3728 quidem
2027 3661 2316 3730 diligenter

749 3749 1076 3819 peragebant
1114 3748 1466 3810 sacriﬁcium,
1511 3758 1565 3801 et
1598 3759 1918 3817 praesentem
1952 3751 2314 3805 observabant

753 3839 1156 3892 Maximiauum.
1201 3835 1420 3903 Sergius
1451 3851 1580 3889 vero
1615 3836 1932 3890 etBaccltus
1960 3839 2056 3891 viri
2083 3854 2310 3907 genero-

748 3927 971 3990 sissimi,
1021 3942 1087 3980 ne
1137 3925 1321 3991 templi
1370 3924 1584 3994 quidem
1633 3935 1840 3993 portam
1887 3925 2135 3997 ingressi,
2182 3927 2314 3982 foris

751 4019 967 4071 stabant
1020 4017 1241 4078 alicubi,
1288 4017 1389 4084 ipsi
1439 4016 1545 4069 Deo
1574 4015 1753 4084 potius
1802 4033 1995 4084 purum
2036 4027 2089 4071 et
2126 4033 2310 4072 verum

749 4121 1068 4177 peragentes
1112 4105 1461 4169 sacriﬁcium,
1503 4115 1556 4160 et
1601 4121 1695 4174 pro
1722 4107 1840 4159 aliis
1879 4119 2170 4178 rogantes:
2207 4109 2312 4162 Do-

752 4201 919 4262 mine,
973 4200 1224 4264 Domine,
1278 4197 1546 4263 dicebant,
1605 4200 1744 4252 Deus
1797 4198 1902 4251 Rex
1954 4200 2310 4268 singulorum,

749 4292 940 4346 exaudi
993 4306 1180 4345 vocem
1223 4301 1418 4344 nostra:
1452 4292 1730 4353 orationis,
1778 4301 1831 4345 et
1886 4292 2147 4360 prOpitius
2195 4300 2311 4346 esto

753 4383 1058 4437 haereditati
1090 4391 1213 4435 tuae.
1244 4382 1429 4443 Parce,
1450 4383 1697 4444 Domine,
1723 4393 1776 4435 et
1805 4397 1871 4435 ne
1895 4397 1988 4435 eos
2011 4382 2219 4435 dederis
2245 4383 2310 4436 ad

747 4473 1088 4541 glmiandum
1118 4471 1449 4524 adversario.
1487 4471 1591 4524 Sed
1617 4471 1884 4536 illumina,
1917 4473 2162 4544 Domine,
2195 4474 2312 4525 illu-

2444 643 2536 696 ἅτε
2572 643 2772 711 σκηνὴν
2801 645 2895 711 μὲν
2927 644 3017 694 τδν
3046 646 3169 714 τῇδε
3216 645 3328 714 βίον
3385 649 3477 699 καὶ
3514 651 3818 717 παροικίαν
3845 651 3933 700 καὶ
3964 649 4001 701 εί

2439 751 2491 785 τι
2519 735 2650 786 ἄλλο
2681 735 2785 785 τῶν
2839 735 3071 786 εὐτελῶν
3108 736 3420 806 ἡγούμενοι,
3475 740 3706 808 ἔμποροι
3738 740 3795 791 δὲ
3828 741 3999 807 ἁγαθοὶ

2438 824 2535 889 τῆς
2573 824 2780 874 ἑαυτῶν
2814 826 3083 891 γινόμενοι
3118 826 3408 895 σωτηρίας,
3441 830 3532 879 καὶ
3561 828 3658 896 τὴν
3694 832 3752 878 ἐν
3791 828 3870 895 τῷ
3897 830 3998 895 μέ).-

2437 915 2580 966 λοντι
2614 917 2756 983 ζωὴν
2790 916 2877 967 διὰ
2903 917 3008 966 τῶν
3034 919 3314 985 παρόντων
3359 920 3896 987 πραγματευόμενοι,
3924 924 3998 972 καὶ

2439 1004 2626 1075 ὥσπερ
2661 1008 2781 1059 τινὰ
2826 1009 2959 1077 πρὸς
3003 1010 3099 1076 τὴν
3135 1011 3344 1077 ἐκείνης
3390 1012 3631 1078 κτήσεως
3663 1012 3855 1062 διδασκ
3898 1013 3998 1064 λίαν

2438 1097 2531 1147 καὶ
2559 1098 2750 1163 τέχνην
2775 1098 2868 1156 τὰς
2916 1097 3062 1156 θείας
3105 1099 3370 1165 μετιόντες
3429 1099 3642 1166 Γραᾨὰς
3677 1100 3774 1150 καὶ
3815 1102 3997 1162 ταύτας

2435 1186 2520 1238 διὰ
2577 1187 2759 1254 χειρὸς
2795 1187 3048 1254 Ἔχοντες.
3097 1187 3259 1237 ’Ὅθεν
3310 1188 3428 1237 οὐδὲ
3483 1189 3688 1238 ἀνεκτὰ
3741 1188 3911 1238 ταῦτα
3934 1193 3997 1257 τῷ

2436 1277 2614 1345 φθόνῳ
2647 1279 2902 1346 κατέστη,
2939 1278 3073 1330 ἁλλὰ
3131 1295 3273 1339 τινες
3329 1280 3436 1339 τοῖς
3491 1284 3762 1343 γενναίοις
3813 1283 3906 1349 τῆς
3949 1300 3994 1333 τε

2433 1367 2598 1434 ἄλλης
2645 1367 2844 1435 ἀρετῆς
2905 1369 2997 1420 καὶ
3045 1368 3107 1438 δὴ
3154 1371 3244 1421 καὶ
3302 1370 3397 1435 τῆς
3446 1370 3524 1430 εἰς
3570 1373 3737 1422 αὑτὸν
3793 1374 3996 1440 βασιλέα

2434 1463 2744 1530 παρῤησιας
2774 1463 3029 1529 χήναντες
3056 1462 3187 1531 πρὸς
3227 1467 3429 1512 ἐκεῖνον
3454 1463 3544 1513 τὸν
3577 1465 3673 1531 τῆς
3700 1468 3995 1534 παρρησίας

2432 1549 2603 1602 αἴτιον
2669 1550 2912 1619 βασιλέα,
2965 1553 3089 1612 τοὺς
3154 1553 3351 1620 ἄνδρας
3413 1555 3890 1607 ἐνδιαϐάλλουσιν·
3929 1559 3990 1620 ὡς

2429 1641 2816 1712 ὠλιγωρήκασι
2874 1643 2971 1712 μὲν
3007 1643 3214 1695 ἐκείνου
3269 1647 3472 1712 φιλίας,
3501 1648 3783 1718 ἠλογησαν
3835 1650 3994 1701 δὲκαὶ

2427 1735 2522 1800 τῆς
2551 1736 2685 1803 πρὸς
2710 1736 2860 1804 θεοὺς
2893 1736 3208 1803 θεραπείας,
3240 1738 3332 1788 καὶ
3357 1739 3483 1806 πρδς
3525 1741 3719 1808 ἑτέραν
3747 1741 3851 1808 ἥδη
3882 1743 3996 1809 θρη-

2431 1826 2619 1876 σκείαν
2650 1825 2964 1886 ἀπέκλιναν,
2991 1825 3349 1896 Χριστιανοὺς
3381 1830 3605 1891 ἑαυτοὺς
3638 1833 3738 1881 καὶ
3766 1833 3992 1900 Χριστοῦ

2362 1911 2402 1966 Β
2431 1917 2646 1978 δούλους
2678 1917 3123 1986 ἐπιφημίζοντες.

2501 2007 2574 2059 B'.
2596 2009 2940 2077 Μαξιμιανὸς
2984 2013 3165 2076 μέντοι
3193 2012 3284 2062 καὶ
3319 2012 3477 2072 αὐτὸς
3505 2013 3660 2076 εἰδὼς
3685 2016 3770 2066 ὅτι
3800 2014 3994 2074 πολλοῖς

2430 2097 2686 2159 πολλάκις
2740 2101 2796 2151 αἱ
2834 2100 3078 2154 διαϐολαὶ
3133 2101 3327 2168 φθόνου
3376 2105 3550 2154 αἰτίαν
3615 2107 3865 2172 ἔχουσιν,
3912 2109 3994 2157 οὐκ

2427 2191 2708 2259 ἀλήθειαν.
2731 2192 2902 2254 ἄλλως
2942 2210 2998 2244 τε
3039 2193 3094 2244 δὲ
3136 2199 3226 2245 καὶ
3265 2195 3364 2264 τὴν
3409 2195 3513 2247 τῶν
3551 2197 3768 2264 ἀνδρων
3801 2200 3995 2250 εὔνοιαν

2429 2284 2598 2350 ὁπόση
2636 2285 2708 2353 μὴ
2742 2284 2974 2350 ἀγνοῶν,
3001 2284 3133 2337 ἀλλὰ
3170 2288 3264 2336 καὶ
3304 2286 3400 2354 τὴν
3430 2287 3635 2338 οἰκείαν
3656 2289 3928 2354 ἀπήνειαν
3948 2307 3996 2340 τι

2427 2375 2522 2424 καὶ
2573 2374 2873 2442 αὐστηρίαν
2919 2375 3011 2426 ent
3068 2375 3192 2426 νοῦν
3239 2377 3410 2443 ἔχωνο
3441 2379 3612 2448 ταύτῃ
3649 2396 3734 2431 τοι
3773 2382 3884 2447 γὰρ
3917 2382 3997 2431 καὶ

2430 2465 2662 2532 μάλιστα
2712 2464 2991 2531 διαφέρειν
3037 2463 3144 2515 τῶν
3192 2465 3364 2516 ἄλλων
3391 2467 3572 2528 αὐτοῖς
3605 2471 3994 2538 ἐφιλοτιμεῖτο,

2426 2555 2519 2607 καὶ
2551 2555 2622 2616 ὡς
2656 2555 2702 2606 εἰ
2740 2557 2876 2624 τάχ).
2914 2555 3007 2606 καὶ
3038 2557 3136 2619 τῆς
3178 2559 3387 2618 εὐνοίας
3440 2560 3638 2611 ἐκεῖνοι
3677 2561 3885 2628 ταύτης
3913 2567 3995 2615 καὶ

2423 2647 2519 2712 τῆς
2545 2646 2725 2712 φιλίας
2757 2647 3028 2714 ὑπεριδεῖν
3054 2647 3294 2716 ἔκριναν,
3338 2647 3472 2700 αλλὰ
3518 2651 3612 2700 τὸν
3656 2652 3904 2702 κίνδυνον
3940 2657 3995 2704 ἂν

2423 2735 2768 2806 ἐφοϐήθησαν
2789 2753 2804 2767 ·
2834 2739 3073 2789 ἀπίθανά
3097 2754 3153 2788 τε
3185 2741 3371 2807 ἡγεῖτο
3410 2741 3503 2791 καὶ
3531 2741 3704 2809 ψευδῆ
3747 2745 3818 2796 τὰ
3852 2745 3996 2810 λεγό·

2427 2845 2559 2897 μενα
2585 2867 2598 2890 ,
2635 2830 2726 2879 καὶ
2773 2829 2854 2879 ὅτι
2897 2832 2970 2897 μὴ
2998 2829 3371 2892 ἀϐασανίστως
3405 2831 3574 2884 ταῦτα
3605 2837 3995 2906 προσδέχεσθαι

2422 2920 2520 2982 δεῖ,
2549 2923 2687 2974 κατὰ
2744 2921 2898 2988 λόγον
2947 2922 3270 2974 ἐσκόπει.’1’ί
3310 2923 3401 2975 οὖν
3449 2931 3633 2987 ποιεῖς
3672 2928 3884 2980 Θυσίαν
3917 2948 3995 2996 φι-

2422 3011 2633 3081 λότιμον
2669 3015 2761 3066 καὶ
2795 3015 3054 3081 πολυτελῆ
3082 3017 3664 3085 παρασκευασάμενος,
3690 3024 3789 3071 καὶ
3818 3025 3996 3074 συνελ-

2422 3107 2533 3159 θεῖν
2566 3111 2642 3169 εἰς
2671 3108 2730 3158 τὸ
2788 3107 2929 3174 ἱερὸν
2970 3109 3097 3158 ὅσον
3162 3111 3288 3174 περὶ
3363 3112 3522 3160 αὐτὸν
3572 3114 3844 3177 ἐπιφανὲς
3896 3111 3991 3184 ἦν·

2421 3199 2744 3265 κοινωνῆσαί
2777 3214 2833 3248 τε
2870 3197 3016 3264 αὐτῷ
3070 3197 3166 3264 τῆς
3229 3197 3417 3257 θυσίας
3457 3200 3728 3268 πρότερον
3784 3221 3995 3270 παραγ-

2421 3290 2625 3355 γείλας,
2650 3289 2895 3340 ἐντεῦθεν
2927 3289 3218 3354 δοκιμάσαι
3247 3293 3303 3339 τὸ
3330 3291 3562 3357 πρᾶγμα
3613 3301 3708 3343 καὶ
3763 3297 3863 3361 τὴν
3888 3296 3994 3346 δια-

2421 3380 2580 3447 6ολὴν
2607 3381 2940 3446 διεσκέψατο.
2969 3376 3153 3446 Εἰσῄει
3187 3380 3282 3448 μὲν
3303 3376 3391 3432 οὖν
3415 3384 3576 3442 αὐτὸς
3595 3385 3842 3451 πρῶτος,
3876 3403 3991 3437 suv-

2418 3471 2588 3540 εισῄει
2651 3473 2704 3522 δὲ
2735 3471 2884 3540 αὐτῷ
2931 3475 3024 3523 καὶ
3058 3472 3189 3523 πολύ
3231 3489 3279 3523 τι
3328 3472 3552 3540 πλῆθος,
3581 3478 3681 3526 καὶ
3711 3477 3839 3529 ὅσον
3864 3482 3993 3531 κατὰ

2416 3564 2476 3613 τὸ
2511 3563 2972 3630 Ξερὸνλῆθροιστο.
3001 3564 3108 3613 Καὶ
3137 3565 3184 3614 οί
3225 3563 3322 3630 μὲν
3361 3566 3458 3631 τὴν
3491 3563 3689 3614 Θυσίαν
3724 3569 3993 3634 ἐπιμελῶς

2416 3655 2703 3727 διετέλουν,
2735 3656 2829 3707 καὶ⁵
2861 3655 3099 3724 παρόντα
3128 3654 3216 3707 τὸν
3245 3654 3586 3722 Μαξιμιανὸν
3628 3657 3988 3724 ἐθεράπευον.

2417 3749 2634 3814 Σέργιος
2653 3749 2706 3797 δὲ
2731 3749 2824 3798 καὶ
2854 3749 3063 3816 Βάκχος
3091 3750 3139 3798 oi
3177 3749 3562 3813 γενναιότατοι,
3592 3749 3733 3816 μηδέ
3762 3754 3825 3817 τῇ
3858 3751 3991 3820 οὐρα

2416 3835 2508 3887 τοῦ
2568 3838 2710 3905 ίερυῦ
2757 3837 3174 3905 προσόαλόντες,
3203 3835 3307 3899 ἔξω
3366 3849 3467 3888 που
3515 3842 3987 3904 παρειστήκεσαν,

2416 3927 2567 3979 αὐτοὶ
2601 3927 2800 3994 μᾶλλον
2834 3928 2951 3996 Θεῷ
2990 3929 3086 3997 τὴν
3110 3928 3357 3996 καθαράν
3387 3943 3446 3978 τε
3471 3928 3564 3979 καὶ
3585 3927 3770 3996 ἀληθῆ
3784 3929 3989 3981 τελοῦν-

2415 4036 2503 4079 τες
2533 4021 2740 4079 Θυσίαν,
2765 4020 2860 4070 καὶ
2894 4021 3031 4088 ὑπὲρ
3059 4021 3280 4071 ἐκείνων
3309 4019 3572 4088 δεόμενοι,
3599 4020 3800 4089 Κύριε,
3824 4023 3987 4089 Κύριε

2413 4111 2730 4177 λέγοντες,ὁ
2764 4109 3016 4179 βασιλεὺς
3044 4109 3149 4160 τῶν
3180 4108 3414 4173 αἰώνων,
3446 4108 3702 4161 ἐνώτισαι
3732 4115 3835 4179 τὴν
3882 4130 3987 4179 φω-

2416 4201 2509 4270 νὴν
2539 4202 2634 4270 τῆς
2660 4201 3106 4272 δεήσεωςοὴμών,
3125 4200 3377 4270 ἱλάσθητί.
3407 4203 3471 4270 τῇ
3503 4201 3850 4271 κληρονομία
3876 4220 3984 4257 σου.

2413 4296 2616 4353 Φεῖσαι,
2650 4292 2841 4362 Κύριε,
2868 4297 2960 4347 καὶ
2995 4295 3067 4363 μὴ
3098 4293 3201 4360 διρς
3245 4295 3438 4354 αὐτοὺς
3480 4294 3559 4354 είς
3608 4297 3884 4363 καύχημα
3917 4295 3986 4363 τῷ

2420 4387 2791 4452 ἀντικειμένῳ,
2848 4383 2981 4435 ἀλλὰ
3031 4383 3286 4450 φώτισον,
3342 4383 3531 4452 Κύριε,
3561 4387 3806 4451 φιῦτισον
3869 4391 3986 4448 τοὺς

2414 4475 2724 4542 ὀφθαλμοὺς
2752 4473 2858 4524 τῶν
2889 4473 3125 4542 καρδιῶν
3150 4473 3346 4534 αὐτῶν,
3377 4477 3467 4524 καὶ
3495 4475 3573 4535 είς
3605 4477 3707 4544 τὴν
3743 4478 3846 4546 σὴν
3875 4466 3986 4527 επί-

746 4566 893 4620 mina
928 4565 1116 4619 oculos
1157 4563 1403 4616 cordium
1451 4577 1660 4625 eorum,
1700 4574 1754 4616 et
1785 4579 1877 4616 eos
1915 4566 2085 4619 deduc
2121 4566 2184 4618 ad
2231 4564 2306 4618 tui

2422 4583 2614 4632 γνωσιν
2678 4566 2873 4628 αὐτοὺς
2927 4565 3316 4635 καθοδήγησον,
3369 4566 3417 4616 οῖ
3458 4568 3513 4618 ἐν
3544 4569 3726 4620 σκότει
3766 4568 3862 4619 νυν
3897 4569 3984 4634 τῆς

746 4655 1100 4724 agnitionem,
1138 4654 1226 4721 qui
1280 4669 1423 4706 nunc
1466 4655 1517 4706 in
1568 4653 1804 4707 tenebris
1835 4654 2113 4708 ambulant
2157 4656 2309 4725 igno-

747 4747 956 4809 rantise,
987 4755 1044 4799 et
1081 4763 1098 4794 ι
1133 4754 1482 4798 mutaverunt
1509 4745 1730 4814 gloriam
1759 4756 1925 4808 tuam,
1953 4750 2042 4812 qui
2073 4762 2130 4799 es
2162 4748 2309 4800 solus

745 4837 908 4901 Deus,
966 4847 1023 4891 et
1081 4838 1292 4890 alienus
1351 4837 1417 4890 ab
1475 4837 1722 4899 interitu,
1782 4837 1836 4889 in
1895 4837 2308 4891 similitudinem

741 4927 1066 4990 bestiarum,
1100 4926 1534 4996 quadrupedum,
1561 4937 1613 4980 et
1635 4927 1972 4997 serpentium
1995 4928 2035 4991 ί,
2067 4945 2085 4978 ι
2122 4937 2175 4980 et
2200 4943 2225 4977 a
2259 4937 2309 4979 te

742 5019 1083 5082 defecerunt,
1140 5028 1194 5073 et
1235 5017 1613 5073 sacriﬁcarunt
1659 5035 1845 5072 eorum
1883 5019 2222 5088 sculptilibus
2256 5027 2309 5071 et

743 5125 943 5164 nomen
977 5120 1223 5163 sanctum
1260 5121 1409 5163 tuum
1449 5110 1785 5179 contemptui
1817 5111 2142 5164 habuerunt.
2170 5110 2308 5163 Con-

742 5213 889 5258 verte
922 5217 1037 5266 eos,
1075 5201 1322 5262 Domine,
1365 5213 1417 5254 et
1447 5211 1774 5273 cognoscant
1809 5202 2071 5255 mirabilia
2106 5211 2215 5266 tua,
2258 5209 2312 5254 et

743 5295 1083 5364 unigenitum
1119 5302 1268 5346 tuum
1305 5289 1520 5356 Filium,
1566 5303 1620 5347 et
1655 5293 1988 5347 Salvatorem
2035 5303 2305 5358 nostrum,

743 5387 834 5456 qui
875 5385 1177 5440 voluntaria
1213 5398 1374 5439 cruce
1409 5394 1461 5439 et
1493 5395 1665 5439 morte
1715 5395 1958 5440 nostram
1997 5387 2307 5455 procuravit

740 5479 989 5531 salutem.
1017 5477 1184 5530 Porro
1215 5487 1394 5530 autem
1431 5492 1529 5531 nos
1560 5491 1774 5547 quoque
1803 5489 2074 5532 conserva
2099 5477 2303 5530 alienos

739 5585 767 5622 a
807 5569 1232 5638 reprehensione
1283 5571 1335 5622 in
1368 5569 1449 5622 via
1493 5569 1930 5624 testimoniorum
1979 5580 2214 5623 tuorum.
2247 5575 2301 5621 et

741 5662 794 5714 in
848 5659 1092 5715 custodia
1143 5669 1357 5713 tuorum
1415 5662 1816 5716 mandatorum.
1865 5658 2039 5726 Atque
2084 5661 2297 5728 quidem

741 5753 871 5803 loris
901 5761 1106 5805 stantes
1147 5761 1295 5804 extra
1328 5756 1510 5817 portas
1538 5752 1744 5820 templi,
1772 5751 1884 5802 hate
1920 5749 2298 5814 precabantur,

744 5851 796 5896 et
827 5842 902 5890 sic
931 5842 1094 5893 Deum
1127 5841 1428 5902 placabant.

819 5932 837 5963 ⁸
873 5927 1031 5983 Rom.
1059 5931 1101 5990 l,
1144 5931 1231 5982 ‘23.

2407 4660 2623 4724 ἀγνοίας
2657 4657 2997 4729 πορεύονται,
3040 4664 3132 4710 καὶ
3190 4658 3488 4726 ὴλλαξαντο
3544 4661 3645 4728 τὴν
3683 4660 3850 4725 δόξαν
3897 4677 3982 4711 σου

2405 4747 2499 4798 τοῦ
2533 4749 2850 4815 μονογενοῦς
2882 4753 2974 4801 καὶ
3023 4751 3302 4820 ἀφθάρτου
3353 4749 3511 4814 Θεοῦ,
3570 4753 3629 4802 ἐν
3674 4753 3982 4821 ὁμοιώματι

2408 4839 2634 4909 θηρίων,
2661 4840 2755 4892 καὶ
2787 4842 3133 4910 τετραπόδων
3171 4845 3265 4894 καὶ
3299 4843 3546 4911 ἑρπετῶν
3571 4843 3901 4913 ἀπέστησάν
3928 4860 3980 4894 τι

2408 4932 2515 4985 ἀπὸ
2550 4931 2662 4995 σοῦ,
2707 4935 2798 4984 καὶ
2837 4933 3034 4986 ἔθυσαν
3068 4937 3179 4996 τοῖς
3222 4934 3479 5002 γλυπτοῖς
3529 4935 3733 5001 αὐτῶν,
3779 4939 3875 4990 καὶ
3930 4937 3984 4987 τὸ

2407 5022 2575 5091 ὄνομα
2608 5022 2666 5075 τὺ
2692 5023 2844 5090 ἆγιόν
2882 5040 2973 5076 σου
2999 5024 3294 5095 ἠθέτησαν.
3345 5024 3712 5097 Ἐπίστρεψον
3766 5029 3980 5088 αὐτοὺς,

2408 5115 2599 5184 Κύριε,
2631 5116 2724 5166 καὶ
2769 5115 3059 5182 γνώτωσαν
3082 5118 3152 5170 τὰ
3198 5117 3472 5187 θαυμάσιὰ
3498 5135 3614 5182 σου,
3636 5121 3733 5171 καὶ
3765 5121 3858 5172 τὸν
3895 5136 3982 5187 με»-

2407 5209 2601 5278 νογενῆ
2633 5225 2725 5260 σου
2759 5209 2882 5260 Υίὸν
2909 5210 3002 5262 καὶ
3056 5210 3283 5279 Σωτῆρα
3311 5212 3582 5281 ἡμέτερον
3604 5228 3618 5241 ο
3652 5211 3712 5274 ὃς
3749 5212 3980 5278 ἑκουσίῳ

2410 5299 2624 5369 σταυρῷ
2650 5302 2742 5353 καὶ
2780 5301 2994 5370 Θανάτῳ
3031 5301 3128 5363 τὴν
3166 5303 3321 5373 ἡμῶν
3347 5302 3856 5372 ἐπραγματεύσατο
3885 5321 3982 5356 σω-

2407 5392 2623 5462 τηρίαν.
2647 5394 2749 5446 Καὶ
2776 5393 2917 5462 ἡμᾶς
2941 5391 2996 5444 δὲ
3039 5393 3307 5462 ἀμώμους
3341 5397 3396 5447 ἐν
3439 5397 3503 5462 τῇ
3536 5394 3642 5461 ὁδῷ
3691 5396 3804 5447 τῶν
3845 5414 3980 5466 μαρ-

2411 5485 2611 5553 τυρίων
2641 5502 2732 5537 σου
2772 5489 2860 5537 καὶ
2889 5487 2954 5554 τῇ
2985 5485 3092 5537 τῶν
3127 5487 3353 5539 ἐντολῶν
3389 5502 3482 5538 σου
3529 5486 3754 5559 φυλακῇ
3802 5489 3982 5553 διατή-

2414 5592 2595 5644 ρησον.
2618 5578 2679 5629 Oi
2712 5577 2808 5647 μὲν
2836 5571 2927 5630 οὖν
2953 5576 3056 5643 ἔξω
3081 5580 3185 5648 πρὸ
3224 5579 3329 5632 τῶν
3367 5577 3550 5632 πυλῶν
3581 5578 3678 5632 τοῦ
3728 5579 3880 5650 ἱεροῦ
3904 5580 3983 5632 ἐς·

2409 5667 2576 5731 τῶτες
2598 5668 2820 5722 τοιαῦτα
2858 5669 3253 5741 προσηύχοντο.
