4148 6526
206 480 337 546 1013

1149 479 1605 542 MARTYRIUM
1645 483 1748 541 SS.
1787 479 2045 541 SERGll
2081 483 2176 542 ET
2212 483 2506 546 BACCHI.

3325 487 3464 552 1014

201 603 456 671 οὐδεμίαν
491 597 900 670 ἀγνωμοσύνην
932 600 964 668 ἢ
993 599 1174 667 φιλίας
1203 599 1499 668 ὀλιγωρίαν
1530 598 1783 667 ἐγκαλεί-

1891 596 1994 653 Nos
2046 614 2177 670 ergo
2231 615 2331 657 nec
2381 601 2578 671 ingrati
2630 601 2798 656 animi
2860 603 3130 670 criminis,
3181 616 3276 660 aut
3331 619 3469 661 cou-

200 695 320 748 σθαι
361 692 527 758 ἄξιοι,
577 693 688 748 οὐδ’
717 693 801 746 ὅτι
862 707 944 744 σοι
982 692 1123 744 κατὰ
1175 693 1330 760 μῖσος
1385 691 1781 760 διαφερόμεθα,

197 786 681 856 φιλανθρωπότατε
725 783 970 855 βασιλεῦ.
1035 784 1198 836 ’Δὶ-λὰ
1237 785 1522 852 διέστησεν
1574 785 1784 854 ήμᾶςή

200 876 326 944 κενὴ
362 876 502 944 αὕτη
533 877 661 944 περὶ
700 877 768 927 τὰ
803 874 1002 928 είδωλα
1030 873 1208 942 πλάνη
1261 874 1354 925 καὶ
1386 877 1444 926 τ’)
1495 875 1576 934 είς
1637 874 1784 943 σαφῆ

200 970 257 1023 σί
287 986 341 1021 τε
371 970 461 1021 καὶ
494 968 951 1037 ὁμολογουμένην
974 968 1345 1017 καταπίπτειν
1367 965 1666 1019 ἀπώλειαν.
1689 968 1786 1018 καὶ

201 1061 333 1128 πρὸς
382 1060 473 1112 τὸν
517 1063 630 1113 [σον
685 1057 1082 1126 κατενεχθῆναι
1139 1059 1384 1109 κίνδυνον
1427 1057 1784 1123 ἀναγκάζειν.

201 1152 346 1216 Ἕως
383 1154 480 1220 μὲν
514 1155 621 1222 γὰρ
655 1153 780 1218 περὶ
829 1151 1000 1220 μόνην
1059 1150 1160 1219 τὴν
1191 1150 1465 1219 κοσμικὴν
1495 1151 1786 1218 στρατείαν

199 1244 590 1313 δεηταζὸμεοα,
631 1245 778 1297 οὐδὲν
823 1243 932 1297 τῶν
971 1241 1204 1294 δεόντων
1248 1244 1410 1309 ἡμεῖς
1437 1241 1783 1306 ἐνελίπομεν.

204 1341 595 1408 Μαρτυρήσεις
622 1341 752 1408 ἡμῖν
787 1339 880 1391 καὶ
922 1340 1086 1398 αὐτὸς
1143 1339 1341 1404 ὅτιπερ
1394 1335 1458 1386 οὐ
1510 1336 1787 1404 ρᾳθυμίαν

203 1432 322 1484 τινὰ
347 1431 466 1483 οὐδὲ
515 1430 774 1498 ἀμέλειαν
818 1430 923 1482 τῶν
961 1431 1018 1482 ὲν
1071 1428 1232 1497 χερσὶ
1282 1425 1781 1495 κατεγνώσθημεν,

205 1524 338 1579 ἀλλά
372 1523 576 1593 θερμὸν
606 1525 730 1596 περὶ
764 1524 931 1583 ταῦτα
952 1525 1044 1576 τὸν
1077 1525 1244 1594 ζῆλον
1267 1523 1517 1593 εἴχομεν,
1573 1523 1666 1576 καὶ
1690 1524 1789 1577 ὅσα

204 1618 364 1671 πάλιν
403 1623 462 1669 ὲν
546 1619 698 1688 νόμῳ
766 1619 1114 1689 Χριστιανοῖς
1163 1619 1462 1688 ἐτελοῦμεν
1507 1619 1787 1681 ἑκάστοτε,

203 1708 296 1760 καὶ
319 1709 411 1760 τὸν
435 1707 566 1760 Θεὸν
589 1697 866 1763 sae-avita:
890 1712 1030 1778 ὑπὲρ
1047 1710 1208 1776 ὑμῶν
1229 1709 1541 1776 ίλεούμεθα.
1567 1709 1787 1780 Ἐπιιδὴ

203 1800 294 1852 καὶ
343 1801 476 1853 αὐτὸ
504 1800 614 1854 τῶν
645 1801 822 1856 καλῶν
854 1804 916 1854 τὸ
970 1803 1274 1867 κεφάλαιον
1305 1803 1608 1867 ἀφελέσθαι
1641 1803 1791 1867 φιλο-

204 1895 400 1956 νεικεῖς
426 1895 595 1962 ἡμᾶς,
644 1894 742 1961 τὴν
771 1895 1043 1957 ἀσέϐειαν,
1084 1896 1182 1946 καὶ
1229 1893 1362 1944 Θεὸν
1382 1892 1659 1962 ζημιῶσαι
1690 1893 1789 1958 τὴν

204 1985 440 2052 ισχάτην
466 1987 672 2053 ταύτην
701 1985 905 2053 ζημίαν
951 1987 1045 2038 καὶ
1078 1986 1149 2055 ἣν
1200 1985 1319 2038 οὐδὲ
1366 1985 1690 2046 ὑπενεγκεῖν
1721 1984 1787 2037 ἂν

202 2075 430 2146 εὐσεϐὴς
465 2077 609 2146 ψυχὴ
637 2078 868 2140 δύναιτο,
905 2077 1082 2145 τιμῶν
1114 2093 1183 2128 τε·
1203 2076 1289 2129 διὰ
1322 2077 1483 2129 τοῦτο
1512 2077 1605 2128 καὶ
1636 2077 1786 2144 φιλο-

205 2167 395 2233 τιμίας
428 2169 890 2235 ἀναμιμνὴσκεις,
921 2165 1034 2228 πῶς
1054 2166 1156 2218 οὐκ
1185 2166 1412 2233 ἀμαθῶς
1435 2167 1581 2234 ἔχειν
1610 2185 1665 2219 σε
1690 2167 1784 2219 τοῦ

203 2254 372 2306 καλοῦ
402 2255 633 2316 δικαίως
667 2258 734 2308 ἇν
792 2258 1041 2322 εἴποιμεν
1069 2271 1082 2284 ·
1139 2255 1224 2306 ὅτι
1285 2257 1379 2307 καί
1417 2257 1786 2325 παραϐάλλεις

203 2347 339 2409 ὅλως
384 2349 526 2400 αὐτὰ
565 2348 916 2427 προσαλληλα
964 2345 1057 2398 καὶ
1098 2347 1264 2399 οἱονεὶ
1316 2346 1412 2399 τοῦ
1477 2351 1787 2417 κρείττονος

203 2441 337 2508 ἡμῖν
369 2440 469 2507 τὴν
511 2442 723 2508 αἰρεσιν
759 2441 1102 2506 ἐπιτρέπεις.
1138 2439 1397 2500 ἀσεϐείας
1436 2443 1638 2508 φαμὲν,
1685 2442 1786 2509 τῆς

206 2530 342 2600 πρὸς
375 2529 466 2582 τὸν
501 2533 653 2592 Θεὸν,
696 2533 790 2586 καὶ
816 2531 998 2600 φιλίας
1020 2530 1370 2598 ἀνθρωπίνης
1387 2534 1480 2582 καὶ
1505 2531 1662 2598 δόξης
1687 2533 1787 2600 τῆς

207 2621 301 2680 (σα
338 2625 768 2693 παραῤῥεούσης
802 2623 952 2676 ὕδατι
980 2642 994 2686 ;
1035 2622 1158 2683 Πῶς
1187 2622 1242 2673 δέ
1276 2639 1358 2675 σοι
1388 2623 1480 2674 καὶ
1521 2625 1786 2691 κοινωνὴ-

207 2732 376 2789 σομεν
409 2717 502 2768 ἐπὶ
531 2716 734 2786 τούτῳ,
775 2717 868 2768 καὶ
898 2715 1016 2785 οὐχὶ
1037 2714 1347 2766 τούναντίον
1377 2715 1470 2765 καὶ
1487 2714 1787 2784 τὴνφιλίαν

208 2809 303 2859 καί
351 2807 452 2874 τὴν
506 2810 671 2874 τιμὴν
707 2809 797 2860 καὶ
829 2808 880 2859 εἴ
933 2826 984 2860 τι
1021 2808 1148 2860 ἄλλο
1181 2807 1365 2874 μεῖζον
1419 2803 1507 2876 ἦν,
1555 2807 1790 2876 ἀρνησό-

209 2899 354 2966 μεθα
376 2914 394 2960 ;
440 2899 560 2960 ηὼς
594 2900 647 2951 δὲ
684 2900 746 2951 οὐ
782 2900 844 2950 σὺ
882 2900 1080 2967 μᾶλλον
1107 2901 1438 2966 ἀγνωμονῶν
1468 2901 1534 2952 τά
1561 2917 1624 2968 γε
1655 2902 1789 2970 πρὸς

206 2989 344 3043 Θεὸν
385 2989 584 3062 ἁλίσκῃ
616 2991 704 3042 τὸν
735 2990 830 3042 καὶ
859 2991 988 3042 αὑτό
1022 3008 1103 3043 σοι
1135 2991 1188 3041 ιδ
1213 2987 1358 3042 εἶναι
1398 2994 1495 3043 καὶ
1560 2993 1619 3046 τὸ
1654 2995 1786 3047 ἁνα-

207 3085 364 3136 πνεῖν
398 3085 838 3157 παρασχόμενον,
873 3083 928 3146 ὃς
973 3084 1206 3152 ἄναρχος
1248 3082 1325 3136 ὢν
1376 3086 1471 3136 καὶ
1518 3088 1788 3149 comato;

208 3173 289 3243 τῷ
335 3177 716 3240 γεγεννηκότι.
764 3173 860 3226 καὶ
919 3174 1047 3234 τοὺς
1097 3174 1358 3241 οὐρανοὺς
1393 3175 1472 3244 τῷ
1513 3172 1654 3242 λόγῳ
1693 3177 1787 3227 καὶ

1891 690 2206 759 temptionis
2227 692 2480 749 amicitia:
2505 693 2630 762 jure
2661 707 2953 762 possumus
2974 694 3220 750 accusari
3244 711 3259 762 ;
3288 712 3468 767 neque

1887 780 2034 850 quod
2071 797 2098 834 a
2133 791 2184 835 te
2218 793 2442 851 propter
2482 785 2666 838 odium
2698 784 3082 850 dissideamus,
3126 801 3159 840 ο
3184 785 3466 857 benignis-

1889 875 2022 928 sime
2050 874 2365 942 imperator.
2401 874 2508 930 Sed
2533 891 2633 930 nos
2656 875 2923 944 disjunsit
2953 877 3068 946 ipse
3090 894 3264 932 vanus
3289 893 3464 944 error,

1889 967 2066 1021 cultus
2107 967 2556 1028 simulacrorum.
2590 979 2644 1024 ct
2673 971 2819 1040 quod
2861 981 2916 1024 tu
2954 971 3008 1025 in
3035 982 3243 1026 certum
3267 987 3330 1028 ae
3355 989 3467 1027 ma-

1890 1059 2148 1111 nilestum
2182 1060 2395 1112 incidas
2421 1059 2726 1121 interitum.
2759 1071 2812 1116 et
2844 1077 2944 1116 nos
2976 1077 3192 1131 quoque
3214 1076 3374 1132 cogas
3407 1064 3464 1116 in

1889 1149 2033 1202 idem
2084 1149 2362 1204 deturbari
2409 1151 2733 1220 perieulum.
2778 1153 2912 1208 Nam
2961 1141 3200 1225 q'uandiu
3245 1155 3462 1223 quidem

1890 1241 2160 1310 agebatur
2203 1242 2271 1296 de
2315 1243 2426 1297 sola
2465 1247 2734 1300 mundana
2763 1246 2973 1311 militia,
3011 1262 3111 1301 nos
3156 1247 3290 1302 nihil
3331 1263 3466 1318 pra!!-

1892 1333 2230 1388 tertuisimus
2252 1351 2463 1400 eorum,
2491 1351 2610 1405 quae
2639 1348 2872 1405 oportet.
2897 1337 2974 1393 Tu
3002 1341 3113 1409 ipse
3144 1340 3304 1395 nobis
3329 1340 3478 1394 feres

1891 1426 2295 1493 testimonium,
2340 1444 2441 1482 nos
2493 1431 2547 1482 in
2599 1430 2744 1484 nulla
2805 1447 2885 1496 re,
2937 1447 3058 1500 qua:
3106 1441 3252 1486 esset
3299 1446 3468 1501 expe-

1890 1516 2120 1583 dienda,
2179 1519 2347 1572 ullius
2377 1521 2640 1575 socordiae
2691 1531 2784 1577 aut
2838 1522 3181 1592 negligentia:
3229 1537 3466 1592 unquam

1891 1609 2067 1666 fuisse
2123 1615 2426 1678 damnatos,
2486 1615 2580 1669 sed
2635 1616 2691 1670 in
2746 1615 2813 1670 iis
2871 1617 3036 1672 rebus
3091 1616 3248 1671 nobis
3301 1615 3467 1670 fuisse

1891 1721 2074 1760 acrem
2108 1708 2303 1762 zelum.
2341 1709 2404 1762 Et
2434 1715 2621 1764 rursus
2654 1725 2996 1779 quaecunque
3032 1711 3097 1764 de
3123 1724 3272 1764 more
3309 1709 3465 1763 Chri-

1893 1804 2195 1853 Stianorum
2224 1801 2550 1868 peregimus.
2589 1802 2655 1855 iis
2686 1800 2854 1857 Deum
2885 1815 3104 1872 quoque
3135 1817 3234 1870 pro
3262 1801 3467 1857 viribus

1893 1892 2050 1946 vobis
2080 1893 2411 1948 reddidimus
2446 1894 2758 1964 propitium.
2793 1895 3060 1960 Quoniam
3086 1904 3266 1950 autem
3291 1896 3467 1964 ipsum

1893 2001 2116 2054 quoque
2176 1987 2440 2041 bonorum
2496 1995 2680 2056 caput,
2732 2002 2929 2056 nempe
2976 1989 3258 2056 pietatem,
3309 1987 3468 2042 nobis

1889 2078 2176 2131 contendis
2225 2079 2486 2142 adimere,
2536 2090 2590 2132 et
2641 2078 2750 2132 Deo
2802 2094 2902 2133 nos
2943 2080 3177 2147 privare,
3211 2080 3353 2154 quod
3383 2089 3468 2135 est

1888 2169 2146 2224 damnum
2179 2181 2504 2228 extremum.
2549 2179 2604 2224 et
2634 2171 2777 2240 quod
2829 2173 2914 2240 pia
2950 2187 3056 2227 non
3104 2172 3275 2241 possit
3318 2172 3466 2228 ferre

1887 2258 2088 2320 anima,
2121 2268 2174 2313 ct
2208 2270 2494 2328 propterea
2529 2261 2768 2315 honores
2799 2271 2855 2315 et
2895 2261 3082 2314 laudes
3112 2262 3270 2316 nobis
3303 2278 3466 2317 revo-

1888 2364 1982 2404 cas
2037 2349 2092 2403 in
2144 2352 2486 2427 memoriam,
2537 2352 2815 2420 quomodo
2865 2361 2918 2405 te
2968 2351 3096 2406 boni
3150 2361 3205 2406 et
3251 2352 3468 2408 honesti

1890 2441 2137 2511 ignarum
2185 2459 2292 2496 non
2323 2443 2452 2510 jure
2491 2443 2809 2507 dixerimus,
2848 2445 2992 2512 quod
3044 2453 3098 2498 et
3126 2459 3210 2505 ea,
3246 2453 3304 2498 ut
3331 2459 3468 2514 quo-

1889 2533 2178 2588 dammodo
2209 2533 2611 2602 praestantioris.
2641 2533 2802 2587 nobis
2841 2534 3004 2588 facias
3050 2535 3350 2603 cptionem,
3381 2535 3466 2590 in-

1891 2632 1974 2678 ter
2000 2641 2058 2679 se
2091 2628 2319 2682 invicem
2357 2630 2584 2681 omnino
2632 2626 2874 2690 confers,
2903 2627 3184 2697 pietatem,
3218 2625 3466 2697 inquam,

1891 2717 1942 2770 in
1981 2716 2170 2778 Deum,
2203 2730 2260 2772 et
2307 2714 2932 2773 humanamamicitiam
2964 2727 3018 2772 et
3066 2719 3313 2790 gloriam,
3345 2734 3466 2788 quae

1890 2822 2036 2875 teque
2056 2821 2118 2860 ac
2142 2822 2278 2873 aqua
2305 2807 2654 2874 lll‘iClCl‘nUll?
2675 2809 2962 2871 Quomodo
2983 2817 3162 2861 autem
3192 2809 3290 2861 hac
3321 2809 3376 2862 in
3402 2825 3464 2864 re

1893 2908 2069 2953 tecum
2115 2899 2524 2966 eouveuiemus,
2567 2909 2622 2953 et
2667 2915 2779 2954 non
2826 2910 3038 2959 contra,
3090 2899 3380 2954 amicitiam
3410 2912 3467 2957 et

1894 2988 2177 3047 honorem,
2217 3001 2270 3042 et
2312 2991 2354 3042 si
2397 2989 2522 3057 quid
2573 2989 2642 3042 sit
2691 2988 2835 3046 aliud
2871 2989 3066 3057 majus,
3104 2989 3469 3060 negabimus?

1893 3075 2174 3143 Quomodo
2229 3086 2410 3128 autem
2456 3091 2564 3128 non
2617 3085 2674 3128 tu
2725 3076 2898 3143 "13ng
2945 3075 3138 3144 ingrati
3190 3076 3243 3128 in
3298 3075 3466 3130 Deum

1894 3169 2059 3222 animi
2091 3167 2339 3222 criminis
2365 3167 2732 3227 convinceris,
2772 3166 2863 3232 qui
2909 3166 3141 3233 idipsum
3173 3165 3289 3226 tibi,
3317 3167 3464 3233 quod

209 3267 311 3334 τὴν
340 3267 445 3334 γῆν
479 3270 815 3334 ὑποστήσας,
840 3268 932 3318 τὸν
958 3267 1243 3335 ἄνθρωπόν
1264 3283 1320 3318 τε
1348 3271 1534 3335 χερσὶν
1560 3266 1785 3328 οἰκείαις

1896 3269 1950 3313 et
1984 3259 2077 3319 sis,
2112 3269 2166 3312 et
2189 3261 2446 3328 respires,
2496 3257 2759 3328 praebuit?
2791 3257 2893 3323 Qui
2935 3272 3058 3311 cum
3100 3266 3282 3312 careat
3315 3257 3469 3324 prin-

213 3359 644 3427 ἐδημιούργησε,
687 3358 781 3410 καὶ
831 3357 1104 3428 ἀθανασίᾳ
1157 3356 1345 3409 τοῦτον
1371 3359 1626 3424 ἐτίμησε,
1674 3360 1791 3419 καὶ,

212 3448 445 3519 βασιλέα
490 3449 601 3499 τῶν
650 3450 738 3502 ἐπὶ
775 3448 879 3514 γῆς
923 3451 1318 3517 κατεστήσατο,
1373 3451 1626 3517 καθάπερ
1668 3451 1792 3504 τινα

218 3537 474 3605 βασίλεια
510 3538 570 3590 τὸ
603 3537 890 3608 κάλλιστον
920 3540 1178 3593 ἁπάντων
1211 3540 1492 3607 ἀποτάξας
1528 3542 1676 3610 αὑτῷ
1701 3543 1793 3595 τὸν

217 3628 571 3699 παράδεισον.

292 3911 364 3967 Z'.
403 3911 550 3979 Πλὴν
596 3910 731 3963 ἀλλά
765 3911 929 3980 μηδὲν
963 3913 1094 3981 ἡμῖν
1133 3911 1426 3981 ἀχθεσθῇς,
1469 3906 1514 3963 ὦ
1540 3912 1788 3981 βασιλεῦ,

216 4005 268 4056 εἰ
299 4007 391 4055 καὶ
417 4003 766 4072 μακροτέραν
800 4007 827 4056 ὁ
868 4005 1024 4070 λόγος
1057 4007 1343 4076 ποιήσεται
1379 4003 1474 4073 τὴν
1514 4005 1786 4076 διήγησιν.

215 4093 327 4146 Καὶ
379 4095 407 4146 δ
459 4092 592 4164 Θεὸς
645 4095 743 4164 μὶν
793 4095 935 4148 οὕτω
964 4096 1275 4161 φιλότιμος.
1315 4093 1416 4158 τὰς
1469 4097 1786 4165 εὐεργεσίας

214 4186 359 4252 φημὶ
385 4184 525 4256 πρὸς
557 4185 650 4238 τὸν
681 4185 969 4250 ἄνθρωπον
1000 4200 1014 4215 ⁶
1066 4184 1093 4235 ὁ
1127 4184 1183 4235 δὲ
1216 4183 1397 4254 φθόνῳ
1427 4187 1651 4248 κλαπεὶς
1693 4187 1788 4239 καὶ

211 4279 375 4348 ήδῡνῇ
415 4279 540 4350 (φεῦ
576 4277 709 4347 μοι),
747 4276 1051 4340 δελεασθεὶς
1086 4277 1292 4341 ἀολίιυς
1326 4260 1528 4330 τούτων
1564 4279 1788 4342 ἐξέπεσε

214 4375 456 4426 πάντων·
489 4374 580 4425 καὶ
607 4373 634 4423 ὁ
672 4373 798 4438 πρὶν
820 4372 1059 4438 ζηλωτὸς
1078 4374 1312 4433 ἐλεεινὸς
1342 4373 1554 4438 ἑωρᾶτο
1578 4372 1672 4425 καὶ
1691 4375 1791 4426 δα-

214 4465 399 4534 κρύων
421 4464 506 4516 διὰ
527 4463 624 4532 τὴν
651 4465 935 4532 συμφορὰν
963 4463 1128 4528 ἄξιος.
1167 4465 1227 4516 Ὀ
1262 4464 1470 4525 πλάσας
1491 4465 1668 4516 τοίνυν
1694 4466 1789 4518 καὶ

213 4554 630 4625 δημιουργήσας
656 4556 802 4624 ἡμᾶς
837 4556 987 4617 Θεὸς,
1043 4551 1448 4624 φιλανθρώποις
1476 4558 1638 4615 πάλιν
1664 4556 1786 4608 ἰδὼν

1895 3350 2058 3416 cipio,
2107 3352 2272 3403 verbo
2307 3351 2482 3404 ell‘ecit
2548 3361 2606 3403 ut
2662 3351 2964 3404 coclum‘et
3015 3359 3152 3403 terra
3201 3349 3467 3403 consiste-

1902 3452 2023 3495 rent
2051 3459 2063 3493 :
2091 3451 2146 3495 ct
2175 3443 2453 3496 hominem
2483 3442 2717 3510 propriis
2750 3440 3005 3494 manibus
3033 3450 3113 3494 est
3141 3438 3463 3508 fabricatus,

1898 3545 1954 3589 et
2010 3535 2296 3589 honoravit
2345 3550 2467 3588 cum
2509 3531 2934 3595 immortalitate,
2991 3540 3046 3586 et
3085 3545 3296 3591 eorum,
3346 3546 3469 3600 qua

1899 3637 2025 3682 sunt
2061 3628 2113 3679 in
2149 3639 2311 3690 terra,
2357 3627 2516 3682 veluti
2549 3626 2839 3694 quemdam
2867 3638 3046 3692 regem
3076 3621 3383 3681 constituit.
3409 3620 3464 3676 id

1897 3721 2040 3787 quod
2085 3731 2169 3774 est
2217 3720 2462 3774 oninium
2516 3721 2968 3788 pulcherrimum,
3010 3727 3204 3785 nempe
3247 3712 3464 3785 paradi-

1895 3815 2038 3873 suol.
2081 3811 2128 3865 ei
2161 3811 2487 3865 attribueos.

1969 3903 2076 3957 νη.
2119 3905 2388 3956 Caeterum
2423 3918 2492 3956 ne
2516 3901 2677 3956 nobis
2711 3915 3055 3965 succenseas,
3089 3913 3121 3953 ο
3145 3899 3465 3968 imperator,

1894 3996 1936 4051 si
1995 3996 2180 4048 oratio-
2213 3995 2516 4065 longiorem
2586 3993 2792 4048 factura
2843 3994 2915 4048 sit
2956 3993 3350 4047 narrationem.
3395 3988 3464 4045 Ει

1896 4090 2036 4144 Deus
2061 4091 2277 4160 quidem
2309 4090 2430 4156 l'uit,
2472 4099 2530 4143 ut
2555 4087 2691 4152 disi,
2720 4100 2825 4143 tam
2852 4087 3136 4142 muniﬁcus
3159 4086 3212 4139 in
3255 4083 3463 4138 benefl-

1894 4184 1996 4240 ciis
2025 4186 2076 4237 in
2109 4185 2401 4238 hominem
2462 4169 2832 4236 conferendis.
2883 4179 2973 4235 Ille
3013 4188 3195 4234 autem
3262 4175 3468 4231 invidia

1895 4276 2172 4337 seductus,
2196 4285 2250 4329 et
2277 4275 2556 4345 voluptate
2584 4275 2694 4342 (hei
2721 4273 2853 4328 mihi
2875 4275 2914 4342 ί)
2946 4275 3243 4332 inescatus,
3272 4269 3470 4323 misere

1894 4368 2118 4420 omnino
2140 4367 2209 4420 ab
2241 4366 2303 4419 iis
2329 4365 2532 4421 excidit
2558 4381 2570 4416 :
2597 4363 2756 4433 etqui
2795 4365 2943 4432 prius
2972 4363 3297 4416 censebatur
3335 4359 3470 4413 bea-

1895 4465 2002 4515 tus.
2042 4465 2367 4522 conspectus
2393 4469 2480 4512 est
2509 4454 2856 4515 miserabilis.
2890 4462 2944 4508 et
2967 4452 3218 4523 laerymis
3274 4449 3473 4520 dignus

1893 4556 2120 4616 propter
2177 4548 2568 4603 calamitatem.
2642 4547 2744 4614 Qui
2786 4547 2972 4616 itaque
3038 4560 3138 4599 nos
3190 4546 3347 4595 tinxit
3416 4551 3474 4594 et

212 4644 520 4718 ὀφθαλμοῖς
568 4645 630 4696 τὸ
675 4644 784 4697 τῶν
814 4643 1031 4695 οἰκείων
1077 4640 1278 4710 χειρῶν
1335 4642 1496 4709 ἔργον
1539 4642 1601 4694 τὸ
1657 4641 1787 4699 Θεὸς

1895 4640 2192 4694 fabricatus
2231 4649 2314 4692 est
2358 4639 2530 4702 Deus,
2580 4654 2710 4695 cum
2755 4639 3012 4708 benignis
3068 4649 3260 4691 rursus
3307 4632 3480 4688 oculis

213 4733 359 4791 εἶναι
407 4737 482 4806 μὴ
519 4737 836 4805 μεταϐαλὼν
863 4737 1000 4802 ὅπερ
1022 4729 1111 4804 ἦν,
1140 4735 1353 4799 ἐγένετο
1381 4735 1446 4786 δι’
1481 4735 1627 4804 ἡμᾶς
1661 4735 1791 4786 ἁνα-

215 4833 519 4900 μαρτήτως
553 4829 689 4895 ὅπερ
731 4830 918 4898 ἡμεῖς.
953 4829 1062 4880 Καὶ
1107 4828 1342 4897 σταυρὸν
1381 4829 1645 4890 ἑκουσίως
1696 4827 1790 4879 καὶ

215 4919 458 4974 θάνατον
493 4918 740 4972 ὑπελθὼν
768 4921 860 4972 τὸν
889 4920 1099 4972 ἄνωθέν
1131 4936 1186 4971 τε
1217 4917 1295 4987 τῷ
1341 4919 1599 4988 ἡμετέρῳ
1636 4919 1790 4982 γένει

214 5009 629 5078 καταϐεϐλήκει
654 5011 929 5078 πολέμιον.
965 5010 1058 5063 καὶ
1087 5013 1230 5077 ἡμᾶς
1261 5010 1358 5078 τῆς
1409 5012 1609 5080 πικρᾶς
1643 5011 1792 5063 ἐκεί.

214 5123 314 5174 νης
383 5104 770 5174 αἰχμαλωσίας
828 5104 1279 5172 ἀνασωσάμενος,
1356 5104 1452 5170 τὴν
1520 5105 1790 5173 προτέραν

215 5196 476 5251 ἀπέδωκε
512 5195 830 5261 φιλαγάθως
875 5195 1207 5264 ἐλευθερίαν,
1265 5195 1362 5247 καὶ
1405 5194 1530 5247 ὅθεν
1581 5195 1666 5248 διὰ
1693 5199 1791 5266 τὴν

221 5284 524 5358 παρακοὴν
556 5285 996 5354 ἐκπεπτώκαμεν
1028 5287 1144 5337 ἐκεῖ
1169 5284 1328 5337 πάλιν
1358 5284 1446 5336 διὰ
1473 5285 1788 5355 φιλανθρω-

219 5382 354 5444 πίας
383 5382 532 5450 ἠμᾶς
578 5380 914 5447 ἐπανήγαγε.
949 5381 1052 5430 Τὸν
1091 5381 1153 5447 δὴ
1185 5378 1408 5430 τοιαῦτα
1441 5379 1528 5430 δια
1580 5396 1640 5432 σε
1678 5397 1791 5446 π-αο

219 5473 386 5526 θόντα
409 5474 507 5525 καὶ
537 5473 794 5524 τοιούτοιν
823 5487 881 5522 σε
925 5471 1089 5523 πάλιν
1136 5469 1572 5536 καταξιώσαντσι
1617 5471 1790 5541 (κοινῆ

218 5567 331 5633 γὰρ
363 5563 674 5634 ἀνθρώποις
710 5563 901 5633 ὥσπερ
946 5563 978 5632 ἠ
1023 5563 1270 5617 ἀπώλεια
1314 5567 1596 5632 πρότερον.
1650 5563 1792 5617 οὕτω

219 5657 317 5708 καὶ
349 5657 382 5724 ἡ
415 5651 749 5725 tineam).
796 5655 983 5706 τοῦτον
1011 5653 1166 5719 αὐτὸς
1217 5654 1423 5710 ἀθετῶν
1446 5653 1537 5706 και
1582 5657 1659 5716 είς
1702 5656 1792 5707 τδν

221 5748 438 5802 ἐκείνου
481 5745 716 5816 σταυρὸν
768 5745 1145 5803 ἀποσκώπτων
1201 5747 1358 5801 ποίαν
1395 5746 1791 5816 ἀγνωμοσύνης

221 5839 543 5910 ὑπερϐολὴν
563 5836 933 5898 καταλείπεις-ς
969 5835 1103 5893 Ἰσθιι
1123 5836 1296 5896 τοίνυν
1335 5844 1419 5903 ὡς
1443 5840 1504 5892 οὗ
1532 5841 1792 5909 κοινωνή-

227 5935 403 6008 σομέν
435 5948 519 5986 σοι
555 5931 652 6002 τῆς
679 5931 929 6001 τοιαύτης
959 5931 1293 6004 ἀχαριστίας,
1347 5934 1478 5992 οὐδὲ
1510 5933 1600 5987 τδν
1652 5935 1786 6002 ἠμί.

1892 4736 2119 4789 vidisset
2158 4749 2296 4803 opus
2341 4748 2568 4790 suarum
2617 4749 2908 4797 manuum,
2971 4731 3137 4787 Deum
3195 4744 3314 4786 esse
3365 4740 3478 4783 non

1893 4830 2133 4887 mutans,
2167 4823 2314 4895 quod
2343 4826 2571 4894 quidem
2601 4835 2744 4886 erat,
2779 4823 2956 4878 lactus
2988 4831 3069 4875 est
3108 4828 3333 4888 propter
3373 4829 3475 4872 nos

1892 4918 2027 4972 citra
2063 4929 2346 4984 peccatum
2393 4918 2485 4980 id,
2515 4918 2662 4983 quod
2711 4930 2831 4969 nos.
2860 4914 3105 4981 Cumque
3155 4923 3372 4965 erucem
3415 4918 3472 4965 et

1891 5019 2124 5064 mortem
2164 5026 2263 5069 sua
2293 5016 2492 5077 sponte
2527 5007 2812 5072 subiisset,
2842 5016 2898 5062 et
2925 4991 3260 5076 superiorem
3287 5001 3472 5056 inimi-

1891 5119 2015 5157 cum
2067 5117 2267 5160 nostro
2319 5116 2518 5171 genere
2578 5103 2889 5170 prostravit,
2961 5109 3014 5152 et
3060 5099 3217 5152 nobis
3256 5096 3325 5151 ab
3380 5096 3470 5153 illa

1891 5195 2084 5249 acerba
2115 5196 2358 5251 servatis
2383 5193 2712 5255 calamitate,
2743 5192 2975 5262 benigne
3007 5190 3245 5261 priorem
3291 5186 3473 5243 reddi-

1891 5287 1970 5340 dit
2007 5285 2356 5346 libertatcm;
2387 5295 2442 5337 et
2477 5286 2621 5338 unde
2653 5284 2958 5339 excidimus
3000 5293 3219 5354 propter
3275 5281 3468 5338 inobe-

1889 5380 2182 5443 dientiam,
2215 5381 2345 5433 illuc
2378 5393 2480 5431 nos
2521 5377 2735 5432 reduxit
2760 5389 2982 5446 propter
3025 5372 3180 5431 suam
3221 5374 3468 5430 clemen-

1892 5472 2038 5526 tiam.
2079 5473 2216 5527 Eum
2251 5478 2462 5534 autem,
2485 5470 2578 5540 qui
2615 5480 2840 5539 propter
2876 5478 2926 5523 te
2952 5467 3079 5522 talia
3109 5483 3304 5537 passus
3342 5465 3462 5523 fue-

1890 5574 1990 5620 rat.
2016 5563 2179 5628 idque
2215 5575 2337 5612 cum
2361 5569 2506 5615 esset
2536 5561 2692 5623 Deus,
2725 5568 2850 5615 etle
2871 5562 3038 5616 tantis
3062 5559 3224 5613 rebus
3240 5557 3463 5630 dignum

1887 5662 2180 5713 censuerat
2228 5649 2559 5722 [communis
2597 5663 2681 5708 est
2707 5656 2852 5709 enim
2910 5651 3246 5717 hominibus,
3316 5651 3461 5706 sicut

1889 5750 2044 5820 prius
2075 5745 2350 5810 interitus,
2381 5747 2453 5801 ita
2487 5761 2632 5801 nunc
2667 5743 2916 5816 libertas]
2943 5785 2957 5804 .
2992 5752 3049 5798 tu
3103 5744 3279 5813 ipsum
3328 5757 3461 5798 con-

1891 5850 2171 5899 temnens,
2206 5847 2260 5892 et
2291 5854 2508 5895 crucem
2539 5838 2684 5894 illius
2717 5837 2924 5902 ridens,
2953 5837 3228 5908 quomodo
3264 5850 3371 5890 non
3403 5848 3463 5889 es

1892 5934 2054 6003 longe
2081 5929 2520 6002 ingratissimus?
2545 5930 2696 5990 Scias
2725 5946 2853 6004 ergo
2885 5947 2984 5990 nos
3007 5945 3115 5990 non
3133 5930 3342 5988 futuros
3366 5928 3462 5987 tibi
