4148 6462
726 391 860 454 1015

2005 407 2288 469 MENSIS
2330 407 2698 476 OCTOBER.

3847 406 3978 473 1016

724 504 904 559 socios
937 504 1125 576 ingrati
1166 508 1330 563 animi
1363 512 1612 581 crimine,
1645 530 1821 587 neque
1844 529 2090 573 nostrum
2122 520 2291 575 bene-

2417 541 2550 595 τερον
2577 524 2876 596 εὐεργέτην
2901 530 2995 579 καὶ
3025 523 3202 596 ἀληθῆ
3223 523 3356 579 Θεὸν
3384 521 3766 596 ἀρνησόμεθα.
3808 520 3904 575 .Τὰ
3925 522 3982 575 δὲ

726 597 988 654 factorem
1047 610 1102 656 et
1172 617 1361 658 verum
1411 606 1581 661 Deum
1633 623 1754 663 esse
1800 619 2108 680 negaturos.
2159 609 2291 677 Quae

726 699 908 744 autem
946 704 1065 748 ate
1116 694 1489 763 proferuntur,
1561 715 1593 753 ο
1649 701 1967 770 imperator,
2018 703 2133 756 sive
2182 703 2291 756 sint

722 785 886 850 bona,
917 787 1029 841 sive
1063 788 1316 855 difficilia,
1355 801 1408 845 et
1439 792 1519 845 vel
1547 793 1716 861 ipsam
1766 804 1994 857 mortem
2050 795 2290 848 inferen-

723 876 816 939 tia,
865 888 991 933 sunt
1027 896 1177 949 mque
1220 898 1247 934 a
1290 883 1447 938 nobis
1501 895 1723 954 propter
1776 886 2051 942 Christum
2113 887 2291 956 despi-

723 968 938 1034 cienda,
974 980 1027 1024 et
1057 987 1084 1024 a
1122 973 1281 1027 nobis
1313 989 1420 1028 non
1446 978 1684 1032 curanda

792 1060 926 1115 Vlll.
983 1061 1078 1115 His
1117 1064 1252 1118 adeo
1301 1075 1604 1134 opportune
1663 1077 1721 1123 et
1762 1070 2002 1140 jucunde
2060 1071 2220 1124 dictis
2262 1087 2292 1126 a

722 1154 1077 1224 martyribus.
1107 1154 1457 1212 Maximianus
1492 1160 1709 1228 quidem
1748 1159 1849 1215 fuit
1880 1161 1954 1215 ita
2003 1172 2183 1216 motus
2241 1171 2293 1217 et

722 1245 938 1299 volebat
968 1247 1161 1300 acerbe
1202 1250 1392 1317 punire
1413 1261 1653 1310 sanctos.
1699 1249 1906 1307 Rursus
1936 1264 2115 1308 autem
2166 1270 2292 1310 cun-

724 1336 996 1399 ctabatur,
1067 1347 1122 1391 et
1169 1338 1457 1393 diﬂerebat
1495 1341 1730 1409 aggredi,
1782 1344 2078 1411 respiciens
2104 1359 2290 1399 eorum

721 1426 1097 1500 splendorem,
1125 1440 1175 1484 et
1204 1445 1317 1483 non
1346 1432 1532 1486 volens
1572 1433 1755 1487 talium
1811 1433 2052 1488 virorum
2118 1435 2295 1490 facere

721 1522 1010 1591 iacturam.
1047 1521 1349 1597 Verebatur
1378 1523 1554 1588 enim,
1589 1539 1658 1578 ne
1696 1525 1948 1588 cruciati,
1989 1541 2112 1579 cum
2156 1527 2297 1582 veri-

723 1622 891 1667 tatem
957 1613 1011 1666 in
1049 1614 1229 1668 medio
1275 1614 1572 1668 multorum
1614 1616 1787 1669 libere
1836 1626 2021 1671 essent
2070 1617 2291 1685 elocuti,

724 1706 923 1761 deinde
964 1717 1349 1774 permanerent
1375 1711 1602 1762 omnino
1627 1708 1951 1765 immobiles.
1974 1711 2082 1765 Eos
2117 1711 2296 1780 itaque

725 1799 914 1853 statuit
951 1800 1326 1854 transmittere
1349 1800 1415 1854 ad
1435 1800 1764 1855 Antiochum
1801 1802 1996 1857 ducem
2033 1803 2291 1863 Orientis,

725 1900 785 1943 ut
824 1890 912 1958 qui
949 1890 1215 1955 omnium,
1255 1891 1346 1961 qui
1381 1903 1538 1946 erant
1580 1893 1632 1945 in
1663 1892 1783 1962 ejus
1815 1901 2106 1962 potestate,
2155 1902 2299 1948 esset

725 1981 1168 2048 crudelissimus,
1209 1993 1263 2037 et
1309 1984 1389 2041 vel
1418 1985 1534 2038 solo
1568 1987 1789 2040 nomine
1813 1994 1994 2054 posset
2040 2001 2135 2040 eos
2170 2001 2297 2055 per-

727 2081 934 2128 terrere
971 2083 1064 2128 :et
1094 2074 1237 2143 quod
1274 2083 1497 2144 propter
1541 2075 1761 2143 majoris
1801 2075 2023 2131 honoris
2076 2075 2296 2130 deside-

727 2166 889 2225 rium,
930 2166 1018 2219 ille
1044 2161 1426 2219 Maximianum
1461 2167 1785 2221 observandi
1843 2181 2028 2221 curam
2082 2183 2299 2238 gerens,

727 2273 758 2312 a
783 2257 946 2312 nullis
979 2259 1274 2312 abstinebit
1307 2259 1593 2323 machinis,
1630 2275 1738 2328 quo
1781 2274 1876 2314 eos
1904 2270 2206 2329 Oppugnet,
2247 2271 2304 2314 et

727 2351 792 2406 ad
827 2366 977 2405 suam
1020 2355 1267 2406 traducat
1297 2353 1646 2406 sententiam.
1688 2350 1960 2405 Praeterea
1995 2361 2053 2406 ut
2083 2363 2138 2407 et
2186 2353 2304 2406 lon-

728 2458 857 2513 gum
895 2444 998 2496 iter
1016 2442 1512 2512 etignominiosum
1556 2450 1663 2495 tam
1709 2441 1977 2496 intensam
2039 2444 2307 2498 relaxaret

729 2534 1119 2600 constantiam,
1157 2543 1211 2588 et
1233 2549 1327 2588 eos
1351 2533 1555 2588 sensim
1581 2549 1610 2587 a
1646 2535 1844 2603 pietate
1875 2534 2201 2597 dimoveret,
2249 2543 2306 2589 et

730 2628 966 2680 maxime
986 2629 1129 2696 quod
1163 2626 1277 2695 ipse
1300 2642 1514 2696 quoque
1533 2628 1835 2681 Antiochus
1868 2637 1980 2681 erat
2022 2628 2101 2681 eis
2155 2631 2307 2698 prius

729 2721 1031 2790 subjectus,
1055 2720 1198 2786 apud
1228 2736 1389 2790 quem
1432 2720 1853 2780 erantsistendi.
1891 2733 1945 2774 et
1979 2736 2008 2774 a
2063 2737 2170 2790 quo
2217 2723 2310 2791 ju-

730 2812 966 2866 dicandi.
997 2812 1052 2866 ld
1087 2813 1234 2866 enim
1287 2813 1520 2866 maxime
1583 2812 1751 2881 tangit
1803 2814 2044 2865 animum
2093 2828 2304 2877 eorum,

731 2905 824 2975 qui
857 2915 985 2958 sunt
1016 2905 1245 2960 honesto
1271 2905 1390 2960 loco
1419 2906 1552 2967 nati,
1598 2904 1743 2974 quod
1797 2904 1885 2973 qui
1952 2905 2103 2974 prius
2152 2917 2310 2974 pare-

733 2998 897 3062 bant,
939 2993 1019 3052 eis
1063 3009 1245 3068 postea
1279 3000 1595 3068 imperent,
1653 3008 1709 3053 et
1741 2999 1822 3054 eis
1878 3008 2123 3062 utantur,
2187 3008 2307 3052 tan-

734 3107 898 3161 quam
927 3092 1211 3158 subjectis,
1240 3106 1348 3144 non
1373 3092 1544 3146 multo
1567 3101 1692 3148 ante
1731 3091 1945 3147 fuerant
1993 3106 2182 3145 eorum
2214 3091 2311 3144 do-

2394 620 2548 690 παρὰ
2581 620 2673 672 σοῦ
2708 619 3132 690 προτεινόμενα,
3169 617 3416 688 βασιλεῦ,
3445 618 3497 671 εἰ
3516 635 3575 671 τε
3621 614 3815 685 ἀγαθὰ
3845 609 3976 679 εἷεν,

2394 714 2504 766 εῐτε
2539 715 2635 765 καὶ
2662 713 2932 782 δυσχερῆ,
2966 711 3063 766 καὶ
3094 712 3256 764 αὐτὸν
3287 713 3560 779 ἐπάγοντα
3581 708 3978 771 θάνατον,ὲπί-

2395 821 2496 874 σης
2531 808 2666 875 ἡμῖν
2698 807 2918 859 ἅπαντα
2949 804 3237 876 παροπτέα
3264 803 3352 857 διὰ
3395 801 3631 874 Χριστὸν
3679 801 3779 853 καὶ
3816 816 3980 868 φρον-

2393 897 2539 961 τίδος
2574 897 2838 967 οὐδεμιᾶς
2872 897 3020 962 ἄξια.

2467 1077 2550 1129 Η’.
2579 1075 2798 1129 Τούτων
2829 1077 3103 1146 εὐκαίρως
3129 1077 3271 1130 οὐτω
3301 1079 3393 1130 καὶ
3419 1075 3590 1146 ἡδέως
3616 1075 3734 1135 τοῖς
3772 1072 3981 1142 μάρτυ-

2398 1185 2481 1223 σιν
2536 1169 3048 1240 ὐπαγορευθέντων,
3099 1171 3127 1221 ὁ
3175 1170 3514 1240 Μαξιμιανδς
3579 1155 3824 1220 ἐκινεῖτο
3883 1165 3980 1231 μιν

2396 1264 2502 1317 ὐπὸ
2543 1264 2637 1316 τοῦ
2690 1263 2887 1331 θυμοῦ,
2937 1265 3031 1330 καὶ
3081 1264 3296 1332 πικρῶς
3337 1263 3576 1324 αἱκίζέιν
3607 1261 3736 1322 τοὺς
3790 1258 3981 1326 ἁγίους

2395 1354 2658 1423 ἠϐούλετο
2688 1369 2701 1384 ·
2744 1353 2906 1407 ὤκνει
2944 1355 3000 1407 δὲ
3044 1355 3210 1408 πάλιν
3240 1353 3338 1407 καὶ
3381 1352 3712 1406 ἀνεϐάλλετο
3746 1351 3851 1416 τὴν
3895 1350 3983 1412 $7-

2397 1448 2671 1518 χείρησιν,
2721 1447 2780 1499 τὸ
2816 1448 3122 1516 περιφανὲς
3179 1447 3360 1501 αὐτῶν
3416 1444 3846 1511 εὐλαϐούμενος,
3891 1441 3982 1491 καὶ

2396 1546 2494 1595 οὐκ
2549 1540 2752 1593 ἐθέλων
2799 1539 3010 1608 ἀνδρῶν
3062 1540 3322 1592 τοιούτων
3390 1539 3698 1607 ὑποστῆναι
3749 1533 3977 1601 ζημίαν.

2411 1628 2630 1684 Ἐδεδίει
2663 1634 2772 1700 γὰρ
2814 1631 2887 1700 μὴ
2921 1631 3016 1684 καὶ
3055 1630 3468 1700 τιμωρηθέντες
3527 1631 3625 1695 τὴν
3667 1626 3848 1696 ἀρχὴν
3888 1627 3980 1677 καὶ

2401 1727 2928 1796 παρῤησιασάμενοι
2957 1724 3201 1777 εὐσεϐῶν
3231 1726 3288 1777 ὲν
3320 1725 3470 1793 μέσῳ
3504 1723 3740 1783 πολλῶν,
3770 1718 3892 1773 εἷτα
3926 1719 3984 1770 τὸ

2401 1819 2671 1888 παράπαν
2708 1817 3040 1887 ἁμετάθετοι
3069 1817 3446 1885 διαμείνωσιν.
3479 1816 3706 1882 ’Δμέλει
3744 1816 3841 1866 καὶ
3864 1814 3982 1865 'Av-

2402 1908 2568 1977 τιόχῳ
2595 1906 2672 1976 τῷ
2702 1908 2801 1976 τῆς
2839 1905 3129 1976 Ἀνατολῆς
3149 1907 3302 1959 δουκὶ
3340 1907 3745 1976 παραπέμπειν
3783 1905 3982 1965 αὐτοὺς

2403 2000 2566 2068 ἔγνω,
2605 1999 2680 2061 ὡς
2713 1998 2778 2052 ἂν
2805 1998 3077 2068 ὠμοτάτῳ
3111 1999 3326 2050 πάντων
3361 1999 3466 2050 τῶν
3507 1997 3606 2050 ὐπ’
3634 1995 3808 2050 αὐτοῦ
3849 1996 3984 2054 δντι,

2405 2097 2499 2147 καὶ
2527 2094 2633 2146 ἀπὸ
2655 2091 2815 2162 ψιλοῦ
2842 2093 2986 2162 τάχα
3012 2091 3106 2144 καὶ
3147 2084 3241 2143 τοῦ
3267 2092 3555 2159 ὀνόματος,
3603 2088 3986 2155 καταπλήξειν

2406 2188 2605 2250 αὐτοὺς
2634 2187 2920 2254 δυναμένῳ
2949 2202 2962 2214 ο
3002 2185 3098 2238 καὶ
3131 2185 3213 2236 ὅτι
3245 2183 3332 2236 διὰ
3370 2181 3616 2251 μείζονος
3648 2183 3823 2251 τιμῆς
3868 2182 3982 2249 ἐφε-

2408 2294 2492 2331 σιν
2518 2279 2621 2348 τὴν
2647 2275 2996 2346 Μαξιμιανοῦ
3032 2275 3342 2346 θεραπείαν
3383 2277 3592 2337 ἐκεῖνος
3640 2274 3985 2336 σπουδαζων,

2406 2371 2662 2437 οὐδεμιᾶς
2708 2368 2972 2435 ἀφέξεται
3037 2369 3309 2438 μηχανῆς,
3348 2369 3494 2430 ὅπως
3532 2368 3698 2429 αὐτὸς
3754 2366 3852 2436 ’ἑλῃ
3901 2367 3986 2418 καὶ

2410 2461 2780 2527 μεταπείσειε.
2805 2458 2949 2528 Πρὸς
2968 2457 3202 2522 τούτοις,
3219 2458 3305 2511 ἵνα
3326 2459 3470 2528 καὶὴ
3503 2459 3692 2528 μακρὰ
3713 2458 3988 2524 ἐδοιπορῖσ

2409 2555 2503 2606 καὶ
2543 2553 2736 2620 ἄτιμος
2789 2549 2887 2619 τῆς
2925 2550 3238 2614 ,ἐνστάσεως
3289 2551 3472 2610 αὐτοῖς
3529 2549 3858 2615 ὑποχαλάσῃ
3898 2548 3988 2614 τὴπΙ

2410 2639 2678 2703 εὐτονίαν,
2701 2638 2818 2701 ,καὶ
2859 2637 3043 2708 ἠρέμα
3081 2641 3400 2709 μεταστήσῃ
3434 2641 3532 2706 τῆς
3555 2637 3866 2699 εὐσεϐείας,
3901 2636 3989 2688 καὶ

2414 2732 2650 2802 μάλιστα
2710 2733 2792 2784 ὃτι
2853 2731 2951 2784 καὶ
2988 2731 3092 2782 ὐπὸ
3118 2734 3272 2799 χεῖρα
3335 2731 3601 2800 πρότερον
3636 2730 3826 2792 αὐτοῖς
3873 2725 3989 2798 ἦνέ

2424 2825 2694 2893 Ἀντίοχος
2721 2840 2733 2854 ·
2844 2825 2938 2876 καὶ
2970 2823 3319 2892 παραστῆναί
3349 2840 3408 2874 τε
3447 2826 3539 2875 καί
3569 2822 3660 2889 ὐφ’
3712 2818 3774 2876 οὗ
3804 2821 3989 2891 κριθή-

2415 2917 2604 2970 σεσθαι
2638 2915 2885 2984 ἔμελλον.
2929 2917 2994 2967 '0
3034 2915 3098 2984 δὴ
3129 2917 3223 2966 καὶ
3261 2914 3420 2966 πλέον
3450 2915 3548 2983 τῆς
3599 2914 3710 2966 τῶν
3745 2909 3804 2965 εὖ
3838 2930 3988 2980 γεγο-

2413 3010 2579 3062 νότων
2607 3009 2784 3079 ψυχῆς
2817 3008 3069 3073 ἅπτεται,
3111 3008 3172 3061 τὸ
3202 3009 3330 3070 τοὺς
3359 3012 3624 3077 πρότερον
3644 3007 3991 3076 ἀρχομένους

2414 3101 2604 3171 ἄρχειν
2641 3119 2698 3153 τε
2727 3101 2907 3152 αὐτῶν
2937 3101 3166 3169 ὕστερον
3199 3101 3293 3152 καὶ
3315 3101 3574 3170 ὑπηκόοις
3608 3099 3851 3169 χρῆσθαι
3886 3101 3991 3161 τοῖς

735 3183 870 3237 mini
903 3193 961 3237 et
1000 3184 1396 3238 benefactores.
1446 3185 1788 3238 Consecutus
1840 3198 2074 3252 namque
2135 3181 2310 3237 fuerat

2417 3195 2473 3246 οὐ
2515 3194 2618 3262 πρὸ
2660 3192 2858 3246 πολλοῦ
2893 3193 3182 3254 δεσπόταις
3220 3191 3399 3244 αὐτῶν
3423 3192 3516 3243 καὶ
3543 3193 3871 3259 εὐεργέταις
3903 3207 3994 3258 γε·

735 3273 883 3327 hunc
907 3274 1138 3328 ducatus
1175 3277 1548 3343 magistratum
1582 3274 1885 3329 Antiochus
1929 3275 2100 3344 ipsius
2137 3275 2310 3334 ειήωὶ-

735 3367 923 3419 rabilis
955 3366 1132 3437 Sergii
1173 3368 1593 3423 intercessione.
1635 3367 1738 3423 Sed
1774 3383 1961 3424 revera
1991 3368 2125 3422 nihil
2160 3367 2312 3422 vide-

735 3467 830 3511 tur
874 3468 981 3512 tam
1030 3458 1188 3514 facile
1231 3475 1593 3525 marcescere,
1650 3471 1813 3531 atque
1863 3461 2191 3515 beneficium
2260 3459 2312 3513 in

738 3552 926 3607 animo
964 3553 1174 3624 ingrato
1198 3553 1524 3623 plantatum.
1555 3553 1605 3607 Is
1632 3554 1778 3607 enim
1806 3570 1913 3605 non
1939 3554 2114 3607 solum
2146 3567 2314 3622 appa-

742 3647 856 3701 ruit
875 3647 1092 3701 ininime
1116 3662 1241 3702 esse
1265 3646 1582 3700 recordatus
1610 3643 1883 3706 beneficii,
1923 3653 1982 3698 ut
2017 3645 2317 3712 procedens

745 3740 997 3794 ostendet
1056 3741 1262 3806 oratio;
1323 3741 1418 3792 sed
1473 3737 1698 3807 perinde
1740 3752 1803 3790 ac
1845 3737 1913 3790 ab
1965 3736 2071 3790 illis
2103 3751 2314 3790 summa

742 3828 974 3883 all‘ectus
999 3829 1220 3898 injuria,
1254 3843 1348 3882 eos
1381 3828 1650 3889 tractavit,
1682 3836 1737 3880 et
1775 3826 1854 3880 eis
1896 3829 2077 3896 gravia
2120 3828 2311 3880 intulit

744 3919 1031 3989 supplicia.
1108 3921 1285 3990 Atque
1339 3919 1698 3974 mittebantur
1775 3918 1993 3989 quidem
2057 3919 2123 3974 ad
2193 3935 2317 3973 eum

746 4017 944 4076 sancti,
980 4015 1148 4068 vincti
1178 4014 1324 4083 gravi
1355 4023 1566 4069 catena.
1598 4014 1677 4065 Ad
1717 4027 1843 4065 cum
1895 4022 2077 4066 autem
2117 4015 2318 4083 scripta

746 4090 863 4166 erat
903 4109 1065 4162 etiam
1094 4109 1324 4178 epistola
1358 4109 1424 4161 ab
1454 4108 1800 4176 imperatore,
1844 4121 1964 4175 qua:
2021 4107 2101 4160 sic
2149 4107 2317 4161 babe-

747 4200 842 4254 bat
879 4197 1152 4253 :Deorum
1185 4198 1418 4251 maxima
1462 4195 1799 4266 providentia
1855 4210 2046 4250 omnes
2100 4197 2320 4264 quidem

748 4288 1028 4348 homines,
1071 4287 1302 4340 maxime
1352 4297 1531 4341 autem
1575 4286 1678 4339 mei
1721 4285 1930 4355 imperii
1971 4285 2228 4341 satellites
2263 4295 2323 4342 et

748 4379 1060 4450 stipatores,
1096 4378 1149 4432 in
1183 4377 1302 4433 illos
1350 4393 1469 4432 esse
1508 4378 1646 4447 pios,
1695 4386 1747 4429 et
1797 4377 1860 4431 iis
1915 4393 2128 4443 rursus,
2187 4394 2324 4449 quos

750 4472 1039 4542 illidignos
1068 4480 1404 4525 censuerunt
1430 4469 1681 4539 imperio,
1714 4468 1828 4521 vult
1858 4468 2106 4534 obedire,
2167 4480 2221 4524 et
2266 4472 2323 4524 in

2416 3289 2757 3356 γενημένοις.
2803 3286 3098 3356 Ἐτύγχανε
3134 3289 3242 3355 γὰρ
3271 3287 3368 3357 τὴν
3395 3287 3649 3353 τοιαύτην
3682 3285 3776 3336 τού
3811 3284 3993 3346 δουκδς

2415 3379 2588 3450 ἀρχὴν
2620 3380 2648 3431 ὁ
2692 3379 2963 3448 Ἀντίοχος
2991 3379 3242 3449 μεσιτείᾳ
3266 3379 3529 3448 πρότερον
3553 3377 3650 3429 τοῦ
3679 3373 3994 3445 θαυμαστού

2417 3471 2643 3541 Σεργίου
2702 3470 3078 3540 παρειληφώς.
3146 3469 3289 3521 Ἀλλ’
3345 3469 3521 3521 ἔοικεν
3573 3468 3796 3538 ἀληθῶς
3851 3467 3995 3518 οὐδὲν

2417 3564 2590 3626 οὕτως
2627 3562 2972 3632 εὐμάραντον
3035 3556 3199 3620 εἶναι,
3251 3559 3326 3620 ὡς
3383 3558 3703 3627 ἀνθρωπίνη
3761 3558 3997 3626 χάρις

2419 3657 2694 3726 ἀχαρίστῳ
2723 3655 2868 3723 ψυχῇ
2912 3650 3260 3720 φυτευθεῖσα.
3286 3644 3454 3712 Οὗτος
3489 3653 3597 3718 γὰρ
3624 3649 3782 3700 οὐδὲν
3818 3651 3998 3714 ἀπομ-

2421 3748 2760 3818 νημονεύσας
2803 3747 2965 3816 μόνον
2997 3746 3180 3807 αὐτοῖς
3201 3747 3303 3816 ⁴τῆς
3334 3743 3655 3812 εὐεργεσίας
3698 3743 3900 3809 ὲςάνη,
3927 3739 3998 3803 ὡς

2421 3842 2488 3894 τὰ
2524 3840 2616 3892 τοῦ
2652 3840 2812 3906 λόγου
2841 3839 3101 3907 προῑόντα
3151 3836 3402 3904 δηλώσει,
3458 3835 3906 3904 ἀλλακαθάπερ
3938 3835 4000 3885 τὰ

2421 3933 2625 4003 ἔσχατα
2660 3930 2753 3984 ὐπ’
2779 3929 3004 3982 ἐκείνων
3037 3929 3337 3998 ἀδικηθεὶς,
3385 3925 3560 3987 οὕτως
3615 3925 3809 3986 αὐτοῖς
3844 3925 4002 3992 ἐχρή-

2423 4044 2586 4080 σατο·
2621 4025 2715 4078 καὶ⁷
2740 4022 2881 4076 οὕτω
2922 4020 3161 4093 χαλεπὰς
3192 4023 3434 4100 ὲπῄγαγε
3461 4018 3760 4088 τιμωρίας.
3808 4017 4004 4084 Ἐπέμ-

2423 4135 2585 4170 ποντο
2623 4119 2721 4187 μὲν
2760 4112 2852 4169 οὖν
2889 4118 2939 4168 οἱ
2973 4117 3118 4183 ἅγιοι
3160 4112 3294 4184 πρὸς
3335 4112 3516 4173 αὐτὸν,
3565 4111 3759 4183 ἁλύσει
3815 4109 4002 4180 βαρείᾳ

2422 4210 2718 4277 δεδεμένοι.
2806 4207 3236 4277 Ἐγέγραπτοηδὲ
3259 4203 3408 4273 αὐτῷ
3435 4203 3526 4255 καί
3559 4201 3828 4268 ἐπιστολὴ
3863 4201 4002 4266 παρὰ

2426 4298 2689 4370 βασιλέως
2751 4297 2948 4367 ἔχουσα
3001 4296 3172 4358 οὕτως
3217 4290 3347 4348 ’””Η
3402 4296 3510 4349 τῶν
3583 4293 3725 4345 θεῶν
3777 4292 4005 4361 μεγίστη

2426 4393 2675 4458 πρόνοια.
2719 4392 2812 4443 καὶ
2870 4388 3080 4449 πάντας
3133 4387 3234 4456 μὲν
3293 4386 3637 4461 ανθρώπους,
3681 4386 3927 4453 μάλιστα
3959 4384 4007 4436 δὲ

2425 4481 2552 4541 τοὺς
2581 4483 2677 4549 τῆς
2712 4483 2850 4549 ἐμῆς
2896 4479 3174 4548 βασιλείας
3226 4476 3575 4539 ὑπασπιστάς
3616 4492 3676 4528 τε
3727 4477 3829 4529 καὶ
3859 4475 4008 4545 δορυο

749 4580 845 4620 eos
879 4579 997 4618 esse
1026 4573 1179 4633 grato
1211 4563 1412 4617 animo.
1444 4562 1733 4630 PrOpterea
1768 4561 1912 4616 hunc
1963 4561 2211 4630 Sergium
2266 4572 2310 4617 ef

2429 4578 2649 4641 φόρους,
2695 4571 2941 4628 εὐσεϐεῖς
2980 4587 3040 4623 τε
3088 4571 3154 4622 τὰ
3186 4572 3263 4631 είς
3320 4572 3564 4632 ἐκείνους
3619 4568 3716 4620 καὶ
3762 4572 3879 4629 τοῖς
3923 4565 4007 4618 ὑπ’

749 4657 1046 4715 Bacchum,
1078 4655 1168 4724 qui
1197 4655 1249 4707 in
1276 4657 1408 4709 deos
1462 4654 1682 4723 quidem
1722 4667 2088 4725 apparuerunt
2147 4655 2320 4724 impii,

750 4758 806 4806 et
837 4763 896 4803 se
915 4747 1352 4803 Christianorum
1404 4745 1718 4812 adjunxisse
1759 4745 2024 4814 religioni,
2084 4737 2340 4801 convicti.

752 4854 882 4897 sunt
918 4851 1098 4895 autem
1151 4838 1394 4894 criminis
1425 4838 1616 4908 ingrati
1652 4841 1706 4891 in
1737 4852 1822 4891 me
1859 4837 2046 4901 animi,
2101 4849 2155 4890 et
2211 4841 2322 4907 jam

753 4946 944 4991 nostro
983 4933 1265 4996 tribunali,
1306 4941 1362 4986 et
1399 4942 1583 4986 nostra
1648 4929 2052 4985 examinatione
2098 4930 2324 4998 judicati

753 5037 882 5082 sunt
918 5027 1142 5094 indigni,
1183 5026 1283 5079 sub
1325 5023 1588 5077 tutissima
1621 5022 1864 5074 custodia
1907 5032 1960 5075 et
2004 5021 2237 5072 vinculis
2258 5021 2324 5074 ad

755 5131 902 5175 tuam
944 5119 1341 5172 transmisimus
1369 5115 1752 5171 constantiam.
1799 5113 1852 5165 Si
1886 5129 2014 5183 ergo
2048 5114 2323 5182 paeniten-

757 5211 832 5266 tia
891 5209 1040 5264 ducti
1097 5208 1200 5262 diis
1252 5207 1725 5268 sacriﬁcaverint,
1796 5204 2076 5258 solvantur
2123 5206 2190 5258 ab
2246 5205 2326 5258 eis

757 5302 1031 5373 impositis
1071 5301 1325 5357 vinculis.
1360 5309 1411 5352 et
1440 5299 1588 5368 digni
1620 5307 1950 5354 censeantur
2004 5297 2211 5351 honore
2274 5307 2329 5353 et

756 5395 1163 5452 benevolentia.
1198 5392 1615 5447 Revocabuutur
1641 5392 1784 5444 enim
1821 5404 2009 5443 rursns
2044 5404 2073 5441 a
2142 5401 2329 5444 nostra

758 5489 1000 5560 potentia
1029 5530 1041 5549 ,
1077 5486 1446 5554 recipientque
1479 5483 1686 5552 priores
1732 5483 2004 5546 honores,
2041 5490 2132 5533 aut
2165 5483 2329 5535 etiam

759 5583 1016 5648 majOres,
1050 5587 1320 5646 eruntque
1351 5577 1605 5646 deinceps
1661 5575 1715 5629 in
1751 5574 1870 5628 loco
1909 5587 1962 5627 ct
2004 5574 2198 5627 ordine
2251 5573 2332 5627 eis

763 5672 1136 5729 convenienti.
1172 5670 1267 5725 Sin
1299 5678 1481 5722 autem
1519 5667 1871 5722 immobiliter
1891 5665 2056 5733 priori
2094 5666 2334 5719 haereant

764 5769 1075 5829 sententiae,
1112 5764 1285 5833 legum
1323 5761 1549 5829 subjecti
1583 5763 1694 5815 sint
1718 5758 2047 5820 austeritati,
2107 5756 2334 5829 ipsaque

767 5860 1005 5919 essentia
1026 5869 1079 5915 et
1113 5857 1222 5914 vita
1252 5869 1380 5911 ense
1405 5853 1687 5927 priventur
1710 5868 1831 5910 cum
1857 5850 1993 5907 aliis.
2037 5847 2189 5905 Vale.

2428 4665 2654 4719 ἐκείνων
2687 4665 2848 4718 πάλιν
2877 4665 3070 4734 ἄρχειν
3103 4661 3452 4732 ἠξιωμένοις,
3499 4663 3630 4728 ἡμῖν
3690 4659 4006 4729 πειθηνίους

2427 4754 2568 4811 εἶναι
2603 4759 2874 4826 βούλεται,
2910 4759 3003 4809 καὶ
3029 4755 3399 4824 εὐγνώμονας,
3433 4750 3531 4805 Διά
3582 4752 3762 4805 ταῦτά
3808 4771 3891 4805 τοι
3928 4755 4011 4804 καὶ

2428 4851 2650 4921 Σέργιον
2679 4850 2868 4904 τοῦτον
2900 4853 2992 4902 καὶ
3017 4850 3104 4901 τὸν
3127 4849 3222 4898 σὺν
3246 4847 3395 4914 αὐτῷ
3421 4846 3631 4915 Βάκχον
3660 4846 3890 4909 ἀσεϐεῖς
3922 4848 4012 4910 μὲν

2429 4945 2495 4996 τὰ
2530 4945 2656 5012 περὶ
2687 4945 2815 5000 τοὺς
2870 4943 3025 5003 θεοὺς
3073 4939 3468 5005 ἀναφανέντας,
3517 4941 3608 4992 καὶ
3642 4943 3709 5009 τῇ
3739 4941 3854 4992 τῶν
3888 4941 4011 5009 Χρι-

2434 5037 2668 5089 στιανῶν
2701 5036 3106 5105 προσθεμένους
3144 5034 3434 5103 θρησκεία,
3470 5038 3599 5102 περὶ
3639 5034 3795 5100 ἡμᾶς
3831 5033 3890 5084 δὲ
3925 5036 4013 5098 ἀγ-

2432 5129 2680 5197 νώμονας
2706 5145 2763 5180 τε
2790 5130 2884 5179 καὶ
2915 5129 3244 5198 ἀχαρίστους
3281 5126 3702 5194 ἐληλεγμένους,
3740 5127 3840 5177 καὶ
3873 5125 4011 5191 παρὰ

2433 5220 2592 5272 τοῦτο
2651 5221 2872 5281 πολλαῖς
2924 5221 3214 5289 τιμωρίαις
3249 5218 3621 5288 ὑποϐληθῆναι
3673 5220 4008 5283 ὀφείλοντας,

2436 5313 2686 5378 ἀναξίους
2719 5313 2818 5384 ἤδη
2861 5313 2955 5364 τοῦ
2992 5313 3264 5382 ἡμετέρου
3312 5313 3550 5382 βήματος
3595 5312 3692 5362 καὶ
3744 5311 3843 5378 τῆς,
3893 5309 4012 5380 παρ’

2439 5407 2597 5477 ἡμῶν
2641 5406 2821 5460 αὐτῶν
2858 5405 3157 5471 ἐξετάσεως
3196 5405 3569 5473 νομισθέντας,
3607 5400 3714 5452 ὑπο
3770 5404 4010 5471 ἀσφαλεο

2441 5499 2608 5568 στάτη
2665 5500 2878 5569 φρουρᾷ
2908 5501 3001 5550 καὶ
3026 5498 3242 5565 δεσμοῖς
3275 5500 3338 5567 τῇ
3376 5499 3443 5565 σῇ
3478 5496 3806 5564 στερρότητι
3845 5511 4009 5564 παρεο

2440 5592 2755 5663 πέμψαμεν.
2799 5593 2859 5644 El
2888 5595 2988 5662 μὲν
3014 5590 3104 5643 οὐν
3141 5588 3612 5660 μεταμεληθέντες
3655 5587 3886 5641 θύσειαν
3912 5592 4010 5647 τοῖς

2442 5687 2747 5747 θεοῖς,,τῶν
2778 5685 2994 5751 δεσμῶν
3031 5701 3088 5736 τε
3111 5684 3220 5735 τῶν
3253 5676 3615 5747 ἐπικειμένων
3640 5679 3829 5740 αὐτοῖς
3864 5679 4012 5743 λυθή-

2441 5788 2645 5841 τωσαν,
2681 5777 2776 5830 καὶ
2817 5777 2984 5846 τιμῆς
3034 5774 3423 5840 ἀξιωθῄτωσαν
3459 5769 3662 5838 μᾶλλον
3714 5769 3817 5819 καὶ
3876 5768 4013 5831 sip:-

2447 5868 2631 5936 νείαςο
2690 5868 3160 5940 ἁνακληθήσονται
3219 5863 3327 5944 γὰρ
3377 5856 3534 5922 αὖθις
3583 5859 3679 5914 καὶ
3740 5857 3893 5922 παρὰ
3929 5853 4011 5908 τοῦ
