4148 6492
195 433 331 502 1017
1122 441 1591 508 MARTYRIUM
1632 448 1736 511 SS.
1787 452 2050 513 SERGlI
2098 454 2192 516 ET
2229 458 2526 521 BACCHI.
3316 463 3462 529 1018

183 556 458 658 ημιτέρου
491 558 767 658 κράτους-ο
796 555 901 658 οιαὶ
928 558 1034 658 τάς
1065 577 1125 612 τε
1153 565 1428 658 προτέρας
1467 566 1840 638 ἀπολήψονται
1866 571 2026 641 τιμάς
2053 573 2082 643 ἢ
2113 575 2204 630 καὶ
2244 577 2486 647 μείζους,
2509 580 2604 633 καὶ
2627 580 2684 635 ὲν
2712 581 2862 648 τάξει
2889 584 2956 655 τῇ
2994 584 3352 658 προσηκούσῃ
3399 585 3462 640 τδ

183 653 370 753 λοιπον
421 651 634 753 ἔσονται
791 653 849 707 δὲ
889 653 1440 753 τῆς-προλαὸοὑσης
1493 663 1847 732 ἀμεταθέτως
1874 667 2085 737 ἔχονται
2139 673 2367 744 γνώμης
2405 677 2471 745 τῇ
2529 676 2901 749 αὐστηρότητι
2931 651 3053 733 τῶν.
3091 651 3274 753 νόμων
3325 651 3461 735 iitro-

189 737 500 840 quﬁv—tec,
522 742 770 840 xui-abeo
793 745 932 840 μετὰ
960 745 1070 840 τῶν
1093 745 1273 800 ἄλλων
1299 750 1360 802 τὸ
1391 746 1534 804 εἶναι
1569 755 1663 806 καὶ
1696 756 1756 807 τδ
1779 755 1878 826 ζῇν
1920 760 2005 813 διὰ
2046 737 2232 831 ξίφους
2259 737 2751 838 ’ἀραιρεθήτωσαπλ
2787 737 3060 840 ’ὲρῤωσο.

265 834 340 886 θ’.
371 835 451 886 Τά
478 834 698 889 τοιαῦτα
728 838 1030 908 γράμματα
1049 837 1313 906 λασόντες
1339 845 1388 894 οἱ
1416 847 1740 915 στρατιῶται

1945 853 2034 909 IX.
2077 857 2210 923 Cum
2249 861 2347 914 bas
2376 862 2579 917 litteras
2623 871 2675 918 et
2727 874 2945 918 sanctos
3005 865 3150 920 viros
3202 867 3447 934 accepis-

185 918 305 976 εἷτα
341 925 434 976 καὶ
489 927 614 988 τοὺς
672 928 856 994 ἁγίους
905 931 1331 998 παραλσὸόντες
1379 934 1506 986 ὁδοῦ
1543 936 1740 1006 εἴχοντο

1881 958 2000 1003 sent
2041 947 2257 1012 milites.
2289 954 2425 1007 viam
2459 966 2588 1009 sunt
2615 956 2866 1027 ingressi.
2899 955 3131 1020 Quidam
3168 967 3348 1011 autem
3386 975 3454 1013 ex

184 1016 306 1069 Τῶν
336 1017 562 1070 οἰκετῶν
597 1019 651 1071 δέ
685 1037 846 1086 τινες,
877 1022 953 1089 τῷ
981 1040 1041 1074 τε
1070 1026 1255 1094 ὁμοίῳ
1295 1028 1428 1095 περὶ
1465 1029 1570 1097 τὴν
1615 1032 1783 1096 εὐσέ-¹

183 1107 340 1159 6ειαν
388 1108 536 1178 ζήλῳ
586 1111 677 1162 καὶ
709 1111 772 1180 δὴ
802 1114 894 1164 καὶ
921 1113 1058 1182 πρὸς
1093 1114 1227 1177 τοὺς
1257 1117 1544 1179 »δεσπότας
1589 1097 1783 1192 εὐνοίᾳ.

179 1200 557 1268 νενικημένοι.
623 1203 938 1256 συνείποντο
980 1206 1075 1257 καὶ
1136 1207 1325 1267 αὐτοὶ,
1393 1209 1652 1278 καθάπερ
1707 1215 1767 1266 οὐ

182 1290 332 1360 μόνῳ
355 1292 422 1344 τὰ
455 1292 679 1361 σώματα
702 1293 1057 1348 δεδουλῶσθαι
1093 1299 1285 1365 μόνον,
1321 1300 1462 1353 ἀλλὰ
1487 1305 1578 1354 καὶ
1620 1304 1767 1371 πόθῳ

175 1385 276 1447 τὰς
310 1384 486 1454 ψυχάς
540 1385 871 1455 βουλόμενοι.
936 1389 999 1442 Οἳ
1036 1393 1130 1443 καὶ
1182 1393 1294 1444 τῶν
1336 1392 1512 1460 ἁγίων
1567 1397 1766 1465 ἢκουον

179 1477 319 1544 πρὸς
372 1476 630 1545 ἀλλήλους
687 1479 890 1545 μεταξῦ
935 1483 1477 1555 κοινο).ογουμ.ιξνων⁶
1526 1485 1603 1549 ὡς
1658 1488 1764 1556 ἄρα

175 1569 274 1633 τῆς
304 1567 496 1628 νυκτὸς
533 1568 656 1621 καθ’
689 1571 754 1640 ἧν
782 1572 890 1636 τῆς·
913 1573 1121 1637 πόλεως
1166 1574 1463 1644 Ῥωμαίων
1508 1577 1760 1647 ἐξῄεσαν,

179 1657 433 1729 θειοτέρα
477 1678 557 1723 τις
588 1662 708 1732 ὄψις
762 1666 1111 1734 ἐπιφανεῖσα,
1149 1668 1376 1739 θαρρεῖν
1416 1671 1602 1732 αὐτοῖς
1642 1672 1764 1724 ἐκέ-

173 1751 300 1804 λευε
324 1753 414 1805 τὸν
444 1754 653 1821 ἀγῶνα,
688 1755 781 1808 καὶ
821 1759 1238 1828 προθυμότερον
1285 1761 1381 1829 τῆς
1413 1762 1585 1831 καλῆς
1615 1764 1764 1814 ὲκεί-

173 1863 274 1913 νης
312 1845 400 1899 διὰ
429 1847 664 1916 Χριστὸν
700 1849 920 1917 ἔχεσθαι
976 1854 1228 1920 πορείας.
1283 1852 1375 1904 Διὸ
1409 1855 1503 1904 καὶ
1557 1854 1664 1905 ὑπὸ
1693 1857 1758 1924 τῇ

170 1937 363 1990 ἁλύσει
406 1943 470 2008 τῇ
504 1939 697 2010 σιδηρᾷ
727 1941 1002 2009 βαίνοντες
1030 1945 1227 1996 ἐκεῖνοι
1262 1945 1356 1995 καὶ
1387 1947 1499 2006 τοῖς
1517 1944 1758 2013 δεσμοῖς,

169 2024 396 2093 ἀλύπως
428 2031 545 2100 μεθ’
573 2032 762 2101 ἡδονῆς
784 2033 1010 2102 ἔψαλλον
1030 2051 1041 2063 ’
1082 2035 1172 2087 Ἐν
1203 2039 1268 2105 τῇ
1301 2035 1401 2105 ὸδῷ
1425 2037 1534 2088 τῶν
1555 2054 1761 2106 μαρτυ-

172 2119 306 2188 ρίων
339 2139 432 2174 σου
462 2125 823 2194 ὲτέρφυημεν,
856 2125 1049 2196 Κύριε,
1078 2126 1153 2189 ὼς
1189 2129 1281 2180 ἐπὶ
1321 2129 1486 2181 παντὶ
1516 2128 1756 2195 πλούτῳ.

1879 1041 2118 1104 famulis,
2152 1055 2205 1096 et
2229 1044 2385 1098 simili
2419 1047 2536 1099 zelo
2567 1048 2620 1101 in
2657 1049 2940 1116 pietatem,
2990 1057 3044 1102 et
3088 1049 3138 1101 in
3198 1049 3449 1103 dominos

1877 1134 2005 1188 victi
2041 1135 2554 1203 benevolentia,eos
2597 1155 2816 1207 quoque
2868 1150 2996 1194 sunt
3039 1140 3236 1202 secuti,
3293 1144 3448 1208 quasi

1876 1241 1983 1278 non
2017 1241 2242 1295 corpora
2286 1229 2456 1281 solum
2482 1229 2604 1300 legi,
2637 1231 2730 1284 sed
2757 1231 2920 1284 etiam
2949 1232 3159 1286 animas
3201 1234 3445 1287 volentes

1875 1314 1988 1370 Deo
2018 1319 2242 1372 servire.
2285 1318 2388 1384 Qui
2419 1321 2580 1374 etiam
2611 1322 2900 1375 audierunt
2937 1332 3155 1376 sanctos
3194 1325 3333 1376 inter
3383 1337 3441 1377 se

1872 1408 2265 1475 colloquentes,
2302 1421 2354 1463 et
2385 1412 2651 1474 dicentes,
2696 1413 2838 1476 quod
2863 1421 3044 1476 nocte,
3080 1428 3183 1480 qua
3240 1409 3446 1482 egressi

1826 1511 1831 1517 ‘
1873 1509 1996 1553 sunt
2030 1515 2060 1552 e
2093 1502 2316 1555 civitate
2350 1501 2741 1563 Romanorum.
2769 1504 2950 1557 divina
2981 1507 3224 1572 qua-dam
3277 1517 3445 1570 appa-

1870 1607 1994 1646 rens
2020 1593 2154 1646 visio
2181 1593 2345 1661 jussit
2375 1611 2467 1649 eos
2490 1597 2788 1662 confidere,
2815 1605 2867 1650 et
2902 1597 3044 1651 bono
3078 1610 3198 1650 esse
3257 1596 3442 1650 animo

1870 1683 1936 1737 ad
1993 1679 2290 1749 certamen,
2353 1695 2410 1740 et
2464 1687 2719 1741 alacriter
2793 1689 3002 1759 ingredi
3071 1688 3276 1742 bonum
3341 1687 3442 1741 iter

1870 1789 2096 1849 propter
2145 1781 2443 1835 Christum.
2480 1783 2844 1847 Quamobrem
2888 1785 2986 1836 etsi
3041 1795 3224 1836 essent
3266 1783 3440 1836 ferrea

1869 1872 1953 1926 illa
1978 1874 2146 1927 vincti
2170 1883 2382 1938 catena,
2413 1876 2546 1928 citra
2579 1876 2881 1929 molestiam
2917 1885 2968 1928 et
3005 1889 3125 1928 cum
3162 1875 3440 1942 voluptate

1867 1963 2166 2031 psallebant
2197 1981 2209 2018 :
2243 1963 2298 2017 In
2328 1965 2409 2016 via
2446 1965 2883 2018 testimOnioruni
2919 1975 3136 2018 tuorum
3188 1963 3441 2018 delectati

1866 2071 2072 2117 sumus.
2110 2057 2360 2117 Domine,
2396 2067 2650 2126 tanquam
2687 2055 2753 2110 in'
2783 2059 3040 2111 omnibus
3096 2056 3325 2110 divitiis.
3381 2057 3440 2110 ln

1863 2146 2346 2214 justiﬁcationibus
2374 2150 2478 2201 tuis
2505 2148 2751 2202 meditati
2788 2164 2999 2211 sumus,
3058 2157 3113 2200 et
3150 2148 3282 2216 legis
3336 2158 3443 2201 tua:

182 2205 272 2262 Ἐν
317 2214 428 2273 τοῖς
458 2212 788 2282 δικαιώμασί
823 2231 918 2267 σου
951 2217 1321 2285 μελετήσομεν
1353 2218 1446 2269 καὶ
1472 2216 1566 2270 τοῦ
1599 2217 1740 2285 νόμοι

1867 2253 1975 2291 non
2001 2253 2189 2292 sumus
2206 2240 2376 2292 obliti.
2409 2240 2466 2292 In
2499 2241 2773 2295 mandatis
2798 2242 2902 2294 tuis
2941 2238 3354 2299 meditabimur,
3387 2249 3442 2292 et

165 2317 264 2354 σου
308 2304 410 2356 οὐκ
444 2305 940 2373 ἐπιλησθησόμεθα.
983 2308 1070 2359 Ἐν
1095 2312 1216 2370 ταῖς
1242 2309 1480 2372 ἐντολαῖς
1509 2327 1602 2362 σου
1633 2311 1754 2363 ἀδο-

169 2390 528 2463 λεσχήσομεν,
559 2397 651 2447 καὶ
683 2397 1059 2465 ἐκζητήσομεν
1109 2400 1210 2460 τὰς
1240 2400 1392 2463 ὁδούς
1427 2417 1543 2452 σου.
1584 2401 1752 2469 Z1136-

167 2480 310 2550 μεθα
342 2485 436 2532 καὶ
469 2483 774 2552 φυλάξομεν
803 2487 927 2548 τοὺς
957 2487 1150 2554 λόγους
1175 2506 1290 2542 σου.
1322 2491 1505 2542 Πάσαν
1536 2490 1630 2542 οὖν
1652 2492 1750 2560 τὴν

160 2574 284 2627 ὁδὸν
313 2575 530 2644 ἐκείνην
559 2578 772 2640 ἀπόνως
800 2578 1118 2644 ἀνύσαντες,
1169 2579 1226 2632 ἔν
1275 2598 1380 2633 τινι
1411 2579 1747 2650 Βαρσαλησὼ

161 2665 318 2720 πόλει
376 2671 475 2737 τῆς
535 2670 894 2739 Λιμητανέων
953 2672 1118 2740 ἐγγυς
1183 2672 1538 2741 κατάγονται.
1578 2673 1747 2726 Ἔνθα

157 2757 492 2829 διατρίϐοντι
508 2762 582 2830 τῷ
606 2762 758 2814 δουκὶ
778 2765 1128 2833 παρέστησαν
1167 2767 1444 2836 Ἀντιόχῳ,
1468 2767 1748 2836 χαρίεντες

166 2850 271 2918 μὲν
315 2853 408 2903 καὶ
440 2854 658 2922 φαιδροὶ
690 2855 788 2924 τὴν
825 2857 970 2923 ww,
1012 2857 1111 2924 τὴν
1141 2859 1196 2909 δὲ
1227 2859 1325 2927 τῆς
1370 2858 1550 2928 ψυχῆς
1583 2860 1746 2927 εὑγὲο

157 2960 311 2995 νειαν
342 2943 420 3012 τῷ
450 2943 542 2996 τοῦ
575 2946 736 3015 ήθους
770 2943 826 2999 εὗ
856 2948 1001 3014 μάλα
1030 2949 1424 3013 διαδεικνύντες
1456 2952 1747 3022 ἐλευθερίῳ

169 3035 394 3102 Ἀμέλει
427 3041 517 3089 καὶ
549 3040 594 3090 οξ
627 3039 733 3091 τῶν
747 3039 1130 3108 περιεστώτων
1160 3043 1430 3111 ὀφθαλμοὶ
1469 3043 1569 3111 τῆς
1606 3044 1748 3097 ἐκεί-

154 3145 265 3178 νων
285 3127 408 3189 θέας
435 3129 570 3193 ὅλως
588 3133 882 3202 ἐξήρτηντο
904 3151 916 3162 ·
938 3133 1030 3186 καὶ
1044 3134 1166 3187 οὐδὲ
1189 3135 1385 3205 ῥᾳδίως
1435 3137 1531 3187 ἀπ’
1563 3137 1745 3188 αὐτῶν

156 3218 490 3285 ἀφίστασθαι
513 3221 720 3289 ἤθελον,
763 3223 878 3276 ἀλλ’
929 3225 1161 3288 ἐκτενῶς
1190 3229 1267 3289 είς
1301 3226 1497 3289 αὐτοὺς
1533 3226 1740 3298 ἐώρων,

152 3312 253 3360 καί
283 3311 509 3376 γλυκεῖά
537 3329 619 3374 τις
651 3308 790 3382 ἦσαν
821 3315 1032 3384 θεάτρῳ
1061 3319 1387 3388 πανήγυρις.

233 3400 291 3451 l'.
323 3400 678 3470 Θεασάμενος
703 3407 881 3457 τοίνυν
921 3408 1118 3470 αὐτοὺς
1148 3409 1295 3472 ὃπως
1323 3405 1467 3479 εἶχον
1514 3412 1542 3464 ὁ
1590 3411 1738 3478 δοῦξ,

151 3491 278 3547 εἶτα
310 3497 405 3548 καὶ
430 3497 496 3548 τὰ
522 3496 782 3566 βασιλέως
810 3504 1078 3570 ἀναγνοὺς
1107 3505 1434 3576 γράμματα.
1459 3511 1585 3579 σιγῇ
1615 3509 1738 3562 καθ’

152 3586 354 3638 ἑαυτὸν
392 3587 752 3658 ἁπεθαύμαζε
779 3604 793 3619 ⁶
836 3592 931 3645 καὶ
966 3594 1128 3648 πάλιν
1161 3595 1360 3660 αὐτοὺς
1409 3599 1743 3654 ὲπανεθεᾶτο
1772 3570 1815 3627 C

154 3678 304 3745 μέγα
336 3695 390 3730 τι
419 3680 512 3731 καὶ
556 3683 746 3736 καινὸν
783 3680 923 3737 εἶναι
978 3688 1243 3756 οίόμενος,
1287 3690 1433 3753 ὅπως
1469 3693 1547 3752 είς
1583 3692 1742 3744 τοῦτο

149 3773 625 3839 γενναιότητός·τε
645 3776 738 3825 καὶ
762 3774 964 3845 τόλμης
988 3772 1173 3847 ἦλθον,
1206 3780 1279 3842 ὡς
1328 3784 1420 3833 καὶ
1461 3781 1740 3835 κολάσεων

151 3866 254 3918 καὶ
284 3864 526 3917 ἀπειλῶν
568 3866 659 3917 καὶ
683 3865 840 3935 δόξης
872 3869 964 3920 καὶ
1013 3869 1177 3922 αὑτοῦ
1221 3870 1284 3940 δὴ
1320 3877 1736 3944 καταφρονῆσαι

145 3955 246 4008 τοῦ
297 3954 563 4021 βασιλέως
597 3957 690 4009 καὶ
728 3960 858 4028 περὶ
907 3960 1195 4030 ἐλαχίστου
1229 3964 1536 4017 Θέσθαιτὸν
1570 3965 1736 4019 θάνα-

146 4064 267 4099 τον.
300 4047 405 4099 Τὸν
434 4049 529 4117 τῆς
580 4051 786 4117 τάξεως
836 4055 893 4105 δὲ
923 4055 1069 4121 ὅμως
1112 4060 1547 4128 κομενταρήσιον
1581 4061 1734 4112 καλέο

147 4154 274 4202 σας,
310 4142 449 4206 Τοὺς
489 4145 744 4213 δεσμίους
781 4146 1024 4210 τούτους,
1058 4145 1184 4217 ἔφη,
1221 4151 1581 4220 παραλαόὼν,
1618 4152 1728 4204 ὑπδ

148 4236 371 4305 φρουρᾷ
408 4242 507 4302 μὲν
537 4238 696 4306 τήρει
741 4253 832 4305 μοι
860 4241 924 4308 τῇ
956 4241 1342 4312 ἀσφαλεστάτη
1365 4257 1377 4270 ο
1421 4243 1559 4313 πλὴν
1605 4245 1728 4311 μηδ’

143 4323 330 4398 ὁτιοῦν
366 4325 672 4396 zumpqu
719 4327 1018 4399 ἀϐούλητον
1080 4333 1487 4403 ὑπομένοντας·
1526 4337 1729 4407 ὂψομαι

142 4415 256 4483 γὰρ
287 4419 382 4469 καὶ
423 4418 503 4480 είς
545 4419 808 4491 δευτέραν
844 4424 1052 4486 αὐτοὺς
1107 4425 1376 4488 ἐξέτασιν.
1415 4421 1576 4482 Οὗτοι
1625 4424 1739 4500 μὲν

141 4505 262 4571 οὖν,
299 4511 445 4562 κατὰ
480 4510 540 4561 τὸ
567 4510 758 4576 δουκὸς
775 4516 1109 4589 πρόσταγμα
1139 4519 1194 4569 ὲν
1219 4517 1298 4585 τῷ
1321 4521 1556 4589 ἀσφαλεῖ
1581 4525 1728 4576 xist-

141 4597 368 4662 σθέντες
425 4599 523 4667 τῆς
556 4602 804 4670 φυλακῆς
848 4605 1088 4675 ἑσπέρας
1156 4609 1589 4682 καταλαϐούσης,
1645 4615 1726 4677 εἰς

142 4691 463 4761 προσευχὴν
523 4691 748 4756 ἑαυτοὺς
793 4697 1036 4763 ἀνῆκαν
1085 4699 1407 4770 Ἐπίϐλεψον
1436 4706 1520 4773 ἐφ’
1551 4707 1720 4776 ἡμᾶς,

139 4782 419 4850 λέγοντες,
458 4784 518 4851 ἐξ
553 4786 711 4852 ἁγίου
774 4804 889 4851 σου,
923 4791 1192 4856 Δέσποτα,
1240 4785 1664 4868 κατοικητηρίου
1698 4814 1714 4829 ⁶

1863 2331 2210 2400 exquiremus
2260 2331 2373 2384 vias
2411 2341 2552 2386 tuas.
2610 2332 2891 2392 Vivemus.
2954 2340 3008 2384 et
3065 2330 3439 2383 custodiemus

1863 2436 2146 2476 sermones
2208 2431 2350 2476 tuos.
2402 2422 2538 2478 Cum
2592 2440 2722 2493 ergo
2798 2434 2966 2477 totum
3003 2421 3131 2475 illud
3177 2421 3280 2473 iter
3302 2420 3438 2473 citra

1861 2514 2105 2568 laborem
2135 2515 2524 2573 confecissent.
2557 2518 2909 2570 diversantur
2939 2515 2991 2566 in
3016 2514 3248 2578 quadam
3298 2512 3433 2565 civi-

1860 2610 2008 2662 tate.
2047 2604 2265 2658 nomine
2296 2603 2608 2667 Barbaleso,
2646 2619 2813 2674 prope
2859 2603 3134 2670 regionem
3205 2597 3433 2650 Limita-

1849 2702 2107 2746 neorum.
2135 2693 2252 2760 Quo
2277 2697 2469 2750 inloco
2489 2713 2611 2750 cum
2643 2699 2749 2750 dux
2779 2705 3085 2749 versaretur
3104 2689 3429 2753 Αηιίιιιτιιυδς

1859 2796 1983 2840 ante
2011 2803 2131 2841 eum
2152 2796 2278 2841 sum
2298 2789 2570 2857 producti,
2597 2788 2700 2840 laeti
2727 2787 2945 2854 quidem
2973 2793 3026 2837 et
3053 2785 3202 2836 vultu
3239 2781 3430 2844 alacri,

1858 2882 2026 2935 animi
2079 2893 2260 2936 autem
2318 2881 2654 2936 nobilitatem
2706 2880 3430 2934 liberalibus-ostendentes

1857 2976 2121 3030 moribus.
2158 2977 2356 3030 Eorum
2391 2976 2597 3045 itaque,
2623 2975 2712 3044 qui
2742 2976 2890 3043 ipsos
2919 2972 3424 3031 circumsistebant,

1855 3065 1996 3121 ocnli
2025 3075 2179 3119 erant
2214 3081 2405 3119 omnes
2442 3068 2494 3118 in
2531 3083 2625 3120 eos
2665 3067 2899 3131 conjecti
2936 3082 2948 3118 :
3005 3075 3060 3118 et
3117 3078 3215 3117 nec
3264 3062 3427 3116 facile

1854 3156 2214 3222 desistebant,
2253 3162 2344 3213 sed
2374 3159 2528 3211 ﬁrmo
2557 3169 2610 3211 et
2642 3159 2853 3210 intento
2883 3163 3074 3209 obtutu
3133 3171 3228 3208 eos
3283 3154 3430 3222 aspi-

1852 3249 2098 3313 ciebant;
2136 3262 2398 3321 erantque
2445 3251 2546 3323 ipsi
2582 3250 2795 3304 theatro
2819 3248 3121 3320 jucundum
3154 3247 3425 3316 quoddam

1851 3341 2241 3409 spectaculum.

1920 3430 1987 3485 Χ.
2040 3432 2174 3487 Cum
2246 3447 2343 3487 eos
2398 3448 2528 3502 ergo
2587 3435 2811 3489 vidisset
2865 3434 2969 3486 dux
3024 3433 3300 3501 quomodo
3370 3448 3430 3488 se

1851 3523 2140 3588 haberent,
2184 3537 2238 3580 et
2267 3525 2464 3581 deinde
2503 3527 2665 3581 etiam
2695 3527 2913 3596 legisset
2943 3527 3152 3580 litteras
3187 3527 3424 3590 impera-

1850 3619 2002 3680 toris,
2030 3618 2228 3672 tacitus
2262 3621 2406 3687 apud
2440 3635 2498 3673 se
2537 3620 2925 3679 admirabatur,
2975 3628 3052 3672 et-
3084 3633 3179 3671 eos
3239 3630 3431 3673 rursus

1849 3709 2338 3776 contemplabatur.
2373 3726 2628 3778 magnum
2661 3711 2790 3778 quid
2821 3724 2941 3763 esse
2965 3720 3020 3763 et
3055 3724 3255 3762 novum
3280 3708 3428 3763 exis-

1846 3802 2069 3860 timans.
2101 3801 2245 3868 quod
2265 3800 2329 3854 ad
2365 3811 2566 3854 tantam
2636 3802 3036 3869 processissent
3086 3801 3252 3852 animi
3314 3815 3432 3852 ma-

1843 3892 2214 3964 gnitudinem,
2253 3903 2311 3945 ut
2341 3905 2391 3946 et
2418 3894 2705 3963 supplicia,
2731 3903 2786 3946 et
2824 3893 3019 3954 minas,
3071 3900 3127 3945 et
3171 3890 3421 3960 gloriam,

1840 3996 1894 4041 et
1947 3987 2124 4054 ipsum
2175 3986 2342 4039 etiam
2427 3985 2781 4053 despicerent
2828 3985 3247 4054 imperatorem,
3314 3985 3422 4038 imo

1840 4085 2068 4131 mortem
2095 4091 2313 4146 quoque
2342 4076 2552 4130 minimi
2590 4076 2855 4130 facerent.
2911 4077 3192 4129 Accersito
3237 4085 3420 4129 autem

1838 4167 2315 4222 commentariensi
2345 4185 2359 4220 :
2394 4168 2616 4236 Accipe.
2651 4168 2851 4236 inquit,
2879 4166 2979 4219 hos
3017 4168 3242 4226 vinctos.
3271 4177 3326 4221 et
3362 4167 3416 4219 in

1837 4257 2080 4312 custodia
2106 4259 2324 4327 quidem
2358 4245 2516 4312 serva
2543 4259 2814 4312 tutissima
2841 4301 2855 4323 ,
2884 4258 3019 4311 nihil
3046 4268 3226 4312 autem
3256 4273 3420 4329 grave

1834 4360 1928 4403 aut
1989 4351 2275 4404 molestum
2336 4351 2675 4405 sustinentes
2731 4367 2745 4403 :
2812 4365 2906 4403 eos
2972 4351 3118 4403 enim
3196 4366 3420 4404 reservo

1833 4443 2249 4498 examinationi.
2287 4443 2465 4514 Atque
2498 4443 2530 4495 ii
2563 4442 2787 4512 quidem
2822 4443 2980 4511 jussu
3009 4441 3166 4495 ducis
3197 4441 3253 4495 in
3297 4451 3414 4498 tuta

1833 4535 2027 4590 inclusi
2082 4535 2354 4600 custodia,
2415 4551 2538 4590 cum
2597 4537 2842 4590 venisset
2896 4550 3146 4605 vespera,
3201 4535 3411 4604 seipsos

1830 4628 2105 4681 dederunt
2140 4628 2374 4682 orationi
2405 4650 2417 4683 ι
2450 4628 2681 4699 Adspice
2717 4629 2785 4682 ad
2815 4643 2940 4691 nos,
2980 4628 3247 4690 dicentes,
3298 4625 3409 4680 Do-

1829 4721 1997 4782 mine,
2027 4734 2058 4773 e
2092 4730 2282 4774 sancto
2321 4731 2411 4773 tuo
2443 4721 2795 4774 habitacula:
2844 4721 3102 4790 queuiam
3154 4719 3412 4773 inimicus

1829 4825 1932 4864 nos
1957 4812 2172 4878 probris
2203 4811 2406 4872 aiIecit,
2461 4821 2515 4865 et
2575 4812 2806 4881 pupulus
2862 4812 3126 4881 insipiens
3183 4812 3415 4863 irritavit

142 4875 227 4928 ὅτι
259 4879 286 4928 ὁ
316 4878 512 4948 ἐχθρὸς
541 4878 823 4932 ὠνείδισεν
854 4884 1001 4952 ἡμᾶς
1053 4885 1142 4938 διὰ
1170 4888 1228 4938 τὸ
1275 4889 1366 4940 σὸν
1396 4889 1588 4960 ὄνομα,
1623 4890 1717 4944 καὶ

1846 4917 2031 4954 tomen
2069 4914 2323 4956 sanctum
2365 4911 2539 4960 tuum.
2602 4903 2667 4956 Et
2720 4919 2787 4955 ne
2851 4903 3032 4956 tradas
3101 4900 3416 4954 hominibus

135 4968 264 5031 λαὸς
304 4969 498 5036 ἄφρων
522 4973 804 5041 παρώξυνε
826 4980 886 5029 τὸ
926 4977 1100 5048 ὄνομά
1152 4999 1248 5033 σου
1284 4984 1348 5035 τὸ
1379 4986 1533 5052 ἅγιον
1566 5003 1580 5016 ·
1617 4988 1718 5038 καὶ

140 5061 216 5130 μὴ
251 5060 514 5131 παραδῷς
551 5063 860 5132 ἀνθρώποις
893 5067 1098 5138 θηρίων
1121 5073 1482 5144 ἀγριωτέρως
1539 5077 1716 5145 ψυχάς

136 5155 646 5224 ὲξομολογου’μένας
673 5173 756 5209 σοι
782 5173 796 5184 ·
838 5162 954 5214 ἀλλ’
977 5165 1379 5239 ἐπίϐλεψονεξς
1402 5169 1499 5238 τὴν
1523 5171 1714 5240 διαθή-

136 5267 241 5320 κην
275 5268 395 5314 σου,
425 5254 518 5306 καὶ
549 5255 837 5308 ἀντιλαὸοὖ
867 5257 1043 5326 ἡμῶν,
1082 5262 1275 5331 Κύριε,
1303 5263 1396 5315 καὶ
1432 5264 1712 5334 λύτρωσαι

134 5345 284 5412 ἡμεῖς
314 5347 505 5398 ἕνεκεν
535 5349 628 5398 τοῦ
658 5349 919 5429 ὀνόματός
965 5367 1061 5403 σου
1091 5367 1105 5382 '
1128 5355 1206 5405 ὅτι
1239 5356 1270 5422 ὴ
1323 5357 1710 5424 ὑπερήφανεια

133 5427 244 5490 τῶν
276 5439 589 5510 μισούντων
624 5459 704 5507 σε,
741 5427 967 5511 γέγονεν
995 5447 1079 5514 ἐφ’
1121 5449 1266 5514 ἡμᾶς
1318 5451 1542 5519 ισχυρά.
1603 5452 1712 5504 Καὶ

131 5535 230 5602 τῆς
253 5536 426 5604 εὐχῆς
468 5536 565 5605 ἤδη
600 5538 968 5611 τελεσθείσης,
1003 5541 1175 5610 βραχὺ
1212 5543 1344 5611 πρὸς
1396 5544 1563 5596 ὕπνον
1595 5543 1710 5596 δια·

132 5631 426 5697 τραπεῖσιν
473 5629 701 5697 ἄγγελος
755 5634 935 5695 αὐτοῖς
980 5637 1228 5698 ἐπιστάς,
1289 5635 1422 5704 ἡλίῳ
1488 5637 1584 5704 μὲν
1612 5636 1709 5706 τὴν

137 5721 355 5792 μορφὴν
391 5722 606 5788 ἐοικὼς,
647 5724 870 5794 φαιδρὸν
893 5726 945 5778 δὲ
979 5727 1072 5779 καὶ
1131 5727 1227 5796 τῆς
1265 5728 1491 5796 ἐσθῆτος
1541 5729 1709 5795 αὐτῆς

131 5816 487 5884 ἀπολάμπον.
535 5818 819 5890 Θαρσεῖτε,
874 5821 1008 5889 φησι
1049 5823 1183 5891 πρὸς
1243 5822 1455 5881 αὐτοὺς.
1525 5824 1571 5875 (οἱ
1608 5821 1699 5874 τοῦ

135 5908 378 5983 Χριστοῦ
408 5905 607 5977 δοῦλοι,
640 5914 731 5966 καὶ
765 5913 839 5981 μὴ
871 5915 1120 5980 φοϐεῖσθε
1147 5930 1157 5943 ·
1190 5913 1461 5984 sapae.th
1501 5915 1700 5984 μᾶλλον

1831 4993 1960 5048 feris
2003 4993 2420 5048 immanioribus
2465 4997 2674 5047 animus
2733 4993 2829 5047 tibi
2897 4993 3272 5048 conﬁtentes:
3317 4994 3414 5048 sed

1831 5088 2016 5156 aspice
2081 5090 2151 5143 ad
2202 5097 2592 5140 testamentum
2653 5097 2846 5150 tuum,
2900 5097 2956 5141 et
3014 5085 3232 5154 suscipe
3286 5099 3411 5150 nos,

1827 5175 2076 5238 Domine,
2138 5188 2191 5231 et
2261 5179 2465 5231 redime
2524 5193 2626 5232 nos
2685 5189 2908 5247 propter
2969 5191 3164 5230 nomen
3233 5185 3407 5231 tuum.

1827 5269 2094 5333 Quoniam
2125 5271 2382 5338 superbia
2420 5285 2632 5334 eorum,
2672 5271 2762 5339 qui
2797 5278 2847 5325 te
2907 5270 3168 5334 oderunt,
3222 5269 3275 5322 in
3307 5285 3408 5325 nos

1823 5363 2000 5414 erasit
2034 5362 2336 5414 vehemens
2366 5376 2429 5414 ac
2462 5367 2680 5430 potens.
2717 5361 2958 5415 Peractis
2990 5369 3174 5415 autem
3230 5363 3403 5431 precio

1817 5453 1938 5511 bus.
1985 5469 2111 5506 cum
2144 5457 2208 5507 ad
2229 5469 2478 5507 somnum
2510 5465 2695 5509 essent
2726 5453 3001 5517 conversi,
3027 5455 3107 5509 eis
3131 5471 3402 5524 apparens

1813 5549 2039 5615 angelus
2065 5586 2077 5608 ,
2112 5548 2206 5599 soli
2245 5547 2465 5615 quidem
2498 5549 2671 5604 {arma
2703 5552 2914 5615 similis,
2949 5560 3006 5605 et
3031 5566 3098 5606 ex
3131 5552 3246 5618 ipsa
3263 5568 3404 5620 quo-

1815 5657 1919 5709 que
1947 5649 2092 5691 veste
2125 5639 2305 5693 laatnin
2344 5644 2692 5712 splendorem
2741 5646 3000 5699 emittens
3037 5660 3054 5700 :
3107 5643 3398 5710 Conﬁdite,

1813 5736 1893 5786 eis
1913 5733 2072 5791 dixit,
2111 5735 2256 5786 servi
2295 5734 2525 5796 Christi,
2555 5749 2608 5791 et
2647 5738 2817 5793 nolite
2845 5739 3067 5802 timere;
3097 5737 3194 5792 sed
3251 5746 3395 5792 state

1816 5821 1956 5878 firmi
2007 5831 2060 5874 et
2121 5826 2343 5880 stabiles
2403 5827 2455 5880 in
2514 5826 2724 5882 Domini
2775 5829 2948 5884 nostri
3002 5827 3130 5882 Jesu
3185 5824 3389 5884 Christi

1810 5914 2168 5972 confessione.
2196 5917 2315 5988 Ipse
2336 5919 2577 5974 enitnest
2597 5919 3162 5986 \‘0bisoum,del‘ensor
3179 5923 3381 5974 vester.
3408 5930 3411 5933 '
