4148 6484
212 459 338 525 1021

1167 459 1626 522 MARTYRIUM
1666 462 1770 521 SS.
1807 459 2065 519 SERGII
2110 460 2205 519 ET
2246 460 2536 523 BACCHI.

3318 458 3451 523 1022

208 570 421 619 πείσειν
474 569 669 630 αὐτοὺς
711 568 1065 639 βουληθῆναι,
1115 572 1300 631 ὁποῖος
1345 570 1407 640 δὴ
1449 568 1760 636 Μαξιμιανδ

1890 567 2243 631 sententiam,
2309 576 2495 637 utpote
2579 564 2722 636 quod
2801 565 2867 621 ad
2921 565 3037 621 haec
3094 568 3450 638 excogitanda

205 660 503 730 τεχνᾶσθαι
548 660 721 713 ταῦτα
777 662 1081 731 βαρύτατος
1126 679 1186 714 τε
1225 663 1316 714 καὶ
1364 660 1777 723 ποικιλώτατος.

218 750 380 803 Ἀλλὰ
436 753 698 815 τοιούτοις
754 754 907 823 μὲνδ
969 755 1268 821 Ἀντίοχος,
1316 754 1510 825 ὥσπερ
1550 755 1783 820 ἔφημεν,

212 844 557 913 θελκτηρίοις
597 847 957 899 ὑποκλέπτειν
988 848 1055 899 τά
1100 846 1299 914 πρῶτα
1359 846 1542 913 λόγοις
1591 849 1783 909 αὐτοὺς

206 939 504 1006 ἑπειρᾶτος
541 936 666 990 Εἶτα
700 939 1002 1004 προσετίθει
1027 939 1083 990 τὸ
1113 940 1207 991 καὶ
1234 942 1346 1000 τοῖς
1381 940 1783 1008 φοϐερωτέροις

206 1030 298 1082 τοῦ
337 1030 540 1081 σκοποῦ
583 1032 957 1098 μετακινῆσαι,
987 1032 1079 1084 καὶ
1103 1033 1207 1100 τῆς
1244 1035 1545 1099 ὲργάσεως,
1583 1033 1639 1083 Εἰ
1673 1034 1780 1101 γάρ

208 1121 281 1187 μὴ
342 1122 650 1189 πεισθείητέ
708 1139 828 1191 μου,
885 1122 1079 1188 λέγων,
1167 1125 1297 1184 ταῖς

204 1213 423 1282 ἀνάγκη
472 1232 561 1283 μοι
616 1214 830 1276 πάντως
872 1215 1019 1267 ἔσται
1052 1216 1146 1267 καὶ
1198 1216 1268 1267 τὰ
1319 1216 1776 1282 προστεταγμένα

204 1310 380 1357 ποιεῖν
404 1322 416 1334 ’
469 1307 559 1357 καὶ
599 1306 673 1366 ὡς
700 1304 889 1372 ἑχθρῆν
923 1308 1119 1374 μᾶλλον
1143 1312 1207 1376 τῇ
1254 1307 1501 1377 ὑμετέρᾳ
1548 1308 1781 1376 προσφέ-

205 1394 394 1464 ρεσθαι
416 1396 883 1466 μεγαλοπρεπείᾳ.
903 1397 1008 1449 Καὶ
1030 1397 1195 1460 πολὺς
1218 1392 1285 1465 ἦν
1308 1398 1509 1466 ἐφεξῆς
1535 1402 1644 1459 τοῖς
1670 1398 1777 1449 τῶν

202 1485 575 1555 κολαστηρίων
607 1486 835 1554 ὀνόμασι
884 1490 972 1539 καὶ
1027 1491 1145 1552 ταῖς
1217 1488 1492 1551 ἀπειλαῖς.
1535 1490 1675 1541 Ἀλλ’
1726 1493 1773 1542 οἱ

199 1578 347 1643 ἅγιοι
382 1578 660 1647 μάρτυρες
708 1577 830 1631 οὔτε
886 1579 1151 1643 θωπείαις
1199 1580 1622 1651 μαλαττόμενοι,
1653 1580 1772 1634 οὔτε

198 1671 460 1733 ἀπει)αῖς
509 1672 953 1742 ταπεινούμενοι,
999 1674 1123 1735 Τοῖς
1171 1672 1265 1725 τὸν
1308 1674 1543 1742 Χριστὸν
1589 1674 1768 1742 μόνον,

196 1759 376 1825 εἶπον,
410 1756 454 1815 ὦ
478 1764 729 1829 δικαστά,
755 1767 845 1817 καὶ
880 1765 978 1832 τὴν
1006 1766 1138 1834 παρ’
1184 1765 1333 1834 αὐτῷ
1379 1767 1770 1835 κρυπτομένην

1365 1126 1778 1190 παραινέσεσιν,

196 1853 344 1923 ζωὴν
373 1856 627 1925 κερδάναι
654 1858 1060 1927 προελομένοις,
1082 1858 1301 1920 οὐδενὸς
1322 1858 1473 1925 μέλει
1495 1860 1601 1911 τῶν
1619 1860 1769 1929 ῥεόν-

193 1964 303 2000 τιυν
350 1951 556 2002 τούτων
608 1952 698 2003 καὶ
743 1951 1141 2020 φθειρομένων,
1172 1953 1233 2005 σὺ
1265 1952 1452 2021 τιμῆς,
1495 1953 1555 2005 οὐ
1588 1954 1765 2021 δόξης,

191 2041 251 2091 οὔ
304 2042 642 2109 δυναμένων.
683 2043 783 2095 Ἴδε
818 2046 947 2113 γὰρ,
992 2047 1176 2113 ἡμεῖς,
1226 2046 1319 2098 καὶ
1372 2048 1614 2099 ἀπειλῶν
1660 2047 1769 2100 τῶν

197 2133 351 2201 παρὰ
422 2134 515 2185 σοῦ
568 2135 659 2185 καὶ
694 2133 993 2187 κολαγειῶν
1046 2137 1247 2204 ἐπίσης
1294 2136 1765 2206 καταφρονοῦμεν,

192 2224 288 2275 καὶ
314 2224 528 2287 οὐδενὸς
552 2225 685 2287 ὅλως
711 2226 818 2278 τῶν
847 2230 1124 2297 ὑμετέρων
1148 2231 1526 2298 φροντίζομεν.
1552 2231 1767 2286 Παῦσαι

194 2320 499 2389 τοιγαροῦν
533 2321 744 2389 πονηρά
777 2322 917 2372 κατὰ
948 2322 1037 2372 τὸν
1079 2321 1204 2388 ὅφιν
1266 2324 1400 2391 ἡμῖν
1456 2325 1544 2376 καὶ
1601 2326 1768 2387 αὐτὸς

194 2409 607 2475 συμϐουλεύων.
653 2410 899 2477 Ὀρῶμεν
939 2414 1048 2482 γάρ
1084 2414 1189 2466 ὑπὸ
1225 2414 1293 2466 τά
1340 2416 1492 2486 χείλη
1550 2434 1642 2469 σου
1673 2416 1766 2469 τὸν

197 2500 299 2559 ἰὸν,
331 2501 426 2551 καὶ
473 2500 560 2553 διὰ
600 2500 759 2553 τοῦτο
787 2506 880 2557 καὶ
936 2504 1034 2573 τὴν
1068 2508 1383 2578 συμϐουλὴν
1419 2511 1492 2570 ὡς
1523 2510 1765 2578 χαλεπὴν

186 2586 358 2645 εὗσαν
390 2593 684 2663 ἐπιϐουλὴν
715 2598 1112 2666 ἐκτρεπόμεθα.
1152 2600 1241 2669 Μὴ
1298 2601 1476 2653 τοίνυν
1509 2602 1765 2666 ἐξαπατῶ

187 2685 282 2737 τὸν
321 2692 512 2755 καιρὸν
539 2689 615 2748 είς
647 2690 825 2758 μάτην
853 2692 1162 2744 ἀναλίσκων
1190 2694 1282 2745 καὶ
1330 2695 1501 2747 κενῶν
1532 2696 1763 2750 ἐλπίδων

187 2775 470 2841 ἔχομενος.
525 2777 663 2829 Οὔτε
706 2780 814 2847 γάρ
838 2781 1080 2845 κολάζων
1122 2785 1394 2854 αἱρήσεις,
1444 2784 1565 2838 οὒτε
1604 2790 1763 2839 ἀπει-

180 2864 292 2917 λῶν
332 2866 541 2928 πείσεις
591 2870 918 2922 καταλιπεῖν
957 2874 1047 2925 τὸν
1107 2875 1286 2938 ζῶντα
1348 2878 1500 2941 Θεὸν,
1541 2878 1758 2944 δαίμοσι

186 2958 244 3008 δι
298 2961 509 3024 κωφοῖς
561 2961 653 3012 καὶ
711 2964 1066 3032 ἀναισθήτοις
1111 2968 1303 3020 θυσίαν
1348 2974 1756 3039 προσενεγκεῖν.

195 3047 365 3117 Ἡμῖν
397 3051 509 3120 γάρ
544 3055 637 3105 καὶ
674 3055 733 3106 τὸ
770 3056 859 3108 διὰ
906 3058 1143 3127 Χριστὸν
1172 3061 1397 3126 ἀγαθὸν,
1452 3066 1542 3115 καὶ
1583 3064 1643 3116 τὸ
1691 3065 1760 3117 δι’

183 3141 353 3191 αὑτὸν
391 3145 555 3197 πάλιν
609 3147 899 3202 ἀποθανεῖν
928 3150 1135 3220 κέρδος.
1185 3153 1255 3205 Σὺ
1303 3152 1359 3205 δὲ
1406 3154 1520 3206 ἀλλ’
1563 3156 1662 3206 οὐκ
1692 3156 1759 3209 ἂν

179 3231 327 3301 ἔχοις
352 3252 403 3287 τι
432 3240 523 3290 καὶ
546 3240 706 3302 αὐτὸς
736 3244 978 3296 τοιοῦτον
1001 3250 1122 3310 περὶ
1158 3246 1266 3299 τῶν
1286 3249 1500 3301 ο“κείων
1523 3246 1756 3300 εἰδώλων
1787 3246 1828 3300 C

176 3324 381 3381 εἰπεῖν.
423 3328 661 3395 Ἀληθῶς
688 3333 795 3400 γάρ
814 3329 1073 3403 ἀργύριον
1096 3341 1201 3389 εἰσι
1234 3341 1325 3391 καὶ
1354 3343 1574 3409 χρυσῖον
1596 3341 1753 3411 ἔργα,

179 3419 389 3485 χειρῶν
422 3420 747 3489 ἀνθρώπων,
773 3426 927 3477 οὐδὲν
954 3429 1080 3491 τοὺς
1110 3432 1190 3492 εἰς
1237 3431 1376 3484 αὑτά
1426 3434 1756 3497 πεποιθότας

176 3511 392 3577 ὼνῆσαι
423 3512 721 3583 δυνάμενα.
760 3517 978 3585 ’Ὅμοιοι
1004 3522 1187 3585 αὐτοῖς
1212 3527 1453 3591 γένοιντο
1476 3527 1524 3577 οἱ
1556 3527 1758 3593 τιμῶν-

176 3615 271 3664 τες
304 3604 469 3666 αὐτὰ,
507 3606 599 3657 καὶ
630 3607 828 3670 πάντες
855 3611 902 3659 οἱ
943 3612 1263 3677 πεποιθότες
1293 3618 1379 3666 ἐπ’
1407 3617 1614 3680 αὐτοῖς.

249 3692 350 3747 ll".
387 3693 447 3745 '0
462 3696 785 3760 δοῆοτοίνυν
812 3702 1038 3755 τοιαῦτα
1057 3704 1304 3773 φανερῶς
1326 3707 1752 3775 φθεγξαμένους,

175 3788 274 3838 καὶ
305 3786 478 3847 οὕτως
510 3789 834 3859 ἐλευθερίως
869 3796 1094 3861 ἔχοντας
1128 3800 1260 3861 τοὺς
1294 3804 1575 3865 γενναίους
1609 3802 1752 3867 ἰδὼν,

174 3879 272 3927 καὶ
309 3878 470 3942 γνοὺς
506 3877 579 3940 ὼς
611 3881 709 3932 οὐκ
738 3883 801 3934 ἄν
832 3900 959 3935 ποτε
989 3886 1164 3952 λόγοις
1196 3889 1396 3953 αὐτοὺς
1423 3898 1751 3960 μεταπεῖσαι

171 3967 432 4039 δυνηθείη
468 3973 603 4041 πρὸς
635 3972 731 4043 τὴν
757 3974 844 4028 δια
879 3975 1129 4044 βασάνων
1168 3984 1364 4048 πεῖραν
1400 3984 1629 4055 ἐχώρειο
1663 3989 1753 4039 καὶ

171 4060 267 4112 τὸν
315 4064 418 4132 μὲν
475 4069 746 4136 μακάριον
800 4072 1029 4141 Σέργιον
1085 4074 1474 4149 ἀσφαλεστάτη
1540 4083 1755 4151 φρουρᾷ

153 4158 468 4237 παρεδίδου
529 4161 705 4230 τούτῳ
768 4165 931 4233 δῆθεν
991 4167 1362 4237 ἁμειὸόμενος
1437 4173 1600 4225 αὑτὸν
1654 4175 1753 4241 τῆς

170 4252 501 4329 εὐεργεσίας
534 4266 551 4283 ’
580 4255 670 4306 τὸν
711 4255 919 4325 Βάκχον
948 4259 1006 4312 δὲ
1053 4262 1142 4314 δια
1174 4267 1461 4334 τεσσάρων
1509 4269 1752 4335 ἰσχυρῶς

170 4343 496 4407 ἐκταθέντα,
530 4344 841 4417 βουνεύροις
866 4349 1032 4415 ὠμῶς
1060 4354 1281 4406 ἐκέλευε
1305 4354 1746 4419 καταξαίνεσοαι.

183 4435 329 4489 Ἀλλ’
362 4434 429 4507 ἦν
463 4438 591 4490 ἰδεῖν
626 4441 851 4509 γνώμην
881 4440 1064 4511 πολλῷ
1097 4447 1318 4510 φύσεως
1366 4454 1745 4521 ἰσχυροτέραν,

171 4532 265 4581 καὶ
301 4532 623 4599 προαίρεσιν
655 4534 976 4607 σωματικῆς
1008 4539 1194 4606 πάσης
1226 4539 1344 4606 βίας
1380 4543 1742 4612 ὑψηλοτέραν.

1890 657 2250 714 Μοιὶιηίαηηεο
2279 669 2424 713 esset
2464 656 2785 712 vaferrimas
2840 668 2893 713 et
2956 659 3447 729 ingeniosissimus.

1886 747 1992 804 Sed
2033 750 2119 804 his
2165 751 2383 817 quidem
2441 751 2651 805 blandis
2696 759 2751 805 et
2807 751 3211 820 pellicientibus
3268 751 3448 806 verbis

1882 844 2034 912 prius
2092 845 2391 897 conabatur
2438 858 2533 897 eos
2589 843 2791 897 illicere
2861 843 3183 897 Antiochus.
3241 843 3447 898 Deinde

1883 948 2113 992 conatus
2145 949 2226 992 est
2250 939 2409 991 etiam
2436 946 2645 992 terrore
2676 952 2771 991 eos
2799 953 2824 989 a
2860 953 3025 1006 scapo
3056 939 3337 993 traducere
3389 945 3446 990 et

1884 1031 2187 1080 constantia
2216 1044 2228 1080 :
2258 1028 2312 1080 Si
2345 1029 2488 1081 enim
2523 1028 2675 1090 meis,
2733 1029 2943 1089 dicens,
3005 1043 3110 1081 non
3152 1026 3443 1096 parueritis

1882 1122 2378 1184 adhortationibus,
2429 1122 2533 1174 erit
2562 1123 2691 1174 mihi
2736 1123 2961 1175 omnino
2992 1136 3215 1174 necesse
3267 1119 3442 1173 facere

1879 1229 1998 1281 qua:
2036 1222 2162 1265 sunt
2202 1213 2461 1279 imperata
2501 1228 2515 1264 :
2554 1222 2606 1265 et
2658 1228 2763 1273 me.
2818 1223 3072 1281 tanquam
3137 1213 3439 1273 inimicum,

1879 1320 2063 1374 gerere
2113 1307 2168 1356 in
2219 1316 2452 1357 vestram
2519 1304 2996 1371 magniﬁcentiam.
3048 1303 3111 1357 Et
3163 1314 3282 1372 post
3330 1305 3443 1357 haec

1881 1396 2084 1450 multus
2122 1394 2302 1448 fuitin
2334 1396 2719 1449 enumerandis
2772 1388 3105 1449 nominibus.
3137 1404 3443 1448 tormento-

1878 1501 2019 1547 rum,
2050 1496 2103 1539 et
2150 1488 2313 1540 minis
2361 1486 2712 1539 intentandis.
2770 1486 2873 1538 Sed
2924 1486 3093 1538 sancti
3156 1496 3440 1553 martyres,

1877 1592 2056 1645 neque
2085 1578 2364 1632 blanditiis
2388 1576 2642 1638 emolliti.
2682 1591 2860 1645 neque
2908 1578 3069 1631 minis
3095 1578 3290 1647 dejecti
3315 1596 3327 1629 :
3350 1577 3438 1641 Iis,

1877 1671 2266 1739 dixerunt,qui
2322 1671 2599 1725 Christum
2652 1670 2844 1731 solum,
2888 1685 2918 1723 ο
2961 1671 3139 1739 iudex.
3201 1679 3254 1723 et
3323 1683 3443 1736 qua:

1877 1762 2016 1831 apud
2043 1761 2219 1830 ipsum
2244 1762 2505 1815 abscnnsa
2536 1770 2639 1825 est,
2670 1767 2833 1813 vitam
2886 1760 3077 1813 lucrati
3126 1760 3436 1821 statuerint,

1876 1854 2010 1908 nihil
2048 1864 2129 1908 est
2158 1870 2301 1908 curae
2329 1869 2393 1909 ex
2447 1854 2511 1907 iis
2541 1868 2659 1922 quae
2685 1846 2857 1908 ﬂuunt
2884 1863 2938 1907 et
2963 1855 3271 1912 intererant,
3328 1867 3439 1904 non

1875 1948 2070 2014 honor,
2096 1963 2203 2001 non
2237 1947 2425 2016 gloria,
2464 1960 2572 1998 non
2612 1945 2871 2013 p0tentia,
2912 1960 3019 1997 non
3050 1943 3249 2012 aliquid
3289 1941 3437 1996 aliud

1874 2053 2081 2113 eorum,
2115 2054 2233 2107 qua:
2262 2049 2354 2091 aut
2382 2037 2691 2090 demulcere
2730 2044 2977 2104 possunt,
3043 2044 3136 2087 aut
3193 2032 3438 2086 molestia

1873 2131 2104 2186 afﬁcere.
2146 2129 2255 2183 Nos
2284 2129 2427 2184 enim
2455 2139 2505 2183 et
2550 2140 2668 2182 tuas
2715 2130 2909 2190 minas,
2947 2136 3002 2181 et
3038 2126 3327 2181 blanditias
3371 2140 3435 2178 ex

1871 2240 2025 2293 (equo
2064 2223 2486 2277 contemnimus.
2517 2220 2679 2275 Ccssa
2713 2236 2841 2289 ergo
2884 2230 2939 2272 tu
2994 2233 3229 2287 quoque,
3293 2216 3438 2269 sicut

1873 2330 2101 2386 serpens
2136 2315 2293 2370 nobis
2320 2314 2456 2369 mala
2487 2312 2795 2366 consulere.
2825 2311 3087 2364 Videmus
3106 2310 3250 2363 enim
3286 2308 3433 2360 virus

1872 2409 1972 2463 sub
2010 2408 2112 2461 tuis
2142 2407 2307 2459 labris
2339 2425 2351 2459 :
2386 2414 2438 2458 et
2464 2405 2599 2459 ideo.
2633 2404 2916 2457 consilium
2967 2412 3115 2455 tuum
3176 2411 3430 2468 tanquam

1872 2516 2062 2570 graves
2092 2498 2681 2553 aversamurinsidias.
2711 2496 2786 2550 Ne
2830 2511 2961 2564 ergo
3018 2492 3242 2551 fallaris,
3292 2502 3432 2543 tem-

1871 2610 1970 2663 pus
2012 2594 2213 2647 frustra
2249 2604 2596 2648 consumens.
2638 2598 2692 2641 et
2730 2603 2757 2640 a
2820 2600 2955 2638 vana
2998 2598 3092 2652 spe
3132 2582 3375 2650 pendens
3415 2595 3429 2631 :

1870 2702 2047 2754 neque
2075 2686 2221 2739 enim
2265 2686 2497 2753 puniens
2555 2679 2929 2750 expugnabis,
2992 2689 3169 2743 neque
3219 2674 3435 2726 minans

1872 2780 2242 2849 persuadebis,
2280 2788 2335 2830 ut
2370 2776 2640 2828 viventem
2668 2772 2883 2839 quidem
2936 2772 3102 2822 Deum
3161 2766 3436 2833 relinqua-

1870 2887 2012 2936 mus,
2040 2870 2376 2924 dtemonibus
2402 2876 2584 2920 autem
2614 2863 2796 2917 surdis
2815 2872 2867 2916 et
2891 2861 3039 2914 nullo
3087 2873 3251 2911 sensu
3304 2870 3435 2925 prte-

1868 2965 1995 3018 ditis
2027 2964 2330 3016 offeramus
2366 2958 2713 3013 sacriﬁcium.
2744 2955 2913 3009 Nobis
2942 2952 3086 3007 enim
3111 2960 3165 3003 et
3215 2958 3435 3018 protiter

1866 3054 2142 3110 Christum
2195 3054 2394 3113 vivere.
2447 3060 2531 3104 est
2576 3051 2827 3102 bonum:
2874 3056 2928 3099 et
2980 3040 3199 3112 propte‘r
3256 3042 3430 3108 ipsum

1866 3164 2058 3204 rursus
2091 3146 2249 3209 tnori,
2285 3146 2519 3199 lucrum.
2554 3142 2633 3195 Tu
2673 3150 2851 3193 autem
2881 3137 3016 3191 nihil
3050 3137 3154 3189 talo
3191 3133 3437 3201 potueris

1864 3241 2046 3294 dicere
2081 3240 2147 3292 de
2174 3238 2279 3291 tuis
2319 3235 2646 3289 simulacris.
2688 3230 2825 3285 Vere
2883 3230 3027 3282 enim
3094 3237 3219 3281 sunt
3259 3245 3275 3277 ι
3346 3240 3433 3276 ar-

1867 3341 2084 3405 gentum
2116 3338 2169 3382 et
2194 3344 2407 3388 aurum,
2438 3342 2604 3395 Opera
2632 3338 2886 3377 manuum
2914 3318 3286 3382 lmminum',»
3314 3330 3433 3383 qum

1866 3421 2002 3478 nihil
2046 3428 2275 3489 possunt
2296 3419 2550 3488 prodesse
2581 3417 2667 3478 iis,
2697 3416 2788 3483 qui
2818 3414 2869 3465 in
2898 3412 3027 3478 ipsis
3051 3424 3205 3462 suam
3262 3406 3432 3459 collo-

1865 3526 2061 3572 carunt
2083 3512 2356 3567 ﬁduciam.
2399 3508 2617 3564 Similes
2645 3521 2771 3576 ergo
2805 3506 2885 3559 eis
2916 3506 3046 3558 ﬁant
3079 3502 3137 3566 ii,
3160 3500 3253 3569 qui
3316 3498 3429 3567 ipsa

1865 3608 2068 3668 colunt,
2103 3616 2154 3659 et
2183 3621 2375 3658 omnes
2428 3604 2517 3672 qui
2550 3602 2830 3655 conﬁdunt
2862 3599 2914 3651 in
2945 3599 3048 3651 eis.

1937 3698 2072 3751 Xlll.
2110 3698 2243 3749 Cum
2266 3712 2391 3764 ergo
2409 3696 2516 3747 dux
2546 3694 2771 3745 vidisset
2814 3705 2908 3743 eos
2956 3698 3064 3741 tam
3122 3694 3311 3754 aperte
3350 3683 3430 3737 lo—

1864 3796 2324 3857 cutos,tantaqtte
2346 3801 2465 3841 esse
2532 3785 2790 3855 praeditos
2859 3782 3108 3835 libertate
3157 3788 3212 3832 et
3264 3776 3429 3830 animi

1864 3882 2271 3953 magnitudine;
2327 3888 2379 3933 et
2428 3878 2790 3931 intellexisset
2840 3874 2955 3929 ﬁeri
3013 3887 3121 3925 non
3170 3883 3329 3938 posse
3373 3875 3431 3920 ut

1861 3977 2046 4031 verbis
2078 3977 2157 4028 eis
2191 3972 2557 4041 persuaderet,
2590 3970 2854 4038 processit
2902 3966 2968 4018 ad
3012 3962 3310 4032 periculum
3334 3973 3431 4027 per

1863 4079 2132 4128 tormenta
2167 4067 2513 4123 faciendum:
2550 4075 2605 4118 et
2644 4045 2857 4117 beatum
2912 4058 3129 4126 quidem
3180 4054 3428 4123 Sergium

1861 4165 1915 4218 in
1975 4159 2299 4216 tutissimam
2361 4159 2581 4212 tradidit
2646 4153 2972 4216 custodiam,
3026 4163 3125 4220 pro
3202 4155 3431 4214 accepto

1859 4254 2131 4311 beneﬁcio
2161 4266 2286 4306 eum
2323 4251 2404 4304 sic
2429 4260 2791 4301 remunerans
2818 4264 2829 4297 :
2866 4244 3132 4297 Bacchum
3160 4250 3346 4293 autem
3398 4252 3428 4289 a

1858 4358 2094 4417 quatuor
2121 4344 2337 4400 fortiter
2361 4330 2675 4400 extenSum,
2698 4337 2865 4403 boum
2890 4336 3071 4390 nervis
3102 4333 3269 4403 jussit
3292 4329 3428 4385 czedi

1859 4440 2173 4498 crudeliter.
2206 4438 2310 4493 Sed
2348 4436 2550 4491 licebat
2590 4433 2773 4486 videre
2821 4443 3058 4483 mentem
3123 4429 3279 4495 longe
3324 4438 3429 4475 na-

1862 4548 1980 4593 tura
2012 4536 2319 4593 fortiorem,
2345 4540 2400 4584 et
2432 4524 2597 4581 animi
2628 4526 2935 4577 institutqu
2967 4522 3014 4571 vi
3065 4520 3256 4588 quavis
3305 4534 3431 4573 cor-

152 4623 333 4690 ‘Mépq
368 4622 467 4689 μὲν
517 4624 623 4691 γάρ
663 4624 754 4676 τοῦ
789 4630 1058 4695 παναγίου
1094 4633 1348 4700 σώματος
1388 4634 1598 4685 ἐκείνου
1632 4638 1749 4699 ταῖς

1867 4633 2006 4701 poris
2039 4628 2330 4684 excelsius.
2357 4624 2491 4678 Nam
2516 4616 2844 4673 sanctissimi
2877 4612 3093 4682 quidem
3126 4612 3269 4666 illius
3310 4627 3431 4666 cor-

173 4712 433 4778 μάστιξιν
485 4715 880 4784 ἀποσπώμενα,
940 4723 1073 4787 πρὸς
1130 4725 1298 4776 αὑτὸν
1345 4728 1496 4796 ’ἀέρα
1547 4726 1753 4797 διερὀ-

171 4806 445 4860 -ιττοῦντο⁸
499 4809 751 4877 αἱμάτων
787 4810 842 4862 δὲ
889 4813 1031 4864 κατὰ
1075 4818 1178 4883 γῆς
1223 4819 1484 4886 ἐφέροντο
1519 4821 1742 4889 ρύακες,

171 4901 268 4951 καὶ
299 4899 586 4972 σπλάγχνα
621 4901 720 4969 μὲν
758 4904 868 4957 τῶν
902 4908 1127 4973 σαρκῶν
1164 4911 1501 4978 ἐγυμνοῦντο
1531 4916 1628 4981 τὴν
1654 4913 1753 4980 τῆς

168 4993 386 5061 φύσεως
442 4993 610 5061 αὐτῆς
653 4996 943 5051 διάπλασιν
988 5005 1102 5065 τοῖς
1161 5004 1433 5071 παροῦσιν
1484 5006 1754 5058 ἀνακαλύ-

168 5103 397 5139 πτοντα.
434 5086 591 5156 Ψυχὴ
622 5087 676 5140 δὲ
714 5090 804 5141 καὶ
833 5090 971 5159 αὐτὴ
1025 5095 1323 5149 ἀπολιπεῖν
1365 5100 1459 5150 τὸν
1508 5098 1745 5166 ἀθλητὴν

166 5179 304 5237 ὅλως
334 5181 689 5252 ἐπειγομένη.
740 5182 887 5249 ὅμως
947 5184 1187 5255 ἐπέμενε
1224 5191 1315 5240 καὶ
1364 5188 1586 5253 πλείους
1634 5190 1753 5243 ἑπι-

166 5268 409 5341 ζητοῦσα
441 5273 712 5338 κολάσεις,
763 5276 848 5328 ἵνα
899 5276 1338 5350 φιλοτιμοτέρων
1379 5283 1596 5345 πάντως
1634 5285 1752 5335 ἑπι-

164 5366 302 5435 τὺχῃ
336 5366 427 5417 καὶ
447 5364 554 5417 τῶν
583 5367 867 5434 βραϐείων.
906 5368 1173 5442 Ἔχαιρον
1208 5372 1435 5439 ἄγγελοι
1463 5374 1557 5442 τὴν
1584 5375 1752 5443 ὑπερ-

168 5456 281 5522 φυᾶ
314 5456 409 5506 τοῦ
466 5457 742 5527 μάρτυρος
798 5463 1099 5529 καρτερίαν
1153 5463 1417 5530 ὁρῶντες.
1486 5466 1582 5516 Ἢν
1609 5464 1746 5517 ὦντο

164 5545 415 5613 δαίμονές
439 5564 497 5599 τε
534 5550 739 5602 ἑαυτῶν
787 5548 958 5621 ἧτταν
1000 5554 1107 5607 ὑπό
1134 5558 1259 5617 ταῖς
1312 5562 1540 5612 πάντων
1588 5556 1745 5624 ὂψεσι

165 5638 613 5709 θριαμϐεύοντες.
681 5644 1140 5713 Ἀπαγορεύοντες
1200 5650 1247 5700 oi
1294 5649 1485 5721 δήμιοι
1541 5654 1604 5719 τῇ
1675 5654 1743 5721 γῇ

164 5734 548 5787 κατεκλίνοντο
568 5751 583 5766 ⁸
620 5738 712 5788 καὶ
738 5741 763 5790 ι
794 5738 1020 5807 μάρτυς,
1049 5738 1216 5803 εἶπες
1253 5741 1319 5794 ἂν
1372 5742 1541 5799 αὑτὸν
1573 5744 1739 5808 ὅντως

231 5875 251 5904 ε
314 5870 454 5926 Psal.
507 5887 649 5937 (χιιι,
711 5875 765 5926 4.

1857 4724 2004 4792 poris
2032 4732 2217 4789 partes
2236 4718 2440 4772 avulsa:
2460 4711 2705 4782 ﬂagellis,
2733 4706 3144 4775 disji‘ciebantur
3167 4706 3218 4757 in
3251 4705 3428 4772 ipsum

1858 4829 2065 4874 aerem,
2102 4828 2201 4881 ρει·
2224 4821 2426 4862 terram
2466 4816 2643 4858 autem
2692 4800 3011 4854 ferebantur
3056 4797 3152 4849 rivi
3208 4796 3430 4867 sangui-

1855 4910 1975 4963 nis:
2002 4914 2055 4958 et
2075 4907 2284 4958 viscera
2319 4900 2539 4970 quidem
2572 4896 2913 4951 nudabantur
2948 4891 3222 4949 carnibus.
3256 4890 3426 4957 ipsius

1858 5009 2067 5054 naturas
2124 4993 2501 5050 formationem
2548 4985 2849 5057 aperientia
2900 4984 2967 5038 iis
3016 4984 3108 5051 qui
3161 4982 3424 5035 aderant:

1857 5093 2039 5145 anima
2090 5101 2300 5147 autem,
2342 5100 2462 5153 qute
2496 5082 2610 5148 ipsa
2647 5096 2863 5151 quoque
2894 5078 3153 5130 athletam
3203 5075 3427 5129 testina-

1853 5184 1945 5236 hat
1991 5180 2322 5248 relinquere,
2364 5175 2664 5228 sustinebat
2707 5178 2908 5231 tamen,
2943 5168 3105 5220 etiam
3155 5166 3304 5233 plura
3344 5181 3420 5218 re.

1847 5276 2074 5344 quireus
2108 5270 2396 5337 supplicia,
2443 5276 2500 5318 ut
2550 5264 2778 5318 omnino
2806 5262 3237 5319 munificentiam
3277 5274 3427 5313 asse-

1846 5378 2110 5437 queretur
2156 5363 2360 5416 bravia.
2411 5358 2757 5414 Lastabantur
2803 5355 3001 5422 angeli,
3051 5353 3295 5406 videntes
3328 5352 3425 5404 ad.

1850 5460 2151 5513 mirabilem
2194 5456 2448 5521 martyris
2473 5449 2854 5505 constantiam.
2887 5445 3283 5499 Cruciabantur
3319 5442 3427 5496 d22-

1850 5566 2063 5610 mones,
2122 5548 2264 5617 quod
2303 5557 2455 5615 parta
2502 5543 2568 5598 de
2599 5543 2680 5597 eis
2723 5540 2967 5599 victoria,
3019 5537 3073 5589 in
3121 5542 3420 5603 conspectu

1848 5645 2093 5697 omnium
2152 5638 2551 5711 quodammodo
2594 5636 2886 5691 duceretur
2948 5631 3001 5684 in
3058 5630 3418 5699 triumphant.

1849 5737 2096 5791 Lictores
2148 5734 2270 5788 fessi
2322 5719 3209 5795 humiaccumbebant.Martyrem
3237 5728 3417 5777 autem
