4148 6488
724 409 863 473 1023

2002 415 2281 475 MENSIS
2324 415 2681 478 OCTOBER.

3872 413 3997 473 1024

723 529 919 584 videns
976 527 1208 582 dixisses
1241 528 1452 584 cumita
1503 544 1623 584 esse
1666 529 1940 597 affectum,
1973 542 2033 587 ut
2060 547 2168 586 non
2199 543 2304 587 tam

2417 533 2534 586 ἰδὼν
2587 535 2927 604 διακείμενον
2983 534 3043 589 οὐ
3114 533 3329 603 μάστιξι
3391 533 3622 605 μᾶλλον,
3696 534 3730 602 ἦ
3780 533 3997 587 ἄνθεσιν

723 619 908 690 ﬂagris
933 635 1125 684 caesus,
1160 636 1322 689 quam
1358 624 1537 675 vernis
1557 621 1778 677 ﬂoribus
1804 639 2134 694 conspersus
2152 626 2302 680 vide-

725 721 892 766 retur.
915 713 1153 767 Tandem
1174 731 1270 782 per
1293 730 1451 768 voces
1474 716 1724 770 caelestes
1746 727 1966 771 vocatus
1985 728 2066 772 est
2086 718 2149 772 ad
2171 719 2300 772 bea-

725 815 835 856 tum
857 803 1268 872 locumquietis,
1295 805 1471 858 anima
1494 807 1737 874 deposita
1764 808 1816 860 in
1845 823 2037 861 manus
2054 808 2297 877 Opificis.

793 896 929 950 XIV.
987 896 1332 968 Martyricum
1375 908 1555 952 autem
1590 900 1733 954 illius
1783 917 1976 969 corpus
2031 918 2059 954 a
2113 901 2302 956 bestiis

719 989 941 1054 quidem
969 989 1340 1044 devorandum
1386 993 1642 1059 exposuit
1712 993 1799 1045 ille
1840 994 2002 1061 judex
2061 995 2298 1062 iniquus.

724 1081 1239 1150 lgnorabarautem,
1269 1084 1483 1151 qualem
1511 1100 1696 1138 curam
1746 1095 1896 1155 gerat
1934 1101 2144 1149 eorum,
2209 1087 2300 1155 qui

723 1174 1179 1245 ipsnmdiligunt.
1237 1177 1379 1231 illius
1441 1177 1621 1238 Deus.
1690 1179 1780 1246 qui
1831 1179 1991 1231 etiam
2060 1177 2300 1232 ferarum

725 1273 977 1318 naturam
1014 1268 1118 1320 scit
1147 1268 1431 1323 traducere
1457 1271 1523 1324 ad
1549 1270 2050 1332 mansuetudinem,
2102 1281 2156 1325 et
2207 1287 2303 1342 per

725 1355 844 1410 illas
877 1359 1054 1412 adhuc
1074 1365 1277 1429 majora
1312 1361 1490 1418 facere
1516 1365 1807 1425 miracula.
1837 1363 1988 1417 Ferae
2031 1365 2174 1416 enim
2215 1379 2303 1418 re-

723 1449 912 1502 verita:
949 1454 1273 1518 certamina,
1301 1470 1421 1522 qua
1451 1471 1547 1524 pro
1574 1456 1776 1524 pietate
1811 1458 1878 1508 ab
1900 1472 1964 1507 eo
1985 1465 2140 1508 erant
2179 1471 2302 1508 sus-

723 1552 904 1608 cepta,
932 1559 1038 1597 non
1073 1545 1247 1600 solum
1275 1547 1482 1599 nullum
1517 1563 1578 1601 ex
1603 1549 1722 1615 ejus
1747 1549 2007 1601 membris
2076 1547 2300 1600 omnino

724 1643 948 1703 tangere
979 1637 1393 1703 sustinuerunt;
1427 1638 1521 1693 sed
1559 1645 1746 1704 etiam,
1803 1641 1930 1693 dum
1996 1639 2061 1693 ad
2117 1640 2303 1708 sepul-

722 1741 876 1779 crum
907 1726 1141 1782 ferretur
1166 1747 1192 1781 a
1235 1729 1598 1788 Christianis.
1633 1747 1755 1785 eum
1775 1733 2150 1800 sequebantur
2177 1731 2303 1784 fun-

723 1829 917 1888 gentes
949 1837 1175 1876 munere
1208 1824 1524 1887 satellitum,
1561 1836 1614 1878 et
1652 1825 1744 1878 Dei
1783 1827 1966 1878 hostes
1995 1834 2184 1894 aperte
2215 1839 2305 1878 ar-

2413 627 2649 695 ἐαρινοῖς
2677 627 3063 695 καταχέασθαι.
3095 627 3240 689 Ἕως
3263 628 3356 679 ἐπὶ
3402 627 3492 679 τὸν
3520 629 3880 696 μακαριστὸν
3907 631 3997 697 τῆς

2411 719 2770 781 ἀναπαύσεως
2823 719 2889 773 δι’
2942 720 3266 788 ἐπουρανίου
3324 721 3507 790 φωνῆς
3539 723 3754 789 ἐκλήθη
3811 725 3996 785 τόπον,

2411 809 2532 869 ταῖς
2560 807 2652 860 τοῦ
2682 807 3016 879 δημιουργοῦ
3048 810 3204 879 χερσὶ
3233 810 3330 878 τὴν
3372 811 3548 878 ψυχὴν
3581 815 3994 882 παραθέμενος.

2483 900 2581 954 1Δ’,
2623 899 2694 950 Τὸ
2733 901 2916 968 μέντοι
2952 902 3290 968 μαρτυρικὸν
3325 903 3535 953 ἐκείνου
3588 904 3758 972 σῶμα
3801 906 3996 974 βρῶμα

2406 990 2512 1063 ’μὲν
2543 988 2735 1059 θηρσὶν
2765 992 2792 1042 6
2825 992 3142 1059 παράνομος
3192 992 3451 1060 δικαστὴς
3523 994 3721 1047 ἐτίθει.
3784 997 3996 1059 Ἠγνόει

2409 1080 2464 1134 δὲ
2501 1083 2718 1144 πάντως
2776 1082 2958 1145 ὁποῖος
3011 1078 3079 1152 ἦν
3145 1084 3401 1151 κήδεσθαι
3453 1085 3558 1136 τῶν
3609 1086 3926 1151 φιλούντων
3971 1091 3996 1140 6

2410 1175 2620 1228 ἐκείνου
2677 1176 2830 1239 Θεὸς,
2873 1176 2930 1238 ὂς
2986 1179 3079 1229 καὶ
3142 1176 3347 1247 θηρίων
3405 1174 3511 1230 οἶδε
3575 1179 3750 1244 φύσιν
3830 1199 3992 1247 μετα-

2411 1268 2623 1320 σάλλειν
2654 1270 2731 1331 είς
2765 1270 3099 1338 ἡμερότητα,
3136 1273 3230 1324 καὶ
3265 1270 3486 1340 μείζονα
3536 1271 3618 1323 ἔτι
3655 1273 3729 1323 δι’
3771 1274 3995 1323 ἐκείνων

2415 1356 2880 1429 θαυματουργεῖν.
2932 1360 3071 1422 Τοὺς
3116 1360 3225 1429 γάρ
3276 1361 3412 1429 ὑπὲρ
3450 1364 3550 1427 τῆς
3583 1361 3887 1422 εὐσεϐείας
3922 1366 3998 1413 αἰ-

2411 1450 2664 1518 δούμενοι
2711 1450 2805 1503 τοῦ
2865 1451 3058 1520 ἀνδρὸς
3116 1451 3312 1513 ἄθλους
3354 1454 3399 1503 οί
3462 1452 3654 1519 θῆρες,
3711 1454 3776 1503 οὐ
3843 1454 3996 1521 μόνον

2411 1545 2530 1598 οὐδὲ
2556 1544 2762 1613 ψαῦσαί
2788 1562 2932 1608 τινος
2965 1547 3074 1597 τῶν
3104 1545 3269 1598 αὐτοῦ
3303 1545 3476 1612 μελῶν
3501 1546 3993 1614 ὅλωςὴνέσχοντο,

2413 1639 2550 1692 ἀλλά
2592 1641 2686 1691 καὶ
2722 1639 2854 1708 πρὸς
2914 1637 3091 1706 ταφὴν
3145 1638 3249 1690 ὑπὸ
3301 1639 3649 1706 Χριστιανῶν
3705 1640 3995 1708 φερομένῳ

2413 1732 2766 1802 παρείποντο,
2813 1731 3131 1800 δορυφόρων
3183 1729 3336 1795 τάξιν
3381 1732 3867 1799 ἀποπληροῦντες.
3911 1734 3996 1783 καί

2412 1825 2514 1891 τὴν
2569 1825 2648 1893 τῷ
2701 1823 2989 1892 θεομάχων
3047 1825 3236 1878 ἄνοιαν
3291 1824 3544 1893 φανερῶς
3595 1824 3992 1894 διελέγχοντες.

726 1921 958 1979 guentes
989 1914 1262 1968 amentiae.
1296 1915 1388 1969 Sic
1410 1931 1537 1983 ergo
1561 1916 1799 1988 inclytus
1833 1917 2078 1972 Bacchus
2096 1932 2159 1970 ea
2181 1932 2302 1986 qua:

2417 1916 2568 1971 Οὖτω
2604 1921 2700 1987 μὲν
2731 1914 2822 1971 οὖν
2860 1919 2888 1969 6
2923 1917 3166 1986 ἀοίδιμος
3214 1918 3420 1986 Βάκχος
3471 1909 3544 1967 ὧν
3587 1915 3868 1984 ἐπεθύμει
3911 1935 3996 1969 τυ-

726 2003 981 2071 cupiebat
1016 2015 1321 2066 assecutus.
1349 2006 1412 2059 ad
1455 2007 1697 2062 etelestia
1730 2010 1943 2063 transiit
1977 2009 2303 2066 habitacula.

797 2094 912 2148 XV.
954 2095 1177 2165 Sergius
1206 2107 1384 2152 autem
1415 2100 1594 2154 socius
1628 2100 1750 2167 ejus
1796 2101 2016 2156 relictus
2045 2111 2097 2155 et
2139 2103 2307 2157 mole-

727 2190 832 2244 stia
856 2188 1260 2243 distrahebatur
1301 2201 1523 2260 propter
1556 2193 1975 2262 separationem,
2029 2203 2083 2248 et
2121 2211 2308 2251 rursus

729 2279 913 2333 laetitia
948 2291 1172 2350 propter
1196 2284 1686 2351 exspectationem.
1735 2283 1838 2340 Sed
1898 2303 2004 2340 non
2060 2288 2310 2357 despexit

728 2386 854 2424 cum
905 2387 1048 2442 mgre
1112 2374 1380 2429 ferentem
1459 2378 1861 2446 separationem
1938 2380 2112 2433 dulcis
2187 2381 2307 2448 ejus

730 2466 941 2519 amicus
968 2476 1021 2522 et
1053 2467 1368 2523 familiaris:
1400 2471 1492 2525 sed
1537 2471 1659 2525 laeto
1696 2471 1843 2525 vultu
1894 2471 2114 2526 divinus
2168 2471 2307 2527 Bac-

736 2558 896 2625 chus,
925 2570 977 2613 et
1003 2571 1267 2615 consueto
1296 2563 1484 2616 habitu
1507 2564 1720 2617 militari
1743 2575 1907 2619 noctu
1927 2566 1973 2620 ei
2007 2582 2300 2636 apparens,

729 2665 854 2703 cum
881 2651 1114 2706 amicum
1148 2655 1521 2717 convenisset,
1547 2663 1603 2708 et
1648 2671 1772 2709 eum
1814 2658 2153 2727 implevisset
2210 2677 2308 2715 au-

729 2741 902 2807 dacia,
940 2755 993 2798 et
1017 2748 1133 2815 ejus
1153 2747 1727 2814 discnssittristitiam,
1758 2752 2036 2821 animique
2092 2754 2311 2823 :egritu-

731 2835 942 2900 dinem,
988 2849 1041 2891 et
1068 2839 1360 2894 firmiorem
1387 2841 1778 2912 fortioremque
1804 2846 2035 2900 reddidit
2057 2847 2121 2900 ad
2177 2863 2309 2916 sup-

732 2928 915 2995 plicia.
967 2928 1060 2982 Die
1093 2943 1275 2985 autem
1342 2936 1591 3000 sequenti
1634 2935 1741 2986 dux
1793 2951 1984 2988 rursus
2024 2939 2220 2990 sedens
2256 2937 2310 2991 in

733 3019 994 3073 tribunali
1018 3038 1140 3076 cum
1200 3023 1416 3078 beatum
1470 3035 1718 3080 curasset
1767 3027 1991 3095 produci
2033 3026 2307 3097 Sergium,

730 3110 1003 3165 leoninam
1029 3114 1221 3182 pellem
1255 3130 1462 3170 exuens
1511 3116 1836 3184 versipellis,
1886 3118 2064 3170 induit
2115 3119 2307 3188 pellem

2414 2013 2551 2083 χὼν,
2591 2012 2725 2081 πρὸς
2761 2011 2859 2074 τὰς
2896 2013 2952 2063 ἐν
2991 2011 3240 2078 οὐρανοῖς
3271 2011 3476 2077 σκηνὰς
3498 2007 3801 2060 διαϐαίνει.

2485 2102 2584 2158 ιε’.
2620 2105 2676 2156 Ὀ
2702 2101 2963 2164 σύναθλος
2985 2102 3038 2153 δὲ
3057 2102 3279 2171 Σέργιος
3307 2100 3651 2166 ἀπολειφθεὶς
3672 2099 3828 2170 λύπῃ
3851 2117 3903 2151 τε
3919 2100 3997 2152 διὰ.

2409 2199 2498 2250 τὸν
2522 2197 2800 2267 χωρισμὸν
2834 2197 2923 2248 καὶ
2951 2194 3112 2262 ἡδονῇ
3144 2193 3306 2244 πάλιν
3331 2191 3420 2243 διὰ
3459 2191 3528 2242 τά
3556 2192 3996 2260 προσδοκώμενα

2413 2289 2719 2358 ἐμερίζετο.
2770 2286 2921 2338 Ἀλλ’
2955 2285 3015 2337 οὐ
3049 2284 3322 2354 περιεῖδεν
3374 2282 3535 2335 αὑτὸν
3589 2282 3672 2353 τῷ
3730 2284 3996 2353 χωρισμῷ

2415 2383 2700 2448 κάμνοντα
2762 2381 2788 2431 6
2852 2378 3058 2444 γλυκὺς
3117 2364 3332 2443 ἑταῖρος
3388 2375 3481 2429 καὶ
3520 2377 3769 2446 ἐραστής
3814 2393 3828 2406 ·
3872 2378 3997 2430 ἀλλά

2414 2471 2617 2542 φαιδρᾷ
2668 2473 2732 2541 τῇ
2767 2468 2888 2538 ὄψει
2915 2471 2942 2522 ὀ
2976 2468 3118 2531 θεῖος
3151 2467 3362 2536 Βάκχος
3394 2468 3487 2519 καὶ
3519 2467 3752 2537 συνήθει
3780 2469 3861 2537 τῷ
3903 2469 3996 2533 τῆς

2416 2563 2701 2633 στρατείας
2763 2564 3004 2632 σχήματι
3069 2561 3263 2622 νυκτὸς
3323 2560 3610 2626 ἐπιφανεὶς
3659 2560 3759 2612 καὶ
3826 2561 3996 2610 διαλε-

2413 2656 2560 2727 χθεὶς
2602 2655 2678 2724 τῷ
2713 2655 2852 2722 φίλῳ
2883 2656 2974 2706 καὶ
3007 2653 3245 2722 θάρσους
3278 2651 3586 2719 ἐμπλήσας,
3645 2650 3706 2701 τὸ
3755 2650 3999 2719 σκυθρω-

2415 2751 2514 2802 πόν
2547 2765 2606 2800 τε
2638 2749 2737 2816 τῆς
2772 2745 3011 2814 ἀθυμίας
3037 2742 3271 2806 διέλυσε,
3303 2743 3396 2794 καὶ
3432 2739 3854 2812 ἀσφαλέστερον
3887 2743 3995 2813 ἅμα

2415 2840 2514 2892 καὶ
2567 2838 2948 2905 γενναιότερον
3008 2834 3146 2904 πρὸς
3209 2834 3308 2898 τὰς
3364 2833 3672 2905 μελλούσας
3727 2837 3997 2905 τιμωρίας

2417 2931 2690 2998 διέθηκεν.
2721 2931 2814 2993 Ei;
2857 2930 2911 2983 δὲ
2939 2930 3036 2998 τὴν
3068 2927 3194 2999 ἑξῆς
3227 2926 3458 2990 καθίσας
3487 2927 3515 2979 6
3548 2928 3676 2990 δουξ
3709 2931 3804 2980 ἐπὶ
3833 2929 3997 2995 βήμα·

2415 3039 2529 3087 τος,
2582 3023 2677 3075 καὶ
2724 3022 2815 3074 τὸν
2872 3025 3150 3090 μακάριον
3223 3017 3569 3086 παραγαγὼν
3629 3017 3863 3087 Σέργιον
3905 3019 3998 3086 τὴν

2423 3116 2644 3186 λεοντῆν
2675 3115 2967 3168 ἀποϐαλὼν
2999 3114 3026 3163 6
3061 3111 3329 3172 ποικίλος,
3357 3109 3456 3177 τὴν
3481 3108 3785 3176 ἀλωπεκῆν
3823 3109 3999 3161 ἐνδύες

730 3204 931 3272 vulpis.
960 3207 1171 3258 Etcum
1205 3208 1255 3259 in
1290 3224 1413 3260 cum
1441 3211 1731 3276 quamdam
1779 3210 2023 3266 ﬁnxisset
2071 3211 2308 3266 benevo-

2417 3225 2536 3262 ταν
2570 3209 2663 3261 καί
2695 3225 2818 3259 τινα
2853 3205 3203 3274 πλασάμενος
3246 3203 3324 3264 είς
3374 3203 3540 3256 αὐτὸν
3601 3199 3848 3264 εὔνοιαν,
3902 3204 3994 3253 καὶ

729 3295 976 3360 lentiam,
1028 3302 1095 3352 ad
1125 3299 1284 3352 fidem
1315 3300 1614 3354 faciendam
1665 3301 1868 3372 aliquid
1926 3307 2306 3359 accommoda-

730 3397 844 3443 tum
879 3393 1194 3452 ostendens,
1218 3393 1358 3460 quod
1402 3395 1611 3447 scilicet
1647 3395 1797 3447 illum
1828 3397 2204 3465 magistratum
2235 3415 2302 3453 ex

729 3493 796 3532 eo
827 3491 1017 3535 nactus
1053 3493 1217 3543 esset,
1254 3499 1378 3536 cum
1413 3485 1694 3540 blanditiis
1719 3488 1980 3540 evocabat
2016 3489 2080 3540 ad
2138 3491 2310 3542 sacri-

730 3570 1025 3636 ﬁcandum,
1050 3574 1340 3643 perfectam
1373 3587 1425 3630 et
1448 3578 1744 3631 absolutam
1779 3595 1806 3632 a
1837 3579 2055 3634 Christo
2087 3595 2307 3650 separa-

733 3661 934 3717 tionem
965 3666 1012 3718 ei
1041 3667 1228 3721 volens
1253 3668 1481 3722 reddere
1522 3685 1615 3737 pro
1665 3670 1950 3737 beneﬁcio,
1982 3676 2202 3735 stultus.
2229 3677 2310 3729 sic

730 3770 946 3824 quoque
970 3761 1172 3812 sensim
1213 3775 1336 3811 eum
1360 3763 1649 3828 alloquens
1688 3779 1702 3817 :
1751 3764 1924 3818 Pudet
1973 3781 2059 3819 me
2109 3770 2311 3825 veteris

733 3848 881 3903 illius
904 3847 1202 3914 felicitatis,
1229 3862 1284 3905 et
1317 3851 1730 3918 beneficiorum,
1783 3872 1904 3925 qua:
1936 3858 1986 3910 in
2037 3873 2126 3913 me
2178 3874 2312 3915 con-

734 3939 927 4005 tulisti,
962 3941 1292 3998 amicissime
1327 3943 1504 4015 Scrgi.
1564 3961 1668 4000 nec
1728 3957 1779 4002 te
1807 3949 2028 4018 quidem
2077 3951 2311 4021 amplius

733 4028 854 4082 fero
890 4031 1088 4083 intueri
1122 4032 1200 4084 sic
1224 4048 1374 4085 reum
1403 4043 1635 4087 stantem
1667 4051 1764 4104 pro
1795 4049 2006 4092 nostro.
2040 4039 2310 4093 Tribuna-

734 4115 793 4177 li,
828 4117 920 4185 qui
950 4134 1067 4172 sum
1101 4120 1376 4186 minimus,
1414 4124 1456 4176 si
1483 4140 1605 4177 cum
1641 4136 1734 4180 tuo
1758 4127 2012 4182 conferar
2054 4131 2312 4200 splendo-

734 4224 793 4263 re
813 4251 825 4274 ,
853 4216 1356 4280 tuaequeamicitize,
1383 4225 1436 4270 et
1463 4219 1718 4286 potentiae
1735 4235 1896 4289 opera
1922 4238 2041 4277 sum
2069 4240 2307 4293 praesen-

736 4314 844 4358 tem
885 4316 1169 4357 assecutus
1193 4307 1588 4376 magistratum.
1622 4312 1712 4365 Ille
1741 4315 1956 4380 quidem
1986 4316 2100 4368 haec
2123 4317 2312 4372 callide

736 4397 972 4460 diccbat,
994 4399 1095 4454 hoc
1115 4381 1288 4454 solum
1311 4402 1654 4468 machinans,
1685 4415 1743 4457 ut
1767 4421 1888 4458 eum
1914 4408 2137 4462 omnino
2161 4410 2313 4464 blan-

735 4489 818 4545 dis
844 4492 1021 4546 verbis
1041 4491 1285 4554 illiceret.
1311 4507 1361 4548 et
1387 4493 1761 4551 fraudulenter
1788 4500 1853 4552 ad
1875 4502 2119 4555 eamdem
2140 4504 2314 4560 dedu-

2414 3302 2602 3356 πιστὸν
2630 3301 2788 3370 δῆθεν
2821 3298 3153 3362 ἐπιδεικνὺς,
3179 3299 3261 3351 ὅτι
3289 3296 3383 3368 τὴν
3414 3298 3592 3368 ἀρχὴν
3628 3294 3855 3365 ἐκείνην
3902 3296 3990 3347 ὑπ’

2414 3395 2584 3450 αὑτοῦ
2638 3397 2929 3464 κτήσαιτο,
2992 3392 3310 3453 κολακείαις
3360 3391 3524 3444 αὑτὸν
3585 3392 3669 3453 εἰς
3737 3391 3796 3443 τὸ
3856 3390 3990 3442 θεῖον

2416 3487 2749 3550 ἐξεκαλεῖτο,
2810 3483 2909 3552 τὴν
2959 3481 3203 3548 παντελῆ
3244 3478 3483 3547 Χριστοῦ
3530 3480 3898 3548 ἀλλοτρίωσιν
3941 3483 3996 3530 ἐν

2419 3580 2575 3645 τάξει
2625 3577 2866 3648 χαρίτων
2903 3573 3202 3628 ἀποδοῦναι
3256 3570 3599 3640 βουλόμενος,
3653 3572 3682 3621 6
3740 3571 3995 3638 θεομισὴς

2419 3671 2514 3724 καί
2539 3670 2792 3737 ἀνόητος,
2842 3667 3029 3736 ἡρέμα
3081 3663 3138 3715 δὲ
3170 3661 3265 3714 κοιλ⁵
3303 3659 3477 3713 ταῦτα
3519 3660 3833 3725 ὑποψωνῶν
3860 3675 3876 3690 ο
3906 3663 3994 3712 ΔΞ-

2420 3764 2694 3832 σχύνομαι
2720 3760 2819 3828 τὴν
2856 3756 3090 3810 παλαιὰν
3120 3755 3358 3823 ’ἐκείνην
3387 3753 3749 3822 εὐδαιμονίαν
3781 3753 3878 3806 καὶ
3903 3756 3994 3815 τὰς

2420 3860 2500 3921 εἰς
2532 3857 2629 3926 ἐμὲ
2678 3855 2935 3925 χάριτας,
2987 3850 3214 3920 φίλτατε
3271 3849 3482 3918 Σέργιε,
3538 3848 3880 3917 αἰσχύνομαι
3938 3848 3995 3914 νὴ

2421 3954 2549 4016 τοὺς
2587 3951 2742 4011 θεοὺς
2783 3948 2878 4002 καὶ
2933 3946 3054 3999 οὐδὲ
3083 3944 3217 4015 ὁρᾷν
3250 3941 3331 3994 ἔτι
3382 3955 3440 3991 σε
3496 3940 3652 4007 φέρω
3701 3943 3991 3994 κατάδικον

2420 4043 2563 4096 οὕτω
2591 4042 2667 4108 τῷ
2695 4039 2949 4108 ἡμετέρῳ
2987 4037 3196 4106 βήματι
3251 4033 3693 4100 παριστάμενον,
3733 4036 3762 4087 6
3812 4034 3997 4086 πολλοι

2424 4133 2547 4194 στδς
2583 4129 2696 4199 ἐγὼ
2730 4128 2865 4199 πρὸς
2911 4128 3010 4194 τὴν
3059 4122 3160 4194 σὴν
3210 4120 3557 4190 ἐπιφάνειαν,
3608 4121 3708 4172 καὶ
3762 4121 3864 4189 τῆς
3906 4120 3998 4188 σῆς

2422 4224 2609 4295 φιλίας
2645 4222 2739 4276 καὶ
2768 4216 3096 4280 δυναστείας
3127 4213 3295 4286 ἔργον
3344 4211 3442 4284 τὴν
3491 4210 3782 4282 παροῦσαν
3833 4213 3996 4282 ἀρχὴν

2423 4313 2832 4384 περικείμενος.
2879 4309 2940 4362 ’0
2970 4310 3066 4378 μὲν
3106 4303 3202 4361 οὖν
3237 4304 3561 4376 πανούργως
3596 4303 3755 4369 ἔλεγε
3791 4305 3861 4356 τὰ
3895 4321 3998 4356 τοι·

2422 4406 2588 4472 αὔτα,
2634 4404 2792 4457 τοῦτο
2846 4401 3008 4472 μόνον
3057 4417 3118 4452 τε
3157 4398 3466 4468 χρώμενος,
3523 4398 3676 4458 ὅπως
3726 4396 3894 4449 αὐτὸν
3945 4396 3997 4460 ti

2422 4497 2666 4559 ἅπαντος
2719 4493 3004 4564 ὑποκλέψῃ
3042 4493 3138 4544 καὶ
3171 4497 3309 4561 πρὸς
3361 4488 3458 4558 τὴν
3496 4491 3620 4558 ῐσην
3664 4488 3821 4558 αὐτῷ
3873 4488 3998 4559 om-

735 4593 886 4640 ceret
913 4583 1248 4655 religionem.
1272 4586 1552 4640 llleautem
1578 4605 1590 4638 :
1621 4587 1724 4640 Sed
1753 4589 1793 4642 si
1821 4606 1925 4652 me,
1953 4591 2151 4661 inquit.
2179 4597 2308 4651 velis

2423 4591 2612 4644 σκείαν
2640 4588 2868 4657 δολερῶς
2897 4587 3280 4656 ὑπαγάγηται.
3346 4583 3405 4636 Ὀ
3425 4582 3503 4647 δὲ,
3543 4581 3688 4634 Ἀλλ’
3718 4585 3768 4635 εί
3799 4582 3996 4652 βούλει,

732 4693 882 4733 nunc
899 4695 1114 4748 quoque
1145 4680 1199 4733 in
1231 4680 1477 4734 maximis
1505 4680 1661 4734 bonis
1695 4683 1943 4750 accipere
1992 4685 2309 4742 benefacto-

735 4785 874 4830 rem.
897 4782 1152 4841 prompto
1174 4781 1228 4825 et
1254 4773 1417 4826 alacri
1439 4774 1624 4827 animo
1654 4774 1747 4826 tibi
1791 4774 1889 4828 hac
1919 4775 1974 4828 in
2027 4792 2084 4830 re
2133 4779 2308 4834 inser-

735 4866 905 4918 viam.
939 4864 1069 4919 Nam
1111 4881 1232 4920 cum
1303 4876 1354 4921 te
1407 4866 1712 4920 liberavero
1763 4867 1832 4919 ab
1883 4867 1982 4921 hac
2036 4871 2304 4940 profunda

737 4959 1085 5026 deceptione,
1119 4960 1383 5012 adducam
1420 4961 1484 5013 ad
1537 4962 1714 5014 lucem
1764 4960 2024 5031 veritatis,
2077 4976 2130 5018 et
2181 4965 2314 5038 Regi

721 5052 1030 5106 immortali
1086 5054 1308 5106 reddam
1375 5053 1720 5106 familiarem.

811 5145 949 5198 XVI.
985 5144 1101 5198 Non
1157 5146 1411 5199 lubenter
1454 5148 1627 5202 audiit
1673 5164 1757 5212 ea,
1798 5167 1919 5219 quae
1970 5151 2314 5213 dicebantur,

742 5238 908 5290 homo
964 5239 1052 5306 qui
1117 5239 1462 5295 assuefactus
1505 5250 1621 5294 erat
1653 5244 1927 5310 interitui;
1976 5245 2070 5298 scd
2133 5245 2315 5298 statim

745 5328 996 5398 Sergium
1034 5335 1251 5399 gravius
1281 5343 1335 5385 et
1361 5332 1606 5386 severius
1637 5333 1908 5402 aspiciens
1942 5351 1957 5386 :
2029 5333 2104 5387 Ne
2162 5336 2313 5398 deos,

745 5423 946 5490 inquit,
1014 5423 1360 5492 blasphemes
1416 5425 1769 5480 immortales.
1866 5425 2064 5497 Martyr
2137 5439 2316 5481 autem

748 5517 931 5570 acrius
964 5526 1124 5569 utens
1157 5518 1374 5576 dicendi
1411 5518 1675 5580 libertate,
1700 5529 1870 5572 totum
1911 5519 2142 5573 faciebat
2192 5536 2324 5573 con-

749 5609 974 5663 trarium
1004 5618 1090 5662 :et
1125 5594 1416 5663 illiusdeos
1445 5611 1711 5663 alliciebat
1751 5610 1964 5678 probris
2015 5625 2078 5662 ac
2129 5619 2324 5663 contu-

751 5703 946 5760 meliis.
973 5713 1025 5755 et
1067 5718 1162 5756 eos
1186 5703 1359 5756 solum
1393 5705 1614 5757 nomina
1654 5705 1880 5757 vocabat
1932 5718 1990 5756 re
2032 5705 2271 5757 carentia
2305 5721 2316 5756 :

751 5809 849 5848 eos
875 5810 1025 5856 vero,
1052 5795 1140 5864 qui
1178 5796 1296 5849 illos
1326 5795 1625 5851 adorabant
1653 5807 1707 5850 et
1731 5797 2008 5859 colebant,
2063 5796 2320 5850 ostende-

753 5886 844 5940 bat
870 5884 1035 5939 multo
1065 5890 1272 5941 minore
1303 5903 1462 5941 sensu
1491 5903 1612 5942 esse
1653 5889 1905 5958 praditos
1935 5903 2092 5957 quam
2131 5887 2323 5942 surdos

2422 4684 2577 4754 φησὶ,
2611 4683 2703 4735 καὶ
2734 4681 2827 4732 νῦν
2858 4680 2915 4731 ὲν
2941 4681 3053 4741 τοῖς
3100 4676 3385 4746 μεγίστοις
3431 4675 3542 4728 τῶν
3583 4674 3815 4739 ἀγαθῶν
3846 4676 3996 4743 5-Sep-

2422 4779 2588 4846 γέτην
2612 4773 2794 4826 λαὸεῐν
2829 4789 2895 4842 με
2927 4769 3207 4840 πρόθυμος
3235 4766 3428 4835 ἔσομαί
3451 4782 3539 4832 γε.
3587 4765 3995 4834 Ἐλευθερὼσας

2420 4870 2528 4938 γάρ
2580 4884 2637 4919 σε
2697 4867 2795 4933 τῆς
2849 4862 3074 4932 βαθείας
3132 4860 3337 4930 ταύτης
3407 4859 3648 4929 ἀπάτης,
3728 4857 3807 4927 τῷ
3902 4859 3991 4925 τῆς

2416 4959 2676 5030 ἀληθείας
2710 4955 2966 5026 προσάξω
3003 4955 3143 5023 φωτὶ
3192 4952 3288 5004 καὶ
3323 4951 3532 5022 βασιλεῖ
3594 4950 3676 5018 τῷ
3736 4951 3986 5019 ἀθανάτῳ

2418 5050 2946 5122 προσοικειώσομαι.

2489 5143 2606 5212 ις’.
2662 5144 2776 5196 Οὐκ
2814 5144 3048 5212 ἤκουσεν
3100 5140 3278 5209 ἡδέως
3329 5139 3437 5192 τῶν
3489 5141 3819 5209 λεγομένων
3861 5144 3888 5195 6
3934 5143 3988 5209 τῇ

2417 5240 2664 5305 ἀπωλείᾳ
2699 5233 3038 5294 συνεθισθεὶς
3069 5234 3363 5303 ἄνθρωπος
3384 5214 3536 5286 ’.ἀλλ’
3561 5233 3991 5302 ἐμϐριθέστερον

2418 5329 2613 5382 αὐτίκα
2643 5328 2855 5397 Σεργίῳ
2881 5327 2941 5377 τὸ
2969 5325 3186 5395 βλέμμα
3209 5323 3483 5377 ἐπιϐαλών
3511 5339 3525 5354 ⁸
3560 5325 3654 5391 Μὴ
3689 5325 3994 5395 βλασφήμιι

2419 5423 2542 5484 τοὺς
2574 5422 2900 5486 ἀθανάτους,
2932 5422 3063 5489 ἔφη,
3098 5417 3273 5481 θεούς.
3326 5418 3433 5471 Καὶ
3455 5421 3482 5470 6
3515 5418 3735 5487 μάρτυς
3768 5419 3849 5484 δέ,
3887 5421 3996 5487 θερ-

2427 5515 2653 5584 μότερον
2684 5514 2847 5566 πάλιν
2879 5515 2944 5581 τῇ
2972 5512 3260 5582 παρρησία
3285 5511 3657 5580 χρησάμενος,
3692 5513 3995 5563 τούναντίον

2428 5609 2572 5659 ἅπαν
2620 5607 2828 5658 ὲποίειο
2890 5607 2984 5655 καὶ
3022 5605 3147 5664 τοὺς
3202 5604 3413 5654 ἐκείνου
3460 5603 3618 5662 θεοὺς
3655 5601 3915 5671 ιξύόριζέ
3945 5617 3994 5653 τε

2429 5699 2523 5750 καὶ
2541 5698 2782 5764 ὀνόματα
2806 5696 2962 5766 μόνον
2986 5696 3176 5747 αὐτοὺς
3204 5695 3387 5748 ἐκάλει
3414 5695 3769 5762 πραγμάτων
3793 5697 3993 5764 ἔρημα·

2432 5792 2677 5852 καὶτοὺς
2712 5787 3158 5859 προσκυνοῦντας
3189 5787 3245 5840 δὲ
3293 5788 3387 5839 καὶ
3437 5785 3778 5855 σεϐομένους
3814 5786 3996 5846 αὐτοὺς

2433 5883 2922 5952 ἀναισθητοτέρονς
2957 5880 3135 5949 πολλῷ
3157 5881 3264 5934 τῶν
3298 5878 3497 5949 κωφῶν
3529 5879 3768 5934 ἐκείνων
3807 5876 3996 5932 ἐδείκνυ
