4148 6512
191 414 327 482 1025

1124 426 1597 491 MARTYRlUM
1640 432 1747 495 SS.
1791 433 2057 496 SERGll
2098 436 2194 498 ET
2235 438 2512 502 BACCHI

3334 456 3473 525 1026

191 530 351 587 Θεῶν.
394 531 455 585 '0
488 531 615 599 δοὺξ
647 533 828 588 τοίνυν
856 534 932 597 ὡς
959 534 1109 606 ἑώρα
1153 537 1455 591 κολακειῶν
1489 556 1546 592 τε
1580 541 1742 610 κρείτ

1892 544 2013 598 illos
2042 546 2197 601 deos.
2233 546 2346 602 Dux
2376 558 2560 605 autem
2593 563 2878 622 postquam
2928 560 3062 615 vidit
3128 563 3377 637 Sergium
3415 582 3473 626 ct

187 638 265 675 τω
316 623 412 676 καὶ
462 625 702 680 ἀπειλῶν
750 630 840 682 τδν
892 628 1128 706 Σέργιον
1162 671 1177 694 ,
1233 633 1329 683 καὶ
1365 632 1476 684 οὐδ’
1525 634 1779 698 ὁπωσοῦν

190 714 504 770 ὑποδιδόντα
532 719 628 788 τῆς
661 720 991 791 παρρησίας,
1019 720 1218 773 αὐτίκα
1262 724 1364 791 τὴν
1392 723 1777 793 κατεψευσμέ-

189 824 287 875 νην
317 808 538 879 εκείνην
575 810 759 878 φιλίαν
790 815 883 864 καὶ
916 813 978 865 τὸ
1013 816 1360 880 προσωπεῖον
1414 816 1777 887 ἀποδυσάμε-

187 916 272 961 νος
304 901 442 970 ὅπερ
468 896 537 972 ἦν
582 904 827 973 ἐναργῶς
869 904 1247 969 ἀπεδείκνυτο,
1296 909 1390 960 καὶ
1441 907 1518 971 ὡς
1570 910 1772 976 ἔοικεν,

196 989 257 1044 Ἢ
278 988 448 1061 πολλὴ
474 1011 600 1063 μου,
625 998 809 1062 φησὶν,
834 996 1126 1066 ἡμερότης,
1146 1004 1239 1050 καὶ
1263 999 1320 1054 τὸ
1344 999 1592 1068 ἀκαίρως
1615 999 1774 1054 τοῦτο

184 1084 324 1154 πρός
353 1102 414 1138 σε
460 1086 868 1155 φιλάνθρωπον,
919 1087 1096 1142 ταῦτά
1153 1106 1212 1142 σε
1262 1090 1399 1160 πρὸς
1447 1089 1772 1154 ἀλαζονείαν

183 1175 365 1247 ἐπῆρε
396 1194 410 1209 ·
449 1180 543 1232 καλ⁵
587 1180 728 1232 οὕτω
775 1181 897 1233 καθ’
932 1181 1089 1250 ήμῶν
1142 1199 1200 1234 τε
1236 1183 1416 1235 αὐτῶν
1477 1187 1575 1237 καὶ
1630 1183 1770 1238 θεῶν

181 1269 409 1338 ἠρέθισε
440 1272 549 1324 τῶν
585 1272 863 1341 μεγάλωνῖ
900 1273 1059 1326 ’Λλλὰ
1088 1275 1181 1327 καὶ⁸
1210 1276 1302 1327 τὸν
1332 1274 1502 1341 τῦφον
1542 1277 1768 1344 άπομα-

176 1359 340 1433 θήσῃ,
374 1361 435 1414 εὖ
475 1357 615 1428 οἶδα,
655 1364 746 1415 καὶ
782 1363 1098 1436 ἐπιμελήσῃ
1142 1366 1239 1434 τῆς
1281 1365 1597 1429 αὐθαδείας,
1669 1366 1767 1419 καὶ

180 1454 371 1525 γνώσῃ
408 1454 634 1506 σεαυτὸν
683 1455 743 1506 οὗ
778 1454 1005 1525 μεσίτην
1056 1458 1182 1525 ἄρτι
1211 1458 1323 1508 τῶν
1355 1458 1554 1510 κοινῶν
1607 1458 1761 1524 ὄντα,

172 1545 299 1596 οὐδὲ
338 1544 489 1614 παρὰ
528 1545 742 1615 βασιλεί
772 1548 839 1599 τά
878 1549 1093 1616 μεγάλα
1122 1548 1447 1619 δυνάμενον,
1495 1551 1634 1605 ἀλλὰ
1666 1569 1766 1604 κα-

166 1635 436 1704 τάκριτον
490 1639 584 1690 καὶ
633 1638 925 1709 δεσμώτην
978 1644 1071 1693 καὶ
1117 1642 1244 1694 εἴτι
1275 1642 1405 1695 ἄλλο
1451 1649 1564 1707 τοῖς
1621 1645 1764 1698 οὕτω

177 1728 445 1797 φρονοῦσι
482 1731 651 1783 κακὸν
682 1731 900 1787 ἕπεται.
951 1733 1059 1785 Καὶ
1105 1734 1309 1786 αὐτίκα
1355 1734 1451 1802 τὴν
1501 1736 1612 1788 ἀπὸ
1658 1737 1758 1789 τοῦ

170 1818 440 1886 φρουρίου
476 1818 694 1888 Σουρῶν
776 1822 868 1873 ἐπὶ
919 1820 1019 1892 τὴν
1073 1822 1225 1874 πόλιν
1276 1822 1576 1892 Ῥωσαφὼν
1605 1829 1759 1879 στελ-

1883 635 2184 703 blanditiis,
2219 651 2274 695 et
2299 641 2464 697 minis
2484 658 2605 699 esse
2640 649 3002 717 Superiorem,
3030 664 3085 707 et
3116 635 3249 712 nihil
3278 668 3472 716 remit-

1883 738 2090 784 tentem
2126 734 2192 787 dc
2221 734 2477 803 loquendi
2504 738 2772 803 libertate,
2805 743 2951 799 illam
2991 750 3173 803 statim
3231 756 3469 810 ementi-

1881 828 1991 873 tam
2024 838 2240 880 exuens
2267 829 2564 885 amicitiam
2613 844 2668 887 et
2728 850 3037 904 personam.
3068 854 3256 909 aperte
3283 858 3469 901 osten-

1876 912 1959 967 dit
1991 913 2042 967 id
2067 918 2210 985 quod
2238 930 2350 973 erat
2384 939 2396 974 :
2429 932 2506 984 et,
2541 924 2727 994 Magna
2757 945 2896 993 mea,
2950 932 3144 1002 inquit.
3210 954 3467 996 mansue-

1877 1003 2038 1067 tudo.
2086 1018 2140 1062 et
2193 1009 2309 1066 hac
2366 1013 2419 1066 in
2472 1024 2521 1067 te
2604 1017 2917 1087 importuna
3004 1024 3330 1097 benignitas.
3394 1033 3463 1086 ad

1876 1100 2245 1168 arrogantiam
2280 1111 2331 1156 te
2354 1107 2694 1172 extulerunt,
2748 1119 2803 1164 et
2849 1116 2928 1167 sic
2981 1114 3035 1168 in
3088 1132 3187 1173 nos
3215 1122 3378 1189 ipsos.
3407 1136 3463 1179 et

1874 1186 2014 1245 deos
2044 1206 2271 1264 magnos
2296 1210 2681 1266 provocarnnt.
2710 1201 2816 1257 Sed
2859 1206 3108 1265 dedisces
3156 1186 3260 1282 (sat
3319 1218 3457 1287 scio)

1873 1283 2213 1349 superbiam.
2249 1299 2303 1342 et
2342 1291 2682 1347 Oblivisceris
2732 1303 2836 1351 tua
2876 1305 3216 1371 arrogantiae,
3257 1318 3314 1361 et
3363 1283 3457 1363 eo;

1870 1377 2107 1439 gn’osces
2134 1376 2365 1445 teipsum
2393 1395 2505 1435 non
2535 1398 2657 1437 esse
2690 1401 2871 1441 rerum
2911 1396 3287 1450 communium
3339 1414 3458 1454 am-

1869 1462 2017 1531 plius
2042 1466 2493 1540 intercessorem,
2538 1491 2720 1545 neque
2765 1495 2925 1548 posse
2968 1484 3262 1553 plurimum
3312 1494 3455 1560 apud

1871 1554 2279 1627 imperatorem,
2309 1565 2402 1619 sed
2429 1580 2551 1621 esse
2580 1569 2898 1625 damnatum
2938 1583 2991 1628 et
3013 1576 3275 1643 vinctum,
3312 1554 3365 1636 et
3409 1584 3455 1639 si

1867 1652 2012 1717 quod
2034 1652 2181 1709 aliud
2215 1658 2422 1712 malum
2446 1664 2697 1731 sequitur
2725 1683 2842 1732 eos,
2873 1670 2964 1739 qui
2992 1673 3064 1726 ita
3089 1679 3353 1732 sentiunt.
3387 1681 3456 1735 Et

1866 1742 2049 1795 statim
2117 1757 2147 1797 a
2212 1749 2466 1815 praesidio
2528 1750 2795 1809 Surorum
2844 1759 2954 1813 dux
2999 1764 3351 1831 proﬁciscens
3394 1768 3450 1823 in

1865 1831 2140 1889 civitatem
2173 1835 2573 1909 ltosaphorunt,
2610 1846 2773 1901 eilicit
2830 1861 2887 1903 ut
2929 1852 3203 1908 calceetur
3248 1859 3452 1915 athlcta

165 1906 399 1975 λόμενος
460 1910 687 1980 πορείαν
719 1912 746 1962 ὁ
800 1912 949 1978 δουξ,
1004 1913 1254 1983 σιδηραῖς
1312 1920 1573 1986 κρηπῖσιν
1607 1917 1748 1989 ἥλοις

1867 1927 2130 1994 crepidis,
2186 1928 2381 1986 ferreis
2415 1935 2583 1989 clavis
2644 1939 2918 1995 conﬁxis:
2971 1952 3027 1996 et
3067 1948 3451 2004 conscendens

160 1998 309 2067 ὀξέσι
356 2003 818 2071 ἐμπεπαρμέναις
853 2003 947 2056 τὸν
994 2002 1235 2074 ἀθλητὴν
1278 2005 1607 2074 ὑποδεθῆναι
1647 2024 1758 2062 πα·

162 2096 498 2162 ρασκευάζει
530 2110 546 2126 ο
584 2098 676 2148 καὶ
705 2096 978 2166 ὀχήματος
1022 2098 1181 2161 αὐτὸς
1232 2100 1455 2165 ἐπιϐὰς,
1501 2100 1753 2173 ἔμπροσ-

159 2187 252 2238 θεν
318 2188 392 2252 ὡς
418 2184 530 2260 εἶχε
558 2191 735 2246 ποδῶν
780 2193 999 2262 τρέχειν
1030 2193 1122 2245 τὸν
1172 2192 1330 2261 ἅγιον
1383 2197 1477 2248 ἐπὶ
1522 2196 1757 2269 ἑϐδομή-

160 2281 332 2335 κοντά
366 2299 469 2334 που
505 2284 756 2348 σταδίους
780 2287 911 2355 ἄχρι
952 2286 1381 2357 Τετραπυργίας
1414 2290 1753 2358 ἠνάγκαζεν.

157 2370 321 2425 Ὅσοι
374 2374 476 2442 μὲν
536 2375 629 2428 οὖν
686 2379 961 2447 ἀπορρέον
1019 2379 1079 2429 τὸ
1130 2379 1311 2432 ποδῶν
1364 2374 1503 2448 αἷμα
1555 2384 1747 2454 ἐώρων

158 2463 476 2532 θαυμάζειν
507 2483 567 2518 τε
608 2468 791 2529 αὐτοῖς
828 2468 1071 2538 ἀτεχνῶς
1108 2468 1288 2539 ἐπῄει,
1330 2476 1422 2522 καὶ
1460 2475 1552 2525 τὸν
1578 2476 1745 2544 ἀθλη-

157 2556 261 2624 τὴν
296 2556 395 2625 τῆς
433 2560 737 2629 καρτερίας
773 2560 1198 2630 ἐκπλήττεσθαι.
1263 2563 1491 2631 Ἑκείνῳ
1531 2564 1585 2617 δὲ
1638 2567 1750 2637 ἄρα

152 2652 213 2701 αἱ
254 2650 363 2703 τῶν
408 2653 878 2722 προσδοκωμένων
920 2654 1135 2719 ἐλπίδες
1206 2657 1420 2727 ῥανίδες
1465 2658 1747 2729 παρακλή-

155 2759 303 2804 σεως
337 2740 481 2813 ἦσαν
516 2746 577 2809 ἐξ
620 2747 855 2815 οὐρανοῦ
893 2749 1168 2814 στάζουσα
1236 2752 1327 2804 καὶ
1362 2752 1422 2804 τὸ
1472 2750 1611 2821 βαρὺ
1643 2752 1750 2807 τῶν

148 2835 357 2889 ὀδυνῶν
395 2839 784 2909 ὑπεκοὺιριζον,
841 2843 1066 2906 ἀλύπως
1111 2862 1168 2897 τε
1221 2847 1401 2917 εἴχετο
1451 2847 1551 2915 τῆς
1597 2846 1741 2908 ὁδοῦ,

148 2936 246 2982 καί
262 2932 360 2983 σὺν
382 2932 541 3002 ἡδονῇ
564 2934 734 2987 ταῦτα
756 2936 1081 3005 ὑπέψαλλεν·
1096 2956 1114 2988 ι
1141 2937 1464 3006 Ὑπομένων
1480 2941 1747 3010 ὑπέμεινα

146 3024 245 3076 τὸν
270 3024 476 3095 Κύριον
500 3043 512 3057 ο
551 3027 820 3099 προσέσχε
842 3046 930 3099 μοι
960 3033 1052 3083 καὶ
1071 3032 1361 3097 εἰσήκουσε
1388 3038 1484 3100 τῆς
1506 3035 1747 3104 δεήσεὼς

1866 2016 2204 2083 vehiculum.
2235 2026 2415 2093 coegit
2446 2037 2693 2083 sanctum
2764 2032 2837 2085 ita
2882 2035 3113 2102 pedibus
3168 2041 3449 2102 aitet-tuin.

1862 2117 1992 2201 ante
2019 2110 2199 2181 ipsum
2226 2130 2453 2173 currere
2484 2118 2551 2173 ad
2574 2125 2918 2193 septuaginta
2955 2129 3126 2182 stadia
3164 2146 3338 2201 usque
3380 2134 3449 2189 ad

1866 2197 2303 2276 Tetrapyrgiam.
2339 2209 2520 2280 Atque
2571 2214 2883 2284 quicunque
2926 2219 3146 2287 quidem
3189 2197 3449 2282 videbant

1860 2299 2182 2365 sanguinem
2208 2315 2238 2353 e
2272 2303 2505 2371 pedibus
2528 2306 2882 2373 deﬂuentem,
2923 2311 3003 2366 eis
3052 2315 3212 2381 plane
3273 2317 3448 2370 admi-

1863 2389 1971 2441 rari
2024 2391 2272 2446 veniebat
2304 2394 2356 2446 in
2386 2405 2647 2459 mentem.
2674 2407 2729 2451 et
2768 2402 2988 2456 athletae
3030 2414 3253 2474 stupere
3315 2408 3447 2462 tole-

1864 2483 2118 2536 rantiam.
2148 2484 2367 2556 Martyri
2390 2497 2569 2543 autem
2600 2504 2727 2559 spes
2745 2506 2959 2553 eorum.
2991 2510 3113 2563 quae
3161 2510 3446 2566 exspecta-

1859 2570 2082 2636 bantur,
2108 2586 2265 2630 erant
2289 2591 2453 2648 gutta:
2475 2582 2887 2646 consolationis,
2914 2602 3035 2655 quae
3088 2588 3356 2646 cadebant
3409 2607 3443 2648 e

1858 2666 2021 2727 cado,
2078 2677 2133 2721 ct
2174 2671 2427 2726 levabant
2483 2676 2732 2730 dolorum
2779 2678 3127 2748 gravitatem.
3187 2681 3249 2737 Et
3306 2685 3441 2739 citra

1858 2763 2165 2817 molestiam
2201 2767 2458 2835 pergebat
2488 2770 2835 2841 itcringredi,
2884 2774 2933 2827 ei
2997 2776 3112 2829 haec
3169 2776 3438 2846 psallebat

1863 2870 1987 2908 cum
2020 2854 2202 2910 laetitia
2237 2875 2250 2913 :
2293 2877 2311 2908 ι
2342 2855 2671 2931 Exspectan's
2699 2865 3009 2933 exspectavi
3043 2866 3354 2932 Dominum,
3385 2881 3441 2926 et

1857 2944 2099 3000 intendit
2118 2948 2270 3001 mihi.
2297 2947 2360 3003 Et
2385 2952 2663 3007 exaudivit
2683 2955 3125 3024 deprecationem
3148 2975 3320 3014 meam
3345 2982 3357 3016 :
3382 2972 3439 3018 et

1852 3037 2039 3092 eduxit
2059 3054 2145 3091 me
2166 3041 2232 3093 de
2256 3041 2372 3095 lacu
2398 3043 2781 3107 alllictionis,et
2803 3062 2832 3100 e
2858 3048 2969 3103 luto
2992 3050 3151 3106 facis.
3167 3051 3228 3104 Et
3251 3054 3440 3110 statuit

152 3133 261 3184 μου
286 3130 301 3145 ·
355 3118 452 3170 καὶ
491 3120 734 3190 ἀνήγαγε
777 3140 844 3190 με
881 3125 942 3175 ἐκ
969 3122 1175 3175 λάκκου
1200 3120 1601 3193 ταλαιπωρίας,
1642 3127 1739 3177 καὶ

1855 3128 1908 3182 in
1933 3128 2220 3184 latitudine
2244 3132 2409 3200 pedes
2431 3148 2599 3195 meos.
2625 3145 2679 3187 et
2700 3136 2900 3190 direxit
2923 3155 3143 3203 gressus
3176 3158 3327 3196 meos
3353 3143 3428 3196 ⁸.»

145 3211 259 3263 ἀπὸ
309 3212 486 3280 πηλοῦ
550 3215 717 3280 ί>.ύος,
774 3220 871 3269 καὶ
924 3217 1155 3288 ἔστησεν
1208 3220 1266 3270 ὲν
1322 3216 1624 3288 εὐρυχώρῳ
1672 3220 1800 3281 τοὺς
1862 3222 2027 3283 πόδας
2060 3242 2161 3294 μου
2199 3226 2293 3278 καὶ
2320 3227 2620 3281 κατεύθυνε
2648 3224 2714 3282 τᾶ
2743 3230 3059 3301 διαϐήματά
3094 3251 3218 3303 μου.

224 3302 325 3358 lZ'.
389 3305 488 3369 Ὠς
525 3306 580 3358 δὲ
628 3307 723 3359 καὶ
757 3307 855 3374 τὴν
889 3310 1304 3381 τετραπυργίαν
1353 3309 1454 3378 ήδη
1504 3308 1736 3360 κατελα-

145 3395 270 3457 ϐον,
309 3399 477 3449 αὑτὸν
518 3397 619 3461 μὲν
669 3401 725 3449 ἐν
781 3401 998 3471 φυλακῇ
1051 3401 1340 3471 δεσμώτην
1394 3401 1740 3471 ἐλάμϐανεν⁸

140 3488 292 3541 οὕτω
326 3490 668 3560 προσταχυὲν
694 3491 799 3545 ὑπὸ
837 3492 933 3546 τοῦ
972 3494 1160 3557 δουκός
1188 3509 1201 3522 ‘
1233 3496 1439 3547 ἐκεῖνον
1489 3494 1547 3548 δὲ
1579 3511 1743 3564 φρον-

153 3581 307 3643 τίδες
334 3584 393 3633 ἐν
413 3585 571 3652 χερσὶ
590 3584 868 3654 δημοσίων
889 3588 1235 3656 πραγμάτων
1254 3584 1420 3656 εἶχον.
1462 3588 1740 3657 Ἐσπέρας

146 3674 207 3726 δὲ
241 3676 346 3747 ήδη
380 3677 703 3745 γενομένης
733 3676 893 3746 μόνος
926 3679 1080 3746 παρὰ
1108 3680 1171 3748 τῇ
1198 3678 1415 3749 φυλακῇ
1452 3679 1480 3731 ὁ
1524 3680 1739 3749 μάρτυς

141 3764 504 3832 ἀπολειφθεὶς
546 3782 564 3814 ι
597 3766 657 3816 Ut
695 3765 988 3829 ἐσθίοντες,
1021 3786 1037 3819 ο
1070 3768 1320 3844 ἔψαλλεν,
1356 3788 1373 3819 ι
1408 3769 1605 3839 ἄρτους
1636 3787 1737 3839 μου

142 3860 501 3927 ὲμεγάλυναν
546 3856 633 3909 ἐπ’
688 3857 789 3927 ἐμὲ
849 3862 1251 3929 πτερνισμόν.»
1317 3863 1427 3916 Καὶ
1480 3863 1738 3932 σχοινίοις

144 3950 423 4002 διέτειναν
476 3949 687 4019 παγίδα
728 3953 839 4011 τοῖς
888 3951 1017 4005 ποσί
1072 3969 1197 4022 μου,
1247 3954 1340 4007 καὶ
1372 3953 1738 4022 διελογίσαντο

140 4041 237 4095 τοῦ
289 4041 653 4096 ὑποσκελίσαι
703 4046 787 4098 τὰ,
830 4044 1145 4115 διαϐηματά
1194 4059 1323 4115 μου.
1380 4045 1733 4111 ’Δλλάὑτδς,

142 4136 346 4206 Κύριε,
384 4136 582 4208 Κύριε,
635 4137 954 4209 πρόφοασον
992 4141 1192 4202 αὐτοὺς
1236 4140 1331 4192 καὶ
1374 4139 1735 4196 ὑποσκελισον

141 4227 374 4293 αὐτοὺς,
408 4230 508 4281 καὶ
541 4227 704 4298 ῥῦσαι
736 4230 847 4282 άπὸ
887 4231 1103 4284 ἀσεϐῶν
1129 4231 1228 4300 τὴν
1264 4232 1445 4304 ψυχήν
1485 4251 1610 4303 μου,
1642 4234 1735 4287 καὶ

140 4322 206 4373 ὲκ
241 4322 423 4392 χειρὸς
482 4324 645 4385 κυνὸς
702 4324 801 4391 τὴν
868 4324 1136 4394 μονογενῆ
1208 4343 1335 4396 μου.
1390 4327 1731 4381 Ὅθενόὑδὲ

140 4415 541 4484 ἀπαράκλητον
575 4414 741 4469 αὑτοῦ
772 4403 871 4488 τὴν
896 4417 1078 4490 ψυχὴν
1111 4418 1275 4473 πάλιν
1303 4423 1330 4473 ὁ
1363 4420 1493 4482 τοὺς
1530 4420 1732 4489 στεφάο

139 4523 233 4559 νου
284 4508 438 4577 αὒτῴ
455 4507 672 4561 πλέκων
694 4510 903 4563 ἄνωθεν
924 4513 1198 4577 περιεῖδεν
1216 4529 1229 4543 ·
1249 4512 1385 4565 ἀλλὰ
1403 4512 1733 4583 κηδεμονίαν

1924 3309 2087 3367 XVII.
2121 3312 2416 3384 Postquam
2446 3327 2628 3371 antem
2657 3319 2767 3389 jam
2811 3324 3192 3390 pervenissent
3237 3326 3435 3383 Tetra-

1847 3404 2113 3474 pyrgiam,
2142 3404 2319 3473 ipsum
2359 3407 2578 3476 quidem
2630 3415 2849 3479 excepit
2883 3415 3152 3479 custodia,
3193 3418 3431 3473 duceita

1842 3496 2118 3566 iubente:
2174 3498 2324 3552 illum
2385 3509 2566 3556 autem
2609 3513 2865 3573 urgentes
2914 3520 3058 3561 curae
3119 3508 3431 3578 reipublicae

1849 3599 2141 3646 tenuerunt
2172 3593 2695 3663 occupatum.'Cum
2744 3606 2925 3652 autem
2968 3599 3079 3667 jam
3125 3611 3273 3656 esset
3336 3618 3431 3658 ve-

1848 3693 1999 3748 sper,
2033 3692 2237 3751 martyr
2267 3685 2490 3739 relictus
2520 3688 2671 3740 solus
2728 3688 2780 3741 in
2805 3693 3074 3753 custodia.
3118 3694 3380 3761 psallebat
3410 3713 3428 3751 :

1849 3790 1867 3824 ι
1906 3770 2008 3838 Qui
2037 3774 2401 3829 coniedebant
2441 3791 2609 3845 panes
2655 3794 2825 3843 meos,
2880 3783 3296 3852 magnilicarunt
3334 3802 3430 3841 su-

1844 3880 1941 3933 per
1971 3880 2056 3919 me
2085 3866 2581 3934 supplantationem
2606 3870 2679 3925 ’.r
2722 3868 2785 3924 Et
2817 3869 3041 3927 funibus
3062 3877 3429 3933 extenderunt

1839 3956 2089 4027 laqueum
2121 3956 2348 4027 pedibus
2378 3962 2530 4025 meis,
2565 3970 2620 4013 ct
2671 3964 3048 4033 cogitaverunt
3078 3969 3431 4037 supplantare

1839 4062 2058 4121 gressus
2076 4064 2252 4105 meos.
2276 4050 2382 4105 Sed
2414 4062 2491 4117 tu,
2522 4052 2767 4114 Domine.
2803 4051 3051 4120 Domine,
3084 4060 3341 4125 praeveni.
3369 4070 3427 4114 et

1840 4144 2130 4212 supplanta
2169 4159 2266 4198 eos
2298 4163 2313 4198 :
2347 4155 2402 4198 et
2427 4145 2598 4205 libera
2624 4147 2693 4201 ab
2725 4147 2907 4216 impiis
2936 4149 3173 4203 animam
3202 4166 3375 4203 meam
3406 4168 3423 4206 :

1838 4249 1894 4289 et
1914 4235 1981 4289 de
2014 4251 2179 4289 manu
2212 4236 2373 4291 canis
2408 4236 2624 4292 unicam
2653 4253 2870 4301 meam.
2922 4238 3102 4304 Quare
3158 4256 3261 4294 nec
3290 4256 3427 4295 con-

1837 4329 2123 4385 solationis
2151 4340 2435 4399 expertem
2494 4332 2616 4400 ejus
2648 4330 2889 4385 animam
2932 4346 3123 4386 rursus
3167 4333 3426 4404 despexit

1837 4424 1904 4487 is,
1945 4425 2037 4494 qui
2078 4441 2109 4479 e
2136 4424 2351 4493 superis
2380 4425 2429 4479 ei
2466 4425 2725 4479 nectebat
2770 4439 3022 4489 coronas,
3053 4425 3149 4480 scd
3188 4435 3245 4479 et
3279 4427 3427 4480 mul-

1838 4523 1946 4569 tam
1982 4530 2041 4570 se
2070 4516 2190 4586 ejus
2217 4530 2407 4573 curam
2456 4530 2647 4587 gerere
2689 4518 2954 4581 ostendit,
2980 4526 3031 4572 et
3090 4517 3341 4589 angelum
3371 4518 3424 4575 ei

138 4617 201 4653 τε
230 4601 440 4672 πολλὴν
493 4603 621 4672 περὶ
646 4606 837 4656 τουτον
879 4605 1274 4669 ἐπιδείκνυται,
1357 4604 1452 4657 καὶ
1499 4606 1731 4674 ἄγγελον

1855 4610 1987 4664 nisit
2016 4611 2192 4665 media
2226 4622 2389 4668 nocte
2447 4633 2460 4666 :
2490 4610 2605 4681 qui,
2639 4626 2763 4665 cum
2808 4610 2960 4681 prius
2988 4610 3136 4667 illius
3180 4612 3421 4667 animam

136 4694 292 4764 αὐτῴ
326 4694 469 4747 κατά
501 4695 678 4764 μέσην
702 4695 982 4765 ἐκπέμπει
1004 4696 1103 4767 τὴν
1136 4696 1308 4750 νύκτα
1329 4717 1344 4730 ·
1374 4696 1734 4771 δςιπρότερον

1860 4710 2073 4758 ucunde
2103 4714 2433 4769 recreasset,
2462 4713 2518 4757 et
2565 4702 2768 4758 deinde
2804 4703 2967 4759 etiam
3008 4719 3207 4774 corpus
3234 4719 3424 4760 curas-

134 4789 240 4859 τὴν
284 4789 501 4843 ἐκείνου
535 4787 717 4857 ψυχὴν
769 4788 944 4858 ἡδέως
972 4791 1452 4863 ἀνακτησάμενος,
1488 4790 1609 4848 εἶτα
1643 4794 1736 4847 καὶ

135 4881 236 4933 τοῦ
289 4880 548 4949 σώματος
598 4880 977 4951 ἐπιμεληθεὶς,
1030 4883 1286 4949 καὶτοὺς
1337 4884 1507 4948 πόδας
1566 4884 1733 4939 αὑτοῦ

136 4974 399 5041 πονήρως
449 4971 555 5023 ὑπὸ
606 4971 714 5025 τῶν
768 4974 996 5044 πληγῶν
1038 4974 1266 5045 ἔχοντας
1321 4976 1583 5045 ὑγιάσας,
1640 4977 1736 5031 καὶ

134 5064 394 5134 καθάπερ
447 5060 652 5135 ἑταίρῳ
713 5066 821 5118 τινὶ
876 5068 968 5119 καὶ
1010 5066 1321 5139 συμπολίτῃ
1377 5068 1723 5135 φιλικώτατα

134 5155 451 5229 διαλεχθεὶς
525 5158 621 5210 καὶ
687 5162 1213 5228 κατασπασάμενος,
1276 5158 1732 5232 προσθυιιότερον

137 5248 322 5317 πολλῷ
362 5248 498 5317 πρὸς
540 5246 631 5301 τὸν
681 5248 869 5316 ἀγῶνα
928 5248 1202 5322 διέθηκεν.

206 5338 322 5392 ιιιο.
369 5337 580 5391 Ἕωθεν
631 5340 813 5393 τοίνυν
864 5338 1100 5404 καθίσας
1162 5345 1259 5398 ἐπὶ
1315 5342 1410 5397 τοῦ
1479 5345 1729 5416 βήματος

138 5430 305 5485 πάλιν
337 5429 537 5495 δδοὺξ,
591 5430 804 5485 κελεύει
847 5435 957 5488 τισὶ
993 5435 1107 5488 τῶν
1157 5437 1549 5509 περιεστώτων
1585 5442 1725 5506 ἀφε-

138 5523 403 5593 λομένους
438 5524 533 5577 τδν
577 5526 850 5597 μακάριον
903 5531 1010 5583 ἀπὸ
1050 5526 1147 5597 τῆς
1182 5532 1439 5602 φυλακῆς
1479 5535 1562 5607 (οὐ
1620 5536 1730 5605 γὰρ

140 5618 301 5681 αὐτὸς
336 5618 570 5671 δυνατὸν
606 5612 744 5675 εἶναι
772 5622 1084 5691 χρήσασθαι
1109 5626 1223 5689 τοῖς
1284 5627 1444 5679 ποσὶν
1479 5628 1589 5683 ὑπὸ
1619 5630 1731 5683 τῶν

138 5709 366 5782 πληγῶν
417 5708 579 5781 ᾤετο)
614 5712 750 5778 πρὸς
796 5714 989 5767 ἑαυτὸν
1041 5716 1227 5771 καὶτὸ
1277 5717 1435 5789 βῆμα
1476 5720 1727 5793 κομίσαι.

207 5875 225 5908 ⁸
260 5872 408 5928 Psal.
441 5884 624 5937 xxxix,
668 5873 683 5925 ι
723 5890 840 5945 sqq.
957 5879 974 5907 ⁷
1003 5877 1145 5933 Paul.
1183 5895 1269 5947 λι,
1303 5876 1390 5934 10.

1836 4805 1944 4861 set,
1976 4805 2031 4852 et
2059 4796 2248 4868 pedes,
2284 4798 2378 4867 qui
2422 4796 2563 4851 male
2600 4811 2660 4851 se
2701 4796 2995 4864 habebant,
3044 4807 3313 4863 sanasset,
3363 4807 3421 4853 et

1836 4896 2094 4959 tanquam
2130 4903 2255 4942 cum
2288 4889 2526 4959 quodam
2559 4890 2737 4944 amico
2784 4897 2839 4941 et
2869 4888 3097 4942 concive
3148 4902 3250 4943 suo
3280 4886 3418 4943 ami-

1834 4984 2056 5038 cissime
2086 4990 2232 5036 esset
2261 4982 2498 5046 locutus,
2536 4991 2592 5034 et
2620 4995 2745 5036 eum
2773 4978 3080 5051 amplexus.
3112 4979 3271 5053 longe
3296 4980 3413 5035 ala-

1835 5074 2069 5131 criorem
2102 5074 2339 5130 reddidit
2368 5074 2435 5128 ad
2462 5076 2760 5129 certamen.

1906 5341 2098 5398 XVIII.
2128 5340 2286 5398 Mane
2318 5355 2449 5413 ergo
2498 5339 2704 5396 sedens
2749 5339 2855 5396 dux
2893 5340 2946 5395 in
2996 5338 3277 5402 tribunali,
3321 5339 3413 5408 ju-

1838 5437 1931 5491 bet
1954 5435 2280 5505 quibusdam
2308 5449 2374 5489 ex
2418 5433 2506 5498 iis,
2540 5435 2635 5505 qui
2685 5434 2993 5497 adstabant,
3051 5442 3108 5487 ut
3160 5441 3409 5486 sanctum

1835 5528 2092 5583 tollentes
2118 5543 2151 5584 e
2173 5526 2421 5581 custodia
2453 5527 2655 5598 (neque
2681 5525 2826 5580 enim
2862 5525 3081 5597 putabat
3111 5526 3226 5580 tieri
3250 5540 3411 5595 posse

1831 5638 1943 5692 prae
1967 5622 2164 5693 plagis,
2203 5628 2263 5675 ut
2286 5626 2531 5675 uteretur
2559 5620 2831 5691 pedibus),
2863 5620 2931 5673 ad
2973 5634 3135 5675 suum
3165 5620 3415 5674 deterant

1833 5716 2092 5772 tribunal.
2123 5713 2262 5771 Cum
2290 5713 2365 5769 illi
2404 5722 2588 5769 autem
2618 5713 2980 5771 accessissent
3000 5712 3059 5769 in
3083 5714 3415 5778 custodiam,
