4136 6496
166 433 302 501 1033

1132 439 1308 500 VlTA
1350 440 1412 501 S.
1456 439 1800 505 DIONYSll
1846 442 2369 507 AREOPAGszE.

3247 443 3382 511 1034

165 562 447 624 ἐπιεικεῖς,
477 559 674 630 ἥμεροι
707 562 820 622 τοῖς
844 558 1033 623 ξένοις,
1058 564 1167 623 τοῖς
1196 562 1412 625 οἰκείοις
1439 560 1713 634 φιλάνθρω

1836 561 2103 617 mansueti
2151 561 2533 630 hospitalibus,
2585 558 2801 628 benigni
2855 560 2907 613 in
2958 559 3273 623 familiares,
3323 571 3380 614 et

172 666 279 715 ποι,
318 651 626 722 χρηστότης
659 651 842 713 αὐτοῖς
877 651 977 704 οὐκ
1018 651 1293 716 ἐπίδειξις,
1322 653 1742 725 ὑποκαθημένην

164 741 239 803 ὼς
264 742 331 794 τά
374 741 543 795 πολλά
576 744 679 814 τὴν
710 744 1016 813 σκαιότητα
1044 742 1267 814 ἔχουσα,
1298 745 1433 798 ἀλλά
1474 762 1526 798 τι
1570 746 1740 812 σαφὲς

167 829 414 901 γέννημα
445 831 544 899 τῆς
569 832 765 903 ψυχῆς,
804 834 898 886 καὶ
925 833 1026 903 τῆς
1050 834 1203 887 ἔνδον
1251 838 1534 907 χαρακτὴρ
1564 837 1739 890 διαθέ-

168 936 322 983 σεως.
374 922 589 994 Ἐπειδὴ
613 923 668 976 δὲ
712 924 965 997 Ἀθήνῃσι
1000 924 1212 989 Παῦλος
1240 928 1483 994 ἐγένετο,
1510 929 1600 980 καὶ
1629 930 1738 989 τοῖς

180 1015 573 1086 Ἐπικουρείοις
600 1016 666 1068 τά
700 1016 1013 1087 Πυθαγόρου
1058 1018 1384 1087 κρατύνουσι
1415 1018 1732 1088 συμϐαλὼν,

164 1105 326 1174 ἔργου
350 1108 524 1176 εἴχετο
548 1108 624 1177 τῷ
666 1109 761 1177 τῆς
789 1108 1039 1171 ἀσεϐείας
1062 1110 1258 1173 αὐτοὺς
1282 1110 1588 1178 ἀποστῆσαι
1614 1110 1736 1176 δογ-

169 1195 380 1263 μάτων,
412 1199 505 1248 καὶ
548 1197 850 1267 μεταθεῖναι
886 1198 1020 1268 πρὸς
1055 1198 1156 1268 τὴν
1186 1199 1489 1261 εὐσέϐειαν,
1523 1198 1648 1261 τούς
1675 1215 1733 1251 τε

161 1286 270 1338 τῶν
294 1287 525 1340 είδὼλων
546 1289 1002 1359 καταστρέφεσθαι
1027 1290 1207 1352 ναοὺς.
1234 1291 1328 1343 καὶ
1358 1294 1541 1342 πεῖσαι
1578 1291 1733 1360 Ἀθη-

165 1376 349 1439 ναίους
378 1379 434 1429 ἐν
456 1380 519 1448 τῇ
544 1378 790 1448 ἐσχάτῃ,ὴ
801 1377 940 1448 μέρᾳ
962 1378 1060 1447 τῆς
1076 1380 1312 1448 κρίσεως
1333 1377 1732 1449 ἀναστήσεσθαι

164 1466 397 1535 μέλλειν,
417 1469 510 1519 καὶ
523 1468 671 1529 δίκας
682 1467 788 1519 τῶν
805 1468 984 1531 αὐτοῖς
1004 1468 1381 1538 εἰργασμένων
1397 1469 1731 1541 εἰσπραχθῆ-

161 1558 380 1611 σεσθαι·
416 1552 558 1610 οὗτοι
591 1558 667 1621 δὲ,
691 1558 799 1611 τῶν
837 1558 1009 1612 ἄλλων
1046 1560 1140 1611 az:
1181 1558 1731 1630 δεισιδαιμονέστερον

158 1652 509 1720 διακείμενοι,
545 1651 637 1702 καὶ
665 1652 742 1713 εἰς
769 1649 965 1712 πολλάς
1004 1648 1160 1713 δόξας
1199 1649 1291 1701 καὶ
1327 1650 1540 1711 πίστεις
1577 1666 1728 1719 μερι-

159 1741 394 1811 ζόμενοι,
430 1739 774 1812 μυκτηρίζειν
802 1741 962 1793 αὐτὸν
982 1739 1316 1809 ἐπεχείρουν,
1342 1739 1544 1791 καινῶν
1569 1739 1728 1793 τινῶν

159 1833 253 1885 καὶ
287 1831 453 1898 ξένων
480 1833 765 1903 δαιμονίων
791 1832 1128 1900 καταγγελέα
1157 1830 1469 1893 καλοῦντεςι
1501 1831 1648 1894 ὅπως
1672 1831 1729 1885 δέ

1840 667 1964 709 vera
1997 652 2213 707 bonitas
2241 662 2358 706 erat
2387 651 2467 705 eis
2506 650 2739 714 bonitas,
2782 665 2889 703 non
2922 650 3230 713 ostentatio,
3264 666 3384 720 qua:

1831 746 1993 803 habet
2052 742 2447 812 improbitatem
2509 755 2701 812 magna
2776 756 2839 796 ex
2900 749 3052 810 parte
3116 742 3383 796 insidian-

1833 850 1978 905 tem;
2040 841 2146 891 imo
2168 834 2387 905 quidam
2442 844 2658 903 apertus
2696 835 2888 888 animae
2917 832 3101 897 fretus,
3156 841 3209 889 et
3253 834 3381 888 cha-

1833 938 2015 984 racter
2066 928 2293 981 internae
2338 924 2655 979 aﬂ'ectionis.
2704 924 2996 993 Postquam
3055 933 3231 979 autem
3281 924 3380 978 fuit

1831 1019 2033 1073 Paulus
2074 1018 2319 1076 Athenis.
2372 1024 2424 1070 et
2476 1030 2803 1085 congressus
2852 1031 2973 1070 cum
3018 1016 3296 1086 Epicureis
3326 1025 3381 1070 et

1831 1109 2068 1172 Stoicis,
2119 1108 2208 1178 qui
2245 1107 2557 1178 Pythagora
2587 1106 2835 1177 dOgmata
2884 1108 3248 1172 sectabantur,
3305 1109 3380 1162 in-

1830 1202 2006 1255 stabat
2037 1200 2204 1268 operi,
2266 1214 2455 1268 nempe
2493 1207 2551 1252 ut
2598 1214 2693 1253 eos
2738 1198 3027 1253 abduceret
3081 1214 3112 1252 a
3162 1199 3381 1269 dogma-

1828 1293 1971 1347 tibus
2023 1290 2356 1360 impietatis,
2409 1297 2462 1343 et
2517 1289 2818 1343 traduceret
2872 1288 2936 1341 ad
2994 1290 3283 1357 pietatem,
3326 1298 3379 1343 et

1827 1389 2092 1436 everteret
2154 1380 2353 1449 templa
2415 1380 2863 1443 simulacrorum,
2920 1388 2974 1432 et
3029 1379 3378 1447 persuaderet

1832 1470 2273 1529 Atheniensibus,
2320 1468 2434 1523 fore
2474 1478 2532 1523 ut
2575 1475 2921 1538 resurgerent
2960 1468 3015 1521 in
3054 1469 3246 1521 ultimo
3292 1468 3379 1522 die

1822 1560 2010 1630 iudicii
2038 1600 2051 1622 ,
2106 1568 2161 1613 et
2206 1558 2397 1613 darent
2430 1573 2619 1626 paruas
2672 1573 2857 1611 eorum
2915 1550 3034 1627 quae
3076 1557 3373 1613 fecissent:

1822 1651 1881 1715 ii,
1926 1659 1983 1703 ut
2032 1650 2124 1718 qui
2180 1656 2362 1703 essent
2403 1650 2523 1703 aliis
2584 1649 2759 1703 ail‘eeti
2815 1649 3261 1719 superstitiosius,
3322 1657 3377 1703 et

1821 1742 1879 1796 in
1926 1741 2126 1794 multas
2156 1740 2313 1794 divisi
2341 1750 2522 1795 essent
2572 1742 2872 1810 Opiniones,
2929 1742 3377 1812 aggrediebantur

1820 1845 1943 1885 eum
1976 1830 2345 1891 snbsannare,
2375 1838 2631 1885 vocantes
2661 1845 2783 1884 eum
2816 1832 3246 1885 annuntiatorem
3277 1848 3374 1886 no-
3456 1838 3459 1841 λ

160 1923 235 1993 μὴ
265 1899 626 1995 μυκτηρισμῷ
653 1924 807 1994 μόνον
840 1922 1175 1995 παράὐτῶν
1211 1922 1476 1991 βάλλοιτο,
1512 1923 1648 1976 ἀλλά
1671 1940 1716 1977 τι

1821 1936 2010 1976 vorum
2073 1919 2427 1990 quorumdam
2480 1921 2887 1976 daemoniorum.
2946 1920 3025 1975 Ne
3078 1929 3253 1977 autem
3302 1925 3370 1978 ab

154 2015 249 2068 καὶ
269 2015 378 2067 τῶν
408 2014 644 2086 ἀνιαρῶν
680 2015 941 2085 ὑποσταίη
985 2014 1138 2076 δίκας
1168 2013 1275 2067 τῶν
1305 2014 1395 2067 ὑπ’
1421 2014 1585 2068 αὐτοῦ
1618 2030 1720 2083 κη-

156 2106 497 2176 ρυττομένων
508 2106 698 2170 διδοὺς,
713 2105 1090 2177 ἐπιλαϐόμενοι
1110 2106 1274 2159 αὐτοῦ
1292 2108 1383 2159 ἐπὶ
1402 2106 1493 2158 τὸν
1510 2108 1726 2179 Ἀρειον

154 2195 331 2264 πάγον
360 2197 595 2266 ἧγαγον·
625 2196 683 2259 ὃς
703 2196 864 2260 τόπος
894 2196 990 2268 μὲν
1021 2192 1089 2267 ἦν
1119 2196 1460 2267 συναγωγῆς,
1494 2198 1586 2250 καὶ
1617 2195 1726 2250 τῶν

166 2285 405 2357 Ἀθηνῶν
434 2288 511 2340 ἔτι
538 2286 826 2340 καθίστατο
848 2288 1209 2359 δικαστήριον.
1240 2288 1303 2341 El
1322 2287 1430 2359 γὰρ
1461 2289 1552 2341 καὶ
1590 2287 1725 2341 Ῥω-

155 2381 304 2448 μαῖοι
350 2380 568 2432 πάντων
607 2378 727 2431 τότε
772 2380 1065 2449 ἐκράτουν,
1108 2379 1221 2432 ἀλλ’
1270 2378 1584 2450 Ἀθηναίους
1629 2379 1726 2433 καὶ

151 2468 607 2538 Λακεδαιμονίους
646 2469 969 2538 αὐτονόμους
1002 2470 1235 2539 ἀφῆκαν.
1269 2470 1494 2541 Εἴρηται
1522 2470 1579 2524 δέ
1624 2486 1724 2541 μυ-

154 2558 321 2621 θικῶς
355 2558 516 2621 οὕτω,
553 2558 801 2628 καθάπερ
842 2559 1034 2611 ἐκεῖνοί
1083 2575 1264 2627 φασιν,
1306 2560 1414 2612 ἀπὸ
1447 2560 1541 2613 τοῦ
1566 2562 1724 2633 δίκην

152 2650 208 2700 ἐν
241 2649 389 2718 αὐτῷ
417 2648 509 2701 τὸν
542 2648 775 2701 Ποσειδῶ
796 2647 936 2701 κατά
970 2647 1065 2701 τοῦ
1099 2650 1305 2720 Ἄρεως
1333 2650 1608 2719 ὑποσχεῖν,
1639 2653 1720 2705 ὃτι

149 2739 242 2792 τὸν
270 2739 461 2792 τούτου
508 2741 619 2793 υἱὸν
662 2740 974 2793 ἀπέκτεινεν
1014 2740 1357 2813 Ἁλιρρόθιον.
1405 2743 1721 2811 Ἀγαγόντες

150 2825 241 2882 οὖν
276 2832 437 2882 αὐτὸν
469 2832 609 2898 (ἐπεὶ
640 2833 732 2884 καὶ
751 2832 827 2902 τῷ
858 2831 966 2884 τῶν
995 2831 1197 2902 θρόνων
1222 2832 1363 2901 ὕψει,
1395 2834 1487 2887 καὶ
1518 2837 1586 2905 τῇ
1617 2850 1718 2886 κα-

148 2920 494 2991 ταργουμένῃ
519 2921 678 2990 σοφίᾳ
715 2922 853 2990 μέγα
886 2923 1161 2993 ἐφρόνουν,
1189 2925 1283 2976 καὶ
1308 2923 1421 2994 ἅμα
1444 2924 1551 2976 τῶν
1584 2941 1719 2994 γινο-

152 3013 329 3080 μένων
352 3013 613 3082 ἀκροαταὶ
635 3013 727 3064 καὶ
757 3014 937 3083 κριταὶ
978 3014 1380 3087 προεκάθηντο⁸
1422 3012 1495 3070 ὧν
1518 3011 1596 3081 εἷς
1624 3018 1717 3071 καὶ

148 3102 421 3165 Διονύσιος
460 3098 547 3173 ἦν,
594 3104 694 3155 κάν
724 3106 835 3165 τοῖς
870 3103 1043 3171 λόγοις
1084 3107 1185 3157 κάν
1216 3111 1326 3169 τοῖς
1353 3108 1717 3181 δικαστηρίοις

146 3191 209 3243 τὸ
239 3194 418 3246 πλεῖον
436 3195 878 3267 ἀποφερόμενος)’
912 3196 1035 3259 «Τίς
1071 3199 1103 3267 ἡ
1141 3198 1297 3267 καινὴ
1328 3200 1463 3268 αὕτη
1489 3200 1580 3251 καὶ
1612 3201 1716 3252 ὑπὸ

147 3279 241 3333 σοῦ
264 3280 582 3352 λαλουμένη,
618 3302 635 3335 ι
663 3284 795 3353 πρὸς
827 3283 915 3337 τὸν
944 3284 1151 3337 Παῦλον
1182 3286 1409 3356 ἔφησαν,
1441 3304 1460 3337 ι
1506 3286 1710 3359 διδαχὴ,

143 3371 239 3423 καὶ
258 3371 326 3423 τά
361 3372 499 3439 σοφὰ
520 3372 611 3425 καὶ
639 3388 703 3424 πε
714 3374 1059 3442 ρινενοημένα
1088 3376 1425 3447 σοφίσματα;
1456 3378 1549 3430 καὶ
1579 3379 1662 3439 τίς
1685 3381 1714 3432 ό

143 3465 491 3537 θεάνθρωπος
534 3463 769 3534 ἰησοῦςς
813 3465 906 3516 καὶ
943 3464 970 3514 ὁ
1008 3466 1099 3519 ἐπὶ
1129 3466 1283 3533 ξύλου
1316 3467 1582 3540 ζωοδότης
1620 3469 1714 3524 καὶ

143 3555 337 3624 κριτὴς
370 3553 748 3623 εὑθυνόμενος;
782 3551 1054 3618 ξενίζοντα
1096 3555 1205 3625 γάρ
1242 3572 1363 3606 τινα
1406 3556 1591 3625 φέρεις
1634 3558 1713 3619 εἰς

139 3645 239 3707 τάς
284 3645 452 3707 ἀκοάς
482 3644 655 3715 ἡμῶν.
694 3643 999 3714 Βουλόμεθα
1026 3640 1117 3705 οὖν
1140 3645 1365 3711 γνῶναι,
1406 3645 1456 3696 τί
1493 3646 1557 3697 ἂν
1587 3644 1711 3714 βού-

140 3735 284 3788 λοιτο
314 3734 505 3797 ταῦτα,
532 3735 625 3787 καὶ
651 3736 783 3806 πρὸς
812 3736 840 3788 δ
872 3734 1114 3805 φέρουσι.
1145 3754 1163 3785 ι
1188 3735 1295 3787 Καὶ
1313 3735 1391 3799 δς,
1418 3734 1477 3787 τὸ
1499 3734 1711 3806 πρῶτον

140 3826 383 3897 ἐπαίρων
417 3840 477 3876 τε
501 3824 615 3894 ἅμα
646 3823 713 3876 τά
734 3825 953 3876 ἐκείνων
985 3824 1075 3876 καὶ
1095 3823 1161 3875 δι’
1186 3824 1408 3878 ἐπαίνου
1433 3824 1710 3897 τιθέμενος

139 3911 249 3968 οἷον
307 3912 475 3980 είκδς,
537 3914 624 3969 ἵνα
646 3914 717 3987 μὴ
738 3916 847 3976 τοῖς
866 3912 1053 3982 ἀήθεσι
1077 3916 1167 3966 καὶ
1192 3913 1363 3977 ξένοις
1392 3914 1570 3980 λόγοις
1587 3932 1708 3983 τρα-

139 4007 382 4075 χύνοιντο
428 4005 617 4077 (θυμὸν
650 4006 757 4077 γάρ
808 4004 1153 4074 ὑποστρέφει,
1206 4007 1387 4076 φησὶν,
1421 4006 1709 4077 ἀπόκρισις

140 4094 571 4163 ὑποπίπτουσαΓ
610 4112 628 4144 ι
664 4093 905 4164 Ἀνδρες,
939 4088 1109 4157 εἶπεν,
1158 4093 1451 4165 Ἀθηναῖοι,
1484 4096 1611 4168 περὶ
1634 4089 1707 4149 ὧν

142 4184 497 4249 πυνθάνεσθε,
529 4184 770 4257 ὕστερον,
808 4185 854 4238 εί
899 4184 1069 4249 δοκεῖ,
1121 4186 1473 4258 διηγήσομαι·
1517 4189 1611 4242 νῦν
1652 4188 1708 4242 δὲ

138 4276 280 4329 κατά
296 4276 470 4330 πάντα
489 4276 562 4338 ὼς
577 4275 1154 4345 δεισιδαιμονεστέρους
1170 4276 1310 4345 ὑμᾶς
1327 4278 1538 4346 θεωρῶ.
1556 4282 1707 4349 Διερ-

136 4368 361 4437 χόμενος
375 4366 444 4433 γά
452 4383 482 4435 ρ
499 4368 589 4419 καὶ
602 4366 667 4418 τά
684 4366 992 4435 σεϐάσματα
1009 4367 1038 4419 ὑ
1046 4368 1161 4436 μῶν
1179 4367 1522 4439 ἀναθεωρῶν.
1552 4365 1705 4441 εὖρον

136 4457 231 4509 καὶ
266 4454 468 4526 βωμὸν,
507 4457 561 4507 ἐν
588 4447 632 4520 ᾧ
663 4454 1050 4521 ἐπεγέγραπτου
1102 4456 1406 4523 Ἀγνώστῳ
1438 4460 1576 4524 Θεῷ.
1609 4464 1705 4515 “Ov

136 4540 231 4597 οὖν
274 4543 589 4611 ἀγνοοῦντες
632 4543 918 4606 εὐσεϐεῖτε,
972 4543 1161 4596 τοῦτον
1198 4545 1309 4611 ἐγὼ
1353 4550 1703 4617 καταγγέλλω
1731 4580 1777 4637 D

138 4638 295 4703 ὑμῖν·
329 4635 377 4687 εί
406 4635 511 4705 ἀρα
539 4633 881 4703 ψηλαφήσετε
910 4636 1089 4699 αὑτὸν,
1126 4635 1219 4687 καὶ
1240 4634 1472 4704 εὕροιτε,
1508 4642 1600 4692 καί
1639 4658 1701 4708 γε

135 4725 198 4776 οὑ
241 4724 457 4794 μακρὰν
491 4724 581 4791 ἀφ’
617 4723 841 4775 ἐκάστου
879 4725 1028 4793 ὑμῶν
1071 4725 1398 4795 ὑπάρχοντα.
1440 4728 1524 4780 Ἐν
1556 4731 1701 4801 αὑτῷ

137 4812 245 4881 γάρ
271 4812 453 4882 ζῶμεν
475 4814 566 4866 καὶ
590 4812 880 4881 κινούμεθα
912 4815 1003 4865 καὶ
1020 4816 1199 4885 ἐσμέν.
1226 4838 1242 4867 ι
1262 4817 1475 4871 Τούτων
1508 4822 1698 4875 ἐκεῖνοι

138 4902 489 4961 ἀκούσαντες,
513 4902 605 4953 καὶ
623 4902 702 4953 δτι
724 4900 934 4972 πλήρης
959 4905 986 4954 ό
1008 4901 1160 4970 λόγος
1180 4906 1393 4977 κομιίιῆς
1413 4909 1698 4979 ἐτύγχανεν

132 4992 391 5053 διανοίας,
438 4985 526 5043 οἷα
564 4991 787 5061 βροντῆς
821 4994 935 5062 ἤχῳ
972 4996 1434 5064 καταπλαγέντες,
1489 5001 1698 5074 ἀφωνία

134 5084 463 5152 συνείχοντο.
510 5083 632 5150 ὐψὲ
652 5083 706 5135 δέ
739 5084 831 5135 καὶ
868 5084 1015 5152 μόλις
1051 5105 1067 5135 ι
1115 5088 1477 5158 Ἀκουσόμεθά
1514 5109 1604 5144 σου
1629 5096 1693 5163 τῇ

133 5174 454 5243 ὐστεραίᾳμ
504 5174 975 5242 ἐπιφθεγξάμενοι,
1014 5178 1106 5229 τοῦ
1145 5179 1487 5251 δικαστηρίου
1510 5184 1694 5236 τοῦτον

130 5264 373 5331 ἀφῆκαν.
424 5261 658 5325 Ἐξεισιν
695 5260 787 5315 οὖν
810 5264 837 5314 ὁ
864 5264 1073 5327 Παῦλος
1108 5269 1167 5319 οὑ
1211 5262 1391 5332 κεναῖς
1436 5274 1605 5340 χερσὶ,
1635 5274 1693 5324 τὸ

129 5354 415 5422 ᾀδόμενονο
441 5352 552 5404 ἀλλ’
581 5354 908 5422 ἐφεπόμενον
937 5354 1024 5407 τὸν
1057 5359 1310 5429 πρόεδρόν
1336 5379 1391 5413 τε
1425 5364 1514 5415 καὶ
1535 5380 1692 5433 κορυ-

129 5448 283 5511 φαῖον
310 5444 412 5513 τῆς
445 5443 550 5494 τῶν
592 5445 851 5511 σοφιστῶν
889 5450 1193 5518 συμμορίας
1229 5453 1573 5522 παραλαϐὼν,
1600 5456 1689 5509 τὸν

134 5534 303 5602 μέγαν
331 5533 520 5586 τοῦτόν
540 5552 677 5603 φημι
704 5537 974 5588 Διονύσιον
992 5555 1003 5565 ’
1031 5542 1123 5591 καὶ
1154 5541 1337 5614 ῶσπερ
1373 5562 1452 5607 τις
1494 5547 1687 5616 Ὀλυμ-

132 5628 380 5694 πιονίκης
416 5624 448 5694 ἢ
488 5627 815 5695 στρατηγὸς,
856 5628 954 5695 τῆς
990 5629 1122 5693 ἰδίας
1158 5632 1398 5703 γλώττης
1432 5639 1684 5708 τρόπαιον

244 5794 270 5831 ι
291 5793 451 5848 Pr0v.
490 5810 574 5848 xv.

462 5895 729 5953 ΡΑτιιοι.
773 5895 886 5958 Gn.
938 5894 1101 5961 CXV.

1824 2009 1905 2064 eis
1944 2016 2282 2079 appeteretur
2325 2010 2437 2063 sola
2465 2010 2907 2072 subsannatione,
2945 2009 3038 2064 sed
3084 2010 3367 2066 molestum

1822 2099 1988 2153 etiam
2047 2098 2250 2168 aliquid
2300 2099 2618 2163 sustineret,
2670 2099 2806 2154 dans
2858 2102 3122 2156 rationem
3180 2116 3366 2156 eorum

1821 2199 1943 2253 quae
1993 2185 2061 2239 ab
2110 2185 2229 2255 ipso
2265 2185 2716 2255 praedicabantur,
2746 2189 3205 2258 apprehendentes
3245 2205 3367 2244 eum

1820 2274 2156 2330 duxeruntin
2172 2276 2645 2347 Are0pagum,qui
2674 2286 2805 2332 tunc
2832 2279 3048 2348 quidem
3068 2286 3186 2335 erat
3215 2280 3369 2337 locus

1819 2365 2274 2438 congregationis,
2299 2374 2353 2422 et
2382 2366 2715 2423 Athenarum
2740 2376 2854 2423 erat
2876 2369 3054 2425 adhuc
3077 2370 3365 2440 judicium.

1819 2454 1955 2511 Nam
1990 2456 2091 2511 etsi
2123 2464 2251 2511 tunc
2282 2454 2508 2512 Romani
2552 2458 2605 2511 in
2635 2472 2822 2515 omnes
2861 2459 3169 2515 obtinerent
3194 2460 3367 2532 impe-

1818 2543 1979 2605 rium,
2003 2543 2361 2597 Athenienses
2385 2553 2561 2605 tamen
2591 2552 2643 2599 et
2666 2544 3101 2602 Lacedaemonios
3122 2549 3206 2603 sui
3224 2549 3366 2618 juris

1817 2630 2167 2686 demiserant.
2193 2630 2393 2685 Fabula
2420 2640 2619 2697 autem,
2654 2634 2794 2689 sicut
2816 2635 2917 2703 ipsi
2938 2635 3148 2701 dicunt,
3171 2652 3365 2693 nomen

1818 2721 2048 2789 accepit,
2079 2721 2221 2792 quod
2254 2721 2534 2793 Neptunus
2572 2723 2626 2778 in
2656 2738 2723 2778 eo
2762 2734 2950 2780 contra
2983 2725 3207 2783 Martem
3237 2743 3366 2784 cau.

1814 2825 1930 2868 sam
1949 2813 2289 2876 sustinuerit,
2320 2814 2463 2883 quod
2488 2815 2646 2885 hujus
2668 2815 2835 2870 lilium
2864 2816 3249 2874 Halirrothium
3281 2835 3367 2874 oc-

1814 2901 2052 2959 cidisset.
2073 2901 2208 2956 Cum
2235 2917 2357 2958 eum
2378 2920 2503 2975 ergo
2530 2906 2887 2962 adduxissent
2917 2908 2972 2963 in
2995 2909 3207 2964 illorum
3234 2925 3365 2965 cono

1814 3001 2092 3064 spectum,
2135 2994 2227 3063 qui
2277 3004 2330 3048 et
2367 3005 2589 3066 propter
2628 3000 2837 3052 sedium
2882 3000 3244 3066 altitudinem.
3288 3012 3362 3065 et,

1813 3099 1934 3154 qua:
1966 3092 2281 3147 evacuatur,
2320 3088 2661 3156 sapientiam,
2699 3105 2757 3146 se
2798 3092 3084 3162 magnifice
3129 3095 3368 3149 circum-

1814 3177 2115 3248 spiciebant
2145 3191 2157 3226 :
2189 3185 2243 3229 et
2272 3177 2431 3231 simul
2461 3194 2647 3234 eorum
2679 3197 2798 3251 quae
2826 3182 3047 3248 ﬁebant,
3088 3185 3363 3241 auditores

1809 3279 1864 3323 et
1894 3270 2108 3337 judiees
2137 3270 2519 3338 praesidebant,
2569 3288 2801 3342 quorum
2844 3291 2986 3329 unus
3037 3277 3203 3332 etiam
3249 3288 3365 3334 erat

1808 3358 2120 3429 Dionysius,
2152 3361 2310 3427 cujus
2346 3370 2399 3418 et
2433 3363 2487 3416 in
2528 3363 2789 3429 dicendo,
2824 3374 2878 3419 et
2905 3366 3200 3433 judicando
3230 3384 3365 3438 pra-

1808 3450 1978 3518 cipuae
2009 3457 2163 3505 erant
2194 3458 2407 3519 partes;
2451 3471 2468 3503 ι
2493 3452 2747 3518 Quaenam
2775 3465 2859 3510 est
2883 3456 2995 3511 haec
3016 3472 3175 3525 nova,
3199 3474 3361 3529 quea

1809 3550 1861 3596 te
1883 3542 2105 3607 dicitur,
2139 3542 2439 3610 doctrina,»
2466 3543 2633 3600 Paulo
2652 3546 2925 3613 dixerunt,
2961 3550 3364 3620 «sapientiaque

1806 3642 1859 3687 et
1876 3636 2152 3700 ingeniosa
2180 3635 2429 3691 decreta?
2452 3647 2504 3691 et
2526 3638 2649 3708 quis
2667 3646 2749 3693 est
2767 3636 2925 3695 Jesus
2943 3638 3085 3695 Deus
3106 3648 3159 3695 et
3176 3642 3359 3704 homo.

1805 3735 1859 3779 et
1890 3725 1943 3777 in
1976 3726 2120 3795 ligno
2142 3727 2263 3781 vitae
2290 3727 2446 3782 dator
2470 3739 2521 3782 et
2540 3730 2727 3797 judex,
2761 3745 2791 3783 a
2813 3747 2919 3799 quo
2948 3732 3001 3785 in
3020 3733 3113 3801 jus
3142 3740 3365 3787 vocatur

1807 3816 2033 3885 quilibet
2072 3818 2384 3875 redditurus
2422 3820 2719 3874 rationem?
2748 3821 3006 3885 Quadam
3049 3822 3195 3876 enim
3225 3838 3362 3877 nova

1804 3916 1858 3961 et
1895 3910 2071 3962 aliena
2112 3910 2290 3964 defei‘s
2333 3912 2398 3964 ad
2448 3927 2610 3966 aures
2650 3920 2887 3968 nostras.
2931 3911 3196 3968 Volumus
3233 3929 3363 3985 ergo

1806 3997 1976 4060 scire,
2009 3997 2137 4066 quid
2178 3997 2291 4051 [nec
2330 3998 2432 4052 sibi
2463 3998 2681 4060 volunt,
2714 4007 2769 4053 et
2802 4015 2911 4068 quo
2941 4000 3190 4057 tendunt.
3223 4022 3241 4055 ι
3274 4001 3363 4056 llle

1806 4094 1983 4140 autem
2015 4100 2102 4141 res
2202 4098 2390 4141 eorum
2494 4082 2727 4156 primum
2750 4087 3016 4141 extollens
3032 4095 3085 4142 et
3112 4088 3361 4149 laudans,

1804 4185 1873 4224 ne
1897 4171 2125 4228 insuetis
2152 4182 2204 4229 et
2222 4175 2413 4230 alienis
2432 4175 2610 4230 verbis
2639 4176 2983 4232 irritarentur
3006 4176 3165 4247 (iram
3190 4177 3359 4241 enim,

1802 4264 1877 4315 ait
1908 4263 2017 4323 ille,
2052 4265 2246 4318 avertit
2281 4280 2338 4319 se
2367 4267 2698 4321 submittens
2723 4269 3004 4335 responsio
3033 4268 3093 4338 δ)
3128 4287 3140 4322 :
3189 4286 3207 4319 ι
3248 4268 3362 4323 Viri

1811 4353 2008 4421 inquit,
2033 4353 2413 4423 Athenienses,
2448 4357 2515 4412 de
2562 4358 2631 4413 iis
2668 4372 2787 4427 qum
2815 4358 3178 4428 interrogatis,
3213 4370 3356 4429 post-

1803 4450 2022 4500 modum
2057 4449 2101 4501 si
2129 4448 2199 4501 ita
2228 4448 2504 4503 videbitur
2535 4448 2804 4505 disseram
2837 4465 2849 4500 :
2878 4464 3023 4505 nunc
3054 4458 3233 4507 autem
3264 4467 3361 4523 per

1801 4535 1981 4589 omnia
2010 4538 2167 4605 quasi
2196 4541 2691 4607 superstitiosiores
2718 4556 2815 4596 vos
2846 4542 3015 4597 video.
3066 4541 3359 4599 Transiens

1800 4626 1964 4688 enim,
2005 4637 2061 4680 et
2106 4630 2378 4697 aspiciens
2445 4646 2507 4685 ea
2574 4648 2696 4700 quae
2738 4633 2932 4697 colitis,
2980 4634 3158 4688 inveni
3198 4638 3357 4691 etiam

1800 4732 1966 4779 aram,
2004 4719 2058 4771 in
2089 4735 2195 4789 qua
2234 4720 2562 4794 inscriptum
2601 4734 2751 4778 erat:
2788 4722 2972 4791 Ignoto
3016 4724 3142 4779 Deo.
3186 4724 3352 4791 Quem

1798 4824 1926 4879 ergo
1956 4809 2269 4877 ignorantes
2286 4818 2492 4877 colitis.
2524 4831 2644 4871 eum
2670 4818 2932 4872 annuntio
2960 4819 3110 4873 vobis
3130 4836 3144 4884 ;
3164 4820 3208 4873 si
3230 4834 3350 4877 eum

1798 4899 1934 4956 forte
1974 4908 2466 4969 contrectaveritis,
2514 4918 2567 4961 et
2611 4908 2947 4971 inveneritis,
2984 4910 3084 4963 etsi
3126 4926 3234 4964 non
3280 4910 3348 4963 sit

1797 4993 1955 5061 longe
1999 4994 2066 5047 ab
2110 5009 2435 5065 unoquoque
2473 5007 2733 5051 vestrum.
2781 4997 2838 5051 In
2880 4999 2999 5068 ipso
3040 5000 3183 5054 enim
3213 5002 3347 5055 vivi-

1798 5098 1935 5146 mus,
1966 5091 2020 5136 et
2051 5100 2347 5146 movemur.
2381 5094 2433 5139 et
2463 5103 2669 5144 sumus.
2702 5108 2719 5140 ι
2742 5087 2865 5144 Hrec
2887 5105 3007 5144 cum
3038 5092 3112 5144 illi
3144 5092 3344 5146 audiis-

1795 5183 1936 5236 sent,
1966 5177 2217 5243 quoniam
2244 5178 2499 5247 gravibus
2523 5180 2802 5235 sententiis
2827 5182 2982 5251 plena
3002 5190 3119 5236 erat
3149 5184 3340 5246 oratio,

1794 5272 2046 5333 tanquam
2075 5282 2208 5320 sono
2234 5270 2438 5320 tonitru
2472 5280 2653 5323 essent
2684 5270 3063 5339 obstupefacti.
3096 5273 3339 5341 elingues

1790 5361 1843 5407 et
1871 5358 2001 5409 inuti
2029 5367 2331 5412 evaserant.
2348 5358 2479 5411 Cum
2502 5369 2678 5415 autem
2702 5363 2787 5415 vix
2811 5364 3026 5416 tandem
3049 5363 3335 5418 dixissent:

1796 5462 1814 5492 ι
1865 5444 2161 5502 Audiamus
2200 5458 2254 5501 te
2292 5451 2576 5517 postridie,
2608 5472 2624 5503 ι
2661 5469 2783 5507 eum
2814 5454 3137 5508 dimiserunt
3180 5470 3211 5509 e
3249 5454 3339 5523 ju-

1790 5534 1953 5588 dicio.
1972 5535 2255 5610 Egreditur
2270 5554 2396 5609 ergo
2417 5539 2637 5610 Paulus,
2667 5560 2773 5598 non
2801 5546 3071 5606 inanibus,
3102 5555 3159 5598 ut
3180 5547 3338 5614 vulgo

1787 5624 2291 5693 dicitur,manibus,
2314 5631 2405 5684 sed
2428 5647 2610 5687 secum
2634 5646 2871 5703 accepto,
2892 5638 2981 5702 qui
3001 5651 3123 5689 eum
3146 5652 3337 5705 seque-

3010 5934 3085 5989 33
