4136 6500
749 408 894 470 1035

1998 404 2281 467 MENSIS
2321 401 2675 465 OC'I‘OBER.

3846 394 3974 457 1036

760 540 937 596 batur,
975 534 1220 601 praeside,
1242 540 1294 585 et
1324 532 1512 586 classis
1541 531 1898 599 sophistarum
1925 531 2303 599 principe,hoc

2420 532 2567 586 αὐτὸν
2623 531 2979 602 ποιησάμενος
3019 527 3113 581 καί
3163 528 3367 598 καρπὸν
3409 522 3645 576 τοιοῦτον
3688 519 3791 572 τοῦ
3845 520 3974 586 πρὸς

757 641 971 695 magno,
1000 625 1237 692 inquam,
1278 622 1556 692 Dionysio.
1595 621 1668 675 De
1700 637 1830 691 quo,
1862 629 2117 690 tanquam
2156 623 2306 691 quis-

755 718 899 785 piam
943 716 1116 768 victor
1164 711 1509 782 Olympicus,
1557 721 1648 765 aut
1693 713 1800 766 dux
1846 715 2138 776 exercitus,
2196 731 2308 770 suae

755 808 947 875 linguae
983 805 1154 859 erexit
1185 805 1501 872 trophzeum,
1534 813 1586 858 et
1633 804 1774 856 hunc
1818 803 2053 856 fructum
2089 805 2307 874 collegit

754 913 816 950 ex
848 897 1092 950 oratione
1145 910 1303 964 quam
1331 895 1514 947 habuit
1539 893 1604 946 ad
1631 894 2010 948 Athenienses.
2045 893 2115 946 lis
2141 896 2307 961 enim,

754 1001 874 1055 qua:
912 986 978 1040 de
1019 985 1145 1040 Jesu
1179 985 1500 1038 dicebantur
1537 1000 1565 1037 a
1603 999 1851 1053 praecone
1882 985 2142 1045 veritatis,
2185 998 2307 1036 cum

753 1093 783 1129 a
814 1094 869 1132 se
898 1080 1045 1146 prius
1068 1078 1236 1130 visam
1256 1077 1310 1129 in
1345 1084 1586 1144 tempore
1617 1076 1887 1144 passionis
1912 1075 2308 1127 innovationem

756 1171 854 1224 sibi
883 1170 985 1238 ipsi
1006 1169 1355 1236 explicuisset
1375 1167 1746 1228 luminarium,
1772 1174 1824 1219 et
1852 1165 1992 1218 hanc
2019 1166 2312 1217 humanam

752 1261 1092 1329 dcspexisset
1132 1259 1472 1328 sapientiam,
1504 1266 1746 1312 sectatur
1772 1258 1994 1310 verbum
2027 1257 2308 1320 veritatis,

754 1361 808 1405 et
861 1353 1174 1420 adjungitur
1220 1350 1588 1419 Apostolo;et
1619 1348 2043 1418 regenerationis
2102 1349 2316 1399 lavacro

756 1452 1182 1506 consummatus,
1221 1441 1276 1494 fit
1309 1441 1467 1494 simul
1502 1439 1833 1508 discipulus,
1867 1447 1919 1493 et
1955 1452 2127 1507 praeco
2158 1436 2315 1489 Chri-

758 1537 849 1597 sti,
884 1536 974 1604 qui
1013 1541 1095 1586 est
1123 1534 1326 1601 primus
1351 1532 1544 1584 doctor
1574 1531 1836 1584 veritatis.
1868 1529 1932 1582 Et
1963 1546 2084 1582 cum
2115 1530 2316 1599 primas

760 1627 878 1681 ﬁdei
904 1626 1318 1680 exercitationes
1344 1635 1395 1676 et
1441 1623 1759 1692 disciplinas
1789 1637 1818 1674 a
1858 1623 2014 1676 beato
2045 1624 2319 1689 percepis-

760 1727 838 1773 set
862 1717 1171 1778 llierotheo,
1205 1716 1332 1769 etin
1366 1715 1553 1778 verbo,
1580 1721 1632 1767 et
1670 1714 1724 1765 in
1751 1715 1856 1765 vita
1883 1714 1949 1765 ab
1973 1728 2037 1765 eo
2071 1713 2315 1773 docetur,

759 1819 810 1862 et
841 1809 1014 1863 sancti
1044 1807 1280 1877 Spiritus
1307 1806 1744 1859 communionem
1774 1805 1841 1857 ab
1863 1819 1926 1857 eo
1944 1802 2316 1869 consequitur.

2418 621 2727 691 Ἀθηναίους
2767 621 2919 688 λόγου
2960 619 3195 688 Θερίσας.
3238 619 3358 678 Τοῖς
3392 618 3499 685 γὰρ
3540 613 3695 683 παρὰ
3737 609 3840 662 τοῦ
3882 609 3973 675 τῆς

2407 713 2658 782 ἀληθείας
2701 712 2936 780 κήρυκος
2983 710 3110 778 περὶ
3152 708 3243 758 τοῦ
3295 705 3464 775 Ἰησοῦ
3505 703 3833 771 λεγομένοις
3881 699 3974 766 τὴν

2406 803 2790 874 προοραθεῖσαν
2816 799 2962 868 αὐτῷ
2989 797 3125 851 κατὰ
3155 799 3243 849 τὸν
3273 795 3453 864 καιρὸν
3492 793 3584 844 τοῦ
3619 790 3841 849 πάθους
3871 789 3974 838 τῶν

2406 895 2701 962 φωστήρων
2749 891 3086 958 καινοτομίαν
3138 887 3418 956 συμϐαλὼν
3469 887 3696 943 ἐκεῖνος,
3739 880 3837 931 καὶ
3879 881 3975 945 τῆς

2405 982 2744 1052 ἀνθρωπίνης
2777 980 2974 1049 ταύτης
3009 978 3194 1045 σοφίας
3222 975 3502 1044 ὑπεριδὼν,
3532 972 3626 1024 τοῦ
3673 971 3846 1036 λόγου
3879 971 3975 1037 τῆς

2405 1074 2656 1144 ἀληθείας
2686 1072 2922 1138 γίνεται,
2953 1071 3045 1122 καὶ
3074 1070 3150 1139 τῷ
3187 1067 3484 1134 Ἀποστόλῳ
3518 1057 3863 1116 συντίθεταν
3902 1063 3976 1129 τῷ

2403 1177 2462 1214 τε
2505 1160 2711 1230 λουτρῷ
2751 1160 2843 1227 τῆς
2883 1159 3289 1226 παλιγγενεσίας
3325 1154 3659 1216 τελειωθεὶς,
3724 1151 3974 1220 μαθητὴς

2406 1250 2535 1320 (λμοῦ
2573 1253 2663 1302 καὶ
2701 1249 2872 1319 κῆρυξ
2908 1248 3141 1318 Χριστοῦ
3185 1247 3276 1298 τοῦ
3317 1245 3530 1316 πρώτου
3570 1245 3669 1313 τῆς
3713 1243 3975 1311 ἀληθείας

2406 1341 2717 1392 διδασκάλου
2761 1341 3093 1392 καθίσταται.
3141 1338 3247 1390 Καὶ
3278 1337 3342 1389 τὰ
3382 1339 3567 1406 πρῶτα
3614 1337 3719 1404 τῆς
3759 1336 3976 1404 ἡλικίας

2406 1432 2712 1501 διατριϐῶν,
2749 1432 2839 1482 καὶ
2887 1431 3127 1492 παιδείας
3172 1430 3249 1499 τῷ
3306 1430 3577 1499 μακαρίτῃ
3635 1429 3975 1495 κοινωνήσας

2420 1523 2688 1592 Ἰεροθέῳ,
2723 1523 2832 1590 βίον
2856 1522 2957 1572 ὑπὸ
2994 1521 3164 1589 τούτῳ
3195 1523 3284 1572 καὶ
3309 1521 3458 1587 λόγον
3495 1519 3844 1571 παιδεύεται*
3887 1520 3974 1569 καὶ

2405 1614 2504 1682 τῆς
2528 1614 2692 1682 αὐτῆς
2723 1612 2869 1680 αὐτῷ
2890 1611 2979 1663 τοῦ
3011 1612 3161 1679 ἁγίου
3180 1611 3488 1679 Πνεύματος
3522 1610 3819 1671 κοινωνίας
3851 1627 3976 1660 κατ·

2407 1703 2667 1766 αξιοῦται,
2703 1703 2795 1752 καὶ
2827 1700 3112 1762 ἀναϐάσεις
3139 1702 3195 1750 ὲν
3229 1701 3292 1767 τῇ
3336 1699 3526 1767 καρδία
3561 1699 3971 1766 ἀνατιθέμενος,

2409 1797 2682 1861 φιλοσοφεῖ
2727 1793 2823 1862 τὴν
2868 1792 3152 1860 ἀλήθειαν·
3201 1788 3352 1860 ζητεῖ
3399 1789 3532 1857 μετὰ
3566 1789 3664 1854 τῆς
3719 1789 3974 1856 ἀληθείας

760 1900 961 1954 Deinde
991 1899 1341 1952 ascensiones
1381 1897 1434 1951 in
1468 1895 1631 1949 corde
1657 1910 1754 1948 suo
1795 1894 2111 1962 disponens,
2146 1891 2320 1959 philo-

2420 1887 2535 1952 περὶ
2567 1885 2759 1953 ψυχῆς,
2800 1885 2923 1953 περὶ
2952 1883 3218 1952 σώματος,
3256 1881 3381 1951 περὶ
3418 1881 3511 1949 τῆς
3540 1879 3650 1930 τῶν
3684 1880 3973 1948 πρακτέων

762 1993 1021 2061 sOphatur
1045 1992 1355 2054 veritatem;
1381 1989 1572 2057 quaerit
1601 2001 1723 2039 cum
1757 1987 2001 2049 veritate,
2025 1985 2091 2038 de
2118 1984 2318 2048 anima,

763 2085 828 2138 de
873 2098 1121 2151 corpore,
1155 2097 1216 2134 ac
1255 2080 1320 2134 de
1358 2079 1661 2133 substantia
1702 2093 1880 2130 rerum
1913 2075 2317 2145 gerendarum:

766 2174 1054 2228 mortiticat
1087 2171 1266 2226 omnia
1294 2171 1533 2224 membra
1569 2184 1685 2235 sua,
1722 2184 1840 2237 qua:
1873 2175 1998 2220 sunt
2025 2182 2185 2236 super
2212 2175 2320 2220 ter-

763 2280 900 2327 ram,
920 2266 1100 2319 carnis
1123 2263 1318 2315 multas
1345 2263 1490 2332 leges
1519 2262 1856 2314 constituens
1877 2258 1942 2311 ad
1962 2257 2320 2311 obediendum

766 2358 1010 2426 spiritui;
1041 2357 1196 2409 docet
1233 2370 1392 2407 aures
1425 2354 1731 2406 auscultare
1762 2366 1879 2420 quae
1910 2351 2108 2411 divina,
2132 2359 2183 2402 et
2207 2362 2326 2417 quae

765 2455 891 2502 sunt
920 2448 983 2501 de
1007 2447 1115 2501 Deo
1141 2445 1437 2510 audienda;
1467 2445 1532 2497 iis
1555 2451 1731 2497 autem
1757 2458 1875 2512 quae
1910 2449 2035 2496 sunt
2069 2449 2218 2495 extra
2237 2455 2324 2505 ea,

765 2540 1007 2593 divinum
1047 2547 1247 2592 metum
1305 2534 1692 2590 inexorabilem
1740 2533 1957 2587 adhibet
1992 2532 2320 2602 janitorem:

766 2637 819 2683 et
850 2637 1022 2682 totum
1051 2629 1267 2681 oculum
1287 2625 1524 2679 traducit
1556 2623 1620 2676 ad
1652 2625 1929 2678 veritatem
1959 2622 2327 2690 contemplan-

767 2720 912 2772 dam.
945 2717 1096 2783 Quod
1132 2726 1311 2771 autem
1343 2717 1408 2771 ad
1440 2717 1678 2784 linguam
1710 2716 1960 2784 pertinet,
1995 2715 2098 2767 etsi
2127 2728 2235 2765 non
2269 2712 2326 2766 iu

769 2812 858 2876 iis;
894 2812 947 2864 in
973 2812 1170 2880 quibus
1202 2809 1506 2879 oportebat,
1539 2809 1666 2861 olim
1695 2808 1885 2860 edocta
1925 2805 2120 2865 fuerat,
2157 2803 2330 2871 philo-

771 2904 995 2971 sophice
1041 2911 1221 2954 tamen
1265 2909 1317 2954 et
1348 2900 1548 2962 Attice,
1580 2898 1855 2965 multaque
1886 2910 2007 2948 cum
2050 2890 2327 2962 diligentia

771 2993 982 3051 erudita
1007 3000 1143 3047 erat.
1177 2989 1364 3059 Itaque
1404 2988 1552 3043 brevi
1585 2987 1875 3058 Dionysius
1902 2986 1955 3055 (o
1985 2982 2328 3051 miraculum)

771 3098 990 3158 supcrat
1013 3099 1221 3150 omnes,
1249 3083 1341 3157 qui
1372 3089 1760 3150 praecesserant
1843 3096 1856 3131 :
1933 3085 1986 3132 et
2086 3091 2207 3128 cum
2236 3087 2333 3142 po-

772 3189 1020 3233 testatem
1047 3195 1152 3231 non
1175 3177 1492 3231 subfuratus
1509 3179 1674 3231 esset,
1695 3167 1789 3221 sed
1809 3181 1901 3235 per
1925 3165 2125 3234 gradus
2149 3173 2332 3218 trans-

2412 1973 2715 2042 ὑπάρξεως·
2762 1975 2935 2025 πάντα
2974 1976 3152 2044 νεκροί
3185 1971 3253 2024 τὰ
3304 1971 3433 2040 μέλη
3475 1970 3544 2021 τὰ
3583 1971 3677 2021 ἐπὶ
3717 1971 3818 2036 τῆς
3855 1970 3970 2036 γῆς,

2411 2063 2577 2116 πολλὰ
2596 2067 2660 2134 τῇ
2688 2065 2846 2133 σαρκὶ
2876 2063 3256 2132 νομοθετήσας,
3290 2063 3364 2123 εἰς
3393 2061 3667 2128 ὑποταγὴν
3693 2059 3789 2110 τοῦ
3821 2059 3974 2109 π·νεὺ-

2414 2173 2599 2226 ματος·
2633 2156 2964 2222 παιδαγωγεῖ
2987 2156 3078 2223 τὴν
3101 2154 3266 2222 ἀκοὴν
3297 2155 3394 2205 ὅσα
3426 2153 3541 2204 θεῖα
3567 2153 3661 2203 καὶ
3695 2151 3826 2220 περὶ
3846 2148 3972 2200 Θεοῦ

2411 2248 2780 2300 ὲνωτίσασθαιν
2816 2249 2932 2318 τοῖς
2960 2246 3014 2297 δὲ
3057 2247 3260 2297 τούτων
3302 2244 3456 2306 ἐκτὸς
3497 2245 3586 2294 τὸν
3633 2243 3780 2294 θεῖον
3819 2239 3976 2310 φάσω

2412 2338 2650 2408 θυρωρὸν
2697 2337 2974 2407 ἐφίστησιν
3022 2337 3408 2405 ἀπαραίτητον·
3443 2336 3558 2388 ὅλον
3614 2335 3843 2405 μετάγει
3892 2335 3978 2384 τὸν

2411 2424 2682 2497 ὀφθαλμὸν
2719 2428 2807 2479 ἐπὶ
2837 2429 2932 2497 τὴν
2970 2427 3240 2497 ἀλήθειαν.
3270 2427 3347 2478 Τὰ
3376 2426 3481 2496 γὰρ
3509 2425 3609 2493 τῆς
3633 2425 3904 2492 γλώττης,
3936 2425 3979 2473 εἰ

2414 2519 2507 2570 καὶ
2554 2520 2625 2588 μὴ
2675 2519 2731 2569 ἐν
2767 2513 2846 2580 οἷς
2881 2519 3040 2588 ἐχρῆν
3077 2518 3365 2587 πρότερον,
3402 2517 3512 2568 ἀλλ’
3548 2512 3641 2569 οὖν
3679 2514 3981 2580 φιλοσόφως

2415 2626 2472 2663 τε
2505 2609 2598 2661 καὶ
2644 2610 2897 2669 Ἀττικῶς
2929 2611 3020 2660 καὶ
3055 2608 3188 2677 πρὸς
3228 2605 3506 2676 ἀκρίὸειαν
3540 2601 3980 2656 ὲνεπεπαίδευτο.

2417 2707 2544 2767 Καὶ,
2583 2704 2626 2755 ὣ
2655 2701 2746 2753 τοῦ
2778 2699 3076 2768 θαύματοςί
3103 2701 3160 2749 ὲν
3207 2697 3400 2767 βραχεῖ
3429 2695 3634 2757 πάντας
3665 2693 3983 2764 ὑπερϐαίνει

2416 2797 2542 2857 τοὺς
2563 2791 2886 2863 ἔμπροσθεν,
2919 2790 2979 2842 οὐ
3012 2788 3211 2857 κλέψας
3239 2788 3334 2857 τὴν
3369 2786 3620 2852 ἐξουσίαν
3650 2785 3774 2837 οὐδὲ
3809 2786 3984 2855 άρπά·

2421 2905 2538 2950 σας,
2567 2884 2697 2940 ἀλλὰ
2724 2883 2847 2946 τοὺς
2871 2882 3017 2936 κάτω
3039 2879 3276 2952 βαθμοὺς
3306 2877 3604 2944 διεξελθών.
3643 2879 3755 2931 Καὶ
3777 2878 3840 2929 τὸ
3875 2893 3986 2926 ποι-

2426 2979 2704 3050 μαίνεσθαι
2735 2976 2908 3037 καλῶς
2928 2973 3198 3044 ἐκμαθὼν,
3220 2973 3326 3024 τῶν
3348 2973 3456 3024 ἂνω
3483 2972 3619 3037 ταχὺ
3645 2970 3882 3035 γίνεται,
3900 2972 3986 3022 καί

2423 3070 2692 3137 ποιμαίνει
2713 3066 2846 3136 μετὰ
2865 3067 2958 3134 τῆς
2973 3064 3160 3132 πείρας
3180 3061 3302 3112 ὒστε
3311 3076 3416 3128 ρον·
3438 3059 3531 3110 καὶ
3547 3058 3809 3121 επιεικῶς
3828 3059 3987 3128 ἆρχε-

2427 3159 2545 3212 σθαι
2574 3157 2774 3228 μαθὼν,
2806 3157 2959 3226 ἄρχει
2986 3154 3401 3223 ἐπιεικέστερον·
3436 3154 3528 3204 καὶ
3561 3150 3700 3221 μετὰ
3731 3152 3835 3220 τῆς
3863 3154 3989 3219 ἁλὴ-

769 3271 922 3326 iisset
958 3268 1264 3332 inferiores,
1303 3254 1525 3336 pulchre
1563 3261 1715 3336 pasci
1743 3257 2044 3323 didicisset,
2074 3255 2139 3309 ad
2173 3269 2326 3325 supe-

2424 3252 2570 3313 θείας
2609 3248 2840 3313 διδάξας,
2880 3246 2966 3299 διὰ
3004 3245 3184 3311 πάσης
3215 3261 3272 3296 τε
3315 3243 3478 3295 ἐλθὼν
3520 3241 3812 3303 εὐταξίας,
3842 3242 3986 3303 τέλος

770 3361 914 3414 riora
944 3375 1065 3413 mox
1092 3360 1359 3429 pervenit,
1395 3365 1445 3411 et
1479 3356 1653 3425 pascit
1677 3357 1863 3424 postea
1898 3362 2020 3400 cum
2053 3346 2334 3414 experien-

771 3453 876 3516 tia;
922 3460 976 3503 et
1027 3465 1149 3504 cum
1201 3449 1444 3503 modeste
1501 3462 1691 3515 parere
1741 3439 2045 3500 didicisset,
2106 3437 2334 3500 imperat

775 3541 1103 3604 modestius;
1129 3548 1181 3593 et
1205 3555 1329 3592 cum
1354 3537 1630 3590 docuisset
1658 3550 1778 3588 cum
1805 3530 2047 3589 verit-ale.
2082 3526 2338 3577 οδὶῖδεει·

772 3648 878 3702 que
909 3646 1095 3684 omnes
1124 3630 1248 3683 boni
1277 3629 1483 3682 ordinis
1510 3635 1713 3696 partes,
1749 3628 1965 3679 tandem
1997 3627 2043 3679 ei
2075 3617 2332 3679 mandato

772 3723 1101 3776 Athenarum
1145 3720 1486 3790 pontificatu,
1550 3719 1720 3769 clavis
1771 3715 2023 3784 praesidet
2054 3716 2330 3778 Ecciestce,

775 3811 1124 3878 ostenditque
1172 3823 1330 3861 suum
1382 3819 1705 3874 generosqu
1753 3803 2013 3865 animum,
2047 3811 2098 3856 et
2133 3812 2336 3873 pugnat

779 3917 876 3972 pro
903 3915 1060 3972 grege
1095 3915 1108 3949 :
1144 3898 1470 3966 expellitque
1497 3895 1721 3956 bestias,
1745 3903 1797 3948 et
1813 3895 1952 3963 ejus,
1979 3895 2121 3962 quod
2148 3898 2333 3948 morbo

779 3995 1007 4055 laborat,
1050 4004 1238 4044 curant
1271 3989 1428 4056 gerit,
1459 3993 1512 4039 et
1542 3986 1684 4054 quod
1734 3984 1891 4052 longe
1944 3992 2026 4036 est
2068 3994 2330 4037 remotum

2423 3343 2519 3411 τὴν
2553 3341 2656 3392 τῶν
2699 3339 2930 3409 Ἀθηνῶν
2964 3336 3269 3397 πιστευθεὶς
3314 3335 3620 3405 προεδρίαν,
3654 3332 3764 3383 τῶν
3797 3335 3992 3384 οἰάκων

2425 3434 2519 3500 τῆς
2560 3431 2877 3497 Ἐκκλησίας
2914 3427 3371 3496 ὑπερκαθέζεται·
3421 3426 3479 3476 το
3510 3441 3568 3475 τε
3626 3425 3726 3492 τῆς
3773 3423 3994 3490 γνώμης

2429 3522 2669 3589 γενναῖον
2703 3516 3056 3576 ἐπιδεικνύει,
3093 3516 3185 3566 καὶ
3220 3515 3551 3583 προπολεμεῖ
3582 3514 3680 3580 τῆς
3728 3514 3992 3579 ποίμνης,

2427 3614 2517 3664 καὶ
2538 3609 2793 3663 ἀποσοϐεῖ
2811 3609 2931 3669 τοὺς
2963 3606 3151 3676 θῆρας,
3176 3606 3266 3657 καὶ
3293 3603 3384 3655 τοῦ
3417 3604 3770 3669 νενοσηκῧτος
3808 3606 3994 3670 ἐπιμε-

2429 3702 2619 3762 λεῖται,
2666 3702 2757 3751 καί
2785 3701 2842 3750 τὸ
2887 3696 3187 3766 μακρυνθὲν
3231 3695 3518 3761 ἐπανάγει·
3559 3696 3655 3745 καὶ
3711 3694 3994 3745 συνελόντα

2429 3793 2611 3859 φάναι,
2643 3791 2773 3841 πᾶσι
2803 3787 3055 3841 τὰπάντα
3085 3787 3224 3839 κατὰ
3257 3787 3343 3837 τὸν
3378 3783 3539 3838 αὐτοῦ
3572 3783 3898 3836 διδάσκαλον
3918 3785 3994 3850 γί-

2430 3900 2596 3935 νεται.
2631 3880 2781 3932 Οὖτω
2804 3894 2861 3929 τε
2892 3875 3134 3940 διδάξας,
3176 3876 3268 3927 καὶ
3294 3876 3390 3944 τὴν
3417 3872 3618 3944 Τριάδα
3649 3874 3993 3943 θεολογήσας.

2435 3973 2613 4039 σαφῶς
2634 3973 2758 4038 περὶ
2783 3969 2887 4020 τῶν
2918 3971 3087 4022 ἄλλων
3111 3968 3457 4035 διαλαμϐάνει
3481 3966 3787 4032 δυνάμεων.

793 4083 1035 4136 reducit:
1071 4088 1144 4144 et,
1180 4086 1236 4132 ut
1280 4079 1447 4134 semel
1485 4080 1679 4141 dicam,
1727 4076 1869 4130 sicut
1905 4076 2023 4143 ejus
2073 4076 2347 4144 magister,
2389 4072 2642 4126 omnibus
2670 4069 2724 4121 fit
2764 4066 2945 4120 omnia
2980 4066 3020 4115 ί.
3070 4061 3204 4114 Cum
3253 4062 3330 4114 sic
3377 4071 3555 4113 autem
3605 4061 3893 4114 docuisset
3942 4071 3989 4115 et

781 4176 855 4229 de
889 4173 1169 4227 Trinitatis
1224 4172 1508 4226 divinitate
1563 4172 1935 4234 disseruisset,
1959 4168 2102 4220 clare
2131 4175 2328 4219 tractat
2357 4167 2425 4221 de
2451 4163 2703 4232 supernis
2734 4158 3045 4216 virtutibus.

841 4274 978 4330 Cum
1038 4285 1169 4326 vero
1221 4270 1287 4323 ad
1337 4277 1542 4320 tantam
1595 4266 1930 4335 pervenisset
1971 4267 2236 4332 gratiam,
2273 4275 2333 4316 ut

773 4366 991 4436 quando
1044 4362 1314 4432 Deiparte,
1373 4359 1516 4429 quod
1573 4357 1737 4412 Deum
1799 4357 2036 4426 suscepit
2089 4355 2334 4424 corporis

779 4455 1060 4523 emigravit
1110 4451 1372 4519 spiritus,
1428 4448 1586 4500 simul
1628 4447 1838 4500 adesset
1877 4460 1999 4501 cum
2039 4447 2332 4513 apostolis,

2500 4259 2606 4311 Καὶ
2639 4260 2716 4318 εἰς
2748 4257 2901 4307 τοῦτο
2933 4255 3148 4323 χάριτος
3183 4251 3367 4314 ἐλθὼν,
3398 4251 3491 4312 ὡς,
3528 4250 3692 4320 ἡνίκα
3736 4249 3799 4301 τὸ
3851 4250 3992 4300 τινες.

2436 4365 2509 4418 μα
2542 4349 2637 4414 τῆς
2667 4345 2920 4397 Θεοτόκου
2952 4344 3196 4414 σώματος
3235 4343 3499 4413 ὲξεδήμει,
3533 4344 3647 4403 τοῖς
3682 4341 3991 4399 ἀποστόλοις

2431 4440 2518 4492 διὰ
2553 4439 2854 4508 πνεύματος
2888 4438 2975 4491 καὶ
3009 4439 3234 4505 νεφέλης
3265 4429 3344 4505 τῇ
3368 4437 3485 4504 ἱερᾷ
3516 4435 3710 4485 τούτου
3749 4436 3991 4485 ἐπιστᾶσι

782 4543 871 4611 qui
908 4559 998 4610 per
1031 4541 1280 4610 spiritum
1316 4545 1368 4590 ct
1405 4537 1598 4588 nubem
1635 4534 1700 4587 ad
1735 4534 1873 4586 hanc
1905 4549 2113 4586 sacram
2146 4547 2326 4586 acces-

2433 4539 2574 4604 ταφῇ
2611 4535 2993 4602 συμπαρεῖναι·
3024 4530 3123 4581 οὐκ
3157 4530 3234 4579 ἔτι
3265 4528 3370 4578 δεῖν
3402 4525 3539 4594 ᾣετο
3575 4527 3672 4594 μιᾷ
3711 4525 3867 4576 πόλει
3889 4526 3994 4582 ταῖς

775 4642 956 4688 serant
995 4633 1360 4699 sepulturam,
1404 4641 1509 4680 non
1547 4625 1778 4692 amplius
1813 4623 2140 4676 existimavit
2175 4636 2332 4690 opor-

779 4736 894 4780 tere
931 4741 1033 4778 una
1077 4724 1294 4776 civitate
1326 4761 1338 4785 ,
1378 4735 1567 4788 nempe
1597 4717 1855 4778 Athenis,
1890 4716 2335 4770 circumscribere

783 4819 915 4872 tales
951 4832 1081 4886 opes
1120 4815 1345 4885 gratiae;
1404 4810 1498 4866 sed
1548 4811 1733 4862 volens
1772 4807 2130 4875 multiplicare
2167 4809 2337 4857 talen-

783 4917 895 4961 tum
917 4948 931 4972 ,
967 4918 1020 4962 et
1061 4906 1214 4975 sequi
1246 4905 1330 4958 sui
1364 4901 1604 4971 magistri
1640 4899 1900 4968 vestigia,
1935 4897 2136 4969 relictis
2170 4895 2336 4947 Athe-

784 5001 899 5063 nis,
933 5009 983 5054 et
1025 5009 1171 5053 terra
1201 5010 1252 5051 et
1281 4996 1416 5049 mari
1454 4993 1620 5046 multa
1655 5004 1845 5058 passus
1877 4987 2054 5057 gravia
2080 5025 2094 5049 ,
2129 5000 2226 5039 nec
2266 4993 2340 5037 ta-

782 5108 902 5145 men
931 5095 995 5145 ab
1019 5092 1099 5145 eis
1122 5088 1427 5142 retardatus
1451 5126 1462 5146 ,
1490 5082 1582 5137 sed
1609 5092 1967 5148 supernarum
1996 5090 2177 5127 rerum
2208 5089 2338 5125 con—

786 5182 1135 5250 templatione
1167 5177 1356 5230 inferis
1388 5174 1638 5227 omnibus
1671 5168 1940 5238 superatis
1962 5205 1975 5227 ,
2025 5165 2091 5216 ad
2136 5165 2337 5232 regiam

786 5249 978 5320 urbem
1035 5265 1278 5335 pervenit
1335 5261 1597 5325 Romam;
1653 5268 1705 5312 et
1757 5255 1963 5309 accedit
2013 5253 2226 5321 quidem
2273 5249 2339 5302 ad

787 5359 1151 5420 Clementem,
1196 5358 1287 5426 qui
1326 5366 1451 5408 tunc
1479 5354 1657 5406 sedem
1693 5348 1909 5403 tenebat
1952 5345 2337 5413 apostolicam,

787 5449 990 5517 quique
1031 5463 1058 5499 a
1098 5462 1295 5516 magno
1339 5445 1498 5500 Petro
1543 5442 1719 5494 fuerat
1757 5439 1980 5491 edoctus
2013 5474 2026 5495 ,
2062 5445 2113 5486 et
2152 5432 2238 5485 cui
2275 5431 2342 5483 ab

786 5540 878 5592 illo
939 5535 1114 5590 fuerat
1163 5536 1368 5591 credita
1420 5535 1592 5588 sedes.
1648 5531 1726 5583 Ad
1786 5541 1907 5582 eum
1962 5540 2089 5593 ergo
2131 5522 2342 5578 accedit

785 5628 1106 5700 Dionysius,
1166 5640 1217 5684 ct
1278 5643 1398 5681 cum
1447 5626 1493 5679 ei
1531 5639 1684 5679 suum
1726 5619 2063 5688 exposuisset
2105 5615 2351 5684 Evange~

869 5796 1090 5862 ilCor.
1122 5823 1194 5870 Ix,
1227 5808 1315 5860 ‘22.

2449 4623 2692 4694 Ἀθήναις
2724 4620 2813 4670 τὸν
2857 4617 3103 4669 τοσοῦτον
3155 4616 3484 4685 περιγράψαι
3519 4612 3755 4664 πλοῦτον
3784 4613 3886 4680 τῆς
3921 4614 3997 4680 χά-

2441 4733 2582 4786 ριτος
2607 4731 2618 4743 ·
2652 4711 2782 4764 ἀλλὰ
2810 4711 2867 4763 τὸ
2895 4710 3149 4763 τάλαντον
3185 4706 3614 4759 πολυπλασιάσαι
3656 4703 3995 4774 βουλόμενος,

2439 4807 2529 4858 καὶ
2557 4803 2671 4856 κατ’
2715 4801 2853 4872 ἴχνος
2880 4799 3102 4852 ἕπεσθαι
3135 4799 3212 4868 τῷ
3259 4796 3576 4865 διδασκάλῳ,
3620 4796 3724 4858 τὰς
3780 4796 3997 4863 Ἀθήνας

2439 4892 2742 4953 ἀπολιπὼν,
2791 4890 2956 4943 πολλὰ
3020 4891 3115 4958 μὲν
3161 4888 3296 4941 κατὰ
3342 4887 3440 4956 γῆν
3475 4883 3696 4946 παθὼν,
3951 4885 3997 4934 δὲ

2443 4988 2534 5038 καὶ
2582 4983 2719 5037 κατὰ
2753 4981 3018 5034 θάλασσαν
3053 4980 3346 5048 ὑπομείνας
3379 4977 3444 5028 τὰ
3477 4976 3714 5044 δυσχερῆ
3777 4977 3872 5027 καὶ
3908 4991 3995 5043 μη-

2441 5075 2495 5128 δὲ
2539 5076 2640 5127 ὑπὸ
2689 5073 2889 5124 τούτων
2947 5070 3320 5138 κατασχεθεὶς,
3376 5066 3487 5119 ἀλλ’
3540 5067 3680 5136 ὑπὲρ
3733 5065 3804 5118 τὰ
3864 5069 3998 5118 κάτω

2442 5168 2616 5218 πάντα
2653 5166 2716 5232 τῇ
2750 5161 2856 5214 τῶν
2890 5161 2998 5214 ἄνω
3031 5160 3229 5230 θεωρία
3278 5159 3594 5226 γενόμενος,
3631 5156 3733 5224 τὴν
3766 5155 3996 5225 βασιλίδα

2454 5253 2668 5323 Ῥώμην
2712 5249 3143 5318 καταλαμϐάνει.
3184 5247 3273 5299 καὶ
3318 5246 3560 5314 πρόσεισι
3595 5243 3882 5313 Κλήμεντι
3921 5243 3998 5293 τὸν

2444 5341 2788 5397 ἀποστολικὸν
2832 5337 3128 5408 τηνικαῦτα
3181 5336 3364 5405 θρόνον
3409 5334 3642 5386 διέποντι
3681 5351 3692 5362 ·
3732 5335 3792 5396 ὃς
3827 5334 3997 5402 Πέτρῳ

2446 5432 2523 5502 τῷ
2569 5431 2786 5502 μεγάλῳ
2815 5427 2999 5496 ἐφοίτα
3024 5468 3037 5489 ,
3075 5427 3167 5480 καὶ
3200 5425 3289 5475 τὸν
3323 5425 3506 5499 θρόνον
3540 5423 3631 5474 ὑπ’
3669 5424 3879 5474 ἐκείνου
3916 5440 3996 5473 πεο

2451 5525 2719 5577 πίστευτο.
2750 5521 2930 5589 Τούτῳ
2964 5516 3051 5572 οὖν
3078 5519 3320 5586 πρόσεισι
3345 5516 3633 5576 Διονύσιος,
3672 5514 3766 5567 καὶ
3801 5515 3860 5566 τὸ
3893 5512 3995 5566 καθ’

2453 5616 2639 5669 ἑαυτὸν
2660 5611 3011 5683 προσαναθεὶς
3052 5608 3375 5676 Εὐαγγέλιον
3415 5606 3476 5657 τό
3509 5622 3567 5657 τε
3600 5605 3700 5675 τῆς
3738 5606 3995 5664 διακονίας
