4136 6520
178 440 311 509 1037
1163 455 1337 517 VITA
1383 456 1445 515 S.
1499 456 1804 519 DIONYSI

1791 460 1841 517 li
1884 460 1926 516 Α
1941 458 2415 521 ΒΕΟΡΛῦΙΤᾹΞ.
3288 464 3424 533 1038

183 576 335 645 ἔργον
385 579 459 642 ὡς
505 580 788 650 ὀμοτρόπῳ
822 579 913 632 καὶ
944 578 1281 649 ὀμογνώμονι
1316 582 1733 651 κοινωσάμενος,
1764 584 1813 643 Α

1773 584 1813 643 Α
1850 580 2014 643 lium,
2062 590 2117 635 et
2168 596 2305 651 opus
2352 585 2492 637 sacri
2528 586 2848 654 ministerii,
2882 601 2940 647 ut
2978 595 3068 664 qui
3114 606 3265 649 esset
3315 598 3406 650 iis-

183 665 283 716 ὑπὸ
314 667 500 722 τούτου
535 670 894 739 προτρέπεται
961 670 1054 721 καὶ
1089 669 1227 739 πρὸς
1277 671 1510 740 ἑσπέρια
1567 688 1733 741 μετα-

1847 669 1968 723 dem
2022 673 2265 729 moribus
2318 682 2370 727 et
2422 677 2686 729 sententia
2743 684 3230 747 communicasset,
3294 686 3406 754 ipse

180 756 334 825 θῆναι
384 776 521 829 μερη
554 776 567 788 ο
604 758 788 820 ἄλλους
841 760 934 828 μὲν
965 755 1057 811 οὖν
1104 758 1213 810 τῶν
1265 760 1543 829 ἑπομένων
1589 761 1734 831 αὑτῷ

1845 772 1969 811 eum
2007 758 2328 815 adhortatur
2379 770 2435 816 ut
2485 772 2727 821 transeat
2764 769 2831 823 ad
2870 780 3047 840 partes
3083 774 3404 829 occidenta—

178 846 498 919 λειτουργῶν
530 849 754 920 ἀλλαχοῦ
784 850 889 901 τῶν
922 850 1122 919 κωμῶν
1162 867 1224 903 τε
1259 852 1349 904 καὶ
1384 851 1588 905 πόλεων
1620 852 1735 906 δια-

1847 845 1946 900 lcs.
1981 845 2116 900 Cum
2165 866 2232 903 ex
2265 851 2332 906 iis
2363 867 2519 922 ergo,
2570 858 2658 925 qui
2696 875 2817 913 eum
2871 864 3259 930 sequebantur,
3302 867 3403 920 mi-

176 937 397 1006 νείμας,
434 940 616 993 καὶτὸ
660 940 751 992 τοῦ
799 939 931 992 Θεοῦ
980 942 1246 1011 σωτήριον
1292 941 1736 1008 εὐαγγελίζεσθαι

1845 936 2039 991 nistris
2098 954 2194 1007 per
2252 943 2401 998 vicos
2457 954 2511 999 et
2569 950 2815 1004 civitates
2869 953 3004 1006 alios
3050 954 3174 1006 alibi
3212 955 3400 1009 distri-

177 1029 723 1098 παρεγγυησὸῳενος,
773 1028 1079 1081 Ῥουστικδν
1122 1029 1285 1092 αὐτὸς
1332 1030 1425 1082 καὶ
1488 1030 1734 1082 Ἐλευθέ-

1845 1024 2091 1091 buissct,
2154 1037 2207 1083 et
2271 1034 2507 1089 salutare
2572 1036 2666 1091 Dei
2733 1038 3077 1109 Evangelium
3140 1044 3397 1111 jussisset

180 1133 321 1185 ριον,
356 1119 446 1169 τὸν
496 1119 590 1187 μὲν
640 1120 932 1189 ἱερωσύνης
966 1121 1260 1191 χρίσματι,
1294 1120 1535 1190 διακονίᾳ
1565 1120 1622 1171 δὲ
1652 1137 1735 1172 τε-

1843 1118 2158 1183 praedicare,
2190 1122 2405 1191 ipseque
2434 1124 2713 1182 Rusticum
2744 1140 2796 1184 et
2826 1131 3212 1195 Eleuther-ium,
3246 1137 3394 1189 illum

174 1209 471 1278 τιμημένον
502 1209 593 1262 τὸν
650 1210 1011 1281 Ἐλευθέριον,
1063 1213 1371 1281 συνεργοὺς,
1407 1212 1654 1281 καθάπερ
1703 1213 1732 1264 ὁ

1844 1207 2064 1272 quidem
2103 1210 2392 1267 chrismate
2423 1219 2739 1279 sacerdotii,
2775 1220 2919 1273 hunc
2959 1231 3135 1276 autem
3157 1262 3170 1285 ,
3204 1240 3393 1293 nempe

179 1300 345 1367 μέγας
391 1300 703 1362 Ἀπόστολος
752 1301 1033 1353 Σιλουανδν
1083 1301 1173 1353 καὶ
1220 1301 1514 1370 Τιμόθεον,
1550 1319 1732 1372 παρα-

1838 1295 2245 1362 Eleutherium,
2306 1301 2649 1357 honestatum
2703 1307 3028 1372 diaconatu,
3090 1315 3388 1382 accepisset

174 1390 351 1442 λαϐὼν
375 1431 389 1455 ,
436 1391 528 1443 καὶ
577 1394 702 1453 τοὺς
752 1393 1032 1461 ἑσπερίους
1078 1391 1395 1444 καταλαὸὼν
1444 1383 1687 1453 Γαλάτας
1714 1431 1731 1457 ,

1834 1389 2147 1456 adjutores,
2190 1410 2296 1446 non
2335 1411 2493 1449 secus
2551 1412 2612 1450 ac
2670 1414 2895 1468 magnus
2935 1402 3229 1470 Apostolus
3272 1404 3386 1473 Syl-

173 1483 231 1533 οὐ
264 1481 479 1549 διδαχῆς
515 1481 667 1549 μόνον
695 1482 947 1552 ῥήμασιν,
983 1481 1116 1533 ἀλλά
1150 1483 1243 1534 καὶ
1277 1482 1516 1551 σημείων
1550 1483 1732 1554 ἔργοις

1834 1493 2035 1532 vanum
2067 1492 2119 1536 ct
2154 1483 2533 1551 Timotheum,
2567 1498 2619 1543 et
2649 1491 2711 1543 ad
2747 1492 2927 1547 Gallos
2966 1498 3201 1550 venisset
3240 1500 3388 1552 occi-

172 1570 471 1639 ἁποστολῆς
518 1570 673 1641 ἔργον
718 1571 1031 1641 εἰργάζετο,
1084 1573 1247 1642 μέσος
1292 1577 1403 1636 τοῖς
1451 1574 1568 1627 καθ’
1604 1575 1733 1627 ἑκά-

1835 1569 2117 1635 dentales,
2170 1590 2277 1627 non
2319 1580 2492 1632 solum
2530 1583 2707 1636 verbis
2746 1582 3048 1644 doctrina}.
3091 1588 3184 1639 sed
3224 1590 3384 1643 etiam

172 1676 302 1729 στην
354 1661 623 1712 συνιοῦσιν
687 1662 1110 1731 ὲκφαινόμενος,
1162 1662 1288 1725 τούς
1335 1680 1395 1715 τε
1447 1665 1545 1732 τῆς
1580 1665 1733 1716 εὐσε-

1833 1659 2111 1727 signorum
2143 1666 2395 1732 operibus
2431 1669 2752 1738 fungebatur
2780 1689 3001 1729 munere
3034 1681 3383 1745 apostolatus.

170 1748 319 1813 δείας
351 1750 539 1817 λόγους
573 1751 925 1813 ἀδιαλείπτως
976 1752 1243 1804 ἀνακινῶν
1268 1791 1281 1813 ,
1330 1754 1421 1804 καὶ
1456 1755 1590 1822 πρὸς
1635 1755 1735 1826 τὴν

1833 1746 2042 1801 medius
2099 1764 2363 1818 apparens
2414 1757 2479 1810 iis
2534 1761 2622 1826 qui
2686 1762 2737 1812 in
2790 1777 3113 1833 unaquaque
3167 1768 3384 1823 civitate

169 1838 261 1891 τοῦ
296 1840 647 1909 πεποιηκότος
691 1840 976 1904 ἐπίγνωσιν
1022 1842 1146 1901 τοὺς
1191 1841 1463 1910 ἀκροατὰς
1527 1845 1733 1911 ὲπαγό-
1762 1903 1802 1916 _

1762 1903 1804 1916 n
1831 1840 2261 1904 conveniebant,
2294 1853 2345 1897 et
2375 1846 2439 1899 de
2470 1850 2664 1916 pietate
2695 1853 2857 1905 verba
2898 1853 3101 1909 faciens
3141 1858 3257 1910 sine
3302 1859 3383 1910 in-

174 1932 350 2001 μενος.
388 1903 570 1991 Οὕτως
603 1927 693 1982 οὖν
738 1903 831 1981 τοῦ
873 1931 1030 1997 λόγου
1080 1931 1178 1999 τῆς
1223 1903 1483 2000 ’ἀληθείας
1529 1903 1733 2002 κηρυσ-
1762 1903 1806 1960 Β

1762 1903 1806 1960 Β
1833 1927 2206 1997 termissione,
2245 1942 2297 1987 et
2332 1936 2594 1993 inducens
2642 1942 2918 1998 auditores
2951 1946 3017 1998 ad
3060 1948 3381 2015 agnitionem

171 2020 393 2089 σομένου
425 2058 439 2079 ,
506 2020 595 2072 καὶ
655 2019 755 2087 τῆς
817 2020 911 2088 μὲν
974 2019 1121 2081 θείας
1179 2023 1582 2091 κρατυνομένης
1644 2023 1733 2075 πί-

1826 2015 1980 2082 ejus,
2015 2020 2105 2087 qui
2137 2022 2285 2091 ipsos
2314 2030 2534 2082 creavit.
2564 2029 2696 2083 Cum
2730 2034 2809 2087 sic
2839 2050 2967 2103 ergo
2995 2039 3231 2091 veritatis
3266 2055 3382 2091 ver-

170 2128 371 2173 στεως,
406 2110 719 2181 δαιμονικῆς
752 2111 805 2163 δὲ
839 2112 1018 2179 πάσης
1053 2112 1265 2182 ἀπάτης
1312 2114 1374 2164 ἐκ
1421 2113 1594 2165 ποδῶν
1640 2130 1730 2181 γι-

1831 2105 1960 2159 bum
2018 2115 2446 2185 praedicaretur,
2489 2128 2541 2173 et
2580 2122 2761 2177 divina
2800 2128 3018 2194 quidem
3084 2129 3215 2185 ﬁdes
3243 2142 3393 2180 con-

166 2202 396 2270 νομένης
416 2243 429 2265 ,
462 2202 567 2254 τῶν
602 2201 691 2254 ἐπὶ
735 2202 907 2271 τούτῳ
936 2202 1055 2254 τινά
1109 2206 1370 2255 συνόντων
1390 2244 1403 2265 ,
1438 2205 1728 2258 Λουκιανόν

1824 2198 2158 2272 ﬁrmaretur,
2220 2223 2568 2269 amoveretur
2621 2228 2801 2271 autem
2856 2223 3040 2278 omnis
3096 2223 3246 2281 fraus
3274 2222 3383 2274 da!-

166 2311 307 2364 φημι
341 2295 431 2346 τόν
464 2295 733 2364 ἀοίδιμον·,
771 2294 830 2355 ὃς
862 2295 951 2345 καὶ
984 2297 1049 2363 τῇ
1084 2295 1176 2346 τοῦ
1214 2296 1576 2367 πρεσϐυτέρου
1604 2296 1729 2369 ἀξίᾳ

1821 2298 2041 2339 monum
2064 2329 2077 2351 ,
2116 2294 2401 2357 quemdam
2436 2312 2497 2349 ex
2534 2299 2599 2349 iis
2633 2303 2723 2367 qui
2757 2318 2875 2355 cum
2908 2320 2971 2355 eo
3004 2309 3374 2370 versabantur.

166 2385 452 2452 ἐτετίμητο
472 2424 485 2445 ,
519 2378 869 2453 (συνήπτοντο
888 2384 994 2450 γὰρ
1024 2385 1170 2453 αὐτῷ
1200 2385 1378 2437 πολλοὶ
1402 2386 1507 2438 τῶν
1529 2388 1729 2457 ἀρετῆς

1823 2373 2083 2445 inclytum
2111 2419 2124 2442 ,
2161 2382 2417 2449 inquam,
2454 2383 2786 2452 Luciamim,
2823 2394 2914 2460 qui
2951 2395 3113 2445 etiam
3157 2399 3376 2466 presby-

166 2473 669 2540 μεταποιουμένων·
704 2470 781 2540 τῷ
811 2471 996 2540 ὁμοίῳ,
1034 2472 1182 2538 φασὶ,
1230 2473 1290 2523 τὸ
1322 2476 1501 2542 ὅμοιον
1522 2475 1558 2540 ³)
1595 2475 1729 2544 πρὸς

1825 2469 1926 2519 teri
1959 2468 2217 2539 dignitate
2246 2487 2358 2529 erat
2386 2487 2609 2532 ornatus
2639 2480 2800 2549 (eum
2834 2485 2973 2537 enim
3016 2488 3378 2554 sequebantur

162 2558 259 2627 τὴν
295 2558 394 2626 τῆς
428 2558 809 2619 Βελουακένσις
841 2559 1005 2626 νήσου
1042 2558 1192 2610 πόλιν
1228 2560 1512 2628 ἐκπέμψας
1559 2563 1728 2630 κηρύ-

1822 2559 1975 2609 multi
2023 2576 2086 2613 ex
2123 2564 2186 2616 iis
2241 2566 2331 2632 qui
2375 2569 2624 2622 virtutem
2662 2575 3162 2641 amplectebantur;
3199 2580 3375 2634 simile

164 2645 323 2709 ξοντα
382 2648 482 2717 τὴν
546 2648 863 2726 εὐσέϐειαν)
914 2647 1073 2711 αὐτὸς
1119 2650 1233 2718 ἅμα
1279 2649 1587 2719 Ῥουστικῷ-
1632 2650 1725 2703 καὶ

1820 2647 1984 2710 enim,
2031 2659 2086 2701 ut
2132 2654 2347 2717 dicitur,
2387 2660 2549 2711 simili
2586 2661 2960 2733 delectatur),
3004 2668 3151 2720 misit
3191 2669 3259 2722 ad
3295 2673 3374 2724 ci-

174 2737 525 2807 Ἐλευθερίῳ,
569 2738 666 2807 τὴν
718 2719 939 2790 Γαλλίαν
980 2738 1186 2801 λιπὼν,
1222 2740 1425 2793 ἀνωθεν
1458 2741 1604 2810 αὐτῷ
1638 2758 1727 2795 χε·
1823 2737 2039 2790 νίῑλῐθῐῐὶ
2090 2740 2278 2797 insumi
2322 2744 2701 2812 Βεινὲιεοηδίδν
2748 2753 3161 2818 Ριπέἀίοδῑωυτη
3204 2759 3376 2827 Picta-

160 2826 619 2895 χρηματισμένον,
656 2829 714 2879 έν
748 2829 980 2898 Παρισίᾳ
1011 2829 1274 2901 λεγομένῃ
1304 2834 1369 2900 τῇ
1406 2832 1555 2883 πόλει
1578 2831 1724 2899 γίνε-

1820 2827 1969 2886 tem;
2025 2825 2138 2893 ipse
2184 2845 2310 2882 vero
2349 2832 2508 2886 simul
2540 2851 2661 2888 cum
2704 2836 2931 2893 Rustico
2969 2850 3021 2894 et
3065 2825 3373 2900 Eleutherio

158 2931 289 2977 ται,
327 2915 398 2976 ὡς
437 2915 497 2967 ἃν
533 2916 668 2982 μετά
705 2918 1007 2987 παρρησίας
1039 2920 1172 2988 αὐτῇ
1208 2919 1296 2970 τὸν
1330 2922 1428 2988 τῆς
1473 2921 1726 2991 ἀληθείας

1817 2909 1991 2966 Gallia
2035 2916 2308 2987 Cisalpina
2353 2924 2574 2985 relicta,
2619 2942 2739 2980 cum
2794 2929 2892 2984 hoc
2926 2947 3244 3001 responsum
3276 2937 3373 2990 ha-

157 3005 317 3072 λόγον
382 3006 910 3075 ὲγκατασπείραντι,
968 3008 1059 3060 καὶ
1107 3010 1197 3060 τὸν
1261 3012 1355 3063 τοῦ
1425 3012 1722 3082 μαρτυρίου

1818 3001 2028 3057 buisset
2059 3007 2128 3061 ab
2160 3013 2386 3077 angelo,
2420 3016 2563 3068 venit
2597 3017 2648 3068 in
2679 3018 2948 3073 civitatem
2978 3061 2991 3085 ,
3026 3039 3147 3091 qua:
3175 3025 3372 3080 dicitur

160 3096 555 3167 ἀναδησαμένῳ
606 3099 901 3166 στέφανον,
959 3098 1091 3168 μετά
1149 3100 1457 3171 παρρησίας
1508 3103 1600 3154 καὶ
1647 3101 1724 3171 τῷ

1817 3090 2041 3157 Parisii,
2078 3107 2134 3149 ut
2171 3116 2295 3152 cum
2325 3104 2377 3154 in
2406 3119 2468 3155 ea
2500 3108 2720 3159 verbum
2764 3112 3084 3165 seminasset
3124 3116 3366 3182 pietatis,

159 3186 469 3258 ἀγωνοθέτῃ
520 3190 872 3257 παραστῆναι·
917 3189 1033 3259 Θεῷ
1080 3190 1335 3259 γένηται,
1404 3191 1430 3241 ὃ
1492 3190 1555 3259 δὴ
1590 3192 1724 3243 ,τῶν

1817 3186 1871 3231 et
1906 3180 2195 3238 redimitus
2243 3197 2388 3241 esset
2432 3206 2631 3245 corona
2675 3198 2955 3265 martyrii,
3001 3180 3139 3254 cum—
3174 3203 3366 3257 fiducia

160 3275 367 3341 ἐφετῶν
413 3277 559 3346 αὐτῷ
606 3278 665 3329 τὸ
711 3280 1003 3348 ἀκρότατον
1054 3298 1065 3309 ·
1124 3282 1213 3332 καὶ
1247 3281 1274 3331 ὃ
1311 3283 1398 3349 μοὶ
1450 3280 1648 3351 προῖὼν
1694 3280 1789 3340 ὁο

1741 3280 1789 3340 C
1817 3268 2101 3327 sisteretur
2127 3291 2309 3329 coram
2338 3278 2443 3334 Deo
2468 3287 2806 3349 agonotheta,
2826 3290 2967 3356 quod
2982 3294 3229 3359 equidem
3246 3298 3294 3349 ei
3316 3297 3365 3349 in

158 3362 315 3432 λόγος
347 3365 650 3436 δηλώσειεν.

1816 3361 1956 3413 votis
1984 3372 2119 3428 erat,
2152 3376 2207 3418 et
2234 3367 2334 3420 hoc
2368 3370 2419 3422 in
2451 3377 2799 3439 sequentibus
2847 3394 3068 3435 narrare
3097 3393 3360 3454 satagam.

238 3456 329 3506 Ἐν
389 3456 564 3507 τοίνυν
625 3460 689 3526 τῇ
757 3456 987 3526 Παρισίᾳ
1034 3460 1206 3528 ταύτῃ
1254 3459 1577 3528 γενόμενος,
1630 3458 1720 3511 καὶ

1884 3448 2018 3503 Cum
2063 3468 2190 3523 ergo
2239 3458 2474 3513 venisset
2516 3464 2581 3515 ad
2623 3464 2760 3518 hanc
2798 3465 3129 3525 Parisiorum
3180 3477 3367 3529 civita-

153 3544 337 3614 πλήρη
374 3545 474 3613 τὴν
510 3545 661 3597 πόλιν
722 3547 975 3609 ἀπιστίας
1008 3547 1217 3618 εὑρὼν,
1255 3538 1437 3601 κάλλει
1486 3550 1584 3618 μὲν
1629 3549 1719 3602 καὶ

1817 3546 1920 3591 tem
1944 3580 1957 3601 ,
2004 3549 2056 3594 et
2083 3558 2200 3596 eam
2235 3546 2526 3603 invenisset
2561 3552 2770 3621 plenam
2799 3556 3218 3631 incredulitate;
3251 3580 3367 3634 qua

156 3633 383 3700 μεγέθει
419 3632 508 3686 καὶ
545 3634 732 3704 πλήθει
766 3636 873 3686 τῶν
906 3639 961 3687 ὲν
994 3638 1126 3706 αὐτῇ
1164 3638 1293 3690 πολύ
1329 3657 1379 3689 τι
1412 3638 1518 3689 τ’ῶν
1554 3639 1719 3707 μεγά-

1813 3643 1998 3681 eorum
2047 3636 2297 3699 quidem,
2340 3655 2458 3705 quae
2499 3643 2551 3695 in
2593 3644 2707 3712 ipsa
2741 3658 2933 3711 erant,
2965 3653 3366 3719 pulchritudine

153 3721 262 3775 λων
296 3724 503 3777 πόλεων
534 3725 962 3796 ἀπολειπομένην
987 3744 999 3756 ·
1040 3733 1104 3796 τῇ
1144 3728 1197 3779 δὲ
1231 3729 1450 3799 ἀσεϐείᾳ
1481 3730 1717 3799 τοσουτῳ

1812 3728 1866 3773 et
1906 3724 2224 3777 excellentia
2270 3729 2584 3786 civitatibus
2628 3739 2836 3804 magnis
2879 3750 2996 3793 erat
3037 3743 3193 3811 longe
3230 3746 3365 3801 infe-

152 3811 345 3865 πασῶν
378 3812 718 3881 κρατοῦσαν,
752 3814 861 3883 ὅσῳ
912 3816 1040 3885 μηδὲ
1088 3835 1238 3889 παρα
1276 3820 1420 3872 αλείν
1465 3820 1718 3875 δύνασθαι

1813 3812 1944 3876 rior,
1982 3817 2255 3885 impietate
2282 3830 2459 3875 autem
2491 3825 2623 3879 adeo
2654 3838 2768 3881 erat
2799 3832 3052 3887 omnibus
3086 3839 3356 3904 superior,

151 3902 386 3972 ἀπηνέσι
418 3919 476 3953 τε
524 3903 783 3956 πάντοθεν
815 3906 1224 3978 ἀπειλημμένην
1268 3912 1573 3979 οἰκήτορσι,
1623 3912 1715 3967 καὶ

1813 3910 1873 3954 ut
1917 3919 1985 3957 ne
2034 3918 2255 3973 possent
2293 3912 2508 3979 quidem
2549 3902 2670 3969 cum
2713 3933 2774 3971 ea
2819 3922 3097 3988 conferre,
3128 3927 3363 3996 undique

150 3992 341 4058 ὥσπερ
388 3992 493 4042 τινὶ
551 3993 734 4063 τειχίῳ
799 3997 1313 4065 περιπεφραγμένην
1363 3997 1595 4068 ισχυρῶς
1643 4001 1709 4070 τῇ

1811 3992 1879 4045 ab
1909 3993 2238 4053 immanibus
2271 4015 2532 4072 occupata
2567 4005 2993 4075 habitatoribus,
3027 4023 3078 4069 et
3108 3992 3359 4086 tanquam

150 4082 374 4133 ἐκείνων
426 4083 699 4153 ὠμότητι,
757 4086 847 4138 καὶ
911 4087 1112 4156 ταύτην
1175 4087 1288 4138 ἀντ’
1349 4086 1509 4141 ἄλλου
1567 4090 1709 4153 τινὸς

1810 4085 1952 4139 vallo
1985 4087 2168 4157 aliquo
2205 4091 2361 4147 valde
2407 4097 2610 4149 munita
2658 4099 2871 4152 illorum
2915 4082 3262 4170 crudelitate,
3308 4120 3360 4163 et

148 4168 518 4241 φυλακτηρίου
573 4174 925 4243 προΐσχουσαν
960 4191 972 4203 ’
1026 4174 1198 4237 ἄλλως
1260 4193 1320 4229 τε
1378 4177 1433 4229 δὲ
1485 4180 1577 4232 καὶ
1629 4180 1709 4232 ὅτι

1807 4190 1925 4229 eam
1959 4193 2266 4248 opponens,
2302 4191 2555 4253 tanquam
2591 4188 2806 4258 aliquod
2849 4193 2993 4246 aliud
3030 4198 3356 4263 praesidium.

144 4258 283 4327 πρὸς
318 4260 542 4331 καρπῶν
586 4264 834 4315 ἁπάντων
881 4264 1051 4335 φορὰν
1083 4266 1302 4336 γόνιμος
1334 4264 1402 4337 ἦν
1450 4270 1482 4337 ὴ
1516 4268 1669 4331 πόλις
1690 4306 1705 4331 ,

1807 4264 1958 4318 Adde
1998 4269 2145 4335 quod
2185 4284 2307 4323 cum
2354 4275 2594 4329 omnium
2638 4276 2909 4333 fructuum
2955 4258 3099 4339 esset
3138 4285 3359 4343 fertilis-

144 4350 238 4399 καὶ
273 4354 387 4413 τοῖς
420 4351 715 4421 φιλοτίμοις
751 4355 911 4406 πᾶσιν
944 4356 1237 4427 εὑθηνοῦσα
1272 4360 1362 4412 καὶ
1396 4362 1665 4430 περιττοῖς
1685 4404 1703 4427 ,

1806 4357 1943 4409 sima
1964 4396 1978 4419 ,
2010 4370 2062 4413 et
2089 4361 2387 4418 abundaret
2418 4370 2648 4423 maxima
2680 4388 2857 4426 rerum
2889 4377 3127 4431 omnium
3167 4382 3352 4449 copia,

142 4438 172 4489 ὃ
219 4441 313 4492 καὶ
363 4441 557 4511 μᾶλλον
589 4443 712 4506 τοὺς
745 4444 966 4508 πολίτας
1004 4450 1220 4520 ἧλειφεν
1254 4452 1331 4512 είς
1366 4450 1562 4503 κακίαν
1596 4467 1611 4481 ο
1647 4453 1705 4504 ἐν

1806 4445 1951 4500 cives
1990 4464 2119 4505 suos
2162 4456 2330 4523 magis
2375 4457 2634 4513 incitabat
2670 4463 2733 4515 ad
2776 4464 2924 4520 vitia.
2955 4464 3089 4522 Cum
3128 4470 3181 4524 in
3218 4472 3356 4526 hanc

141 4530 278 4600 αὐτῇ
312 4531 487 4583 τοίνυν
530 4532 697 4596 οὕτως
738 4535 931 4607 ἐχούσῃ
976 4538 1294 4607 γενόμενος,
1331 4539 1542 4609 περιῄει
1588 4541 1695 4594 ἀνε·
1738 4598 1774 4631 n

1738 4598 1776 4631 ἢ
1805 4554 1934 4608 ergo
1973 4542 2049 4596 sic
2089 4544 2329 4599 ali'ectam
2371 4551 2604 4605 venisset
2654 4555 2959 4619 civitatem.
3002 4561 3184 4615 obibat
3229 4580 3352 4631 per-

143 4620 368 4689 ρευνῶν,
397 4622 572 4672 εἵπου
604 4622 721 4673 τινὰ
755 4623 887 4692 πρὸς
913 4625 1137 4693 ἡσυχίαν
1168 4626 1313 4697 εὖροι
1345 4628 1506 4681 τόπον
1527 4628 1702 4700 ἑαυτῷ
1734 4598 1776 4651 D

144 4706 158 4723 ι
280 4708 292 4723 .
312 4707 335 4723 ι.
530 4709 569 4723 η
612 4707 625 4723 ι
700 4709 740 4723 μ.
851 4709 863 4723 .
957 4708 981 4723 ..
1095 4710 1105 4723 .
1432 4715 1443 4723 .
1610 4717 1619 4723 .

1867 4598 1895 4608 ν
2302 4598 2325 4599 ρ
2384 4598 2604 4605 .--π-ν-
2656 4598 2959 4619 -.............
3003 4598 3184 4615 νων...
3229 4598 3353 4631 νη.-

1734 4598 1777 4651 D
1805 4641 2054 4691 sccutans
2083 4636 2129 4687 si
2167 4653 2323 4699 quem
2366 4640 2537 4694 locum
2574 4653 2754 4711 aptum
2796 4648 3059 4723 inveniret
3098 4652 3161 4705 ad
3201 4656 3357 4723 quie-

136 4706 464 4776 ἐπιτήδειον.
530 4707 634 4759 Καὶ
695 4709 757 4779 δὴ
817 4709 906 4761 τὸν
951 4708 1273 4782 ζητούμενον
1318 4715 1495 4785 τυχὼν
1541 4717 1696 4778 ναὸν,

138 4796 249 4817 -_'n-
284 4814 298 4817 _
335 4796 403 4817 Δία
438 4798 464 4817 ,ι
502 4796 713 4817 DJ..-,,,,,
758 4794 797 4817 ,7
986 4800 999 4817 ι
1073 4804 1082 4815 ι
1163 4805 1173 4817 ο
1259 4806 1330 4817 ιιι
1451 4807 1462 4817 ι
1557 4809 1603 4817 μ.

1802 4730 1930 4778 tem.
1975 4724 2124 4788 Quod
2168 4736 2343 4781 autem
2384 4734 2654 4799 qumrebat
2691 4722 3045 4806 consecutus,
3082 4758 3183 4817 pro
3212 4706 3349 4796 ‘viri-

134 4796 299 4859 εὐθὺς
331 4796 404 4860 ὡς
438 4798 469 4865 ἡ
497 4796 717 4867 δύναμις
750 4794 878 4869 εἶχε,
912 4800 1007 4854 καὶ
1038 4804 1125 4854 οἱα
1158 4805 1215 4855 ὲν
1247 4806 1501 4876 ἀλλοπρίᾳ
1550 4809 1696 4872 ξένος

1803 4812 1905 4867 bus
1938 4816 2120 4868 statim
2157 4794 2415 4889 templum
2453 4822 2640 4876 habuit
2669 4846 2680 4877 :
2714 4834 2763 4879 et
2800 4835 2854 4879 ut
2896 4831 2987 4897 qui
3031 4794 3111 4883 in;
3131 4833 3346 4902 regione

133 4885 210 4937 ῶν
244 4890 448 4949 ἐκεῖνος
482 4889 570 4939 καὶ
603 4888 801 4958 ἔπηλυς
825 4931 837 4954 ,
875 4891 964 4945 καὶ
997 4893 1222 4957 πολλοὺς
1266 4897 1404 4966 ἔχων
1435 4900 1562 4961 τοὺς
1606 4900 1696 4950 ἀν-

1802 4904 1973 4956 aliena
2004 4916 2145 4960 esset
2182 4910 2377 4979 hospes
2407 4919 2459 4963 et
2504 4913 2741 4975 advena,
2789 4925 2841 4969 et
2880 4920 3079 4975 multos
3126 4922 3345 4977 haberet

130 4975 474 5043 τικειμένους
506 4976 592 5029 διὰ
623 4978 682 5030 τὸ
728 4982 1061 5051 ἐτερόδοξον,
1097 4985 1362 5057 ἀνεγείρει
1412 4987 1693 5059 εὐκτήριον

1800 4993 2055 5049 adversos
2106 5008 2324 5066 propter
2374 4998 2741 5059 diversitatem
2791 5007 3096 5081 opinionis,
3147 5014 3343 5067 excitat

132 5063 225 5116 καί
278 5062 434 5125 ναὸν,
487 5066 803 5136 αὐτόχρημα
861 5072 1130 5141 σωτηρίαν
1172 5074 1375 5143 ψυχῶν.
1430 5076 1690 5145 Πάμπολυ

1798 5086 2092 5139 oratorium
2126 5095 2178 5139 et
2210 5090 2463 5157 templum
2487 5133 2503 5157 ,
2538 5095 2679 5162 quod
2712 5062 2868 5165 planre
2899 5107 3011 5153 erat
3042 5102 3188 5156 salus
3227 5104 3341 5156 ani.

128 5155 239 5225 γάρ
271 5171 326 5207 τι
359 5152 557 5222 πλῆθος
590 5155 850 5208 θεοσεὸῶν
897 5162 952 5211 ὲν
995 5160 1168 5229 τούτῳ
1204 5162 1559 5230 συναγαγὼν,
1597 5166 1689 5218 καὶ

1798 5188 2026 5227 marum.
2068 5175 2199 5228 Nam
2235 5194 2354 5231 cum
2388 5168 2671 5237 maximam
2704 5189 2913 5255 piorum
2946 5191 3335 5247 multitudinem

131 5246 297 5308 θύτας
332 5245 598 5315 καθαροὺς
627 5245 707 5315 τῷ
748 5247 863 5316 Θεῷ
905 5253 1421 5321 παραστησάμενος,
1458 5257 1687 5326 ποίμνην

1797 5265 1851 5319 in
1899 5280 1963 5317 eo
2011 5279 2424 5337 congregasset,
2475 5282 2527 5326 et
2573 5290 2736 5343 puros
2790 5280 3183 5336 sacriﬁcatores
3233 5282 3337 5339 Deo

129 5336 310 5417 ἁγίαν,
346 5337 420 5398 ὡς
453 5339 640 5400 είπείν,
674 5338 762 5390 τὸν
795 5340 916 5391 ναὸν
965 5343 1353 5410 ἀπειργάσατο,
1388 5337 1454 5413 ἦς
1487 5347 1686 5415 ποιμὴν

1795 5352 2168 5419 exhibuisset,
2210 5368 2457 5414 sanctum
2514 5378 2759 5432 gregem,
2814 5378 2871 5420 ut
2915 5371 3078 5423 semel
3124 5372 3334 5435 dicam,

126 5424 281 5489 οὗτος
316 5429 372 5480 οὐ
411 5429 673 5495 μισθωτός
706 5447 719 5459 ·
757 5432 931 5484 πάντα
960 5433 1047 5484 τὸν
1082 5435 1306 5505 ἀπιστίᾳ
1338 5434 1686 5504 πλανώμενον

1798 5444 2051 5512 templum
2084 5448 2282 5513 emcit;
2318 5452 2477 5519 cujus
2519 5454 2633 5523 ipse
2664 5466 2777 5510 erat
2822 5468 3004 5527 pastor
3046 5477 3149 5513 non
3199 5478 3337 5517 mer-

124 5519 192 5585 τῇ
245 5520 345 5586 τῆς
397 5517 648 5585 ἀληθείας
700 5520 913 5590 σύριγγι
957 5522 1091 5592 πρὸς
1143 5525 1321 5577 πίστιν
1383 5524 1682 5577 ἀνακαλού-

1794 5534 2088 5588 cenarius:
2142 5517 2469 5607 quemlibet,
2521 5547 2613 5612 qui
2666 5547 2880 5601 errabat
2931 5550 3333 5618 incredulitate,

131 5622 323 5675 μενος,
373 5608 464 5661 καὶ
494 5609 618 5668 τοὺς
666 5610 764 5677 μὲν
808 5616 872 5680 τῇ
906 5612 1080 5685 πλάνῃ
1114 5615 1399 5667 νοσοῦντας
1433 5622 1541 5678 τοῖς
1574 5632 1680 5668 σω-

1792 5623 2036 5676 veritatis
2076 5622 2255 5679 ﬁstula
2295 5628 2362 5680 ad
2401 5608 2559 5684 ﬁdem
2592 5648 2881 5696 revocans,
2914 5643 2968 5689 et
2998 5651 3091 5690 eos
3119 5638 3211 5706 qui
3250 5653 3335 5692 er-

124 5694 418 5763 τηριώδεσι
465 5696 572 5748 τῶν
617 5697 653 5748 Γ
658 5699 843 5767 ραφῶν
888 5706 1193 5773 φαρμάκοις
1244 5704 1501 5773 ἰώμενος,
1552 5704 1679 5769 τοὺς

1794 5726 1917 5767 rore
1949 5716 2309 5781 aegrotabant,
2341 5734 2539 5774 curans
2570 5723 2897 5779 salutaribus
2932 5726 3333 5781 medicamentis

126 5786 179 5836 δὲ
213 5784 309 5855 ἤδη
347 5788 828 5856 συντετριμμένους
860 5792 922 5858 τῇ
955 5791 1269 5861 διδασκαλίᾳ
1300 5792 1656 5864 καταδεσμῶν

1796 5802 2196 5872 Scripturarum
2225 5827 2237 5862 :
2268 5825 2363 5866 eos
2394 5822 2571 5866 autem
2591 5854 2605 5879 ,
2638 5814 2727 5884 qui
2755 5816 2865 5882 jam
2900 5827 3054 5871 erant
3081 5822 3293 5874 contriti
3314 5860 3329 5883 ,
