4136 6500
793 425 932 491 1039

2044 422 2329 485 MENSIS
2366 423 2744 485 OCTOBEB.

3881 412 3997 476 1040

790 549 1035 603 doctrina
1069 550 1324 620 alligans,
1357 558 1409 604 et
1440 548 1505 602 ad
1553 561 1733 602 veram
1751 546 1971 601 ‘ducens
2030 546 2313 601 sanitatem

2408 584 2414 608 ι
2454 552 2539 604 καὶ
2574 551 2704 619 πρὸς
2730 548 2825 617 τὴν
2858 547 3109 618 ἀληθινὴν
3137 546 3283 615 ἄγων
3315 546 3513 615 ὑγείαν.
3535 546 3674 599 Ἀλλ’
3700 545 3856 612 τναγε
3889 546 3990 599 καθ’

794 640 898 696 Sed
931 650 989 695 ut
1021 650 1167 696 certa
1199 642 1351 695 nobis
1382 641 1465 693 via
1497 638 1752 709 procedat
1781 637 1974 701 oratio,
1998 636 2099 691 hoc
2126 653 2340 707 quoque

787 734 907 800 ejus
937 732 1251 785 admirabile
1272 771 1285 795 ,
1320 739 1377 785 ut
1409 747 1472 785 ex
1505 730 1650 783 illius
1683 729 1922 797 epistolis
1968 730 2094 783 sciri
2132 738 2335 798 potest,

787 823 1039 876 narrabo.
1108 820 1296 875 Plures
1360 820 1578 890 quidem
1635 829 1787 873 erant
1844 818 2101 889 Dionysio
2159 820 2339 873 thera-

785 921 986 981 peutae,
1022 927 1162 966 unus
1193 920 1373 964 autem
1405 925 1468 963 ex
1500 910 1565 964 iis
1594 915 1703 963 erat
1747 909 1907 963 etiam
1953 908 2333 978 Demophilus,

783 1001 874 1069 qui
904 1000 1038 1055 civis
1069 1008 1186 1055 erat
1217 1000 1508 1069 provincia:
1544 998 1893 1054 Atheniensis
1913 1040 1928 1066 ,
1958 998 2256 1067 habituque
2284 1010 2336 1054 et

781 1090 891 1142 vita
923 1089 1254 1155 monachus;
1285 1090 1662 1143 monachatum
1691 1098 1869 1143 autem
1895 1089 1943 1142 ei
1968 1088 2335 1156 imposuerant

783 1194 930 1246 pura:
1068 1191 1123 1235 et
1279 1180 1453 1234 sacris
1499 1180 1776 1234 initiantes
1816 1194 2007 1232 manus
2057 1178 2328 1247 Dionysii;

781 1269 914 1323 ordo
954 1269 1040 1322 hic
1088 1278 1141 1324 et
1196 1271 1560 1324 ministerium
1611 1272 1726 1325 viro
1770 1272 1858 1325 isti
1890 1286 1918 1323 a
1952 1269 2237 1340 Dionysio,
2272 1278 2329 1324 ut

782 1368 1033 1426 praeesset
1059 1359 1241 1427 januis
1270 1361 1473 1429 templi.

851 1445 946 1500 Hic
1003 1464 1131 1519 ergo
1191 1449 1534 1518 Demophilus
1584 1465 1703 1503 cum
1759 1450 2048 1519 aliquando
2107 1450 2329 1505 vidisset

778 1553 933 1590 suum
974 1540 1378 1609 presbyterum,
1410 1541 1698 1613 quemdam
1750 1541 1971 1609 impium
2005 1548 2166 1610 atque
2204 1555 2330 1610 pec-

776 1629 1011 1680 catorem
1051 1628 1117 1681 ad
1156 1628 1530 1696 paenitentiam
1572 1643 1931 1692 conversum,
1972 1630 2155 1697 illique
2202 1644 2330 1698 pro-

775 1720 1039 1772 cidentem
1082 1718 1507 1772 misericorditer
1537 1719 1843 1787 excepisse,
1885 1719 2104 1772 minime
2142 1718 2326 1772 leviter

774 1810 951 1865 ferens
972 1849 985 1873 ,
1020 1819 1072 1862 at
1097 1811 1448 1864 exacerbatus
1481 1818 1533 1863 et
1572 1810 1715 1862 intra
1745 1809 1966 1861 sacrarii
1995 1809 2152 1878 adyta
2182 1810 2328 1862 exsi-

771 1908 919 1956 stens
948 1917 1067 1971 qua:
1109 1902 1316 1971 ingredi
1360 1915 1698 1970 nequaquam
1736 1906 1926 1960 tutum,
1958 1914 2131 1967 neque
2163 1898 2326 1952 attin-

770 2008 895 2061 gere
928 2003 1173 2047 sanctum
1197 2032 1209 2055 ,
1246 1990 1443 2045 Sancta
1488 2004 1794 2045 sanctorum
1838 1991 2050 2060 publice
2091 1989 2325 2044 ludibrio

768 2083 953 2136 haberi
1006 2081 1172 2149 facit,
1223 2083 1421 2137 bonum
1469 2090 1646 2135 autem
1701 2082 1850 2134 illum
1898 2080 2229 2133 sacerdotem
2270 2085 2325 2133 ct

766 2183 1104 2226 mansuetum
1161 2174 1331 2243 plagis
1377 2171 1809 2225 intolerabilibus
1857 2170 2111 2238 subjicit,
2162 2177 2322 2238 atque

765 2266 819 2317 in
858 2263 1047 2318 faciem
1084 2264 1392 2331 percutiens
1428 2263 1715 2326 obnititur,
1756 2269 1808 2316 et
1846 2276 1967 2314 cum
2007 2274 2197 2329 magna
2239 2274 2323 2314 re-

767 2354 1005 2408 verentia
1049 2354 1425 2415 accedentem,
1484 2352 1738 2405 audacter
1784 2350 2026 2404 calcibus
2076 2349 2318 2418 repellit,

765 2443 987 2512 impium
1032 2457 1095 2496 ac
1142 2443 1427 2497 scelestum
1472 2441 1659 2495 dicens
1706 2454 1827 2493 eum
1873 2440 1965 2507 qui
2009 2452 2070 2492 ex
2114 2438 2322 2492 miseri-

762 2532 949 2585 cordia
981 2532 1162 2601 populi
1194 2532 1530 2601 ignorantias
1575 2529 1856 2599 despicere
1914 2528 2223 2590 statuisset,
2268 2535 2321 2580 et

764 2620 1021 2692 Dionysio
1052 2623 1337 2690 episcopo,
1370 2629 1531 2691 atque
1563 2623 1836 2689 pastorum
1872 2619 2133 2687 principi,
2165 2617 2319 2685 quasi

762 2726 1015 2781 magnum
1083 2711 1212 2780 quid
1264 2711 1330 2764 ad
1386 2712 1641 2764 virtutem
1699 2708 2000 2770 effecisset,
2059 2706 2320 2761 describit

760 2804 906 2871 quod
947 2802 1250 2865 acciderat,
1305 2815 1509 2869 susque
1547 2800 1721 2867 deque
1753 2798 1969 2866 jactans
1998 2798 2051 2850 in
2090 2798 2183 2849 illa
2222 2811 2318 2849 au-

759 2891 879 2945 daci
906 2892 1161 2961 epistola,
1194 2890 1339 2959 quod
1378 2904 1485 2943 non
1527 2897 1635 2940 tam
1677 2887 1910 2954 seipsum
1951 2901 2110 2955 quam
2151 2884 2316 2940 Deum

760 2986 911 3038 ultus
945 2992 1110 3038 esset.
1141 2982 1279 3049 Quid
1308 2997 1437 3052 ergo
1471 2982 1605 3036 ille?
1633 2980 1767 3034 Num
1791 3020 1804 3041 ,
1835 2988 1892 3033 ut
1923 2980 2116 3048 vulgus
2146 2978 2313 3042 solet,

758 3074 860 3129 fuit
898 3074 1079 3127 animo
1117 3072 1506 3141 perturbatus?
1536 3080 1627 3125 aut
1668 3078 1950 3139 reputalus
1978 3076 2061 3123 est
2098 3069 2183 3123 vel
2221 3082 2317 3137 pa-

2448 643 2564 696 ὁδὸν
2594 645 2621 695 ό
2652 642 2802 708 λόγος
2835 642 2966 710 ἡμῖν
2998 639 3161 711 προΐῃ
3181 679 3195 701 ,
3232 638 3323 691 καὶ
3364 638 3517 690 τοῦτο
3560 638 3858 708 τεράστιον
3901 638 3995 690 τῶν

2447 733 2609 789 αὑτοῦ
2634 774 2648 796 ,
2683 733 2757 795 ὡς
2790 735 2854 786 ἐκ
2883 731 2989 784 τῶν
3021 730 3225 783 ἐκείνου
3260 730 3337 781 ἔνι
3373 729 3559 799 μαθεῖν
3582 769 3598 793 ,
3635 729 3993 799 διηγήσομαι’

2446 824 2700 894 Διονυσίῳ
2731 822 3056 893 θεραπευταὶ
3092 821 3190 890 μὲν
3222 821 3312 873 καὶ
3342 821 3549 891 ἕτεροι,
3585 814 3668 882 εἷς
3701 820 3763 871 δέ
3797 836 3882 881 τις
3909 820 3992 871 αὖ·

2443 917 2550 968 τῶν
2584 916 2676 968 καὶ
2709 912 3027 983 Δημόφιλος.
3065 912 3351 982 Δημοφίλῳ
3397 912 3453 963 δέ
3503 910 3661 972 πόλις
3695 911 3732 979 ἡ
3766 909 3878 961 τῶν
3918 910 3991 960 ’Δ-

2443 1004 2619 1075 θηνῶν
2652 1002 2906 1073 ἐπαρχία,
2955 1000 3139 1071 σχῆμά
3167 1018 3225 1053 τε
3260 1001 3350 1053 καὶ
3387 999 3496 1069 βίος
3534 1000 3786 1070 μονήρης
3810 1014 3825 1029 ⁸
3860 998 3919 1050 τὸ
3944 997 3992 1049 δὲ

2444 1097 2674 1165 μονῆρες
2705 1094 2879 1163 τούτῳ
2911 1095 2965 1146 αἱ
3000 1092 3234 1161 καθαραὶ
3289 1091 3377 1143 καὶ
3424 1089 3858 1159 ίεροτελεστικαὶ
3890 1091 3991 1140 Διο-

2439 1186 2617 1237 νυσίου
2654 1186 2829 1253 χεῖρες
2862 1181 3143 1235 ἐπέθεσαν.
3181 1179 3340 1243 Tagi;
3371 1179 3506 1248 αὕτη
3539 1178 3693 1247 παρὰ
3730 1179 3990 1229 Διονυσίου

2438 1275 2527 1327 καὶ
2557 1274 2861 1345 λειτουργία
2889 1272 2966 1343 τῷ
2995 1272 3147 1341 ἀνδρὶ⁸
3165 1312 3179 1334 ,
3209 1273 3325 1332 ταῖς
3356 1269 3447 1322 τοῦ
3478 1269 3607 1321 ναοῦ
3644 1269 3852 1330 πύλαις
3884 1270 3991 1336 ἐφε-

2438 1365 2641 1418 στάναι.

2515 1452 2571 1504 '0
2603 1453 2778 1503 τοίνυν
2824 1450 3125 1520 Δημόφιλος
3174 1443 3322 1510 οὗτος
3345 1489 3358 1508 ,
3392 1446 3481 1499 τὸν
3512 1447 3711 1499 ἐαυτοῦ
3762 1446 3987 1517 πρεσϐύ-

2430 1557 2585 1610 τερον
2636 1539 2961 1607 θεασάμενος
3007 1538 3407 1609 ἐπιστραφέντα
3467 1535 3589 1587 τινα
3638 1535 3785 1604 πρὸς
3836 1536 3987 1604 μετά-

2430 1648 2574 1684 νοιαν
2627 1628 2921 1698 συμπαθῶς
2973 1628 3430 1697 προσδεξάμενον,
3481 1627 3676 1696 πράως
3713 1628 3818 1678 οὐκ
3852 1629 3987 1692 ἐνεγ-

2430 1720 2569 1781 κὼν,
2618 1720 2750 1772 ἀλλὰ
2801 1719 3148 1787 χαλεπήνας,
3194 1717 3324 1768 εῖςω
3380 1733 3438 1768 τε
3501 1716 3612 1767 τῶν
3663 1716 3766 1767 τοῦ
3815 1716 3986 1768 θυσια-

2429 1812 2647 1881 στηρίου
2682 1811 2887 1862 ἀδύτων
2920 1810 3239 1877 γενόμενος,
3277 1800 3350 1859 ὧν
3401 1806 3706 1859 ἐπιϐαίνειν
3755 1809 3857 1859 οὐκ
3899 1809 3983 1858 ἀσ-

2359 1911 2399 1966 B
2427 1901 2621 1968 φαλές,
2656 1899 2772 1951 οῦδὲ
2807 1897 3137 1967 προσψαύειν
3172 1898 3311 1948 ὅσιον
3335 1936 3348 1960 ,
3398 1894 3849 1965 ἐκπομπευθῆναι
3896 1897 3982 1963 μὲν

2422 1989 2489 2042 τὰ
2541 1990 2706 2056 ’Ἅγια
2749 1988 2856 2039 τῶν
2906 1987 3074 2053 ἁγίων
3117 1989 3287 2047 ποιεῖ,
3322 1985 3411 2038 τὸν
3441 1985 3495 2038 δὲ
3528 1985 3738 2052 ἀγαθὸν
3788 1987 3982 2037 ἐκεῖνον

2422 2080 2572 2150 ἱερέα
2618 2079 2709 2131 καὶ
2754 2079 2954 2148 ἥμερον
2988 2076 3222 2144 πληγαῖς
3253 2076 3310 2127 οὐ
3346 2078 3604 2145 φορηταῖς
3639 2076 3933 2129 ὑποϐάλλει
3963 2093 3976 2106 ·

2420 2171 2560 2224 κατὰ
2593 2187 2651 2221 τε
2683 2169 2782 2238 τῆς
2816 2169 3018 2238 κόρρης
3051 2168 3228 2221 παίων
3261 2166 3486 2220 ἀδιτωθεῖ
3507 2207 3521 2227 ,
3558 2166 3653 2218 καὶ
3692 2167 3836 2235 μετὰ
3870 2169 3981 2219 πολι

2417 2259 2514 2330 λῆς
2576 2260 2675 2327 τῆς
2738 2258 2916 2320 αἰδοῦς
2980 2260 3270 2328 προσιόντα
3332 2258 3572 2329 θρασέως
3606 2257 3977 2321 ἀπολακτίζει,

2415 2351 2585 2418 ἀσεϐῆ
2619 2349 2786 2416 λέγων
2820 2348 2910 2400 καὶ
2943 2347 3248 2418 ἀλιτήριον,
3282 2348 3373 2399 τὸν
3404 2348 3707 2418 ἁγαθότητι
3746 2350 3980 2418 παρορᾷν

2414 2441 2711 2512 ἠξιωμένον
2744 2440 2810 2493 τὰ
2844 2440 2936 2493 τοῦ
2968 2439 3095 2492 λαοῦ
3123 2441 3468 2509 ἀγνοήματα,
3501 2439 3593 2491 καὶ
3625 2439 3708 2508 τῷ
3744 2441 3980 2509 ἀρχιερεῖ

2412 2532 2667 2602 Διονυσίῳ
2703 2531 2793 2584 καὶ
2832 2529 3177 2601 ἀρχιποιμένι
3199 2568 3213 2591 ,
3243 2529 3316 2591 ὡς
3352 2529 3488 2599 μέγα
3520 2546 3573 2580 τι
3608 2529 3751 2599 πρὸς
3786 2531 3978 2599 ἀρετὴν

2411 2622 2784 2692 εἰργασμένος,
2818 2620 3164 2690 διαχαράττει
3196 2618 3254 2670 τὸ
3286 2619 3521 2686 γεγονὸς,
3555 2620 3671 2671 ἄνω
3707 2621 3804 2671 καὶ
3836 2621 3978 2672 κάτω

2410 2712 2649 2781 θρυλλῶν
2700 2713 2797 2781 τῆς
2831 2708 3086 2781 θρασείας
3138 2710 3350 2777 ἐκείνης
3402 2710 3731 2778 ἐπιπολῆς,
3778 2711 3856 2774 ὡς
3887 2713 3979 2779 οὐχ

2408 2802 2597 2855 ἐαυτὸν
2646 2802 2878 2871 μᾶλλον,
2924 2799 3056 2858 ἀλλὰ
3107 2800 3196 2853 καὶ
3241 2800 3330 2852 τὸν
3381 2800 3512 2852 Θεὸν
3544 2801 3882 2871 ἐκδικήσειε.
3919 2802 3976 2853 Τί

2407 2888 2497 2945 οὖν
2543 2896 2782 2957 ἐκεῖνος;
2817 2889 2903 2962 ἆρ’
2952 2892 2984 2962 ἢ
3030 2892 3092 2943 τὸ
3125 2891 3232 2944 τῶν
3264 2890 3466 2944 πολλῶν
3516 2891 3757 2956 ἔπαθεν,
3810 2894 3844 2962 ἧ
3891 2894 3975 2948 καὶ

2410 2984 2602 3056 μικρὸν
2651 2985 2784 3047 ὅλως
2832 2985 2931 3054 τῆς
2989 2984 3286 3053 συντρόφου
3338 2984 3660 3052 μεταϐαλεῖν
3716 2985 3975 3053 ἐνομίσθη

2404 3078 2800 3146 χρηστότητος;
2866 3074 3160 3144 οὔμενουν,
3224 3077 3321 3128 οὐκ
3380 3075 3525 3126 ἔστιν
3589 3076 3803 3127 εἰπεῖν·
3870 3076 3973 3129 οὐδ’

760 3179 878 3216 rum
910 3163 1038 3231 quid
1072 3163 1297 3216 omnino
1342 3162 1638 3213 mutavisse
1686 3161 1752 3213 de
1794 3174 1856 3213 ea
1907 3158 2146 3212 bonitate
2192 3172 2315 3225 qua

2408 3167 2547 3237 ἐργῳ
2591 3166 2680 3218 τὸν
2726 3167 3079 3236 ἡμαρτηκότα
3141 3165 3412 3235 ἠμύνατο,
3468 3164 3604 3218 ἀλλὰ
3654 3166 3803 3237 λόγῳ
3848 3163 3974 3231 θείῳ

757 3254 805 3306 ei
836 3253 1153 3307 coaluerat?
1179 3250 1292 3306 Hoc
1322 3251 1545 3305 minime
1573 3251 1678 3305 dici
1719 3257 1919 3320 potest.
1962 3248 2145 3317 Neque
2171 3247 2314 3303 enim

2408 3257 2501 3309 καὶ⁵
2558 3255 2883 3326 σωτηριώδει
2908 3256 3233 3308 πεπαίδευκε
3259 3273 3271 3285 ·
3306 3255 3403 3326 τὴν
3430 3256 3564 3326 πρὸς
3598 3257 3803 3328 ἀρετὴν
3835 3257 3966 3326 ὁμοῦ

759 3343 901 3397 facto
933 3344 1076 3397 ultus
1109 3350 1190 3397 est
1218 3354 1372 3404 eum,
1415 3343 1506 3410 qui
1547 3347 1903 3410 peccaverat;
1945 3340 2037 3393 sed
2082 3337 2225 3392 facto
2261 3347 2315 3392 et

2408 3347 2494 3400 καί
2529 3350 2703 3400 πᾶσαν
2737 3346 3027 3416 εὐκοσμίαν
3060 3346 3333 3400 τυποῦσαν
3364 3365 3421 3399 τε
3457 3348 3548 3399 καὶ
3599 3348 3966 3419 suam;an

755 3448 1003 3487 sermone
1033 3434 1255 3486 salutari
1285 3433 1515 3496 erudiit,
1544 3448 1661 3500 quae
1698 3431 1857 3485 simul
1891 3429 1954 3482 ad
1985 3430 2238 3482 virtutem
2262 3436 2315 3481 et

2408 3438 2615 3508 ἐκείνην
2662 3439 2875 3507 γράψας
2909 3436 3191 3506 ἐπιστολὴν
3215 3476 3228 3499 ,
3266 3438 3355 3489 καὶ
3391 3439 3703 3509 πραότητος
3755 3440 3968 3493 ὑπόδει-

753 3538 966 3577 omnem
995 3524 1419 3578 moderationem
1456 3521 1714 3575 informat
1742 3530 1795 3576 et
1827 3521 2103 3589 componit
2124 3560 2136 3579 .
2171 3519 2312 3571 illam

2408 3544 2513 3597 γμα
2543 3528 2633 3580 τὸν
2678 3526 2916 3599 Ἀαρὼν,
2950 3527 3041 3579 τὸν
3072 3526 3233 3577 Δαυὶδ
3255 3565 3269 3588 ,
3309 3527 3398 3579 καὶ
3430 3530 3651 3598 ἐτέρους
3688 3546 3969 3600 παραστη-

753 3613 1000 3668 scribens
1039 3614 1328 3683 epistolam
1353 3653 1367 3677 ,
1409 3620 1462 3667 et
1501 3613 1802 3682 exemplum
1842 3608 2312 3673 mansuetudinis,

2408 3620 2662 3687 σάμενος*
2710 3615 2777 3689 ἧς
2818 3620 2903 3671 ἵνα
2934 3618 3031 3689 τὴν
3065 3615 3227 3687 ἄλλην
3264 3618 3398 3689 πρὸς
3439 3620 3500 3672 τὸ
3545 3620 3756 3686 ἀγαθὸν
3806 3640 3969 3674 κατα-

752 3703 962 3767 Aaron,
1005 3703 1207 3766 David,
1248 3711 1303 3757 et
1342 3705 1479 3757 alios
1522 3703 1816 3756 adducens.
1858 3702 2028 3768 Cujus
2067 3709 2125 3752 ut
2163 3698 2315 3752 ornit-

2408 3708 2538 3758 λίπω
2580 3707 2919 3777 παράκλησιν
2942 3748 2954 3767 ,
2992 3708 3124 3760 ἀλλὰ
3156 3709 3255 3780 τῆς
3297 3711 3539 3780 ὁράσεως
3562 3751 3577 3775 ,
3630 3705 3703 3782 ἦς
3749 3710 3967 3776 διέξεισι

754 3804 861 3847 tam
913 3795 1073 3847 aliam
1127 3794 1194 3847 ad
1244 3794 1446 3847 bonum
1498 3792 1966 3855 exhortationem,
2017 3790 2315 3848 meminero

2408 3797 2531 3867 πρὸς
2576 3797 2735 3850 αὑτὸν
2766 3799 2839 3862 ὡς
2874 3799 2976 3851 ὑπὸ
3006 3799 3101 3853 τοῦ
3134 3799 3243 3853 τῶν
3274 3802 3442 3869 ἁγίων
3475 3801 3795 3873 θεαθείσης,
3834 3820 3966 3873 μνη-

752 3892 898 3938 certe
952 3884 1213 3948 visionis,
1265 3900 1428 3955 quam
1483 3884 1532 3938 ei
1585 3892 1805 3947 narrat,
1858 3892 1913 3937 ut
1962 3890 2080 3952 qme
2125 3888 2314 3935 sancto

2408 3889 2693 3959 πθήσομαι.
2733 3888 2856 3960 Εἶχε
2888 3891 2941 3943 δὲ
2975 3892 3114 3943 κατὰ
3147 3892 3289 3962 λέξιν
3322 3892 3517 3955 οὕτως*

746 3979 923 4044 (Iarpo
963 3976 1298 4044 apparuerit.
1342 3975 1431 4028 Sic
1472 3984 1651 4028 autem
1684 3989 1741 4028 se
1769 3975 1930 4027 habet
1963 3974 2027 4026 ad
2062 3974 2307 4027 verbum.

816 4064 952 4116 Cum
988 4061 1279 4129 aliquando
1316 4064 1370 4115 in
1400 4062 1613 4116 Cretam
1647 4062 1914 4114 venissem
1937 4098 1953 4125 ,
1986 4076 2069 4114 me
2101 4060 2307 4128 Carpus

2467 4065 2757 4135 Γενόμενόν
2811 4068 2875 4137 μέ
2922 4084 3050 4120 ποτε
3104 4069 3240 4127 κατὰ
3291 4071 3387 4140 τὴν
3431 4072 3701 4142 Κρήτην,
3754 4078 3785 4127 ό
3831 4076 3969 4146 ἱερὸς

752 4148 987 4216 hospitio
1024 4149 1271 4217 excepit,
1324 4150 1427 4209 vir,
1471 4149 1517 4202 si
1557 4150 1679 4217 quis
1716 4148 1888 4211 alius,
1930 4155 2150 4217 propter
2198 4160 2312 4199 ma-

2408 4154 2767 4226 ὲξεναγώγησε
2803 4160 3055 4227 Κάρπος,
3092 4162 3261 4232 ἀνὴρ,
3290 4162 3379 4214 καὶ
3413 4162 3467 4213 εἴ
3497 4180 3581 4225 τις
3626 4163 3795 4227 ἄλλος
3821 4206 3834 4229 ,
3886 4166 3968 4219 διὰ

749 4252 909 4306 gnam
940 4240 1140 4293 mentis
1172 4239 1461 4307 puritatem
1494 4239 1560 4291 ad
1589 4238 1916 4294 cernendum
1949 4236 2113 4291 Deum
2142 4236 2298 4306 aptis-

2408 4243 2591 4315 πολλὴν
2625 4245 2967 4319 καθαρότητα
3002 4249 3091 4302 νοῦ
3125 4251 3260 4320 πρὸς
3293 4250 3544 4305 θεοπτίαν
3592 4253 3968 4324 ἐπιτηδειότα-

752 4329 942 4383 simus.
986 4328 1170 4398 Neque
1208 4330 1352 4382 enim
1393 4343 1579 4383 sacros
1618 4330 2000 4397 mysteriorum
2042 4331 2178 4381 ritus
2218 4343 2310 4397 ag-

2408 4346 2483 4392 ιος
2520 4346 2532 4358 '
2569 4331 2660 4383 καὶ
2692 4332 2821 4401 γοῦν
2853 4335 2970 4388 οὐδὲ
3001 4340 3123 4400 ταῖς
3157 4339 3337 4405 ἁγίαις
3369 4338 3475 4391 τῶν
3513 4343 3845 4411 μυστηρίων
3888 4360 3970 4395 τε-

752 4421 1134 4491 grediebatur,
1183 4422 1287 4474 nisi
1335 4422 1484 4489 prius
1525 4420 1625 4487 ipsi
1671 4421 1725 4471 in
1761 4419 1827 4471 iis
1869 4418 2155 4486 precibus.
2193 4434 2310 4487 quae

2408 4411 2571 4488 ferai;
2635 4426 2938 4496 ἐνεχείρει,
2995 4427 3068 4496 μὴ
3130 4429 3392 4500 πρότερον
3457 4430 3608 4499 αὐτῷ
3676 4433 3967 4495 κατὰ-τὰς

753 4519 905 4565 antea
940 4512 1123 4580 perlici
1156 4514 1365 4574 solent,
1404 4525 1557 4565 sacra
1593 4518 1647 4564 et
1687 4510 1805 4561 laeta
1851 4509 2189 4578 apparuisset
2228 4510 2308 4559 γῆς

2408 4513 2734 4581 προτελείους
2796 4516 2996 4585 εὐχὰς,
3048 4518 3199 4588 ἱερᾶς
3262 4520 3353 4572 καὶ
3401 4520 3671 4590 εὐμενοῦς
3723 4524 3969 4595 ὁράσεως

754 4601 856 4653 sio.
909 4599 957 4655 ls
1001 4603 1217 4669 quidem
1259 4601 1558 4663 narrabat,
1604 4615 1727 4652 cum
1771 4614 1800 4651 a
1831 4598 2093 4667 quodam,
2135 4597 2227 4665 qui
2279 4612 2308 4648 a

2408 4602 2833 4680 ἱπιφαινομένης.
2874 4606 3095 4673 Ἔλεγεν
3140 4604 3262 4670 οὖν,
3312 4609 3424 4671 ὅτι,
3472 4609 3851 4680 λελυπηκότος
3883 4613 3972 4664 αὺ-

754 4692 853 4746 lide
888 4694 1252 4762 religioneque
1291 4702 1477 4745 nostra
1514 4691 1855 4750 abhorreret,
1898 4690 2036 4743 forte
2069 4688 2309 4743 offensus

2408 4691 2483 4743 τόν
2518 4708 2645 4744 ποτε
2686 4678 2795 4746 τῶν
2826 4697 3067 4749 ἀπίστων
3098 4698 3241 4760 τινὸς
3266 4738 3279 4761 ,
3317 4699 3387 4767 (ή
3431 4698 3578 4766 λύπη
3628 4700 3689 4751 δὲ
3735 4696 3843 4770 ἦν,
3893 4704 3970 4753 ὅτι

749 4792 893 4838 esset
927 4781 1207 4854 (tristitia:
1237 4791 1416 4838 autem
1445 4797 1608 4836 causa
1642 4788 1787 4843 erat,
1819 4780 1961 4848 quod
1995 4781 2081 4835 ille
2109 4782 2177 4835 ab
2209 4780 2308 4834 Ec-

750 4875 912 4927 clesia
964 4877 1252 4943 quemdam
1304 4876 1371 4928 ad
1425 4875 1649 4945 impium
1701 4875 1907 4928 cultum
1959 4866 2313 4931 traduxerat),

750 4974 861 5016 tum
898 4979 1023 5019 cum
1063 4965 1248 5027 etiam,
1292 4964 1361 5017 ab
1401 4965 1518 5033 ipso
1558 4966 1895 5034 (Christiano
1929 4970 2146 5031 propter
2208 4958 2306 5013 ba-

740 5053 1021 5127 ptismum)
1058 5054 1248 5107 hilaria
1300 5063 1622 5123 agerentur,
1685 5069 1806 5105 cum
1866 5053 2150 5122 benignam
2207 5067 2305 5119 pro

749 5152 974 5213 utroque
1027 5142 1093 5195 ad
1152 5142 1317 5195 Deum
1377 5144 1740 5211 precationem
1794 5142 2016 5197 fundere
2078 5156 2303 5197 necesse

743 5244 922 5298 esset,
961 5236 1178 5305 Dcoque
1218 5245 1494 5291 scrvatore
1534 5236 1782 5303 adjutore
1818 5234 2105 5302 adjuncto,
2150 5234 2298 5285 illum

742 5328 957 5395 quidem
1014 5337 1359 5389 convertere,
1404 5329 1545 5381 hune
1586 5337 1765 5380 autem
1804 5328 2019 5380 vincere
2058 5323 2302 5393 benigni-

743 5427 849 5471 tate
871 5458 884 5481 ,
916 5436 1015 5473 nec
1056 5419 1324 5474 desistere
1362 5420 1652 5472 admonere
1697 5434 1786 5487 per
1823 5434 1981 5471 omne
2013 5417 2133 5469 vitae
2165 5423 2299 5467 tem-

744 5526 845 5581 pus
879 5525 1049 5577 usque
1081 5512 1147 5563 ad
1178 5512 1318 5565 hunc
1354 5512 1528 5580 ipsum
1558 5512 1697 5564 diem
1722 5550 1736 5573 ,
1770 5518 1929 5578 atque
1972 5511 2043 5563 ita
2083 5510 2296 5563 demum

741 5617 834 5655 eos
866 5600 931 5653 ad
965 5599 1053 5653 Dei
1088 5604 1331 5656 notitiam
1364 5602 1661 5663 deducere,
1788 5600 1939 5666 quasi
2058 5600 2167 5668 jam
2201 5613 2259 5651 ea
2283 5637 2295 5659 ,

745 5690 810 5744 de
847 5691 1044 5759 quibus
1085 5699 1237 5743 antea
1276 5692 1621 5752 dubitarent,
1663 5689 1957 5758 dijudicata
1996 5697 2205 5753 essent,
2245 5694 2297 5741 et

745 5782 810 5834 ab
850 5782 913 5834 iis
945 5798 1061 5851 quae
1092 5782 1488 5835 inconsiderate
1520 5782 1639 5833 ausi
1670 5789 1885 5845 essent,
1924 5781 2155 5848 legitime
2187 5791 2296 5846 pue-

2392 4783 2490 4851 τῆς
2536 4784 2854 4856 Ἑκκλησίας
2904 4791 3107 4851 ἐκεῖνος
3166 4789 3286 4841 τινὰ
3320 4789 3453 4859 πρὸς
3505 4789 3567 4842 τὸ
3617 4791 3786 4845 ἄθεον
3835 4795 3968 4847 ἀπε-

2395 4871 2704 4943 πλάνησεν·)
2754 4876 2833 4944 ξτι
2882 4877 2990 4928 τῶν
3036 4877 3272 4947 Ἰλαρίων
3319 4878 3537 4949 ήμερῶν
3590 4881 3745 4950 αὐτῷ
3797 4872 3971 4935 τελου-

2399 4961 2610 5031 μένων,
2657 4964 2773 5017 δέον
2836 4968 3159 5039 ἀμφοτέρων
3214 4970 3612 5041 ἀγαθοπρεπῶς
3665 4973 3969 5045 ὑπερεύξα-

2396 5051 2553 5117 σθαι,
2592 5055 2681 5107 καὶ
2726 5055 2857 5107 Θεὸν
2904 5060 3124 5130 σωτῆρα
3173 5061 3513 5131 συλλήπτορα
3548 5062 3828 5125 λαϐόντα,
3880 5067 3967 5116 τὸν

2399 5142 2495 5211 μὲν
2528 5145 2847 5215 ἐπιστρέψαι
2880 5187 2905 5214 ι
2928 5148 3020 5201 τὸν
3051 5149 3107 5201 δέ
3138 5150 3427 5220 ἀγαθότητι
3465 5152 3689 5220 νικῆσαι
3710 5192 3725 5216 ,
3764 5156 3859 5207 καὶ
3900 5155 3966 5222 μὴ

2393 5233 2655 5288 διαλιπεῖν
2691 5237 3038 5292 νουθετοῦντα
3069 5240 3155 5292 διὰ
3192 5241 3304 5311 βίου
3339 5242 3541 5304 παντὸς
3565 5282 3579 5303 ,
3613 5242 3782 5316 ἄχρις
3815 5242 3877 5299 οὗ
3910 5243 3965 5295 τὺ

2398 5325 2667 5397 σήμερον,
2705 5329 2794 5407 καὶ
2825 5330 2997 5393 οὕτως
3031 5332 3122 5384 ἐπὶ
3153 5333 3250 5403 τὴν
3284 5332 3432 5384 θείαν
3480 5333 3685 5397 αὐτοὺς
3738 5338 3964 5403 ἀγαγεῖν

2396 5417 2590 5483 γνῶσιν
2616 5458 2628 5480 ,
2662 5418 2734 5482 ὡς
2757 5420 2821 5473 ἂν
2853 5421 2948 5490 ήδη
2985 5423 3075 5473 καὶ
3108 5422 3214 5473 τῶν
3246 5422 3752 5494 ἀμφισϐητησίμων
3786 5426 3961 5487 dimi;

2396 5511 2721 5579 κρινομένων
2745 5552 2759 5575 ,
2794 5512 2882 5564 καὶ
2914 5512 3019 5563 τῶν
3052 5513 3256 5579 ἀλόγως
3289 5512 3711 5583 θρασυνομένων
3758 5519 3963 5587 ἐννόμῳ

2393 5597 2515 5670 δίκῃ
2564 5606 2853 5669 σωφρονεῖν
2885 5603 3360 5675 ἀναγκαζομένων·
3411 5605 3527 5657 ἀλλ’
3564 5605 3623 5655 ἐν
3674 5607 3859 5677 ἐαυτῷ
3894 5606 3961 5676 μὴ

2399 5691 2657 5762 πρότερον
2688 5693 2845 5744 τοῦτο
2877 5690 3060 5745 παθὼν
3091 5733 3105 5755 ,
3146 5696 3244 5747 οὐκ
3275 5693 3371 5747 οἷδ’
3403 5695 3555 5757 ὅπως
3588 5697 3718 5751 τότε
3768 5698 3961 5765 πολλήν

2396 5798 2517 5835 τινα
2548 5783 2641 5849 τὴν
2672 5784 2989 5849 δυσμένειαν
3023 5786 3112 5837 καὶ
3146 5787 3242 5860 τὴν
3278 5784 3499 5842 πικρίαν
3536 5787 3778 5859 ἐντήξας
3828 5790 3963 5840 ἐκοι-
