4136 6520
143 493 267 557 1041

1132 504 1305 565 νίΤΑ
1346 506 1405 563 S.
1446 503 1781 567 DIONYSII
1816 502 2337 566 AREOPAGIT/E.

3266 488 3403 554 1062

170 601 314 668 μήθη
339 613 350 623 ⁸
405 601 701 670 κατεδειρίέτ,
742 602 843 668 μὲν
869 640 882 663 ,
920 600 1057 653 οὕτω
1091 602 1268 664 κακῶς
1301 604 1435 672 ἔχων
1471 622 1483 636 °
1520 608 1721 677 ἑσπέρα

1823 620 1919 662 nas
1957 602 2133 657 dando
2168 598 2493 669 resipiscere
2532 607 2893 669 cogerentur;
2935 608 3045 651 tum
3083 606 3265 650 tamen
3325 596 3379 649 id

165 692 271 759 γὰρ
323 686 423 760 ἦν·
482 692 607 761 περ).
650 692 703 744 δὲ
753 693 921 760 μέσας
972 692 1165 755 νύκτας
1215 695 1426 759 (εἰώθει
1492 696 1597 765 γάρ
1644 701 1720 761 είς

161 783 309 835 τόνδε
343 782 435 835 τὸν
469 784 659 852 καιρὸν
692 782 849 845 αὐτὸς
883 784 965 848 ἐφ’
1000 784 1191 835 ἐαυτοῦ
1228 784 1360 852 πρὸς
1391 787 1515 849 τοὺς
1548 786 1719 850 θείους

165 875 366 945 ὕμνους
412 875 769 945 ἐγρηγορέναι
802 875 862 943 ·)
912 874 1243 927 διανίσταται
1298 877 1412 945 μὲν,
1450 877 1565 930 οὐδὲ
1612 876 1719 931 τῶν

164 968 344 1021 ὕπνων
377 966 559 1019 αὐτῶν
584 1006 597 1029 ,
636 964 844 1018 πολλῶν
874 980 938 1031 γε
971 964 1139 1017 ὄντων
1160 1006 1173 1027 ,
1209 967 1299 1019 καὶ
1346 968 1429 1021 ἀεὶ
1466 971 1722 1035 ἐγκοπτο-

166 1059 341 1128 μένων
378 1097 393 1121 ,
446 1056 551 1120 ἔξω
608 1056 854 1127 ταραχῆς
913 1056 1339 1126 παραπολαύσας
1386 1076 1398 1087 ·
1452 1058 1619 1120 ἑστὼς
1663 1057 1720 1112 δὲ

161 1147 311 1215 ὅμως
345 1148 425 1209 εὶς
463 1144 562 1215 τὴν
595 1145 742 1198 Θείαν
772 1143 986 1213 ὁμιλίαν
1019 1145 1118 1197 οὐκ
1162 1144 1364 1211 εὐαγῶς
1409 1146 1591 1211 ἡνιιὶτο
1633 1142 1723 1195 καὶ

164 1237 542 1305 ἐδυσχέραινεν
565 1277 578 1299 ,
611 1235 711 1287 οὐκ
743 1230 878 1286 εῖναι
910 1233 1115 1286 δίκαιον
1141 1232 1327 1300 λέγων,
1364 1235 1410 1285 εἰ
1459 1232 1591 1301 ζῷεν
1633 1233 1726 1284 άν-

162 1328 297 1397 δρες·
321 1327 467 1381 ἄθεοι
510 1326 601 1378 καὶ
634 1324 1052 1396 διαστρέφοντες
1082 1323 1182 1386 τάς
1211 1324 1361 1386 ὀδοὺς
1395 1324 1593 1392 Κυρίου
1627 1321 1726 1384 τάς

163 1418 375 1481 εὐθείας
410 1435 423 1448 ·
462 1417 553 1469 καὶ
588 1416 761 1469 ταῦτα
806 1417 980 1484 λέγων
1009 1456 1022 1478 ,
1071 1415 1240 1468 ἐδεῖτο
1289 1414 1381 1466 τοῦ
1425 1413 1557 1465 Θεοῦ
1594 1429 1726 1482 πρη-

165 1508 326 1577 στῆρί
374 1525 479 1560 τινι
522 1507 621 1570 τὰς
669 1507 991 1579 ἀμφοτέρων
1035 1505 1265 1571 εἰσάπαξ
1311 1503 1548 1575 ἀνηλεῶς
1594 1505 1726 1556 ἀπο-

164 1596 371 1649 παῦσαι
417 1595 578 1659 ζωάς.
628 1595 812 1650 Ταῦτα
858 1598 911 1650 δὲ
962 1595 1170 1658 είπὼν,
1221 1596 1369 1663 ἔλεγε
1413 1595 1557 1657 δόξαι
1601 1594 1725 1645 ίδεῖν

165 1687 317 1753 ἄφνω
344 1686 437 1739 τὸν
465 1682 611 1739 οἷκον
641 1689 696 1739 ἐν
721 1681 873 1757 ᾧπερ
902 1688 1145 1755 εἱστήκει
1194 1684 1569 1752 διαδονηθέντα
1603 1681 1728 1751 πρό-

164 1794 339 1848 τερον,
376 1779 467 1830 καὶ
499 1782 561 1831 ἐκ
590 1779 685 1848 τῆς
716 1778 919 1849 ὀροφῆς
946 1780 1025 1840 εἰς
1048 1777 1139 1829 δύο
1172 1777 1334 1846 μέσον
1359 1775 1724 1845 διαιρεθέντα,

167 1868 260 1922 καί
304 1886 426 1921 τινα
473 1867 650 1939 πυρὰν
693 1867 1003 1935 πολύφωτρν
1046 1867 1375 1938 ἐπίπροσθεν
1404 1864 1603 1929 αὐτοῦ,
1635 1863 1728 1917 καὶ

1820 695 1961 768 quod
1983 708 2263 763 nunquam
2286 693 2388 747 sibi
2412 691 2775 753 usuvenisset,
2801 691 2943 744 haud
2966 690 3079 744 scio
3101 687 3376 758 quomodo

1822 803 2014 857 magno
2044 785 2277 855 quodam
2307 791 2360 839 et
2391 784 2587 836 acerbo
2618 782 2781 835 animi
2812 782 2999 836 dolore
3029 778 3338 833 confectum
3360 817 3376 843 ,

1820 880 1987 952 quieti
2018 893 2077 933 se
2093 877 2328 937 dedisse,
2355 889 2415 928 ac
2438 874 2655 944 quidem
2680 872 2967 929 dormiisse
2994 873 3067 924 ita
3093 871 3232 925 male
3250 869 3381 925 alre-

1822 978 1967 1023 ctum
2019 968 2170 1039 (erat
2213 967 2353 1021 enim
2387 966 2692 1035 vespera);
2737 963 2912 1018 media
2945 958 3124 1016 dutem
3158 962 3382 1017 circiter

1824 1068 1979 1114 nocte
2003 1058 2214 1131 (solitus
2243 1057 2384 1111 enim
2407 1068 2522 1110 erat
2549 1056 2648 1109 hoc
2675 1064 2917 1123 tempore
2943 1068 3035 1122 per
3063 1068 3121 1107 se
3148 1051 3215 1104 ad
3239 1051 3383 1105 divi-

1824 1168 1923 1209 nos
1945 1152 2172 1223 hymnos
2208 1148 2471 1219 vigilare)
2507 1147 2810 1202 surrexisse
2842 1145 3058 1215 quidem
3078 1184 3092 1208 ,
3125 1158 3249 1197 cum
3280 1158 3381 1197 nec

1823 1258 2070 1299 somnum
2104 1243 2279 1311 ipsum
2312 1239 2403 1308 qui
2436 1239 2577 1292 altus
2608 1235 2836 1298 fuisset,
2878 1243 2930 1289 et
2968 1248 3181 1301 semper
3218 1232 3381 1286 inter-

1830 1346 2056 1405 ruptus,
2101 1334 2217 1387 sine
2256 1329 2669 1385 conturbatione
2707 1326 2977 1394 cepisset;
3018 1330 3248 1377 stantem
3302 1329 3383 1373 ta-

1827 1443 1946 1479 men
2005 1425 2071 1479 ad
2128 1423 2311 1477 divina
2376 1419 2643 1488 colloquia
2672 1456 2687 1481 ,
2728 1416 3027 1485 irreligiose
3060 1412 3299 1473 doluisse
3332 1418 3384 1465 et

1825 1516 2017 1570 acerbe
2041 1515 2258 1576 tulisse,
2292 1512 2555 1565 dicentem
2586 1524 2693 1562 non
2727 1523 2849 1563 esse
2876 1521 3088 1576 acquum
3120 1505 3263 1558 viros
3286 1502 3385 1556 im-

1824 1606 1940 1675 pios
1979 1606 2194 1665 vivere,
2235 1610 2289 1657 et
2326 1602 2419 1671 qui
2467 1602 2585 1655 vias
2640 1598 2852 1652 Domini
2893 1607 3068 1651 rectas
3112 1600 3384 1664 perverte-

1824 1703 1979 1761 rent;
2018 1695 2129 1749 haec
2158 1694 2446 1754 dicentem,
2480 1697 2755 1761 precatum
2790 1703 2914 1743 esse
2959 1702 2989 1740 a
3020 1684 3151 1749 Deo,
3188 1692 3243 1738 ut
3274 1698 3387 1735 am-

1825 1787 2015 1840 borum
2049 1785 2211 1838 vitam
2243 1783 2360 1839 sine
2378 1780 2747 1836 misericordia
2770 1778 2983 1833 turbine
3018 1775 3197 1845 aliqu‘o
3230 1774 3386 1843 igneo

1826 1876 2185 1943 abrumperet.
2237 1873 2366 1939 Quae
2429 1886 2553 1926 cum
2616 1870 2878 1932 dixisset,
2934 1864 3387 1923 commemorabat

163 1957 368 2028 ταύτην
412 1958 617 2028 (ἐδόκει
645 1955 752 2026 γάρ
800 1956 982 2009 λοιπὸν
1026 1956 1290 2028 ὕπαιθρος
1338 1959 1367 2010 ὀ
1400 1954 1620 2024 τόπος),
1665 1955 1725 2006 ἐκ

1827 1981 1886 2022 se
1916 1966 2093 2021 visum
2124 1979 2244 2020 esse
2273 1964 2458 2018 videre
2486 1969 2709 2031 repente
2743 1960 2964 2014 domum
2998 1958 3051 2012 in
3082 1972 3187 2027 qua
3218 1964 3388 2011 staret

161 2047 254 2101 τοῦ
306 2046 553 2117 οὐρανίου
597 2045 770 2117 χώρου
805 2046 992 2117 μέχρις
1019 2044 1184 2099 αὺτοῦ
1229 2044 1679 2114 καταφερομένην
1708 2057 1723 2072 ’

161 2137 253 2191 τὸν
297 2138 354 2192 δὲ
399 2138 624 2208 οὐρανὸν
670 2137 829 2190 αὑτὸν
870 2136 1335 2203 ἀναπεπταμένον,
1369 2133 1459 2185 καὶ
1503 2133 1595 2184 ἐπὶ
1646 2130 1725 2201 τῷ

163 2227 316 2298 νώτῳ
353 2228 439 2281 τοῦ
480 2226 705 2297 οὐρανοῦ
745 2227 835 2277 τὸν
879 2224 1111 2294 Ἰησοῦν,
1157 2224 1400 2293 ἀπείρων
1439 2221 1726 2291 ἀνθρωπο-

163 2320 318 2371 ειδῶν
357 2318 505 2387 αὐτῷ
542 2318 955 2388 παρεστηκότων
998 2316 1259 2385 ἀγγέλων.
1285 2316 1394 2369 Kal.
1419 2314 1592 2367 ταῦτα
1628 2314 1725 2384 μὲν

163 2407 368 2461 ἀνωθεν
420 2406 679 2477 ὁρᾶσθαι,
739 2406 831 2460 καὶ
885 2405 1041 2483 αὐτὸν
1085 2403 1418 2475 θαυμάζειν·
1464 2404 1616 2457 κάτω
1666 2403 1724 2457 δέ

166 2497 340 2566 κύψας
368 2500 397 2551 ὀ
425 2498 646 2568 Κάρπος
668 2537 682 2559 ,
730 2497 853 2550 ίδεῖν
881 2496 982 2567 ἔφη
1013 2496 1105 2548 καὶ
1130 2495 1390 2563 τοῦδαφος
1412 2495 1547 2546 αὐτὸ
1588 2493 1725 2563 πρὸς

164 2590 360 2660 ἀχανές
404 2606 457 2642 τι
502 2590 685 2660 χάσμα
725 2588 817 2642 καὶ
860 2586 1131 2641 σκοτεινὸν
1176 2585 1595 2654 διερῤηγμένοψ
1632 2582 1724 2635 καὶ⁹

163 2684 289 2746 τοὺς
322 2684 420 2753 μὲν
450 2682 645 2753 ἄνδρας
673 2683 911 2744 ἐκείνους
933 2721 947 2744 ,
977 2677 1057 2743 οἷς
1095 2680 1335 2750 ἐπηρᾶτο
1354 2718 1367 2742 ,
1414 2676 1518 2747 πρὸ
1560 2673 1722 2729 αὑτοῦ

164 2772 303 2827 κατά
336 2771 396 2824 τὸ
428 2773 643 2842 στόμιον
670 2772 952 2841 ἐστηκέναι
988 2768 1083 2822 τοῦ
1133 2770 1442 2840 χάσματος,
1491 2763 1724 2835 ὑποτρό-

168 2878 334 2932 μους,
378 2860 676 2925 ἐλεεινοὺς,
725 2862 846 2913 ὅσον
892 2859 1043 2913 οῦπω
1088 2859 1569 2930 καταφερομένους
1620 2855 1725 2911 ὑπὸ

163 2953 264 3021 τῆς
291 2951 400 3004 τῶν
429 2951 643 3004 οἰκείων
676 2949 849 3003 ποδῶν
876 2950 1140 3014 ἀστασίας
1181 2967 1193 2980 ⁸
1242 2949 1484 3004 κάτωθεν
1529 2945 1725 3001 δὲ-ἀπδ

164 3043 257 3098 τοῦ
297 3043 570 3113 χάσματος
618 3041 766 3109 ὄφεις
804 3040 1075 3112 ἀνέρπειν,
1117 3039 1362 3109 καὶπερὶ
1407 3038 1533 3102 τοὺς
1562 3039 1743 3125 πόδας.

166 3132 341 3186 αὐτῶν
386 3132 831 3201 ὑποκινουμένους
854 3171 867 3196 ,
900 3130 1028 3183 ποτὲ
1059 3131 1154 3198 μὲν
1195 3128 1522 3198 ἀποσύρειν,
1557 3130 1726 3181 ἐπαν-

166 3224 510 3292 ειλουμένους
558 3223 672 3293 ἅμα
728 3223 820 3277 καὶ
878 3220 1305 3292 ἐπιϐαροῦντας,
1356 3221 1449 3274 καὶ
1495 3220 1722 3273 ἐπανέλ-

1825 2056 2019 2124 agitari
2049 2056 2320 2123 primum,
2354 2054 2552 2108 deinde
2598 2067 2627 2105 a
2673 2053 2873 2107 vertice
2920 2050 2976 2103 in
3026 2049 3163 2104 duas
3208 2053 3387 2118 partes

1823 2142 2078 2198 dimidias
2107 2143 2299 2205 dividi,
2332 2149 2386 2196 et
2419 2151 2541 2197 ante
2584 2158 2642 2197 se
2673 2158 2861 2212 rogum
2892 2140 3177 2212 quemdam
3210 2139 3389 2208 magni

1824 2233 2049 2287 luminis
2070 2274 2084 2298 ,
2116 2246 2346 2302 eumque
2376 2233 2394 2302 (
2420 2233 2521 2287 sub
2560 2233 2648 2286 dio
2676 2233 2821 2286 enim
2852 2233 3005 2285 locus
3036 2231 3125 2284 ille
3155 2243 3277 2284 esse
3309 2228 3385 2279 vi-

1823 2320 2096 2392 debatur)
2128 2338 2157 2377 e
2184 2322 2323 2376 ccelo
2352 2338 2523 2391 usque
2553 2321 2619 2375 ad
2650 2322 2888 2392 scipsum
2920 2320 3118 2375 deferri
3146 2338 3159 2373 :
3187 2318 3385 2371 coelum

1822 2424 1958 2465 vero
1999 2417 2283 2477 apertum,
2326 2415 2378 2463 et
2424 2409 2477 2463 in
2525 2424 2762 2464 convexa
2805 2409 2927 2463 emli
2973 2406 3263 2478 superﬁcie
3301 2402 3389 2458 Je-

1820 2514 1983 2564 sum,
2025 2500 2406 2555 assistentibus
2466 2499 2946 2554 innumerabilibus
2994 2497 3202 2566 angelis
3231 2537 3245 2561 ,
3291 2496 3389 2552 ho-

1819 2590 2029 2641 minum
2064 2589 2232 2658 figura
2259 2597 2312 2642 et
2344 2591 2541 2657 specie.
2591 2589 2765 2657 Atque
2796 2589 2909 2642 haec
2937 2587 3155 2656 quidem
3186 2601 3215 2639 a
3246 2588 3386 2639 coelo

1818 2679 1995 2735 videri
2033 2694 2246 2734 summa
2294 2695 2418 2735 cum
2465 2694 2561 2735 sua
2609 2681 2983 2735 admiratione.
3030 2678 3166 2733 Cum
3207 2687 3387 2733 autem

1820 2767 1939 2839 ipse
1968 2768 2228 2823 deorsum
2258 2768 2445 2824 oculos
2475 2769 2871 2832 convertisset,
2902 2781 3128 2822 cernere
3155 2780 3214 2820 se
3242 2763 3387 2817 dice-

1818 2857 1915 2914 bat
1942 2858 2106 2912 etiam
2137 2864 2343 2912 terram
2377 2857 2548 2927 ipsam
2588 2855 2663 2909 ita
2701 2855 3058 2916 discessisse,
3096 2860 3154 2905 ut
3193 2850 3389 2904 obscu-

1821 2961 1918 3001 rus
1947 2947 2171 3016 quidam
2211 2956 2266 3002 et
2304 2946 2684 3001 tenebricosus
2724 2945 2904 3000 hiatus
2941 2944 3204 2999 exsistere
3244 2940 3391 2993 vide-

1820 3045 2011 3095 retur:
2065 3044 2233 3107 atque
2287 3036 2535 3091 homines
2590 3034 2806 3105 quidem
2856 3034 2976 3089 illos
3016 3032 3213 3103 quibus
3254 3030 3392 3084 male

1822 3136 2079 3197 precatus
2125 3137 2305 3194 esset,
2354 3136 2480 3183 ante
2525 3143 2582 3183 se
2628 3126 2696 3181 ad
2743 3141 2805 3182 os
2848 3126 3034 3181 hiatus
3083 3134 3227 3180 stare
3282 3130 3394 3178 tre-

1822 3225 2035 3270 mentes
2065 3224 2119 3273 et
2148 3219 2415 3281 miseros,
2447 3226 2500 3274 et
2533 3220 2623 3287 qui
2663 3217 2773 3273 fere
2804 3234 2912 3287 prae
2944 3217 3137 3287 pedum
3170 3230 3392 3272 suorum

166 3330 357 3377 κοντας
388 3330 401 3343 ·
433 3315 561 3367 ποτὲ
591 3314 646 3366 δὲ
669 3315 778 3374 τοῖς
805 3310 1012 3363 ὀδοῦσιν
1033 3350 1046 3374 ,
1078 3310 1110 3380 ἢ
1140 3312 1258 3373 τοῖς
1308 3308 1552 3380 οὐραίοις
1588 3310 1724 3361 ὑπο-

1825 3303 2184 3360 in‘stabilitate
2239 3306 2725 3377 demergerentur:
2785 3309 2853 3361 ab
2904 3307 3161 3360 inferiore
3208 3314 3390 3359 autem

160 3404 458 3473 τύφοντας,
487 3403 520 3475 ἦ
553 3400 1111 3472 ὑπογαργαλίζοντας,
1148 3400 1237 3454 καὶ
1278 3400 1364 3454 διὰ
1406 3400 1603 3465 παντὸς
1648 3402 1726 3465 εἰς

160 3495 220 3547 τὸ
278 3493 476 3564 ἀχανὲς
533 3491 785 3563 ἐμϐαλεῖν
842 3492 1262 3562 μηχανωμένους
1295 3508 1307 3521 ο
1335 3486 1473 3543 εἶναι
1523 3491 1580 3544 δὲ
1635 3490 1727 3545 καὶ

161 3582 360 3653 ἄνδρας
389 3580 543 3644 τινὰς
572 3583 629 3634 ἐν
660 3580 805 3651 μέσῳ
826 3619 839 3644 ,
869 3582 980 3642 τοῖς
1007 3579 1161 3647 ὕφεσι
1204 3578 1343 3631 κατά
1376 3578 1484 3630 τῶν
1519 3578 1727 3648 ἀνδρῶν

161 3672 694 3742 συνεπιτιθεμένουςο
723 3669 1087 3732 διαδονοῦντας
1137 3670 1253 3740 ἅμα
1302 3669 1395 3721 καὶ
1447 3667 1727 3721 ὑπωθοῦν-

157 3780 255 3827 τας
316 3763 409 3817 καὶ
462 3761 874 3821 καταπαίοντας.
922 3758 1163 3812 Ἐδόκουν
1218 3758 1274 3812 δὲ
1314 3750 1451 3813 εἶναὶ
1499 3758 1635 3830 πρὸς
1668 3757 1728 3812 τὸ

162 3852 347 3902 πεσεῖν
392 3851 585 3901 ἐκεῖνοι
646 3848 714 3899 τά
780 3849 875 3918 μὲν
933 3848 1154 3912 ἄκοντες
1180 3888 1194 3912 ,
1246 3847 1313 3901 τά
1364 3848 1420 3901 δέ
1474 3849 1725 3911 ἑκόντες,

162 3938 269 3990 ὑπὸ
295 3936 388 3989 τοῦ
420 3938 586 3991 κακοῦ
631 3938 747 3991 κατ’
789 3937 962 4007 ὀλίγον
992 3936 1298 4009 βιαζόμενοι
1333 3937 1448 4005 ἅμα
1487 3935 1579 3988 καὶ
1610 3953 1724 3991 πει-

163 4026 395 4095 θόμενοι.

1825 3394 1945 3450 loco
1982 3410 2046 3451 ex
2084 3395 2241 3451 hiatu
2292 3412 2499 3469 angues
2548 3413 2767 3454 sursum
2819 3412 3067 3469 serpere,
3112 3404 3274 3466 atque
3322 3394 3387 3449 ad

1824 3502 2013 3543 eorum
2052 3488 2257 3558 pedes,
2306 3504 2430 3543 cum
2475 3492 2674 3545 sensim
2720 3498 3085 3552 moverentur,
3118 3487 3390 3543 interdum

1824 3578 2041 3649 quidem
2074 3579 2292 3635 trahere
2332 3583 2686 3651 compliCatos
2715 3581 2876 3639 simul
2905 3588 2958 3635 et
2988 3579 3353 3648 deprimentes
3374 3618 3389 3643 ,

1827 3675 1989 3738 atque
2016 3668 2411 3737 detrahentes;
2444 3670 2715 3725 interdum
2760 3668 3014 3724 dentibus
3064 3677 3155 3721 aut
3198 3666 3387 3722 caudis

1827 3759 2214 3825 incendentes,
2273 3764 2355 3816 vel
2410 3762 2815 3817 demulcentes.
2866 3760 3121 3828 omnique
3178 3758 3388 3812 ratione

1826 3857 2086 3920 agentes,
2146 3863 2209 3905 ut
2260 3868 2355 3908 eos
2409 3854 2465 3907 in
2515 3854 2660 3906 illam
2709 3854 3028 3906 immensam
3078 3848 3386 3918 voraginem

1826 3940 2130 4009 praecipites
2191 3942 2426 4010 darent;
2488 3943 2656 3999 fuisse
2712 3942 2875 3997 etiam
2936 3941 3080 3995 viros
3125 3940 3389 4009 quosdam

1828 4030 1881 4084 in
1928 4032 2143 4095 modio,
2196 4036 2287 4103 qui
2341 4051 2450 4088 una
2498 4050 2619 4088 cum
2657 4031 2997 4103 serpentibus
3047 4030 3100 4084 in
3145 4022 3388 4085 homines

160 4127 283 4182 illos
333 4128 681 4196 invaderent,
727 4128 1119 4197 exagitatlone,
1166 4128 1360 4199 pulsu.
1434 4140 1485 4185 et
1522 4133 1912 4214 percussione;
1971 4134 2115 4185 visos
2172 4145 2348 4187 autem
2410 4151 2530 4190 esse
2572 4137 2715 4194 viros
2756 4138 2874 4193 illos
2946 4137 3225 4201 decidere,
3263 4152 3383 4208 par-

160 4218 258 4272 tim
300 4218 534 4285 invitos,
573 4222 767 4292 partim
799 4230 1020 4291 sponte,
1065 4222 1212 4290 quod
1259 4236 1286 4274 a
1332 4224 1471 4277 malo
1501 4226 1701 4279 sensim
1731 4233 2067 4295 cogerentur.

239 4330 430 4396 Ἔλεγε
477 4331 532 4382 δε
581 4330 609 4380 ὁ
656 4329 877 4398 Κάρπος
927 4327 1115 4379 ἑαυτὸν
1159 4327 1380 4397 ἥδεσθαι
1425 4319 1571 4381 κάτω
1618 4322 1734 4395 βλέ-

168 4437 369 4473 ποντα⁸
425 4419 532 4471 τῶν
578 4416 690 4470 ἀνω
716 4416 771 4470 δὲ
810 4416 1027 4487 ἀμελεῖν
1072 4431 1083 4444 ·
1128 4416 1503 4485 δυσχεραίνειν
1542 4413 1597 4465 δὲ
1642 4414 1733 4466 καὶ

165 4512 479 4582 ὀλιγωρεῖν,
509 4510 591 4562 ὅτι
645 4508 717 4580 μὴ
769 4507 1114 4561 πεπτώκασιν
1153 4506 1257 4576 ἤδη
1283 4545 1297 4569 ,
1344 4506 1435 4558 κα)⁹
1476 4504 1553 4575 τῷ
1594 4505 1731 4576 πρά-

164 4620 337 4672 γματι
375 4601 627 4664 πολλάκις
666 4598 981 4669 ἐπιθέμενον
1025 4598 1116 4649 κα)⁵
1149 4596 1559 4665 ἀδυνατήσαντα
1583 4635 1597 4658 ,
1641 4595 1731 4648 καὶ
1754 4589 2065 4656 Dnondum

170 4690 498 4759 ἀχθεσθῆναι
560 4690 653 4741 καὶ
725 4686 1099 4758 ἐπαράσασθαι
1132 4692 1145 4716 ³
1210 4687 1302 4739 καὶ
1367 4685 1733 4740 ἀνανεύσαντα

173 4781 325 4850 μόλις
346 4821 360 4845 ,
396 4781 521 4834 ίδεῖν
552 4781 649 4849 μὲν
678 4775 829 4842 αὖθις
857 4781 947 4833 τὸν
973 4779 1199 4849 οὐρανὸν
1223 4819 1237 4842 ,
1267 4778 1452 4850 ῶσπερ
1485 4778 1575 4831 καὶ
1604 4779 1733 4849 πρό-

166 4889 327 4943 τερον
354 4872 605 4941 ἐωράκεν
638 4871 729 4921 τὸν
757 4870 812 4922 δὲ
853 4870 1080 4940 Ἰησοῦν,
1112 4871 1408 4940 ἐλεήσαντα
1449 4869 1509 4920 τὸ
1554 4869 1734 4936 γιγνό-

171 4978 354 5034 μενον,
387 4960 743 5030 ἐξαναστῆναι
784 4959 878 5012 τοῦ
924 4960 1314 5033 ὑπερουρανίου
1366 4960 1588 5030 θρόνου,
1639 4958 1730 5013 καὶ

167 5054 277 5118 tm;
303 5053 483 5108 αὐτῶν
529 5051 872 5113 καταϐάντα,
906 5051 997 5103 καὶ
1036 5055 1192 5123 χεῖρα
1234 5051 1439 5120 ἀγαθὴν
1478 5050 1689 5120 ὀρέγειν
1712 5089 1726 5114 ,

169 5146 263 5199 καὶ
293 5147 420 5207 τοὺς
450 5144 710 5211 ἀγγέλους
737 5142 885 5212 αὐτῷ
916 5140 1557 5213 συνεπιλαμίανομένους,
1576 5140 1729 5194 ἀλλον

167 5235 390 5289 ἄλλοθεν
448 5232 768 5304 ἀντέχεσθαι
818 5236 931 5287 τοῖν
988 5232 1199 5303 ἀνδροῖν
1232 5249 1244 5262 ⁸
1280 5232 1373 5286 καὶ
1428 5233 1601 5284 εἰπεῖν
1654 5231 1730 5301 τῷ

165 5327 384 5397 Κάρπῳ
406 5324 498 5379 τὸν
540 5324 743 5393 Ἰησοῦν
762 5364 777 5387 ,
807 5325 907 5395 τῆς
936 5322 1115 5395 χειρὸς
1144 5326 1242 5394 ἠδη
1273 5322 1679 5395 προτεταμένης
1711 5340 1724 5352 ”

172 5434 190 5468 ι
230 5419 369 5471 Παῖε
397 5416 516 5471 κατ’
548 5415 680 5486 ἐμοῦ
712 5416 910 5470 λοιπόν·
943 5415 1154 5485 ἕτοιμος
1185 5416 1290 5485 γάρ
1315 5417 1425 5485 είμι
1470 5414 1560 5468 καὶ
1589 5414 1727 5483 ὑπὲρ

166 5507 471 5578 ἀνθρώπων
524 5505 948 5576 ἀνασωζομένων
1005 5505 1230 5568 παθεῖν,
1290 5506 1381 5557 καὶ
1431 5504 1722 5575 προσφιλές

170 5613 258 5670 μοι
282 5595 462 5661 τοῦτο,
485 5598 556 5669 μὴ
585 5596 756 5653 ἄλλων
782 5597 1199 5666 ἁμαρτανόντων
1227 5594 1540 5665 ἀνθρώπων.
1576 5594 1721 5667 Πλὴν

166 5690 301 5759 ὅρα,
355 5688 403 5739 εί
450 5689 630 5752 καλῶς
681 5687 791 5763 ἔχει
834 5696 955 5749 σοι,
988 5688 1087 5757 τὴν
1129 5691 1185 5741 ἐν
1228 5685 1304 5756 τῷ
1345 5690 1585 5760 χάσματι
1630 5687 1722 5741 καὶ

172 5779 310 5850 μετά
360 5776 468 5830 τῶν
517 5777 691 5846 ὀφεων
744 5778 910 5849 μονὴν
959 5775 1377 5841 ἀνταλλάξασθαι
1429 5776 1529 5845 τῆς
1588 5782 1721 5849 μετά

169 5873 302 5927 Θεοῦ
349 5868 571 5927 καὶτῶν
596 5870 811 5938 ἀγαθῶν
855 5872 945 5926 καὶ
972 5868 1347 5940 φιλανθρώπων
1396 5869 1663 5941 ἀγγέλων.
1699 5892 1709 5923 ›

1898 4326 2163 4384 Narrabat
2221 4347 2384 4401 porro
2444 4334 2655 4401 Carpus
2711 4351 2770 4389 se
2813 4337 3141 4404 voluptatem
3195 4350 3388 4405 capere

1829 4420 2085 4481 solitum,
2124 4435 2246 4474 cum
2293 4421 2555 4477 inferiora
2600 4423 2906 4491 aspiceret,
2949 4422 3228 4491 superiora
3260 4437 3386 4478 vero

1828 4512 2099 4581 negligere
2126 4530 2137 4565 :
2173 4515 2409 4579 graviter
2442 4522 2623 4569 autem
2657 4513 2796 4567 ferre
2819 4524 2871 4567 et
2902 4513 3206 4581 indignari,
3237 4513 3384 4583 quod

2199 4597 2579 4660 decidissent;
2742 4612 2905 4672 atque
2974 4604 3028 4657 in
3088 4603 3226 4657 hanc
3270 4619 3381 4659 rem

1826 4708 1951 4748 cum
1996 4708 2136 4763 saepe
2184 4692 2556 4758 incubuisset,
2591 4709 2689 4749 nec
2717 4694 3071 4764 profecisset,
3104 4702 3157 4749 et
3194 4695 3388 4750 acerbe

1825 4784 2045 4842 tulisse,
2088 4792 2142 4838 et
2179 4783 2320 4838 male
2358 4792 2636 4851 precatum
2676 4802 2836 4853 esse;
2877 4801 2998 4841 cum
3041 4788 3127 4840 vix
3169 4788 3385 4843 tandem

1823 4874 2020 4928 caelum
2054 4875 2386 4942 aspexisset,
2419 4874 2621 4929 vidisse
2670 4877 2888 4944 quidem
2938 4878 3069 4932 illud
3119 4893 3333 4934 rursum
3367 4917 3382 4940 ,

1823 4962 2273 5035 quemadmodum
2305 4964 2468 5017 etiam
2505 4970 2661 5019 antea
2693 4965 2936 5031 viderat;
2969 4964 3150 5020 Jesum
3181 4976 3380 5027 autem,

1824 5070 1983 5123 quem
2016 5054 2082 5109 ad
2108 5052 2540 5109 misericordiam
2569 5052 2621 5108 id
2650 5055 2791 5124 quod
2824 5058 3109 5125 gerebatur
3143 5072 3382 5111 commo-

1824 5144 2025 5206 visset,
2074 5158 2293 5197 manum
2334 5143 2622 5213 benignam
2665 5147 3110 5215 porrexisse,.et
3160 5148 3379 5216 angelos

1822 5238 1911 5305 qui
1941 5250 2045 5289 una
2078 5235 2335 5290 auxilium
2368 5235 2566 5290 ferrent
2586 5276 2599 5299 ,
2631 5236 2778 5291 viros
2810 5238 2973 5291 alium
3002 5237 3106 5290 alia
3135 5251 3199 5291 ex
3229 5245 3381 5308 parte

1822 5326 2142 5391 retinuisse,
2172 5325 2479 5393 dixisseque
2504 5326 2680 5395 Carpo
2711 5325 2894 5383 Jesum
2929 5339 3175 5397 porrecta
3203 5329 3376 5382 adhuc

1822 5431 1981 5470 manu
2020 5433 2033 5469 :
2072 5434 2091 5466 ι
2120 5414 2240 5469 Feri
2272 5430 2356 5470 me
2377 5416 2524 5484 jam;
2568 5426 2789 5487 paratus
2814 5435 2932 5475 sum
2958 5421 3098 5474 enim
3133 5435 3373 5482 rursum,

1819 5506 2007 5563 salutis
2050 5504 2330 5559 hominum
2373 5522 2559 5571 causa,
2593 5518 2818 5566 mortem
2850 5509 3092 5578 perpeti:
3136 5511 3374 5581 mihique

1820 5596 1921 5651 hoc
1952 5602 2261 5665 pergratum
2292 5606 2408 5660 est,
2440 5598 2567 5651 dum
2592 5599 2684 5652 alii
2708 5598 2956 5653 homines
2984 5614 3093 5653 non
3123 5610 3368 5670 peccent.

1819 5684 1924 5739 Sed
1956 5684 2113 5747 vide,
2148 5702 2278 5740 num
2311 5687 2404 5745 tibi
2440 5688 2565 5741 utile
2597 5688 2667 5742 sit
2696 5687 2838 5743 hanc
2870 5692 2923 5743 in
2956 5691 3105 5744 hiatu
3143 5700 3197 5746 et
3246 5705 3369 5745 cum

1818 5765 2167 5844 serpentibus
2202 5777 2568 5840 mansionem,
2602 5780 2871 5835 mansioni
2901 5795 3023 5834 cum
3058 5779 3165 5835 Deo
3193 5789 3246 5835 et
3276 5780 3371 5838 be-

1820 5865 1997 5935 nignis
2013 5863 2398 5937 hominumque
2417 5870 2722 5926 amantibus
2740 5872 2943 5943 angelis
2971 5878 3318 5943 anteponere.
3350 5896 3365 5928 ι
