4136 6486
737 450 871 512 1043

1984 443 2273 504 MENSIS
2320 442 2686 503 OCTOBER.

3861 427 3992 492 1044

756 552 876 604 Haec
947 561 1071 606 sunt
1133 569 1248 621 qua:
1309 570 1406 622 ego
1474 556 1694 617 audita,
1760 569 1886 609 vera
1945 570 2065 609 esse
2118 555 2281 609 credo

2420 555 2583 607 Ταῦτα
2618 555 2761 605 ἐστιν
2790 547 2823 602 ἃ
2869 547 2976 613 ἐγὼ
3020 542 3271 612 ἀκηκοὼς
3314 541 3547 593 πιστεύω
3588 534 3767 605 ἁληθῆ
3817 529 3971 584 εἶναι.

824 641 1112 709 Dionysius
1140 643 1317 710 itaque
1342 645 1393 696 in
1427 644 1586 697 rebus
1609 645 1858 699 omnibus
1891 652 2006 698 erat
2037 644 2169 698 adeo
2201 645 2301 697 mi-

753 737 843 796 tis,
882 736 1211 796 misericors,
1246 742 1298 788 et
1324 736 1389 788 ab
1410 735 1486 787 ira
1518 737 1748 797 alienus,
1779 746 1835 789 ut
1857 753 1963 804 quo
1993 736 2152 788 altior
2180 750 2304 787 eva—

750 827 909 880 debat
942 826 1117 889 factis,
1146 842 1209 879 co
1244 844 1301 880 se
1337 828 1507 894 magis
1556 828 1816 879 modestia
1860 828 2184 891 demitteret,
2215 841 2301 879 re-

749 918 869 986 gula
903 917 1075 970 factus
1106 918 1359 972 omnibus
1414 919 1476 971 ad
1527 927 1828 979 veritatem,
1881 925 1934 971 et
1985 919 2205 969 lucerna
2238 916 2305 969 ad

748 1008 1120 1064 deducendum
1168 1010 1233 1063 ad
1279 1012 1329 1063 id
1363 1011 1503 1078 quod
1547 1018 1629 1064 cst
1666 1010 1877 1062 melius.
1910 1010 2174 1074 Quocirca
2209 1023 2305 1061 nec

748 1117 865 1154 eam
898 1103 1153 1155 abscondi
1186 1103 1286 1155 sub
1319 1101 1499 1157 modio
1525 1101 1651 1152 sivit
1671 1101 1735 1163 is,
1771 1101 1860 1168 qui
1893 1108 1974 1152 est
2025 1100 2173 1152 solus
2209 1114 2303 1150 au-

750 1202 867 1245 ctor
895 1197 1133 1247 omnium
1164 1214 1173 1248 :
1214 1195 1305 1249 sed
1336 1196 1388 1246 in
1422 1195 1530 1245 alto
1562 1193 1711 1261 ponit
1763 1208 1856 1261 per
1913 1193 2160 1243 virtutem
2190 1210 2201 1243 :
2255 1198 2306 1243 et

750 1284 887 1335 fama
910 1288 1156 1353 protinus
1185 1284 1507 1352 pervadens,
1539 1284 1836 1336 cauebatur
1852 1283 1905 1334 in
1926 1297 2019 1334 ore
2040 1282 2302 1341 omnium,

748 1374 801 1426 in
831 1377 1085 1429 omnibus
1116 1390 1309 1427 omnes
1341 1376 1556 1427 vincere
1600 1373 1941 1442 Dionysium.
1994 1371 2160 1424 Porro
2210 1388 2306 1423 au-

749 1477 853 1519 tem
883 1483 1073 1520 omnes
1100 1467 1165 1519 ad
1184 1484 1303 1520 eum
1330 1467 1700 1528 conﬂuebant,
1735 1482 1841 1518 non
1873 1466 2047 1517 solum
2083 1465 2307 1532 popula-

750 1573 834 1610 res
863 1566 913 1610 et
946 1558 1208 1621 forenses,
1239 1559 1331 1612 sed
1355 1559 1445 1626 qui
1470 1566 1626 1611 erant
1649 1557 1848 1610 eruditi
1871 1564 1923 1610 et
1954 1555 2192 1623 insignes
2216 1573 2226 1606 :
2254 1561 2306 1606 et

748 1650 837 1717 qui
869 1650 1021 1717 prius
1046 1650 1367 1702 laborabant
1398 1648 1632 1709 insania,
1664 1655 1717 1700 et
1743 1646 1871 1701 feris
1915 1645 2189 1703 crudelius
2230 1645 2307 1695 la-

749 1741 1004 1794 cerabant
1029 1739 1347 1805 Ecclesiam,
1382 1740 1447 1792 ad
1493 1740 1644 1793 illum
1680 1743 1853 1793 virum
1906 1738 2184 1792 venientes
2209 1776 2222 1799 ,
2253 1743 2309 1789 et.

751 1831 1123 1884 admirabilem
1176 1833 1322 1884 illam
1378 1839 1431 1884 et
1460 1832 1699 1884 divinam
1733 1831 1968 1898 linguam
2000 1828 2302 1889 audientes,

2471 642 2626 696 Οὕτω
2648 641 2715 692 τὰ
2742 641 2914 692 πάντα
2933 638 3101 707 πρᾶος
3120 633 3185 705 ἦν
3213 636 3304 687 καὶ
3330 630 3613 701 συμπαθὴς
3647 630 3745 680 καὶ
3777 626 3978 694 ἀόργη-

2401 733 2620 801 τος,ὃσῳ
2637 734 2746 793 τοῖς
2770 730 2944 800 ἔργοις
2965 726 3182 795 ὑψοῦτο,
3198 724 3430 792 τοσούτῳ
3457 721 3534 790 τῷ
3555 720 3871 788 φρονήματι
3897 731 3979 765 τα-

2405 824 2752 893 πεινούμενος
2774 839 2785 851 ·
2819 818 2995 872 κανὼν
3021 820 3132 878 τοῖς
3174 818 3305 868 πᾶσι
3350 815 3480 884 πρὸς
3515 812 3751 882 ἀρετήν·
3790 807 3978 875 λύχνος

2402 915 2481 975 εἰς
2519 911 2737 981 ὀδηγίαν
2779 909 2872 962 τοῦ
2919 907 3242 979 κρείττονος.
3275 904 3397 956 Δι’ὃ
3436 902 3568 973 μηδέ
3609 899 3721 951 ὑπὸ
3750 897 3846 948 τὸν
3885 898 3976 965 μό-

2400 1002 2508 1055 διον
2555 1004 2581 1053 ό
2622 1001 2728 1053 τῶν
2761 999 3008 1053 ἁπάντων
3057 994 3226 1055 αἴτιος
3264 994 3415 1063 μόνος
3450 988 3800 1061 κρύπτεσθαι
3840 1002 3982 1035 63‘):-

2404 1110 2675 1164 χωρησεν·
2710 1092 2821 1144 ἀλλ’
2865 1092 2945 1158 ἐφ’
2967 1086 3171 1158 (ad/13105
3197 1085 3262 1138 δι’
3308 1083 3506 1153 ἀρετῆς
3554 1080 3778 1148 τίθησι·
3822 1077 3916 1128 καὶ
3950 1077 3980 1143 ἡ

2403 1187 2577 1253 φήμη,
2601 1184 2799 1244 εὐθέως
2819 1180 3075 1242 λαϐοῦσα,
3106 1178 3192 1230 διὰ
3218 1176 3428 1228 πάντων
3459 1170 3551 1244 ᾖδε
3592 1169 3981 1239 στομάτων,ὲν

2403 1277 2533 1326 πᾶσι
2572 1274 2784 1325 πάντων
2823 1273 3038 1341 κρατεῖν
3062 1268 3353 1322 Διονύσιον.
3384 1265 3490 1316 Καὶ
3524 1262 3589 1331 δὴ
3613 1261 3758 1321 πρὸς
3796 1257 3982 1309 τοῦτον

2404 1364 2601 1424 πάντες
2634 1362 2918 1431 ἐπέρρεον·
2945 1360 3003 1411 οὑ
3030 1360 3092 1412 τὸ
3120 1358 3363 1427 δημῶδες
3387 1355 3543 1425 μόνον
3571 1354 3665 1403 καὶ
3700 1352 3980 1418 ἀγοραῖον,

2405 1454 2516 1508 ἀλλ’
2551 1455 2671 1505 ὅσον
2701 1453 2793 1504 καὶ
2820 1450 2926 1503 τῶν
2960 1449 3255 1517 ἐλλογίμων
3278 1444 3343 1516 ἦν
3366 1447 3457 1497 καὶ
3480 1442 3769 1509 ἐπιφανῶν
3789 1456 3803 1468 ·
3844 1439 3897 1491 οἶ
3926 1454 3980 1489 τε

2408 1545 2665 1615 πρότερον
2687 1545 2750 1611 τῇ
2778 1542 2940 1611 μανίᾳ
2968 1539 3409 1608 κατειλημμένοι,
3437 1535 3529 1587 καὶ
3552 1531 3744 1603 θηρῶν
3779 1532 3985 1599 ὠμότε-

2411 1651 2498 1700 ρον
2524 1632 2619 1701 τὴν
2670 1631 2988 1699 Ἐκκλησίαν
3020 1630 3437 1700 σπαράττοντες,
3462 1626 3651 1688 ὡς’τὸν
3704 1625 3879 1695 ἄνδρα
3898 1642 3982 1691 γι-

2406 1724 2637 1791 νόμενοι,
2664 1724 2756 1773 καὶ
2783 1722 2878 1791 τῆς
2901 1719 3215 1789 θαυμαστῆς
3244 1716 3451 1785 ἐκείνης
3486 1717 3579 1767 καὶ
3603 1716 3761 1776 θείας
3815 1713 3983 1780 γλώτ-

2405 1832 2502 1883 της
2529 1817 2833 1873 ἀκούοντες,
2864 1812 2999 1862 τότε
3043 1810 3152 1862 τῶν
3192 1809 3425 1880 καρδιῶν
3470 1807 3708 1876 σκληρὸν
3749 1808 3982 1875 ἐμαλατ-

751 1924 933 1975 cordis
964 1923 1047 1977 sui
1080 1924 1394 1975 molliebant
1416 1923 1699 1983 duritiam,
1730 1929 1781 1973 et
1804 1921 1869 1973 ad
1903 1936 2080 1973 veram
2112 1928 2165 1972 et
2200 1918 2307 1987 pri-

2420 1921 2576 1964 ιοντο,
2609 1904 2701 1955 καὶ
2739 1902 2818 1972 τῷ
2862 1900 3100 1970 ἀληθινῴ
3133 1901 3224 1951 καὶ
3262 1897 3458 1967 πρώτῳ
3496 1898 3632 1963 φωτὶ
3669 1897 3982 1965 προσῄεσαν

750 2029 889 2064 mam
922 2015 1095 2066 lueem
1122 2013 1455 2065 accedebant
1508 2028 1606 2080 per
1636 2011 1938 2080 baptisma;
1993 2026 2099 2079 quo
2138 2010 2310 2078 magis

748 2114 903 2158 erant
928 2104 1243 2157 inﬂammati
1275 2106 1337 2158 ad
1381 2106 1593 2167 vitium,
1614 2120 1679 2161 eo
1710 2103 2090 2158 ferventiorem
2121 2111 2305 2155 osten-

747 2196 935 2249 dentes
982 2196 1449 2250 christianismum
1474 2236 1488 2257 ,
1521 2206 1573 2249 et
1604 2196 1668 2249 ad
1705 2209 1971 2248 summam
1998 2234 2010 2257 ,
2044 2194 2175 2245 nihil
2197 2200 2305 2244 tam

747 2286 936 2338 eratin
959 2301 1053 2338 ore
1081 2287 1344 2348 omnium,
1364 2302 1524 2354 quam
1549 2287 1859 2355 Dionysius.
1888 2286 2022 2339 Cum
2048 2301 2175 2354 ergo
2198 2286 2309 2338 haec

748 2379 892 2433 fama
920 2379 998 2433 sic
1022 2378 1360 2447 pervaderet,
1395 2379 1645 2432 doctrina
1686 2386 1865 2432 autem
1898 2378 2234 2439 dilataretur,
2261 2387 2310 2431 et

748 2471 881 2525 ﬁdes
933 2471 1349 2525 conﬁrmaretur
1403 2471 1707 2526 evidentius
1735 2512 1747 2535 ,
1793 2486 1881 2524 res
1914 2469 2092 2523 delata
2132 2475 2215 2523 est
2242 2468 2307 2521 ad

748 2562 1135 2624 Domitianum,
1178 2561 1243 2614 ad
1276 2562 1631 2616 saevissimum
1673 2562 1889 2630 inquam
1924 2560 2306 2622 Domitianum,

748 2654 829 2706 vel
858 2663 914 2704 ut
940 2653 1110 2721 magis
1138 2654 1359 2721 proprie
1385 2653 1585 2709 dicam.
1617 2651 2045 2712 Dwmonianum,
2071 2651 2159 2718 qui
2181 2665 2321 2705 eon-.

748 2759 829 2799 tra
862 2745 1026 2799 Deum
1062 2746 1276 2798 locutus
1310 2744 1411 2796 fuit
1452 2743 1793 2811 iniquitatem
1849 2741 1903 2793 in
1961 2739 2212 2809 superbia
2260 2745 2313 2792 et

749 2837 1169 2905 contemptione,
1205 2848 1258 2890 et
1284 2851 1502 2888 manum
1543 2834 1652 2889 Deo
1684 2834 1958 2887 inimicam
1991 2832 2184 2886 extulit
2215 2830 2312 2883 ad-

750 2942 939 2983 versus
966 2927 1121 2982 Iidem
1164 2928 1611 2981 christianorum.
1650 2924 1747 2977 llic
1770 2939 1898 2993 ergo
1929 2923 2054 2991 quid
2106 2922 2312 2974 machi-

751 3020 949 3073 natur?
972 3021 1051 3073 vel
1077 3020 1258 3088 potius
1287 3019 1416 3087 qnid
1449 3019 1676 3072 docetur
1698 3032 1725 3067 a
1760 3025 1911 3085 patre
1950 3030 2046 3068 suo
2073 3013 2315 3066 Satana?

751 3111 951 3165 Omnes
973 3112 1189 3179 quidem
1228 3111 1343 3180 qui,
1383 3125 1499 3180 qua
1522 3109 1805 3164 christiani
1842 3109 2100 3167 sentiunt,
2133 3106 2314 3177 despi-

751 3216 908 3268 cere;
952 3202 1267 3274 Dionysium
1301 3210 1481 3257 autem
1537 3202 1710 3257 solum
1765 3200 1831 3255 de
1884 3200 2060 3253 medio
2091 3200 2310 3263 tollere;

2420 3176 2723 3252 φρονοῦσιν,

749 3295 853 3351 hoc
888 3296 1089 3357 sciens,
1118 3295 1264 3363 quod
1298 3295 1342 3349 si
1386 3310 1507 3349 eum
1571 3295 1744 3348 solum
1802 3292 2011 3352 vicerit,
2062 3291 2315 3346 omnibus

754 3388 915 3441 fuerit
1032 3382 1281 3454 superior
1312 3399 1327 3449 ;
1441 3386 1524 3439 sin
1550 3384 1753 3444 minus,
1783 3395 1971 3435 omnes
1998 3378 2112 3432 fore
2139 3377 2315 3431 Domi-

754 3480 901 3533 tiano
924 3479 1199 3533 fortiores.
1233 3476 1530 3546 Postquam
1556 3483 1734 3529 autem
1763 3474 1878 3527 lucc
1904 3479 2080 3526 mente
2113 3471 2315 3539 agitas-

752 3578 855 3633 set,
892 3585 1014 3622 eum
1048 3570 1249 3622 excitat
1277 3568 1353 3619 ira
1389 3566 1654 3619 adversus
1680 3572 1994 3632 martyrem,
2020 3570 2073 3615 et
2117 3561 2317 3613 furoris

755 3676 1007 3731 quaerens
1027 3661 1507 3717 medicamentum,
1535 3656 1740 3708 nullum
1773 3652 1917 3706 aliud
1936 3652 2157 3717 invenit,
2184 3665 2320 3721 prae-

755 3762 835 3807 ter
864 3753 981 3819 ejus
1008 3761 1255 3804 mortem.
1291 3750 1424 3801 Cum
1462 3749 1641 3817 itaque
1679 3760 1888 3807 omnes,
1930 3744 2023 3812 qui
2056 3744 2174 3811 ejus
2218 3743 2317 3795 im-

756 3845 906 3915 perio
946 3842 1226 3912 parebant,
1266 3845 1670 3908 congregasset,
1704 3850 1905 3903 eosque
1936 3834 2320 3902 assumpsisset

754 3936 844 4005 qui
878 3944 1031 3986 erant
1064 3933 1112 3986 ei
1142 3930 1380 3983 amentia
1420 3927 1645 3987 similes,
1678 3926 1843 3977 mittit
1869 3923 1934 3976 ad
1974 3924 2317 3993 quaerendum

755 4032 1070 4093 martyrem.
1107 4039 1124 4070 ι
1157 4018 1242 4081 Et,
1265 4017 1307 4071 si
1338 4016 1387 4070 ei
1407 4015 1646 4085 quidem,
1688 4015 1881 4083 inquit,
1913 4012 2316 4083 persuaseritis,

758 4123 816 4167 ut
842 4114 907 4166 ad
940 4120 1184 4166 nostram
1209 4110 1523 4163 traducatur
1547 4105 1882 4175 religionem,
1917 4104 2019 4159 hoc
2041 4113 2143 4166 est,
2171 4102 2314 4173 quod

758 4206 1040 4259 desidero:
1081 4216 1315 4269 cumque
1369 4214 1491 4253 eum
1546 4198 1867 4267 acceperitis
1899 4196 2201 4257 vobiscum,
2239 4209 2323 4247 rc—

758 4295 1052 4349 vertimini.
1087 4292 1185 4345 Sin
1214 4301 1393 4344 autem
1431 4290 1607 4342 adhuc
1641 4287 2000 4357 permanserit
2053 4286 2106 4338 in
2160 4284 2322 4351 impia

760 4388 1039 4456 religione,
1074 4400 1198 4439 eum
1230 4388 1402 4435 morte
1430 4379 1806 4437 condemnate.
1852 4398 1868 4429 ι

831 4479 910 4532 Illi
935 4486 1117 4532 autem
1154 4490 1275 4529 cum
1311 4474 1426 4527 haec
1451 4472 1754 4525 audiissent
1780 4472 1847 4524 ab
1892 4470 2237 4538 imperatore,
2273 4475 2327 4523 et

2407 1995 2493 2047 διὰ
2514 1995 2606 2045 τοῦ
2638 1994 3035 2063 βαπτίσματος·
3076 1993 3188 2060 ὅσῳ
3243 1990 3402 2041 πλέον
3461 1990 3567 2038 τῶν
3627 1988 3813 2040 ἄλλων
3855 1988 3984 2057 πρὸς

2410 2086 2603 2138 κακίαν
2626 2083 2810 2154 πρώην
2837 2083 3212 2151 ἐφλέγμαινον,
3238 2081 3472 2149 τοσούτῳ
3502 2078 3696 2142 ζέοντα
3724 2077 3824 2127 τὸν
3858 2079 3985 2146 Χρι-

2408 2177 2720 2244 στιανισμὺν
2743 2174 3165 2243 ἐνδεικνύμενοι·
3196 2174 3288 2223 καὶ
3325 2171 3456 2229 ὅλως
3482 2168 3633 2222 οὐδὲν
3660 2165 3844 2226 οὕτως
3887 2168 3986 2217 ἀνὰ

2411 2270 2581 2338 στόμα
2612 2270 2722 2329 τοῖς
2752 2268 2931 2325 πᾶσιν,
2960 2266 3040 2316 ὅτι
3078 2264 3151 2332 μὴ
3183 2258 3556 2330 Διονύσιοςῆν.
3604 2260 3695 2322 Ὠς
3722 2253 3818 2310 οὖν
3847 2256 3987 2308 οὕτω

2409 2360 2599 2420 ταῦτα,
2637 2361 2728 2411 καὶ
2760 2358 2965 2427 ήφήμη
2992 2354 3287 2423 διέτρεχεν,
3319 2352 3691 2422 ἠδιδασγαλία
3725 2368 3787 2401 τε
3826 2348 3988 2400 ἐπλα-

2408 2450 2611 2511 τύνετο,
2670 2452 2762 2501 καὶ
2790 2451 2823 2517 ἡ
2872 2448 3052 2507 πίστις
3113 2442 3420 2495 ἐϐεϐαιοῦτο
3486 2442 3823 2509 τρανότερον
3852 2478 3865 2499 ,
3912 2441 3988 2497 εἰς

2409 2541 2574 2603 ἀκοὰς
2618 2537 2740 2609 ἥκει
2791 2538 2855 2590 τὸ
2889 2538 3116 2607 πρᾶγμα
3153 2531 3487 2604 Δομετιανῷ,
3540 2528 3867 2600 Δομετιανῷ
3914 2526 3989 2595 τῷ

2412 2636 2586 2684 πάντα
2616 2630 2799 2699 δεινῷ·
2819 2625 3155 2695 Δαιμονιανῷ
3180 2625 3238 2674 δέ
3269 2622 3463 2692 μᾶλλον
3502 2622 3680 2673 εἰπεῖν
3733 2617 3991 2670 οἰκειότε-

2413 2742 2525 2799 ρον,
2552 2723 2628 2792 τῷ
2648 2721 2936 2791 λαλήσαντι
2966 2716 3106 2769 κατὰ
3130 2714 3222 2768 τοῦ
3244 2714 3377 2767 Θεοῦ
3408 2714 3643 2775 ἀδικίαν,
3682 2713 3743 2763 ἐν
3781 2712 3988 2779 ὑπερτι-

2414 2817 2578 2892 φανία
2603 2814 2694 2867 καὶ
2722 2808 3086 2875 ἐξονδενώσει,
3113 2810 3383 2876 καίχείρα
3411 2805 3682 2872 θεομάχον
3723 2802 3870 2852 κατὰ
3896 2802 3989 2869 τῆς

2411 2905 2518 2957 τῶν
2545 2900 2883 2973 Χριστιανῶν
2923 2900 3113 2968 ἅραντι
3163 2897 3413 2956 πίστεως.
3458 2890 3626 2953 Οὗτος
3668 2887 3766 2943 οὖν
3802 2891 3855 2940 τί
3894 2909 3993 2958 μη-

2414 2997 2658 3068 χανᾶται,
2688 2991 2883 3062 μᾶλλον
2908 2990 2964 3042 δὲ
2992 2989 3042 3039 τί
3076 2987 3227 3055 παρὰ
3257 2985 3346 3038 τοῦ
3376 2983 3577 3053 πατρὸς
3608 2980 3781 3033 αὑτοῦ
3814 2982 3991 3032 Σατίν

2414 3082 3066 3145 ἐκπαιδεύεταιζπάντων
3113 3079 3208 3147 μὲν
3243 3076 3349 3127 τῶν
3390 3077 3501 3127 ὅσοι
3540 3074 3609 3126 τὰ
3648 3071 3994 3142 Χριστιανῶν

2773 3171 3063 3243 ὑπεριδεῖν,
3095 3169 3365 3221 Διονύσιον
3407 3167 3463 3219 δὲ
3517 3165 3680 3234 μόνον
3712 3163 3894 3225 ἑλεῖν,
3937 3157 3989 3214 εὖ

2417 3270 2589 3330 εἰδὼς,
2612 3269 2705 3329 ὼς,
2730 3266 2777 3317 εί
2804 3263 2993 3317 τούτου
3012 3261 3363 3330 περιγένηται
3390 3257 3568 3327 μόνον,
3594 3255 3824 3307 πάντων
3848 3254 3993 3305 ἔσται

2418 3364 2724 3433 κρατήσας·
2766 3357 2813 3407 εί
2838 3355 2893 3406 δέ
2926 3352 2998 3423 μὴ
3025 3352 3235 3411 τούτου,
3260 3347 3582 3418 Δομετιανοῦ
3607 3346 3815 3407 πάντες
3854 3346 3998 3411 asap-

2420 3454 2646 3522 ρότεροι.
2691 3448 2841 3501 Ἐπεὶ
2865 3446 2920 3498 δέ
2952 3443 3123 3497 ταῦτα
3146 3441 3365 3503 ἐνενόει,
3393 3441 3420 3489 ὁ
3444 3438 3616 3506 θυμὸς
3652 3437 3826 3488 αὐτὸν
3859 3434 3997 3501 ἐγεί-

2420 3563 2502 3619 ρει
2531 3542 2671 3596 κατὰ
2701 3540 2793 3594 τοῦ
2830 3539 3120 3608 μάρτυρος,
3150 3534 3243 3586 καί
3270 3532 3445 3601 ζητῶν
3476 3531 3575 3599 τῆς
3609 3528 3815 3598 μανίας
3845 3526 3997 3594 ἴαμα,

2419 3617 2574 3686 τοῦτο
2599 3633 2753 3702 μόνον
2784 3631 3041 3699 εὑρίσκει,
3071 3624 3161 3676 τὸν
3188 3622 3348 3677 αὑτοῦ
3375 3621 3625 3674 Θάνατον.
3658 3619 3887 3688 Ἀμέλει
3912 3617 3999 3667 καὶ

2423 3728 2627 3787 πάντας
2649 3725 2772 3785 τοὺς
2802 3722 2905 3774 ὑπὸ
2962 3723 3118 3790 χεῖρα
3169 3714 3505 3782 συναγαγὼν,
3528 3714 3657 3773 τοὺς
3696 3708 3994 3779 ἀπηνεπέ-

2427 3835 2548 3889 ρονς
2573 3833 2629 3867 τε
2658 3815 2749 3865 καὶ
2779 3812 3019 3870 ἐοικότας
3041 3807 3189 3876 αὐτῷ
3211 3807 3307 3875 τὴν
3354 3803 3614 3856 ἀπόνοιαν
3639 3797 3998 3871 παραλαϐὼν,

2424 3909 2565 3964 κατὰ
2594 3906 2815 3979 ζήτησιν
2846 3902 3116 3971 ἐκπέμπει
3145 3898 3237 3950 τοῦ
3271 3897 3562 3966 μάρτυρος,
3596 3893 3716 3954 καὶ,
3755 3912 3774 3942 (
3816 3892 3877 3943 Et
3914 3892 4000 3957 μὲν

2424 4004 2499 4073 τῷ
2527 4000 2773 4072 ἡμετέρῳ
2792 3996 2995 4057 τοῦτον,
3026 3994 3178 4063 φησι,
3206 3986 3528 4060 μεταθέσθαι
3554 3984 3873 4050 σεδάσματι
3895 3981 4001 4031 πεί⁸

2428 4111 2567 4155 σετε,
2598 4092 2737 4144 τοῦτ’
2770 4090 2892 4159 ἐμοὶ
2919 4086 2978 4138 τὸ
3008 4083 3338 4153 ποθούμενον
3360 4119 3371 4141 ,
3407 4079 3498 4130 καὶ
3539 4075 3809 4134 λαϐόντες
3854 4070 4021 4124 αὐτὸν

2431 4187 2544 4257 μεθ’
2577 4183 2802 4243 ἑαυτῶν,
2834 4177 3204 4248 ἀναστρέψατε
3224 4192 3236 4205 ·
3257 4176 3303 4226 εί
3333 4173 3387 4225 δὲ
3409 4170 3484 4222 ἔτι
3503 4172 3567 4239 τῇ
3599 4164 3865 4219 δυσσεϐεῖ
3895 4167 4001 4216 ἐπι-

2432 4278 2605 4348 μένων
2634 4276 2717 4347 εἴη
2749 4273 3032 4345 θρησκείᾳ,
3064 4269 3291 4328 θάνατον
3320 4263 3483 4318 αὑτοῦ
3516 4261 3915 4331 κατακρίνατε.
3954 4277 3969 4307 ι

2497 4468 2559 4521 Οί
2581 4468 2663 4527 δὲ,
2694 4465 2848 4518 τοῦτο
2878 4460 3026 4532 παρὰ
3052 4458 3147 4510 τοῦ
3182 4454 3502 4528 κρατοῦντος
3534 4452 3903 4511 ἀκούσαντες,
3947 4451 4001 4515 τῇ

764 4557 948 4625 furore
982 4568 1439 4627 accenderentur,
1493 4564 1583 4632 qui
1612 4564 1664 4614 in
1696 4564 1774 4615 eis
1812 4562 2109 4623 habitabat,
2160 4570 2213 4616 et
2260 4560 2316 4613 ad

2431 4578 2489 4614 τε
2520 4561 2748 4627 συνοίκῳ
2774 4556 2937 4625 μανίᾳ
2989 4550 3403 4619 ὑποτυφόμενοι,
3436 4546 3528 4597 καὶ
3568 4543 3902 4612 δραστήριοι
3942 4540 4007 4606 τῷ

763 4680 849 4718 res
884 4662 1152 4733 gerendas
1183 4674 1338 4713 acres
1389 4656 1561 4710 videri
1616 4656 1814 4708 vellent
1872 4654 1920 4707 ei
1956 4654 2047 4721 qui
2082 4655 2325 4718 miserat,

762 4766 1051 4825 postquam
1085 4757 1354 4804 venerunt
1389 4749 1441 4802 in
1476 4747 1704 4802 Galliam
1734 4754 1995 4815 tanquam
2027 4746 2153 4800 ferte
2184 4761 2320 4814 qure-

762 4848 883 4901 dam
918 4848 1170 4899 irruunt:
1210 4850 1264 4896 et
1293 4858 1417 4896 cum
1452 4855 1693 4901 omnem,
1726 4855 1845 4907 quae
1877 4838 2026 4892 circa
2059 4837 2165 4891 sita
2193 4845 2328 4902 erat,

762 4938 1185 4991 conturbassent
1213 4935 1511 5002 regionem,
1546 4940 1909 4999 corrumpunt
1948 4927 2328 5003 simpliciores,

764 5037 822 5082 ut
855 5029 1116 5083 docerent
1149 5027 1367 5079 ubinam
1411 5024 1605 5078 beatus
1650 5021 1944 5091 Dionysius
1998 5030 2329 5075 versaretur.

764 5120 1060 5189 Postquam
1085 5127 1263 5171 autem
1291 5116 1582 5169 audierunt
1632 5128 1755 5167 eum
1790 5112 1997 5167 versari
2032 5114 2083 5165 in
2116 5114 2334 5167 civitate

767 5211 1130 5268 Parisiorum,
1166 5208 1396 5262 necdum
1431 5223 1541 5261 rem
1567 5215 1736 5259 totam
1768 5204 2053 5259 audierant
2075 5219 2196 5255 cum
2227 5204 2336 5259 illic

768 5305 987 5358 adsunt.
1030 5301 1235 5355 Deinde
1289 5307 1667 5369 percantantes
1705 5298 1770 5351 de
1816 5298 1978 5351 rebus
2009 5295 2335 5349 christiano-

769 5411 912 5457 rum,
938 5396 1221 5447 inveniunt
1256 5390 1377 5446 ﬁdei
1405 5391 1708 5444 doctrinam
1742 5405 1863 5444 esse
1908 5389 2211 5458 dispersam
2242 5404 2335 5457 per

770 5499 937 5543 totam
963 5486 1278 5539 civitatem:
1335 5485 1403 5539 de
1448 5484 1729 5537 miraculis
1756 5481 2013 5550 martyris
2054 5482 2187 5534 ﬁunt
2217 5496 2331 5534 cer-

771 5581 959 5642 tiores,
995 5576 1141 5648 quod
1164 5591 1353 5630 omnes
1379 5576 1605 5639 scilicet,
1644 5572 1737 5643 qui
1766 5573 1905 5626 male
1961 5586 2019 5625 se
2050 5571 2334 5633 haberent,

770 5681 1051 5727 curasset:
1084 5678 1138 5726 et
1165 5668 1284 5723 ideo
1313 5668 1714 5723 incredulorum
1755 5668 1820 5721 ad
1852 5682 1975 5721 eum
2012 5662 2339 5719 conﬁnxisse

771 5774 1066 5825 catervam,
1102 5772 1155 5819 et
1183 5760 1572 5829 seadjunxisse
1593 5775 1724 5816 vero
1752 5760 1841 5813 Dei
1872 5758 2072 5812 cultui:
2110 5764 2161 5812 et
2194 5753 2337 5827 quod

781 5860 957 5914 omnis
992 5857 1276 5913 Germania
1325 5871 1443 5927 quae
1480 5856 1661 5908 multis
1713 5855 1862 5924 prius
1912 5852 2161 5922 gravibus
2196 5850 2336 5904 vitiis

2433 4652 2705 4722 πέμψαντι
2729 4646 2874 4710 δόξαι
2896 4642 3352 4715 φιλοτιμούμενοι,
3371 4638 3491 4689 ἐπεὶ⁸
3511 4635 3610 4705 τὴν
3628 4633 3871 4686 Γαλλίαν
3892 4648 4008 4685 κατ-

2435 4744 2645 4805 έλαϐον,
2703 4740 2776 4803 ὥς
2804 4756 2946 4801 τινες
2976 4734 3270 4804 είσπηδῶσι
3301 4731 3462 4801 θῆρες
3484 4744 3499 4759 ·
3545 4728 3641 4781 καὶ
3688 4730 3880 4780 πᾶσαν
3920 4726 4011 4776 δισ-

2434 4834 2766 4907 ταρὰξαντες
2786 4833 2884 4904 τὴν
2916 4829 3241 4899 περίχωρον,
3272 4822 3663 4893 ὑποφθείρουσι
3695 4822 3832 4881 τοὺς
3874 4819 4011 4870 εὐκο-

2436 4929 2721 4997 λωτέρους,
2750 4924 2819 4977 τὰ
2841 4922 2981 4977 κατὰ
3000 4921 3089 4973 τὸν
3114 4916 3377 4990 μακάριον
3404 4913 3612 4977 διδάξαι
3632 4928 3695 4963 τε
3727 4913 3829 4964 καί⁵
3857 4911 4011 4963 εἰπεῖν

2441 5019 2727 5072 Διονύσιον.
2771 5017 2857 5078 Ὠς
2885 5016 2940 5067 δέ
2966 5012 3152 5065 τοῦτον
3182 5014 3237 5064 ἐν
3256 5007 3491 5079 Παρισία
3519 5007 3586 5073 τῇ
3620 5002 3781 5055 πόλει
3824 4999 4013 5068 διατρίο

2444 5110 2557 5163 σειν
2579 5110 2839 5162 ἐπύθοντο
2858 5149 2871 5171 ,
2901 5104 3051 5158 οὔπω
3080 5104 3142 5156 τὸ
3171 5104 3279 5155 πᾶν
3307 5098 3589 5159 ἐπύθοντο,
3641 5096 3743 5149 καὶ
3776 5097 3848 5163 τῇ
3880 5090 4013 5144 πόλει

2444 5202 2779 5271 ἐφίστανται.
2807 5195 2939 5252 Εἶτα
2954 5196 3022 5249 τὰ
3050 5197 3178 5267 περὶ
3206 5193 3312 5245 τῶν
3332 5187 3673 5259 Χριστιανῶν
3706 5182 4013 5256 ἐρευνῶσιν,

2446 5296 2756 5366 εὑρίσκουσι
2787 5293 3034 5360 πανταχῇ
3075 5288 3144 5341 τὰ
3162 5288 3259 5357 τῆς
3303 5283 3535 5343 πίστεως
3592 5273 4015 5345 κατεσπαρμὲνσ

2444 5388 2767 5458 διδάγματα.
2803 5384 2934 5455 Περὶ
2972 5383 3068 5435 τῶν
3098 5378 3189 5431 τοῦ
3222 5376 3492 5448 μάρτυρος
3531 5368 3848 5441 τεραστίων
3895 5386 4016 5437 pav-

2449 5479 2717 5541 Θάνουσιν,
2748 5478 2823 5539 ὼς
2848 5477 2973 5535 τοὺς
3004 5472 3129 5543 περί
3156 5488 3207 5523 τι
3253 5468 3501 5538 πονήρως
3544 5463 3779 5531 ἔχοντας
3827 5460 4017 5515 πάντας

2452 5572 2675 5626 ἰάσαιτο.
2734 5567 3038 5624 Κὰντεῦθεν
3082 5564 3142 5616 τὸ
3186 5563 3294 5616 τῶν
3349 5560 3595 5613 ἀπίστων
3653 5554 3814 5625 αὑτῷ
3848 5558 4018 5617 origo;

2448 5664 2779 5737 ἐπιρῤεὖσαν
2806 5664 2872 5731 τῇ
2903 5656 3179 5728 θεοσεϐείᾳ
3207 5653 3484 5709 συνέθετο·
3540 5647 3638 5700 καὶ
3678 5647 3759 5709 ὡς
3805 5648 3839 5714 ἠ
3890 5643 4019 5737 πᾷσσ

2452 5734 2725 5831 Γερμανία
2753 5752 3042 5818 mnam?)
3064 5747 3292 5821 πρόσθεν
3320 5743 3414 5796 καὶ
3438 5740 3632 5804 δεινοῖς
3659 5734 4019 5831 δεδονλιρμέἰη

2454 5827 2650 5906 πάθεσί
2678 5866 2735 5903 τε
2767 5850 2857 5902 καὶ
2889 5845 3168 5918 πράξεσιν,
3190 5840 3249 5891 οὐ
3284 5837 3387 5908 μὴν
3418 5834 3550 5907 ἀλλὰ
3604 5833 3705 5884 καὶ
3737 5827 4019 5887 ιὶδωλικοὶς
