4136 6498
138 437 273 510 1045

1141 434 1323 495 νΙΤΑ
1355 432 1417 495 S.
1454 434 1801 497 DIONYSII
1845 432 2386 499 AREOPAGITAE.

3272 431 3408 495 1046

164 549 499 618 ὑποκειμένη
535 547 863 614 σεϐασμασι,
896 548 984 598 τὸν
1006 550 1198 600 οἰκεῖον
1228 550 1443 619 αὑχένα,
1477 552 1591 612 ταῖς
1623 554 1729 604 Διο-

1840 544 2101 599 servierat
2126 553 2179 596 et
2234 540 2390 593 factis
2418 578 2431 599 ,
2464 538 2757 607 quinetiam
2790 537 3035 607 subjecta
3067 545 3181 589 erat
3213 534 3386 591 cultui

166 641 347 694 νυσίου
377 639 639 707 διδαχαῖς,
672 637 880 689 ἐκεῖθεν
910 638 1255 702 ὑπεξελοῦσα,
1278 640 1355 709 τῷ
1381 641 1473 693 τοῦ
1506 642 1737 711 Χριστοῦ

164 734 313 803 ζυγῷ
355 730 694 800 ὑπηγάγετο.
752 730 837 791 Ὠς
870 725 961 780 οὖν
1008 729 1087 791 εἰς
1115 730 1313 795 γνῶσιν
1344 733 1519 793 αὐτοῖς
1541 771 1554 793 ,
1599 732 1740 784 οὕτω

162 826 333 879 ταῦτα
362 825 458 877 καὶ
497 820 667 874 πολλὰ
706 819 867 890 ἕτερα
922 820 1202 887 γεγονέναι
1244 823 1487 889 ἀφίκετο,
1528 824 1628 892 τήν
1680 839 1739 874 τε

164 916 255 969 τοῦ
286 913 523 986 Χριστοῦ
556 914 791 983 ποίμνην
810 911 1205 981 αὐξανομένην,
1237 915 1329 965 καὶ
1368 916 1490 976 τοὺς
1537 915 1745 969 ἑαυτῶν

164 1010 318 1069 θεοὺς
339 1005 802 1078 παρεωραμένονς
832 1002 1039 1072 ἐώρων,
1073 1002 1170 1063 τάς
1197 1020 1255 1054 τε
1286 1003 1505 1065 τελετὰς
1560 1022 1744 1074 περιυ-

164 1099 479 1169 ϐρισμένας,
512 1098 603 1149 καὶ
625 1097 705 1155 είς
734 1094 861 1161 γόνυ
907 1093 1169 1145 κλίνασαν
1196 1095 1295 1163 τὴν
1342 1094 1624 1155 ἀσέϐειαν,
1655 1094 1745 1145 ἐπὶ

170 1191 362 1259 μᾶλλον
405 1188 712 1241 ἐκκαίονται
734 1225 748 1247 ,
799 1187 891 1237 καὶ
923 1186 1012 1236 τὸν
1042 1184 1248 1236 τούτων
1292 1184 1465 1237 αἴτιον
1494 1186 1625 1236 ὅπου
1656 1186 1747 1238 καὶ

164 1279 446 1350 διατρίϐων
475 1280 578 1347 ειη,
600 1276 952 1328 πυνθάνονται
972 1292 983 1303 ’
1009 1275 1099 1326 καὶ
1132 1274 1224 1326 τὸν
1244 1275 1540 1345 μακάριον,
1558 1274 1745 1344 ἁθρόον

168 1372 593 1431 ἐπεισπεσόντες,
641 1370 740 1420 σὺν
787 1368 900 1436 ἅμα
950 1367 1212 1435 δεσμοῦσι
1251 1369 1365 1428 τοῖς
1414 1369 1532 1436 μετ’
1564 1366 1746 1431 αὑτοῦ,

168 1464 264 1533 τὴν
294 1462 439 1514 θείαν
484 1461 584 1512 ἀνὰ
614 1460 789 1528 στόμα
819 1459 1033 1528 διδαχὴν
1066 1458 1149 1509 Ξτι
1181 1459 1440 1527 φέροντα,
1483 1460 1575 1509 καὶ
1618 1476 1746 1529 προ-

172 1552 429 1620 κάθηνται
459 1549 731 1609 λυσσῶδές
767 1566 817 1599 τι
851 1550 941 1600 καὶ
986 1548 1215 1616 μανικὸν
1246 1549 1337 1599 ἐπὶ
1359 1548 1460 1616 τὴν
1508 1547 1747 1612 ἐξέτασιν

172 1641 437 1703 πνέοντες.
462 1641 699 1693 Εἴσεισιν
731 1634 822 1690 οὖν
850 1640 876 1688 ὁ
898 1638 1159 1703 γεννάδας
1184 1638 1299 1705 ἅμα
1338 1638 1639 1707 Ῥουστικῷ
1660 1640 1747 1690 καὶ

187 1730 519 1801 Ἐλευθερίῳ,
560 1729 785 1799 ἀτρόμῳ
828 1726 1033 1796 διανοίᾳ
1077 1727 1176 1777 καὶ
1221 1728 1749 1798 πεπαρρησιασμένῃ

175 1822 341 1892 ψυχῇ,
373 1822 558 1889 ὥσπερ
586 1821 662 1880 είς
696 1819 913 1888 ἑορτὴν,
943 1818 1039 1868 οὑκ
1068 1818 1149 1877 εἰς
1179 1817 1364 1883 ἀγῶνα
1400 1818 1749 1887 καλούμενος.

1839 633 2278 692 simulacrorum,
2307 630 2505 686 collum
2529 645 2683 681 suum
2706 646 2769 682 ex
2800 629 2881 681 his
2900 631 3262 691 subtractum,
3295 629 3397 682 do-

1840 724 2015 777 ctrina
2050 721 2319 791 Dionysii,
2352 720 2630 787 subjunxit
2670 718 3044 788 jugo'Christi.
3076 722 3213 775 Cum
3266 737 3395 790 ergo

1842 816 1974 876 hatc,
2010 821 2062 867 et
2096 814 2260 865 multa
2286 813 2389 865 alia
2433 810 2575 863 facta
2605 827 2745 873 esse,
2800 814 2865 865 ad
2921 827 3106 865 eorum
3158 812 3394 865 venisset

1840 905 2230 975 cognitionem,
2272 913 2325 958 et
2378 904 2580 957 Christi
2615 920 2827 972 gregem
2883 905 3103 973 augeri,
3155 916 3203 956 et
3265 920 3393 957 suos

1841 996 1969 1050 deos
1994 996 2253 1051 vidissent
2293 994 2506 1049 habitos
2548 994 2823 1064 despectui
2853 1035 2866 1055 .
2924 1004 2976 1048 et
3007 1010 3101 1049 sua
3138 997 3391 1063 intsteria

1841 1088 2137 1147 contemni,
2161 1095 2213 1140 et
2245 1086 2555 1139 inclinatam
2585 1102 2705 1140 esse
2731 1087 3080 1155 impietatem,
3111 1088 3280 1155 magis
3304 1102 3392 1139 ac-

1840 1176 2166 1239 cenduntur,
2198 1184 2249 1229 et
2277 1184 2466 1243 rogant
2500 1177 2715 1229 ubinam
2740 1176 3028 1240 habitaret,
3064 1176 3153 1244 qui
3205 1192 3390 1228 eorum

1840 1277 1957 1321 erat
1987 1276 2207 1320 auctor:
2235 1274 2285 1321 et
2323 1275 2541 1335 repente
2573 1268 2625 1320 in
2657 1269 2870 1322 beatum
2906 1268 3171 1320 irruentes
3196 1265 3392 1333 Diony-

1842 1359 2143 1421 sium,eum
2175 1358 2336 1412 simul
2370 1358 2537 1426 ligant
2567 1374 2687 1412 cum
2716 1359 2783 1413 iis
2808 1360 2897 1428 qui
2917 1374 3039 1411 cum
3072 1358 3186 1428 ipso
3214 1366 3389 1420 erant,

1843 1450 1895 1503 in
1927 1465 2019 1504 ore
2049 1448 2285 1502 divinam
2313 1449 2489 1502 adhuc
2524 1450 2805 1504 habentem
2832 1449 3162 1513 doctrinam;
3208 1451 3393 1517 pransi-

1839 1540 1984 1602 dent,
2012 1541 2217 1595 rabiem
2260 1548 2311 1593 et
2345 1539 2579 1593 furorem
2603 1541 2873 1609 spirantes
2932 1538 2997 1591 ad
3039 1540 3394 1593 examinatio-

1841 1644 1980 1683 nem.
2017 1630 2316 1699 Ingreditur
2380 1645 2507 1699 ergo
2531 1631 2610 1683 vir
2632 1644 2795 1699 gener
2833 1644 2926 1683 sus
2948 1630 3108 1682 simul
3132 1645 3252 1682 cum
3284 1629 3394 1682 Ru-

1843 1722 1977 1774 stico
2005 1729 2055 1775 et
2086 1720 2413 1782 Eleutherio,
2453 1730 2629 1775 mente
2656 1721 2804 1773 firma
2844 1736 2903 1773 ac
2938 1722 3115 1774 stabili
3139 1730 3190 1775 et
3222 1721 3394 1775 libero

1844 1814 2042 1874 animo,
2074 1813 2295 1881 perinde
2321 1828 2382 1865 ac
2415 1814 2459 1866 si
2496 1820 2779 1866 vocaretur
2809 1812 2873 1867 ad
2925 1811 3142 1873 festum,
3193 1825 3299 1864 non
3327 1812 3391 1863 ad

178 1916 286 1968 Kal
304 1914 366 1981 δὴ
407 1911 645 1980 θρασέως
678 1908 823 1960 οὕτω
866 1908 959 1959 καὶ
1002 1907 1321 1975 αὐστηρῶς,
1364 1908 1429 1958 ἵν’
1477 1909 1538 1959 ἐκ
1569 1925 1742 1978 προοι-

1842 1911 2134 1956 certamen.
2183 1903 2512 1971 Arroganter
2560 1904 2721 1973 igitur
2769 1911 2821 1956 et
2877 1918 3065 1971 aspere
3094 1941 3107 1965 ,
3160 1910 3217 1954 ut
3270 1918 3390 1955 eum

181 2006 300 2073 μίου
326 2001 481 2062 εὐθὺς
512 1998 918 2067 καταπλήξωσι,
953 1999 1082 2065 φασὶ
1106 1997 1244 2066 πρὸς
1285 1997 1446 2048 αὑτόν
1466 2014 1478 2026 ’
1517 2017 1533 2047 ι
1560 1999 1629 2049 Σὺ
1677 1994 1745 2060 εἴ,

176 2088 219 2146 ὧ
248 2093 527 2161 καταράτη
557 2090 786 2159 κεφαλὴ,
817 2092 844 2140 ὁ
864 2090 986 2150 τοὺς
1014 2088 1316 2156 ἡμετέρους
1348 2086 1502 2148 θεοὺς
1547 2089 1600 2139 ἐν
1645 2106 1747 2158 μη-

175 2185 285 2237 δενὶ
312 2184 608 2253 τιθέμενος,
653 2184 748 2234 καὶ
778 2181 873 2250 τὴν
902 2180 1054 2248 ἡμῶν
1080 2181 1145 2230 ἐκ
1181 2178 1343 2248 μέσου
1378 2180 1599 2247 ποιῆσαι
1630 2180 1752 2248 θρη-

180 2275 362 2325 σκείαν
405 2274 753 2341 φιλονεικῶν;
802 2270 1112 2338 ’Λπὸκριναι
1156 2266 1282 2331 οὖν,
1340 2270 1401 2321 τὸ
1432 2271 1606 2336 γένος,
1655 2273 1751 2341 τὴν

178 2366 567 2434 ἐνεγκαμένην,
598 2364 655 2415 τὸ
685 2362 1038 2432 ἐπιτήδευμα.
1068 2380 1084 2410 ι
1119 2361 1177 2413 Ὀ
1208 2362 1281 2426 δὲ,
1315 2361 1750 2433 θαρραλεώτερος

184 2457 378 2524 μᾶλλον
424 2455 500 2525 τῷ
546 2456 679 2524 πρὸς
721 2454 952 2524 Χριστὸν
991 2453 1282 2521 γενόμενος
1328 2456 1515 2524 ἐρωτι-
1556 2474 1571 2505 ι
1615 2455 1751 2522 Ἐγὼ

184 2546 299 2614 μὲν,
330 2539 373 2595 ὦ
400 2540 572 2605 οὗτος,
609 2543 790 2611 φησιν,
840 2542 926 2594 ἴνα
970 2540 1037 2592 τὰ
1075 2540 1171 2591 τοῦ
1221 2542 1407 2607 γένους
1456 2543 1515 2593 τό
1556 2560 1615 2609 γε
1659 2543 1749 2595 νῦν

182 2631 299 2701 ἔχον
329 2633 419 2683 κού⁸
456 2631 552 2699 τὴν
591 2630 820 2700 πατρίδα
855 2629 1043 2698 παρῶ,
1104 2628 1342 2699 Χριστοῦ
1395 2628 1577 2691 δοῦλος
1615 2626 1749 2685 εἶναι

180 2722 445 2788 ὁμολογῶ,
481 2722 570 2772 καὶ
604 2722 746 2789 μόνῳ
772 2721 941 2789 τούτῳ
971 2718 1047 2788 τῷ
1085 2736 1143 2770 τε
1183 2721 1401 2789 ἀνάρχῳ
1444 2720 1617 2790 Πατρὶ
1661 2723 1749 2773 καὶ

179 2810 256 2879 τῷ
312 2811 560 2877 συναῖδὶῳ
618 2811 778 2860 αὑτοῦ
852 2811 1096 2879 λατρεύω
1166 2812 1467 2881 Πνεύματι·
1505 2810 1750 2879 πέφευγα

179 2900 234 2952 δὲ
266 2900 356 2951 καὶ
384 2900 479 2967 τῆς
510 2899 658 2967 ὑμῶν
689 2899 893 2966 πλάνης
914 2916 926 2928 ο
972 2900 1048 2968 τῷ
1076 2900 1184 2969 γὰρ
1221 2902 1336 2969 ἐμῷ
1384 2903 1599 2972 Χριστῷ
1650 2904 1748 2955 πέ-

182 2990 362 3047 ποιθα,
395 2987 721 3056 καθαιρέτης
758 2989 1138 3058 στερρότατος,
1191 2989 1447 3059 ἀλείπτης
1490 2993 1749 3060 Χριστια-

180 3083 288 3140 νοίς
340 3078 474 3147 πρὸς
532 3078 729 3149 ἀρετὴν
782 3080 1142 3148 ἑτοιμότατος.
1196 3080 1335 3149 Πρὸς
1378 3080 1547 3131 ταῦτα
1595 3082 1645 3133 ετ
1694 3100 1745 3134 τι

1840 1992 2322 2060 perterrefacerent
2381 1994 2563 2046 statim
2610 1994 2665 2046 in
2721 1994 3023 2062 principio,
3071 1993 3118 2045 ei
3156 1993 3390 2045 dicunt:

1842 2098 1863 2131 ι
1923 2079 2001 2133 Tu
2071 2097 2161 2147 es,
2219 2098 2252 2135 ο
2309 2084 2698 2137 exsecrandum
2761 2092 2963 2151 caput,
3020 2084 3109 2150 qui
3177 2092 3394 2136 nostros

1838 2170 1968 2226 deos
1999 2171 2153 2223 nihili
2177 2170 2330 2234 facis,
2366 2179 2419 2225 et
2453 2172 2734 2226 contendis
2866 2164 2933 2221 de
3072 2171 3250 2224 medio
3297 2187 3395 2224 no-

1838 2268 2005 2313 stram
2034 2262 2223 2316 tollere
2251 2263 2596 2331 religionem?
2622 2261 2907 2329 Responde
2933 2276 3061 2330 ergo
3080 2301 3092 2323 ,
3141 2261 3281 2329 quod
3323 2262 3393 2315 sit

1840 2358 1987 2403 tuum
2020 2366 2209 2419 genus,
2240 2366 2358 2419 quae
2390 2361 2440 2404 te
2476 2350 2661 2404 tulerit
2712 2349 2905 2418 patria,
2962 2357 3013 2402 et
3056 2350 3198 2418 quod
3240 2358 3390 2403 tuum

1838 2442 2098 2496 studium.
2128 2462 2145 2493 ι
2192 2440 2283 2495 llle
2315 2452 2515 2502 autem,
2570 2454 2753 2493 amore
2786 2440 2839 2492 in
2876 2439 3152 2494 Christum
3197 2442 3246 2494 ei
3297 2439 3393 2493 ad-

1837 2532 1995 2585 dente
2033 2534 2307 2593 animum,
2343 2541 2395 2586 et
2442 2531 2674 2583 faciente
2735 2544 2857 2583 eum
2908 2531 3387 2584 conlidentiorem:

1844 2640 1861 2672 ι
1887 2620 1995 2689 Ego
2026 2622 2263 2690 quidem.
2295 2622 2492 2690 inquit,
2520 2636 2552 2673 ο
2582 2635 2698 2683 vos,
2732 2628 2853 2674 utet.
2884 2637 3052 2689 genus
3079 2630 3131 2675 et
3163 2622 3389 2690 patriam

1838 2713 2079 2765 omittam
2114 2714 2167 2764 in
2196 2712 2478 2781 praesentia
2496 2752 2509 2776 ,
2533 2726 2617 2763 me
2639 2710 2843 2764 Christi
2870 2727 3083 2765 servum
3115 2727 3236 2766 esse
3262 2727 3392 2765 con-

1841 2804 2011 2867 liteor,
2045 2815 2233 2858 eteum
2275 2805 2472 2865 solum,
2498 2811 2551 2856 et
2584 2800 2829 2867 Patrem,
2863 2803 2954 2871 qui
2994 2811 3140 2856 caret
3183 2804 3389 2870 princi-

1839 2898 1945 2966 pio,
1977 2906 2029 2950 et
2061 2908 2383 2951 coaeternum
2407 2896 2525 2961 ejus
2550 2895 2669 2948 colo
2689 2892 2971 2963 Spiritum.
2990 2894 3185 2964 Aufugi
3213 2904 3389 2948 autem

1838 3003 1867 3041 a
1890 2996 2068 3042 vestro
2097 3004 2300 3051 errore,
2336 2986 2705 3041 validissimus
2737 2990 2813 3055 (in
2842 3001 2959 3039 meo
2989 2987 3132 3039 enim
3175 2985 3390 3040 Christo

1839 3080 2008 3133 habeo
2027 3079 2297 3146 ﬁduciam)
2318 3088 2621 3132 vestrorum
2640 3078 2861 3131 deorum
2896 3076 3228 3139 deturbator,
3253 3076 3391 3129 chri-

182 3169 645 3239 προστεταγμένον
676 3171 822 3238 ὑμῖν,
844 3170 1128 3239 πράσσετε.
1160 3190 1176 3218 ι
1212 3173 1315 3221 Καὶ
1348 3171 1439 3239 τὴν
1469 3172 1559 3224 τοῦ
1592 3172 1742 3240 ἁγίου

1836 3173 2245 3239 stianorumque
2296 3168 2362 3221 ad
2412 3169 2667 3220 virtutem
2699 3166 3015 3220 exhortator
3045 3168 3390 3235 promptissi-

182 3260 392 3325 γνόντες
420 3260 475 3319 οἱ,
516 3258 792 3327 δυσμενεῖς
840 3259 974 3327 μετὰ
1021 3260 1282 3321 συνέσεως
1315 3262 1597 3324 ἔνστασιν,
1652 3265 1747 3317 τὸν

180 3348 347 3416 θυμὸν
370 3350 447 3409 είς
476 3347 710 3399 θωπείαν
730 3348 1033 3416 ἀμείϐουσι,
1066 3348 1179 3409 καὶ,
1217 3367 1234 3398 ι
1260 3351 1348 3419 Μὴ
1365 3349 1461 3419 τὴν
1482 3351 1579 3420 σὴν
1610 3351 1741 3403 ἐντι-

183 3456 278 3508 μον
309 3438 494 3491 πολιὰν
526 3439 822 3511 ἀτιμώσῃς,
847 3440 997 3507 φασὶ,
1016 3441 1273 3502 Διονύσιε,
1309 3443 1439 3510 μηδὲ
1469 3442 1609 3495 τέλει
1640 3443 1739 3514 τὴν

182 3530 339 3598 φίλην
369 3531 612 3599 ἑταιρίαν
642 3530 822 3601 πικρῷ
853 3531 1104 3599 παραδῷς
1124 3547 1136 3559 ·
1173 3532 1503 3599 πείσθητιτὰ
1533 3534 1741 3602 χρηστὰ

182 3620 618 3688 συμὸουλεύουσι,
651 3622 740 3671 καὶ
770 3621 829 3670 τὸ
850 3620 943 3670 τοῦ
976 3620 1239 3687 βασιλέως
1266 3622 1463 3691 κράτος
1503 3622 1568 3673 δι’
1588 3623 1740 3693 ἡμῶν

182 3709 413 3761 ίκετεῦόν
448 3726 503 3760 σε
545 3710 917 3779 δυσωπήθητι·
944 3710 1212 3781 πείσθητι,
1244 3713 1361 3779 φίλε
1391 3714 1591 3783 χρηστέ
1622 3717 1740 3767 Aio.

179 3800 360 3861 νὺσιε,
403 3803 514 3861 τοῖς
558 3803 843 3871 ἡμετέροις
901 3802 1059 3855 θῦσαι
1116 3803 1273 3865 θεοῖς,
1334 3804 1613 3874 πείσθητι·
1649 3808 1741 3867 καὶ

179 3893 390 3963 πρῶτος
416 3891 521 3942 τῶν
559 3893 662 3943 ὑπὸ
702 3895 802 3965 τὴν
834 3894 1103 3961 βασιλείαν
1133 3893 1227 3965 ἔσῃ
1264 3894 1398 3961 μετὰ
1426 3895 1531 3945 τῶν
1565 3896 1687 3949 σῶν.
1716 3915 1734 3946 ι

192 3982 333 4041 .063.
359 4001 375 4031 ε
402 3981 768 4052 Πεπλάνηςθε,
795 3983 1056 4053 φησὶ,τῆς
1080 3984 1347 4054 προτέρας
1366 3983 1570 4054 πλάνην
1599 3987 1737 4056 οὑ(.)

180 4073 415 4143 χείρονα,
455 4075 500 4124 εί
529 4074 624 4142 ἐμὲ
643 4075 891 4144 συλήσειν
923 4074 955 4143 ἦ
986 4090 1103 4125 τινα
1138 4074 1245 4125 τῶν
1285 4075 1431 4145 ἐμῶν
1473 4075 1607 4137 ὅλως

182 4163 306 4233 θητε
331 4180 343 4193 ⁸
373 4165 519 4233 ἡμᾶς
545 4163 671 4235 γὰρ,
701 4162 759 4218 εὖ
798 4164 935 4227 ἴστε,
966 4166 1026 4215 οὑ
1056 4166 1227 4233 τιμαὶ,
1268 4166 1364 4216 οὑκ
1397 4165 1608 4233 ἀτιμίαι
1630 4205 1642 4227 ,
1677 4167 1737 4218 οὑ

182 4253 426 4314 θωπεῖαι,
456 4257 514 4307 οὑ
548 4256 785 4323 βάσανοι,
810 4256 908 4306 οὐκ
936 4254 1060 4308 ἄλλο
1090 4272 1140 4307 τι
1169 4254 1275 4307 τῶν
1308 4255 1560 4309 ἁπάντων
1590 4256 1739 4309 οὐδὲν

180 4346 395 4414 χωρίσει
419 4344 666 4411 Χριστοῦ.
695 4363 712 4395 ι

1835 3274 1975 3313 mus.
2007 3260 2088 3311 Ad
2123 3261 2237 3313 haec
2264 3258 2444 3321 facile,
2478 3259 2523 3312 si
2555 3257 2685 3327 quid
2718 3264 2801 3312 est
2828 3258 2980 3310 vobis
3007 3258 3383 3325 imperatum.»

1837 3346 2087 3403 Videntes
2121 3358 2301 3403 autem
2351 3348 2620 3411 malevoli,
2667 3348 2839 3401 sancti
2872 3348 3233 3400 constantiam
3264 3358 3387 3397 cum

1832 3440 2114 3509 prudentia
2135 3440 2510 3509 conjunctam,
2537 3439 2673 3491 iram
2692 3447 2901 3491 mutant
2922 3438 2977 3490 in
3001 3436 3386 3496 adulationem.

1831 3540 1905 3595 et,
1938 3551 1955 3582 ι
1982 3532 2057 3585 Ne
2084 3541 2253 3598 tuam,
2287 3547 2320 3587 ο
2349 3530 2588 3601 Dionysi,
2620 3529 2828 3593 dicunt,
2868 3529 3119 3584 canitiem
3148 3528 3390 3583 aﬂ‘eceris

1829 3625 2179 3687 contumelia,
2207 3639 2379 3692 neque
2401 3623 2596 3675 charos
2624 3622 2835 3675 sodales
2859 3621 3016 3674 morti
3043 3622 3249 3674 acerba
3277 3626 3389 3672 tra-

1830 3714 2060 3777 dideris;
2086 3728 2217 3782 pare
2256 3720 2401 3767 recte
2431 3710 2837 3767 consulentibus
2864 3748 2879 3773 ,
2936 3716 2989 3763 et
3044 3710 3388 3778 imperatoris

1830 3806 2150 3875 potentiam,
2194 3819 2288 3873 per
2325 3820 2425 3859 nos
2458 3812 2508 3858 te
2543 3812 2838 3872 rogantem,
2896 3801 3129 3854 revereri
3167 3814 3389 3868 persua-

1829 3895 2031 3956 dearis,
2067 3910 2098 3946 o
2129 3895 2295 3947 cliare
2323 3902 2374 3947 et
2410 3894 2546 3946 bone
2579 3893 2817 3962 Dionysi:
2849 3892 2953 3945 diis
2977 3892 3181 3947 nostris
3220 3893 3391 3946 sacri-

1830 3984 1992 4039 ﬁcare
2022 3985 2405 4054 persuadearis
2428 3993 2479 4039 et
2516 3985 2625 4039 eris
2663 3998 2785 4038 cum
2828 3983 2934 4037 tuis
2963 3985 3171 4050 primus
3200 3998 3393 4036 eorum

1830 4079 1923 4147 qui
1956 4087 2081 4132 sunt
2100 4081 2205 4133 sub
2233 4080 2481 4144 imperio.
2510 4098 2527 4127 ι
2556 4076 2645 4130 Ille
2666 4084 2875 4130 autem:
2913 4093 2928 4124 ι
2952 4073 3165 4137 Vester,
3192 4074 3389 4143 inquit,

1831 4169 1920 4221 hic
1960 4183 2113 4221 error
2160 4176 2243 4223 est
2276 4168 2425 4236 pejor
2450 4168 2648 4235 priore,
2680 4168 2724 4219 si
2779 4166 2976 4234 putetis
3022 4164 3159 4228 fore,
3190 4173 3247 4217 ut
3282 4180 3387 4228 me,

1830 4267 1923 4313 aut
1955 4260 2448 4328 meorumaliquem
2488 4257 2776 4313 seducatis.
2830 4255 2941 4309 Hoc
2990 4257 3135 4309 enim
3177 4256 3385 4315 sciatis,

1830 4349 1971 4419 quod
2001 4366 2099 4403 nos
2133 4367 2239 4403 non
2265 4351 2496 4407 honores
2518 4389 2531 4414 ,
2566 4361 2670 4402 non
2701 4347 3067 4415 contumeliae,
3101 4360 3209 4400 non
3231 4345 3387 4401 blan-

160 4441 324 4503 ditiae,
362 4454 469 4495 non
503 4446 805 4502 tormenta,
851 4455 1026 4509 neque
1064 4442 1267 4511 aliquid
1305 4444 1451 4497 aliud
1498 4448 1723 4500 omnino
1753 4446 2024 4514 separabit
2064 4455 2359 4514 εειιιοῑειο,
2381 4481 2403 4514 ,

253 4568 525 4621 Ἐντεῦθεν
545 4609 560 4632 ,
591 4568 707 4620 ἐπεὶ
752 4566 826 4637 μὴ
877 4563 974 4619 οἷοί
1001 4585 1059 4620 τε
1098 4569 1297 4621 πείθειν
1324 4571 1637 4639 ἐτύγχανον,
1668 4574 1728 4626 τὸ

1892 4566 2155 4635 Deinceps
2178 4582 2308 4634 ergo
2334 4582 2457 4620 cum
2498 4575 2847 4637 nonpossent
2890 4568 3244 4637 persuadere,
3288 4567 3385 4619 de-

169 4663 501 4728 προσωπείον
531 4661 623 4712 καὶ
665 4660 762 4730 τὴν
810 4660 1094 4727 ὑπόκρισιν
1136 4660 1495 4729 ἀποθέμενοι,
1535 4664 1612 4733 τῷ
1666 4680 1725 4717 τε

168 4748 322 4817 θυμῷ
352 4749 511 4801 πλέον
541 4748 811 4811 ζέσαντες.
843 4752 935 4802 καὶ
975 4750 1070 4818 τῆς
1113 4750 1377 4821 καθέδρας
1425 4754 1644 4822 μανικόν
1672 4770 1722 4807 τι

168 4841 258 4892 καὶ
289 4840 788 4911 παρακεκινημένον
818 4839 1217 4903 ἐξαναστάντες·
1258 4860 1275 4892 ι
1315 4844 1446 4912 Παρ’
1476 4845 1648 4914 ὑμῶν,
1678 4837 1724 4897 ὦ

167 4933 399 5001 ἀνόητοι,
431 4932 687 5000 Διονυσίῳ
717 4931 845 4999 φασὶ
890 4932 981 4981 καὶ
1023 4935 1132 4993 τοῖς
1179 4932 1313 5001 μετὰ
1340 4933 1500 4985 αὑτοῦ
1522 4974 1535 4996 ,
1566 4936 1635 4989 τά
1662 4951 1721 4987 τε

168 5021 273 5076 τῶν
303 5022 435 5073 θεῶν
463 5020 768 5090 ἁτιμοῦται,
787 5020 875 5073 καὶ
903 5019 968 5070 τὰ
985 5020 1074 5071 τοῦ
1091 5022 1479 5091 αὐτοκράτορος
1510 5041 1718 5095 μυκτη-

172 5111 394 5182 ρίζεται,
426 5113 518 5164 καὶ
541 5114 795 5181 μαγικαῖς
820 5111 1079 5171 ἐπινοίαις
1107 5112 1263 5181 δῆθεν
1284 5114 1357 5175 ὼς
1378 5113 1720 5187 θαυματουρ-

172 5204 315 5269 γίαις
337 5203 490 5272 ὑμεῖς
509 5205 631 5264 τοὺς
660 5201 761 5252 ὑπὸ
785 5201 880 5270 τὴν
900 5201 1097 5253 τούτων
1116 5204 1285 5273 ἀρχὴν
1304 5204 1601 5258 ὑποσυλᾶτε
1624 5208 1717 5259 καὶ

173 5292 574 5363 σφετερίζεσθε;
601 5311 619 5342 ι
641 5292 701 5344 Ol
727 5290 781 5343 δέ
798 5291 959 5356 ἆγιοι,
984 5311 999 5340 ι
1039 5294 1247 5361 Ὅμοιοι
1276 5295 1453 5355 αὑτοῖς
1481 5295 1716 5361 γένοιντο

171 5386 218 5437 οι
262 5385 563 5455 τιμῶντεςι
604 5401 622 5433 ι
652 5384 747 5453 μιᾷ
790 5381 922 5451 πρὸς
951 5382 1142 5444 αὑτοὺς
1182 5383 1383 5453 ἔφησαν
1411 5386 1474 5453 τῇ
1529 5388 1709 5455 φωνῇ·

176 5493 194 5525 ι
223 5477 376 5544 ἡμεῖς
402 5476 457 5529 δὲ
501 5473 561 5526 οὑ
610 5476 865 5541 μαγικαίς
909 5473 1197 5535 ἐπινοίαις,
1254 5473 1327 5535 ὡς
1363 5474 1509 5525 αὑτοί
1556 5490 1709 5541 φατε,

172 5563 299 5615 ἀλλὰ
326 5568 389 5633 τῇ
418 5564 510 5617 τοῦ
554 5560 684 5615 Θεοῦ
729 5562 880 5631 ἡμῶν
922 5563 1011 5613 καὶ
1049 5565 1113 5631 τῇ
1142 5562 1233 5614 τοῦ
1264 5562 1521 5624 ζωοποιοῦ
1549 5565 1709 5617 αὑτοῦ

173 5654 474 5724 Πνεύματος
501 5652 776 5722 ἐπικλήσει
807 5653 900 5704 καὶ
950 5654 1195 5723 ἐνεργείᾳ
1237 5654 1451 5721 τυςλοίς
1492 5652 1550 5704 τὸ
1594 5654 1708 5721 βλέ-

174 5761 309 5807 πειν,
340 5748 541 5811 κωφοῖς
569 5743 629 5795 τὸ
655 5742 849 5805 λαλεῖν,
873 5742 1024 5810 βάσιν
1053 5759 1109 5795 τε
1140 5746 1347 5812 χωλοῖς,
1393 5744 1483 5795 καὶ
1524 5743 1702 5815 δαιμο-

1820 4660 1993 4727 posita
2032 4672 2265 4722 persona
2289 4664 2341 4709 et
2372 4658 2739 4719 simulatione,
2766 4673 2889 4710 cum
2917 4658 2994 4710 ira
3025 4657 3195 4726 magis
3236 4656 3385 4710 eller-

1821 4748 2087 4809 buissent,
2126 4757 2180 4801 et
2219 4761 2250 4800 e
2289 4749 2549 4803 cathedra
2583 4748 2806 4809 furiose,
2837 4756 2890 4801 et
2923 4759 3098 4801 mente
3124 4748 3381 4815 quodam-

1820 4838 1980 4891 modo
2009 4849 2190 4893 emota
2252 4840 2652 4893 surrexissent:
2693 4838 2773 4889 «Α
2808 4838 2980 4899 vobis,
3029 4853 3061 4891 ο
3116 4844 3377 4897 amentes.

1820 4926 2076 4995 Dionysio
2116 4930 2329 4991 dicunt,
2370 4939 2424 4982 et
2447 4930 2512 4983 iis
2534 4931 2623 4997 qui
2650 4944 2771 4980 cum
2804 4928 2922 4996 ipso
2947 4937 3123 4991 erant,
3145 4928 3217 4983 dii
3247 4944 3375 4983 con-

1820 5019 2156 5081 temnumur,
2191 5026 2245 5073 et
2275 5019 2567 5086 imperator
2604 5018 2891 5072 irridetur:
2926 5026 2978 5073 et
3013 5021 3223 5073 artibus
3264 5034 3373 5071 ma-

1818 5110 1973 5179 gicis,
2008 5111 2237 5177 perinde
2297 5124 2360 5161 ac
2392 5108 2691 5171 miraculis,
2732 5124 2849 5171 eos,
2881 5109 2972 5177 qui
3023 5110 3142 5177 ejus
3190 5119 3377 5177 parent

1819 5199 2063 5267 imperio,
2100 5203 2171 5254 ab
2198 5215 2262 5253 eo
2293 5199 2589 5260 abducitis,
2620 5209 2671 5253 et
2700 5200 2765 5252 ad
2798 5207 3005 5253 vestras
3037 5210 3216 5269 partes
3260 5210 3373 5254 tra-

1816 5289 2049 5343 ducitis?
2073 5311 2089 5340 )
2123 5290 2309 5344 Sancti
2332 5300 2531 5352 autem,
2562 5308 2578 5340 ι
2602 5290 2815 5346 Similes
2846 5291 2924 5345 eis
2947 5290 3095 5353 fiant,
3115 5291 3373 5358 quiipsos

1814 5382 2019 5443 colunt,
2044 5401 2060 5431 ο
2082 5382 2161 5434 eis
2177 5396 2280 5433 una
2308 5396 2436 5434 voce
2456 5381 2744 5447 dixerunt;
2769 5401 2786 5433 ι
2812 5396 2911 5436 nos
2927 5390 3103 5439 autem
3121 5397 3228 5435 non
3256 5397 3371 5434 ma«

1814 5473 1947 5541 gicis
1979 5474 2209 5533 artibus.
2238 5482 2293 5527 ut
2314 5474 2516 5535 dicitis,
2563 5473 2658 5527 sed
2705 5473 2793 5529 Dei
2846 5475 3018 5527 nostri
3059 5481 3115 5529 et
3171 5474 3367 5528 viviﬁci

1813 5564 1932 5631 ejus
1963 5563 2197 5631 Spiritus
2231 5565 2570 5619 invocatione
2613 5574 2662 5619 et
2714 5566 3047 5634 Operatione,
3082 5568 3239 5620 caecis
3287 5569 3369 5620 vi-

1804 5660 1954 5717 Sum,
1992 5658 2156 5710 mutis
2189 5672 2510 5721 sermonem,
2542 5657 2750 5710 claudis
2782 5658 3085 5728 ingressum
3111 5698 3125 5721 .
3165 5667 3216 5712 et
3254 5656 3366 5712 dae-

1815 5748 2080 5801 moniacis
2124 5750 2421 5815 pra-bemus
2462 5750 2812 5803 curationem.
2860 5750 3097 5815 Quorum
3157 5764 3222 5803 nc
3256 5749 3359 5803 sibi

248 5861 310 5926 l')
350 5860 452 5916 Αυῑ
479 5860 761 5931 legendum
796 5861 1005 5923 κείρονα
1040 5872 1155 5921 stne
1188 5866 1267 5931 οὑ,
1301 5881 1420 5919 cum
1459 5866 1742 5941 interprete

1829 5876 1903 5919 tut
1935 5865 2280 5919 scribendum
2315 5864 2373 5915 οὑ
2405 5866 2702 5935 κρείττονα.
2737 5862 2888 5918 Ευιτ.
2919 5863 3083 5921 Parit.
