4136 6486
741 452 874 514 1043

1987 444 2275 504 MENSIS
2322 442 2687 504 OCTOBER.

3856 424 3991 489 1044

758 554 880 606 Haec
950 562 1074 608 Sunt
1135 571 1252 623 qua:
1312 570 1409 624 ego
1477 557 1696 619 audita,
1762 570 1888 610 vera
1948 571 2067 611 esse
2120 556 2283 610 credo

2425 555 2585 608 Γαῦτὰ
2620 556 2763 605 ἐστιν
2793 547 2827 602 ἃ
2873 547 2979 613 ἐγὼ
3024 541 3271 612 ἀκηκοὼς
3314 540 3547 592 πιστεύω
3587 532 3764 602 ἁληθῆ
3810 527 3970 582 εἶναι.

828 642 1116 711 Dionysius
1143 644 1320 712 itaque
1346 647 1395 697 in
1430 646 1589 698 rebus
1612 646 1860 700 omnibus
1894 653 2009 699 erat
2039 645 2172 699 adeo
2203 646 2303 698 mi-

756 739 846 799 tis,
886 738 1215 798 misericors,
1249 744 1302 789 et
1328 738 1392 789 ab
1413 736 1490 789 ira
1520 737 1750 798 alienus,
1782 747 1836 790 ut
1860 753 1965 805 quo
1995 737 2155 789 altior
2182 750 2307 788 eva-

754 828 914 882 debat
945 828 1120 889 laetis,
1149 844 1213 881 eo
1248 845 1304 881 se
1340 829 1510 895 magis
1559 829 1818 881 modestia
1863 828 2186 892 demitteret,
2218 841 2304 880 re-

752 920 873 987 gula
907 918 1079 972 factus
1110 920 1363 973 oumibus
1417 920 1479 972 ad
1530 928 1830 980 veritatem,
1884 926 1937 972 et
1988 920 2207 971 lucerna
2241 917 2307 969 ad

752 1010 1123 1065 deducendum
1171 1012 1237 1065 ad
1284 1013 1333 1064 id
1367 1012 1507 1079 quod
1550 1020 1633 1065 est
1670 1011 1880 1063 melius.
1913 1010 2176 1074 Quocirca
2212 1024 2308 1061 nec

752 1118 869 1155 eam
902 1105 1157 1157 abscondi
1189 1105 1290 1157 sub
1322 1103 1502 1158 modio
1529 1102 1654 1154 sivit
1674 1102 1739 1163 is,
1774 1102 1864 1169 qui
1896 1109 1977 1153 est
2028 1101 2175 1153 solus
2212 1114 2306 1150 au-

753 1204 871 1247 ctor
899 1199 1137 1249 omnium
1167 1216 1178 1249 :
1217 1197 1309 1250 sed
1339 1197 1391 1247 in
1425 1197 1534 1247 alto
1566 1195 1715 1262 ponit
1766 1210 1859 1262 per
1916 1194 2163 1244 virtutem
2193 1210 2204 1243 :
2258 1198 2309 1243 et

754 1286 891 1337 fama
914 1289 1161 1355 protinus
1189 1286 1511 1353 pervadens,
1544 1286 1839 1337 cauebatur
1856 1285 1909 1336 in
1929 1299 2021 1335 ore.
2043 1282 2305 1341 omnium,

752 1376 806 1427 in
835 1378 1090 1430 omnibus
1120 1392 1313 1428 omnes
1345 1377 1560 1428 vincere
1604 1374 1944 1443 Dionysium.
1997 1372 2163 1425 Porro
2213 1388 2309 1423 au-

752 1478 857 1521 tem
887 1484 1077 1521 omnes
1105 1469 1169 1520 ad
1188 1485 1308 1522 eum
1334 1468 1704 1529 conﬂuebant,
1739 1483 1844 1519 non
1876 1467 2050 1519 solum
2086 1466 2310 1533 popula-

754 1574 839 1611 res
868 1568 918 1611 et
951 1560 1212 1621 forenses,
1244 1560 1335 1613 sed
1359 1560 1449 1627 qui
1474 1566 1630 1612 erant
1653 1559 1851 1611 eruditi
1874 1564 1927 1610 et
1958 1556 2229 1624 insignes:
2257 1561 2310 1606 et

752 1651 841 1719 qui
873 1652 1025 1718 prius
1050 1651 1371 1703 laborabant
1403 1649 1636 1710 insania,
1669 1656 1720 1701 et
1746 1647 1875 1701 feris
1919 1645 2193 1703 crudelius
2234 1645 2311 1695 la-

753 1743 1009 1795 cerabant
1034 1740 1351 1806 Ecclesiam,
1386 1741 1451 1793 ad
1497 1741 1648 1793 illum
1683 1744 1857 1794 virum
1910 1738 2187 1793 venientes
2212 1777 2226 1799 ,
2256 1743 2313 1789 et

755 1833 1128 1886 admirabilem
1181 1834 1327 1885 illam
1382 1841 1435 1885 et
1464 1833 1703 1885 divinam
1737 1832 1972 1899 linguam
2004 1829 2306 1889 audientes,

2473 642 2627 696 Οὕτω
2650 642 2717 693 τὰ
2745 641 2917 692 πάντα
2936 638 3101 707 πρᾶος
3120 632 3186 704 ἦν
3214 635 3305 685 καὶ
3330 628 3612 700 συμπαθὴς
3646 627 3742 677 καὶ
3773 624 3977 691 ἀόργη-

2404 734 2622 802 τος,ὃσῳ
2640 734 2747 793 τοῖς
2773 730 2948 800 ἔργοις
2969 725 3183 795 ὑψοῦτο,
3198 722 3431 790 τοσούτῳ
3458 719 3534 788 τῷ
3556 718 3868 786 φρονήματι
3895 728 3979 762 τα-

2408 824 2754 894 πεινούμενος
2777 839 2788 851 ·
2822 817 2998 872 κανὼν
3025 820 3133 878 τοῖς
3175 816 3306 866 πᾶσι
3351 813 3481 882 πρὸς
3515 810 3747 879 ἀρετήν’
3786 805 3977 872 λύχνος

2405 916 2483 975 εἰς
2522 912 2739 982 ὀδηγίαν
2782 908 2875 962 τοῦ
2922 906 3244 978 κρείττονος.
3276 903 3399 954 Δι“ὃ
3437 900 3569 971 μηδέ
3608 897 3717 949 ὑπὸ
3746 896 3842 946 τὸν
3884 894 3977 962 μά-

2403 1003 2511 1056 διον
2558 1004 2584 1053 ὸ
2625 1001 2730 1053 τῶν
2763 999 3012 1053 ἁπάντων
3061 993 3228 1054 αἴτιος
3266 993 3418 1062 μόνος
3454 985 3796 1059 κρύπτεσθαι
3837 999 3981 1033 συνε-

2406 1110 2677 1165 χωρησεν’
2713 1092 2824 1145 ἀλλ’
2869 1092 2948 1157 ἐφ’
2972 1084 3173 1156 ξιπλοῦ
3199 1084 3264 1137 δι’
3311 1082 3509 1152 ἀρετῆς
3556 1078 3775 1145 τίθησι·
3817 1074 3915 1125 καὶ
3948 1075 3979 1139 ἡ

2406 1187 2580 1254 φήμη,
2604 1184 2803 1244 εὐθέως
2823 1179 3076 1241 λαϐοῦσα,
3108 1177 3194 1230 διὰ
3220 1175 3431 1227 πάντων
3464 1168 3555 1242 ᾖδε
3594 1164 3979 1237 στομάτων,ὲν

2406 1277 2536 1326 πᾶσι
2574 1274 2787 1325 πάντων
2826 1273 3042 1340 κρατεῖν
3065 1267 3356 1320 Διονύσιον.
3387 1263 3495 1315 Καὶ
3527 1260 3590 1329 δὴ
3614 1258 3757 1319 πρὸς
3794 1254 3981 1306 τοῦτον

2408 1365 2604 1425 πάντες
2637 1362 2921 1432 ἐπέρρεον·
2949 1359 3007 1411 οὑ
3033 1359 3093 1411 τὸ
3122 1356 3366 1426 δημῶδες
3391 1353 3545 1423 μόνον
3573 1352 3667 1401 καὶ
3699 1348 3981 1415 ἀγοραῖον,

2408 1454 2519 1508 ἀλλ’
2555 1456 2674 1505 ὅσον
2703 1453 2796 1504 καὶ
2823 1450 2930 1503 τῶν
2964 1448 3259 1516 ἐλλογίμων
3281 1442 3347 1514 ἦν
3370 1445 3461 1496 καὶ
3484 1439 3767 1507 ἐπιφανῶν
3787 1454 3801 1465 ·
3841 1436 3897 1488 οἷ
3926 1450 3980 1485 τε

2412 1546 2669 1616 πρότερον
2690 1545 2753 1612 τῇ
2781 1541 2944 1610 μανίᾳ
2972 1538 3414 1607 κατειλημμένοι,
3441 1534 3533 1585 καὶ
3557 1532 3621 1601 θη
3634 1529 3743 1601 ρῶν
3778 1528 3983 1597 ὠμότε-

2415 1651 2501 1700 ρον
2528 1633 2622 1701 τὴν
2674 1631 2992 1699 Ἐκκλησίαν
3024 1629 3442 1699 σπαράττοντες,
3466 1624 3549 1686 ὡς’
3563 1626 3654 1676 τὸν
3703 1623 3876 1693 ἄνδρα
3898 1638 3979 1687 γι-

2410 1724 2640 1791 νόμενοι,
2668 1723 2760 1773 καὶ
2786 1722 2882 1791 τῆς
2905 1719 3219 1788 θαυμαστῆς
3248 1715 3456 1783 ἐκείνης
3492 1714 3583 1766 καὶ
3605 1714 3761 1773 θείας
3813 1710 3981 1777 γλώτ-

2409 1832 2505 1884 της
2534 1816 2837 1874 ἀκούοντες,
2869 1811 2927 1861 τό
2946 1828 3003 1862 τε
3046 1809 3156 1861 τῶν
3196 1808 3430 1879 καρδιῶν
3476 1805 3707 1874 σκληρὸν
3749 1804 3981 1871 ἐμαλὰτ-

755 1926 937 1977 rordis
968 1925 1051 1979 sui
1085 1926 1397 1977 molliebant
1420 1924 1703 1983 duritiam,
1734 1930 1784 1973 et
1808 1921 1873 1973 ad
1906 1936 2084 1973 veram
2116 1928 2168 1973 et
2203 1919 2310 1988 pri-

2425 1921 2581 1963 ςοντο,
2612 1904 2705 1955 καὶ
2743 1902 2822 1971 τῷ
2866 1899 3103 1970 ἀληθινῷ
3137 1899 3228 1950 καὶ
3266 1896 3463 1966 πρώτῳ
3500 1896 3635 1961 φωτὶ
3671 1894 3979 1962 προσῄεσαν

754 2030 893 2066 mam
926 2017 1099 2068 lucem
1127 2015 1459 2067 accedebant
1512 2028 1609 2080 per
1639 2012 1943 2080 baptisma;
1997 2026 2103 2079 quo
2143 2010 2313 2079 magis

753 2116 907 2160 erant
932 2105 1246 2159 inﬂammati
1279 2107 1342 2159 ad
1386 2106 1597 2168 vitium,
1618 2121 1683 2161 eo
1714 2104 2095 2158 ferventiorem
2126 2110 2310 2155 osten-

752 2198 940 2251 dentes
986 2198 1454 2251 cltristianismum
1479 2237 1493 2258 ,
1524 2206 1577 2250 et
1608 2197 1673 2249 ad
1710 2210 1976 2249 summam
2002 2234 2015 2257 ,
2048 2193 2178 2245 nihil
2201 2200 2310 2244 tam

752 2288 940 2340 eratin
964 2303 1057 2339 ore
1085 2289 1348 2349 omnium,
1369 2303 1529 2355 quam
1552 2287 1863 2356 Dionysius.
1893 2285 2026 2338 Cum
2053 2301 2179 2354 ergo
2202 2286 2313 2338 hinc

752 2381 896 2434 fama
924 2381 1002 2434 sic
1025 2380 1364 2449 pervaderet,
1399 2380 1649 2433 doctrina
1691 2386 1869 2432 autem
1902 2378 2239 2441 dilataretur,
2265 2387 2315 2431 et

753 2472 885 2527 fides
937 2472 1353 2526 conﬁrmaretur
1407 2472 1712 2527 evidentius
1739 2513 1752 2534 ,
1798 2486 1886 2525 res
1919 2470 2097 2524 delata
2137 2476 2219 2523 est
2247 2468 2313 2520 ad

753 2563 1140 2626 Domitianum,
1183 2563 1248 2616 ad
1280 2563 1636 2617 saevissimum
1678 2564 1894 2631 inquam
1928 2560 2311 2622 Domitianum,

753 2656 834 2707 vel
863 2665 918 2706 ut
945 2654 1115 2722 magis
1142 2656 1363 2723 proprie
1390 2654 1590 2711 dicam,
1621 2653 2050 2712 Daemonianum,
2075 2651 2165 2718 qui
2186 2666 2325 2705 con—.

754 2761 834 2801 tra
867 2747 1031 2801 Deum
1067 2748 1281 2799 locutus
1315 2746 1415 2798 fuit
1457 2744 1798 2812 iniquitatem
1854 2743 1908 2794 in
1966 2739 2217 2809 superbia
2266 2745 2318 2792 et

754 2839 1174 2906 contemptione,
1210 2850 1262 2891 et
1288 2852 1506 2890 manum
1548 2836 1657 2889 Deo
1688 2835 1964 2888 inimicam
1996 2833 2189 2886 extulit
2220 2830 2317 2883 ad—

754 2944 945 2984 versus
970 2928 1125 2983 iidem
1168 2929 1616 2982 christianorum.
1654 2926 1751 2978 llic
1775 2940 1903 2993 ergo
1934 2924 2059 2991 quid
2112 2922 2318 2974 machi-

756 3022 953 3075 natur?
977 3022 1056 3075 vel
1082 3022 1262 3089 potius
1292 3020 1420 3088 quid
1454 3020 1681 3073 docetur
1704 3033 1731 3068 a
1765 3025 1916 3085 patre
1955 3031 2052 3070 suo
2079 3014 2321 3067 Satana?

756 3112 956 3167 Omnes
978 3113 1194 3181 quidem
1233 3112 1348 3181 qui,
1387 3126 1504 3181 qua:
1526 3110 1811 3165 christiani
1847 3109 2106 3167 sentiunt,
2139 3107 2320 3177 despi-

756 3218 913 3270 cere;
957 3204 1273 3275 Dionysium
1306 3211 1486 3258 autem
1542 3203 1715 3258 solum
1771 3201 1837 3255 de
1889 3201 2065 3254 medio
2097 3176 2316 3262 tollere;

2425 3199 2457 3249 c;
2468 3176 2618 3252 ρονοῦ
2628 3193 2729 3238 σιν,

755 3297 858 3352 hoc
894 3297 1094 3359 sciens,
1123 3296 1270 3365 quod
1305 3296 1349 3350 si
1392 3311 1513 3349 eum
1577 3296 1751 3348 solum
1808 3292 2016 3352 vicerit,
2069 3291 2321 3347 omnibus

759 3390 921 3443 fuerit
1037 3383 1287 3455 superior
1319 3399 1333 3450 ;
1447 3387 1529 3440 siu
1556 3384 1759 3445 minus,
1790 3396 1977 3435 omnes
2005 3379 2119 3433 fore
2144 3377 2321 3431 Domi-

759 3482 907 3535 tiano
930 3480 1205 3534 fortiores.
1238 3478 1536 3547 Postquam
1563 3484 1740 3530 autem
1769 3476 1884 3527 inec
1909 3480 2087 3527 mente
2119 3471 2322 3540 agitas—

758 3580 861 3635 set,
898 3587 1019 3625 eum
1052 3572 1255 3624 excitat
1282 3569 1360 3620 ira
1395 3567 1660 3620 adversus
1688 3573 2000 3633 martyrem,
2026 3570 2079 3615 et
2124 3561 2323 3613 furoris

760 3679 1012 3734 quaerens
1032 3662 1513 3719 medicamentum,
1542 3657 1746 3709 nullum
1780 3653 1923 3706 aliud
1943 3652 2164 3717 invenit,
2191 3666 2326 3721 prae-

761 3764 841 3809 ter
870 3755 987 3821 ejus
1013 3762 1262 3806 mortem.
1298 3751 1431 3802 Cum
1469 3750 1648 3818 itaque
1685 3761 1894 3809 omnes,
1937 3744 2030 3813 qui
2063 3744 2181 3811 ejus
2224 3743 2324 3795 im-

763 3847 913 3917 perio
954 3844 1231 3914 parebant,
1272 3847 1677 3909 congregasset,
1710 3850 1912 3903 eosque
1942 3835 2326 3902 assumpsisset

762 3938 852 4006 qui
886 3945 1039 3988 erant
1073 3934 1120 3987 ei
1149 3931 1386 3984 amentia
1426 3928 1652 3989 similes,
1685 3926 1849 3978 mittit
1876 3924 1940 3976 ad
1980 3924 2324 3994 quaerendum

763 4034 1078 4095 martyrem.
1116 4040 1132 4071 ι
1164 4020 1247 4083 Et,
1270 4019 1313 4074 si
1345 4018 1392 4072 ei
1413 4016 1653 4086 quidem,
1694 4016 1888 4083 inquit,
1921 4012 2323 4084 persuaseritis,

764 4124 823 4170 ut
850 4116 914 4167 ad
947 4122 1189 4169 nostram
1214 4112 1530 4164 traducatur
1553 4106 1889 4176 religionem,
1924 4105 2025 4159 hoc
2047 4114 2150 4165 est,
2177 4103 2321 4173 quod

764 4208 1048 4262 desidero:
1088 4217 1323 4271 cumque
1376 4215 1498 4253 eum
1554 4198 1873 4267 acceperitis
1906 4196 2208 4256 vobiscum,
2247 4209 2330 4247 re—

764 4297 1060 4353 vertimini.
1094 4294 1190 4347 Sin
1219 4302 1400 4346 autem
1438 4290 1615 4343 adhuc
1648 4288 2007 4357 permanserit
2059 4286 2113 4337 in
2167 4285 2328 4352 impia

768 4391 1047 4458 religione,
1081 4402 1203 4441 eum
1236 4390 1409 4437 morte
1437 4380 1813 4438 condemnate.
1859 4397 1875 4428 ι

839 4481 917 4534 11ιί
942 4487 1124 4534 autem
1161 4492 1282 4531 cum
1320 4474 1433 4527 haec
1459 4472 1762 4525 audiissent
1788 4470 1854 4523 ab
1899 4468 2244 4538 imperatore,
2280 4474 2334 4522 ct

2411 1996 2497 2047 διὰ
2518 1995 2610 2045 τοῦ
2642 1994 3040 2062 βαπτίσματος·
3078 1992 3192 2059 ὅσῳ
3248 1989 3407 2040 πλέον
3466 1988 3571 2036 τῶν
3631 1985 3811 2037 ἄλλων
3853 1984 3981 2053 πρὸς

2413 2087 2607 2139 κακίαν
2630 2082 2815 2154 πρώην
2841 2082 3217 2151 ἐφλέγμαινον,
3243 2079 3477 2147 τοσούτῳ
3506 2076 3697 2140 ζέοντα
3726 2074 3823 2125 τὸν
3858 2076 3982 2142 Χρι-

2412 2177 2724 2245 στιανισμὸν
2747 2173 3170 2243 ἐνδεικνύμενον
3202 2172 3293 2222 καὶ
3330 2169 3461 2228 ὅλως
3487 2165 3637 2219 οὐδὲν
3664 2162 3843 2223 οὕτως
3888 2163 3982 2213 ἀνὰ

2415 2270 2586 2337 στόμα
2616 2270 2726 2328 τοῖς
2756 2268 2937 2325 πᾶσιν,
2966 2265 3045 2315 ὅτι
3082 2263 3156 2331 μὴ
3189 2256 3561 2328 Διονύσιοςῆν.
3607 2257 3697 2319 Ὠς
3723 2251 3817 2307 οὖν
3848 2253 3985 2305 οὕτω

2413 2360 2604 2420 ταῦτα,
2641 2360 2732 2410 καὶ
2764 2356 2971 2426 ήφήμη
2998 2353 3292 2422 διέτρεχεν,
3324 2349 3694 2420 ἡδιδασγαλία
3727 2364 3787 2398 τε
3826 2344 3984 2397 ἐπλα-

2412 2450 2615 2511 τύνετο,
2674 2452 2767 2501 καὶ
2795 2450 2829 2516 ἡ
2877 2447 3057 2506 πίστις
3117 2441 3425 2495 ἐϐεϐαιοῦτο
3492 2439 3822 2508 τρανότερον
3853 2475 3866 2496 ,
3912 2436 3983 2493 εἰς

2414 2541 2579 2603 ἀκοὰς
2623 2537 2745 2609 ἥκει
2797 2537 2860 2589 τὸ
2894 2537 3121 2606 πρᾶγμα
3159 2529 3493 2603 Δομετιανῷ,
3546 2524 3868 2597 Δομετιανῷ
3914 2522 3985 2590 τῷ

2417 2636 2591 2684 πάντα
2622 2629 2804 2699 δεινῷ·
2824 2624 3161 2695 Δαιμονιανῷ
3186 2623 3244 2673 δέ
3274 2620 3469 2691 μᾶλλον
3508 2619 3684 2670 εἰπεῖν
3736 2614 3988 2667 οἰκειότε-

2418 2742 2531 2799 ρον,
2557 2722 2634 2792 τῷ
2653 2721 2942 2791 λαλήσαντι
2972 2715 3111 2769 κατὰ
3135 2713 3227 2766 τοῦ
3250 2712 3383 2765 Θεοῦ
3415 2711 3649 2771 ἀδικίαν,
3686 2711 3746 2759 ἐν
3782 2708 3986 2774 ὑπερη-

2419 2817 2584 2893 φανίει.
2609 2816 2699 2868 καὶ
2727 2807 3092 2875 ἐξονδενώσει,
3119 2808 3389 2874 καὶςχεῖρα
3417 2802 3686 2870 θεομάχσν
3726 2798 3872 2848 κατὰ
3899 2798 3988 2864 τῆς

2417 2905 2524 2958 τῶν
2550 2900 2889 2974 Χριστιανῶν
2930 2900 3119 2967 ἅραντι
3169 2895 3419 2954 πίστεως.
3465 2887 3631 2951 Οὗτος
3673 2884 3770 2939 οὖν
3804 2888 3857 2937 τί
3895 2904 3992 2954 μη-

2419 2998 2664 3068 χανᾶται,
2694 2991 2890 3062 μᾶλλον
2914 2990 2971 3042 δὲ
2999 2988 3050 3039 τί
3081 2986 3233 3054 παρὰ
3263 2984 3353 3036 τοῦ
3383 2981 3583 3051 πατρὸς
3613 2977 3784 3030 αὑτοῦ
3815 2978 3989 3029 Σατᾶν

2420 3081 3073 3145 ἐκπαιδεύεται;’πάντων
3119 3077 3215 3145 μὲν
3250 3074 3355 3125 τῶν
3397 3075 3507 3124 ὅσοι
3547 3071 3615 3123 τὰ
3654 3067 3992 3139 Χριστιανῶν

2779 3171 3071 3242 ὑπεριδεῖν,
3102 3167 3373 3219 Διονύσιον
3414 3164 3470 3217 δὲ
3524 3162 3685 3231 μόνον
3716 3159 3860 3211 ὲλεῖν
3882 3198 3895 3219 ,
3934 3152 3989 3209 εὖ

2424 3270 2595 3331 εἰδὼς,
2619 3269 2711 3329 ὡς,
2736 3266 2784 3316 εί
2811 3262 3001 3317 τούτου
3019 3259 3370 3329 περιγένηται
3398 3255 3576 3324 μόνου,
3600 3252 3825 3304 πάντων
3849 3250 3992 3301 ἔσται

2424 3364 2730 3433 κρατήσας·
2772 3357 2821 3407 εἰ
2846 3354 2900 3405 δέ
2934 3351 3006 3422 μὴ
3033 3351 3243 3411 τούτου,
3268 3344 3589 3417 Δομετιανοῦ
3613 3344 3818 3403 πάντες
3856 3341 3997 3406 στερ-

2427 3454 2652 3523 ῥότεροι.
2697 3448 2849 3501 Ἐπεὶ
2872 3445 2928 3498 δέ
2960 3442 3131 3496 ταῦτα
3154 3440 3373 3501 ἐνενόει,
3400 3439 3427 3487 ὁ
3451 3435 3621 3504 θυμὸς
3660 3433 3829 3485 αὑτὸν
3860 3428 3997 3495 ἐγεί-

2402 3563 2509 3619 ρει
2537 3542 2677 3596 κατὰ
2707 3540 2800 3594 τοῦ
2838 3538 3127 3609 μάρτυρος,
3158 3532 3251 3584 καὶ
3278 3530 3453 3599 ζητῶν
3486 3528 3581 3596 τῆς
3615 3525 3818 3595 μανίας
3847 3522 3997 3590 ἴαμα,

2426 3632 2581 3685 τοῦτο
2606 3632 2759 3702 μόνον
2790 3630 3050 3699 εὑρίσκει,
3080 3622 3169 3675 τὸν
3196 3619 3356 3675 αὑτοῦ
3383 3619 3631 3673 θάνατον.
3666 3615 3889 3684 Ἀμέλει
3913 3612 3999 3663 καὶ

2430 3728 2633 3787 πάντας
2655 3724 2779 3784 τοὺς
2810 3722 2913 3774 ὑπὸ
2971 3721 3126 3789 χεῖρα
3178 3711 3512 3779 συναγαγὼν.
3536 3710 3664 3770 τοὺς
3701 3703 3995 3774 ἀπηνεστὲ-

2434 3835 2555 3889 ρονς
2580 3832 2635 3866 τε
2664 3815 2755 3865 και
2786 3811 3028 3869 ἐοικότας
3051 3805 3197 3874 αὐτῷ
3220 3805 3315 3873 τὴν
3362 3801 3620 3854 ἀπόνοιαν
3647 3793 4007 3866 παραλαϐὼν,

2431 3909 2573 3964 κατὰ
2601 3907 2824 3979 ζήτησιν
2855 3902 3125 3970 ἐκπέμπει
3154 3895 3246 3948 τοῦ
3280 3894 3571 3964 μάρτυρος,
3602 3890 3721 3951 καὶ,
3760 3908 3779 3937 ι
3818 3887 3882 3938 Ei
3916 3887 4001 3952 μὲν

2430 4004 2507 4073 τῷ
2535 3975 2780 4073 ἡμετέρῳ
2799 3996 3005 4057 τοῦτον,
3036 3992 3188 4062 φησὶ,
3216 3983 3537 4058 μεταθέσθαι
3564 3981 3878 4073 σεδὰσματι
3899 3975 4001 4073 πεί-

2434 4111 2574 4155 σετε,
2604 4092 2743 4144 τοῦτ’
2777 4089 2901 4158 ἐμοὶ
2928 4086 2989 4137 τὸ
3018 4082 3348 4151 ποθούμενον
3370 4117 3381 4139 ,
3416 4076 3507 4127 καὶ
3547 4070 3815 4131 λαῦόντες
3858 4066 4023 4120 αὑτὸν

2438 4187 2550 4257 μεθ’
2583 4182 2810 4243 ἑαυτῶν,
2844 4176 3213 4247 ἀναστρέψατε
3232 4190 3246 4202 ·
3267 4174 3314 4223 εί
3343 4171 3396 4222 δὲ
3419 4168 3494 4220 ἔτι
3512 4169 3576 4235 τῇ
3607 4160 3871 4216 δυσσεϐεῖ
3900 4163 4003 4212 ἐπι-

2439 4278 2611 4349 μένων
2640 4276 2723 4346 εἴη
2755 4271 3043 4345 θρησκείᾳ,
3074 4268 3301 4325 θάνατον
3331 4260 3493 4316 αὑτοῦ
3524 4258 3921 4326 κατακρίνατε.
3958 4272 3972 4301 ι

2503 4467 2669 4525 Οίξδὲ,
2700 4464 2859 4517 τοῦτο
2887 4458 3038 4530 παρὰ
3064 4456 3158 4509 τοῦ
3192 4452 3513 4527 κρατοῦντος
3544 4449 3909 4507 ἀκούσαντες,
3951 4446 4003 4510 τῇ

771 4559 956 4627 furore
991 4570 1447 4627 accenderentur,
1501 4564 1591 4632 qui
1621 4564 1672 4615 in
1703 4563 1782 4615 eis
1820 4561 2117 4621 habitabat,
2168 4568 2220 4614 et
2267 4560 2322 4613 ad

2438 4578 2496 4614 τε
2526 4560 2755 4627 συνοίκῳ
2780 4555 2948 4625 μανίᾳ
3000 4549 3415 4617 ὑποτυφόμενοι,
3448 4544 3539 4595 καὶ
3579 4539 3908 4609 δραστήριοι
3946 4535 4007 4602 τῷ

770 4682 858 4721 res
892 4663 1159 4736 gerendas
1190 4674 1347 4715 acres
1397 4656 1570 4710 videri
1624 4656 1821 4709 vellent
1880 4654 1927 4707 ei
1963 4654 2055 4721 qui
2090 4644 2332 4716 miserat,

769 4768 1060 4828 postquam
1092 4757 1363 4806 venerunt
1398 4748 1450 4802 in
1485 4747 1711 4802 Galliam
1741 4754 2001 4815 tanquam
2034 4745 2159 4799 fera:
2192 4760 2327 4814 quae-

768 4851 891 4904 dam
926 4851 1178 4901 irruunt:
1218 4852 1271 4898 et
1303 4857 1426 4896 cum
1462 4855 1701 4901 omnem,
1734 4854 1853 4907 quae
1885 4838 2033 4892 circa
2066 4837 2172 4890 sita
2200 4844 2335 4902 erat,

769 4940 1192 4994 conturbassent
1220 4934 1520 5002 regionem,
1555 4940 1915 4998 corrumpunt
1954 4928 2335 5003 simpliciores,

770 5039 829 5084 ut
864 5031 1123 5085 docerent
1156 5029 1377 5081 ubinam
1421 5024 1614 5078 beatus
1659 5021 1951 5090 Dionysius
2005 5030 2337 5074 versaretur.

771 5123 1068 5192 Postquam
1093 5129 1270 5173 autem
1300 5116 1591 5169 audierunt
1641 5127 1764 5167 eum
1798 5113 2003 5165 versari
2039 5114 2090 5165 in
2123 5114 2341 5167 civitate

774 5214 1138 5271 Parisiorum,
1174 5208 1405 5263 necdum
1439 5222 1550 5262 rem
1576 5214 1744 5259 totam
1776 5204 2060 5257 audierant
2082 5217 2204 5254 cum
2234 5204 2343 5259 illic

777 5308 995 5361 adsunt.
1037 5303 1243 5359 Deinde
1296 5306 1676 5370 percantantes
1713 5297 1779 5351 de
1825 5297 1985 5351 rebus
2015 5294 2343 5348 christiano-

778 5414 921 5460 rum,
946 5398 1229 5450 inveniunt
1263 5392 1386 5448 fidei
1413 5392 1717 5445 doctrinam
1750 5405 1871 5444 esse
1916 5390 2219 5458 dispersam
2249 5404 2343 5458 per

778 5501 946 5546 totam
972 5489 1286 5542 civitatem:
1343 5486 1410 5540 de
1456 5484 1737 5538 miraculis
1765 5482 2020 5551 martyris
2061 5481 2195 5534 ﬁunt
2224 5496 2338 5535 cer-

780 5584 968 5644 tiores,
1004 5579 1148 5651 quod
1172 5593 1361 5631 omnes
1388 5577 1614 5639 scilicet,
1652 5574 1745 5644 qui
1774 5574 1913 5627 male
1968 5587 2026 5627 se
2058 5571 2341 5633 baberent,

780 5684 1059 5729 curasset:
1092 5680 1146 5728 et
1173 5670 1293 5725 ideo
1322 5670 1722 5723 incredulorum
1763 5669 1829 5722 ad
1860 5684 1981 5722 eum
2019 5662 2346 5721 conﬂuxisse

780 5777 1074 5827 catervam,
1111 5774 1164 5821 et
1192 5762 1581 5831 seadjunxisse
1602 5777 1731 5819 vero
1761 5761 1848 5815 Dei
1879 5758 2080 5813 cultui:
2117 5763 2169 5811 et
2201 5752 2345 5826 quod

791 5863 967 5917 omnis
1001 5859 1285 5915 Germania
1333 5873 1452 5929 quae
1488 5857 1669 5910 multis
1720 5856 1869 5925 prius
1919 5852 2168 5924 gravibus
2204 5848 2344 5903 vitiis

2440 4653 2712 4722 πέμψαντι
2736 4644 2885 4711 δὸξαι
2907 4641 3363 4713 φιλοτιμούμενοι,
3383 4636 3503 4687 ἐπεὶ
3522 4632 3621 4702 τὴν
3639 4630 3878 4683 Γαλλίαν
3898 4644 4009 4680 κατ-

2442 4743 2651 4805 έλαϐον,
2709 4740 2783 4801 ὣς
2814 4755 2958 4799 τινες
2988 4733 3282 4802 είσπηδῶσι
3313 4729 3474 4801 θῆρες
3496 4742 3511 4757 ·
3557 4726 3653 4778 καὶ
3697 4726 3885 4777 πᾶσαν
3924 4722 4011 4772 δια-

2442 4834 2773 4906 ταράξαντες
2794 4834 2896 4904 τὴν
2928 4828 3253 4899 περίχωρον,
3284 4820 3675 4890 ὑποφθείρουσι
3704 4818 3838 4876 τοὺς
3879 4815 4010 4866 εὐκο-

2443 4928 2729 4997 λωτέρους,
2757 4924 2831 4976 τὰ
2854 4921 2994 4976 κατὰ
3012 4920 3101 4973 τὸν
3126 4915 3389 4989 μακάριον
3417 4910 3623 4974 διδάξαι
3644 4925 3705 4959 τε
3738 4909 3835 4961 καὶ
3864 4905 4010 4959 εἰπεῖν

2448 4994 2735 5073 Διονιίσιον.
2779 5016 2870 5078 Ὠς
2897 5013 2954 5065 δὲ
2980 5011 3163 5064 τοῦτον
3193 5012 3249 5061 ἐν
3269 5005 3504 5077 ῙΙιιρισίεῃ⁵
3530 5004 3598 5071 τῇ
3632 4999 3789 5052 πόλει
3831 4994 4012 5063 διατρίο

2451 5112 2564 5164 ϐειν
2586 5110 2852 5163 ἐπύθοντο
2871 5147 2884 5169 ,
2914 5104 3066 5156 οὔπω
3094 5102 3154 5155 τὸ
3184 5102 3291 5153 πᾶν
3320 5096 3601 5157 ἐπύθοντο,
3654 5093 3754 5146 καὶ
3786 5094 3854 5159 τῇ
3886 5086 4011 5140 πόλει

2452 5203 2786 5271 ἐφίστανται.
2818 5194 2953 5251 Εἶτα
2968 5194 3036 5248 τὰ
3064 5195 3191 5265 περὶ
3218 5191 3325 5244 τῶν
3345 5184 3686 5257 Χριστιανῶν
3718 5178 4012 5253 ἐρευνῶσιν,

2453 5296 2763 5366 εὑρίσκουσι
2794 5292 3047 5357 πανταχῇ
3089 5287 3158 5339 τα
3174 5286 3272 5354 τῆς
3316 5280 3549 5340 πίστεως
3604 5268 4013 5341 κατεσπαρμένσ

2451 5365 2774 5458 διδάγματα.
2813 5384 2947 5454 Περὶ
2987 5381 3082 5433 τῶν
3112 5376 3203 5430 τοῦ
3236 5374 3507 5445 μάρτυρος
3545 5365 3856 5439 τεραστίων
3895 5380 4014 5458 μαν-

2456 5478 2725 5540 Θάνουσιν,
2756 5475 2834 5539 ὡς
2862 5476 2987 5535 τοὺς
3018 5470 3143 5542 περί
3170 5486 3221 5522 τι
3268 5467 3516 5537 πονήρως
3560 5461 3789 5529 ἔχοντας
3836 5456 4015 5510 πάντας

2459 5573 2682 5627 ἰάσαιτο.
2742 5565 3052 5622 Κάντεῦθεν
3098 5562 3157 5615 τὸ
3202 5561 3309 5614 τῶν
3365 5558 3608 5611 ἀπίστων
3667 5550 3823 5621 αὐτῷ
3856 5552 4017 5610 asiae;

2455 5663 2786 5737 ἐπιρῤεῦσαν
2817 5664 2886 5731 τῇ
2918 5654 3194 5726 θεοσεϐείᾳ
3222 5651 3501 5707 συνέθετο’
3556 5644 3651 5697 καὶ
3691 5644 3771 5705 ὡς
3814 5643 3848 5710 ἡ
3896 5636 4018 5737 πασί

2458 5728 2733 5831 Γερμανία
2760 5728 3058 5815 eorum
3080 5744 3308 5819 πρόσθεν
3337 5741 3430 5794 καὶ
3454 5738 3646 5800 δεινοῖς
3672 5728 4017 5831 δεδονλιρμένη

2462 5822 2656 5905 πάθεσί
2685 5864 2742 5901 τε
2773 5850 2873 5902 καὶ
2904 5841 3184 5915 πράξεσιν,
3206 5838 3265 5889 οὑ
3301 5836 3403 5907 μὴν
3434 5832 3567 5905 ἀλλὰ
3618 5828 3715 5880 καὶ
3747 5822 4018 5879 usurae;
