4136 6504
165 454 295 529 1045

1135 453 1321 515 νιΤΑ
1354 450 1417 513 S.
1455 451 1806 514 DlONYSlI
1850 449 2392 518 AREOPAGITAZ.

3287 451 3422 515 1046

192 568 515 637 ὑποκειμένη
550 569 865 637 σεϐασμασι,
896 570 981 620 τὸν
1002 571 1194 621 οἰκεῖον
1224 568 1444 637 αὐχένα,
1477 569 1592 628 ταῖς
1626 571 1733 620 Διο-

1844 561 2106 616 servierat
2132 570 2185 613 et
2240 558 2396 611 factis
2425 596 2437 617 ,
2470 556 2764 625 quinetiam
2797 555 3043 625 subjecta
3075 563 3193 607 erat
3226 554 3397 611 cultui

195 658 372 711 νυσίου
400 659 652 728 διδαχαῖς,
683 660 882 711 ἐκεῖθεν
911 658 1253 723 ὑπεξελοῦσα,
1276 658 1354 727 τῷ
1381 657 1473 709 τοῦ
1506 659 1740 727 Χριστοῦ

195 749 340 821 ζυγῷ
381 751 708 819 ὑπηγάγετο.
762 751 845 812 Ὠς
877 746 964 801 οὖν
1009 750 1086 811 είς
1112 749 1313 817 γνῶσιν
1344 750 1520 810 αὐτοῖς
1543 788 1557 809 ,
1601 749 1742 801 οὕτω

193 842 362 895 ταῦτα
390 843 483 894 καὶ
521 841 686 893 πολλὰ
720 841 877 912 ἕτερα
929 841 1202 907 γεγονέναι
1243 840 1488 907 ἀφίκετο,
1531 841 1630 908 τήν
1682 855 1740 891 τε

196 931 286 984 τοῦ
316 932 548 1002 Χριστοῦ
580 934 806 1003 ποίμνην
824 932 1207 1002 αὐξανομένην,
1238 932 1331 984 καὶ
1369 933 1492 993 τοὺς
1538 931 1745 985 ἑαυτῶν

196 1024 350 1085 θεοὺς
370 1025 819 1095 παρεωραμένους
850 1023 1048 1093 ἑώρων,
1079 1023 1174 1084 τάς
1201 1039 1259 1073 τε
1290 1020 1506 1082 τελετὰς
1561 1038 1743 1091 περιυ-

197 1113 510 1184 ϐρισμένας,
542 1116 631 1166 καὶ
652 1116 729 1175 είς
757 1114 880 1180 γόνυ
924 1113 1175 1165 κλίνασαν
1203 1114 1301 1182 τὴν
1347 1111 1624 1171 ἀσέϐειαν,
1654 1110 1745 1162 ἐπὶ

200 1206 395 1274 μᾶλλον
438 1206 739 1257 ὲκκαίονται
760 1244 773 1267 ,
821 1206 912 1256 καὶ
944 1205 1030 1256 τὸν
1058 1205 1257 1256 τούτων
1300 1202 1466 1255 αἴτιον
1495 1204 1625 1254 ὅπου
1656 1202 1746 1255 καὶ

194 1295 479 1365 διατρίϐων
508 1296 611 1364 εἴη,
632 1295 975 1347 πυνθάνονται
993 1311 1005 1322 °
1031 1295 1119 1346 καὶ¹
1148 1294 1235 1345 τὸν
1256 1294 1540 1363 μακάριον,
1558 1292 1744 1362 ἀθρόον

198 1388 625 1447 ἐπεισπεσόντες,
674 1388 767 1438 σὺν
812 1387 924 1455 ἅμα
974 1386 1224 1454 δεσμοῦσι
1263 1389 1375 1447 τοῖς
1419 1388 1533 1455 μετ’
1564 1384 1745 1448 αὐτοῦ,

196 1479 294 1547 τὴν
324 1478 469 1529 θείαν
515 1477 615 1529 ἀνα
645 1477 813 1545 στόμα
843 1478 1056 1547 διδαχὴν
1089 1478 1165 1529 ἔτι
1195 1479 1443 1547 φέροντα,
1484 1478 1576 1528 καὶ
1619 1493 1746 1546 προ-

198 1567 457 1635 κάθηνται
488 1566 757 1627 λυσσῶδές
790 1584 839 1617 τι
875 1568 963 1618 καὶ
1008 1568 1227 1635 μανικὸν
1257 1568 1348 1618 ἐπὶ
1368 1566 1463 1635 τὴν
1509 1566 1749 1630 ἐξέτασιν

197 1655 466 1717 πνέοντες.
492 1656 727 1709 Εἴσεισιν
756 1652 845 1708 οὖν
873 1659 898 1707 ὁ
920 1657 1173 1722 γεννάδας
1196 1657 1310 1724 ἅμα
1350 1656 1641 1725 Ῥουστικῷ
1662 1657 1749 1708 καὶ

213 1744 547 1816 Ἐλευθερίῳ,
588 1746 807 1815 ἀτρόμῳ
850 1745 1055 1815 διανοίᾳ
1098 1746 1188 1796 καὶ
1232 1745 1752 1816 πεπαρρησιασμένῃ

198 1834 367 1906 ψυχῇ,
399 1836 585 1904 ὥσπερ
613 1838 689 1897 είς
722 1836 933 1905 ἑορτὴν,
963 1836 1059 1887 οὑκ
1088 1837 1164 1896 είς
1192 1836 1373 1902 ἀγῶνα
1406 1836 1752 1906 καλούμενος.

1843 651 2284 710 simulacrorum,
2312 648 2510 703 collum
2535 662 2691 699 suum
2714 664 2777 700 ex
2807 647 2889 699 his
2908 649 3272 710 subtractum,
3305 648 3407 701 do-

1843 742 2020 794 ctrina
2056 738 2325 808 Dionysii,
2359 737 2637 804 subjunxit
2678 735 3053 806 jugo'Christi.
3086 740 3221 793 Cum
3274 756 3403 809 ergo

1844 832 1978 893 haec,
2015 839 2067 884 et
2101 832 2266 883 multa
2293 830 2396 882 alia
2440 827 2582 881 facta
2613 846 2753 891 esse,
2809 833 2875 883 ad
2930 845 3116 883 eorum
3168 832 3404 884 venisset

1842 923 2237 991 cognitionem,
2279 931 2333 976 et
2386 921 2589 975 Christi
2624 938 2838 990 gregem
2894 923 3115 992 augeri,
3166 934 3215 975 et
3275 939 3405 977 suos

1844 1012 1974 1066 deos
2000 1013 2260 1067 vidissent
2300 1012 2515 1067 habitos
2557 1012 2836 1082 despectui
2865 1052 2878 1073 .
2936 1021 2989 1067 et
3019 1029 3114 1067 sua
3150 1016 3404 1082 mysteria

1844 1105 2144 1164 contemni,
2168 1111 2221 1157 et
2252 1103 2566 1157 inclinatam
2596 1120 2717 1158 esse
2743 1105 3095 1173 impietatem,
3125 1107 3293 1175 magis
3317 1122 3406 1159 ac-

1843 1192 2174 1256 cenduntur,
2206 1201 2260 1246 et
2286 1201 2479 1261 rogant
2512 1194 2728 1247 ubinam
2754 1194 3043 1260 habitaret,
3080 1196 3168 1263 qui
3219 1212 3405 1249 eorum

1843 1292 1961 1337 erat
1994 1291 2218 1336 auctor:
2246 1291 2299 1337 et
2336 1293 2556 1353 repente
2587 1286 2640 1338 in
2673 1287 2886 1340 beatum
2922 1287 3188 1340 irruentes
3212 1286 3408 1354 Diony~

1845 1375 2009 1437 sium,
2029 1388 2154 1427 eum
2187 1374 2352 1428 simul
2386 1376 2554 1444 ligant
2583 1392 2704 1430 cum
2732 1378 2799 1431 iis
2824 1379 3055 1447 quicum
3089 1378 3203 1448 ipso
3230 1386 3405 1442 erant,

1846 1466 1899 1519 in
1932 1482 2027 1520 ore
2058 1464 2301 1519 divinam
2328 1466 2505 1520 adhuc
2539 1468 2821 1522 habentem
2848 1469 3178 1534 doctrinam;
3223 1472 3409 1537 praesi-

1843 1556 1992 1618 dent,
2020 1557 2229 1611 rabiem
2273 1564 2327 1611 et
2361 1556 2595 1611 furorem
2619 1559 2889 1628 spirantes
2947 1558 3012 1611 ad
3054 1560 3410 1615 examinatio-

1846 1661 1988 1699 nem.
2026 1646 2331 1715 Ingreditur
2395 1663 2522 1717 ergo
2547 1649 2626 1701 vir
2648 1664 2810 1717 gener
2849 1663 2942 1703 sus
2964 1649 3123 1702 simul
3148 1666 3268 1703 cum
3300 1650 3410 1704 Ru—

1848 1738 1985 1791 stico
2013 1746 2065 1791 et
2095 1737 2428 1800 Eleutherio,
2468 1748 2645 1793 mente
2671 1739 2819 1791 firma
2860 1755 2919 1792 ac
2953 1741 3131 1794 stabili
3155 1751 3206 1795 et
3237 1742 3409 1797 libero

1849 1831 2051 1892 animo,
2083 1830 2308 1898 perinde
2335 1846 2397 1884 ac
2430 1831 2473 1884 si
2511 1838 2794 1884 vocaretur
2824 1831 2887 1887 ad
2940 1831 3157 1895 festum,
3208 1846 3315 1886 non
3342 1834 3406 1885 ad

200 1929 309 1981 Kal.
328 1928 391 1995 δὴ
432 1926 671 1995 θρασέως
704 1925 843 1977 οὕτω
886 1926 978 1977 καὶ
1021 1925 1331 1995 αὐστηρῶς,
1372 1926 1435 1977 ἶν’
1482 1927 1543 1977 ὲκ
1573 1943 1745 1996 προοι-

1848 1927 2143 1974 certamen.
2192 1919 2526 1989 Arroganter
2573 1922 2735 1991 igitur
2783 1929 2835 1975 et
2891 1936 3121 1991 aspere,
3175 1931 3231 1975 ut
3284 1940 3405 1977 eum

202 2019 322 2088 μίου
350 2015 505 2077 εὐθὺς
537 2015 937 2084 καταπλήξωσι,
970 2017 1099 2083 φασὶ
1122 2016 1255 2085 πρὸς
1296 2016 1483 2066 αὑτὸν·
1522 2035 1538 2065 ι
1564 2016 1633 2067 Σὺ
1681 2012 1750 2077 εῐ,

196 2102 240 2159 ὦ
269 2108 550 2176 καταράτη
580 2107 805 2176 κεφαλὴ,
836 2109 863 2158 ὁ
882 2108 1004 2168 τους
1032 2106 1327 2175 ἡμετέρους
1358 2105 1507 2167 θεοὺς
1552 2107 1605 2157 έν
1650 2124 1752 2176 μη-

195 2199 306 2250 δενὶ
333 2199 631 2268 τιθέμενος,
676 2201 767 2251 καὶ
795 2199 891 2268 τὴν
920 2198 1071 2266 ἡμῶν
1096 2200 1157 2250 ὲκ
1193 2197 1353 2267 μέσου
1387 2198 1603 2266 ποιῆσαι
1635 2197 1757 2267 θρη-

199 2289 383 2339 σκείαν
428 2289 771 2356 φιλονεικῷν;
820 2288 1125 2356 ’Λπὸκριναι
1168 2285 1292 2350 οὖν,
1349 2289 1409 2340 τὸ
1439 2289 1611 2355 γένος,
1659 2291 1756 2359 τὴν

197 2380 587 2450 ἐνεγκαμένην,
618 2380 676 2431 τὸ
705 2379 1053 2449 ἐπιτήδευμα.
1083 2398 1099 2429 ›
1132 2381 1187 2431 '0
1217 2381 1291 2445 δὲ,
1325 2379 1755 2451 θαρραλεώτερος

201 2472 397 2539 μᾶλλον
444 2471 520 2540 τῷ
566 2472 699 2541 πρὸς
739 2472 967 2542 Χριστὸν
1006 2472 1291 2540 γενόμενος
1336 2474 1522 2543 ἔρωτι·
1561 2492 1577 2523 ι
1620 2473 1756 2540 Ἐγὼ

200 2560 317 2629 μὲν,
348 2554 391 2611 ὧ
419 2555 591 2622 οὗτος,
627 2560 805 2628 φησὶν,
856 2560 940 2612 ἵνα
985 2558 1052 2610 τὰ
1088 2559 1181 2610 τοῦ
1231 2560 1415 2626 γένους
1464 2561 1522 2612 τό
1562 2578 1621 2628 γε
1665 2561 1754 2614 νῦν

198 2646 317 2716 ἕχον
346 2648 438 2698 καὶ
475 2647 571 2716 τὴν
609 2647 836 2717 πατρίδα
870 2647 1057 2716 παρῶ,
1116 2647 1351 2717 Χριστοῦ
1403 2647 1583 2710 δοῦλος
1621 2644 1755 2703 εἶναι

194 2737 464 2804 ὁμολογῶ,
499 2739 587 2789 καὶ
621 2740 762 2807 μόνῳ
787 2738 955 2807 τούτῳ
985 2737 1061 2806 τῷ
1098 2755 1155 2789 τε
1194 2740 1410 2808 ἁνάρχῳ
1452 2740 1624 2808 Πατρὶ
1666 2741 1755 2792 καὶ

194 2826 272 2895 τῷ
329 2827 577 2894 συναῖδίῳ
634 2828 793 2879 αὑτοῦ
867 2829 1109 2897 λατρεύω
1177 2831 1475 2899 Πνεύματι·
1514 2828 1756 2897 πέφευγα

192 2916 249 2968 δὲ
281 2917 373 2967 καὶ
401 2916 497 2983 τῆς
528 2916 675 2984 ὑμῶν
706 2917 907 2985 πλάνης
928 2935 940 2947 '
986 2919 1061 2987 τῷ
1090 2919 1194 2989 γὰρ
1231 2920 1346 2987 ἐμῷ
1394 2921 1607 2990 Χριστῷ
1656 2922 1755 2973 πέ-

194 3005 379 3065 ποιθα,
412 3004 737 3074 καθαιρέτης
773 3007 1151 3077 στερρότατος,
1202 3007 1457 3078 ἀλείπτης
1500 3011 1757 3079 Χριστια-

192 3099 305 3157 νοῖς
356 3094 491 3163 πρὸς
549 3096 745 3166 ἀρετὴν
797 3098 1155 3166 ἑτοιμότατος.
1208 3099 1346 3169 Πρὸς
1390 3099 1556 3150 ταῦτα
1604 3100 1653 3151 εῐ
1702 3118 1753 3153 τι

1845 2009 2331 2078 perterrefacerent
2391 2011 2575 2064 statim
2621 2011 2677 2064 in
2733 2013 3035 2080 principio,
3084 2014 3131 2065 ei
3169 2014 3405 2066 dicunt:

1848 2116 1869 2149 ι
1929 2096 2007 2151 Tu
2078 2115 2169 2164 es,
2227 2115 2259 2153 ο
2318 2101 2708 2154 exsecrandum
2772 2111 2974 2170 caput,
3031 2104 3121 2170 qui
3188 2113 3406 2156 nostros

1844 2187 1974 2243 deos
2006 2189 2160 2241 nihili
2185 2188 2338 2251 facis,
2374 2197 2427 2242 et
2461 2189 2743 2244 contendis
2876 2183 2943 2240 de
3082 2190 3261 2243 medio
3306 2207 3406 2245 no-

1845 2286 2012 2331 stram
2040 2280 2230 2333 tollere
2258 2280 2605 2348 religionem?
2630 2279 2916 2347 Responde
2942 2294 3070 2349 ergo
3089 2320 3101 2341 ,
3151 2280 3291 2348 quod
3333 2282 3403 2335 sit

1846 2376 1994 2420 tuum
2027 2384 2216 2437 genus,
2247 2383 2366 2436 quae
2398 2378 2448 2421 te
2484 2368 2669 2422 tulerit
2721 2368 2914 2436 patria,
2970 2376 3022 2420 et
3065 2369 3207 2436 quod
3249 2378 3400 2424 tuum

1845 2460 2105 2514 studium.
2135 2480 2153 2510 ι
2199 2458 2290 2513 llle
2323 2468 2522 2519 autem,
2578 2472 2761 2511 amore
2793 2457 2847 2509 in
2884 2458 3160 2512 Christum
3206 2461 3254 2513 ei
3306 2458 3401 2512 ad-

1844 2550 2002 2603 dente
2040 2551 2314 2611 animum,
2351 2557 2403 2603 et
2450 2548 2681 2601 faciente
2743 2562 2865 2601 eum
2916 2550 3396 2602 conlidentiorem:

1851 2658 1868 2690 ι
1894 2637 2003 2707 Ego
2033 2640 2271 2708 quidem,
2302 2639 2500 2707 inquit,
2528 2653 2559 2691 ο
2589 2653 2705 2700 vus,
2739 2645 2861 2691 utet
2891 2655 3059 2707 genus
3086 2648 3139 2693 ct
3171 2640 3398 2708 patriam

1845 2730 2086 2782 omittam
2121 2730 2175 2781 in
2203 2730 2485 2798 prmsentia
2503 2770 2516 2794 ,
2540 2743 2623 2781 me
2646 2728 2849 2781 Christi
2877 2745 3090 2783 servum
3122 2746 3243 2784 esse
3269 2746 3400 2783 con—

1847 2822 2018 2885 titeor,
2052 2832 2241 2875 eteum
2282 2822 2479 2883 solum,
2505 2828 2558 2874 et
2591 2818 2837 2884 Patrem,
2870 2820 2961 2888 qui
3002 2829 3148 2874 caret
3190 2823 3396 2887 princi-

1846 2915 1952 2984 pio,
1984 2923 2036 2967 et
2068 2913 2532 2982 coaeternumejus
2557 2912 2676 2966 colo
2695 2910 2978 2981 Spiritum.
2997 2912 3192 2982 Aul’ugi
3220 2922 3397 2966 autem

1845 3021 1875 3058 a
1896 3013 2075 3059 vestro
2104 3021 2307 3068 errore,
2342 3004 2711 3058 validissimus
2743 3008 2819 3072 (in
2849 3018 2966 3057 meo
2996 3005 3139 3057 enim
3182 3003 3397 3058 Christo

1846 3096 2016 3151 habeo
2035 3096 2304 3163 ﬁduciam)
2325 3105 2628 3149 vestrorum
2648 3096 2868 3149 deorum
2902 3095 3235 3157 deturbator,
3260 3094 3398 3147 chri-

194 3187 662 3256 προστεταγμένον
692 3189 837 3256 ὑμῖν,
859 3189 1141 3257 πράσσετε.
1172 3208 1188 3237 ι
1223 3192 1327 3241 Καὶ
1358 3189 1450 3259 τὴν
1479 3190 1568 3242 τοῦ
1601 3191 1745 3258 ἁγίου

1845 3190 2252 3256 stianorumque
2303 3186 2368 3239 ad
2420 3186 2673 3238 virtutem
2705 3185 3021 3238 exhortator
3052 3186 3397 3253 promptissi-

194 3276 409 3342 γνόντες
438 3277 494 3337 οἱ,
535 3276 808 3344 δυσμενεῖς
856 3278 989 3345 μετὰ
1035 3279 1295 3339 συνέσεως
1327 3280 1608 3342 ἔνστασιν,
1663 3283 1758 3335 τὸν

192 3365 364 3433 θυμὸν
388 3367 465 3426 είς
495 3364 728 3416 θωπείαν
747 3366 1049 3434 ἀμείϐουσι,
1081 3368 1193 3427 καὶ,
1231 3386 1248 3417 ι
1274 3368 1361 3438 Μὴ
1379 3368 1474 3438 τὴν
1494 3370 1590 3438 σὴν
1622 3368 1753 3421 ἐντι-

195 3473 295 3525 μον
326 3455 513 3508 πολιὰν
544 3456 838 3528 ἀτιμὼσῃς,
863 3459 1012 3525 φασὶ,
1031 3459 1286 3520 Διονύσιε,
1322 3461 1451 3529 μηδὲ
1481 3461 1620 3513 τέλει
1651 3461 1750 3533 τὴν

194 3546 357 3615 φίλην
388 3548 629 3616 ἑταιρίαν
660 3549 838 3618 πικρῴ
868 3549 1119 3619 παραδῴς
1140 3567 1151 3578 ·
1187 3549 1516 3617 πείσθητιτα
1545 3552 1753 3621 χρηστὰ

193 3637 636 3704 συμδουλεύουσι,
668 3640 758 3688 καὶ
788 3639 845 3688 τὸ
866 3638 958 3689 τοῦ
991 3638 1253 3706 βασιλέως
1280 3640 1476 3709 κράτος
1516 3641 1580 3692 δι’
1600 3641 1753 3711 ἡμῶν

193 3726 431 3778 ίκετεῦὁν
466 3744 522 3777 σε
564 3727 932 3797 δυσωπήθητι·
960 3728 1226 3799 πείσθητι,
1258 3730 1376 3797 φίλε
1404 3732 1603 3802 χρηστὲ
1634 3735 1752 3785 Διο-

189 3817 377 3876 νύσιε,
421 3820 533 3878 τοῖς
576 3820 860 3887 ἡμετέροις
917 3820 1075 3872 θῦσαι
1131 3821 1288 3883 Θεοῖς,
1348 3823 1625 3892 πείσθητι·
1661 3826 1753 3883 καὶ

188 3910 408 3979 πρῶτος
435 3908 540 3959 τῶν
577 3910 681 3960 ὑπὸ
722 3912 818 3981 τὴν
850 3912 1118 3979 βασιλείαν
1148 3911 1243 3983 ἔσῃ
1279 3912 1413 3979 μετὰ
1440 3914 1544 3963 τῶν
1577 3914 1699 3967 σῶν.
1728 3933 1746 3965 ι

202 3999 350 4058 Ὀδὲ,
376 4018 393 4048 ι
420 3998 787 4069 Πεπλάνησθε,
812 4000 1072 4070 φησὶ,τῆς
1096 4002 1362 4073 προτέρας
1380 4002 1582 4073 πλάνην
1610 4005 1669 4055 οὐ
1686 4007 1749 4074 (')

190 4090 433 4159 χείρονα,
474 4092 519 4141 εί
548 4090 643 4159 ἐμὲ
662 4091 908 4160 συλήσειν
939 4092 971 4161 ἦ
1002 4108 1119 4142 τινα
1154 4092 1260 4143 τῶν
1300 4094 1445 4163 ἐμῶν
1487 4095 1619 4156 ὅλως

190 4180 323 4250 θητε
348 4197 360 4209 ο
391 4181 538 4249 ἡμᾶς
565 4180 690 4251 γὰρ,
722 4177 778 4234 εὖ
814 4181 952 4245 ἴστε,
982 4184 1042 4233 οὐ
1071 4184 1243 4251 τιμαὶ,
1284 4183 1379 4234 οὑκ
1412 4184 1620 4253 ἀτιμίαι
1642 4222 1654 4245 ,
1689 4185 1750 4236 οὐ

192 4270 445 4331 θωπεῖαι,
475 4273 534 4323 οὐ
568 4272 803 4339 βάσανοι,
826 4272 924 4323 οὐκ
952 4272 1077 4325 ἄλλο
1106 4289 1157 4325 τι
1186 4273 1291 4326 τῶν
1324 4274 1573 4328 ἁπάντων
1603 4274 1751 4329 οὐδὲν

188 4362 413 4431 χωρίσει
437 4360 687 4427 Χριστοῦ.
716 4379 734 4411 ι

1844 3291 1984 3329 mus.
2016 3278 2096 3328 Ad
2131 3278 2243 3331 hzec
2270 3276 2450 3339 facite,
2484 3276 2531 3329 si
2562 3275 2692 3345 quid
2724 3283 2807 3330 est
2834 3276 2987 3328 vobis
3014 3275 3390 3343 imperatunm

1847 3364 2097 3420 Videntes
2129 3374 2307 3420 autem
2358 3366 2627 3430 malevoli,
2673 3366 2847 3419 sancti
2879 3366 3239 3418 constantiam
3271 3376 3394 3416 cum

1844 3456 2123 3526 prudentia
2144 3457 2516 3525 conjunctam,
2544 3456 2679 3509 iram
2699 3465 2907 3509 mutant
2929 3456 2982 3509 in
3008 3454 3393 3515 adulationem,

1842 3556 1915 3613 et,
1949 3568 1966 3599 ι
1991 3548 2066 3602 Ne
2093 3558 2258 3613 tuam,
2292 3564 2325 3604 ο
2354 3548 2595 3618 Dionysi,
2627 3547 2835 3611 dicunt,
2874 3547 3125 3601 canitiem
3154 3546 3396 3601 aﬂ‘eccris

1840 3641 2185 3702 contumelia,
2210 3655 2385 3708 neque
2407 3640 2602 3693 charos
2630 3639 2841 3692 sodales
2866 3640 3022 3692 morti
3050 3640 3255 3693 acerba:
3284 3645 3395 3691 tra-

1840 3730 2069 3794 dideris;
2095 3744 2221 3798 pare
2260 3736 2407 3783 recte
2436 3728 2843 3784 consulentibus
2870 3766 2884 3791 ,
2942 3736 2995 3781 et
3050 3728 3393 3797 imperatoris

1840 3823 2158 3892 potentiam,
2198 3835 2293 3888 per
2330 3836 2430 3874 nos
2464 3828 2514 3875 te
2549 3830 2844 3889 rogantem,
2902 3819 3135 3873 revereri
3172 3833 3395 3887 persua-

1840 3912 2041 3974 dearis,
2076 3926 2107 3962 ο
2138 3910 2299 3963 chare
2328 3918 2379 3963 et
2415 3911 2551 3963 bone
2584 3910 2823 3979 Dionysi;
2855 3910 2958 3964 diis
2983 3911 3186 3966 nostris
3225 3912 3396 3965 sacri-

1841 4002 2002 4056 ficare
2032 4001 2409 4071 persuadearis
2431 4008 2483 4056 et
2520 4002 2631 4055 eris
2669 4016 2791 4055 cum
2834 4001 2940 4055 tuis
2968 4004 3176 4069 primus
3205 4017 3396 4056 eorum

1841 4096 1934 4165 qui
1966 4096 2210 4151 suntsuh
2237 4095 2485 4161 imperio.
2514 4114 2531 4144 ›
2560 4093 2651 4148 Ille
2672 4102 2880 4147 autem:
2918 4111 2934 4142 ι
2957 4091 3169 4155 Vester,
3196 4094 3393 4162 inquit,

1842 4186 1931 4239 hic
1970 4200 2123 4238 error
2166 4192 2248 4237 est
2280 4185 2428 4252 pejor
2454 4184 2653 4251 priore,
2685 4185 2729 4237 si
2784 4185 2981 4252 putetis
3026 4183 3162 4247 fore,
3193 4191 3251 4237 ut
3285 4199 3390 4248 me,

1842 4286 1934 4331 aut
1966 4277 2451 4345 meorumaliquem
2491 4275 2781 4331 seducatis.
2834 4274 2945 4327 Hoc
2994 4276 3138 4328 enim
3178 4276 3387 4335 sciatis,

1842 4367 1982 4437 quod
2012 4383 2108 4420 nos
2141 4384 2243 4419 non
2269 4368 2500 4423 honores
2522 4406 2535 4431 ,
2569 4379 2674 4420 non
2704 4365 3069 4435 contumeliae,
3103 4380 3209 4420 non
3232 4366 3387 4421 blan-

167 4458 340 4519 ditiaz,
379 4470 489 4510 non
522 4461 821 4520 tormenta,
868 4471 1043 4526 neque
1082 4458 1285 4528 aliquid
1322 4461 1465 4517 aliud
1512 4465 1735 4519 omnino
1766 4464 2035 4532 separabit
2075 4471 2407 4531 aChristo.»

266 4583 544 4636 Ἐντεῦθεν
563 4624 577 4648 ,
608 4584 727 4636 ἐπεὶ
769 4584 841 4654 μὴ
894 4580 991 4637 οἷοί
1017 4602 1076 4637 τε
1114 4587 1314 4639 πείθειν
1340 4590 1649 4659 ἐτύγχανον,
1680 4593 1741 4645 τὸ

1904 4584 2161 4651 Deinceps
2184 4599 2311 4652 ergo
2337 4598 2458 4636 cum
2499 4594 2847 4655 nonpossent
2889 4588 3243 4656 persuadere,
3287 4589 3383 4640 de-

174 4678 518 4744 προσωπείον
548 4677 639 4727 καὶ
681 4675 776 4747 τὴν
825 4677 1109 4745 ὑπόκρισιν
1152 4679 1508 4748 ἀποθέμενοι,
1548 4680 1625 4750 τῷ
1677 4699 1737 4736 τε

172 4764 335 4832 θυμῷ
366 4764 526 4816 πλέον
556 4764 825 4828 ζέσαντες.
857 4769 949 4820 καὶ
989 4768 1084 4836 τῆς
1127 4770 1390 4839 καθέδρας
1438 4771 1657 4840 μανικόν
1684 4789 1734 4827 τι

171 4857 268 4907 καὶ¹
301 4856 801 4926 παρακεκινημένον
832 4856 1230 4922 ἐξαναστάντες·
1270 4879 1287 4910 ι
1326 4862 1460 4931 Παρ’
1491 4863 1660 4932 ὑμῶν,
1690 4856 1737 4916 ὦ

169 4948 412 5016 ἀνόητοι,
445 4948 700 5017 Διονυσίῳ
729 4947 858 5015 φασὶ
903 4949 993 4999 καὶ
1034 4953 1144 5011 τοῖς
1191 4949 1326 5019 μετὰ
1353 4952 1515 5004 αὑτοῦ
1537 4992 1551 5015 ,
1580 4952 1649 5005 τά
1675 4970 1735 5006 τε

170 5037 282 5090 τῶν
313 5036 449 5088 Θεῶν
477 5035 780 5105 ἁτιμοῦται,
798 5037 886 5089 καί
914 5037 980 5088 τὰ
996 5037 1085 5088 τοῦ
1102 5040 1494 5110 αὐτοκράτορος
1525 5059 1732 5115 μυκτη-

172 5126 405 5198 ρίζεται,
439 5127 532 5179 καὶ
554 5132 807 5196 μαγικαῐς
831 5128 1090 5189 ἐπινοίαις
1118 5130 1275 5200 δῆθεν
1298 5132 1370 5193 ὡς
1391 5132 1734 5205 θαυματουρ-

171 5219 323 5287 γίαις
346 5218 503 5287 ὑμεῖς
522 5220 643 5279 τοὺς
671 5217 772 5269 ὑπὸ
796 5219 891 5288 τὴν
911 5219 1109 5271 τούτων
1126 5223 1298 5292 ἀρχὴν
1317 5224 1615 5275 ὑποσυλᾱτε
1638 5227 1731 5279 καὶ

171 5306 585 5378 σφετερίζεσθε;
612 5327 630 5358 ι
652 5309 712 5360 Οἱ
739 5307 792 5359 δὲ
810 5308 970 5374 ἅγιοι,
994 5328 1011 5358 ι
1050 5311 1259 5379 Ὅμοιοι
1288 5313 1467 5375 αὐτοῖς
1496 5314 1731 5380 γένοιντο

168 5403 219 5454 οί
265 5400 573 5471 τιμῶντεςι
614 5418 632 5449 ι
662 5401 759 5470 μιᾷ
800 5398 932 5469 πρὸς
962 5400 1153 5462 αὐτοὺς
1194 5403 1396 5471 ἔφησαν
1425 5406 1488 5473 τῇ
1544 5407 1723 5474 φωνῇ.

173 5511 191 5543 ι
223 5495 385 5561 ἡμεῖς
412 5491 469 5543 δὲ
513 5489 573 5541 οὐ
620 5493 876 5558 μαγικαῖς
919 5491 1209 5553 ἐπινοίαις,
1266 5491 1339 5553 ὡς
1375 5493 1524 5545 αὐτοί
1570 5509 1724 5559 φατε,

167 5580 303 5633 ἀλλὰ
332 5583 398 5650 τῇ
429 5579 522 5632 τοῦ
565 5577 694 5631 Θεοῦ
739 5580 890 5649 ἡμῶν
931 5581 1021 5631 καὶ
1059 5583 1122 5649 τῇ
1152 5581 1244 5634 τοῦ
1275 5580 1534 5643 ζωοποιοῦ
1562 5583 1724 5636 αὑτοῦ

167 5671 485 5741 Πνεύματος
513 5668 786 5738 ἐπικλήσει
816 5671 910 5722 καὶ
959 5672 1205 5742 ἐνεργείᾳ
1248 5672 1463 5739 τυφλοῖς
1505 5671 1563 5723 τὸ
1608 5672 1724 5739 βλέ-

167 5779 312 5824 πειν,
345 5763 551 5827 κωφοῖς
579 5759 638 5811 τὸ
664 5759 859 5823 λαλεῖν,
882 5760 1033 5829 βάσιν
1062 5777 1118 5813 τε
1149 5764 1356 5831 χωλοῖς,
1403 5764 1495 5814 καὶ
1537 5762 1718 5833 δαιμο-

245 5878 312 5944 (⁶)
354 5876 463 5931 Aut
489 5875 770 5946 legendum
806 5879 1014 5942 χείρονα
1049 5889 1164 5937 sine
1196 5885 1278 5950 οὺ,
1311 5898 1430 5937 cum
1471 5886 1783 5958 interprete,

1832 4677 2005 4745 posita
2043 4688 2269 4741 persona
2293 4680 2344 4727 et
2374 4675 2737 4737 simulatione,
2764 4691 2887 4729 cum
2916 4678 2992 4730 ira
3023 4677 3194 4747 magis
3235 4677 3385 4731 eder-

1833 4766 2098 4825 buissent,
2135 4771 2185 4815 et
2224 4778 2253 4817 e
2292 4765 2547 4817 cathedra
2580 4765 2805 4828 furiose,
2836 4776 2889 4820 et
2921 4779 3097 4821 mente
3123 4770 3381 4836 quodam-

1832 4856 1992 4909 modo
2022 4863 2195 4908 emota
2256 4856 2650 4909 surrexissent:
2692 4875 2708 4906 ι
2734 4856 2773 4908 Α
2806 4857 2980 4919 vobis,
3028 4872 3061 4910 0
3116 4865 3378 4917 amentes,

1816 4944 2087 5015 Dionysio
2126 4944 2332 5006 dicunt,
2373 4954 2425 4997 et
2447 4946 2513 4999 iis
2535 4948 2625 5013 qui
2651 4961 2773 4998 cum
2806 4946 2924 5014 ipso
2948 4956 3125 5010 erant,
3147 4948 3220 5002 dii
3250 4964 3377 5002 con-

1833 5038 2163 5094 temnumur,
2197 5043 2248 5088 et
2278 5036 2568 5103 imperator
2606 5036 2893 5090 irridetur:
2927 5044 2980 5091 et
3015 5040 3226 5092 artibus
3267 5054 3375 5091 ma-

1831 5127 1986 5197 gicis,
2021 5125 2241 5195 perinde
2299 5140 2362 5177 ac
2394 5124 2692 5188 miraculis,
2734 5142 2850 5189 eos,
2882 5128 2974 5195 qui
3025 5129 3144 5196 ejus
3192 5138 3379 5196 parent

1833 5217 2077 5285 imperio,
2112 5216 2179 5268 ab
2205 5231 2269 5269 eo
2299 5215 2593 5277 abducitis,
2623 5225 2675 5270 et
2703 5216 2769 5269 ad
2801 5225 3009 5271 vestras
3041 5229 3220 5287 partes
3264 5229 3376 5273 tra-

1830 5307 2063 5362 ducitis?
2087 5326 2104 5356 »
2136 5305 2320 5359 Sancti
2342 5317 2539 5369 autem,
2568 5324 2585 5357 ι
2608 5306 2821 5362 Similes
2852 5308 2929 5362 eis
2953 5307 3101 5370 ﬁant,
3121 5310 3210 5375 qui
3230 5310 3378 5376 ipsos

1829 5400 2034 5462 colunt,
2059 5418 2076 5449 ι
2098 5398 2176 5450 eis
2191 5414 2293 5451 una
2322 5412 2447 5451 voce
2466 5398 2752 5463 dixerunt;
2777 5418 2795 5449 ι
2821 5414 2919 5453 nos
2934 5408 3111 5455 autem
3128 5415 3236 5453 non
3264 5416 3378 5452 ma~

1830 5492 1963 5559 gicis
1995 5491 2225 5551 artibus,
2253 5500 2307 5545 ut
2328 5490 2528 5552 dicitis,
2574 5489 2668 5544 sed
2716 5490 2803 5545 Dei
2856 5492 3028 5544 nostri
3068 5498 3124 5545 et
3179 5492 3376 5545 viviiici

1829 5583 1948 5650 ejus
1980 5582 2213 5651 Spiritus
2247 5582 2583 5636 invocatione
2625 5590 2675 5635 et
2726 5583 3058 5650 Operatione,
3092 5584 3250 5636 caecis
3298 5585 3379 5636 vi-

1820 5679 1971 5738 sum,
2008 5676 2170 5728 nm’tis
2205 5690 2524 5738 sermonem,
2555 5672 2763 5726 claudis
2796 5674 3097 5745 ingressum
3124 5715 3138 5737 ,
3177 5683 3228 5728 et
3266 5672 3377 5728 da:-

1831 5768 2095 5821 moniacis
2139 5768 2437 5833 prce-bemus
2477 5766 2827 5819 curationem.
2874 5765 3111 5830 Quorum
3170 5780 3236 5819 ne
3268 5764 3372 5819 sibi

1827 5895 1919 5939 aut
1950 5884 2298 5941 scribendum
2332 5880 2390 5932 οὐ
2421 5883 2717 5952 κρείττονα.
2751 5877 2902 5933 Ευιτ.
2934 5879 3097 5936 Enn.
