4136 6468
723 381 854 444 1047

2030 380 2314 439 MENSIS
2345 379 2712 442 OCTOBER.

3854 379 3973 445 1048

746 485 962 554 quidem
997 491 1222 553 possunt
1248 483 1407 538 vestri
1429 482 1502 535 dii
1527 481 1815 550 quidquam
1841 482 2096 549 prabere,
2126 491 2180 534 ut
2205 485 2293 551 qui

2413 484 2521 535 ’ὦσι
2553 483 2885 552 προσέχομεν
2917 483 3089 536 ἴασιν·
3133 496 3205 536 ων
3261 487 3375 537 οὐδὲ
3432 488 3645 547 ἑαυτοῖς
3708 487 3862 537 οὐδὲν
3906 490 3948 538 οἱ

748 576 860 631 sint
894 577 1035 645 ligna
1068 583 1119 628 et
1152 574 1373 642 lapides.
1410 572 1479 626 Os
1497 574 1631 625 enim
1656 572 1862 633 habent,
1889 582 2054 625 etnon
2087 574 2299 634 loquun-

750 675 868 718 tur:
907 665 1106 725 oculos,
1132 669 1179 714 et
1213 678 1312 713 non
1338 660 1539 714 vident:
1574 676 1750 721 aures,
1781 669 1826 712 et
1869 676 1972 712 non
2002 659 2222 712 audiunt
2249 659 2298 716 ³.

749 753 928 813 Unum
961 754 1060 806 hoc
1090 753 1262 807 solum
1291 753 1443 805 vobis
1470 751 1732 804 etiiciunt:
1768 751 2066 804 accendunt
2101 752 2296 821 ignem,

747 847 839 916 qui
864 858 1137 913 nunquam
1166 843 1393 896 desinet.
1423 861 1439 892 ι
1466 843 1733 896 Adversus
1756 842 1866 894 haec
1896 856 2015 893 cum
2040 857 2146 894 non
2169 858 2298 910 pos-

753 945 874 993 sent
907 936 1120 1005 tyranni
1155 934 1546 994 contradicere,
1581 941 1730 986 torve
1755 941 1808 986 et
1827 934 2016 986 insane
2039 947 2131 985 eos
2155 934 2300 1000 aspi-

749 1031 977 1093 cientes,
1005 1028 1211 1082 strictis
1239 1023 1432 1095 gladiis
1464 1039 1520 1078 se
1557 1029 1746 1092 parant
1881 1020 1946 1074 ad
2069 1022 2298 1087 caedem;

751 1129 971 1182 etcum,
1012 1128 1266 1186 tanquam
1303 1117 1455 1184 signo
1488 1115 1632 1175 dato,
1666 1127 1760 1167 eos
1801 1112 2113 1166 eduxissent
2153 1119 2302 1165 extra

752 1214 1056 1274 civitatem,
1095 1211 1305 1262 vinctos
1339 1207 1543 1260 ducunt
1591 1205 1654 1258 ad
1699 1203 1968 1272 quoddam
2018 1218 2299 1266 cacumen,

753 1313 805 1358 et
836 1301 1058 1356 tradunt
1097 1299 1403 1360 lictoribus,
1450 1306 1506 1351 ut
1554 1311 1648 1350 eos
1703 1294 2048 1347 interﬁciant.
2099 1293 2304 1347 Interea

756 1399 932 1446 autem
960 1397 1150 1460 petunt
1184 1389 1360 1443 sancti
1398 1397 1610 1455 tempus
1639 1385 1928 1453 precandi,
1961 1383 2180 1438 ﬂectunt
2214 1399 2305 1453 ge-

754 1498 881 1538 nua.
920 1481 1056 1533 Tum
1103 1488 1483 1535 sacrosanctus
1516 1477 1717 1531 Christi
1759 1486 1960 1544 martyr
1996 1474 2302 1544 Dionysius,

754 1574 982 1629 sublatis
1010 1573 1063 1625 in
1095 1571 1290 1625 cmlum
1321 1569 1526 1623 oculis:
1569 1585 1585 1617 ι
1614 1566 1839 1620 Domine
1887 1565 2026 1618 Deus
2061 1565 2307 1633 omnipo-

756 1669 900 1725 tens,
957 1660 1080 1723 Fili,
1137 1661 1331 1728 inquit,
1389 1658 1683 1726 unigenite,
1725 1664 1777 1709 et
1818 1663 2002 1709 sancte
2048 1653 2304 1723 Spiritus,

758 1759 945 1808 sancta
978 1750 1218 1804 Trinitas
1247 1749 1513 1819 principio
1545 1762 1770 1807 carens,
1805 1753 1858 1798 et
1901 1747 1952 1797 in
1996 1760 2154 1812 quam
2203 1761 2306 1797 non

2395 574 2643 644 ὑμέτεροι
2675 572 2804 637 θεοὶ,
2836 573 2929 626 ἅτε
2958 573 3083 636 ξύλα
3109 577 3199 628 καὶ
3227 574 3378 637 λίθοι,
3407 576 3589 628 δοῦναι
3621 577 3947 645 δεδύνηνται·

2395 665 2584 730 Στόμα
2618 664 2725 731 γὰρ
2757 664 2986 729 ἔχουσι,
3021 666 3113 716 καί
3141 668 3214 718 οὑ
3245 666 3559 718 λαλοῦσιν·
3585 666 3950 731 ὀφθαλμοὺς,

2395 754 2490 805 καὶ
2522 755 2592 805 οὐ
2619 752 2991 816 βλέπουσιν-ο
3023 754 3158 818 ὦτα,
3189 757 3283 808 καί
3312 759 3420 808 οὐκ
3464 756 3824 808 ἀκούουσιν.
3867 757 3952 806 Ἐν

2394 844 2547 896 τοῦτο
2577 846 2730 914 μόνον
2753 846 2878 914 ὑμῖν
2907 847 3202 915 ἐνεργοῦσι,
3234 847 3292 898 τὸ
3320 847 3670 916 ἀτελεύτητον
3706 846 3820 916 πῦρ
3836 846 3953 897 άνα-

2397 934 2699 1001 φλέγουσιν.
2729 954 2746 984 ι
2775 935 2991 997 Τούτοις
3019 937 3285 988 ἀντειπεῖν
3324 938 3383 988 ού
3412 936 3739 1006 δυνηθέντες
3779 937 3830 985 οἱ
3870 935 3955 985 τύ-

2397 1039 2594 1094 ραννοι,
2612 1025 2771 1094 δριμύ
2797 1026 2958 1077 τικαὶ
2987 1025 3298 1095 παράλςορον
3327 1028 3403 1088 είς
3426 1027 3620 1087 αὐτοὺς
3654 1025 3950 1084 ὑπιδοντες,

2397 1113 2487 1166 καὶ
2515 1116 2581 1166 τὰ
2612 1115 2732 1185 ξίφη
2758 1116 3108 1184 σπασάμενοι,
3140 1115 3272 1184 πρὸς
3300 1117 3386 1168 τὸν
3416 1117 3570 1184 φόνον
3602 1114 3949 1176 ὁπλίζονται·

2396 1205 2488 1256 καὶ
2521 1204 2582 1273 δὴ
2626 1206 2700 1266 ὡς
2750 1206 2854 1256 ἀπὸ
2907 1206 3127 1276 σημείου
3177 1204 3393 1268 τούτους
3452 1206 3818 1271 ἐξαγαγόντες
3867 1204 3956 1270 τῆς

2398 1294 2623 1357 πόλεως,
2660 1295 2750 1346 ὲπί
2795 1312 2914 1346 τινα
2949 1296 3190 1364 κορυφὴν
3222 1294 3497 1364 δεσμώτας
3545 1297 3834 1362 ἀνάγουσι,
3873 1296 3955 1344 καὶ

2396 1387 2507 1446 τοῖς
2539 1385 2748 1454 δημίοις
2780 1384 2846 1436 τὰ
2880 1386 3013 1456 πρὸς
3065 1384 3274 1455 σφαγὴν
3307 1387 3686 1454 ἐγχειρίζουσι.
3743 1385 3954 1446 Μεταξὺ

2397 1473 2454 1526 δὲ
2489 1474 2673 1544 καιρὸν
2734 1476 2782 1525 οί
2834 1474 2976 1541 ἅγιοι
3026 1473 3236 1525 αἰτοῦσι
3282 1475 3619 1544 προσευχῆς,
3675 1477 3772 1526 καὶ
3837 1477 3952 1541 γόνυ

2399 1565 2682 1618 κλίνουσιν.
2759 1564 2830 1616 Εν
2874 1563 3112 1633 τοσούτῳ
3157 1565 3212 1616 δὲ
3257 1566 3284 1617 ὁ
3332 1565 3659 1635 ίερομάρτυς
3705 1564 3800 1615 τοῦ
3836 1566 3954 1632 Χρι-

2401 1652 2526 1708 στοῦ
2577 1653 2876 1716 Διονύσιος,
2931 1652 2990 1704 τὸ
3053 1652 3203 1722 ὄμμα
3237 1654 3315 1714 είς
3363 1653 3622 1722 οὐρανοὺς
3658 1653 3951 1714 ἀνατείνας·

2406 1761 2424 1794 ι
2455 1743 2694 1801 Δέσποτα
2726 1743 2824 1795 Θεὲ
2858 1744 3253 1814 παντὸκρατορ,
3291 1742 3403 1804 Υἱὲ,
3452 1744 3615 1812 φησὶ,
3656 1744 3954 1811 μονογενὲς,

757 1839 901 1892 cadit
925 1838 1142 1900 divisio,
1177 1837 1392 1904 suscipe
1415 1849 1691 1888 servorum
1721 1842 1938 1887 tuorum
1972 1833 2023 1884 in
2044 1848 2173 1901 pace
2190 1833 2307 1884 ani-

2413 1835 2492 1887 καὶ
2528 1835 2676 1901 ἅγιον
2696 1832 2937 1903 Πνεῦμα,
2961 1833 3130 1904 Τριὰς
3154 1834 3282 1901 ἁγία
3314 1834 3513 1905 άναρχε
3547 1834 3640 1886 καὶ
3676 1835 3954 1905 ἀμέριστε,

755 1945 894 1993 mas,
918 1930 1172 1999 quoniam
1201 1935 1418 1998 propter
1451 1935 1500 1980 te
1523 1933 1694 1979 morte
1726 1925 2008 1978 alliciinur.
2036 1943 2054 1974 ι
2105 1924 2310 1977 Etcum

758 2018 955 2081 sancti,
995 2036 1012 2068 ι
1038 2018 1230 2077 Amen,
1263 2035 1280 2066 ι
1305 2015 1720 2074 acclamassent,
1746 2027 2043 2066 conversus
2066 2011 2129 2063 ad
2157 2011 2312 2063 licto-

758 2125 875 2165 res:
917 2130 933 2160 ι
960 2108 1162 2169 Facite,
1191 2107 1384 2175 inquit,
1417 2103 1560 2181 quod
1593 2103 1691 2155 fuit
1721 2103 1873 2155 vobis
1908 2103 2247 2170 imperatum.
2288 2118 2306 2150 ι

760 2199 836 2252 11ιί
866 2202 1042 2252 autem
1075 2195 1308 2264 primum
1357 2192 1574 2261 quidem
1617 2191 1758 2244 beati
1810 2188 2072 2257 Dionysii,
2121 2187 2313 2240 deinde

758 2285 968 2343 Rustici
1000 2294 1052 2339 et
1075 2283 1370 2338 Eleutherii
1410 2287 1569 2346 caput
1631 2283 1928 2346 amputant.
1981 2275 2082 2329 Sed
2115 2290 2210 2328 nec
2261 2276 2312 2327 in

761 2378 862 2430 hoc
896 2374 1114 2444 quidem
1145 2372 1210 2442 (ο
1236 2370 1490 2439 Dionysi)
1526 2371 1590 2430 is,
1644 2367 1736 2435 qui
1769 2373 1991 2434 propter
2021 2354 2072 2418 te
2122 2378 2315 2431 passus

760 2474 862 2528 est,
898 2465 998 2519 fuit
1043 2464 1242 2517 oblitus
1283 2461 1400 2528 ejus
1443 2460 1534 2527 qui
1565 2465 1786 2526 propter
1831 2457 2003 2524 ipsum
2058 2453 2314 2516 moritur;

763 2557 856 2614 sed
886 2555 1207 2610 miraculum
1236 2553 1398 2606 etiam
1431 2549 1669 2604 ostendit
1695 2548 1747 2600 in
1781 2546 2167 2613 amputatione.
2195 2538 2317 2595 Ete-

763 2652 872 2704 nim
903 2662 1026 2702 cum
1067 2660 1224 2700 suum
1259 2650 1422 2710 caput
1477 2650 1736 2711 tanquam
1789 2636 2006 2705 aliquod
2038 2633 2316 2703 praemium

764 2745 968 2808 martyr
1006 2739 1119 2792 suis
1144 2735 1443 2803 accepisset
1474 2731 1746 2792 manibus,
1799 2728 1998 2779 transit
2045 2725 2109 2776 ad
2141 2738 2318 2776 remo-

765 2831 958 2884 tiorem
988 2829 1186 2882 locum.
1217 2825 1443 2878 Ferebat
1467 2835 1595 2890 ergo
1625 2821 1739 2887 ipse
1781 2825 1940 2885 caput
1967 2816 2018 2867 in
2049 2813 2318 2874 manibus,

768 2928 1022 2990 tanquam
1054 2914 1270 2985 aliquod
1303 2911 1623 2980 trophaeum,
1661 2922 1689 2959 a
1719 2906 1900 2959 divina
1943 2905 2161 2959 omnino
2193 2914 2321 2967 por-

768 2986 912 3064 tatus
941 3009 1135 3079 gratia,
1169 3019 1342 3073 neque
1372 3002 1523 3070 prius
1550 2997 1775 3059 dimisit,
1803 3008 1966 3062 quam
2000 2991 2214 3042 mulieri
2241 2986 2323 3038 di-

771 3097 895 3147 vina
925 3095 1158 3162 quadam
1209 3089 1430 3141 omnino
1481 3097 1776 3137 occurrens
1830 3075 2166 3147 providentia
2197 3113 2213 3138 ,
2269 3075 2323 3127 in

772 3186 917 3239 illius
963 3181 1213 3236 manibus
1252 3174 1534 3246 deposuit,
1566 3171 1731 3226 veluti
1775 3169 2062 3238 quemdam
2106 3167 2325 3219 thesau-

769 3291 907 3329 rum.
928 3271 1189 3326 Jacebant
1219 3277 1396 3322 autem
1427 3263 1670 3332 neglecta
1693 3267 2005 3315 sanctorum
2031 3262 2325 3323 martyrum

769 3363 1073 3420 veneranda
1103 3372 1353 3430 corpora,
1385 3355 1515 3409 feris
1540 3359 1594 3405 et
1624 3351 1814 3402 avibus
1845 3347 1910 3398 ad
1938 3345 2204 3399 edendum
2235 3357 2327 3393 e1-

776 3459 975 3527 posita,
1004 3461 1057 3510 et
1085 3452 1356 3520 necjusta
1405 3443 1626 3514 quidem
1677 3437 1966 3509 sepulturae
2014 3440 2326 3487 consecuta.

846 3629 1087 3684 Lictores
1119 3631 1294 3677 autem
1327 3636 1394 3674 ne
1423 3619 1688 3671 hactenus
1713 3610 1931 3680 quidem
1964 3607 2124 3659 irasci
2154 3604 2347 3657 desie--

777 3728 903 3777 runt
924 3759 938 3778 .
972 3718 1066 3774 scd
1096 3717 1259 3770 etiam
1300 3714 1353 3764 in
1384 3711 1533 3778 ipsas
1563 3705 1748 3758 [urunt
1772 3698 2050 3768 reliquias,
2083 3701 2330 3750 statuen-

779 3824 861 3868 tes
890 3824 981 3864 eas
1006 3809 1058 3861 in
1081 3804 1248 3858 maris
1272 3799 1596 3872 profundum
1617 3794 1900 3864 projicere,
1930 3806 1995 3842 ne
2026 3777 2108 3841 vel
2152 3783 2332 3838 inani-

780 3913 934 3958 mata:
957 3898 1229 3956 ellicerent
1255 3889 1541 3949 miracula,
1570 3895 1622 3938 et
1660 3884 1783 3936 ideo
1827 3878 2164 3932 attrahercnt
2197 3872 2334 3925 mul-

781 4002 864 4045 tos
896 3991 961 4043 ad
1007 3985 1357 4055 agnitionem.
1393 3976 1544 4043 Quod
1578 3975 1757 4036 etiam,
1789 3978 1845 4024 ut
1871 3969 1948 4023 eis
1980 3969 2154 4021 visum
2193 3971 2332 4026 erat,

782 4083 981 4135 factum
1012 4083 1178 4136 esset,
1205 4073 1309 4125 nisi
1336 4072 1436 4124 hoc
1466 4055 1666 4121 malum
1685 4062 1968 4117 consilium
2000 4059 2063 4111 ad
2088 4056 2332 4110 echctum

784 4169 974 4226 deduci
991 4168 1133 4222 Deus
1159 4161 1543 4235 prohibuisset.
1564 4157 1700 4209 Nam
1726 4167 1846 4206 cum
1872 4150 2127 4202 sensisset
2149 4159 2336 4198 eorum

786 4261 1031 4318 consilia.
1065 4271 1126 4310 ea
1159 4269 1276 4322 quae
1305 4251 1598 4319 pretiosum
1630 4243 1882 4312 martyris
1912 4245 2072 4308 caput
2115 4249 2337 4302 accepe-

787 4357 868 4403 rat
887 4346 1122 4418 (mulieri
1148 4358 1342 4396 nomen
1365 4347 1480 4394 erat
1502 4337 1738 4404 Catula),
1761 4340 1994 4385 mentem
2019 4344 2170 4383 suam
2189 4339 2340 4379 com-

787 4415 1390 4492 miinicabatlidelibus,
1425 4437 1484 4482 ut
1533 4426 1640 4480 Deo
1686 4433 1892 4492 gratam
1941 4426 1994 4472 ct
2040 4415 2413 4481 acccptam.D

788 4528 852 4582 Et
886 4543 1007 4581 cum
1039 4520 1374 4594 splendidam
1405 4525 1458 4572 et
1493 4518 1691 4569 lautam
1723 4519 2036 4580 apparasset
2077 4515 2338 4567 mensam,

790 4625 1004 4675 lictores
1036 4618 1240 4684 accepit
1264 4610 1530 4666 convivio.
1562 4605 1780 4660 Interim
1811 4615 1956 4662 vero,
1983 4599 2108 4653 dum
2131 4598 2165 4648 ii
2198 4609 2336 4648 con-

792 4713 988 4767 vivium
1021 4708 1227 4763 inibant
1260 4703 1403 4773 apud
1435 4700 1736 4759 mulierem,
1762 4693 1978 4763 quidam
2012 4705 2075 4742 ex
2102 4687 2342 4739 fidelibus

791 4803 1065 4874 accipiunt
1097 4806 1398 4866 martyrum
1424 4791 1702 4860 reliquias,
1751 4795 1803 4841 et
1846 4799 1938 4838 eas
1984 4777 2339 4834 abscondunt.

792 4897 1010 4956 Deinde.
1043 4893 1191 4955 linito
1223 4887 1492 4945 convivio,
1521 4899 1642 4938 cum
1675 4895 1790 4935 eam
1826 4894 1934 4931 rem
1963 4868 2346 4942 deprehendis-

792 4999 911 5044 sent
939 4989 1175 5046 lictores,
1213 4983 1289 5035 ira
1323 4977 1477 5032 valde
1507 4982 1659 5030 erant
1684 4969 1912 5042 perciti;
1945 4966 2037 5021 scd
2085 4964 2344 5017 fervorem

793 5078 884 5128 ira:
908 5074 1169 5127 sedarunt
1199 5080 1446 5125 munera,
1476 5073 1530 5117 et
1565 5062 1936 5117 vehementem
1969 5053 2208 5106 furorem
2238 5048 2345 5100 dis-

795 5164 953 5219 solvit
981 5162 1174 5216 mulier
1196 5155 1444 5228 pecunia.
1478 5153 1612 5208 Cum
1648 5153 1724 5204 illi
1753 5159 1930 5202 autem
1965 5141 2344 5199 recessissent,

797 5261 850 5311 in
873 5257 1106 5326 quadam
1128 5253 1290 5307 domo
1314 5246 1536 5316 deponit
1557 5245 1746 5298 Catula
1771 5251 2063 5308 martyrum
2096 5230 2350 5299 reliquias

801 5323 959 5405 tertio
988 5346 1187 5400 mensis
1245 5338 1496 5396 Octobris
1521 5376 1536 5399 ,
1692 5326 1962 5386 miraculis
2124 5323 2327 5377 aﬂatim

803 5438 1212 5510 proliuentibus,
1248 5431 1468 5502 perinde
1521 5443 1582 5481 ac
1615 5426 1792 5494 aliquo
1843 5423 1986 5476 fonte
2037 5418 2258 5488 pulchre
2300 5423 2352 5468 et

804 5533 1048 5588 suaviter
1077 5536 1351 5583 manante.
1384 5525 1497 5578 Non
1535 5521 1762 5576 multmn
1811 5512 2069 5584 temporis
2093 5511 2347 5565 interces-

893 5680 918 5725 λ
955 5683 1096 5734 Psal.
1167 5695 1319 5738 C\ll|,
1347 5678 1395 5734 5,
1430 5673 1478 5725 6.

2403 1919 2689 1994 προσδεξαι
2733 1921 2831 1984 τὰς
2878 1922 2983 1973 τῶν
3039 1921 3145 1974 σῶν
3207 1923 3402 1976 δούλων
3449 1927 3506 1976 ὲν
3538 1925 3734 1995 εἰρήνῃ
3768 1923 3955 1991 ψυχάς,

2403 2014 2483 2065 ὅτι
2517 2011 2679 2064 ἕνεκά
2737 2028 2828 2064 σου
2877 2011 3266 2081 θανατούμεθα.
3301 2032 3316 2060 ι
3385 2015 3489 2066 Καὶ
3535 2013 3642 2064 τῶν
3691 2014 3864 2080 ἁγίων
3905 2014 3958 2064 τὸ

2410 2123 2427 2155 ι
2454 2105 2619 2176 Ἀμὴν
2641 2125 2658 2154 ι
2683 2104 3161 2173 ἐπιφωνησάντων,
3184 2103 3445 2173 πρὸςτους
3461 2105 3689 2174 δημίους
3709 2107 3960 2174 ἐπιστρα-

2406 2195 2523 2263 φεὶς
2545 2235 2557 2256 ,
2599 2216 2615 2244 ι
2641 2195 2711 2245 Τὸ
2746 2193 3028 2245 κελευσθὲν
3061 2193 3187 2261 ὑμῖν
3222 2193 3504 2256 ὲκτελεῖτε,
3540 2215 3556 2246 ι
3600 2194 3790 2262 φησίν.
3829 2198 3888 2246 Ui

2408 2284 2597 2354 πρῶτα
2635 2282 2730 2351 μὲν
2762 2279 2859 2350 τὴν
2891 2280 2984 2332 τοῦ
3023 2280 3285 2352 μακαρίου
3321 2281 3612 2341 Διονυσίου,
3650 2276 3773 2332 εἶτα
3820 2282 3962 2331 Ῥου-

2407 2371 2590 2425 στικοῦ
2625 2373 2716 2424 καὶ
2762 2370 3091 2442 Ἐλευθερίου
3156 2371 3471 2440 ὲκτέμνουσι
3519 2370 3781 2438 κειραλὴν.
3836 2369 3961 2419 Ἀλλ’

2405 2463 2520 2514 οὐδὲ
2551 2462 2724 2532 τούτῳ
2780 2461 2892 2524 σοῦ,
2929 2460 3190 2523 Διονύσιε,
3242 2463 3269 2512 ὁ
3300 2460 3385 2512 διὰ
3420 2461 3478 2510 σε
3512 2458 3702 2510 παθὼν
3752 2456 3848 2507 τοῦ
3903 2456 3964 2506 δι’

2406 2554 2565 2606 αὑτὸν
2598 2554 2919 2622 θνήσκοντος
2953 2551 3318 2619 ἐπιλέλησται·
3343 2549 3475 2600 ἀλλά
3495 2555 3546 2599 τί
3582 2549 3676 2598 καὶ
3715 2547 3842 2616 περὶ
3874 2547 3966 2614 τὴν

2408 2645 2642 2715 ἐκτομὴν
2675 2645 2959 2715 τεράστιον
3007 2642 3390 2697 ἐπιδείκνυται.
3437 2640 3544 2692 Καὶ
3578 2640 3687 2710 γάρ
3720 2639 3818 2708 τὴν
3851 2640 3969 2690 ἐαυ-

2406 2737 2501 2790 τοῦ
2555 2734 2812 2804 κεφαλὴν,
2846 2732 3030 2804 ὥσπερ
3074 2749 3126 2784 τι
3163 2731 3429 2802 βραϐεῖον,
3467 2733 3523 2784 ὲν
3555 2732 3678 2782 ταῖν
3737 2731 3913 2799 χεροῖν
3945 2731 3970 2779 ὁ

2413 2828 2619 2897 μάρτυς
2652 2825 2956 2894 δεξάμενος,
3012 2823 3094 2891 ἐφ’
3131 2822 3310 2874 ἰκανὸν
3341 2823 3501 2873 τόπον
3551 2820 3765 2871 δίεισιν.
3808 2819 3966 2883 Ἕτε-

2411 2935 2503 2988 ρεν
2534 2913 2623 2970 οὖν
2655 2919 2751 2986 τὴν
2785 2913 3040 2983 κεφαλὴν,
3076 2913 3321 2981 καθάπερ
3352 2928 3404 2961 τι
3434 2914 3718 2979 τρόπαιον,
3745 2907 3838 2957 ἐπὶ
3870 2905 3974 2956 τῶν

2410 3009 2603 3082 χειρῶν
2634 3007 2816 3068 αὐτὸς,
2841 3006 2944 3056 ὑπὸ
2976 3005 3124 3064 θείας
3159 3002 3369 3062 πάντως
3403 3000 3698 3070 φερόμενος
3734 3000 3972 3069 χάριτος,

2413 3099 2504 3151 καὶ
2537 3097 2596 3150 ού
2633 3096 2893 3167 πρότερον
2946 3094 3133 3164 ἀνῆκε,
3187 3093 3315 3162 πρὶν
3351 3092 3438 3144 ὅτε
3470 3090 3533 3161 δὴ
3581 3091 3808 3157 γυναικὶ
3844 3091 3977 3142 κατὰ

2348 3165 2559 3240 (Ῑθείαν
2593 3165 2812 3249 πάντως
2839 3182 3171 3254 συνενεχθεὶς
3219 3183 3469 3252 πρόνοιαν
3532 3180 3753 3246 ἐκείνης
3810 3178 3979 3233 παλά-

2417 3294 2562 3346 μαις,
2596 3272 2681 3329 οἷά
2741 3292 2859 3326 τινα
2923 3274 3224 3342 θησαυρὸν,
3261 3271 3566 3325 ἐναπέθετο.
3607 3271 3868 3322 Ἐκειντο
3929 3269 3981 3321 δὲ

2414 3368 2754 3438 ἀμελούμενα
2785 3365 2851 3418 τὰ
2883 3365 2990 3417 τῶν
3025 3365 3192 3432 ἁγίων
3231 3362 3518 3434 μαρτύρων
3551 3362 3714 3429 τίμια
3738 3361 3982 3429 -σώματα

2415 3459 2575 3532 θηρσὶ
2610 3459 2741 3531 βορὰ
2777 3458 2867 3511 καὶ
2890 3457 3093 3529 ὀρνέοις
3145 3453 3493 3528 προκείμενα,
3535 3451 3671 3522 μηδὲ
3699 3451 3801 3521 τῆς
3837 3467 3978 3503 νενο-

2419 3565 2512 3618 μισ
2519 3549 2682 3618 μένης
2713 3547 2941 3616 λαχόντα
2972 3544 3168 3614 ταφῆς.

2487 3640 2548 3690 Οἱ
2585 3638 2764 3708 μέντοι
2805 3637 2986 3706 δήμιοι
3049 3637 3166 3688 οὐδὲ
3217 3635 3375 3705 μέχρι
3435 3630 3628 3684 τούτου
3679 3629 3786 3698 τῆς
3821 3627 3984 3698 ὀργῆς

2417 3730 2664 3801 ἔστησαν·
2701 3728 2831 3782 ἀλλὰ
2861 3729 2953 3780 καὶ
2984 3729 3093 3789 τοῖς
3143 3725 3406 3794 λειψάνοις
3453 3724 3632 3784 αὐτοῖς
3668 3721 3986 3790 ἐπιμαίνονο

2417 3841 2526 3886 ται,
2563 3822 2803 3892 Θαλάσσῃ
2831 3820 3012 3873 δοῦναι
3046 3819 3135 3871 καὶ
3173 3817 3315 3887 βυθῷ
3369 3813 3850 3886 προθυμούμενοι,
3913 3814 3984 3875 ὡς

2419 3913 2483 3965 ἂν
2522 3911 2593 3981 μὴ
2625 3911 2722 3973 τὰς
2757 3909 2942 3971 αὑτάς,
2980 3909 3069 3960 καὶ
3122 3908 3302 3976 ἄψυχα
3336 3905 3484 3965 ὄντα,
3537 3902 3986 3973 θαυματουργίας

2422 4002 2776 4065 ἐνδείξαιντο,
2843 3997 3131 4052 κάντεῦθεν
3175 3995 3365 4058 ἕλξωσι
3397 3995 3518 4054 τοὺς
3573 3994 3804 4054 πολλοὺς
3858 3992 3986 4061 πρὸς

2422 4093 2731 4160 ἐπίγνωσιν.
2778 4089 2840 4141 ’Ὀ
2886 4087 2968 4156 δὴ,
3006 4085 3078 4147 ὡς
3113 4084 3292 4144 αὐτοῖς
3343 4079 3502 4142 ἔδοξε,
3558 4079 3787 4144 γέγονεν
3823 4079 3908 4136 ἂν,
3944 4079 3986 4126 εἰ

2427 4185 2500 4251 μὴ
2533 4185 2598 4250 τῇ
2639 4180 2844 4248 πονηρᾷ
2876 4177 3049 4244 ταύτῃ
3085 4175 3252 4246 πέρας
3286 4167 3639 4238 ἐπενεχθῆναι
3690 4166 3857 4234 βουλῇ
3891 4165 3988 4216 διε-

2426 4241 2662 4323 αωλυσεν
2694 4271 2721 4318 ὁ
2939 4241 3236 4330 Αἰσθομενη
3290 4260 3393 4330 γὰρ
3426 4258 3516 4310 τοῦ
3554 4241 3926 4327 βουλεύματος
3959 4256 3988 4324 ἡ

2426 4363 2523 4434 τὴν
2555 4360 2738 4429 τιμίαν
2766 4356 2842 4426 τῷ
2875 4355 2991 4424 Θεῴ
3043 4352 3277 4422 κεφαλὴν
3322 4351 3584 4420 δεξαμένη
3641 4350 3839 4417 (ὄνομα
3887 4350 3990 4401 Κα-

2427 4455 2587 4508 τούλα
2618 4456 2683 4524 τῇ
2718 4450 2953 4520 γυναικί)
2990 4446 3258 4502 κοινοῦταί
3308 4461 3427 4496 τινα
3459 4447 3570 4504 τοῖς
3605 4443 3824 4502 πιστοῖς
3859 4442 3990 4506 γνώ-

2433 4564 2536 4616 μην
2567 4546 2640 4607 ὼς
2672 4540 2902 4612 ἀρεστὴν
2963 4539 3042 4608 τῷ
3097 4537 3212 4606 Θεῷ
3277 4535 3366 4588 καὶ
3401 4532 3716 4586 ἀπόδεκτονο
3767 4532 3864 4582 καὶ
3900 4546 3990 4580 πο-

2429 4638 2619 4706 λυτελῆ
2653 4632 2998 4705 παραθεμένη
3032 4631 3128 4700 τὴν
3161 4625 3454 4696 τράπεζαν,
3489 4625 3568 4685 είς
3599 4623 3841 4692 εὐωχίαν
3875 4623 3991 4682 τοὺς

2429 4727 2649 4799 δημίους
2712 4723 3034 4795 παρέλαϐεν.
3103 4721 3188 4773 Ἐν
3220 4721 3328 4789 ὅσῳ
3389 4719 3442 4771 δὲ
3505 4713 3648 4770 οὗτοι
3717 4715 3994 4766 είστιῶντο

2433 4819 2582 4890 παρὰ
2614 4822 2680 4888 τῇ
2714 4816 2962 4886 γυναικὶ,
3026 4813 3133 4867 τῶν
3165 4813 3368 4866 πιστῶν
3419 4826 3562 4871 τινες
3592 4807 3664 4861 τά
3697 4807 3861 4876 τίμια
3892 4805 3994 4857 τῶν

2437 4910 2723 4982 μαρτύρων
2757 4905 3190 4976 ὑπολαμὸάνουσι
3220 4905 3443 4971 λείψανα
3479 4901 3571 4953 καὶ
3603 4901 3661 4951 ὲν
3694 4897 3777 4967 τῷ
3805 4897 3997 4964 ἀφανεῖ

2435 5003 2828 5057 κατατίθενται.
2864 4996 3013 5063 Εἶτα,
3047 4999 3142 5069 τῆς
3176 4995 3404 5065 εὐωχίας
3435 4991 3780 5058 διαλυθείσης
3805 5030 3821 5053 ,
3889 4991 3993 5048 τῶς

2436 5097 2644 5164 δημίοις
2676 5095 2736 5147 τὸ
2769 5092 2998 5161 πρᾶγμα
3048 5087 3356 5158 φωράσασιν
3389 5085 3480 5136 ἐπὶ
3515 5083 3658 5152 μέγα
3691 5081 3788 5134 καὶ
3843 5079 3994 5131 πάλιν

2437 5189 2731 5239 ἀνεκινεῐτο
2762 5182 2828 5236 τά
2860 5181 2954 5234 τοῦ
2989 5179 3155 5249 θυμοῦ
3194 5178 3284 5230 καὶ
3317 5173 3738 5244 διεθερμαίνετο⁶
3941 5169 3994 5221 τὸ

2439 5278 2536 5347 τῆς
2569 5277 2732 5347 ὀργῆς
2765 5272 2882 5337 ζέον
2923 5272 2991 5324 τά
3023 5269 3168 5340 δῶρα
3200 5264 3484 5333 κατέψυξε,
3520 5261 3612 5314 καὶ
3643 5261 3705 5315 τὸ
3742 5262 3878 5313 πολὺ
3910 5259 3994 5313 τοῦ

2441 5366 2608 5436 θυμοῦ
2641 5368 2908 5436 χρήμασιν
2941 5362 2974 5431 ἡ
3009 5359 3141 5428 γυνὴ
3177 5353 3453 5425 παραλύει.
3506 5351 3794 5404 Κάκείνων
3845 5351 3996 5404 dmi-

2443 5459 2728 5525 λαγὲντων,
2765 5454 2819 5506 ἐν
2849 5470 2952 5505 τινι
2985 5453 3053 5505 τά
3103 5449 3208 5502 τῶν
3245 5446 3532 5518 μαρτύρων
3576 5445 3810 5513 λείψανα
3847 5447 3880 5514 ἡ
3917 5462 3997 5513 μα·

2447 5547 2606 5618 καρία
2640 5541 2886 5597 Κατούλα
2943 5541 3212 5610 δομήματι
3267 5531 3605 5604 κατατίθησι,
3663 5533 3862 5605 τρίτην
3913 5533 3996 5585 τοῦ
