4136 6482
116 462 250 527 1049

1358 449 1534 511 νιτΑ
1580 447 1641 507 S.
1680 442 1988 505 ANDRON
2002 440 2118 500 lCI.

3221 425 3354 487 1050

106 568 408 638 ὀκτωδρίου
461 564 629 636 μηνὸς
676 560 924 629 ἄγοντος.
979 559 1103 612 Τῶν
1150 558 1207 610 δὲ
1257 557 1563 626 Θαυμάτων
1603 550 1690 608 οἷά
1720 566 1756 617 Α

1845 561 1894 615 t,
1944 559 1999 604 et
2047 543 2433 601 convenientes
2474 539 2753 596 christiani
2802 537 3056 606 templum
3103 535 3353 605 gloriosis

108 678 252 723 τινος
304 660 486 727 πηγῆς
523 654 660 724 ὁμοῦ
713 653 949 721 ναούσης
992 651 1085 705 καὶ
1134 649 1392 719 ἥδιστον,
1438 648 1687 716 ἀφθόνως

114 751 531 823 προχιομὲνων,
590 748 651 801 οὔ
709 745 846 798 πολὺ
897 744 959 796 τὸ
1006 746 1066 796 ιν
1131 742 1282 811 μέσῳ
1336 739 1689 803 συνελθόντες

112 840 433 915 Χριστιανοὶ
472 842 596 893 ναὸν
633 840 746 901 τοῖς
787 836 1115 897 καλλινίκοες
1167 833 1518 903 ἀνεγείρουσι
1542 871 1556 893 ,
1598 830 1692 883 καὶ

113 935 185 988 τὰ
222 936 380 1004 τίμια
414 933 620 986 τούτων
653 932 711 982 ἐν
750 927 900 996 αὐτῷ
940 926 1267 980 ἁποτιθέασι
1316 923 1583 990 ladan-
1613 922 1693 981 ei;

1791 646 2027 699 excitant
2060 638 2375 697 victoribus,
2431 646 2482 689 et
2512 634 2562 686 in
2594 631 2709 701 ipso
2738 644 2923 683 eorum
2967 628 3235 697 pretiosas
3262 628 3355 678 de-

1795 745 1999 806 ponunt
2026 731 2277 800 reliquias
2302 746 2316 783 :
2344 728 2409 782 ad
2433 726 2655 797 gloriam
2696 723 2787 776 Dei
2826 721 3026 783 Patris,
3056 730 3111 773 et
3140 718 3350 771 Domini

1798 826 1967 882 nostri
1995 824 2119 878 .lesu
2146 821 2343 876 Christi
2375 836 2389 872 :
2425 833 2583 887 quem
2620 816 2774 869 decet
2800 814 2976 866 honor
3009 821 3062 864 et
3090 810 3355 872 adoratio,

1800 933 1939 972 nunc
1965 927 2018 969 et
2043 929 2277 983 semper,
2307 921 2360 966 et
2394 912 2444 963 in
2476 910 2672 965 saecula
2705 905 3050 961 saeculorum.
3077 903 3267 955 Amen.

115 997 293 1094 δόξαν.
318 1030 454 1083 Θεοῦ
495 1026 745 1095 Πατρδς,
808 1026 907 1076 καὶ
962 1022 1169 1093 Κυρίου
1204 1019 1368 1089 ἡμῶν
1422 1016 1604 1088 Ἰησοῦ·
1648 1013 1927 1085 Χριστοῦ,
1990 1006 2034 1080 ᾧ
2073 1013 2271 1082 πρέπει
2327 1008 2463 1079 τιμὴ
2519 1008 2612 1061 καὶ
2677 1002 3048 1073 προσκύνησις
3098 999 3175 1062 εις
3230 997 3360 1059 τοὺς

117 1122 342 1186 αἰῶνας.
394 1124 585 1191 Ἀμήν.

131 1243 3332 1288 MM

1052 1263 2771 1279 ____________________i,

788 1441 1249 1599 VlTA
1349 1443 1509 1595 S.
1672 1435 2715 1591 ANDBONICI

1049 1732 1219 1839 ET
1298 1726 1639 1842 EJUS
1725 1721 2452 1839 CONJUGIS.

130 1957 302 2021 (Apud
342 1956 541 2007 Savium
595 1951 653 2000 ad
691 1950 823 1999 diem
861 1949 921 1999 τι
959 1942 1253 2021 Ξθδτυπξίξ
1282 1936 2770 2021 ﬁrmevel:-933}?degenerare:t..€?sli..¥2"3"dm‘
2813 1935 2969 1986 "ium
3028 1935 3077 1984 ε·
3112 1930 3371 1984 mm“

956 1984 1223 2062 6.3.3.;"91'
1237 1984 1787 2057 ὶὲιίἔὲἱὶῐῶειῖΐὲἷ
1801 1984 2011 2051 signa;
2022 1984 2091 2050 ἑά
2105 1984 2237 2049 ὀίὲῶ
2250 1984 2296 2047 '9
2318 1984 2553 2048 octona.
2571 1999 2588 2062 )

210 2345 255 2399 1.
297 2343 357 2397 in
387 2342 578 2397 diebus
617 2338 907 2393 Theodosii
961 2336 1135 2407 Magni
1185 2337 1548 2407 imperatoris,
1598 2348 1714 2393 erat
1740 2343 1790 2402 Α
1818 2354 1991 2409 usque
2012 2337 2081 2393 ad
2114 2338 2303 2391 horam
2335 2343 2583 2397 sextam:
2626 2343 2681 2389 et
2722 2348 3000 2396 reversus,
3036 2331 3186 2385 audit
3213 2330 3379 2405 ejula—

138 2435 197 2489 in
228 2446 422 2503 magna
476 2430 609 2484 urbe
658 2428 944 2483 Antiochia
993 2427 1211 2495 juvenis
1259 2428 1475 2497 quidam
1519 2445 1713 2499 argen-

141 2523 340 2588 tarius,
368 2520 588 2575 nomine
617 2517 979 2573 Andronicus.
1018 2518 1243 2586 Accepit
1281 2528 1460 2573 autem
1492 2535 1712 2573 uxorem

144 2614 312 2669 filiam
342 2611 654 2683 argentarii,
700 2609 919 2664 nomine
967 2607 1217 2663 Joannis.
1266 2608 1396 2664 Erat
1433 2625 1559 2662 vero
1599 2610 1717 2679 ejus

144 2720 351 2761 nomen
389 2703 704 2760 Athanasia.
740 2704 865 2755 Erat
900 2700 1259 2756 enimrevera
1302 2701 1619 2762 Athanasia,
1666 2702 1717 2756 id

146 2804 255 2864 est,
286 2794 702 2859 immortalis,et
726 2794 902 2857 factis,
921 2801 976 2847 et
1002 2793 1349 2862 cogitatione.
1382 2795 1511 2847 Erat
1540 2804 1719 2848 autem

148 2886 498 2942 Andronicus
527 2884 682 2939 valde
730 2884 871 2953 pius,
924 2892 978 2937 et
1018 2885 1212 2952 plenus
1247 2883 1406 2938 bonis
1445 2884 1719 2953 Operibus.

150 2978 419 3034 Similiter
475 2991 603 3032 vero
654 2975 775 3046 ejus
829 2990 1047 3046 quoque
1107 2990 1288 3028 uxor:
1347 2985 1506 3029 erant
1544 2985 1721 3028 autem

149 3069 309 3125 valde
341 3067 555 3124 divites.
590 3065 679 3122 Sic
706 3081 837 3122 vero
872 3067 1031 3121 vitam
1074 3081 1224 3120 suam
1263 3065 1493 3137 agebant
1534 3079 1727 3135 argen-

152 3160 369 3227 tariam,
393 3170 448 3215 et
475 3159 757 3214 facultates
792 3173 916 3213 suas
944 3159 1246 3213 diviserunt
1277 3161 1331 3212 in
1370 3168 1479 3213 tres
1510 3166 1725 3226 partes:

153 3269 320 3309 unam
354 3251 572 3323 quidem
617 3252 671 3304 in
707 3249 975 3304 ratio'nem
1016 3265 1341 3319 pauperum,
1373 3258 1428 3303 et
1459 3250 1617 3303 aliam
1673 3249 1730 3303 in

154 3344 427 3399 rationem
452 3340 864 3404 monachorum,
897 3348 952 3394 et
972 3339 1131 3394 aliam
1172 3339 1229 3394 in
1263 3341 1526 3395 rationem
1560 3339 1732 3393 facul-

157 3444 331 3493 tatum
361 3443 418 3490 et
448 3432 696 3489 oﬂlcinz.
744 3428 1011 3488 Universa
1056 3441 1235 3487 autem
1276 3432 1467 3487 civitas
1517 3431 1735 3487 amabat

156 3527 443 3583 dominum
470 3525 841 3580 Andronicum
875 3532 1097 3593 propter
1131 3524 1249 3592 ejus
1280 3523 1624 3578 modestiam.

227 3618 297 3675 ll.
337 3616 607 3691 Cognovit
636 3624 819 3671 autem
856 3630 1011 3670 suam
1047 3612 1308 3684 uxorem;
1340 3625 1396 3671 et
1432 3632 1555 3671 cum
1601 3631 1733 3670 con-

160 3678 449 3782 cepisset:
494 3708 705 3777 peperit
758 3706 963 3774 lilium,
1025 3717 1080 3763 et
1132 3709 1555 3763 nominaverunt
1611 3722 1733 3761 eum
1767 3678 1812 3738 Β

158 3801 448 3857 Joannem.
478 3797 613 3854 Cum
664 3814 795 3853 vero
843 3799 1021 3853 adhuc
1069 3798 1123 3851 in
1160 3807 1313 3851 utero
1368 3796 1733 3866 concepisset,

162 3890 374 3962 peperit
407 3889 590 3954 tiliam,
642 3897 695 3945 et
742 3888 1044 3943 nominavit
1087 3901 1206 3941 eam
1261 3884 1507 3950 Mariam,
1561 3900 1737 3954 neque

162 3979 399 4049 amplius
435 3976 893 4049 apprOpinquavit
944 3976 1099 4029 uxori
1130 3976 1496 4030 Andronicus.
1539 3976 1739 4029 Confe-

164 4074 316 4127 rebat
346 4078 527 4124 autem
559 4084 716 4123 suum
751 4066 987 4122 studium
1013 4069 1077 4124 ad
1103 4068 1393 4137 diligenter
1415 4078 1467 4121 et
1492 4067 1740 4121 lubenter

162 4156 549 4223 laborandum,
577 4176 699 4214 cum
735 4158 853 4212 aliis
888 4158 1088 4213 Christi
1139 4159 1445 4215 amantibus
1490 4167 1742 4229 argenta-

167 4256 282 4308 riis.
341 4251 626 4307 Dominico
678 4259 733 4304 et
781 4250 867 4304 die
921 4251 1163 4305 secundo
1218 4258 1274 4303 et
1321 4259 1519 4319 quarto
1580 4257 1632 4302 et
1686 4248 1739 4300 in

168 4345 497 4408 Parasceve,
554 4359 582 4396 a
624 4358 845 4413 vespera
900 4358 1068 4411 usque
1134 4343 1199 4396 ad
1253 4344 1577 4397 matutinum
1631 4338 1744 4391 ibat

164 4436 512 4491 Andronicus
542 4428 605 4488 ad
645 4435 901 4489 lavandos
946 4436 1091 4487 viros
1134 4449 1264 4488 suus
1315 4434 1535 4487 fratres.
1583 4432 1741 4485 Simi-

167 4526 293 4581 liter
345 4534 528 4579 autem
586 4524 702 4594 ejus
753 4536 969 4591 quoque
1018 4539 1153 4577 uxor
1199 4522 1267 4577 ad
1308 4523 1568 4577 lavandas
1616 4523 1734 4574 dili-

169 4627 360 4689 genter
419 4616 695 4671 mulieres.
767 4613 895 4669 Post
958 4623 1173 4685 tempus
1248 4632 1378 4671 vero
1452 4612 1741 4668 duodecim

169 4722 461 4769 annorum,
505 4707 745 4776 ingressa
793 4714 875 4763 est
920 4708 1156 4775 quodam
1190 4707 1278 4761 die
1323 4721 1483 4763 mane
1525 4707 1743 4761 domina

171 4798 464 4853 Athanasia
492 4812 521 4850 a
552 4796 851 4851 voluntario
886 4796 976 4851 illo
1005 4798 1189 4852 labore
1226 4799 1290 4853 ad
1326 4798 1589 4853 videndos
1618 4811 1744 4849 suos

174 4887 331 4952 lilios,
364 4895 421 4941 et
444 4885 651 4939 invenit
682 4899 774 4940 eos
796 4884 1154 4953 suspirantes.
1185 4886 1274 4940 illa
1302 4896 1485 4941 autem
1524 4896 1749 4940 contur-

174 4980 297 5036 bata
364 4976 612 5032 ascendit
642 4977 696 5029 in
744 4976 941 5031 lectum
994 4991 1180 5043 suum,
1227 4987 1281 5031 et
1328 4978 1509 5048 posuit
1560 4978 1747 5031 ambos
1775 5014 1819 5075 Ο

175 5085 337 5143 supra
380 5076 570 5140 pectus
613 5082 792 5123 suum.
844 5070 1042 5123 Beatus
1096 5083 1225 5123 vero
1266 5068 1617 5125 Andronicus
1665 5069 1749 5121 in-

114 5158 117 5159 ⁷
179 5176 423 5235 gressus,
479 5159 647 5229 cmpit
698 5159 931 5214 clamare
982 5162 1037 5214 in
1088 5174 1309 5214 uxorem
1351 5175 1550 5226 suam,
1605 5159 1749 5229 quod

180 5255 405 5309 multum
447 5252 730 5307 dormiret.
780 5250 872 5306 illa
918 5264 1100 5309 autem
1158 5254 1340 5307 dixit:
1393 5251 1515 5308 Noli
1566 5252 1749 5317 irasci,

181 5348 394 5403 domine
424 5346 521 5409 mi,
571 5344 720 5414 pueri
766 5345 912 5400 enim
962 5357 1089 5400 sunt
1139 5345 1350 5401 inﬁrma
1391 5345 1750 5401 valetudine:

183 5448 235 5493 et
274 5452 397 5494 cum
442 5438 729 5507 tetigisset,
786 5438 993 5490 invenit
1042 5453 1137 5491 eos
1174 5439 1344 5491 teneri
1398 5456 1430 5493 a
1482 5438 1653 5498 febre,
1698 5443 1752 5489 et

184 5525 309 5581 dicit
346 5524 630 5595 suspirans
662 5542 677 5579 :
715 5524 831 5580 Fiat
873 5525 1127 5581 voluntas
1172 5527 1264 5580 Dei
1300 5545 1312 5579 :
1352 5540 1410 5583 et
1446 5527 1548 5580 ivit
1594 5536 1748 5580 extra

185 5617 472 5680 civitatem,
504 5617 571 5671 ad
622 5618 948 5687 precandum
998 5626 1249 5673 sanctum
1292 5617 1595 5674 Julianum.
1637 5617 1752 5673 Illic

187 5709 318 5764 enim
372 5710 625 5779 iacebant
683 5713 801 5780 ejus
856 5720 1129 5780 parentes.
1191 5707 1315 5763 Fuit
1383 5718 1569 5768 autem
1642 5708 1749 5764 illic

249 5850 266 5883 ⁸
293 5847 395 5905 Job
430 5865 467 5912 ι.
501 5846 592 5901 21.

1818 2439 1929 2484 tum
1977 2438 2030 2485 et
2077 2428 2390 2492 tumultum,
2442 2427 2531 2495 qui
2566 2425 2731 2479 fiebat
2772 2424 2913 2477 domi
2952 2439 3082 2475 suae.
3127 2422 3217 2476 Ille
3256 2439 3383 2476 vero

1818 2522 2173 2576 conturbatus
2210 2518 2472 2580 cucurrit,
2502 2527 2555 2571 et
2598 2517 2801 2570 invenit
2841 2530 3056 2569 omnem
3108 2515 3221 2569 fere
3255 2516 3387 2569 civi-

1821 2621 1985 2666 tatem
2015 2611 2161 2666 domi
2187 2626 2301 2664 sua:
2328 2622 2381 2665 et
2415 2626 2610 2681 pueros
2638 2620 2898 2665 mortuos.

1890 2702 1981 2757 lll.
2043 2702 2290 2771 Cumque
2356 2703 2582 2757 vidisset
2635 2702 2870 2757 infantes
2927 2702 2979 2755 in
3030 2704 3169 2757 lecto
3228 2699 3391 2755 simul

1819 2795 2083 2866 jacentcs,
2121 2794 2399 2864 ingressus
2432 2794 2482 2847 in
2518 2809 2673 2847 suum
2706 2794 2999 2847 oratorium
3022 2836 3036 2855 ,
3071 2808 3129 2847 se
3170 2791 3395 2861 projecit

1824 2896 1950 2941 ante
1990 2886 2363 2951 Servatorem,
2395 2893 2448 2938 et
2481 2884 2616 2939 ilens
2659 2884 2830 2938 dixit‘
2864 2900 2876 2936 :
2923 2902 2940 2935 ‹
2977 2884 3097 2953 Ipse
3147 2896 3396 2955 egressus

1827 2995 1945 3032 sum
1988 2977 2167 3031 nudus
2200 2993 2263 3030 ex
2321 2988 2472 3031 utero
2518 2975 2707 3030 matris
2753 2990 2907 3041 meat,
2954 2976 3133 3029 nudus
3184 2990 3399 3044 quoque

1829 3071 1954 3125 illuc
1986 3072 2248 3124 revertar.
2299 3070 2561 3124 Dominus
2596 3069 2767 3132 dedit,
2820 3069 3082 3123 Dominus
3133 3068 3396 3123 abstulit:

1830 3164 1970 3219 sicut
2021 3160 2250 3215 Domino
2284 3162 2463 3215 visum
2512 3169 2617 3226 est,
2667 3162 2737 3213 ita
2790 3160 2902 3214 fiat.
2942 3160 3023 3214 Sit
3064 3176 3258 3214 nomen
3302 3158 3404 3212 Do-

1832 3254 1965 3311 mini
1996 3252 2344 3308 benedictum
2410 3267 2475 3306 ex
2516 3252 2619 3307 hoc
2650 3266 2796 3305 nunc
2836 3260 2890 3306 et
2928 3266 3099 3321 usque
3152 3251 3204 3304 in
3236 3265 3405 3304 saecu-

1834 3346 1969 3399 lum.
2017 3362 2036 3395 ι
2076 3342 2225 3397 Uxor
2283 3352 2467 3397 autem
2511 3344 2629 3414 ejus
2665 3344 2939 3413 qua‘rebat
2997 3358 3056 3397 se
3117 3342 3401 3405 suffocare,

1834 3438 2064 3493 dicens:
2124 3433 2323 3490 Moriar
2365 3451 2489 3489 cum
2548 3436 2682 3489 meis
2736 3434 2881 3488 filiis.
2953 3434 3218 3489 Convenit
3277 3451 3405 3488 vero

1838 3530 2092 3585 universa
2120 3529 2311 3583 civitas
2342 3527 2407 3582 ad
2438 3526 2749 3582 eﬂerendos
2782 3541 3003 3597 pueros,
3032 3527 3167 3582 adeo
3198 3536 3256 3581 ut
3297 3526 3408 3580 illic

1840 3630 1981 3676 esset
2042 3620 2348 3689 patriarcha
2400 3632 2521 3672 cum
2582 3629 2693 3673 toto
2746 3618 2895 3672 clero
2945 3633 3064 3685 suo.
3122 3618 3225 3672 Eos
3281 3633 3407 3673 vero

1840 3707 2211 3775 deposuerunt
2254 3706 2307 3758 in
2340 3705 2595 3775 martyrio
2632 3703 2800 3759 sancti
2833 3704 3027 3758 Juliani
3070 3722 3233 3774 supra
3278 3721 3409 3760 avos

1839 3814 1987 3853 suos.
2017 3798 2305 3866 Accipiens
2329 3807 2507 3855 autem
2536 3798 2751 3851 beatum
2794 3798 3161 3851 Andronicum
3200 3799 3410 3866 episco-

1842 3904 1961 3960 pus.
2000 3890 2274 3959 ingressus
2306 3897 2388 3942 est
2416 3888 2469 3941 in
2503 3887 2645 3942 ades
2692 3889 2829 3956 ejus.
2868 3888 3016 3941 lllius
3058 3898 3237 3942 autem
3276 3904 3413 3941 uxor

1842 3982 2014 4037 noluit
2066 3981 2215 4035 abire
2279 3980 2333 4033 in
2388 3980 2608 4034 domum
2667 3994 2855 4044 suam,
2922 3980 3015 4034 sed
3079 3979 3299 4034 dormiit
3360 3980 3411 4031 in

1842 4074 2116 4143 martyrio.
2152 4072 2325 4125 Media
2377 4087 2502 4125 vero
2556 4083 2717 4125 nocte
2766 4084 2988 4142 apparet
3033 4074 3080 4127 ei
3127 4082 3327 4142 martyr
3360 4070 3411 4124 in

1845 4164 2030 4219 habitu
2065 4162 2343 4229 monachi,
2378 4164 2567 4216 dicens
2601 4162 2648 4214 ei
2680 4161 2824 4216 :Cur
2860 4179 2965 4215 non
3001 4163 3133 4217 sinis
3174 4178 3289 4222 cos.
3321 4164 3413 4230 qui

1845 4257 1933 4310 hic
1971 4266 2118 4320 sunt,
2172 4254 2550 4329 requiescere?
2604 4252 2698 4307 Illa
2740 4262 2922 4306 autem
2967 4252 3142 4307 dixit:
3190 4252 3417 4307 Domine

1845 4347 1938 4409 nti,
1994 4362 2058 4399 ne
2112 4345 2242 4399 mihi
2301 4346 2576 4408 irascaris,
2638 4359 2762 4398 nam
2821 4359 2937 4397 sum
2992 4345 3146 4399 valde
3198 4344 3418 4397 amicta.

1848 4436 2115 4491 Habebam
2148 4445 2330 4490 autem
2369 4436 2505 4490 duos
2537 4435 2681 4488 solos
2716 4433 2882 4496 ﬁlios,
2924 4442 2978 4486 et
3029 4432 3188 4487 hodie
3232 4433 3421 4485 ambos

1845 4526 2003 4579 simul
2035 4528 2223 4579 extuli.
2260 4526 2351 4578 Ille
2387 4541 2515 4579 vero
2540 4525 2708 4578 dicit:
2743 4522 2886 4589 Quot
2912 4538 3085 4576 annos
3128 4523 3234 4575 nati
3268 4534 3425 4576 erant

1848 4615 1922 4669 tui
1961 4616 2152 4683 pueri?
2184 4615 2275 4672 Illa
2322 4630 2452 4670 vero
2498 4614 2631 4668 dicit
2665 4613 2715 4667 ei
2749 4630 2760 4664 :
2797 4612 2951 4667 Unus
2979 4620 3094 4665 erat
3137 4611 3420 4665 duodecim

1847 4723 2019 4764 annos
2057 4719 2238 4773 natus,
2300 4708 2443 4761 alter
2496 4720 2624 4757 vero
2660 4704 2867 4757 decem.
2926 4703 3019 4756 ille
3063 4711 3243 4757 autem
3294 4702 3427 4757 dicit

1851 4801 1901 4856 ei
1936 4800 2083 4856 :Cur
2116 4801 2281 4871 igitur
2326 4799 2448 4854 illos
2480 4796 2681 4853 deﬂes?
2714 4796 2930 4851 Utinam
2954 4794 3181 4850 deﬂeres
3204 4803 3425 4864 peccata

1852 4903 1959 4948 tua.
1996 4894 2124 4948 Dico
2156 4894 2303 4948 enim
2340 4894 2456 4958 tibi,
2494 4892 2704 4952 mulier,
2738 4891 2880 4959 quod
2923 4889 3195 4958 quomodo
3230 4895 3423 4941 natura

1853 4986 2087 5040 hominis
2116 4986 2286 5057 exigit
2329 4986 2529 5048 cibum,
2574 4993 2629 5036 et
2673 4981 2787 5037 fieri
2820 4995 2929 5036 non
2981 4987 3181 5051 potest,
3219 4987 3275 5033 ut
3312 4993 3420 5031 non

1852 5078 2009 5132 detur
2032 5076 2099 5130 ad
2133 5076 2554 5139 couwdendum,
2604 5075 2676 5127 ita
2707 5074 2871 5128 etiam
2911 5072 3065 5141 pueri
3110 5074 3163 5124 in
3210 5071 3297 5123 illo
3336 5071 3425 5125 die

1855 5176 2088 5237 poscunt
2135 5182 2167 5221 a
2220 5167 2441 5222 Christo
2490 5166 2632 5220 bona
2682 5165 2884 5226 futura,
2940 5163 3231 5218 dicentes:
3275 5160 3427 5215 δαείη

1854 5258 2047 5321 Judex,
2092 5259 2321 5328 privasti
2349 5272 2449 5310 nos
2492 5256 2653 5310 rebus
2703 5254 2957 5318 terrenis,
3003 5269 3071 5307 ne
3115 5268 3213 5306 nos
3262 5251 3426 5304 etiam

1856 5350 2035 5420 prives
2075 5349 2418 5407 cmlestibus.
2457 5348 2549 5403 illa
2590 5357 2769 5403 autem
2809 5362 2932 5399 cum
2989 5344 3305 5405 audivisset,
3347 5353 3431 5395 est

1860 5454 2209 5513 contpuncta,
2244 5451 2298 5496 et
2330 5442 2555 5495 mutavit
2582 5441 2782 5495 luctum
2812 5440 2863 5493 in
2895 5438 3173 5509 gaudium,
3209 5437 3429 5491 dicens:

1860 5534 1913 5588 Si
1939 5550 2066 5606 ergo
2098 5536 2295 5591 vivunt
2321 5534 2415 5590 filii
2440 5534 2544 5589 mei
2580 5534 2633 5585 in
2663 5532 2825 5595 caelo,
2860 5532 2988 5601 quid
3034 5528 3172 5585 fleo?
3199 5539 3250 5583 et
3298 5541 3432 5579 con-

1859 5638 2036 5689 versa,
2088 5627 2315 5695 qumsiit
2359 5625 2602 5680 abbatem
2658 5624 2747 5693 qui
2794 5627 2840 5677 ei
2886 5624 3063 5677 fuerat
3112 5622 3341 5679 locutus,
3384 5627 3437 5670 et

1859 5728 1977 5767 cum
2019 5724 2193 5774 totum
2233 5718 2409 5771 locum
2440 5713 2681 5779 obiisset,
2713 5727 2819 5768 non
2850 5714 3069 5767 invenit.
3104 5710 3167 5764 Et
3191 5708 3435 5763 sciscita—
