4136 6482
711 415 842 480 1051

1990 414 2273 475 MENSIS
2311 411 2665 472 OCTOBER.

3828 414 3848 472 1
3861 413 3962 473 052

711 535 798 584 tur
849 547 878 582 a
931 528 1189 596 janitore,
1249 526 1480 580 dicens:
1533 527 1632 581 Ubi
1671 538 1753 580 est
1800 527 1987 586 abbas,
2049 524 2136 592 qui
2202 532 2284 575 est
2313 531 2355 584 Α
2389 523 2615 575 invicem
2659 523 2982 574 salutassent
3029 528 3083 573 et
3122 520 3386 589 complexi
3431 522 3687 584 fuissent,
3741 521 3963 576 fuerunt

707 622 866 676 modo
900 621 1005 673 huc
1029 619 1334 688 ingressus?
1365 619 1500 671 Dicit
1530 620 1576 670 ei
1617 618 1814 682 janitor
1842 634 1856 670 :
1891 617 2046 669 Vides
2083 631 2272 667 omnes

702 714 895 780 januas
920 712 1218 770 obseratas,
1251 717 1302 760 et
1338 709 1474 760 ilicis
1505 727 1515 761 :
1547 707 1644 759 Ubi
1687 707 1951 759 estabbas
1988 707 2074 773 qui
2114 704 2272 756 modo

702 815 786 859 est
819 806 925 856 huc
955 801 1268 870 ingressus?
1303 799 1430 851 Eam
1480 811 1657 850 autem
1713 799 1908 851 erudiit
1957 812 2282 864 paramona-

707 900 840 957 rius,
875 905 930 947 ιιι
975 895 1062 962 qui
1119 893 1370 945 scivisset
1412 907 1527 943 eain
1588 892 1783 943 vidisse
1845 891 2130 942 visionem.
2183 887 2274 939 IIIa

706 1003 858 1050 vero,
897 997 1039 1038 ntetu
1078 994 1348 1049 correpta,
1404 983 1608 1049 rogavit
1650 991 1706 1033 ut
1737 981 1909 1032 abiret
1958 981 2008 1030 in
2053 978 2272 1030 domum

705 1095 883 1132 suam.
913 1082 1036 1129 Eam
1085 1092 1210 1128 vero
1248 1075 1458 1141 accepit
1496 1076 1725 1145 ianitor,
1774 1085 1826 1125 et
1874 1073 2174 1123 introduxit
2221 1070 2271 1121 in

705 1170 925 1223 domum
979 1183 1152 1230 suam,
1209 1178 1262 1219 et
1318 1167 1556 1218 narravit
1619 1165 1810 1217 marito
1868 1178 1966 1216 suo
2026 1178 2087 1215 ea
2157 1178 2274 1229 qua:

707 1262 933 1314 viderat.

777 1349 866 1404 IV.
909 1350 1061 1402 Tunc
1127 1349 1257 1401 dicit
1310 1348 1357 1400 ei
1413 1346 1566 1399 beata
1633 1346 1918 1398 Athanasia
1966 1361 1979 1396 :
2043 1343 2273 1404 Revera,

706 1442 945 1498 domine.
999 1440 1159 1490 etiam
1219 1436 1527 1491 viventibus
1578 1434 1702 1487 liliis
1761 1438 1899 1487 volui
1953 1435 2158 1494 dicere,
2224 1443 2278 1485 et

705 1531 922 1586 erubui.
957 1530 1089 1581 Ecce
1121 1542 1248 1595 ergo
1279 1528 1438 1578 etiam
1479 1535 1595 1591 post
1644 1536 1872 1575 mortem
1923 1534 2111 1575 eorum
2156 1521 2279 1573 dico

707 1625 802 1677 tibi
837 1663 847 1674 .
877 1622 931 1673 Si
986 1636 1070 1672 me
1117 1621 1326 1676 audias.
1360 1618 1622 1683 coniicics
1658 1631 1739 1667 ine
1775 1616 1825 1666 in
1864 1614 2275 1673 monasterium,

704 1725 759 1767 et
788 1711 994 1766 deﬂebo
1029 1718 1246 1778 peccata
1311 1724 1449 1759 mea.
1511 1705 1574 1758 Et
1615 1707 1745 1757 dicit
1801 1706 1848 1756 ei
1886 1718 1903 1756 :
1959 1704 2082 1766 Abi,
2113 1703 2278 1770 proba

708 1814 852 1856 tuaut
886 1801 1269 1870 Cogitationem
1306 1814 1407 1850 una
1446 1799 1814 1854 liebdomada.
1852 1805 1906 1847 et
1950 1795 1991 1847 si
2027 1810 2280 1861 perman-

706 1895 843 1947 seris
874 1895 925 1944 in
958 1892 1056 1944 hoc
1088 1890 1392 1958 pr0posito,
1429 1890 1733 1955 loquemur.
1787 1887 1872 1939 Illa
1920 1899 2100 1939 autem
2153 1903 2276 1939 cum
2315 1864 2355 1921 Β

705 2000 894 2038 rursus
937 1985 1187 2042 venisset,
1233 1983 1374 2033 idem
1414 1980 1566 2034 dixit.
1609 1980 1803 2031 Beatus
1852 1995 1978 2030 vero
2009 1979 2282 2032 Androm.

705 2093 802 2132 cus
833 2077 1058 2129 accersit
1087 2091 1334 2128 socerum
1369 2089 1550 2133 suum,
1584 2081 1636 2123 et
1667 2070 1712 2122 ei
1748 2073 1909 2123 tradit
1939 2087 2126 2122 omnes
2158 2087 2280 2122 suas

706 2168 1009 2224 facultates,
1052 2166 1283 2217 dicens:
1348 2164 1425 2216 Ad
1478 2173 1660 2215 sancta
1708 2163 1822 2214 loca
1884 2161 2281 2229 prolicisciiiiur

704 2260 771 2312 ad
798 2261 1087 2310 orandum.
1147 2255 1200 2307 Si
1236 2256 1361 2320 quid
1391 2269 1518 2323 ergo
1554 2257 1710 2306 nobis
1741 2253 1999 2305 acciderit
2031 2253 2283 2308 humani-

708 2360 815 2411 tus,
853 2345 1072 2401 habebis
1112 2345 1204 2394 has
1239 2343 1549 2403 facultates,
1594 2352 1649 2395 ut
1689 2347 1754 2419 de.
1793 2344 1880 2410 eis
1937 2344 2100 2396 factas
2140 2343 2280 2410 quod

708 2442 804 2494 tibi
841 2439 1131 2491 videbitur.
1176 2435 1319 2502 R030
1351 2449 1478 2504 ergo
1520 2439 1589 2498 le,
1630 2445 1685 2486 ut
1721 2447 1864 2488 recte
1889 2451 2014 2502 agas
2042 2452 2162 2487 cum
2192 2447 2279 2488 tua

707 2532 912 2592 anima,
945 2539 998 2581 et
1048 2544 1113 2581 ex
1156 2530 1242 2589 iis,
1279 2544 1396 2594 qua:
1449 2529 1534 2580 hic
1586 2538 1733 2591 sunt,
1793 2531 1873 2579 Iac
1909 2532 2278 2581 nosoconiium

707 2634 762 2678 et
789 2620 1184 2675 Xenodochium
1212 2622 1595 2671 monachorum
1623 2635 1635 2669 :
1661 2629 1712 2670 et
1740 2623 2085 2672 manumissis
2113 2624 2280 2672 servis

710 2716 842 2776 suis,
891 2714 1041 2765 dedit
1092 2712 1170 2763 eis
1228 2711 1434 2778 legata,
1486 2722 1538 2763 et
1583 2718 1799 2778 accepta
1858 2729 2013 2779 parva
2066 2713 2283 2764 benedi-

710 2811 891 2859 ctione
938 2815 990 2854 et
1038 2804 1248 2854 duobus
1294 2803 1470 2869 equis.
1522 2804 1653 2853 exiit
1709 2814 1874 2854 noctu
1922 2819 1985 2854 ex
2040 2805 2278 2862 civitate,

711 2897 827 2966 ipse
869 2905 923 2947 et
975 2909 1109 2946 uxor
1148 2874 1266 2958 ejus
1320 2894 1442 2944 soli.
1507 2891 1667 2943 Beata
1742 2906 1922 2946 autem
1983 2895 2281 2947 Athanasm

703 2987 927 3053 eminus
983 2986 1113 3035 vidit
1171 2987 1388 3034 domum
1435 3000 1608 3044 suam,
1664 2993 1717 3036 et
1746 3000 1959 3038 sursum
2016 2988 2281 3053 aspiciens

710 3076 765 3127 in
824 3073 1020 3126 etelum
1075 3073 1259 3124 dixit:
1318 3071 1478 3134 Deus,
1535 3075 1624 3137 qui
1689 3073 1870 3123 dixisti
1951 3071 2180 3123 Abrahae
2229 3080 2282 3123 et

712 3165 861 3218 Sara:
891 3167 910 3194 '
945 3178 958 3211 :

714 3267 800 3310 tua
835 3274 846 3306 :
881 3262 936 3306 et
972 3255 1092 3305 veni
1139 3269 1189 3302 ιιι
1247 3263 1468 3312 terram,
1511 3267 1672 3312 quain
1726 3251 2009 3303 ostendam
2075 3251 2213 3315 tibi;
2257 3270 2273 3302 ι

713 3348 833 3415 ipse
865 3359 1008 3397 nunc
1059 3358 1274 3412 quoque
1325 3342 1502 3395 deduc
1549 3358 1644 3395 nos
1691 3346 1744 3394 iit
1795 3343 2042 3395 timorem
2103 3354 2277 3397 tuum.

715 3437 855 3491 Ecce
894 3439 1036 3488 enim
1086 3435 1444 3501 relinquimus
1490 3437 1709 3486 domum
1771 3445 2008 3486 nostram
2041 3445 2282 3500 apertam

718 3538 935 3595 propter
967 3541 1165 3578 nomen
1203 3535 1351 3576 tuum
1381 3540 1394 3572 :
1435 3539 1499 3573 ne
1541 3534 1664 3574 ante
1698 3536 1794 3575 nos
1825 3525 2042 3576 claudas
2087 3531 2282 3578 Ostium

715 3618 864 3684 regni
910 3614 1017 3676 tui;
1075 3624 1128 3665 et
1176 3612 1369 3665 ﬂentes
1412 3613 1572 3664 ambo
1623 3612 1870 3664 abierunt
1907 3631 1919 3663 :
1969 3624 2021 3666 et
2064 3629 2184 3665 cum
2221 3614 2285 3666 ad

715 3713 903 3757 sancta
973 3706 1087 3755 loca
1179 3703 1591 3771 pervenissent,
1652 3703 1996 3753 adoramnt:
2051 3710 2111 3774 et
2162 3715 2284 3753 cum

717 3795 916 3848 inultos
953 3792 1140 3847 Patres
1178 3794 1603 3851 convenisSenL.
1657 3794 1880 3843 veniunt
1924 3792 1990 3843 ad
2038 3803 2285 3867 sanctum

716 3886 929 3940 Menam
961 3884 1301 3938 Alexandria:
1322 3921 1335 3944 ,
1362 3893 1415 3934 et
1446 3885 1702 3933 l'ruuntur
1729 3895 1976 3949 martyre.

793 3978 853 4032 V.
890 3977 1044 4030 Circa
1093 3981 1279 4029 horam
1333 3987 1514 4028 autem
1549 3991 1742 4026 nonam
1781 3975 1972 4042 aspicit
2016 3975 2289 4027 Androni-

720 4087 838 4130 cus.
875 4082 926 4123 et
957 4071 1102 4122 videt
1131 4069 1454 4121 monachum
1511 4063 1927 4126 contendentem
1970 4082 2090 4120 cum
2150 4066 2290 4120 laico

722 4173 778 4217 et
828 4165 876 4216 ei
925 4163 1244 4215 dicentem:
1292 4162 1401 4213 Cur
1432 4162 1681 4215 abbatem
1731 4161 1924 4229 injuria
1977 4161 2181 4212 allicis?
2240 4160 2289 4213 Is

723 4268 849 4306 vero
874 4252 923 4301 ei
955 4251 1166 4302 dicebat
1203 4268 1214 4300 :
1252 4248 1501 4310 Domine,
1530 4249 1701 4300 locavi
1742 4250 1964 4301 bestiam
2000 4262 2175 4300 meam
2222 4247 2290 4299 ad

723 4343 959 4397 Scetem.
992 4339 1100 4409 Ego
1133 4354 1262 4392 vero
1304 4338 1353 4390 ei
1397 4338 1517 4391 dico
1551 4356 1562 4389 :
1614 4338 1812 4390 Eamus
1855 4340 1987 4404 jam,
2019 4347 2077 4389 ut
2121 4348 2288 4388 totam

722 4444 940 4486 noctein
978 4414 1350 4493 ambulemus,
1389 4440 1444 4482 et
1495 4443 1615 4482 cras
1647 4443 1814 4497 usque
1859 4428 1924 4480 ad
1975 4437 2201 4490 sextam,
2234 4437 2291 4480 ut

724 4523 1106 4593 perveniamus
1135 4533 1262 4573 ante
1292 4531 1482 4572 aestum
1517 4521 1620 4572 diei
1655 4537 1666 4572 :
1701 4529 1755 4572 et
1801 4533 1907 4571 non
1950 4521 2061 4570 vult
2091 4527 2147 4570 ut
2178 4518 2286 4585 jam
2325 4527 2364 4580 ι)
2398 4522 2464 4576 de
2488 4539 2552 4577 eo
2583 4527 2681 4594 ipsi
2721 4532 3074 4583 renuntiavit.
3130 4531 3304 4586 Senex
3335 4549 3461 4585 vero
3491 4533 3624 4586 dicit
3649 4536 3701 4586 ei

723 4630 930 4669 eamus.
984 4613 1124 4666 Dicit
1170 4613 1221 4666 ei
1275 4613 1527 4665 dominus
1593 4612 1981 4666 Andronicus;
2041 4609 2290 4662 IIabesne

726 4705 940 4773 aliquod
975 4705 1119 4757 aliud
1150 4701 1388 4756 animal?
1418 4702 1463 4755 Is
1490 4715 1614 4754 vero
1646 4702 1776 4755 dicit
1808 4718 1821 4756 :
1865 4702 2108 4754 Maxime.
2150 4701 2291 4754 Dixit

725 4807 906 4850 autem
939 4795 1040 4864 ipsi
1076 4810 1090 4846 :
1121 4792 1284 4858 Vade,
1310 4794 1416 4848 duc
1448 4795 1576 4846 illud
1618 4791 1683 4848 ad
1719 4807 1822 4856 me,
1864 4803 1918 4847 et
1947 4796 2086 4855 veni,
2115 4803 2168 4845 et
2201 4809 2294 4846 ac-

725 4885 922 4953 cipiain
953 4898 1050 4954 ego
1084 4899 1248 4936 unum
1282 4882 1503 4946 animal,
1539 4893 1593 4935 et
1619 4885 1780 4938 abbas
1815 4898 2002 4942 unum,
2035 4887 2289 4951 quoniam

725 4991 826 5047 ego
859 4991 1072 5045 quoque
1117 4977 1238 5028 volo
1284 4976 1363 5028 ire
1406 4978 1471 5028 ad
1513 4978 1746 5030 Scetem.
1783 4977 2128 5029 Andronicus
2163 4991 2287 5029 vero

727 5067 856 5119 dicit
886 5068 1037 5117 uxori
1071 5079 1181 5118 sua:
1217 5082 1228 5116 :
1281 5064 1433 5116 Mane
1477 5067 1561 5118 hic
1590 5068 1729 5133 apud
1773 5077 2017 5118 sanctum
2055 5068 2286 5131 Menam,

728 5156 900 5210 donec
929 5157 1250 5209 descendam
1301 5158 1355 5207 in
1388 5159 1618 5219 Scetem,
1671 5169 1723 5211 et
1772 5160 2028 5224 accipiam
2071 5159 2292 5212 benedi-

731 5250 967 5303 ctionem
1001 5264 1028 5299 a
1051 5248 1319 5312 Patribus,
1352 5260 1406 5299 et
1437 5261 1694 5301 revertar.
1718 5250 1853 5302 Dicit
1889 5251 1934 5302 ei
1969 5266 2101 5303 uxor
2134 5251 2287 5318 ejus:

730 5340 930 5407 Accipe
965 5353 1049 5391 me
1089 5348 1287 5390 tecum.
1336 5339 1426 5390 Ille
1464 5355 1588 5393 vero
1629 5343 1755 5394 dicit
1802 5343 1848 5393 ei
1885 5358 1898 5393 :
1947 5339 2133 5396 Mulier
2182 5357 2288 5394 non

737 5431 1034 5499 ingreditur
1070 5433 1123 5483 in
1153 5435 1384 5487 Scetent.
1409 5434 1498 5486 Illa
1529 5447 1704 5488 autem
1746 5434 1875 5486 dicit
1903 5435 1949 5485 ei
1980 5448 2098 5486 cum
2130 5433 2292 5486 ﬂetu:

734 5515 965 5570 Habebis
994 5535 1078 5572 me
1113 5522 1254 5590 apud
1300 5535 1541 5577 sanctum
1583 5526 1827 5588 Menam,
1863 5526 1904 5578 si
1949 5529 2293 5594 remanseris,

733 5619 786 5662 ct
834 5625 918 5664 me
971 5627 1075 5664 non
1133 5614 1412 5666 collocaris
1462 5617 1514 5668 in
1567 5619 1916 5670 monasterio.
1954 5616 2196 5688 Cumque
2237 5633 2295 5671 se

804 5790 824 5820 '
859 5788 994 5842 Cen.
1031 5807 1124 5852 xu,
1167 5792 1208 5843 ι.

2376 611 2630 677 separati.
2695 610 2809 678 Ipse
2873 621 3050 662 autem
3109 611 3386 663 deseendit
3448 612 3512 663 ad
3580 612 3852 664 Sceteni:
3912 624 3964 667 et

2375 715 2494 754 cum
2541 703 2816 755 adorasset
2873 710 3086 754 sanctos
3145 701 3330 754 Patres
3392 703 3442 754 in
3491 702 3691 764 Laura,
3754 708 3964 760 audivit

2376 795 2441 845 de
2474 795 2663 845 abbate
2700 793 2918 845 DanieIc
2949 809 2962 856 ;
2994 803 3047 845 et
3079 807 3199 846 cum
3234 809 3298 846 eo
3325 797 3666 856 accessisset,
3701 813 3814 850 non
3849 815 3959 853 sine

2382 899 2573 951 magna
2637 885 2946 936 dillicultate
3013 899 3135 935 eum
3194 886 3365 951 potuit
3433 887 3793 938 convenire:
3850 893 3962 942 seni

2379 991 2503 1028 vero
2533 977 2714 1028 omnia
2760 976 3030 1043 exposuit.
3070 976 3207 1028 Dicit
3253 988 3430 1028 autent
3463 980 3512 1030 ei
3559 992 3735 1029 senex
3775 995 3788 1029 :
3843 982 3964 1045 Abi,

2377 1076 2429 1119 et
2464 1067 2640 1120 adduc
2675 1084 2894 1119 uxorem
2945 1076 3111 1128 tuam,
3162 1067 3438 1120 etfaciam
3497 1069 3589 1121 tibi
3625 1072 3862 1126 litteras.
3911 1081 3964 1123 et

2377 1157 2616 1223 depones
2655 1172 2771 1208 earn
2815 1157 2866 1208 in
2913 1156 3188 1210 Thebaide
3239 1158 3292 1210 in
3347 1160 3680 1212 monasterio
3747 1159 3964 1212 Taben-

2378 1250 2736 1301 nesiotarum.
2774 1250 3114 1302 Andronicus
3150 1261 3329 1303 autem
3362 1250 3510 1312 fecit,
3549 1253 3696 1303 sicut
3747 1254 3964 1304 dixerat

2379 1341 2424 1392 ei
2485 1355 2671 1402 senex,
2727 1350 2780 1393 et
2832 1343 3050 1405 absens,
3102 1345 3255 1395 duxit
3309 1359 3424 1396 eam
3477 1345 3542 1396 ad
3597 1359 3815 1396 senem.
3869 1345 3962 1408 Qui

2380 1432 2592 1482 locutus
2627 1441 2709 1484 est
2756 1433 2836 1485 eis
2884 1436 3102 1485 verbum
3153 1436 3386 1487 salutis:
3423 1445 3474 1488 et
3526 1437 3690 1489 factis
3745 1439 3960 1501 litteris,

2381 1525 2525 1575 misit
2556 1539 2649 1576 eos
2700 1525 2762 1576 ad
2804 1528 3194 1579 monasterium
3247 1528 3806 1580 'I‘abennesiotarnm.
3864 1529 3963 1581 Re-

2382 1631 2537 1667 verso
2591 1631 2717 1667 vero
2767 1618 3096 1679 Andronico,
3157 1617 3306 1670 dedit
3357 1632 3521 1670 senex
3578 1620 3856 1682 habitum,
3914 1632 3964 1673 et

2332 1749 2335 1752 .
2381 1706 2566 1760 docuit
2612 1723 2730 1774 quae
2781 1710 2848 1761 ad
2896 1718 3096 1762 statum
3158 1711 3433 1778 pertinent
3485 1713 3884 1774 tnonasticum,
3917 1725 3968 1765 et

2384 1802 2583 1852 mansit
2615 1801 2750 1868 apud
2785 1817 2906 1852 eum
2942 1817 3115 1855 annos
3145 1802 3448 1857 deodecim.

2467 1891 2552 1944 VI.
2595 1891 2722 1944 Post
2756 1894 3034 1947 duodecim
3071 1907 3250 1945 autem
3299 1909 3469 1947 annos
3503 1898 3718 1964 rogavit
3751 1913 3964 1962 senem,

2386 1992 2442 2033 ut
2490 1998 2548 2034 se
2602 1984 2900 2035 dimitteret
2945 1987 3007 2033 ad
3056 1997 3241 2036 saneta
3299 1986 3436 2036 loca.
3497 1986 3586 2037 Ille
3642 2003 3776 2039 vero
3837 1989 3968 2041 bene

2385 2089 2634 2142 precatus
2693 2094 2815 2128 eum
2879 2079 3101 2128 dimisit.
3160 2079 3335 2135 Abbas
3383 2089 3564 2132 autem
3621 2081 3968 2135 Andronicus

2387 2167 2486 2218 iter
2551 2168 2754 2220 faciens
2811 2186 2904 2236 per
2953 2167 3260 2239 Egyptuiii,
3311 2173 3449 2224 sedit
3508 2174 3610 2225 Sub
3675 2192 3862 2242 spina,
3914 2186 3966 2229 ut

2385 2261 2619 2310 animam
2672 2270 2943 2313 recrearet
2997 2261 3066 2313 ab
3127 2271 3281 2314 aestu.
3339 2261 3474 2316 Ecce
3532 2276 3723 2317 autem
3777 2282 3844 2318 ex
3883 2266 3969 2320 Dei

2384 2349 2790 2415 dispensatione
2843 2353 3063 2402 veniens
3113 2351 3164 2402 in
3213 2353 3398 2404 habitu
3453 2356 3586 2406 virili
3651 2357 3777 2422 ejus
3817 2373 3969 2414 uxor.

2383 2454 2500 2506 qua:
2529 2440 2638 2506 ipsa
2676 2455 2887 2505 quoque
2935 2440 3044 2492 ibat
3082 2442 3146 2491 ad
3197 2454 3382 2493 sancta
3433 2442 3570 2493 loca.
3605 2442 3863 2511 Cumque
3916 2460 3968 2496 se

2387 2531 2613 2582 invicem
2655 2533 3002 2590 Salutassent,
3052 2532 3303 2598 cognovit
3352 2534 3600 2583 columba
3646 2549 3968 2602 coniugem.

2387 2619 2501 2687 Ipse
2560 2637 2684 2671 vero
2740 2622 3011 2686 quomodo
3067 2622 3330 2686 potuisset
3383 2635 3720 2688 cognoscere
3783 2627 3965 2685 talem,

2386 2728 2504 2777 qua:
2529 2722 2889 2769 emarcucrat,
2927 2712 3405 2777 pulchritudinem,
3444 2725 3495 2765 et
3525 2730 3645 2780 quise
3685 2716 3969 2768 videbatur

2389 2811 2443 2851 ut
2497 2799 2787 2866 ίΕιΙιιυιιδῩ
2833 2800 2968 2851 Dicit
3025 2816 3152 2870 ergo
3203 2803 3248 2854 ei
3289 2819 3302 2855 ε
3347 2805 3462 2866 Quo
3519 2805 3695 2867 vadis,
3746 2808 3968 2859 domine

2388 2891 2560 2943 abba?
2622 2893 2709 2943 Ille
2771 2908 2895 2944 vero
2946 2893 3070 2944 dicit
3130 2893 3224 2945 ei:
3283 2896 3362 2947 Ad
3411 2906 3597 2948 sancta
3653 2898 3807 2948 loca.
3858 2897 3967 2964 Ipsa

2387 2993 2565 3034 autem
2598 2983 2726 3035 dicit
2772 2983 2818 3034 ei
2862 3003 2872 3034 :
2909 2984 3019 3051 Ego
3066 2999 3283 3050 quoque
3334 2985 3452 3034 volo
3509 2986 3637 3037 illuc
3686 2988 3788 3038 ire.

2387 3088 2514 3141 ergo
2556 3089 2746 3125 rursus
2785 3074 2914 3126 dicit
2943 3077 2990 3125 ei
3031 3091 3041 3123 :

3857 2990 3969 3055 Ipsa

3082 3073 3136 3124 Si
3177 3075 3325 3135 velis,
3370 3091 3556 3126 camus
3587 3078 3753 3129 ambo
3789 3082 3969 3134 simul.

999 3181 1015 3213 i
1053 3162 1318 3230 Egredere
1368 3178 1398 3214 e
1452 3173 1592 3214 terra
1645 3173 1753 3226 tua,
1800 3174 1852 3214 et
1895 3178 1922 3213 e
1960 3164 2281 3229 cognatione
2311 3192 2353 3247 ο
2388 3163 2490 3214 Sed
2528 3173 2778 3229 tanquam
2821 3180 2923 3214 non
2968 3163 3126 3215 simul
3174 3165 3362 3228 simus,
3395 3167 3773 3233 ingrediantur
3808 3174 3969 3224 Silen-

2391 3255 2480 3307 tio.
2519 3254 2655 3307 Dicit
2686 3254 3026 3309 Andronicus
3063 3273 3074 3307 :
3124 3257 3187 3310 Ut
3215 3258 3394 3325 jubes.
3443 3259 3651 3314 Deinde
3694 3279 3812 3330 ipsa
3848 3264 3974 3317 dicit

2386 3345 2481 3398 ei:
2539 3347 2651 3399 Non
2711 3362 2768 3398 es
2822 3363 3008 3398 revera
3059 3348 3357 3415 discipulus
3407 3351 3617 3402 abbatis
3683 3353 3970 3408 Danielis?

2387 3437 2503 3502 Ipse
2564 3449 2688 3486 vero
2750 3439 2878 3488 dicit
2913 3438 3007 3488 ei:
3059 3438 3312 3491 Maxime.
3367 3440 3499 3489 DiCit
3545 3442 3661 3506 ipsa
3705 3460 3718 3494 :
3777 3445 3972 3499 Preces

2388 3521 2533 3571 senis
2560 3536 2656 3574 nos
2709 3523 3133 3578 comitabuntur.
3173 3524 3308 3578 Dicit
3351 3527 3699 3581 Andronicus
3728 3545 3742 3582 :
3774 3534 3968 3586 Amen.

2387 3608 2519 3661 Cum
2576 3619 2754 3661 autem
2805 3611 2961 3663 simul
3024 3615 3253 3684 ingressi
3290 3625 3489 3679 essent,
3542 3627 3598 3670 et
3650 3621 3975 3676 aderasseut

2387 3712 2570 3758 sancta
2607 3700 2741 3764 loca,
2780 3709 2980 3757 reversi
3016 3719 3156 3774 sunt,
3179 3711 3579 3764 Alexandriam.
3634 3713 3777 3766 Dicit
3808 3716 3973 3767 abbas

2388 3796 2715 3847 Athanasius
2746 3797 2924 3849 abbati
2962 3801 3272 3853 Andronico
3308 3820 3320 3854 :
3351 3803 3438 3855 Vis
3471 3819 3798 3860 maneamus
3817 3808 3972 3860 simul

2391 3887 2444 3938 in
2479 3886 2655 3939 celia?
2712 3887 2849 3939 Dicit
2881 3892 3222 3946 Andronicus
3256 3911 3269 3945 :
3307 3893 3480 3954 Certe,
3524 3905 3580 3947 ut
3618 3898 3807 3963 iubes.
3849 3900 3971 3952 ιὀιυ

2390 3991 2566 4031 autem
2602 3981 2833 4046 primum
2871 3982 2969 4040 ire,
3000 3993 3053 4033 et
3099 3988 3346 4052 accipere
3387 4000 3575 4052 preces
3619 3991 3793 4042 senis.
3837 3991 3971 4044 Dicit

2390 4073 2434 4121 ei
2469 4071 2634 4122 abbas
2664 4073 2992 4124 Athanasius
3027 4088 3043 4124 :
3077 4071 3238 4138 Vade,
3275 4084 3328 4129 et
3367 4079 3705 4144 exspectabo
3731 4092 3783 4133 te
3833 4086 3970 4149 apud

2392 4159 2650 4212 Octavum
2689 4164 3003 4214 decimum:
3052 4173 3105 4215 et
3144 4165 3186 4216 si
3235 4168 3436 4227 venias.
3480 4168 3621 4220 sicut
3679 4170 3788 4222 iter
3841 4173 3970 4224 Ieci-

2392 4265 2530 4306 nius.
2569 4254 2905 4305 manebimus
2933 4246 3164 4307 silentio.
3206 4255 3337 4308 Nam
3369 4259 3410 4309 si
3449 4269 3498 4311 te
3543 4275 3652 4312 non
3711 4264 3872 4326 ferat,
3907 4279 3969 4315 ne

2392 4344 2624 4397 veneris.
2680 4343 2791 4415 Ego
2825 4348 2966 4399 enim
3010 4356 3062 4402 te
3121 4349 3442 4416 exspectabo
3494 4353 3637 4418 apud
3687 4355 3967 4408 Decimum

2392 4448 2665 4490 octavum.
2697 4436 2788 4490 Ille
2817 4449 2995 4491 autem
3030 4441 3327 4509 profectus,
3364 4440 3620 4494 salutavit
3659 4457 3878 4510 senem,
3917 4459 3966 4500 et

3741 4554 3754 4589 :
3802 4537 3961 4598 Vade.

2395 4625 2448 4668 et
2476 4616 2636 4685 dilige
2661 4618 2960 4683 silentium,
3012 4631 3066 4673 et
3114 4639 3276 4675 ntane
3309 4641 3428 4677 cum
3464 4625 3653 4688 fratre,
3708 4638 3797 4680 est
3827 4633 3966 4682 enim

2396 4709 2715 4772 monachus,
2751 4719 2810 4763 ut
2837 4725 2954 4764 esse
2977 4723 3209 4780 oportet.
3251 4714 3324 4767 Eo
3354 4726 3531 4769 autem
3564 4735 3817 4785 reverso,
3852 4737 3965 4775 cuni

2393 4799 2692 4873 invenisset
2724 4800 2974 4854 abbatem
3008 4804 3361 4858 Athanasium
3385 4848 3399 4870 ,
3435 4822 3756 4863 manserunt
3790 4815 3965 4873 simul,

2397 4891 2585 4943 timore
2617 4890 2707 4944 Dei
2747 4895 2958 4957 muniti,
2994 4897 3131 4949 alios
3175 4897 3455 4952 duodecim
3505 4917 3684 4955 annos
3722 4921 3738 4956 ε
3775 4914 3831 4957 et
3866 4921 3966 4958 non

2394 4987 2644 5050 cognovit
2688 4985 2854 5037 abbas
2903 4986 3245 5042 Andronicus
3299 5007 3414 5043 eam
3469 5005 3590 5045 esse
3645 5008 3805 5048 suam
3845 5013 3969 5049 con-

2387 5075 2592 5143 jugem.

2470 5164 2573 5218 VII.
2608 5166 2759 5232 Siepe
2789 5183 2915 5236 ergo
2954 5169 3281 5223 ascendebat
3315 5185 3475 5223 senex
3516 5173 3580 5223 ad
3615 5190 3713 5227 eos
3747 5178 3967 5230 visitan-

2399 5256 2516 5316 dos,
2548 5271 2608 5308 ea
2654 5252 2756 5308 illis
2787 5259 3076 5318 disserens,
3119 5276 3238 5327 quae
3271 5261 3613 5330 pertinebant
3657 5269 3726 5319 ad
3769 5269 3966 5320 utilita-

2403 5357 2527 5400 tem.
2572 5349 2746 5402 Semel
2799 5361 2976 5403 autem
3022 5366 3144 5404 cum
3179 5354 3511 5407 ascendisset
3551 5368 3746 5419 senex,
3797 5368 3852 5411 et
3885 5373 3967 5413 eos

2400 5439 2577 5491 valere
2602 5439 2872 5508 iussisset,
2899 5451 3184 5510 antequam
3219 5446 3319 5496 irct
3353 5444 3417 5496 ad
3449 5453 3702 5499 sanctum
3739 5446 3966 5513 Menam,

2403 5531 2545 5583 venit
2580 5532 2644 5584 ad
2680 5548 2802 5585 eum
2834 5533 2996 5587 abbas
3029 5535 3390 5600 Andronicus,
3420 5549 3473 5592 et
3501 5538 3630 5592 dicit
3669 5540 3758 5594 ei:
3796 5545 3966 5597 Abbas

2401 5620 2729 5675 Atltanas‘ius
2788 5625 2931 5676 vadit
3006 5625 3072 5677 ad
3141 5626 3445 5682 Dominum.
3511 5627 3796 5688 Reversus
3853 5650 3968 5688 vero
