4136 6532
139 493 266 558 1053

941 493 1395 554 MARTYRIUM
1440 494 1542 556 SS.
1581 498 1951 558 EULAMPII
1994 498 2086 555 ET
2124 493 2558 554 EULAMPIIE.

3233 482 3369 547 1054

137 622 308 667 senex,
342 603 550 658 invenit
586 618 711 657 eum
744 604 961 670 magnis
1005 618 1373 673 compressum
1418 609 1698 678 angustiis,
1728 622 1775 678 Αι
1806 611 2098 662 viventem.
2133 610 2174 660 A
2202 624 2309 671 quo
2349 621 2473 662 cum
2517 602 2858 674 accepissent
2909 600 3370 662 benedictionem,

137 710 187 754 et
220 697 374 764 C(Bpit
404 698 535 749 tlere
569 695 738 749 abbas
767 694 1109 747 Athanasius
1139 710 1152 745 :
1188 706 1242 748 et
1275 698 1404 750 dicit
1432 700 1479 751 ei
1504 715 1696 753 senex:

139 786 261 843 Cum
303 797 352 840 te
392 795 670 854 Oporteret
698 784 960 854 gaudere,
993 784 1137 852 quod
1185 787 1383 856 migras
1422 788 1487 842 ad
1520 789 1701 842 Domi-

140 895 279 941 num,
317 878 671 948 Iacryntaris?
709 876 852 929 Dicit
882 877 930 928 ei
967 877 1137 930 abbas
1166 878 1496 933 Athanasius
1535 898 1545 931 :
1586 880 1700 934 Non

143 971 299 1041 ploro.
334 971 435 1024 nisi
467 979 685 1039 propter
724 969 979 1023 abbatem
1026 970 1421 1026 Andronicum.
1473 974 1579 1027 Sed
1624 974 1707 1027 fac

143 1058 273 1110 hanc
320 1058 665 1115 clraritatent.
717 1070 1006 1126 postquam
1065 1076 1151 1112 me
1205 1063 1505 1129 sepelieris.
1558 1063 1708 1118 Inve-

143 1151 290 1205 niens
321 1150 632 1203 schedulam
659 1152 818 1203 sitam
853 1151 921 1203 ad
956 1159 1123 1219 caput
1166 1154 1369 1212 meum.
1412 1153 1526 1223 lege
1562 1170 1704 1217 eam,

143 1252 194 1297 et
219 1244 279 1296 da
318 1243 414 1310 ipsi
448 1242 626 1295 abbati
677 1242 1016 1296 Andronico.
1079 1240 1326 1310 Cumque
1380 1244 1480 1311 ipsi
1523 1258 1709 1311 preces

146 1335 427 1396 dixissent,
476 1332 905 1386 communicavit
959 1340 1014 1385 et
1065 1331 1282 1386 dormiit
1342 1333 1395 1385 in
1453 1332 1704 1386 Domino.

149 1424 414 1479 Venerunt
437 1434 617 1477 autem
642 1424 708 1477 ad
748 1425 795 1478 ei
826 1423 1101 1479 faciendas
1124 1423 1410 1491 exsequias
1449 1443 1463 1479 :
1502 1434 1556 1479 et
1582 1439 1711 1478 ecce

147 1517 356 1570 inventa
407 1516 507 1569 fuit
540 1532 669 1570 sexu
735 1517 949 1577 mulier,
983 1526 1036 1569 et
1077 1516 1321 1569 auditum
1366 1516 1468 1570 fuit
1498 1519 1552 1569 in
1602 1526 1711 1569 tota

148 1607 307 1662 Iaura.
356 1609 418 1661 Et
462 1608 678 1662 mittens
713 1623 900 1671 senex,
948 1608 1147 1662 excivit
1234 1608 1546 1660 universam
1585 1607 1717 1661 Sce-

153 1709 252 1752 tem
278 1709 331 1752 et
356 1700 669 1758 interiorem
697 1700 1045 1754 solitudinem
1080 1716 1091 1749 :
1128 1708 1182 1752 et
1213 1709 1488 1751 venerunt
1527 1713 1723 1752 omnes

150 1792 303 1845 taurae
336 1791 691 1854 Alexandria,
724 1800 774 1844 et
809 1791 1067 1845 convenit
1103 1790 1359 1843 universa
1412 1789 1630 1850 civitas.
1667 1799 1725 1844 et

151 1883 394 1937 monachi
434 1882 626 1943 Scetm.
664 1882 901 1935 ferentes
938 1882 1241 1950 legumina;
1280 1881 1354 1934 ita
1403 1882 1551 1935 enim
1604 1896 1726 1935 mos

1804 700 2021 755 dormiit
2058 700 2109 753 in
2150 700 2397 753 Domino.

1876 790 2012 844 VIII.
2060 790 2317 844 Exortum
2353 800 2437 842 est
2463 801 2592 854 ergo
2625 783 2831 839 beIIum
2864 784 3006 837 inter
3048 783 3235 835 Patres
3283 781 3379 835 De-

1805 882 1930 935 cimi
1983 882 2189 943 octavi,
2244 890 2299 933 et
2358 878 2650 932 Mouacbos
2710 875 3016 934 Scetiotas,
3081 871 3376 925 dicentes:

1806 972 2000 1027 Noster
2029 983 2111 1027 est
2141 973 2325 1034 frater,
2364 980 2419 1023 et
2444 985 2568 1023 eum
2624 966 2947 1020 habebimus
2993 964 3045 1017 in
3102 964 3286 1024 Scete,
3323 972 3382 1015 ut

1808 1063 1964 1117 nobis
1993 1046 2147 1131 Opem
2185 1063 2360 1116 ferant
2387 1064 2506 1129 ejus
2537 1074 2753 1129 preces.
2779 1057 2969 1111 Patres
3010 1067 3189 1112 autem
3221 1054 3385 1112 Octa-

1810 1158 1861 1210 vi
1898 1155 2439 1213 decimi.dicebant:
2485 1153 2755 1206 Ponemus
2815 1165 2940 1203 eum
2993 1164 3118 1202 cum
3168 1163 3264 1201 sua
3296 1162 3383 1200 so-

1810 1264 1954 1303 rore.
1996 1248 2357 1301 Vehementer
2396 1246 2555 1314 igitur
2585 1242 2859 1296 instabant
2896 1238 3148 1294 Scetinta:
3175 1249 3229 1292 et
3258 1238 3389 1291 dicit

1820 1323 2243 1395 archimandrita
2294 1337 2477 1389 Octavi
2521 1334 2714 1389 decimi
2747 1349 2759 1384 :
2798 1330 2856 1386 Si
2879 1332 3006 1400 qutd
3049 1348 3210 1385 senex
3238 1332 3391 1384 dixe-

1812 1431 1906 1493 rit,
1975 1430 2266 1483 faciamus.
2319 1427 2501 1482 Abbas
2562 1440 2692 1478 vero
2748 1423 2933 1477 Daniel
2987 1423 3202 1476 dicebat
3265 1439 3389 1475 eum

1813 1531 2068 1588 Oportere
2106 1521 2213 1573 illic
2259 1520 2501 1584 sepeliri.
2568 1517 2644 1571 Illi
2694 1525 2873 1570 autem
2920 1530 3031 1567 non
3082 1514 3396 1571 .audiebant

1817 1626 1966 1671 eum,
1998 1612 2241 1664 dicentes
2276 1628 2290 1664 :
2330 1611 2429 1663 Est
2468 1625 2658 1669 senex,
2698 1618 2752 1661 et
2791 1623 2897 1660 non
2952 1608 3107 1660 timet
3162 1606 3399 1673 amplius

1826 1700 2027 1753 bellum
2080 1702 2342 1768 corporis.
2392 1700 2502 1754 Nos
2544 1710 2723 1753 autem
2778 1713 2966 1752 sumus
3033 1698 3301 1768 iuniores.
3346 1709 3402 1753 et

1832 1792 2079 1844 volumus
2111 1791 2353 1853 fratrem,
2380 1800 2438 1843 ut
2468 1793 2625 1845 nobis
2654 1806 2811 1858 opem
2844 1789 3021 1842 ferant
3046 1791 3162 1858 ejus
3190 1803 3400 1858 preces.

1829 1883 2037 1937 Sufficit
2068 1883 2208 1936 enim
2243 1883 2418 1947 vobis,
2469 1883 2611 1951 quod
2660 1882 2981 1949 reliquimus
3025 1882 3177 1934 vobis
3232 1881 3403 1933 abba-

152 1976 314 2029 estin
353 1974 534 2028 Scete.
572 1974 704 2027 Cum
736 1975 897 2027 ramis
927 1990 1055 2044 ergo
1088 1984 1142 2027 et
1174 1974 1371 2043 palmis
1405 1964 1726 2027 extulerunt
1760 1964 1800 2022 Β
1834 1986 1940 2028 tem
1995 1974 2373 2027 Athanasium.
2427 1972 2561 2027 Cum
2615 1989 2745 2026 vero
2789 1972 3014 2026 vidisset
3061 1986 3224 2025 senex
3285 1987 3404 2025 esse

153 2064 485 2118 venerandus
518 2060 775 2131 reliquias
818 2063 1151 2124 Athanasiae,
1202 2060 1370 2113 Deum
1419 2061 1730 2131 glorilican-

156 2161 272 2216 tes,
329 2151 420 2217 qui
480 2159 684 2203 tantam
764 2152 1105 2204 tolerantiam
1174 2150 1407 2219 praebuit
1484 2150 1723 2202 mulieri.

155 2240 500 2309 Exspectavit
554 2251 732 2293 autem
789 2256 958 2295 senex
1009 2242 1299 2310 septimum
1358 2240 1502 2295 diem
1554 2241 1729 2295 beatae

154 2333 484 2386 Athanasius.
537 2331 733 2385 Postea
765 2347 893 2384 vero
926 2332 1098 2385 voluit
1138 2347 1300 2384 senex
1339 2334 1589 2399 accipere
1637 2348 1729 2386 sc‘

155 2435 276 2475 cum
326 2422 575 2474 abbatem
623 2419 1020 2480 Andronicum,
1067 2422 1159 2472 sed
1193 2436 1299 2472 non
1350 2422 1399 2472 id
1441 2421 1727 2483 sustinuit,

160 2512 395 2565 dicens:
433 2510 630 2565 Moriar
669 2525 790 2564 cum
842 2525 961 2563 mea
1020 2510 1259 2563 domina.
1306 2507 1549 2578 Cumque
1601 2524 1727 2562 eum

159 2619 346 2659 rursus
368 2603 626 2671 jussisset
670 2604 849 2657 valere
885 2618 1073 2662 senex.
1114 2603 1426 2671 priusquam
1474 2603 1587 2668 ipse
1628 2603 1732 2655 iret

160 2692 222 2743 ad
254 2702 499 2744 sanctum
536 2690 771 2756 Menam,
805 2694 953 2746 venit
984 2694 1048 2747 ad
1089 2708 1211 2746 eum
1254 2692 1441 2755 frater,
1482 2693 1675 2747 dicens
1714 2709 1729 2745 :

160 2781 394 2835 Laborat
425 2785 591 2835 abbas
636 2784 1003 2845 Andronicus,
1047 2796 1102 2838 et
1132 2795 1214 2838 est
1240 2786 1490 2839 redactus
1520 2786 1585 2839 ad
1629 2800 1733 2838 an—

158 2872 387 2941 gustias.
437 2870 613 2926 Senex
650 2888 777 2928 vero
830 2890 1019 2927 rursus
1053 2875 1200 2927 misit
1250 2875 1302 2927 in
1351 2873 1595 2935 Scetem,
1655 2874 1735 2927 di-

162 2980 295 3018 cens
327 2981 342 3017 :
375 2966 576 3021 Adeste
618 2966 725 3019 huc
774 2966 1076 3028 venientes,
1128 2966 1295 3019 abbas
1343 2966 1485 3019 enim
1524 2964 1751 3022 Andro-.

164 3055 319 3110 nicus
359 3058 604 3124 sequitur
650 3057 896 3111 abbatem
966 3058 1347 3111 Athanasium.
1407 3056 1486 3109 Illi
1551 3064 1734 3109 autem

165 3161 289 3200 cum
333 3149 692 3212 audivissent,
750 3158 1101 3207 accesserunt
1140 3158 1194 3203 et
1253 3150 1574 3203 invenerunt
1613 3163 1737 3203 eum

182 3332 743 3351 -ι-κωσ--ἐ--α--κ
755 3337 785 3347 α-
803 3338 1031 3348 -ηο--‹,

1832 2080 2083 2132 magnam
2132 2065 2621 2133 perturbationem,
2670 2065 2807 2115 dicit
2835 2063 3092 2116 fratribus
3142 2063 3297 2117 suis:
3348 2062 3404 2117 Si

1834 2169 1920 2206 me
1956 2169 2064 2206 non
2097 2153 2352 2219 audiatis,
2398 2169 2497 2223 ego
2552 2169 2767 2222 quoque
2815 2153 2902 2204 hic
2942 2154 3193 2213 manebo,
3234 2162 3287 2205 et
3317 2168 3408 2204 se-

1833 2244 2004 2313 peliar
2026 2259 2148 2298 cum
2186 2234 2306 2297 meo
2353 2242 2484 2306 tilio,
2516 2252 2570 2296 et
2605 2251 2733 2295 tunc
2765 2241 3113 2310 quieverunt.
3151 2250 3206 2293 et
3242 2250 3403 2293 extuo

1834 2336 2015 2389 lerunt
2056 2335 2277 2389 fratrem
2344 2336 2733 2389 Andronicum.
2790 2331 2988 2389 Dicunt
3051 2348 3178 2402 ergo
3249 2333 3407 2403 seni;

1838 2426 2042 2479 Eamus
2085 2427 2137 2478 in
2181 2427 2416 2478 Scetem.
2470 2427 2605 2478 Dicit
2650 2428 2729 2481 eis
2769 2441 2933 2477 senex
2974 2439 2988 2474 :
3034 2424 3205 2477 Sinite
3239 2433 3295 2476 ut
3331 2423 3412 2474 fa-

1837 2515 1975 2567 ciam
2006 2516 2295 2581 scptimum
2320 2515 2463 2567 diem
2509 2514 2715 2579 fratris,
2767 2524 2820 2566 et
2853 2528 2959 2567 non
2995 2514 3241 2565 siverunt
3288 2524 3411 2563 eum

1839 2618 2082 2657 manere.
2132 2603 2207 2656 Ita
2253 2604 2479 2657 confidit
2534 2605 2701 2659 abbas
2739 2604 2932 2679 Daniel
2975 2619 3075 2658 suo
3128 2601 3409 2668 discipulo.

1838 2695 2070 2751 Oremus
2102 2712 2200 2750 nos
2227 2711 2437 2764 quoque
2472 2705 2530 2748 ut
2567 2696 2849 2747 veniamus
2874 2694 2939 2746 ad
2974 2708 3281 2745 mensuram
3314 2694 3412 2744 ab—

1842 2789 1983 2843 batis
2035 2786 2363 2851 Andronici,
2446 2785 2698 2855 precibus
2767 2785 3011 2837 omnium
3098 2789 3411 2836 sanctorum

1845 2880 2044 2932 Christi
2082 2899 2095 2933 :
2131 2882 2215 2933 cui
2249 2880 2417 2947 gloria
2450 2889 2503 2931 et
2547 2878 2788 2947 potentia
2823 2874 2984 2928 simul
3016 2888 3137 2928 cum
3169 2874 3325 2928 Patre
3362 2883 3418 2927 et

1843 2977 2033 3017 sancto
2063 2966 2289 3033 Spiritu,
2336 2981 2484 3019 nunc
2521 2976 2577 3019 et
2628 2979 2846 3034 semper
2876 2972 2931 3016 et
2973 2962 3049 3015 inv
3082 2963 3280 3016 saecula
3313 2976 3417 3016 sae-

1846 3057 2032 3111 culoru
2042 3074 2113 3110 tu.
2143 3058 2336 3111 Amen.

1417 3714 1553 3767 ΤΩΝ
1590 3715 1791 3769 ΑΓΙΩΝ
1822 3715 2201 3770 ΜΑΡΤΥΡΩΝ

182 3878 1531 4054 ΕΥΑΑΜΠΙΟΥ
2029 3881 3419 4122 ΕΥΑΑΜΠΙΑΣ.

1212 4330 2371 4487 MABTYRIUM

1534 4604 1631 4659 SS.
1665 4603 2052 4659 MARTYRUM

786 4784 1553 4912 EULAMPII
1648 4785 1845 4907 ET
1954 4785 2843 4911 EULAMPIIE.

715 5025 915 5084 (Latine
946 5024 1073 5086 apud
1108 5021 1302 5070 Surium
1333 5022 1390 5069 ad
1425 5019 1555 5070 diem
1579 5021 1638 5069 tt)
1669 5018 1912 5079 Octobris,
1949 5019 2118 5071 Grece
2140 5032 2198 5069 ex
2224 5021 2331 5069 cod.
2360 5035 2447 5069 ms.
2474 5020 2624 5070 Paris.
2660 5033 2712 5071 ιι.
2742 5020 2884 5082 ΗΒΟ)

271 5340 354 5391 A'.
393 5336 558 5404 Ἀρτι
588 5338 688 5405 τῆς
730 5334 1059 5400 Θεογνωσίας
1094 5335 1173 5396 είς
1216 5332 1390 5385 πάντα
1423 5330 1627 5394 κόσμον
1654 5329 1766 5381 δια·
1794 5332 1838 5391 C

195 5429 532 5500 τρεχούσης,
571 5430 665 5479 καὶ
704 5427 795 5480 τοῦ
838 5428 1084 5493 Σωτῆρος
1114 5424 1273 5494 ἡμῶν
1316 5421 1491 5489 Ἰησοῦ
1523 5420 1762 5490 Χριστοῦ

198 5523 300 5573 τοῦ
339 5523 505 5588 μόνου
530 5517 666 5569 Θεοῦ
712 5519 864 5584 ἡμῶν
899 5518 1022 5576 τοὺς
1065 5513 1261 5567 ἑαυτοῦ
1306 5515 1589 5582 μάρτυρας
1622 5512 1774 5580 ἐπιρο

206 5619 480 5686 ρωνύντος
517 5613 609 5664 καὶ
640 5609 1011 5677 ἐπιλείψοντος
1035 5649 1050 5671 ,
1083 5607 1177 5661 τοῦ
1212 5606 1267 5658 δὲ
1295 5604 1530 5673 πονηροῦ
1563 5602 1656 5654 καὶ
1685 5618 1777 5672 μι-

210 5706 453 5761 σοκά>.ου
504 5705 753 5773 δαίμονος
808 5704 930 5760 τοὺς
970 5702 1201 5759 οἰκείους
1258 5698 1597 5767 Θεράποντας
1643 5694 1777 5761 πρὸς

206 5799 313 5869 τὴν
374 5795 628 5849 ἀσέϐειαν
683 5794 1031 5862 ἐρεθίζοντος,
1103 5792 1316 5853 νεανίας
1365 5808 1451 5852 τις
1506 5789 1565 5841 τὸ
1621 5789 1775 5855 γένος

213 5888 553 5961 περιφανὴς,
576 5886 669 5953 τὴν
693 5886 816 5953 ὄψιν
836 5885 1183 5956 περικαλλὴς,
1209 5880 1535 5955 εὐπατρίδης
1559 5896 1613 5932 τε
1641 5896 1779 5949 γνω-

1943 5334 1983 5384 I.
2014 5332 2129 5385 Iam
2173 5333 2261 5385 Dei
2298 5331 2602 5399 cognitione
2649 5337 2817 5382 totum
2850 5330 3037 5384 orbem
3084 5334 3430 5403 pervadente,

1870 5433 1924 5476 et
1975 5424 2251 5479 Salvatore
2303 5424 2520 5491 quidem
2577 5422 2794 5475 Chrism
2831 5421 2983 5482 Jesu.
3022 5424 3114 5491 qui
3166 5427 3312 5482 solus
3352 5440 3435 5485 est

1876 5514 2013 5565 Deus
2039 5526 2245 5575 noster,
2277 5528 2404 5567 suos
2449 5521 2711 5579 martyres
2748 5512 3103 5566 conﬁrtnante
3148 5531 3210 5570 ac
3250 5533 3434 5573 corro-

1877 5607 2103 5661 borante
2142 5623 2155 5658 :
2193 5606 2426 5675 maligno
2450 5616 2629 5657 autem
2677 5612 2733 5657 et
2764 5605 2919 5661 bonis
2950 5606 3145 5661 infesto
3192 5609 3437 5665 damone

1880 5714 2005 5751 suos
2046 5699 2114 5752 ad
2155 5698 2482 5767 impietatem
2528 5696 2787 5749 incitante
2818 5697 3047 5750 famulos
3083 5699 3438 5755 :adolescens

1886 5788 2129 5858 quidam,
2150 5786 2461 5854 Eulampius
2477 5784 2674 5846 dictus,
2701 5800 2898 5853 genere
2928 5786 3177 5854 insignis,
3208 5789 3438 5859 eleganti

1887 5879 2085 5950 specie,
2119 5890 2172 5933 et
2215 5877 2305 5948 qui
2332 5878 2470 5931 bona
2502 5892 2561 5930 ac
2606 5877 2745 5930 clara
2789 5876 3109 5934 noscebatur
3137 5892 3255 5933 esse
3286 5887 3445 5936 natus
