4136 6482
716 393 736 453 i
749 396 852 456 055

1974 415 2253 474 MENSlS
2293 418 2653 479 OC'I‘OBER.

3826 429 3954 495 1056

715 503 908 571 patria.
945 521 1138 574 nempe
1189 508 1521 576 Nicomedia,
1545 523 1597 568 et
1641 528 1756 571 erat
1782 529 2002 575 ornatus
2028 524 2269 591 operibus

2390 530 2694 594 ριζόμενος,
2747 533 2841 599 τῆς
2886 532 2991 601 γὰρ
3028 534 3370 602 Νικομήδους
3411 537 3651 605 ὁρμᾶται
3699 541 3797 589 καὶ
3845 547 3951 599 τοῖς

713 593 950 662 pietatis,
989 612 1108 650 eum
1145 601 1304 655 nollet
1338 602 1581 658 habitare
1617 606 1667 659 in
1704 609 2066 666 tabernaculis
2097 631 2280 682 pecea-

714 694 915 752 torum,
946 696 1000 739 et
1026 688 1262 744 divinum
1291 691 1492 746 Christi
1526 712 1718 750 nomen
1746 701 1927 755 videre
1960 713 2064 756 tam
2101 704 2280 775 impu-

711 774 904 830 denter
949 778 1157 832 irrideri
1200 796 1262 836 ac
1305 785 1623 839 subsannat‘i
1675 805 1780 844 non
1833 792 2116 846 ferendum
2161 810 2280 847 esse

711 880 983 932 censeret,
1018 873 1200 926 relicta
1238 875 1385 929 urbis
1419 877 1769 942 habitatione.
1807 885 2154 952 amplectitur
2188 900 2280 938 so.

709 956 1020 1016 litudinem.
1057 963 1120 1015 Et
1155 979 1277 1016 cum
1309 966 1430 1018 vita}
1479 968 1824 1028 abstinentia.
1862 983 1914 1026 et
1947 988 2163 1027 secessu
2197 977 2280 1029 in-

711 1057 922 1103 ternum
968 1052 1237 1107 hominem
1288 1069 1661 1126 expurgassct,
1706 1061 1818 1114 zelo
1865 1063 2002 1115 sicut
2056 1079 2280 1134 magnus

709 1140 852 1194 Elias
880 1142 1124 1196 refertam
1153 1147 1375 1200 omnino
1401 1149 1621 1204 haberet
1640 1155 1895 1216 animam,
1919 1154 2102 1208 relicta
2133 1159 2277 1223 pari-

709 1245 789 1290 ter
808 1235 1117 1302 solitudine,
1137 1237 1415 1293 descendit
1447 1240 1514 1294 ad
1569 1243 1921 1299 habitandum
1954 1245 2008 1299 in
2034 1246 2274 1302 civitate.

778 1499 846 1554 Il.
878 1500 1012 1554 Cum
1044 1511 1221 1555 autem
1255 1502 1319 1556 ad
1354 1503 1725 1574 imperatorias
1755 1511 2167 1582 constitutiones
2190 1513 2273 1566 in.

707 1591 965 1646 tendisset
992 1593 1196 1660 oculos,
1228 1610 1348 1663 quae
1383 1612 1542 1665 supra
1575 1608 1756 1666 portas
1785 1603 2098 1670 proscripta:
2120 1615 2276 1660 erant

705 1683 955 1736 omnibus
990 1685 1143 1738 valde
1174 1687 1354 1740 ridens
1386 1689 1546 1742 talem
1579 1702 1850 1757 conatum,
1883 1693 2069 1749 fuitab
2096 1698 2274 1768 impiis

704 1773 1075 1842 deprehensus
1110 1777 1371 1844 protinus,
1400 1790 1453 1833 et
1487 1781 1665 1836 statim
1720 1785 1931 1838 vinctus
1964 1783 2065 1838 fuit
2091 1789 2274 1857 conje-

705 1873 828 1919 ctus
860 1866 914 1919 in
949 1868 1271 1934 custodiam,
1311 1880 1559 1940 tanquam
1590 1874 1762 1943 aliqua
1795 1877 1971 1944 praeda
2007 1879 2274 1936 sistendus

705 1971 886 2011 coram
926 1958 1127 2025 judice.
1171 1959 1459 2030 Postquam
1513 1972 1711 2031 autem,
1746 1969 1888 2034 quod
1920 1970 2118 2023 factum
2158 1972 2272 2026 fue-

707 2057 809 2112 rat,
856 2049 1091 2104 delatum
1146 2051 1244 2106 fuit
1294 2055 1358 2109 ad
1414 2071 1570 2111 aures
1620 2060 2053 2129 magistratuum,
2110 2064 2272 2132 jussit

700 2135 863 2204 iudex
896 2153 1017 2193 eum
1067 2141 1186 2194 duci
1223 2143 1286 2194 ad
1339 2144 1591 2201 tribunal.
1629 2146 1690 2199 Et
1735 2151 1978 2216 protinus
2008 2155 2273 2221 aSpiciens

705 2227 771 2280 ad
822 2244 944 2282 eum
990 2231 1078 2297 qui
1131 2230 1322 2286 ductus
1376 2230 1719 2296 fixerat,cum
1773 2250 1989 2306 propter
2035 2251 2270 2297 teneram

704 2327 917 2371 atatem
970 2331 1237 2387 sperasset
1280 2321 1391 2378 fore
1433 2334 1488 2379 ut
1524 2325 1694 2378 virum
1731 2341 2060 2400 expugnaret
2089 2332 2275 2385 fortis-

705 2413 899 2464 sitnum
922 2431 933 2465 :
957 2414 1208 2476 Quaenam
1237 2424 1336 2479 est,
1373 2419 1563 2485 inquit,
1598 2429 1742 2474 tanta
1769 2430 1876 2484 tua.
1907 2439 2025 2490 quae
2054 2425 2270 2488 dicitur,

704 2501 965 2562 amentia,
1003 2517 1120 2570 quae
1153 2506 1312 2557 etiam
1349 2522 1514 2575 pr0pe
1555 2509 1734 2562 eilecit
1766 2521 1822 2564 ut
1865 2515 2157 2568 deduceret
2203 2517 2270 2569 ad

703 2588 1074 2656 asperitatem,
1121 2591 1223 2646 nisi
1273 2594 1385 2663 ipsa
1445 2613 1563 2666 quae
1604 2597 1700 2653 fuit
1740 2613 2027 2670 conspecta
2065 2607 2272 2672 species

706 2680 1082 2751 persuasisset.
1103 2699 1213 2737 rem
1247 2700 1352 2738 non
1387 2687 1456 2740 ita
1501 2704 1560 2744 se
1596 2689 1792 2746 habere
1830 2711 1842 2746 :
1875 2705 1958 2748 est
1982 2697 2123 2749 enim
2151 2714 2268 2750 om-

708 2772 838 2823 nino
884 2772 1141 2838 alicnum,
1173 2783 1225 2828 et
1254 2792 1360 2830 non
1410 2790 1858 2847 consentaneum,
1892 2783 2030 2839 hanc
2077 2788 2271 2841 libera-

706 2858 810 2913 lem
860 2861 1111 2926 formam,
1143 2875 1196 2919 et
1242 2879 1486 2936 apertum
1539 2873 1908 2930 characterem
1958 2878 2268 2945 nobilitatis,

708 2949 845 3006 facta
874 2956 1088 3023 aggredi
1130 2967 1233 3011 tam
1259 2961 1508 3016 audacia.
1546 2965 1682 3019 Ecce
1715 2982 1842 3038 ergo
1877 2970 1971 3022 tibi
2003 2974 2266 3041 proponi-

707 3048 796 3097 tur
847 3046 1131 3101 multitudo
1171 3049 1416 3116 deorum,
1449 3070 1568 3123 qua:
1603 3057 1832 3113 diversis
1864 3064 2268 3130 operationibus

703 3144 760 3189 et
791 3136 1221 3194 invocationibus
1267 3143 1368 3196 sibi
1414 3145 1615 3199 alIatim
1651 3162 1927 3217 comparat
1971 3157 2271 3210 veneratio-

703 3242 850 3292 nem;
880 3227 1051 3294 ipsum
1079 3245 1292 3300 quoque
1326 3236 1582 3303 templum
1611 3249 1694 3292 est
1719 3241 1808 3292 tibi
1845 3253 2125 3310 apertum:
2150 3263 2243 3299 san

702 3318 864 3386 guine
895 3331 1073 3374 autem
1112 3338 1399 3392 conspersa
1427 3338 1726 3383 cernuntur
1746 3333 1966 3400 altaria;
1997 3337 2264 3404 publicum

703 3405 899 3461 festum
934 3410 1239 3468 celebratur
1260 3423 1315 3468 et
1345 3428 1530 3486 parata
1553 3431 1678 3474 sunt
1703 3439 2039 3494 qurecunque
2067 3445 2270 3484 conve-

704 3497 1198 3559 niunt-sacrificio.
1242 3507 1314 3560 Et
1359 3509 1453 3563 tibi
1498 3526 1625 3578 ergo
1665 3515 1868 3580 optime
1912 3519 2180 3579 consules,
2217 3531 2271 3574 et

706 3589 863 3646 nobis
883 3607 992 3645 rem
1027 3605 1230 3662 gratam
1256 3597 1448 3660 facies,
1477 3600 1520 3652 si
1566 3602 1695 3655 deos
1721 3591 1976 3670 colueris,
2006 3619 2059 3662 et
2085 3611 2162 3664 eis
2187 3627 2271 3665 sa-

704 3677 1052 3736 criticaveris.
1081 3682 1206 3738 Haec
1230 3696 1512 3756 tyrannus.

775 3790 864 3847 ιιι.
899 3794 1098 3866 Martyr
1125 3810 1305 3855 autem
1346 3802 1548 3872 Spiritu
1596 3823 1783 3863 sancto
1833 3821 1975 3868 totus
2010 3818 2265 3886 repletus,

703 3895 826 3935 cum
858 3898 916 3937 se
947 3886 1100 3956 signo
1140 3891 1336 3954 erucis,
1373 3895 1539 3947 veluti
1580 3898 1896 3964 quibusdam
1926 3910 2107 3971 armis,
2150 3929 2266 3963 mu-

703 3973 893 4029 niisset
928 3997 940 4029 :
976 3978 1120 4032 Vana
1152 3993 1297 4043 sunt.
1332 3988 1627 4054 respondit,
1663 4005 1695 4044 ο
1739 4008 1952 4060 przeses,
1993 4011 2110 4064 quae
2152 4015 2179 4052 a
2218 4010 2267 4053 te

705 4079 1102 4136 proponuntur.
1145 4073 1330 4142 Neque
1359 4079 1498 4132 enim
1529 4096 1590 4134 ex
1625 4084 1785 4138 rebus
1808 4091 2044 4144 externis
2077 4103 2129 4145 et
2151 4110 2269 4160 quae

706 4158 924 4214 minime
955 4161 1157 4217 fuerint
1203 4167 1253 4219 in
1308 4177 1571 4235 potestate
1611 4175 1860 4244 alicujus,
1890 4158 2268 4239 meticnda‘est

705 4247 898 4314 pietas,
931 4267 1047 4318 quae
1077 4265 1262 4322 aperte
1291 4267 1370 4312 est
1411 4262 1533 4314 boni
1579 4265 1808 4319 instituti
1839 4277 1890 4322 et
1928 4269 1977 4322 in
2005 4275 2168 4326 nostri
2203 4276 2267 4328 li-

703 4339 818 4393 beri
860 4343 1068 4396 arbitrii
1124 4346 1222 4400 sita
1274 4359 1357 4402 est
1408 4363 1690 4420 potestate.
1733 4361 1924 4426 Atque.
1956 4362 1999 4415 si
2052 4366 2265 4430 quidem

705 4430 816 4484 ﬁeri
870 4447 978 4486 non
1033 4446 1210 4503 potest
1261 4442 1350 4507 (ne
1395 4453 1444 4496 te.
1492 4462 1598 4499 non
1637 4450 1770 4505 velle
1823 4452 2054 4520 dicam),
2105 4465 2159 4507 ut
2203 4459 2266 4508 ad

2386 620 2484 684 τῆς
2521 619 2805 681 εὐσεϐείας
2852 621 3034 690 ἔργοις
3086 624 3456 693 κοσμούμενος
3491 630 3549 679 ἐν
3590 631 3952 696 σκηνώμασιν

2385 709 2727 777 ἁμαρτωλῶν
2760 716 3030 764 κατοικεῖν
3075 716 3171 782 οὐχ
3203 715 3547 784 αἱρούμενον,
3597 725 3698 772 καὶ
3735 722 3937 784 ἀνέδην

2382 797 2523 850 οὕτω
2555 799 2614 850 τὸ
2645 799 2739 852 τοῦ
2777 801 3009 870 Χριστοῦ
3045 803 3186 856 θεῖον
3216 805 3382 874 ὄνομα
3433 809 3566 875 ὁρᾶν
3595 808 3948 876 διαχλευαζὸ-

2385 908 2561 958 μενον,
2593 893 2818 945 ἀνεκτὸν
2848 895 2943 964 οὐχ
2978 897 3298 964 ἡγούμενος,
3326 898 3543 966 ἀπάρας
3569 900 3680 950 τῶν
3716 901 3861 951 κατὰ
3890 903 3948 951 τὲ

2385 983 2519 1034 ἄστυ
2557 984 2871 1051 διατριϐῶν,
2923 987 3021 1057 τὴν
3070 990 3306 1058 ἐρημίαν
3356 992 3687 1055 ἀσπάζεται,
3749 995 3843 1043 καὶ
3874 994 3947 1060 τῷ

2379 1075 2636 1145 ἐγκρατεῖ
2673 1079 2761 1131 καὶ
2809 1079 3202 1149 ἀναχωρητικῷ
3238 1082 3334 1151 βίῳ
3374 1084 3463 1135 τὸν
3495 1085 3650 1146 ἐντὸς
3698 1084 3945 1136 ἀποκαθ·

2380 1169 2652 1236 ηράμενος
2727 1170 3054 1239 ἄνθρωπον,
3113 1152 3206 1225 καλ
3259 1174 3374 1236 ὅλος
3428 1175 3589 1242 ζήλου
3651 1175 3801 1227 κατά
3859 1177 3947 1226 τᾶν

2383 1258 2555 1325 μέγαν
2593 1259 2777 1312 Ἠλίαν
2833 1261 3244 1333 πλησθεῖςξτὴν
3299 1264 3494 1332 ψυχὴν,
3553 1263 3652 1332 τὴν
3709 1265 3945 1331 ἐρημίαν

2377 1349 2655 1402 ἀπολιπὼν
2684 1348 2857 1418 αὖθις,
2895 1355 3027 1422 πρὸς
3052 1354 3152 1417 τὰς
3196 1357 3251 1406 ὲν
3301 1355 3450 1407 πόλει
3484 1355 3769 1423 διαγωγὰς
3808 1356 3942 1406 κάτ-

2378 1456 2532 1493 εισιν.
2949 1482 2954 1489 .

2451 1533 2524 1585 Β’.
2575 1532 2662 1594 Ὠς
2703 1532 2756 1584 δὲ
2788 1534 2922 1603 πρὸς
2947 1535 3043 1595 τὰς
3081 1534 3364 1604 βασιλικὰς
3393 1538 3610 1605 ἠτένισε
3646 1539 3943 1602 διατάξεις,

2376 1621 2428 1673 αἳ
2458 1622 2564 1672 τῶν
2592 1622 2773 1675 πυλῶν
2799 1623 3030 1692 ὕπερθεν
3053 1625 3388 1694 ἀνάγραπτοι
3418 1629 3587 1678 πᾶσιν
3618 1628 3942 1703 ἐτύγχανον,

2380 1713 2518 1780 μέγα
2570 1713 2942 1779 καταγελάσας
2989 1715 3082 1767 τοῦ
3146 1717 3572 1785 ἐγχειρήματος,
3633 1718 3947 1785 κατάφορπ

2380 1805 2542 1866 εὐθὺς
2579 1808 2694 1867 τοῖς
2744 1806 2997 1859 ἀσεϐέσιν
3049 1809 3286 1875 ἐγένετο,
3341 1813 3434 1862 καὶ
3481 1810 3704 1877 φυλακὴ
3758 1808 3946 1861 τοῦτον

2379 1893 2521 1965 εἶχεν
2563 1897 2762 1950 αὐτίκα
2805 1897 3044 1966 δέσμιον,
3092 1892 3203 1950 οἷον
3234 1915 3286 1950 τι
3332 1899 3551 1968 θήραμα
3588 1903 3945 1969 παραστησό-

2379 2005 2538 2054 μενον
2567 1987 2642 2056 τῷ
2680 1988 2976 2051 δικάζοντι.
3023 1989 3178 2040 Ἐπεὶ
3207 1990 3261 2041 δὲ
3295 1990 3425 2059 πρὸς
3450 1993 3545 2050 τὰς
3575 1992 3683 2043 τῶν
3716 1995 3776 2043 ὲν
3799 1993 3942 2044 τέλει

2377 2081 2541 2139 ἀκοὰς
2590 2079 2856 2148 ἀνηνέχθη
2913 2080 2973 2131 τὸ
3025 2080 3293 2146 γεγονὸς,
3353 2080 3636 2147 ἀγώγιμον
3697 2083 3864 2132 αὑτὸν
3917 2082 3945 2132 δ

2379 2170 2634 2238 δικαστὴς
2668 2171 2800 2239 etp”;
2837 2171 2894 2222 τὸ
2926 2172 3072 2240 βῆμα
3117 2171 3366 2236 γενέσθαι
3393 2171 3785 2223 διεκελεύσατο
3809 2187 3821 2199 ·
3854 2173 3942 2222 καὶ

2381 2262 2436 2322 ὃς
2476 2264 2554 2322 είς
2611 2263 2772 2313 αὑτὸν
2826 2263 3060 2332 ἀχθέντα
3114 2262 3270 2323 εὐθὺς
3322 2263 3548 2323 ἀπιδὼν,
3596 2263 3690 2314 καὶ
3751 2263 3840 2314 διά
3890 2263 3948 2312 τὸ

2378 2355 2568 2418 νεάζον
2594 2357 2694 2423 τῆς
2726 2355 2943 2423 ἡλικίας
2973 2355 3230 2423 συλήσειν
3256 2354 3488 2416 ἐλπίζων
3516 2355 3606 2405 τὸν
3632 2354 3947 2421 γενναιόταυ

2374 2464 2484 2510 τον,
2520 2447 2634 2510 Τίς,
2671 2440 2714 2500 ὧ
2743 2442 2917 2508 οὗτος,
2947 2449 2977 2515 ἡ
3011 2444 3246 2514 τοσαύτη
3281 2447 3404 2515 περὶ
3433 2445 3548 2508 σοῦ,
3586 2446 3716 2513 ἔφη,
3761 2446 3946 2498 διαλα-

2377 2538 2611 2605 λουμένη
2659 2539 2924 2599 ἀναίδεια,
2970 2539 3004 2607 ἦ
3046 2555 3132 2601 τις
3169 2537 3362 2606 μικροῦ
3399 2554 3465 2605 με
3502 2538 3598 2589 καὶ
3633 2537 3776 2602 πρὸς
3816 2554 3946 2603 τρα-

2377 2630 2583 2698 χύτητα
2613 2631 2960 2699 ἐξενεχθῆναι
2990 2630 3309 2700 πεποίηκεν,
3346 2629 3392 2680 εί
3426 2627 3497 2697 μὴ
3543 2630 3681 2680 αὐτὸ
3712 2629 3775 2680 τὸ
3804 2625 3944 2691 εἶδος

2374 2722 2585 2785 θεαθὲν,
2625 2723 2696 2790 μὴ
2729 2721 2900 2783 οὕτως
2937 2722 3078 2790 ἔχειν
3130 2722 3445 2773 ἀνέπεισεν·
3494 2719 3784 2788 ἀλλότριον
3836 2723 3944 2789 γὰρ

2374 2814 2548 2881 πάντη
2583 2814 2676 2866 καὶ
2722 2813 3104 2874 ἀνακόλουθον,
3143 2813 3274 2864 αἰδῶ
3308 2812 3561 2881 τοιαύτην
3613 2814 3713 2862 καὶ
3765 2830 3942 2881 χαρα-

2372 2907 2548 2974 κτῆρα
2603 2906 2935 2972 σαφέστατον
2997 2904 3293 2972 εὐγενείας.
3336 2903 3512 2972 ἔργοις
3576 2905 3944 2975 θρασυτέροις

2373 3003 2688 3070 ἐπιχειρεῖν.
2730 2999 2863 3051 Ἰδοὺ
2893 2995 2975 3051 σοὶ
3007 2999 3186 3050 τοίνυν
3217 2996 3421 3066 πληθὺς
3447 2997 3742 3064 πρόκειται
3773 2998 3934 3056 Θεῶν,

2371 3091 2648 3158 διαφόροις
2704 3090 3159 3159 ὲνεργείαις.κα“ι
3208 3089 3432 3157 κλήσεσι
3482 3087 3941 3140 καταπ).ουτοῦσα

2299 3183 2338 3236 C
2371 3183 2429 3234 το
2465 3183 2661 3252 τίμιον,
2696 3183 2903 3252 ἀνέῳγέ
2933 3198 3015 3234 σοι
3040 3182 3134 3234 καὶ
3156 3182 3280 3242 ναὸς
3310 3179 3490 3242 αὑτός.
3551 3181 3743 3250 Βωμοὶ
3773 3182 3831 3234 δὲ
3863 3181 3940 3250 τῷ

2370 3273 2553 3344 λύθρῳ
2607 3275 2717 3326 τῶν
2771 3273 3020 3342 αἱμάτων
3075 3273 3492 3343 περιρῤὶόμενοι
3535 3271 3939 3340 τεθεώρηνται,

2373 3368 2653 3435 πάνδημος
2690 3367 2866 3434 ἑορτὴ.
2907 3365 3358 3431 συγκεκρότηται,
3395 3363 3487 3414 καὶ
3535 3363 3646 3413 τῶν
3701 3365 3943 3427 ἀγγείων

2372 3460 2483 3523 ὅσα,
2505 3458 2638 3526 πρὸς
2691 3456 2881 3508 Θυσίαν
2931 3455 3240 3523 κατάλληλα
3275 3452 3811 3522 προσηυτρέπισται.
3860 3453 3940 3504 Τὰ

2371 3551 2634 3602 κάλλιστα
2666 3547 2795 3616 γοῦν
2832 3549 3044 3617 σεαυτῷ
3083 3550 3178 3600 καὶ
3229 3548 3361 3614 ἡμῖν
3392 3542 3670 3613 χαρίσαιο,
3729 3544 3778 3595 εί
3815 3546 3940 3608 τοὺς

2371 3641 2525 3703 θεοὺς
2558 3643 2845 3709 τιμήσειας
2902 3641 3000 3691 παὶ
3032 3641 3213 3700 αὐτοῖς
3245 3637 3548 3700 ὲπιθύσαις.
3606 3638 3805 3690 Καὶτὰ
3845 3638 3943 3706 μὲν

2367 3732 2459 3786 τοῦ
2492 3735 2749 3800 τυράννου
2780 3730 3023 3785 τοιαῦτα.

2441 3825 2520 3877 Γ’.
2596 3826 2654 3876 '0
2719 3824 2772 3875 δὲ
2839 3825 3047 3893 μάρτυς
3103 3823 3220 3884 ὅλος
3269 3822 3400 3883 ὅλως
3455 3820 3547 3873 τοῦ
3620 3821 3943 3888 Πνεῦματος

2369 3916 2461 3967 τοῦ
2525 3915 2681 3982 ἀγίου
2741 3916 3050 3982 γενόμενος,
3109 3915 3202 3966 καὶ
3267 3911 3340 3980 τῷ
3380 3910 3482 3962 στοῦ
3541 3909 3787 3980 σταυροῦ
3851 3926 3941 3980 ση-

2375 4007 2512 4075 μείῳ
2564 4003 2677 4059 οἷον
2735 4004 2887 4074 ὅπλῳ
2934 4006 3038 4056 τινὶ
3109 4003 3601 4072 περιφραξάμενος,
3700 4002 3938 4062 Licinia.

2369 4091 2412 4149 ο
2458 4098 2698 4166 ἡγεμὼν,
2765 4096 3116 4166 ἀπεκρίνατο,
3168 4095 3235 4146 τὰ
3290 4096 3445 4164 παρά
3485 4093 3578 4145 σοῦ
3655 4093 3941 4159 προτεινό-

2373 4203 2530 4253 μενα,
2566 4185 2827 4252 οὐδὲγὰρ
2879 4183 2984 4236 ἀπὸ
3038 4185 3146 4235 τῶν
3204 4183 3379 4244 ἐκτὸς,
3437 4181 3529 4232 καὶ
3578 4173 3654 4232 ὧν
3713 4182 3816 4233 οὐκ
3877 4181 3939 4231 ἀν

2368 4295 2452 4339 τις
2514 4277 2722 4343 γένοιτο
2792 4275 3015 4345 κύριος,
3100 4277 3160 4326 τδ
3250 4271 3490 4324 εὐσεϐεῖν
3553 4271 3935 4341 δοκιμάζεται,

2375 4369 2748 4438 προαιρέσεως
2794 4367 3006 4436 ἀγαθῆς
3058 4366 3152 4416 καὶ
3199 4363 3304 4416 τῶν
3353 4363 3438 4432 ἐφ’
3491 4365 3623 4433 ἡμῖν
3674 4364 3937 4432 ἄντικρυς

2373 4455 2633 4524 ὑπάρχον.
2677 4456 2733 4507 Εἰ
2767 4456 2867 4523 μὲν
2897 4455 2985 4506 οὖν
3011 4454 3265 4510 ἀδύνατον
3292 4454 3375 4505 ἵνα
3423 4454 3494 4521 μὴ
3529 4454 3673 4517 λέγω
3699 4451 3936 4518 ἀϐούλη-

709 4537 872 4574 unum
915 4532 968 4577 et
1023 4527 1224 4581 trinum
1276 4534 1516 4587 omnium
1548 4540 1776 4605 aspicias
1823 4543 2168 4610 principium,
2204 4550 2268 4601 ab

2375 4566 2464 4600 τον
2499 4548 2632 4611 πρὸς
2669 4546 2764 4616 τὴν
2808 4547 2936 4616 μίαν
2968 4562 3026 4598 σε
3065 4548 3154 4599 καὶ
3187 4545 3400 4597 πάντων
3431 4542 3721 4611 τριαδικὴν
3763 4537 3934 4611 ἀρχὴν

705 4627 892 4668 eorum
931 4618 1143 4681 saltem.
1177 4637 1295 4690 qua:
1329 4625 1585 4693 producta
1621 4630 1840 4687 fuerunt
1881 4635 2023 4689 bono
2053 4639 2263 4704 ordine,

705 4705 853 4758 disce
879 4706 1040 4761 Deum
1073 4712 1467 4771 universorum.
1509 4719 1599 4774 Sin
1631 4736 1810 4778 autem
1863 4727 2084 4783 deorum
2132 4746 2266 4797 pra:-

705 4793 812 4847 fers
844 4795 1268 4865 tnultitudinem,
1297 4819 1390 4871 per
1413 4823 1546 4873 quos
1562 4811 1914 4878 simpliciores
1945 4814 2163 4870 deducis
2197 4817 2264 4871 ad

704 4884 1015 4941 barathrum
1060 4890 1334 4957 interitus,
1364 4903 1419 4949 at
1448 4913 1547 4966 ego
1579 4902 1793 4970 quidem
1823 4920 1922 4957 nec
1971 4921 2030 4957 ea
2063 4922 2181 4973 qua:
2207 4915 2260 4959 tu

703 4975 842 5032 dicis
870 4979 1059 5034 audire
1087 4987 1351 5050 sustineo,
1395 5005 1567 5060 neque
1601 4993 1651 5046 in
1695 4995 1932 5050 animum
1961 4997 2174 5060 induco.
2206 5008 2264 5052 ut

705 5069 900 5124 talibus
928 5072 1169 5129 delecter
1207 5081 1505 5145 sacriﬁciis,
1542 5095 1598 5138 ut
1621 5087 1710 5154 qui
1743 5089 1841 5143 sim
1869 5091 2122 5157 praeditus
2150 5094 2268 5145 ani-

705 5175 790 5214 ma
835 5163 1097 5235 participe
1148 5168 1389 5232 rationis.
1436 5183 1489 5228 et
1537 5177 1602 5231 ad
1654 5192 1947 5246 supernum
2004 5181 2258 5234 mundum

705 5260 888 5318 aperte
928 5269 1213 5325 properem
1245 5277 1257 5313 :
1293 5262 1393 5317 soli
1441 5276 1621 5322 autem
1676 5280 1869 5322 natura
1921 5270 2049 5334 Deo,
2080 5281 2133 5326 et
2171 5275 2261 5341 qui

703 5354 809 5394 non
842 5350 926 5396 est
968 5347 1327 5415 aspectabilis,
1353 5352 1668 5409 sacrificabo
1699 5356 2022 5410 sacriﬁcium
2069 5358 2261 5422 laudis,

701 5441 754 5486 et
792 5432 891 5502 ipsi
931 5436 1154 5490 reddam
1205 5452 1327 5496 vota
1358 5460 1475 5499 mea
1520 5459 1697 5500 coram
1747 5456 1856 5499 toto
1895 5448 2093 5515 populo
2124 5451 2265 5518 ejus.

705 5521 796 5578 His
821 5526 900 5580 sic
930 5529 1109 5595 dictis,
1152 5540 1430 5604 tyrannus,
1461 5537 1704 5607 deposita
1744 5553 1970 5606 persona
2007 5540 2262 5606 lenitatis,

700 5615 854 5682 jubet
897 5621 1112 5688 quidem
1164 5624 1289 5679 exui
1337 5640 1644 5700 martyrem,
1671 5641 1726 5685 et
1779 5631 1924 5685 humi
1960 5643 2261 5699 extensum,

709 5707 1053 5765 vehementer
1082 5717 1373 5772 verberari.

2375 4639 2608 4703 ἀπιδεῖν,
2659 4640 2758 4693 κᾶν
2811 4639 2917 4692 ἀπὸ
2952 4639 3048 4707 τῆς
3089 4638 3196 4690 τῶν
3246 4635 3620 4703 παρηγμένων
3655 4634 3932 4698 εὐταξίας,

2369 4733 2459 4784 τὸν
2514 4729 2893 4798 γενεσιουργδν
2929 4730 3037 4781 τῶν
3081 4730 3215 4780 ὅλων
3246 4726 3378 4778 Θεὸν
3411 4725 3818 4795 μαθητεύοητι.
3874 4728 3933 4778 Et

2369 4824 2426 4876 δὲ
2457 4823 2592 4875 θεῶν
2622 4821 2830 4890 πληθὺν
2860 4821 3158 4889 προτιμᾷς,
3182 4818 3248 4872 δι’
3278 4812 3350 4872 ὧν
3381 4820 3505 4879 τοὺς
3530 4817 3932 4887 ἁπλουστέρους

2374 4912 2645 4984 χλευάζων
2672 4913 2807 4983 πρὸς
2836 4913 2894 4965 τὸ
2925 4911 3024 4980 τῆς
3054 4909 3326 4970 ἀπωλείας
3347 4909 3608 4973 κατάγεις
3634 4907 3931 4978 βάραθρον,

2303 5060 2305 5063 ,
2375 5004 2488 5058 ἀλλ’
2525 5003 2634 5071 ἐγὼ
2696 5003 2816 5057 οὕτε
2868 5004 3086 5057 ἀκούειν
3138 4996 3211 5055 ὧν
3248 5001 3311 5051 σὺ
3343 4999 3446 5068 φὴς
3481 4999 3774 5070 ἀνέχομαι.
3812 4999 3931 5052 οὔτε

2374 5095 2585 5157 θυσίαις
2612 5095 2890 5157 τοιαύταις
2923 5094 3134 5163 χαίρειν
3165 5092 3510 5164 προῄρημαι,
3542 5093 3638 5145 ita
3665 5091 3813 5161 ψυχῇ
3849 5092 3934 5144 λο-

2373 5191 2500 5257 γικῇ
2555 5189 2830 5257 τιμηθεὶς,
2887 5187 2979 5237 καὶ
3031 5185 3166 5255 πρὸς
3223 5186 3313 5238 τὸν
3367 5185 3477 5238 ἀνω
3511 5183 3719 5250 κόσμον
3746 5185 3932 5250 auctir;

2374 5281 2727 5350 ἐπειγόμενος
2751 5296 2767 5313 ο
2805 5279 2950 5346 μόνῳ
2985 5277 3040 5331 δὲ
3093 5278 3168 5348 τῷ
3215 5277 3373 5347 φύσει
3418 5275 3634 5343 ἀοράτῳ
3664 5273 3806 5341 Θεῷ,
3842 5273 3933 5324 Ou-

2382 5374 2502 5425 σίαν
2536 5373 2684 5426 θύσω
2723 5372 3003 5434 αἰνέσεως,
3040 5370 3134 5423 καὶ
3160 5366 3309 5435 αὐτῷ
3338 5367 3436 5427 τὰς
3466 5364 3633 5432 εὐχάς
3667 5380 3767 5432 μου
3801 5366 3924 5414 ἀποο

2373 5462 2528 5516 δώσω
2582 5462 2824 5516 ἐναντίον
2876 5461 3074 5522 παντὸς
3139 5457 3233 5510 τοῦ
3283 5455 3410 5508 λαοῦ
3466 5455 3654 5508 αὐτοῦ.
3715 5452 3930 5505 Τούτων

2373 5540 2514 5607 οὗτω
2539 5554 2858 5622 λεχθέντων,
2888 5553 2943 5606 τὺ
2967 5552 3062 5618 τῆς
3090 5548 3386 5610 ἐπιεικείας
3403 5545 3740 5614 ἀποθέμενος
3766 5558 3932 5611 προσ·

2375 5649 2572 5698 ωπείον
2640 5644 2668 5696 ὁ
2721 5645 3004 5713 τύραννος,
3052 5639 3398 5709 περιδύεσθαι
3454 5636 3552 5704 μὲν
3607 5636 3930 5704 προστάττει

2377 5740 2468 5789 τὸν
2519 5736 2787 5806 μάρτυρα,
2847 5734 2944 5789 καὶ
2998 5731 3085 5786 Eni.
3139 5732 3240 5800 γῆς
3286 5727 3515 5783 ταθέντα
3573 5724 3932 5797 σφοδρότερον

2377 5830 2687 5882 τύπτεσθαι.
