4136 6482
185 421 319 485 1057

1001 424 1464 485 MARTYRIUM
1508 424 1591 484 SS
1627 426 1998 486 EULAMPII
2038 429 2131 487 ET
2171 429 2592 490 EULAMPI/E.

3284 427 3419 495 1058

251 536 325 591 Δ’.
366 536 456 601 Ὠς
483 533 542 590 δὲ
582 535 848 603 γενναίως
890 536 984 589 καὶ
1016 535 1282 606 ἀνδρικως
1309 537 1337 588 6
1386 533 1596 607 μάρτυς
1620 536 1748 589 ἀντ-

1926 537 2015 591 ιν.
2041 537 2333 609 Postquam
2369 548 2547 593 autem
2583 546 2785 610 martyr
2814 553 3075 611 generose
3106 546 3160 593 et
3206 538 3423 595 fortiter

181 630 296 699 εῐχε
352 626 489 697 πρὸς
524 625 625 690 τὰς
663 625 957 695 βασάνους.
986 627 1082 680 καὶ
1123 628 1244 681 οὐδὲ
1280 628 1485 697 μικρὰν
1514 629 1744 680 ἐπεπόν-

180 718 262 772 θει
301 717 616 783 ἀλλοίωσιν,
649 716 994 781 διπλασιάζει
1037 716 1098 770 τδ
1139 718 1303 787 δριμὺ
1329 720 1429 788 τῆς
1473 717 1744 778 κολάσεως

180 812 209 863 6
255 808 518 871 δικάζων.
560 807 656 861 καὶ
711 806 924 877 νεύροις
972 807 1321 871 λεπτοτάτοις
1386 806 1743 877 μαστίζεσθαι

174 901 362 955 τοῦτον
390 901 766 971 ἀπηνέστερον
811 899 1177 953 διατάττεται.
1220 902 1286 952 Ἀ
1326 900 1483 969 δίκην
1509 900 1744 968 νιφάδων

172 994 249 1063 τῷ
298 992 623 1063 μαρτυρικῷ
667 991 1039 1061 ἐπιφερόμενα
1090 990 1325 1062 σώματι,
1377 992 1580 1061 πολλὴν
1629 994 1743 1054 τοῖς

173 1086 469 1138 πεπονθόσι
504 1084 693 1154 μέρεσι
722 1084 822 1153 τὴν
859 1083 959 1152 τῆς
992 1083 1185 1152 ὀδύνης
1218 1083 1470 1152 αἴσθησιν
1494 1083 1743 1153 ἐνειργά-

171 1176 294 1240 ζετο
314 1194 329 1209 ’
355 1178 489 1230 ἀλλά
524 1178 617 1229 καὶ
640 1174 814 1239 οὕτως
836 1177 863 1228 6
889 1176 1100 1246 μάρτυς
1122 1175 1273 1228 οὐδὲν
1302 1174 1455 1245 ῶφθη
1479 1176 1571 1227 τοῦ
1609 1192 1743 1244 φρο-

169 1270 415 1338 νήματος
460 1268 711 1333 ὐπανεὶς,
761 1268 792 1337 ἥ
861 1268 963 1334 τῆς
1018 1268 1157 1335 πρὸς
1199 1267 1290 1319 τὸν
1338 1268 1541 1337 Κύριον
1584 1267 1740 1336 ἡμῶν

167 1359 477 1421 ἐνδεδωκὼς
508 1362 764 1423 πίστεως.
813 1358 1095 1412 Ἐντεῦθεν
1140 1358 1533 1427 άλλεπάλληλοι
1571 1359 1741 1428 βασά-

168 1469 275 1503 νων
314 1449 448 1501 ίδέαι
476 1449 728 1519 καθάπερ
776 1448 996 1518 κύματα
1027 1447 1107 1517 τῷ
1138 1449 1376 1517 μάρτυρι
1426 1450 1738 1520 προσερρή-

166 1557 379 1608 γνυντο.
423 1540 602 1603 Εὐθὺς
632 1539 739 1608 γάρ
770 1541 798 1592 6
830 1540 1097 1609 τύραννος
1127 1540 1264 1607 πρὸς
1301 1540 1492 1611 ἑτέραν
1523 1540 1741 1612 εὕρεσιν

173 1629 449 1699 τιμωρίας
499 1632 782 1701 ἐτρέπετο,
835 1632 933 1685 καὶ
981 1632 1239 1701 ξύλῳτδν
1288 1632 1602 1699 άδάμαστον
1646 1634 1743 1687 άν-

166 1722 393 1791 δριάντα
438 1724 860 1794 προσαναρτῶν,
922 1722 1144 1792 ξεσμοίς
1203 1726 1304 1786 τὰς
1344 1726 1555 1794 σάρκας
1579 1743 1743 1778 κατε-

166 1815 405 1879 δαπάνα,
438 1818 531 1870 καὶ
557 1812 627 1886 ἦν
661 1816 818 1885 μέχρι
858 1816 1076 1886 μυελῶν
1102 1820 1195 1868 καὶ
1230 1816 1433 1869 ὀστέων
1461 1817 1641 1868 αὐτῶν
1679 1818 1739 1869 τὸ

163 1910 333 1978 ἄλγος
388 1910 773 1977 ὑποδυόμενον,
825 1909 923 1961 καὶ
965 1908 1073 1960 τῶν
1124 1909 1356 1976 καιρίων
1413 1908 1593 1977 μερῶν
1638 1907 1733 1961 τοῦ

164 1998 421 2070 σώματος
453 1999 854 2068 ἐφαπτόμενον.
903 1998 964 2051 Ὀ
996 1999 1053 2053 δὲ
1089 2000 1319 2069 μάρτυς,
1348 1999 1514 2069 εὐχὴν
1541 2002 1609 2069 τῇ
1641 1998 1735 2069 βα-

162 2095 311 2162 σάνῳ
350 2093 751 2161 συγκεραννὺς,
801 2093 897 2146 καὶ
945 2095 1025 2157 εἰς
1075 2093 1396 2160 ἐπικουρίαν
1428 2090 1520 2144 τὸν
1566 2090 1732 2144 αὐτοῦ

158 2187 457 2256 ἀθλοθέτην
488 2187 886 2255 ἐπιϐοώμενος.
929 2186 990 2238 οὐ
1036 2187 1268 2254 πάσχειν
1296 2183 1516 2253 μᾶλλον,
1550 2184 1581 2253 ἢ
1616 2184 1732 2235 ἑτέ-

162 2296 258 2346 ρου
284 2279 610 2348 πάσχοντος,
649 2279 811 2339 αὐτὸς
840 2271 982 2328 εἶναι
1007 2276 1201 2347 θεατὴς
1227 2274 1533 2345 ἐνομίζετο.
1579 2274 1733 2328 Ἐπεὶ

158 2370 215 2423 δὲ
252 2370 456 2431 ίκανῶς
497 2369 764 2437 ἐνήθλησε
807 2369 923 2429 τοῖς
956 2368 1199 2437 ξεσμοῖς,
1255 2372 1351 2438 κα).
1390 2369 1497 2421 πᾶν
1548 2366 1735 2420 διατα-

161 2459 381 2528 ραχθὲν,
422 2458 486 2510 τὸ
521 2457 679 2526 σῶμα
712 2456 1009 2527 προῦκειτο
1037 2457 1299 2526 δυσειδὲς,
1336 2458 1588 2525 δαίμονες
1634 2458 1734 2527 μὲν

156 2551 233 2614 ῶς
265 2549 413 2617 είκὸς
468 2548 920 2614 ὑπεξανίσταντο,
952 2549 1083 2609 Θεὸς
1110 2550 1167 2601 δέ
1194 2550 1285 2602 τὸν
1302 2552 1501 2603 οίκεῐον
1527 2549 1733 2603 ἄνωθεν

156 2641 376 2711 ἐνίσχυε
410 2640 765 2711 στεφανίτην,
804 2641 898 2693 καὶ
943 2642 971 2693 6
1017 2639 1279 2709 δικαστὴς
1330 2640 1520 2693 ἐαυτὸν
1562 2641 1733 2709 ἡττώ-

158 2750 320 2803 μενον
353 2731 623 2803 καθορῶν,
659 2732 733 2795 ὼς
780 2733 915 2803 μήτε
965 2732 1145 2801 λόγοις
1182 2725 1290 2796 οἷός
1321 2749 1379 2785 τε
1421 2730 1498 2784 ῶν
1525 2731 1733 2784 πείθειν

151 2824 247 2875 τὸν
279 2823 577 2891 πάσχοντα,
627 2825 765 2894 μήτε
825 2823 1111 2890 θωπείαις,
1173 2825 1310 2895 μήτε
1360 2823 1500 2877 τισὶν
1546 2823 1732 2886 ἄλλαις

154 2915 451 2979 ἐπινοίαις,
485 2916 578 2967 ἐπὶ
606 2915 863 2985 τοιαύτην
908 2919 1080 2986 χωρεῖ
1129 2916 1385 2986 βάσανον,
1430 2911 1495 2985 ἧς
1543 2917 1733 2987 hami)

151 3007 267 3067 τοῖς
288 3006 394 3059 ὠσὶ
417 3006 514 3059 καὶ
555 3005 717 3075 μόνον
756 3006 1129 3075 ἐμπίπτουσα,
1164 3007 1553 3077 συνταράττειν
1577 3007 1734 3060 δύνα-

156 3115 269 3161 ται,
317 3098 415 3150 καὶ
449 3098 673 3166 συγχεῖν
703 3098 797 3149 καὶ
837 3095 961 3149 νοῦν
988 3097 1081 3149 καὶ
1107 3097 1370 3151 διάνοιαν.
1413 3096 1594 3166 Ἰμᾶσι
1622 3098 1731 3166 γὰρ

1846 630 2045 684 restitit
2077 632 2378 695 tormentis,
2411 641 2465 686 et
2496 646 2593 686 nec
2625 631 2895 685 tantillum
2923 631 3140 701 quidem
3172 630 3273 685 fuit
3296 645 3418 685 mu-

1846 728 2006 782 tatus,
2064 723 2411 777 acerbitatem
2462 723 2711 793 supnlicii
2747 723 2912 792 judex
2960 732 3136 792 auget,
3181 737 3418 792 eumque

1844 812 2025 865 nervis
2056 812 2186 866 caedi
2215 813 2552 869 tenuissimis
2594 814 2817 881 imperat
2839 812 3266 877 crudeliter.Qui
3292 826 3415 867 cum

1843 902 1968 956 nive
2003 903 2232 971 Spissius
2285 904 2537 973 martyris
2579 904 2792 973 corpori
2856 903 3251 969 indicerentur,
3284 903 3415 957 alle-

1844 992 1948 1047 ctis
1998 994 2239 1061 partibus
2265 994 2565 1049 atlerebant
2611 1010 2861 1065 magnum
2924 1010 3143 1049 sensum
3192 994 3415 1048 doloris.

1846 1082 1949 1135 Sed
1982 1084 2059 1137 sic
2081 1099 2296 1153 quoque
2339 1095 2540 1153 martyr
2574 1084 2711 1139 nihil
2746 1084 2897 1139 visus
2925 1095 3010 1139 est
3051 1084 3323 1138 remisisse
3352 1086 3418 1138 de

1843 1188 1938 1227 sua
1972 1174 2137 1228 animi
2170 1175 2547 1245 magnitudine
2582 1185 2675 1229 aut
2702 1174 2767 1228 de
2796 1190 2890 1229 sua
2922 1175 3024 1230 ﬁde
3061 1175 3113 1227 in
3140 1174 3415 1229 Christum

1844 1268 2132 1323 Dominum
2167 1280 2411 1325 nostrum
2442 1269 2645 1337 aliquid
2684 1270 2972 1324 relaxasse.
3000 1269 3137 1323 Hinc
3167 1269 3419 1338 frequen-

1844 1368 1945 1423 tes,
1976 1370 2027 1416 et
2054 1377 2113 1416 se
2142 1362 2374 1416 invicem
2421 1370 2821 1431 consequentes
2868 1370 3261 1415 tormentorum
3296 1375 3418 1430 spe-

1841 1436 1973 1504 cies.
2007 1463 2259 1522 tanquam
2314 1453 2529 1516 fluctus,
2578 1453 2937 1523 erumpebant
2988 1454 3041 1507 in
3101 1460 3408 1522 martyrem.

1843 1534 2038 1594 Statim
2072 1546 2215 1597 enim
2262 1560 2560 1599 conversus
2588 1556 2671 1599 est
2712 1554 2972 1615 tyrannus
3017 1544 3083 1598 ad
3128 1544 3417 1597 invenien-

1839 1630 1969 1685 dum
1997 1632 2141 1685 aliud
2175 1634 2499 1702 supplicium
2537 1652 2549 1687 :
2586 1646 2639 1688 et
2666 1635 2810 1705 ligno
2843 1634 3157 1703 appendens
3180 1632 3417 1686 indomi-

1842 1733 1949 1777 tam
1978 1733 2231 1788 statuam,
2258 1728 2613 1781 consumebat
2655 1741 2847 1780 carnes
2886 1725 3326 1784 lat'crationibus,
3362 1731 3414 1781 el

1842 1816 1910 1869 ad
1937 1817 2201 1871 medullas
2231 1830 2282 1871 et
2324 1834 2443 1871 ossa
2478 1835 2648 1886 usque
2694 1819 2905 1872 subibat
2941 1817 3093 1871 dolor
3130 1825 3185 1871 et
3213 1814 3413 1884 princia

1844 1908 1991 1977 pales
2022 1918 2206 1977 partes
2232 1911 2478 1978 corporis
2514 1910 2832 1980 attingebat.
2866 1909 3064 1979 Martyr
3095 1917 3272 1965 autem
3298 1920 3419 1977 pre-

1843 1998 1998 2054 cibus
2028 2004 2361 2056 tormentum
2392 2010 2832 2070 contemperans,
2868 2010 2921 2055 et
2951 2002 3032 2054 sul
3071 2000 3419 2069 Agonothetae

1843 2090 2103 2144 auxilium
2174 2092 2457 2158 invocans,
2509 2108 2618 2146 non
2676 2092 2848 2163 magis
2902 2091 3228 2147 censebatur
3305 2092 3416 2161 pati

1842 2197 2004 2250 quam
2046 2183 2153 2236 alio
2182 2184 2423 2251 patiente
2478 2184 2591 2254 ipse
2638 2199 2757 2239 esse
2812 2194 3104 2255 spectator.
3132 2183 3416 2253 Postquam

1841 2281 2025 2327 autem
2070 2273 2204 2326 satis
2251 2273 2549 2328 decertavit
2598 2276 2859 2329 adversus
2905 2275 3421 2342 dilacerationes,“

1842 2363 2161 2419 universum
2241 2364 2581 2435 discerptum
2650 2380 2848 2434 corpus
2915 2367 3255 2437 propositum
3316 2368 3420 2424 fuit

1841 2464 2063 2523 aspectu
2090 2464 2313 2519 tetrum,
2336 2454 2612 2510 daemones
2641 2456 2882 2525 quidem,
2916 2465 2977 2511 ut
3001 2473 3097 2526 par
3122 2468 3259 2521 erat,
3284 2472 3420 2515 mte-

1843 2545 2057 2609 rebant,
2086 2545 2229 2601 Deus
2284 2555 2467 2600 autem
2514 2561 2546 2600 e
2592 2548 2806 2614 superis
2850 2548 3154 2603 exsultabat
3201 2558 3421 2619 propter

1840 2650 2000 2689 suum
2051 2650 2252 2688 corona
2300 2636 2609 2690 redimitum
2659 2637 2938 2693 athletam.
2991 2637 3164 2692 Judex
3223 2640 3419 2696 deinde

1841 2740 2073 2781 cernens
2100 2741 2159 2781 se
2191 2740 2316 2781 esse
2362 2740 2703 2798 superatum,
2727 2744 2850 2784 cum
2906 2746 3008 2790 nec
3037 2732 3213 2787 verbis
3243 2743 3422 2802 posset

1840 2818 2172 2888 persuadere
2219 2819 2472 2888 patienti,
2512 2835 2614 2874 nec
2667 2820 2964 2885 blanditiis,
3000 2838 3101 2877 nec
3146 2823 3269 2877 ullis
3301 2823 3423 2879 aliis

1843 2908 2163 2971 rationibus,
2207 2909 2453 2978 procedit
2484 2908 2551 2963 ad
2585 2908 2690 2963 tale
2719 2912 3234 2981 tormentum,quod
3264 2912 3311 2967 si
3336 2912 3421 2966 vel

1841 3003 2017 3058 solum
2067 3002 2135 3057 ad
2180 3016 2341 3057 aures
2398 3002 2699 3071 perveniat,
2742 3009 2923 3071 potest
2982 3001 3309 3058 conturbare
3359 3019 3423 3060 ac

1840 3092 2177 3146 confundere
2199 3102 2435 3146 mentem
2464 3103 2517 3146 et
2545 3093 2950 3163 cogitationem.
2975 3091 3254 3147 Tenuibus
3273 3094 3421 3149 enim

152 3188 371 3251 λεπτοῖς
399 3187 527 3251 τοὺς
561 3185 669 3240 τῶν
692 3186 872 3240 ποδῶν
894 3186 986 3239 καὶ
1008 3188 1207 3258 χειρῶν
1234 3205 1297 3240 πε
1305 3187 1725 3259 ρισφιγχθέντας

1842 3182 1972 3238 loris
2018 3181 2216 3253 pedum
2270 3190 2328 3235 et
2373 3196 2629 3236 manuum
2676 3182 2967 3237 adstrictos
3019 3182 3219 3252 digitos
3266 3184 3424 3254 jubet

152 3278 477 3346 δακτύλους,
514 3281 595 3344 είς
626 3279 873 3332 τούπίσω
907 3280 1327 3349 περιενεχθῆναι
1362 3280 1554 3351 βιαίως
1602 3279 1724 3339 δια-

156 3367 465 3431 κελεύεται,
491 3370 585 3420 καὶ
612 3369 767 3436 δίκην
788 3368 1046 3436 πτόρθου,
1072 3370 1140 3420 τὰ
1161 3370 1253 3420 τοῦ
1283 3372 1564 3439 μάρτυρος
1589 3370 1731 3438 μέρη

155 3459 542 3527 περιλυγίσας,
568 3457 840 3528 ἀφόρητον
856 3456 998 3511 οὕτω
1013 3459 1111 3528 τὴν
1130 3459 1401 3529 τιμωρίαν
1422 3460 1732 3528 εἰργάζετο.

168 3550 469 3618 ’Δγκώνων
493 3550 602 3620 γὰρ
627 3550 1107 3621 συνθραυομένων,
1147 3552 1369 3624 σφυρῶν
1412 3550 1732 3620 συνθλωμέ-

162 3660 296 3706 νων,
357 3642 570 3696 σκελῶν
625 3642 1090 3713 συντριϐομένων,
1140 3647 1234 3696 καὶ
1277 3647 1440 3698 οἱονεὶ
1470 3644 1736 3711 διατετρι-

163 3736 343 3802 γότων
375 3738 443 3803 τῇ
495 3733 587 3804 βία
638 3734 737 3803 τῆς
787 3736 1049 3801 στάσεως,
1107 3736 1310 3806 μικροῦ
1364 3735 1732 3790 θανατοῦσθαι

157 3827 441 3880 συνέϐαινε
472 3826 563 3877 τὸν
588 3825 850 3894 ἀθλητὴν,
878 3827 971 3877 its
996 3829 1095 3895 τῆς
1138 3828 1404 3896 ἁρμονίας
1451 3827 1558 3879 τῶν
1599 3828 1733 3881 ὅλων

160 3916 253 3969 τοῦ
284 3914 541 3984 σώματος
564 3914 767 3983 μελῶν,
794 3914 890 3983 τῆς
917 3916 1151 3977 οἰκείας,
1176 3915 1548 3986 ἐξισταμένων
1569 3917 1731 3984 ἔδρας

155 4009 253 4061 καὶ
291 4006 523 4072 τάξεως,
568 4008 660 4061 καὶ
707 4006 786 4078 τῷ
822 4006 1067 4077 περιόντι
1109 4007 1209 4077 τῆς
1251 4008 1543 4080 ἀλγηδόνος
1596 4008 1731 4079 πρὸς

159 4094 345 4154 οῐκτον
378 4099 761 4168 ἐφελκομένων
799 4099 894 4151 καὶ
919 4097 1125 4169 ἄψυχα.

227 4192 306 4247 E'.
362 4190 508 4245 Ἀλλ’
534 4193 561 4243 6
592 4190 692 4259 μέν
720 4189 987 4261 τύραννος
1017 4193 1154 4262 προς
1177 4190 1277 4258 τὴν
1298 4194 1388 4246 διὰ
1417 4193 1527 4244 τῶν
1553 4194 1732 4260 ἔργων

157 4285 498 4354 ἐξατονήσας
548 4282 727 4336 πειθοῖ
762 4265 899 4354 πρδς
944 4283 1045 4356 τὴν
1074 4284 1161 4337 διὰ
1197 4284 1306 4336 τῶν
1350 4285 1527 4352 λόγων
1565 4281 1723 4348 αὖθις

152 4376 352 4447 ἐχώρει
392 4374 471 4445 τῷ
518 4376 616 4443 τῆς
657 4373 947 4439 διαλέξεως
994 4375 1369 4447 προσωπείῳ,
1423 4377 1484 4430 τὸ
1530 4376 1731 4429 οἰκεῖον

152 4466 534 4537 περιστέλλων
567 4465 833 4518 ἀδύνατον
857 4502 873 4527 ,
916 4465 1012 4517 καὶ
1049 4465 1244 4535 πρῶτα
1298 4468 1397 4535 μὲν
1432 4466 1527 4520 ατε
1561 4466 1726 4519 δεισι-

1832 3275 2099 3331 violenter
2138 3274 2493 3330 cireumtralti
2521 3315 2536 3339 ,
2563 3274 2708 3343 quod
2759 3274 2807 3328 ei
2844 3274 3249 3331 intolerandum
3299 3277 3423 3330 red-

1828 3366 1993 3421 debat
2044 3366 2370 3418 eruciatum.
2406 3365 2539 3418 Nam
2596 3380 2719 3419 cum
2767 3365 3245 3436 confringerentur
3290 3366 3420 3420 arti-

1827 3456 1955 3521 culi,
1985 3463 2041 3510 et
2089 3456 2327 3510 violenta
2385 3455 2705 3510 extensione
2757 3458 3167 3525 quodammodo
3221 3456 3421 3511 stride-

1829 3552 1997 3614 rent,‘
2028 3549 2251 3618 contigit
2291 3549 2550 3603 athletam
2605 3563 2772 3618 prepe
2824 3558 3002 3604 morte
3059 3548 3219 3615 afﬁci,
3274 3548 3419 3619 quod

1830 3654 2122 3709 compages
2154 3640 2399 3693 omnium
2436 3640 2806 3693 membrorum
2836 3642 3086 3710 corporis
3109 3656 3138 3694 a
3171 3656 3269 3696 sua
3292 3640 3422 3696 sede

1828 3738 1885 3784 et
1910 3731 2102 3785 ordine
2138 3730 2587 3795 dimoverentur;
2623 3735 2761 3785 adeo
2802 3739 2861 3785 ut
2895 3744 3118 3801 propter
3141 3732 3419 3805 ingentem

1828 3820 2069 3876 dolorem
2120 3823 2185 3877 ad
2224 3821 2656 3878 misericordiam
2702 3823 3054 3879 traherentur
3094 3826 3258 3881 etiam
3304 3826 3423 3879 ina-

1828 3929 1995 3967 nima.

1896 4199 1960 4253 V.
1996 4198 2105 4254 Sed
2140 4211 2405 4273 tyrannus
2426 4204 2647 4274 quidem
2680 4221 2803 4261 eum
2828 4221 2937 4260 non
2973 4207 3238 4273 potuisset
3264 4206 3421 4261 factis

1824 4292 2178 4362 persuadere,
2208 4294 2275 4347 ad
2307 4296 2750 4363 persuadendum
2782 4297 2957 4351 verbis
2990 4311 3180 4352 rursus
3204 4311 3262 4350 se
3286 4311 3421 4350 con-

1826 4382 1954 4443 fert,
1994 4397 2229 4451 persona
2283 4383 2672 4454 disputationis
2704 4399 2857 4439 suam
2910 4393 3097 4453 tegens
3148 4383 3421 4451 impoten-

1824 4474 1975 4529 tiam.
1995 4473 2062 4528 Et
2094 4478 2330 4544 primum
2350 4478 2594 4546 quidem,
2615 4486 2675 4531 ut
2701 4478 2792 4547 qui
2817 4485 2963 4531 esset
2984 4475 3249 4545 superstit
3272 4477 3421 4530 osius

150 4553 578 4620 δαιμονέστερον
608 4553 738 4619 περ)⁸
765 4551 827 4603 τὸ
859 4551 994 4605 ι’διον
1015 4552 1363 4622 διακείμενος
1404 4555 1589 4619 σίδας,
1624 4556 1723 4643 τῂν

1836 4566 2059 4624 allectus
2118 4568 2176 4623 in
2232 4582 2385 4622 suam
2446 4568 2807 4639 religionem,
2851 4568 3125 4623 lacerabat
3178 4567 3418 4621 divinam

146 4658 206 4695 τε
239 4640 522 4710 θεοπρεπῆ
563 4639 653 4691 τοῦ
678 4639 837 4707 λόγου
874 4640 1092 4709 διέσυρε
1158 4643 1463 4712 σάρκωσιν,
1520 4648 1612 4702 καὶ
1659 4639 1728 4699 τὰ

150 4731 341 4783 τούτου
384 4730 532 4798 πάθη
570 4730 664 4783 καὶ
691 4729 928 4801 σταυρὸν
956 4733 1139 4799 αὐτὸν,
1175 4738 1271 4789 καὶ
1309 4739 1411 4791 ὅσα
1454 4738 1554 4807 τῆς
1592 4741 1725 4807 ἠμε-

147 4823 316 4887 τέρας
344 4821 597 4890 σύμϐολα
628 4822 906 4893 σωτηρίας
926 4862 940 4886 ,
978 4825 1393 4895 προσκόμματα
1430 4827 1724 4881 σκανδάλου

150 4910 382 4977 ἐτίθετο,
430 4912 527 4964 ἐπὶ
578 4913 792 4975 τούτοις
852 4916 946 4967 καὶ
996 4916 1095 4987 τὴν
1134 4916 1244 4969 τῶν
1293 4919 1579 4987 στοιχείων
1637 4922 1728 4988 δη-

154 5004 445 5074 μιουργίαν
486 5005 858 5072 προύϐάλλετο
881 5047 895 5067 .
933 5007 1009 5069 ὡς
1044 5011 1143 5077 μὲν
1190 5010 1376 5078 ἡδεῖαν
1410 5008 1575 5065 οὖσαν
1600 5052 1614 5076 ,
1651 5012 1724 5075 ὡς

148 5099 204 5151 δὲ
243 5099 571 5168 ἐπέραστον,
607 5102 699 5150 καὶ
729 5100 1041 5169 ἀνθρώποις
1067 5106 1146 5163 εἰς
1178 5104 1486 5157 ἀπόλαυσιν
1508 5106 1726 5173 προκεί-

152 5190 344 5258 μένην,
398 5191 495 5241 καὶ
546 5189 619 5252 ὡς
653 5190 774 5259 μηδ’
822 5193 887 5242 ἂν
936 5190 1161 5254 ἐθέλειν,
1224 5195 1362 5261 μηδὲ
1445 5195 1537 5247 τὸν
1585 5196 1726 5262 ἄγαν

151 5282 561 5351 τυφλώττοντα,
604 5282 701 5349 τῆς
728 5283 790 5333 ἐκ
820 5282 1031 5353 ταύτης
1061 5283 1354 5352 στέρεσθαι
1398 5284 1609 5353 ἡδονῆς.
1669 5286 1725 5339 ’0

149 5376 203 5428 δέ
237 5376 454 5444 μάρτυς
484 5368 572 5439 (ἦν
613 5374 720 5442 γὰρ
758 5372 855 5440 τῆς
899 5374 1132 5442 ἀληθοῦς
1176 5377 1374 5443 σοφίας
1412 5376 1723 5446 ἀνάπλεως)

154 5463 500 5531 ἀντιπαρῆγε
582 5464 689 5514 τῶν
766 5466 977 5516 ἐκείνου
1035 5467 1173 5519 θεῶν
1228 5469 1290 5519 τὸ
1344 5468 1577 5527 ἀσθενὲς
1633 5472 1725 5521 καὶ

150 5542 476 5624 ἁνδρόθηλυ,
509 5554 571 5606 τὸ
605 5555 740 5623 πρὸς
785 5556 1049 5625 ἀλλήλους
1081 5559 1325 5626 μάχιμόν
1355 5576 1416 5611 τε
1458 5560 1555 5610 καὶ
1594 5576 1722 5612 στα-

152 5645 362 5707 σιῶδες,
411 5648 508 5699 καὶ
556 5646 615 5698 τὸ
668 5652 1004 5713 σωματικοῖς
1070 5647 1512 5715 ἐγκαλινδεῖσθαι
1551 5651 1723 5719 παθή-

151 5755 300 5805 μασι.
342 5742 434 5791 καί
466 5741 525 5791 τὸ
555 5738 677 5808 μηδ’
703 5739 878 5789 ὁτιοῦν
912 5740 1019 5791 τῶν
1055 5744 1429 5808 παρηγμένων
1469 5741 1560 5807 ἀφ’
1596 5742 1723 5791 eau-

150 5828 237 5881 τοῦ
273 5832 376 5898 τὴν
408 5831 624 5893 γένεσιν
653 5832 798 5899 ἔχειν
834 5831 926 5881 καὶ
975 5833 1209 5902 ἄναρχον
1261 5826 1432 5891 εἷναι,
1478 5832 1595 5883 ἀλλ’
1642 5832 1718 5894 είς

1832 4657 1994 4711 Verbi
2028 4660 2215 4712 carnis
2238 4660 2673 4730 susceptionem,
2702 4660 2926 4726 ejusque
2957 4657 3338 4725 perpessiones
3362 4666 3421 4711 et

1832 4748 2001 4818 ipsam
2048 4762 2293 4812 crucem,
2342 4759 2400 4803 et
2450 4763 2788 4818 quacunque
2839 4756 2966 4803 sunt
3021 4749 3173 4819 signa
3216 4757 3419 4802 nostra:

1830 4837 2041 4898 salutis,
2067 4852 2130 4891 ea
2179 4839 2426 4895 seandali
2481 4838 2713 4892 ducebat
2761 4837 3111 4892 offensiones.
3143 4837 3272 4893 Post
3306 4838 3422 4893 haec

1834 4927 2145 4996 proferebat
2203 4929 2368 4981 etiam
2425 4928 2683 4981 fabricam
2736 4926 3150 4989 elementorum,
3192 4935 3250 4981 ut
3301 4940 3421 4995 que

1828 5026 1973 5072 essm
2017 5019 2244 5087 quidem
2284 5019 2459 5075 dulcis
2494 5028 2547 5073 et
2596 5019 2863 5083 amabilis,
2896 5029 2951 5073 et
3003 5020 3069 5073 ad
3126 5017 3416 5073 fruendum

1830 5111 2105 5179 proposita
2150 5111 2488 5173 hominibus,
2526 5119 2579 5163 et
2615 5105 2761 5177 quod
2797 5111 2966 5164 nollet
3001 5126 3067 5164 ne
3104 5111 3259 5163 valde
3297 5110 3419 5178 qui-

1830 5202 1951 5255 dem
1999 5215 2199 5261 creetis,
2244 5216 2366 5269 quae
2414 5216 2479 5253 ex
2520 5217 2581 5256 ea
2632 5202 2825 5265 oritur,
2861 5202 3057 5269 privari
3117 5202 3415 5271 voluptate.

1829 5290 2027 5361 Martyr
2078 5304 2263 5346 autem
2321 5295 2459 5362 (erat
2504 5296 2647 5347 enim
2698 5309 2820 5347 vera
2867 5294 3063 5363 plenus
3116 5293 3413 5364 sapientia)

1828 5387 2012 5437 contra
2046 5385 2473 5438 all'erebatillius
2491 5385 2715 5439 deorum
2745 5386 3167 5439 imbecillitatem
3198 5397 3250 5439 et
3281 5384 3415 5439 επε-

1830 5476 2207 5534 minationetn,
2244 5490 2363 5546 quae
2410 5479 2553 5531 inter
2575 5494 2633 5533 se
2664 5480 2896 5532 invicem
2937 5479 3176 5539 fuerunt,
3204 5492 3413 5547 pugnas

1829 5575 1879 5617 et
1916 5565 2237 5625 seditiones,
2272 5576 2323 5619 et
2354 5568 2497 5635 quod
2540 5568 2913 5623 volutarcntur
2962 5570 3014 5621 in
3046 5570 3290 5637 corporis
3326 5568 3406 5621 af-

1830 5654 2195 5717 fectionibus;
2240 5670 2292 5708 et
2338 5659 2482 5724 quod
2530 5659 2666 5711 nihil
2708 5675 2899 5712 eorum
2926 5702 2938 5721 ,
2975 5676 3096 5729 qua:
3146 5660 3408 5729 producta

1824 5755 1975 5804 sunt,
2014 5763 2076 5798 ex
2110 5762 2167 5800 se.
2196 5758 2375 5799 ortum
2409 5750 2622 5807 habeat.
2654 5761 2707 5803 et
2747 5752 2818 5805 sit
2847 5752 2963 5806 sine
3000 5748 3407 5820 principi0.Sed

1827 5837 2009 5890 statim
2054 5838 2321 5892 referatur
2356 5842 2421 5895 ad
2457 5842 2686 5909 primatu
2727 5853 2777 5897 et
2806 5843 3125 5900 ellicientem
3152 5856 3401 5909 causam,
