4136 6512
180 456 303 520 1061

954 452 1429 514 MARTYRIUM
1472 452 1575 512 SS.
1636 451 2003 511 EULAMPII
2069 451 2165 510 ΕΤ
2208 451 2640 514 EULAMPMZ.

3290 450 3427 516 1062

181 585 404 641 μνήσκε,
434 563 788 633 συνοικισμοῦ
816 578 873 616 τε
896 563 992 615 καὶ
1021 562 1340 624 συναυλίας,
1366 562 1461 614 καὶ
1480 558 1742 613 τοιούτων
1769 589 1784 621 Α

1871 560 2261 623 tabitationem,
2295 560 2686 628 ethujusmodi
2725 558 2828 614 alia
2862 561 3038 631 signa,
3070 570 3125 615 et
3154 571 3432 632 postremo

178 663 343 716 ἄλλων
383 659 670 729 συμϐόλων
695 673 707 686 ο
739 656 833 710 καὶ
868 654 1024 717 τέλος
1058 656 1157 723 τῆς
1201 655 1372 722 αὐτῆς
1403 651 1613 704 ἐθέλειν
1642 650 1737 703 καὶ

178 757 403 816 πίστεως
427 752 581 819 ἔλεγε
615 751 708 803 καὶ
745 748 838 801 τοῦ
871 746 1219 815 σεὸάσματος
1253 745 1582 813 μετασχεῖν,
1645 743 1740 795 καὶ

178 848 282 900 τῶν
344 846 524 898 αὐτῶν
581 840 908 907 κοινωνῆσαι
966 836 1045 907 τῷ
1092 834 1308 904 ἀδελφῷ
1372 833 1739 903 παθημάτων.

182 937 360 992 Ταῦτα
392 937 591 999 τοίνυν,
635 934 723 985 τὸν
759 933 856 999 μὲν
882 929 1264 997 κακοδαίμονα
1300 927 1571 996 τύραννον
1602 927 1743 977 ἀπο-

186 1032 297 1101 ρίας
332 1029 597 1097 ἐπλήρου,
634 1025 757 1087 τοὺς
789 1024 843 1075 δὲ
879 1021 1082 1082 θεατὰς
1107 1020 1216 1071 τῶν
1273 1019 1572 1087 δρωμένων
1615 1033 1743 1085 μετ-

185 1122 422 1173 εκαλείτο
453 1120 585 1188 πρὸς
612 1118 711 1185 τὴν
742 1114 1030 1167 εὐσέϐειαν
1052 1154 1066 1177 ,
1103 1114 1199 1165 καὶ
1230 1112 1286 1174 ὃς
1314 1114 1513 1165 αὐτίκα
1554 1110 1744 1179 μιαρὸς

184 1214 288 1275 ὢν,
330 1212 465 1280 πρὸς
512 1210 744 1277 μιαροὺς
803 1203 1002 1275 ἐχώρει
1057 1203 1380 1270 λογισμοὺς,
1439 1203 1535 1254 καὶ
1585 1201 1745 1253 πάθει

188 1303 382 1374 μᾶλλον
425 1299 738 1367 σωματικῆς
790 1295 1116 1358 συνουσίας,
1154 1294 1278 1361 οὐχ).
1326 1293 1478 1362 πόθῳ
1507 1291 1746 1361 Χριστοῦ

187 1393 486 1464 προσφύναι
520 1390 597 1460 τῷ
638 1392 876 1457 μάρτυρι
907 1385 1113 1455 ταύτην
1141 1384 1302 1455 ᾠετο.
1356 1386 1536 1455 Δριμὺ
1571 1385 1749 1437 τοίνυν

186 1489 273 1540 καί
300 1484 559 1553 ὲμῦριθὲς
586 1482 719 1552 πρὸς
748 1481 920 1548 αὐτὴν
950 1479 1229 1541 ἀτενίσας,
1277 1478 1342 1532 Τί
1371 1494 1477 1542 σοι,
1511 1478 1669 1548 φησὶ,
1707 1471 1750 1529 ὧ

185 1578 365 1644 γύναι,
413 1575 473 1627 τι
530 1574 777 1640 σόφισμα
828 1571 1081 1640 βούλεται
1138 1569 1318 1631 τοῦτο,
1372 1572 1465 1623 καὶ
1497 1572 1612 1633 πῶς
1646 1570 1752 1638 ἄρα

186 1667 457 1735 πρόφασιν
505 1662 775 1731 ἐρωτικῆς
830 1665 1028 1732 μανίας
1064 1662 1163 1729 τῆς
1201 1661 1340 1731 πρὸς
1371 1663 1462 1712 τὸν
1504 1662 1753 1729 παρόντα

184 1758 393 1810 τουτονὶ
455 1754 761 1816 νεανίσκον,
818 1754 916 1823 τὴν
965 1756 1065 1821 τῆς
1110 1752 1414 1820 θρησκείας
1458 1752 1753 1821 μετάθεσιν

186 1850 452 1916 ὲποιήσως
514 1846 670 1898 Ἀλλὰ
717 1846 988 1913 ἀνάνηψον
1030 1844 1129 1910 τῆς
1179 1844 1619 1912 περικεχυμένης
1672 1860 1754 1895 σοι

1839 652 2052 705 dicebat
2084 667 2143 705 se
2194 653 2334 707 velle
2378 668 2501 707 esse
2551 653 2873 721 participem
2924 653 3170 722 ejusdem
3224 655 3342 709 lidei
3374 661 3432 707 et

1842 743 2139 812 religionis.
2167 754 2222 797 et
2247 744 2620 798 communiter
2647 760 2771 798 cum
2804 744 2971 798 fratre
2997 746 3209 799 easdem
3243 747 3431 801 subire

1842 834 2251 905 perpessiones.
2278 835 2404 889 Haac
2430 850 2560 906 ergo
2591 836 2861 891 infelicem
2894 837 3111 906 quidem
3145 846 3427 907 tyrannum

1845 926 2143 993 implebant
2182 927 2533 982 dubitatione
2580 945 2593 982 :
2650 940 2980 998 spectatores
3016 941 3192 983 autem
3240 945 3425 984 eorum

1846 1032 1967 1085 quae
1995 1018 2226 1078 ﬁebant,
2255 1021 2619 1086 provocabant
2646 1022 2711 1073 ad
2743 1021 3016 1087 pietatem.
3044 1020 3308 1074 therum
3336 1020 3430 1074 ille

1848 1109 2116 1174 protinus,
2148 1123 2280 1161 cum
2307 1119 2450 1163 esset
2478 1111 2786 1170 sceleratus,
2819 1123 2876 1162 se
2897 1110 2961 1161 atl
2990 1109 3279 1162 sceleratas
3297 1124 3427 1164 con-

1849 1202 2015 1254 vertit
2058 1199 2439 1267 cogitationes,
2470 1211 2519 1255 et
2554 1210 2772 1269 prapter
2799 1202 3140 1254 alfectionetn
3178 1200 3427 1267 corporis

1851 1290 2289 1356 consuetudinis,
2328 1307 2434 1344 non
2481 1301 2657 1343 autem
2706 1300 2929 1357 promer
2972 1288 3246 1356 sanguinis
3293 1303 3425 1340 cou-

1848 1383 2205 1452 junctionem,
2224 1384 2534 1451 Christique
2564 1382 2911 1444 desiderium,
2937 1383 3273 1434 existimabat
3299 1394 3421 1432 eam

1852 1475 2127 1528 adhaerere
2158 1475 2396 1544 martyri.
2426 1472 2598 1526 Tot-ve
2624 1473 2801 1541 itaque
2826 1484 2879 1526 et
2913 1473 3164 1525 ferociter
3187 1486 3305 1524 eam
3338 1474 3421 1523 in-

1856 1575 2011 1620 tuens
2043 1586 2055 1619 :
2088 1567 2227 1630 Quid
2268 1565 2392 1624 sibi,
2425 1565 2618 1630 inquit,
2663 1579 2695 1616 o
2734 1565 2941 1625 mulier,
2971 1564 3081 1616 vult
3137 1566 3236 1616 hoc
3272 1572 3421 1615 tuum

1855 1668 2247 1715 commentum,
2276 1667 2329 1711 et
2356 1658 2625 1726 quomodo
2659 1666 2873 1724 propter
2904 1658 3164 1708 insaniam
3197 1654 3249 1706 in
3280 1654 3426 1706 hunc

1854 1744 2255 1803 adolescentem
2311 1749 2531 1801 mutasti
2593 1747 2947 1817 religionem?
3013 1747 3113 1798 Sed
3165 1746 3423 1814 resipisce

1858 1842 1925 1893 ab
1956 1842 2055 1893 hac
2084 1839 2413 1893 circumfusa
2450 1840 2678 1905 caligine
2715 1849 2817 1891 tum
2840 1839 3161 1902 atieetionis,
3196 1846 3248 1891 et
3276 1837 3425 1905 placa

185 1938 385 2006 ταύτης
412 1938 505 1990 τοῦ
541 1935 744 1998 πάθους
778 1936 995 2004 ἀχλύος,
1027 1935 1122 1985 καὶ
1148 1934 1206 1986 τὸ
1241 1933 1627 2003 φιλάνθρωπον
1646 1934 1757 1985 τῶν

1880 1932 2182 1985 nvictorum
2220 1930 2443 1983 deorum
2478 1930 2842 1983 clementiam.
2875 1930 2979 1994 Qui
3013 1931 3069 1982 lit
3099 1930 3261 1985 enim,
3285 1927 3427 1996 quod

188 2033 474 2100 ἀηττήτων
508 2029 650 2080 θεῶν
684 2026 996 2093 ὲξιλέωσαι.
1038 2027 1103 2077 Τί
1143 2027 1254 2095 γάρ
1279 2026 1340 2076 το
1368 2025 1542 2087 οὕτως
1572 2042 1629 2078 σε
1664 2042 1759 2092 με·

186 2127 454 2176 ταπεῖσαν
484 2121 716 2191 ἀθρόως,
760 2118 901 2171 ὥστε
930 2117 1025 2170 τοῦ
1062 2118 1285 2187 ἡδίστου
1322 2118 1514 2171 τούτου
1558 2118 1755 2185 φωτὸς,

190 2218 281 2269 καὶ
313 2214 421 2267 τῶν
441 2217 497 2267 ιν
520 2214 624 2283 βίῳ
651 2212 902 2282 τερπνῶν
936 2211 1264 2278 ἀποστῆναι,
1299 2212 1458 2277 γόητι
1486 2211 1542 2262 δὲ
1571 2209 1760 2277 νεανία

190 2308 684 2377 προσκολληθῆναι,
721 2308 818 2358 καὶ
841 2306 1051 2359 ἀναιδεῖ
1082 2303 1358 2371 προσώπῳ
1388 2304 1464 2371 τῷ
1500 2303 1759 2371 ἡμετέρῳ

194 2395 398 2465 βήματι
436 2397 823 2465 παραστῆναι,
865 2394 933 2445 τὰ
973 2391 1253 2459 συγγενῶν
1291 2392 1756 2461 ὑποκρινομένην,

193 2488 448 2551 καὶπρὸς
480 2486 778 2555 ἀδελφικὴν
818 2485 1050 2549 ἑνότητα
1086 2485 1187 2553 τὴν
1240 2484 1428 2552 σχέσιν
1462 2484 1763 2553 μετατιθεϊ·

195 2594 293 2632 σαν
318 2596 331 2608 ·
370 2577 512 2644 πλὴν
543 2576 659 2629 ἀλλ’
686 2576 744 2627 ού
771 2574 1172 2644 τοῧ’ήμετέρου
1218 2576 1615 2642 καταγελάσεις
1662 2576 1759 2645 βή-

198 2687 395 2741 ματος,
422 2668 544 2722 οὐδὲ
568 2668 676 2719 τῶν
710 2667 1134 2736 αὐτοκρατόρων
1168 2668 1550 2736 καταμωκήσει
1574 2708 1588 2730 ,
1625 2684 1764 2737 μαρ-

196 2761 434 2832 τύρομαι
467 2761 622 2821 θεοὺς
650 2759 918 2823 ἅπαντας,
960 2759 1058 2811 καὶ
1099 2759 1158 2810 τὸ
1196 2757 1288 2809 τοῦ
1324 2757 1567 2826 βήματος
1606 2759 1764 2828 ήμῶν

198 2852 425 2920 εὐμενὲς
464 2853 559 2904 καὶ
596 2849 983 2919 φιλάνθρωπον
1008 2888 1022 2912 ,
1060 2850 1134 2912 ὡς
1163 2849 1317 2901 οὐδέν
1344 2866 1395 2900 τι
1433 2849 1598 2902 πλέον
1625 2851 1767 2915 ἕξεις

196 2942 542 3012 Εύλαμπίου,
575 2942 609 3010 ἢ
640 2941 698 2992 τὸ
728 2942 938 3010 χείροσι
972 2940 1227 3009 βασάνοις
1258 2939 1653 3009 ὑποϐληθῆναι.

272 3038 354 3092 ll'.
391 3037 532 3107 Πρὸς
565 3034 708 3103 ᾶπερ
736 3037 768 3103 ή
800 3036 1007 3103 μάρτυς
1034 3034 1342 3103 άρρενωπῷ
1384 3033 1461 3101 τῷ
1483 3038 1768 3103 φρονήμαα

198 3151 274 3197 τι,
305 3130 559 3200 εὖστοχον
590 3129 843 3191 ἐποιεῖτο,
881 3128 977 3179 καὶ
1008 3126 1105 3195 τὴν
1127 3126 1440 3196 ἀπόκρισιν·
1483 3128 1768 3191 Ἄκουσον,

1861 2031 2043 2074 tutam
2077 2032 2301 2088 repente
2346 2021 2423 2075 sis
2480 2032 2704 2082 tnutata,
2744 2032 2797 2073 ιιι
2830 2028 2894 2073 ab
2933 2022 3030 2074 hac
3066 2021 3185 2073 luce
3218 2017 3427 2071 suavis-

1859 2113 2016 2175 sima,
2054 2119 2107 2163 et
2135 2110 2201 2162 ab
2240 2111 2302 2163 iis
2325 2125 2442 2178 qua
2485 2122 2611 2163 sunt
2641 2111 2692 2163 in
2722 2113 2823 2163 vita
2849 2112 3108 2180 jucunda,
3142 2110 3429 2166 discedas:

1859 2202 2231 2271 praestigiatori
2278 2210 2458 2253 autem
2502 2203 2687 2271 juveni
2737 2203 3094 2261 adhaerescas.
3155 2209 3211 2255 et
3253 2200 3435 2268 impu-

1861 2296 2011 2349 denti
2044 2295 2196 2347 vultu
2226 2294 2291 2346 ad
2322 2304 2564 2348 nostrqu
2597 2307 2652 2347 te
2693 2296 2850 2349 sistas
2878 2294 3133 2353 tribunal,
3169 2292 3433 2346 simulan-

1864 2399 1968 2443 tetu
2020 2388 2417 2457 cognationem,
2448 2397 2501 2441 et
2553 2390 2921 2442 tratlttceutcm
2983 2386 3433 2440 consuetudinem

1862 2478 1926 2531 ad
1954 2477 2251 2531 fraternam
2303 2478 2604 2532 unionem?
2638 2477 2829 2533 Verum
2873 2477 3153 2530 enimvero
3192 2486 3436 2530 nostrum

1865 2562 2099 2624 tribunal
2133 2585 2240 2622 non
2289 2570 2560 2631 irridebis,
2593 2585 2695 2623 nec
2728 2570 3077 2637 imperatores
3109 2568 3327 2621 habebis
3357 2567 3439 2620 lu-

1866 2665 2062 2718 dibrio.
2090 2664 2286 2716 Testor
2310 2664 2442 2715 deos
2472 2678 2680 2726 omnes,
2703 2674 2752 2714 et
2783 2661 2953 2714 nostri
2985 2659 3441 2713 tribunalis‘beni-

1868 2754 2122 2822 gnitatem
2157 2762 2213 2805 et
2244 2751 2613 2810 clementiam,
2637 2752 2729 2804 tibi
2753 2749 2887 2802 nihil
2914 2750 3145 2817 amplius
3173 2749 3438 2807 futurum.

1868 2858 2029 2912 quam
2068 2841 2377 2911 Eulampio,
2412 2842 2515 2896 nisi
2555 2842 2695 2910 quod
2741 2841 2814 2894 sis
2849 2839 3119 2909 pejoribus
3163 2840 3447 2894 tormentis

1871 2933 2229 3004 subjicienda.

1947 3047 2084 3101 Vlll.
2112 3046 2189 3100 Ad
2225 3046 2341 3103 hazc
2372 3055 2575 3116 martyr
2598 3045 2895 3100 masculino
2920 3046 3110 3115 spiritu
3140 3056 3194 3101 et
3221 3043 3446 3098 audacia

1875 3146 1998 3208 apte
2036 3140 2318 3207 respondit
2358 3159 2372 3192 :
2407 3141 2570 3201 Audi,
2598 3142 2803 3206 dicens,
2838 3155 2870 3193 ο
2894 3141 3082 3209 judex,
3104 3148 3157 3193 et
3187 3153 3447 3208 cognosce

201 3223 454 3289 εἰποῦσα,
504 3216 549 3274 ὦ
588 3218 843 3285 δικαστά,
890 3218 984 3272 καὶ
1013 3220 1106 3271 τόν
1152 3218 1287 3288 ἐμὸν
1322 3217 1396 3279 ὼς
1439 3215 1551 3286 ἔχει
1601 3217 1771 3285 γνῶθι

1877 3244 2056 3284 meum
2111 3239 2168 3283 ut
2221 3245 2280 3284 se
2332 3231 2493 3285 habet
2544 3247 2766 3300 scopum
2814 3247 2876 3286 ac
2923 3231 3252 3285 institutum.
3316 3229 3447 3286 Sum

202 3313 429 3368 σκοπόν.
464 3309 705 3380 Χριστοῦ
732 3304 966 3377 ὑπάρχω
992 3308 1154 3375 δούλη
1192 3322 1205 3338 ·
1243 3306 1480 3376 Χριστὸς
1504 3305 1630 3375 ἐμοὶ
1658 3304 1770 3374 ζωή

1877 3320 2075 3372 Christi
2113 3320 2327 3374 ancilla.
2375 3322 2623 3377 Christus
2672 3330 2757 3377 est
2806 3322 2939 3376 mihi
2997 3322 3123 3389 vita,
3150 3328 3205 3377 et
3258 3322 3451 3374 anima)

203 3406 296 3459 καὶ
317 3401 495 3472 ψυχῆς
522 3401 862 3469 ἀγαλλίαμα.
902 3400 1104 3452 Τούτου
1154 3401 1262 3468 ἐρῶ
1285 3438 1301 3461 ,
1334 3399 1505 3464 τούτῳ
1557 3399 1776 3454 σπεύδω

200 3495 457 3564 τυθῆναι.
528 3491 702 3561 ’Υπὲρ
750 3490 943 3544 τούτου
1007 3493 1102 3544 καὶ
1157 3491 1266 3563 πῦρ
1309 3492 1622 3559 εὐτρέπιζε,
1682 3490 1775 3540 καὶ

202 3588 374 3660 θῆρας
402 3592 524 3657 ἂγε,
558 3589 652 3640 καὶ
682 3587 909 3658 τροχοὺς
939 3584 1217 3654 ἑτοιμαζε,
1258 3586 1352 3637 καὶ
1377 3586 1507 3653 ξίφη
1543 3586 1773 3651 γύμνου,

204 3684 300 3735 καὶ
342 3683 525 3734 πᾶσαν
571 3680 741 3749 ἄλλην
793 3680 999 3732 ἐπινόει
1058 3678 1319 3747 βάσανον,
1361 3678 1444 3729 ἵνα
1474 3678 1652 3745 μάθῃς
1694 3677 1775 3729 ὅτι

200 3774 302 3843 οὺχ
333 3772 505 3835 οὕτως
532 3772 767 3839 ἀγεννὴς
797 3770 909 3837 εγὼ
941 3771 1033 3821 καὶ
1069 3770 1431 3837 μικρόψυχος,
1469 3765 1555 3829 οὒ,
1585 3768 1659 3835 μὰ
1686 3766 1777 3816 τὸν

205 3866 350 3933 ὑπὲρ
374 3864 661 3924 εύσεδείας
687 3863 876 3914 τοῦτον
904 3862 1091 3928 ἀγῶνα
1120 3903 1132 3926 ,
1163 3860 1222 3911 ὃν
1266 3860 1360 3912 καί
1398 3860 1559 3928 μέχρι
1594 3859 1777 3919 τέλους

203 3953 550 4023 ἀγωνιοῦμαί
584 3969 643 4005 τε
678 3952 772 4003 καὶ
802 3951 1146 4021 δραμοῦμαι,
1181 3950 1275 4002 καὶ
1318 3952 1452 4019 πρὸς
1491 3953 1596 4002 πᾶν
1639 3945 1777 4010 εἶδες

204 4046 485 4107 κολάσεως
533 4044 732 4112 ἑαυτήν
792 4043 1007 4094 ἔκδοτον
1057 4041 1421 4109 παραστήσω,
1481 4040 1570 4091 ἵνα
1637 4040 1779 4108 γνῷς

207 4143 294 4196 ὅτι
340 4136 544 4207 ἀδελφή
591 4134 701 4201 ἐγὼ
743 4134 959 4201 τούτου,
1023 4134 1116 4185 καὶ
1164 4134 1233 4184 τά
1274 4133 1478 4199 ἀδελφά
1507 4132 1782 4201 φρονοῦσα

202 4233 299 4286 τοῦ
330 4232 427 4292 τὰς
461 4230 561 4290 σάς
594 4226 861 4297 βασάνους
891 4224 967 4294 μή
1003 4225 1435 4289 ὑποπτήξαντος,
1469 4225 1562 4275 καὶ
1602 4225 1669 4273 τα
1716 4222 1783 4274 σὰ

208 4322 532 4388 σεϐάσματα
588 4317 1002 4379 καταλύσαντος
1030 4354 1043 4376 ,
1077 4318 1169 4367 καὶ
1205 4313 1362 4375 αὖθις
1402 4315 1458 4365 δὲ
1500 4329 1584 4363 σοι
1617 4312 1780 4380 φημὶ,

211 4414 288 4483 μὴ
346 4413 483 4479 πρὶς
533 4408 634 4478 τὴν
685 4409 785 4476 τῆς
838 4408 1161 4474 γυναικείας
1221 4406 1438 4474 φύσεως
1503 4405 1783 4473 ἀφορῶντι

206 4504 520 4565 ἀσθένειαν,
572 4499 795 4564 ἀνάξιον
844 4515 897 4550 τι
943 4500 1043 4567 τῆς
1088 4500 1331 4560 διανοίας
1376 4500 1473 4567 τῆς
1508 4496 1785 4566 ἡμετέρας

1877 3409 2186 3463 exsultatio.
2221 3410 2357 3463 Eum
2404 3427 2548 3474 amo,
2579 3415 2627 3465 ei
2673 3412 2864 3465 studeo
2895 3411 3209 3465 sacriﬁcari.
3249 3412 3352 3464 Pro
3385 3425 3452 3463 eo

1876 3505 2135 3570 etignem
2172 3517 2322 3570 para,
2356 3514 2409 3557 ct
2457 3505 2560 3558 duc
2612 3503 2836 3567 bestias,
2880 3514 2935 3557 et
2979 3505 3124 3557 rotas
3158 3501 3369 3571 expedi,
3396 3511 3452 3557 et

1881 3598 2083 3662 stringe
2123 3609 2301 3657 enses,
2332 3606 2387 3648 et
2435 3602 2677 3665 excogita
2728 3613 2889 3650 omne
2920 3597 3065 3650 aliud
3101 3605 3451 3657 tormentum,

1881 3696 1938 3737 ut
1965 3686 2104 3738 scias
2139 3700 2223 3739 me
2268 3701 2374 3738 non
2416 3700 2532 3738 esse
2583 3695 2687 3737 tam
2722 3687 2895 3755 ignavi
2932 3696 2985 3739 et
3032 3685 3207 3753 pusilli
3264 3684 3449 3738 animi.

1883 3774 2015 3835 Hoc,
2036 3777 2178 3840 quod
2211 3792 2308 3843 pro
2337 3777 2532 3843 pietate
2562 3778 2853 3846 suscipitur
2881 3785 3177 3839 certamen,
3202 3777 3267 3830 ad
3292 3780 3452 3830 linem

1886 3881 2055 3934 usque
2103 3865 2388 3919 decertabo
2438 3877 2490 3919 et
2542 3883 2813 3935 peragam,
2853 3878 2908 3921 et
2953 3871 3214 3936 meipsam
3250 3870 3453 3923 tradam

1884 3962 1947 4009 ad
1986 3972 2148 4008 omne
2179 3972 2348 4025 genus
2383 3960 2654 4027 SUpplicii,
2690 3968 2746 4012 ιιι
2777 3960 2916 4013 scias
2947 3975 3030 4012 tne
3075 3975 3195 4013 CSse
3228 3962 3345 4028 ejus
3370 3976 3457 4014 so-

1885 4059 2083 4102 rorem,
2116 4052 2172 4096 et
2220 4044 2455 4097 fraterne
2483 4048 2694 4108 eadem,
2724 4064 2843 4114 quae
2894 4050 2979 4102 ille
3017 4052 3201 4111 sentit,
3232 4053 3455 4116 sentire,

1886 4136 1977 4204 qui
2015 4147 2104 4189 tua
2148 4148 2411 4190 tormenta
2444 4152 2550 4190 non
2602 4138 2933 4200 formidavit,
2965 4149 3019 4192 et
3051 4156 3111 4192 ea
3139 4158 3258 4208 qua:
3302 4142 3457 4206 colis,

1885 4224 2173 4282 simulacra
2222 4231 2407 4282 diruit.
2465 4230 2631 4283 l’orro
2664 4243 2842 4285 autem
2896 4247 3079 4285 rursus
3110 4249 3324 4301 quoque
3362 4235 3456 4289 tibi

1887 4321 2027 4383 dico,
2062 4337 2129 4374 ne
2155 4322 2447 4391 'aspiciens
2477 4323 2543 4375 ad
2596 4325 2874 4376 muliebris
2916 4341 3077 4379 sexus
3125 4327 3461 4379 imbecillita-

1889 4422 2018 4472 tem,
2054 4427 2241 4481 Speres
2280 4414 2478 4481 aliquid
2514 4412 2792 4482 indignum
2824 4424 3008 4467 tiustra
3050 4429 3251 4477 mente,
3288 4432 3460 4485 neque

1890 4506 2064 4556 aetatis
2088 4505 2365 4556 mollitiem
2399 4516 2553 4572 putes
2580 4506 2685 4558 tuis
2717 4506 2954 4559 inventis
2980 4502 3139 4562 facile
3170 4522 3327 4576 posse
3359 4510 3458 4561 de-

207 4596 454 4659 ελπίσοι,
502 4591 640 4661 μηδὲ
668 4592 730 4643 τὸ
753 4589 851 4657 τῆς
886 4590 1103 4658 ἡλικίας
1131 4589 1340 4644 ἁπαλὸν
1376 4590 1779 4655 εὐεξαπάτητον

1890 4595 2015 4663 cipi.
2048 4594 2151 4659 Qui
2190 4598 2333 4648 enim
2385 4611 2482 4648 nos
2522 4598 2588 4649 ad
2637 4598 2880 4649 divinum
2909 4614 3065 4651 suum
3110 4602 3281 4653 erexit
3312 4616 3459 4653 amo-

208 4689 431 4759 νομίσαι
471 4687 592 4748 ταῖς
629 4686 749 4746 σαῖς
779 4684 1069 4745 ἐπινοίαις.
1114 4685 1174 4735 ’0
1199 4684 1306 4752 γὰρ
1335 4682 1471 4751 πρὸς
1496 4681 1592 4731 τὸν
1618 4677 1782 4733 αὑτοῦ

211 4780 395 4849 ἔρωτα
425 4776 720 4845 πτερώσας
751 4775 925 4843 ἡμᾶς,
956 4776 1051 4823 καὶ
1084 4774 1219 4840 πρὸς
1243 4772 1336 4823 τὸν
1368 4771 1510 4824 κατά
1546 4769 1662 4833 σοῦ,
1693 4770 1785 4822 καὶ

209 4870 309 4923 τοῦ
355 4868 610 4921 διασόλου
665 4866 904 4933 πόλεμον
954 4863 1314 4925 καθοπλίσας,
1350 4864 1511 4923 αὐτὸς
1542 4863 1637 4914 καὶ
1686 4860 1786 4931 τὴν

209 4962 447 5030 δύναμιν
472 4958 653 5030 ὀρέξει
681 4995 695 5021 ,
729 4957 823 5008 καὶ
853 4959 951 5025 τήν
988 4958 1145 5027 νίκην
1178 4956 1661 5025 περιφανεστάτην
1694 4956 1786 5022 ἐρ-

210 5054 469 5121 γάσεται.

282 5141 364 5198 Θ’.
408 5142 634 5202 Τούτοις
670 5142 703 5210 ή
729 5140 941 5211 μάρτυς
990 5140 1527 5212 πεπαρρήσιασμένῃ
1572 5138 1786 5208 γλώττῃ

209 5235 307 5288 τοῦ
342 5236 608 5305 τυράννου
647 5232 833 5299 σαφῶς
871 5228 1423 5301 καταρητορῠεύσασα,
1458 5230 1788 5301 ἐρραπίζετο

208 5329 312 5389 τὰς
346 5326 582 5396 παρείας
620 5324 1016 5393 ἀπηνέστερον,
1062 5328 1154 5375 καὶ
1202 5322 1326 5389 ὄψιν
1362 5322 1600 5391 ἰσχυρῶς
1662 5338 1787 5371 συν-

210 5414 496 5482 ετρίὸετο,
539 5411 603 5464 τὸ
637 5410 694 5461 δὲ
727 5408 826 5470 τῆς
872 5412 1090 5476 μορφῆς
1123 5408 1352 5477 ἐπίχαρι
1395 5409 1783 5477 καθηλλοίωτο,

211 5504 314 5557 καὶ
344 5505 404 5555 τδ
448 5504 549 5572 τῆς
602 5503 784 5570 φωνῆς
819 5498 1109 5552 ἐσδέννυτο
1162 5501 1420 5566 ὄργανον,
1460 5504 1524 5567 τῇ
1573 5502 1787 5568 συνεχεί

212 5594 329 5646 τῶν
361 5596 724 5666 ραπισμάτων
756 5596 1018 5664 ἐπιφορᾷ.
1048 5596 1191 5667 Πρὸς
1221 5594 1395 5647 ταῦτα
1425 5592 1540 5663 εἷχε
1580 5596 1675 5665 μὲν
1696 5595 1788 5646 τὸν

213 5686 445 5757 ἀδελφὺν
475 5686 887 5757 ἑπιρῤωννύντα
919 5690 1010 5739 καὶ
1039 5689 1461 5760 παραθήγοντα,
1495 5733 1507 5740 .
1530 5691 1625 5741 καὶ
1654 5690 1789 5759 πρὸς

216 5776 318 5839 τὰς
352 5778 620 5847 βασάνους
666 5780 1062 5848 εὐτολμοτέραν
1106 5778 1248 5833 εἶναι
1279 5784 1541 5834 ποιοῦντα
1570 5798 1582 5810 ο
1611 5783 1793 5852 ὴνδρί-

218 5866 344 5933 ζετο
382 5869 437 5923 εδ
463 5872 557 5923 καὶ
589 5870 731 5943 αὐτή
766 5870 887 5923 καθ’
933 5869 1057 5923 ὅσον
1100 5867 1213 5925 οἷόν
1244 5886 1302 5921 τε
1361 5874 1457 5925 καὶ
1506 5871 1791 5943 λογισμοῖς

1891 4701 2026 4747 rem,
2052 4696 2107 4737 et
2141 4702 2240 4738 nos
2269 4688 2499 4739 armavit
2524 4690 2588 4738 ad
2620 4688 2819 4741 bellum
2848 4699 3039 4742 contra
3074 4700 3123 4743 te
3160 4695 3457 4760 gerendum

1890 4783 1943 4829 et
1972 4775 2265 4841 diabolum,
2309 4776 2422 4843 ipse
2454 4788 2505 4830 et
2553 4778 2813 4847 prmbebtt
2842 4779 2983 4834 vires
3021 4790 3075 4835 et
3105 4784 3456 4838 clarissimam

1890 4866 2086 4921 efﬁciet
2113 4869 2416 4924 victoriam.

1962 5150 2053 5207 1x.
2088 5151 2212 5205 llaec
2249 5161 2446 5222 martyr
2479 5152 2657 5223 lingua
2698 5154 2863 5209 libera
2909 5167 3094 5226 aperte
3135 5161 3322 5214 dicens
3350 5161 3458 5215 ad-

1893 5257 2081 5297 versus
2104 5243 2410 5310 tyrannum,
2438 5246 2692 5312 colaphos
2714 5248 2864 5315 genis
2881 5251 3174 5303 crudeliter
3197 5252 3457 5320 impactus

1893 5335 2122 5401 accepit,
2172 5342 2222 5385 et
2265 5333 2365 5385 fuit
2412 5336 2531 5401 ejus
2574 5337 2751 5389 Vultus
2790 5340 3140 5395 vehementer
3174 5356 3457 5399 contusus.

1894 5422 2094 5476 Mutata
2129 5432 2212 5475 est
2240 5424 2418 5474 autent
2450 5426 2566 5492 ejus
2604 5424 2788 5479 formae
2820 5431 3013 5495 gratia.
3050 5440 3105 5484 et
3132 5434 3459 5488 exstinctum

1893 5516 1988 5569 fuit
2021 5515 2165 5567 vocis
2208 5517 2629 5567 instrumentum
2688 5516 2904 5572 inﬂictis
2936 5525 3278 5575 continenter
3316 5528 3459 5579 cola-

1894 5607 2033 5678 phis.
2065 5609 2141 5658 Ad
2179 5608 2289 5659 haec
2322 5606 2547 5660 habebat
2589 5609 2802 5676 quidem
2850 5609 3065 5664 fratrem
3095 5630 3212 5668 eam
3266 5618 3462 5671 confir-

1894 5706 2151 5759 mantem,
2183 5704 2237 5746 et
2279 5694 2620 5758 incitantem,
2670 5709 2723 5750 et
2763 5700 3104 5756 audaciorem
3148 5707 3459 5761 reddentem

1894 5788 1958 5841 ad
1992 5787 2308 5840 certamina.
2336 5785 2468 5841 Erat
2488 5798 2664 5840 autem
2699 5789 2809 5858 ipsa
2840 5809 3051 5862 quoque
3075 5795 3263 5861 virilis,
3287 5802 3461 5867 quoad

1900 5882 2014 5949 ejus
2050 5878 2163 5933 fieri
2198 5886 2430 5950 poterat,
2453 5889 2508 5934 et
2536 5883 2811 5948 generosis
2839 5888 3257 5957 cogitationibus
3291 5891 3461 5945 imbe-
