  <div class='ocr_page' id='page_1' title='image "/cluster/home/n/w/nwhite01/storage/ocr_20150623/115/uva.x004215515/577.png"; bbox 0 0 4136 6478; ppageno 0'>
   <div class='ocr_carea' id='block_1_1' title="bbox 728 395 862 462">
    <p class='ocr_par' dir='ltr' id='par_1_1' title="bbox 728 395 862 462">
     <span class='ocr_line' id='line_1_1' title="bbox 728 395 862 462; baseline 0.045 -6"><span class='ocrx_word' id='word_1_1' title='bbox 728 395 862 462; x_wconf 83' lang='lat'><strong>1063</strong></span> 
     </span>
    </p>
   </div>
   <div class='ocr_carea' id='block_1_2' title="bbox 2007 395 2683 458">
    <p class='ocr_par' dir='ltr' id='par_1_2' title="bbox 2007 395 2683 458">
     <span class='ocr_line' id='line_1_2' title="bbox 2007 395 2683 458; baseline 0 0"><span class='ocrx_word' id='word_1_2' title='bbox 2007 397 2288 458; x_wconf 79' lang='lat' dir='ltr'><strong>MENSlS</strong></span> <span class='ocrx_word' id='word_1_3' title='bbox 2324 395 2683 458; x_wconf 77' lang='lat' dir='ltr'><strong>OCTOBER.</strong></span> 
     </span>
    </p>
   </div>
   <div class='ocr_carea' id='block_1_3' title="bbox 3852 390 3975 458">
    <p class='ocr_par' dir='ltr' id='par_1_3' title="bbox 3852 390 3975 458">
     <span class='ocr_line' id='line_1_3' title="bbox 3852 390 3975 458; baseline 0.033 -4"><span class='ocrx_word' id='word_1_4' title='bbox 3852 390 3975 458; x_wconf 70' lang='grc'><strong>1064</strong></span> 
     </span>
    </p>
   </div>
   <div class='ocr_carea' id='block_1_4' title="bbox 725 504 2312 574">
    <p class='ocr_par' dir='ltr' id='par_1_4' title="bbox 725 511 2301 569">
     <span class='ocr_line' id='line_1_4' title="bbox 725 511 2301 569; baseline -0.004 -4"><span class='ocrx_word' id='word_1_5' title='bbox 725 511 1005 569; x_wconf 82' lang='lat' dir='ltr'><strong>cillitatem</strong></span> <span class='ocrx_word' id='word_1_6' title='bbox 1037 521 1243 566; x_wconf 64' lang='lat' dir='ltr'><strong>natura:</strong></span> <span class='ocrx_word' id='word_1_7' title='bbox 1272 512 1567 568; x_wconf 83' lang='lat' dir='ltr'><strong>reﬁciebat.</strong></span> <span class='ocrx_word' id='word_1_8' title='bbox 1598 513 1700 565; x_wconf 85' lang='lat' dir='ltr'><strong>Sed</strong></span> <span class='ocrx_word' id='word_1_9' title='bbox 1736 511 1846 565; x_wconf 60' lang='lat' dir='ltr'><strong>haec</strong></span> <span class='ocrx_word' id='word_1_10' title='bbox 1871 518 1976 564; x_wconf 77' lang='lat' dir='ltr'><strong>n’on</strong></span> <span class='ocrx_word' id='word_1_11' title='bbox 2008 517 2164 563; x_wconf 90' lang='lat' dir='ltr'><strong>erant</strong></span> <span class='ocrx_word' id='word_1_12' title='bbox 2186 524 2301 560; x_wconf 89' lang='lat' dir='ltr'><strong>om-</strong></span> 
     </span>
    </p>
   </div>
   <div class='ocr_carea' id='block_1_5' title="bbox 2415 504 3972 574">
    <p class='ocr_par' dir='ltr' id='par_1_5' title="bbox 2415 504 3972 574">
     <span class='ocr_line' id='line_1_5' title="bbox 2415 504 3972 574; baseline 0 -17"><span class='ocrx_word' id='word_1_13' title='bbox 2415 508 2670 570; x_wconf 74' lang='grc' dir='ltr'>γεννσίοις</span> <span class='ocrx_word' id='word_1_14' title='bbox 2732 507 2794 558; x_wconf 84' lang='grc' dir='ltr'><strong>τὸ</strong></span> <span class='ocrx_word' id='word_1_15' title='bbox 2844 507 3068 569; x_wconf 79' lang='grc' dir='ltr'>ἀσθενὲς</span> <span class='ocrx_word' id='word_1_16' title='bbox 3132 507 3226 574; x_wconf 76' lang='grc' dir='ltr'>τῆς</span> <span class='ocrx_word' id='word_1_17' title='bbox 3285 507 3501 573; x_wconf 77' lang='grc' dir='ltr'>φύσεως</span> <span class='ocrx_word' id='word_1_18' title='bbox 3561 504 3972 573; x_wconf 76' lang='grc' dir='ltr'>ἀνελάμϐανεν.</span> 
     </span>
    </p>
   </div>
   <div class='ocr_carea' id='block_1_6' title="bbox 726 600 2302 669">
    <p class='ocr_par' dir='ltr' id='par_1_6' title="bbox 726 600 2302 669">
     <span class='ocr_line' id='line_1_6' title="bbox 726 600 2302 669; baseline -0.003 -15"><span class='ocrx_word' id='word_1_19' title='bbox 726 602 860 655; x_wconf 84' lang='lat' dir='ltr'><strong>nino</strong></span> <span class='ocrx_word' id='word_1_20' title='bbox 891 601 1099 669; x_wconf 64' lang='lat' dir='ltr'><strong>praesidi</strong></span> <span class='ocrx_word' id='word_1_21' title='bbox 1131 601 1428 656; x_wconf 95' lang='lat' dir='ltr'><strong>tolerabilia</strong></span> <span class='ocrx_word' id='word_1_22' title='bbox 1455 600 1659 656; x_wconf 87' lang='lat' dir='ltr'><strong>videnti</strong></span> <span class='ocrx_word' id='word_1_23' title='bbox 1685 611 1736 655; x_wconf 88' lang='lat' dir='ltr'><strong>et</strong></span> <span class='ocrx_word' id='word_1_24' title='bbox 1757 615 1957 654; x_wconf 81' lang='lat' dir='ltr'><strong>meram</strong></span> <span class='ocrx_word' id='word_1_25' title='bbox 1991 608 2302 652; x_wconf 90' lang='lat' dir='ltr'><strong>sanctorum</strong></span> 
     </span>
    </p>
   </div>
   <div class='ocr_carea' id='block_1_7' title="bbox 727 690 2306 760">
    <p class='ocr_par' dir='ltr' id='par_1_7' title="bbox 727 690 2306 760">
     <span class='ocr_line' id='line_1_7' title="bbox 727 690 2306 760; baseline -0.002 -15"><span class='ocrx_word' id='word_1_26' title='bbox 727 692 981 760; x_wconf 84' lang='lat' dir='ltr'><strong>loquendi</strong></span> <span class='ocrx_word' id='word_1_27' title='bbox 1038 693 1346 747; x_wconf 87' lang='lat' dir='ltr'><strong>libertatem</strong></span> <span class='ocrx_word' id='word_1_28' title='bbox 1379 703 1433 748; x_wconf 90' lang='lat' dir='ltr'><strong>et</strong></span> <span class='ocrx_word' id='word_1_29' title='bbox 1465 692 1686 746; x_wconf 90' lang='lat' dir='ltr'><strong>minime</strong></span> <span class='ocrx_word' id='word_1_30' title='bbox 1731 693 2013 745; x_wconf 91' lang='lat' dir='ltr'><strong>cedentem</strong></span> <span class='ocrx_word' id='word_1_31' title='bbox 2072 690 2306 744; x_wconf 85' lang='lat' dir='ltr'><strong>toleran-</strong></span> 
     </span>
    </p>
   </div>
   <div class='ocr_carea' id='block_1_8' title="bbox 730 782 2300 851">
    <p class='ocr_par' dir='ltr' id='par_1_8' title="bbox 730 782 2300 851">
     <span class='ocr_line' id='line_1_8' title="bbox 730 782 2300 851; baseline -0.001 -16"><span class='ocrx_word' id='word_1_32' title='bbox 730 783 879 836; x_wconf 85' lang='lat' dir='ltr'><strong>tiam.</strong></span> <span class='ocrx_word' id='word_1_33' title='bbox 927 782 1080 836; x_wconf 82' lang='lat' dir='ltr'><strong>Unde</strong></span> <span class='ocrx_word' id='word_1_34' title='bbox 1136 784 1300 835; x_wconf 86' lang='lat' dir='ltr'><strong>etiam</strong></span> <span class='ocrx_word' id='word_1_35' title='bbox 1349 799 1536 837; x_wconf 90' lang='lat' dir='ltr'><strong>rursus</strong></span> <span class='ocrx_word' id='word_1_36' title='bbox 1582 797 1720 836; x_wconf 81' lang='lat' dir='ltr'><strong>nova</strong></span> <span class='ocrx_word' id='word_1_37' title='bbox 1766 782 2140 851; x_wconf 80' lang='lat' dir='ltr'><strong>excogitantur</strong></span> <span class='ocrx_word' id='word_1_38' title='bbox 2190 791 2300 834; x_wconf 83' lang='lat' dir='ltr'><strong>tor-</strong></span> 
     </span>
    </p>
   </div>
   <div class='ocr_carea' id='block_1_9' title="bbox 724 872 2306 942">
    <p class='ocr_par' dir='ltr' id='par_1_9' title="bbox 724 872 2306 942">
     <span class='ocr_line' id='line_1_9' title="bbox 724 872 2306 942; baseline 0 -18"><span class='ocrx_word' id='word_1_39' title='bbox 724 881 910 924; x_wconf 87' lang='lat' dir='ltr'><strong>menta</strong></span> <span class='ocrx_word' id='word_1_40' title='bbox 947 888 959 924; x_wconf 91' lang='lat'><strong>:</strong></span> <span class='ocrx_word' id='word_1_41' title='bbox 995 872 1248 940; x_wconf 88' lang='lat' dir='ltr'><strong>lebesque</strong></span> <span class='ocrx_word' id='word_1_42' title='bbox 1302 874 1549 941; x_wconf 90' lang='lat' dir='ltr'><strong>protinus</strong></span> <span class='ocrx_word' id='word_1_43' title='bbox 1581 882 1796 942; x_wconf 90' lang='lat' dir='ltr'><strong>paratus</strong></span> <span class='ocrx_word' id='word_1_44' title='bbox 1831 873 1932 925; x_wconf 86' lang='lat' dir='ltr'><strong>fuit</strong></span> <span class='ocrx_word' id='word_1_45' title='bbox 1965 872 2216 931; x_wconf 88' lang='lat' dir='ltr'><strong>bulliens.</strong></span> <span class='ocrx_word' id='word_1_46' title='bbox 2249 880 2306 924; x_wconf 90' lang='lat' dir='ltr'><strong>ut</strong></span> 
     </span>
    </p>
   </div>
   <div class='ocr_carea' id='block_1_10' title="bbox 727 963 2303 1034">
    <p class='ocr_par' dir='ltr' id='par_1_10' title="bbox 727 963 2303 1034">
     <span class='ocr_line' id='line_1_10' title="bbox 727 963 2303 1034; baseline -0.002 -17"><span class='ocrx_word' id='word_1_47' title='bbox 727 973 989 1033; x_wconf 78' lang='lat' dir='ltr'><strong>martyres</strong></span> <span class='ocrx_word' id='word_1_48' title='bbox 1045 966 1342 1033; x_wconf 78' lang='lat' dir='ltr'><strong>exciperet.</strong></span> <span class='ocrx_word' id='word_1_49' title='bbox 1390 965 1448 1018; x_wconf 85' lang='lat' dir='ltr'><strong>In</strong></span> <span class='ocrx_word' id='word_1_50' title='bbox 1507 980 1667 1034; x_wconf 91' lang='lat' dir='ltr'><strong>quem</strong></span> <span class='ocrx_word' id='word_1_51' title='bbox 1728 963 2041 1032; x_wconf 80' lang='lat' dir='ltr'><strong>Eulampius</strong></span> <span class='ocrx_word' id='word_1_52' title='bbox 2085 963 2303 1030; x_wconf 81' lang='lat' dir='ltr'><strong>quidem</strong></span> 
     </span>
    </p>
   </div>
   <div class='ocr_carea' id='block_1_11' title="bbox 725 1055 2304 1126">
    <p class='ocr_par' dir='ltr' id='par_1_11' title="bbox 725 1055 2304 1126">
     <span class='ocr_line' id='line_1_11' title="bbox 725 1055 2304 1126; baseline 0 -19"><span class='ocrx_word' id='word_1_53' title='bbox 725 1055 1064 1110; x_wconf 80' lang='lat' dir='ltr'><strong>confidenter</strong></span> <span class='ocrx_word' id='word_1_54' title='bbox 1117 1067 1196 1111; x_wconf 86' lang='lat' dir='ltr'><strong>est</strong></span> <span class='ocrx_word' id='word_1_55' title='bbox 1253 1059 1529 1126; x_wconf 86' lang='lat' dir='ltr'><strong>ingressus</strong></span> <span class='ocrx_word' id='word_1_56' title='bbox 1573 1074 1588 1110; x_wconf 88' lang='lat'><strong>:</strong></span> <span class='ocrx_word' id='word_1_57' title='bbox 1632 1057 1909 1125; x_wconf 83' lang='lat' dir='ltr'><strong>Eulainpia</strong></span> <span class='ocrx_word' id='word_1_58' title='bbox 1971 1064 2154 1109; x_wconf 89' lang='lat' dir='ltr'><strong>autem</strong></span> <span class='ocrx_word' id='word_1_59' title='bbox 2197 1056 2304 1122; x_wconf 91' lang='lat' dir='ltr'><strong>(ita</strong></span> 
     </span>
    </p>
   </div>
   <div class='ocr_carea' id='block_1_12' title="bbox 726 1149 2307 1220">
    <p class='ocr_par' dir='ltr' id='par_1_12' title="bbox 726 1149 2307 1220">
     <span class='ocr_line' id='line_1_12' title="bbox 726 1149 2307 1220; baseline -0.002 -17"><span class='ocrx_word' id='word_1_60' title='bbox 726 1149 872 1203; x_wconf 88' lang='lat' dir='ltr'><strong>enim</strong></span> <span class='ocrx_word' id='word_1_61' title='bbox 920 1151 1298 1217; x_wconf 76' lang='lat' dir='ltr'><strong>appellabatur</strong></span> <span class='ocrx_word' id='word_1_62' title='bbox 1349 1161 1399 1204; x_wconf 92' lang='lat' dir='ltr'><strong>et</strong></span> <span class='ocrx_word' id='word_1_63' title='bbox 1451 1151 1597 1220; x_wconf 91' lang='lat' dir='ltr'><strong>ipsa)</strong></span> <span class='ocrx_word' id='word_1_64' title='bbox 1640 1159 1894 1217; x_wconf 87' lang='lat' dir='ltr'><strong>tanquam</strong></span> <span class='ocrx_word' id='word_1_65' title='bbox 1946 1149 2209 1217; x_wconf 76' lang='lat' dir='ltr'><strong>caligatis,</strong></span> <span class='ocrx_word' id='word_1_66' title='bbox 2250 1157 2307 1200; x_wconf 88' lang='lat' dir='ltr'><strong>ut</strong></span> 
     </span>
    </p>
   </div>
   <div class='ocr_carea' id='block_1_13' title="bbox 728 1237 2307 1308">
    <p class='ocr_par' dir='ltr' id='par_1_13' title="bbox 728 1237 2307 1308">
     <span class='ocr_line' id='line_1_13' title="bbox 728 1237 2307 1308; baseline 0 -18"><span class='ocrx_word' id='word_1_67' title='bbox 728 1253 849 1306; x_wconf 65' lang='lat' dir='ltr'><strong>quae</strong></span> <span class='ocrx_word' id='word_1_68' title='bbox 882 1249 1030 1295; x_wconf 65' lang='lat' dir='ltr'><strong>eSSet&#39;</strong></span> <span class='ocrx_word' id='word_1_69' title='bbox 1051 1251 1240 1292; x_wconf 81' lang='lat' dir='ltr'><strong>natura</strong></span> <span class='ocrx_word' id='word_1_70' title='bbox 1263 1240 1494 1300; x_wconf 90' lang='lat' dir='ltr'><strong>mollior,</strong></span> <span class='ocrx_word' id='word_1_71' title='bbox 1527 1249 1580 1293; x_wconf 89' lang='lat' dir='ltr'><strong>et</strong></span> <span class='ocrx_word' id='word_1_72' title='bbox 1619 1255 1648 1292; x_wconf 89' lang='lat' dir='ltr'><strong>a</strong></span> <span class='ocrx_word' id='word_1_73' title='bbox 1681 1239 1917 1308; x_wconf 82' lang='lat' dir='ltr'><strong>maligno</strong></span> <span class='ocrx_word' id='word_1_74' title='bbox 1938 1237 2307 1306; x_wconf 85' lang='lat' dir='ltr'><strong>impelleretur</strong></span> 
     </span>
    </p>
   </div>
   <div class='ocr_carea' id='block_1_14' title="bbox 731 1329 2304 1397">
    <p class='ocr_par' dir='ltr' id='par_1_14' title="bbox 731 1329 2304 1397">
     <span class='ocr_line' id='line_1_14' title="bbox 731 1329 2304 1397; baseline 0 -15"><span class='ocrx_word' id='word_1_75' title='bbox 731 1330 797 1383; x_wconf 89' lang='lat' dir='ltr'><strong>ad</strong></span> <span class='ocrx_word' id='word_1_76' title='bbox 847 1330 1210 1394; x_wconf 80' lang='lat' dir='ltr'><strong>timiditatem,</strong></span> <span class='ocrx_word' id='word_1_77' title='bbox 1259 1332 1582 1386; x_wconf 82' lang='lat' dir='ltr'><strong>labascebat.</strong></span> <span class='ocrx_word' id='word_1_78' title='bbox 1629 1330 1733 1384; x_wconf 88' lang='lat' dir='ltr'><strong>Sed</strong></span> <span class='ocrx_word' id='word_1_79' title='bbox 1785 1331 1973 1394; x_wconf 79' lang='lat' dir='ltr'><strong>frater,</strong></span> <span class='ocrx_word' id='word_1_80' title='bbox 2024 1329 2114 1397; x_wconf 89' lang='lat' dir='ltr'><strong>qni</strong></span> <span class='ocrx_word' id='word_1_81' title='bbox 2161 1329 2304 1383; x_wconf 89' lang='lat' dir='ltr'><strong>idem</strong></span> 
     </span>
    </p>
   </div>
   <div class='ocr_carea' id='block_1_15' title="bbox 729 1423 2306 1489">
    <p class='ocr_par' dir='ltr' id='par_1_15' title="bbox 729 1423 2306 1489">
     <span class='ocr_line' id='line_1_15' title="bbox 729 1423 2306 1489; baseline -0.001 -15"><span class='ocrx_word' id='word_1_82' title='bbox 729 1431 848 1474; x_wconf 90' lang='lat' dir='ltr'><strong>erat</strong></span> <span class='ocrx_word' id='word_1_83' title='bbox 909 1424 1087 1476; x_wconf 85' lang='lat' dir='ltr'><strong>socius</strong></span> <span class='ocrx_word' id='word_1_84' title='bbox 1147 1424 1481 1484; x_wconf 84' lang='lat' dir='ltr'><strong>certaminis,</strong></span> <span class='ocrx_word' id='word_1_85' title='bbox 1535 1423 1602 1476; x_wconf 89' lang='lat' dir='ltr'><strong>ab</strong></span> <span class='ocrx_word' id='word_1_86' title='bbox 1650 1423 1758 1476; x_wconf 91' lang='lat' dir='ltr'><strong>imo</strong></span> <span class='ocrx_word' id='word_1_87' title='bbox 1817 1436 2120 1489; x_wconf 83' lang='lat' dir='ltr'><strong>emergens,</strong></span> <span class='ocrx_word' id='word_1_88' title='bbox 2189 1428 2306 1473; x_wconf 87' lang='lat' dir='ltr'><strong>tan-</strong></span> 
     </span>
    </p>
   </div>
   <div class='ocr_carea' id='block_1_16' title="bbox 730 1513 2309 1582">
    <p class='ocr_par' dir='ltr' id='par_1_16' title="bbox 730 1513 2309 1582">
     <span class='ocr_line' id='line_1_16' title="bbox 730 1513 2309 1582; baseline -0.001 -17"><span class='ocrx_word' id='word_1_89' title='bbox 730 1529 889 1581; x_wconf 88' lang='lat' dir='ltr'><strong>quam</strong></span> <span class='ocrx_word' id='word_1_90' title='bbox 948 1529 1011 1566; x_wconf 77' lang='lat' dir='ltr'><strong>ex</strong></span> <span class='ocrx_word' id='word_1_91' title='bbox 1070 1514 1249 1580; x_wconf 87' lang='lat' dir='ltr'><strong>aliquo</strong></span> <span class='ocrx_word' id='word_1_92' title='bbox 1304 1515 1553 1568; x_wconf 84' lang='lat' dir='ltr'><strong>convivio</strong></span> <span class='ocrx_word' id='word_1_93' title='bbox 1605 1524 1658 1567; x_wconf 85' lang='lat' dir='ltr'><strong>et</strong></span> <span class='ocrx_word' id='word_1_94' title='bbox 1697 1515 1904 1582; x_wconf 87' lang='lat' dir='ltr'><strong>requie,</strong></span> <span class='ocrx_word' id='word_1_95' title='bbox 1956 1513 2182 1565; x_wconf 76' lang='lat' dir='ltr'><strong>vocabat</strong></span> <span class='ocrx_word' id='word_1_96' title='bbox 2221 1527 2309 1564; x_wconf 81' lang='lat' dir='ltr'><strong>so-</strong></span> 
     </span>
    </p>
   </div>
   <div class='ocr_carea' id='block_1_17' title="bbox 731 1604 2306 1671">
    <p class='ocr_par' dir='ltr' id='par_1_17' title="bbox 731 1604 2306 1671">
     <span class='ocr_line' id='line_1_17' title="bbox 731 1604 2306 1671; baseline -0.001 -14"><span class='ocrx_word' id='word_1_97' title='bbox 731 1620 930 1669; x_wconf 85' lang='lat' dir='ltr'><strong>rorem,</strong></span> <span class='ocrx_word' id='word_1_98' title='bbox 966 1617 1019 1658; x_wconf 91' lang='lat' dir='ltr'><strong>et</strong></span> <span class='ocrx_word' id='word_1_99' title='bbox 1053 1608 1098 1659; x_wconf 90' lang='lat' dir='ltr'><strong>ei</strong></span> <span class='ocrx_word' id='word_1_100' title='bbox 1134 1607 1365 1659; x_wconf 85' lang='lat' dir='ltr'><strong>addebat</strong></span> <span class='ocrx_word' id='word_1_101' title='bbox 1394 1606 1656 1671; x_wconf 91' lang='lat' dir='ltr'><strong>animum,</strong></span> <span class='ocrx_word' id='word_1_102' title='bbox 1698 1616 1754 1660; x_wconf 88' lang='lat' dir='ltr'><strong>et</strong></span> <span class='ocrx_word' id='word_1_103' title='bbox 1786 1606 2103 1660; x_wconf 87' lang='lat' dir='ltr'><strong>hortabatur</strong></span> <span class='ocrx_word' id='word_1_104' title='bbox 2140 1615 2196 1658; x_wconf 90' lang='lat' dir='ltr'><strong>ut</strong></span> <span class='ocrx_word' id='word_1_105' title='bbox 2223 1604 2306 1656; x_wconf 91' lang='lat' dir='ltr'><strong>in-</strong></span> 
     </span>
    </p>
   </div>
   <div class='ocr_carea' id='block_1_18' title="bbox 731 1697 2305 1767">
    <p class='ocr_par' dir='ltr' id='par_1_18' title="bbox 731 1697 2305 1767">
     <span class='ocr_line' id='line_1_18' title="bbox 731 1697 2305 1767; baseline 0.001 -18"><span class='ocrx_word' id='word_1_106' title='bbox 731 1698 1047 1767; x_wconf 83' lang='lat' dir='ltr'><strong>grederetur</strong></span> <span class='ocrx_word' id='word_1_107' title='bbox 1081 1698 1311 1752; x_wconf 88' lang='lat' dir='ltr'><strong>lebetem</strong></span> <span class='ocrx_word' id='word_1_108' title='bbox 1339 1700 1523 1753; x_wconf 90' lang='lat' dir='ltr'><strong>dicens</strong></span> <span class='ocrx_word' id='word_1_109' title='bbox 1549 1717 1562 1752; x_wconf 89' lang='lat'><strong>:</strong></span> <span class='ocrx_word' id='word_1_110' title='bbox 1600 1697 1745 1752; x_wconf 86' lang='lat' dir='ltr'><strong>Nihil</strong></span> <span class='ocrx_word' id='word_1_111' title='bbox 1769 1699 2109 1761; x_wconf 83' lang='lat' dir='ltr'><strong>extimescas,</strong></span> <span class='ocrx_word' id='word_1_112' title='bbox 2134 1698 2305 1751; x_wconf 90' lang='lat' dir='ltr'><strong>solum</strong></span> 
     </span>
    </p>
   </div>
   <div class='ocr_carea' id='block_1_19' title="bbox 733 1790 2305 1858">
    <p class='ocr_par' dir='ltr' id='par_1_19' title="bbox 733 1790 2305 1858">
     <span class='ocr_line' id='line_1_19' title="bbox 733 1790 2305 1858; baseline 0.001 -15"><span class='ocrx_word' id='word_1_113' title='bbox 733 1792 1020 1843; x_wconf 87' lang='lat' dir='ltr'><strong>attendens</strong></span> <span class='ocrx_word' id='word_1_114' title='bbox 1058 1790 1109 1843; x_wconf 90' lang='lat' dir='ltr'><strong>id</strong></span> <span class='ocrx_word' id='word_1_115' title='bbox 1143 1797 1281 1858; x_wconf 89' lang='lat' dir='ltr'><strong>quod</strong></span> <span class='ocrx_word' id='word_1_116' title='bbox 1317 1791 1551 1853; x_wconf 71' lang='lat' dir='ltr'><strong>videtur,</strong></span> <span class='ocrx_word' id='word_1_117' title='bbox 1575 1802 1631 1845; x_wconf 89' lang='lat' dir='ltr'><strong>et</strong></span> <span class='ocrx_word' id='word_1_118' title='bbox 1672 1807 1779 1845; x_wconf 92' lang='lat' dir='ltr'><strong>non</strong></span> <span class='ocrx_word' id='word_1_119' title='bbox 1829 1793 1891 1845; x_wconf 91' lang='lat' dir='ltr'><strong>ad</strong></span> <span class='ocrx_word' id='word_1_120' title='bbox 1925 1792 2091 1844; x_wconf 91' lang='lat' dir='ltr'><strong>Deum</strong></span> <span class='ocrx_word' id='word_1_121' title='bbox 2120 1792 2305 1844; x_wconf 89' lang='lat' dir='ltr'><strong>oculos</strong></span> 
     </span>
    </p>
   </div>
   <div class='ocr_carea' id='block_1_20' title="bbox 730 1882 2308 1946">
    <p class='ocr_par' dir='ltr' id='par_1_20' title="bbox 730 1882 2308 1946">
     <span class='ocr_line' id='line_1_20' title="bbox 730 1882 2308 1946; baseline -0.001 -12"><span class='ocrx_word' id='word_1_122' title='bbox 730 1883 925 1934; x_wconf 74' lang='lat' dir='ltr'><strong>anima:</strong></span> <span class='ocrx_word' id='word_1_123' title='bbox 954 1882 1217 1946; x_wconf 74' lang='lat' dir='ltr'><strong>deligens,</strong></span> <span class='ocrx_word' id='word_1_124' title='bbox 1253 1885 1339 1936; x_wconf 93' lang='lat' dir='ltr'><strong>cui</strong></span> <span class='ocrx_word' id='word_1_125' title='bbox 1372 1892 1425 1935; x_wconf 89' lang='lat' dir='ltr'><strong>et</strong></span> <span class='ocrx_word' id='word_1_126' title='bbox 1462 1884 1826 1936; x_wconf 89' lang='lat' dir='ltr'><strong>communiter</strong></span> <span class='ocrx_word' id='word_1_127' title='bbox 1869 1882 2218 1943; x_wconf 85' lang='lat' dir='ltr'><strong>credidimus,</strong></span> <span class='ocrx_word' id='word_1_128' title='bbox 2255 1891 2308 1933; x_wconf 92' lang='lat' dir='ltr'><strong>et</strong></span> 
     </span>
    </p>
   </div>
   <div class='ocr_carea' id='block_1_21' title="bbox 729 1970 2304 2039">
    <p class='ocr_par' dir='ltr' id='par_1_21' title="bbox 729 1970 2304 2039">
     <span class='ocr_line' id='line_1_21' title="bbox 729 1970 2304 2039; baseline 0 -15"><span class='ocrx_word' id='word_1_129' title='bbox 729 1987 761 2024; x_wconf 84' lang='lat' dir='ltr'><strong>a</strong></span> <span class='ocrx_word' id='word_1_130' title='bbox 826 1988 935 2039; x_wconf 90' lang='lat' dir='ltr'><strong>quo</strong></span> <span class='ocrx_word' id='word_1_131' title='bbox 990 1973 1278 2024; x_wconf 82' lang='lat' dir='ltr'><strong>maximam</strong></span> <span class='ocrx_word' id='word_1_132' title='bbox 1331 1974 1641 2027; x_wconf 87' lang='lat' dir='ltr'><strong>invenimus</strong></span> <span class='ocrx_word' id='word_1_133' title='bbox 1687 1973 2207 2026; x_wconf 86' lang='lat' dir='ltr'><strong>remunerationem.</strong></span> <span class='ocrx_word' id='word_1_134' title='bbox 2247 1970 2304 2024; x_wconf 93' lang='lat' dir='ltr'><strong>Si</strong></span> 
     </span>
    </p>
   </div>
   <div class='ocr_carea' id='block_1_22' title="bbox 731 2063 2307 2132">
    <p class='ocr_par' dir='ltr' id='par_1_22' title="bbox 731 2063 2307 2132">
     <span class='ocr_line' id='line_1_22' title="bbox 731 2063 2307 2132; baseline 0 -16"><span class='ocrx_word' id='word_1_135' title='bbox 731 2063 876 2116; x_wconf 91' lang='lat' dir='ltr'><strong>enim</strong></span> <span class='ocrx_word' id='word_1_136' title='bbox 929 2064 1067 2116; x_wconf 90' lang='lat' dir='ltr'><strong>hanc</strong></span> <span class='ocrx_word' id='word_1_137' title='bbox 1117 2063 1434 2117; x_wconf 90' lang='lat' dir='ltr'><strong>bullientem</strong></span> <span class='ocrx_word' id='word_1_138' title='bbox 1477 2078 1671 2131; x_wconf 88' lang='lat' dir='ltr'><strong>aquam</strong></span> <span class='ocrx_word' id='word_1_139' title='bbox 1715 2063 1889 2118; x_wconf 88' lang='lat' dir='ltr'><strong>solum</strong></span> <span class='ocrx_word' id='word_1_140' title='bbox 1938 2063 2200 2132; x_wconf 81' lang='lat' dir='ltr'><strong>attigeris,</strong></span> <span class='ocrx_word' id='word_1_141' title='bbox 2238 2066 2307 2116; x_wconf 91' lang='lat' dir='ltr'><strong>ab</strong></span> 
     </span>
    </p>
   </div>
   <div class='ocr_carea' id='block_1_23' title="bbox 733 2155 2309 2226">
    <p class='ocr_par' dir='ltr' id='par_1_23' title="bbox 733 2155 2309 2226">
     <span class='ocr_line' id='line_1_23' title="bbox 733 2155 2309 2226; baseline 0.002 -19"><span class='ocrx_word' id='word_1_142' title='bbox 733 2156 856 2223; x_wconf 89' lang='lat' dir='ltr'><strong>ipso</strong></span> <span class='ocrx_word' id='word_1_143' title='bbox 882 2171 1136 2224; x_wconf 86' lang='lat' dir='ltr'><strong>magnum</strong></span> <span class='ocrx_word' id='word_1_144' title='bbox 1164 2155 1369 2209; x_wconf 85' lang='lat' dir='ltr'><strong>senties</strong></span> <span class='ocrx_word' id='word_1_145' title='bbox 1404 2156 1684 2218; x_wconf 83' lang='lat' dir='ltr'><strong>auxilium.</strong></span> <span class='ocrx_word' id='word_1_146' title='bbox 1719 2158 1875 2225; x_wconf 88' lang='lat' dir='ltr'><strong>cujus</strong></span> <span class='ocrx_word' id='word_1_147' title='bbox 1911 2172 2009 2226; x_wconf 90' lang='lat' dir='ltr'><strong>ego</strong></span> <span class='ocrx_word' id='word_1_148' title='bbox 2045 2167 2170 2210; x_wconf 90' lang='lat' dir='ltr'><strong>tuus</strong></span> <span class='ocrx_word' id='word_1_149' title='bbox 2200 2156 2309 2210; x_wconf 88' lang='lat' dir='ltr'><strong>fra-</strong></span> 
     </span>
    </p>
   </div>
   <div class='ocr_carea' id='block_1_24' title="bbox 735 2247 2309 2316">
    <p class='ocr_par' dir='ltr' id='par_1_24' title="bbox 735 2247 2309 2316">
     <span class='ocr_line' id='line_1_24' title="bbox 735 2247 2309 2316; baseline 0.002 -18"><span class='ocrx_word' id='word_1_150' title='bbox 735 2256 816 2298; x_wconf 89' lang='lat' dir='ltr'><strong>ter</strong></span> <span class='ocrx_word' id='word_1_151' title='bbox 838 2262 957 2299; x_wconf 82' lang='lat' dir='ltr'><strong>sum</strong></span> <span class='ocrx_word' id='word_1_152' title='bbox 987 2247 1160 2308; x_wconf 87' lang='lat' dir='ltr'><strong>testis,</strong></span> <span class='ocrx_word' id='word_1_153' title='bbox 1191 2248 1281 2315; x_wconf 92' lang='lat' dir='ltr'><strong>qui</strong></span> <span class='ocrx_word' id='word_1_154' title='bbox 1321 2247 1402 2302; x_wconf 87' lang='lat' dir='ltr'><strong>sic</strong></span> <span class='ocrx_word' id='word_1_155' title='bbox 1428 2248 1520 2303; x_wconf 90' lang='lat' dir='ltr'><strong>tibi</strong></span> <span class='ocrx_word' id='word_1_156' title='bbox 1549 2263 1746 2303; x_wconf 86' lang='lat' dir='ltr'><strong>cernor</strong></span> <span class='ocrx_word' id='word_1_157' title='bbox 1778 2249 2110 2316; x_wconf 81' lang='lat' dir='ltr'><strong>impatibilis,</strong></span> <span class='ocrx_word' id='word_1_158' title='bbox 2139 2258 2194 2302; x_wconf 88' lang='lat' dir='ltr'><strong>et</strong></span> <span class='ocrx_word' id='word_1_159' title='bbox 2223 2249 2309 2302; x_wconf 89' lang='lat' dir='ltr'><strong>ni-</strong></span> 
     </span>
    </p>
   </div>
   <div class='ocr_carea' id='block_1_25' title="bbox 739 2338 1340 2394">
    <p class='ocr_par' dir='ltr' id='par_1_25' title="bbox 739 2338 1340 2394">
     <span class='ocr_line' id='line_1_25' title="bbox 739 2338 1340 2394; baseline 0.002 -3"><span class='ocrx_word' id='word_1_160' title='bbox 739 2338 817 2391; x_wconf 88' lang='lat' dir='ltr'><strong>hil</strong></span> <span class='ocrx_word' id='word_1_161' title='bbox 844 2339 1048 2392; x_wconf 87' lang='lat' dir='ltr'><strong>doloris</strong></span> <span class='ocrx_word' id='word_1_162' title='bbox 1074 2339 1340 2394; x_wconf 82' lang='lat' dir='ltr'><strong>sentiens.</strong></span> 
     </span>
    </p>
   </div>
   <div class='ocr_carea' id='block_1_26' title="bbox 801 2514 2309 2586">
    <p class='ocr_par' dir='ltr' id='par_1_26' title="bbox 801 2514 2309 2586">
     <span class='ocr_line' id='line_1_26' title="bbox 801 2514 2309 2586; baseline 0.004 -19"><span class='ocrx_word' id='word_1_163' title='bbox 801 2514 871 2569; x_wconf 78' lang='grc' dir='ltr'><strong>Χ.</strong></span> <span class='ocrx_word' id='word_1_164' title='bbox 904 2515 1000 2569; x_wconf 84' lang='lat' dir='ltr'><strong>His</strong></span> <span class='ocrx_word' id='word_1_165' title='bbox 1022 2529 1274 2582; x_wconf 85' lang='lat' dir='ltr'><strong>persuasa</strong></span> <span class='ocrx_word' id='word_1_166' title='bbox 1299 2514 1604 2583; x_wconf 84' lang='lat' dir='ltr'><strong>Eulampia,</strong></span> <span class='ocrx_word' id='word_1_167' title='bbox 1633 2524 1688 2568; x_wconf 90' lang='lat' dir='ltr'><strong>et</strong></span> <span class='ocrx_word' id='word_1_168' title='bbox 1711 2516 1934 2570; x_wconf 89' lang='lat' dir='ltr'><strong>omnino</strong></span> <span class='ocrx_word' id='word_1_169' title='bbox 1961 2518 2309 2586; x_wconf 80' lang='lat' dir='ltr'><strong>acquiescens</strong></span> 
     </span>
    </p>
   </div>
   <div class='ocr_carea' id='block_1_27' title="bbox 732 2606 2308 2676">
    <p class='ocr_par' dir='ltr' id='par_1_27' title="bbox 732 2606 2308 2676">
     <span class='ocr_line' id='line_1_27' title="bbox 732 2606 2308 2676; baseline 0.003 -16"><span class='ocrx_word' id='word_1_170' title='bbox 732 2606 852 2674; x_wconf 88' lang='lat' dir='ltr'><strong>ejus</strong></span> <span class='ocrx_word' id='word_1_171' title='bbox 887 2607 1254 2667; x_wconf 85' lang='lat' dir='ltr'><strong>suasionibus,</strong></span> <span class='ocrx_word' id='word_1_172' title='bbox 1283 2607 1532 2673; x_wconf 87' lang='lat' dir='ltr'><strong>protinus</strong></span> <span class='ocrx_word' id='word_1_173' title='bbox 1565 2616 1820 2676; x_wconf 90' lang='lat' dir='ltr'><strong>prompto</strong></span> <span class='ocrx_word' id='word_1_174' title='bbox 1850 2609 2084 2663; x_wconf 83' lang='lat' dir='ltr'><strong>etalacri</strong></span> <span class='ocrx_word' id='word_1_175' title='bbox 2125 2611 2308 2664; x_wconf 87' lang='lat' dir='ltr'><strong>animo</strong></span> 
     </span>
    </p>
   </div>
   <div class='ocr_carea' id='block_1_28' title="bbox 732 2696 2310 2766">
    <p class='ocr_par' dir='ltr' id='par_1_28' title="bbox 732 2696 2310 2766">
     <span class='ocr_line' id='line_1_28' title="bbox 732 2696 2310 2766; baseline 0.003 -16"><span class='ocrx_word' id='word_1_176' title='bbox 732 2699 975 2766; x_wconf 84' lang='lat' dir='ltr'><strong>ingressa</strong></span> <span class='ocrx_word' id='word_1_177' title='bbox 1024 2705 1110 2750; x_wconf 90' lang='lat' dir='ltr'><strong>est</strong></span> <span class='ocrx_word' id='word_1_178' title='bbox 1160 2696 1412 2750; x_wconf 85' lang='lat' dir='ltr'><strong>lebetem.</strong></span> <span class='ocrx_word' id='word_1_179' title='bbox 1477 2698 1679 2752; x_wconf 89' lang='lat' dir='ltr'><strong>Deinde</strong></span> <span class='ocrx_word' id='word_1_180' title='bbox 1731 2700 1895 2753; x_wconf 87' lang='lat' dir='ltr'><strong>etiam</strong></span> <span class='ocrx_word' id='word_1_181' title='bbox 1949 2703 2310 2755; x_wconf 84' lang='lat' dir='ltr'><strong>communiter</strong></span> 
     </span>
    </p>
   </div>
   <div class='ocr_carea' id='block_1_29' title="bbox 733 2788 2308 2866">
    <p class='ocr_par' dir='ltr' id='par_1_29' title="bbox 733 2788 2308 2866">
     <span class='ocr_line' id='line_1_29' title="bbox 733 2788 2308 2866; baseline 0.002 -23"><span class='ocrx_word' id='word_1_182' title='bbox 733 2789 930 2858; x_wconf 83' lang='lat' dir='ltr'><strong>spiritu</strong></span> <span class='ocrx_word' id='word_1_183' title='bbox 961 2789 1318 2847; x_wconf 79' lang='lat' dir='ltr'><strong>exsultantes.</strong></span> <span class='ocrx_word' id='word_1_184' title='bbox 1361 2789 1470 2842; x_wconf 69' lang='lat' dir='ltr'><strong>laeti</strong></span> <span class='ocrx_word' id='word_1_185' title='bbox 1523 2801 1883 2858; x_wconf 81' lang='lat' dir='ltr'><strong>susceperunt</strong></span> <span class='ocrx_word' id='word_1_186' title='bbox 1937 2788 2308 2866; x_wconf 85' lang='lat' dir='ltr'><strong>supplicium;</strong></span> 
     </span>
    </p>
   </div>
   <div class='ocr_carea' id='block_1_30' title="bbox 734 2879 2310 2952">
    <p class='ocr_par' dir='ltr' id='par_1_30' title="bbox 734 2879 2310 2952">
     <span class='ocr_line' id='line_1_30' title="bbox 734 2879 2310 2952; baseline 0.002 -18"><span class='ocrx_word' id='word_1_187' title='bbox 734 2891 788 2935; x_wconf 86' lang='lat' dir='ltr'><strong>et</strong></span> <span class='ocrx_word' id='word_1_188' title='bbox 815 2881 1063 2950; x_wconf 91' lang='lat' dir='ltr'><strong>protinus</strong></span> <span class='ocrx_word' id='word_1_189' title='bbox 1099 2880 1247 2933; x_wconf 90' lang='lat' dir='ltr'><strong>lebes</strong></span> <span class='ocrx_word' id='word_1_190' title='bbox 1288 2881 1462 2934; x_wconf 80' lang='lat' dir='ltr'><strong>evasit</strong></span> <span class='ocrx_word' id='word_1_191' title='bbox 1490 2879 1737 2949; x_wconf 77' lang='lat' dir='ltr'><strong>frigidus,</strong></span> <span class='ocrx_word' id='word_1_192' title='bbox 1779 2891 1832 2936; x_wconf 92' lang='lat' dir='ltr'><strong>et</strong></span> <span class='ocrx_word' id='word_1_193' title='bbox 1864 2882 2001 2936; x_wconf 85' lang='lat' dir='ltr'><strong>nihil</strong></span> <span class='ocrx_word' id='word_1_194' title='bbox 2032 2884 2157 2937; x_wconf 87' lang='lat' dir='ltr'><strong>mali</strong></span> <span class='ocrx_word' id='word_1_195' title='bbox 2188 2899 2310 2952; x_wconf 89' lang='lat' dir='ltr'><strong>pas-</strong></span> 
     </span>
    </p>
   </div>
   <div class='ocr_carea' id='block_1_31' title="bbox 735 2971 2310 3042">
    <p class='ocr_par' dir='ltr' id='par_1_31' title="bbox 735 2971 2310 3042">
     <span class='ocr_line' id='line_1_31' title="bbox 735 2971 2310 3042; baseline 0 -16"><span class='ocrx_word' id='word_1_196' title='bbox 735 2987 823 3027; x_wconf 88' lang='lat' dir='ltr'><strong>sos</strong></span> <span class='ocrx_word' id='word_1_197' title='bbox 847 2972 1114 3026; x_wconf 89' lang='lat' dir='ltr'><strong>continuit</strong></span> <span class='ocrx_word' id='word_1_198' title='bbox 1156 2982 1440 3042; x_wconf 78' lang='lat' dir='ltr'><strong>martyres.</strong></span> <span class='ocrx_word' id='word_1_199' title='bbox 1493 2971 1678 3040; x_wconf 82' lang='lat' dir='ltr'><strong>Neque</strong></span> <span class='ocrx_word' id='word_1_200' title='bbox 1719 2988 1849 3027; x_wconf 80' lang='lat' dir='ltr'><strong>vero</strong></span> <span class='ocrx_word' id='word_1_201' title='bbox 1902 2989 2145 3040; x_wconf 90' lang='lat' dir='ltr'><strong>eousque</strong></span> <span class='ocrx_word' id='word_1_202' title='bbox 2179 2989 2310 3027; x_wconf 90' lang='lat' dir='ltr'><strong>con-</strong></span> 
     </span>
    </p>
   </div>
   <div class='ocr_carea' id='block_1_32' title="bbox 735 3060 2310 3132">
    <p class='ocr_par' dir='ltr' id='par_1_32' title="bbox 735 3060 2310 3132">
     <span class='ocr_line' id='line_1_32' title="bbox 735 3060 2310 3132; baseline 0.003 -17"><span class='ocrx_word' id='word_1_203' title='bbox 735 3063 875 3116; x_wconf 81' lang='lat' dir='ltr'><strong>stitit</strong></span> <span class='ocrx_word' id='word_1_204' title='bbox 911 3078 995 3115; x_wconf 89' lang='lat' dir='ltr'><strong>res</strong></span> <span class='ocrx_word' id='word_1_205' title='bbox 1017 3060 1370 3125; x_wconf 88' lang='lat' dir='ltr'><strong>admirabilis,</strong></span> <span class='ocrx_word' id='word_1_206' title='bbox 1409 3062 1504 3115; x_wconf 90' lang='lat' dir='ltr'><strong>sed</strong></span> <span class='ocrx_word' id='word_1_207' title='bbox 1549 3064 1713 3115; x_wconf 90' lang='lat' dir='ltr'><strong>etiam</strong></span> <span class='ocrx_word' id='word_1_208' title='bbox 1745 3079 1851 3115; x_wconf 91' lang='lat' dir='ltr'><strong>non</strong></span> <span class='ocrx_word' id='word_1_209' title='bbox 1897 3079 2100 3132; x_wconf 90' lang='lat' dir='ltr'><strong>paucos</strong></span> <span class='ocrx_word' id='word_1_210' title='bbox 2130 3080 2192 3118; x_wconf 83' lang='lat' dir='ltr'><strong>ex</strong></span> <span class='ocrx_word' id='word_1_211' title='bbox 2222 3066 2310 3130; x_wconf 91' lang='lat' dir='ltr'><strong>iis,</strong></span> 
     </span>
    </p>
   </div>
   <div class='ocr_carea' id='block_1_33' title="bbox 2420 593 3977 667">
    <p class='ocr_par' dir='ltr' id='par_1_33' title="bbox 2420 593 3977 667">
     <span class='ocr_line' id='line_1_33' title="bbox 2420 593 3977 667; baseline -0.002 -18"><span class='ocrx_word' id='word_1_212' title='bbox 2420 598 2561 649; x_wconf 76' lang='grc' dir='ltr'>Ἀλλ’</span> <span class='ocrx_word' id='word_1_213' title='bbox 2596 598 2694 650; x_wconf 77' lang='grc' dir='ltr'><strong>οὐκ</strong></span> <span class='ocrx_word' id='word_1_214' title='bbox 2719 593 2786 667; x_wconf 80' lang='grc' dir='ltr'>ἦν</span> <span class='ocrx_word' id='word_1_215' title='bbox 2826 598 2964 661; x_wconf 86' lang='grc' dir='ltr'>ὅλως</span> <span class='ocrx_word' id='word_1_216' title='bbox 3010 600 3222 667; x_wconf 77' lang='grc' dir='ltr'>φορητὰ</span> <span class='ocrx_word' id='word_1_217' title='bbox 3275 598 3445 651; x_wconf 84' lang='grc' dir='ltr'>ταῦτα</span> <span class='ocrx_word' id='word_1_218' title='bbox 3482 597 3562 665; x_wconf 82' lang='grc' dir='ltr'>τῷ</span> <span class='ocrx_word' id='word_1_219' title='bbox 3595 597 3882 666; x_wconf 83' lang='grc' dir='ltr'>ἡγεμόνι,</span> <span class='ocrx_word' id='word_1_220' title='bbox 3923 595 3977 646; x_wconf 84' lang='grc' dir='ltr'><strong>τό</strong></span> 
     </span>
    </p>
   </div>
   <div class='ocr_carea' id='block_1_34' title="bbox 2405 689 3977 760">
    <p class='ocr_par' dir='ltr' id='par_1_34' title="bbox 2405 689 3977 760">
     <span class='ocr_line' id='line_1_34' title="bbox 2405 689 3977 760; baseline -0.009 -7"><span class='ocrx_word' id='word_1_221' title='bbox 2405 706 2465 740; x_wconf 80' lang='grc' dir='ltr'><strong>τε</strong></span> <span class='ocrx_word' id='word_1_222' title='bbox 2519 693 2618 757; x_wconf 73' lang='grc' dir='ltr'><strong>τῆς</strong></span> <span class='ocrx_word' id='word_1_223' title='bbox 2675 689 2992 760; x_wconf 72' lang='grc' dir='ltr'>παρρησίας</span> <span class='ocrx_word' id='word_1_224' title='bbox 3029 692 3295 755; x_wconf 83' lang='grc' dir='ltr'>ἄκρατον,</span> <span class='ocrx_word' id='word_1_225' title='bbox 3342 690 3435 741; x_wconf 74' lang='grc' dir='ltr'><strong>καὶ</strong></span> <span class='ocrx_word' id='word_1_226' title='bbox 3468 693 3529 742; x_wconf 82' lang='grc' dir='ltr'>τὸ</span> <span class='ocrx_word' id='word_1_227' title='bbox 3563 691 3668 758; x_wconf 78' lang='grc' dir='ltr'>τῆς</span> <span class='ocrx_word' id='word_1_228' title='bbox 3698 689 3977 758; x_wconf 77' lang='grc' dir='ltr'><strong>ὑπομονῆς</strong></span> 
     </span>
    </p>
   </div>
   <div class='ocr_carea' id='block_1_35' title="bbox 2407 776 3977 847">
    <p class='ocr_par' dir='ltr' id='par_1_35' title="bbox 2407 776 3977 847">
     <span class='ocr_line' id='line_1_35' title="bbox 2407 776 3977 847; baseline 0.001 -18"><span class='ocrx_word' id='word_1_229' title='bbox 2407 776 2694 830; x_wconf 82' lang='grc' dir='ltr'>ὰνένδοτον</span> <span class='ocrx_word' id='word_1_230' title='bbox 2723 778 2829 830; x_wconf 88' lang='grc' dir='ltr'><strong>τῶν</strong></span> <span class='ocrx_word' id='word_1_231' title='bbox 2862 779 3031 845; x_wconf 83' lang='grc' dir='ltr'><strong>ἁγίων</strong></span> <span class='ocrx_word' id='word_1_232' title='bbox 3056 779 3272 847; x_wconf 74' lang='grc' dir='ltr'>ὁρῶντι,</span> <span class='ocrx_word' id='word_1_233' title='bbox 3307 780 3427 831; x_wconf 76' lang='grc' dir='ltr'>ὅθεν</span> <span class='ocrx_word' id='word_1_234' title='bbox 3456 781 3552 832; x_wconf 71' lang='grc' dir='ltr'>καὶ</span> <span class='ocrx_word' id='word_1_235' title='bbox 3586 780 3762 832; x_wconf 84' lang='grc' dir='ltr'>πάλιν</span> <span class='ocrx_word' id='word_1_236' title='bbox 3795 797 3977 831; x_wconf 85' lang='grc' dir='ltr'>καινο-</span> 
     </span>
    </p>
   </div>
   <div class='ocr_carea' id='block_1_36' title="bbox 2407 870 3976 941">
    <p class='ocr_par' dir='ltr' id='par_1_36' title="bbox 2407 870 3976 941">
     <span class='ocr_line' id='line_1_36' title="bbox 2407 870 3976 941; baseline 0.001 -19"><span class='ocrx_word' id='word_1_237' title='bbox 2407 871 2542 938; x_wconf 83' lang='grc' dir='ltr'>τέρα</span> <span class='ocrx_word' id='word_1_238' title='bbox 2613 870 2993 941; x_wconf 76' lang='grc' dir='ltr'><strong>κολαστηρίων</strong></span> <span class='ocrx_word' id='word_1_239' title='bbox 3072 872 3305 935; x_wconf 70' lang='grc' dir='ltr'>ἐπίνοια,</span> <span class='ocrx_word' id='word_1_240' title='bbox 3356 871 3448 923; x_wconf 81' lang='grc' dir='ltr'>καὶ</span> <span class='ocrx_word' id='word_1_241' title='bbox 3509 873 3675 925; x_wconf 85' lang='grc' dir='ltr'>πάλιν</span> <span class='ocrx_word' id='word_1_242' title='bbox 3702 875 3755 924; x_wconf 71' lang='grc' dir='ltr'><strong>οἱ</strong></span> <span class='ocrx_word' id='word_1_243' title='bbox 3798 872 3976 940; x_wconf 77' lang='grc' dir='ltr'>δήμιοι</span> 
     </span>
    </p>
   </div>
   <div class='ocr_carea' id='block_1_37' title="bbox 2409 963 3979 1032">
    <p class='ocr_par' dir='ltr' id='par_1_37' title="bbox 2409 963 3979 1032">
     <span class='ocr_line' id='line_1_37' title="bbox 2409 963 3979 1032; baseline 0.001 -20"><span class='ocrx_word' id='word_1_244' title='bbox 2409 963 2813 1032; x_wconf 60' lang='grc' dir='ltr'>ἀπαραίτητον</span> <span class='ocrx_word' id='word_1_245' title='bbox 2848 963 3010 1030; x_wconf 87' lang='grc' dir='ltr'>λέϐης</span> <span class='ocrx_word' id='word_1_246' title='bbox 3056 964 3162 1031; x_wconf 82' lang='grc' dir='ltr'>γὰρ</span> <span class='ocrx_word' id='word_1_247' title='bbox 3199 964 3484 1032; x_wconf 69' lang='grc' dir='ltr'>καχλάζων</span> <span class='ocrx_word' id='word_1_248' title='bbox 3530 964 3697 1025; x_wconf 82' lang='grc' dir='ltr'>εὐθὺς</span> <span class='ocrx_word' id='word_1_249' title='bbox 3751 963 3979 1032; x_wconf 79' lang='grc' dir='ltr'>ἡτοιμά-</span> 
     </span>
    </p>
   </div>
   <div class='ocr_carea' id='block_1_38' title="bbox 2409 1039 3977 1124">
    <p class='ocr_par' dir='ltr' id='par_1_38' title="bbox 2409 1039 3977 1124">
     <span class='ocr_line' id='line_1_38' title="bbox 2409 1039 3977 1124; baseline 0.001 -20"><span class='ocrx_word' id='word_1_250' title='bbox 2409 1039 2556 1117; x_wconf 84' lang='grc' dir='ltr'>ζετο,</span> <span class='ocrx_word' id='word_1_251' title='bbox 2593 1056 2686 1107; x_wconf 83' lang='grc' dir='ltr'><strong>καὶ</strong></span> <span class='ocrx_word' id='word_1_252' title='bbox 2731 1055 2856 1116; x_wconf 79' lang='grc' dir='ltr'>τοὺς</span> <span class='ocrx_word' id='word_1_253' title='bbox 2904 1057 3188 1124; x_wconf 83' lang='grc' dir='ltr'>μάρτυρας</span> <span class='ocrx_word' id='word_1_254' title='bbox 3228 1056 3539 1122; x_wconf 78' lang='grc' dir='ltr'>ὑπεδέχετο,</span> <span class='ocrx_word' id='word_1_255' title='bbox 3573 1056 3716 1124; x_wconf 74' lang='grc' dir='ltr'>πρὸς</span> <span class='ocrx_word' id='word_1_256' title='bbox 3767 1056 3832 1106; x_wconf 81' lang='grc' dir='ltr'>ὃν</span> <span class='ocrx_word' id='word_1_257' title='bbox 3883 1072 3977 1124; x_wconf 84' lang='grc' dir='ltr'><strong>περ</strong></span> 
     </span>
    </p>
   </div>
   <div class='ocr_carea' id='block_1_39' title="bbox 2414 1146 3975 1217">
    <p class='ocr_par' dir='ltr' id='par_1_39' title="bbox 2414 1146 3975 1217">
     <span class='ocr_line' id='line_1_39' title="bbox 2414 1146 3975 1217; baseline -0.001 -19"><span class='ocrx_word' id='word_1_258' title='bbox 2414 1146 2736 1215; x_wconf 82' lang='grc' dir='ltr'>Εύλάμπιος</span> <span class='ocrx_word' id='word_1_259' title='bbox 2776 1147 2872 1214; x_wconf 85' lang='grc' dir='ltr'>μὲν</span> <span class='ocrx_word' id='word_1_260' title='bbox 2899 1147 3073 1216; x_wconf 73' lang='grc' dir='ltr'>είσῄει</span> <span class='ocrx_word' id='word_1_261' title='bbox 3103 1147 3339 1217; x_wconf 62' lang='grc' dir='ltr'>θαρρῶν,</span> <span class='ocrx_word' id='word_1_262' title='bbox 3383 1150 3412 1215; x_wconf 80' lang='grc' dir='ltr'><strong>η</strong></span> <span class='ocrx_word' id='word_1_263' title='bbox 3449 1147 3662 1215; x_wconf 67' lang='grc' dir='ltr'>μάρτυς</span> <span class='ocrx_word' id='word_1_264' title='bbox 3703 1147 3760 1198; x_wconf 82' lang='grc' dir='ltr'>δὲ</span> <span class='ocrx_word' id='word_1_265' title='bbox 3798 1147 3975 1214; x_wconf 85' lang='grc' dir='ltr'>ῶσπερ</span> 
     </span>
    </p>
   </div>
   <div class='ocr_carea' id='block_1_40' title="bbox 2418 1238 3977 1308">
    <p class='ocr_par' dir='ltr' id='par_1_40' title="bbox 2418 1238 3977 1308">
     <span class='ocr_line' id='line_1_40' title="bbox 2418 1238 3977 1308; baseline -0.001 -19"><span class='ocrx_word' id='word_1_266' title='bbox 2418 1239 2797 1304; x_wconf 71' lang='grc' dir='ltr'><strong>ἰλιγγιάσασα,</strong></span> <span class='ocrx_word' id='word_1_267' title='bbox 2827 1240 2918 1291; x_wconf 84' lang='grc' dir='ltr'>ᾰτε</span> <span class='ocrx_word' id='word_1_268' title='bbox 2953 1239 3016 1308; x_wconf 78' lang='grc' dir='ltr'><strong>δὴ</strong></span> <span class='ocrx_word' id='word_1_269' title='bbox 3055 1238 3147 1292; x_wconf 79' lang='grc' dir='ltr'><strong>καὶ</strong></span> <span class='ocrx_word' id='word_1_270' title='bbox 3179 1239 3274 1307; x_wconf 77' lang='grc' dir='ltr'>τὴν</span> <span class='ocrx_word' id='word_1_271' title='bbox 3305 1238 3464 1306; x_wconf 80' lang='grc' dir='ltr'>φύσιν</span> <span class='ocrx_word' id='word_1_272' title='bbox 3500 1239 3867 1306; x_wconf 80' lang='grc' dir='ltr'>ἁπαλωτέρα,</span> <span class='ocrx_word' id='word_1_273' title='bbox 3894 1240 3977 1288; x_wconf 63' lang='grc' dir='ltr'><strong>καί</strong></span> 
     </span>
    </p>
   </div>
   <div class='ocr_carea' id='block_1_41' title="bbox 2409 1328 3979 1401">
    <p class='ocr_par' dir='ltr' id='par_1_41' title="bbox 2409 1328 3979 1401">
     <span class='ocr_line' id='line_1_41' title="bbox 2409 1328 3979 1401; baseline -0.001 -20"><span class='ocrx_word' id='word_1_274' title='bbox 2409 1348 2462 1381; x_wconf 90' lang='grc' dir='ltr'><strong>τι</strong></span> <span class='ocrx_word' id='word_1_275' title='bbox 2485 1334 2581 1382; x_wconf 69' lang='grc' dir='ltr'>καὶ</span> <span class='ocrx_word' id='word_1_276' title='bbox 2600 1331 2695 1381; x_wconf 82' lang='grc' dir='ltr'>τοῦ</span> <span class='ocrx_word' id='word_1_277' title='bbox 2715 1330 2952 1401; x_wconf 82' lang='grc' dir='ltr'>πονηροῦ</span> <span class='ocrx_word' id='word_1_278' title='bbox 2975 1332 3098 1392; x_wconf 64' lang='grc' dir='ltr'>τοὺς</span> <span class='ocrx_word' id='word_1_279' title='bbox 3120 1331 3413 1399; x_wconf 68' lang='grc' dir='ltr'>λογισμοὺς</span> <span class='ocrx_word' id='word_1_280' title='bbox 3443 1331 3583 1397; x_wconf 77' lang='grc' dir='ltr'>αὐτῇ</span> <span class='ocrx_word' id='word_1_281' title='bbox 3619 1328 3758 1396; x_wconf 73' lang='grc' dir='ltr'>πρὸς</span> <span class='ocrx_word' id='word_1_282' title='bbox 3783 1328 3979 1380; x_wconf 79' lang='grc' dir='ltr'>δειλίαν</span> 
     </span>
    </p>
   </div>
   <div class='ocr_carea' id='block_1_42' title="bbox 2410 1415 3975 1486">
    <p class='ocr_par' dir='ltr' id='par_1_42' title="bbox 2410 1415 3975 1486">
     <span class='ocr_line' id='line_1_42' title="bbox 2410 1415 3975 1486; baseline -0.001 -14"><span class='ocrx_word' id='word_1_283' title='bbox 2410 1419 2865 1480; x_wconf 79' lang='grc' dir='ltr'>ὑποσαλεύοντος,</span> <span class='ocrx_word' id='word_1_284' title='bbox 2894 1420 3199 1482; x_wconf 83' lang='grc' dir='ltr'>όκλάζουσα</span> <span class='ocrx_word' id='word_1_285' title='bbox 3233 1415 3322 1486; x_wconf 79' lang='grc' dir='ltr'><strong>ἦν.</strong></span> <span class='ocrx_word' id='word_1_286' title='bbox 3364 1419 3504 1472; x_wconf 82' lang='grc' dir='ltr'>Ἀλλ’</span> <span class='ocrx_word' id='word_1_287' title='bbox 3530 1421 3557 1470; x_wconf 98' lang='lat'><strong>6</strong></span> <span class='ocrx_word' id='word_1_288' title='bbox 3582 1418 3821 1486; x_wconf 70' lang='grc' dir='ltr'>ἀδελφὸς</span> <span class='ocrx_word' id='word_1_289' title='bbox 3852 1418 3975 1486; x_wconf 73' lang='grc' dir='ltr'>ὁμοῦ</span> 
     </span>
    </p>
   </div>
   <div class='ocr_carea' id='block_1_43' title="bbox 2413 1507 3977 1580">
    <p class='ocr_par' dir='ltr' id='par_1_43' title="bbox 2413 1507 3977 1580">
     <span class='ocr_line' id='line_1_43' title="bbox 2413 1507 3977 1580; baseline 0 -18"><span class='ocrx_word' id='word_1_290' title='bbox 2413 1513 2508 1562; x_wconf 77' lang='grc' dir='ltr'><strong>καὶ</strong></span> <span class='ocrx_word' id='word_1_291' title='bbox 2551 1509 2895 1580; x_wconf 75' lang='grc' dir='ltr'>συναθλητὴς</span> <span class='ocrx_word' id='word_1_292' title='bbox 2936 1513 3180 1563; x_wconf 79' lang='grc' dir='ltr'><strong>κάτωθεν</strong></span> <span class='ocrx_word' id='word_1_293' title='bbox 3228 1511 3430 1573; x_wconf 78' lang='grc' dir='ltr'><strong>ἀναδὺς</strong></span> <span class='ocrx_word' id='word_1_294' title='bbox 3489 1507 3603 1563; x_wconf 75' lang='grc' dir='ltr'>οἷον</span> <span class='ocrx_word' id='word_1_295' title='bbox 3668 1512 3784 1562; x_wconf 81' lang='grc' dir='ltr'><strong>ἀπό</strong></span> <span class='ocrx_word' id='word_1_296' title='bbox 3845 1528 3977 1573; x_wconf 83' lang='grc' dir='ltr'>τινος</span> 
     </span>
    </p>
   </div>
   <div class='ocr_carea' id='block_1_44' title="bbox 2411 1601 3978 1671">
    <p class='ocr_par' dir='ltr' id='par_1_44' title="bbox 2411 1601 3978 1671">
     <span class='ocr_line' id='line_1_44' title="bbox 2411 1601 3978 1671; baseline -0.001 -17"><span class='ocrx_word' id='word_1_297' title='bbox 2411 1603 2647 1671; x_wconf 79' lang='grc' dir='ltr'><strong>εὐωχίας</strong></span> <span class='ocrx_word' id='word_1_298' title='bbox 2704 1605 2800 1654; x_wconf 76' lang='grc' dir='ltr'><strong>καὶ</strong></span> <span class='ocrx_word' id='word_1_299' title='bbox 2857 1602 3262 1666; x_wconf 82' lang='grc' dir='ltr'>ἀναπαύσεως,</span> <span class='ocrx_word' id='word_1_300' title='bbox 3322 1602 3721 1671; x_wconf 81' lang='grc' dir='ltr'>προσεκαλείτό</span> <span class='ocrx_word' id='word_1_301' title='bbox 3779 1619 3841 1654; x_wconf 87' lang='grc' dir='ltr'><strong>τε</strong></span> <span class='ocrx_word' id='word_1_302' title='bbox 3888 1601 3978 1668; x_wconf 82' lang='grc' dir='ltr'>τὴν</span> 
     </span>
    </p>
   </div>
   <div class='ocr_carea' id='block_1_45' title="bbox 2414 1692 3978 1763">
    <p class='ocr_par' dir='ltr' id='par_1_45' title="bbox 2414 1692 3978 1763">
     <span class='ocr_line' id='line_1_45' title="bbox 2414 1692 3978 1763; baseline -0.001 -19"><span class='ocrx_word' id='word_1_303' title='bbox 2414 1693 2681 1760; x_wconf 84' lang='grc' dir='ltr'>σύγγονον</span> <span class='ocrx_word' id='word_1_304' title='bbox 2728 1694 2824 1745; x_wconf 82' lang='grc' dir='ltr'>καὶ</span> <span class='ocrx_word' id='word_1_305' title='bbox 2867 1693 3252 1763; x_wconf 68' lang='grc' dir='ltr'>παρεθάρρυνε</span> <span class='ocrx_word' id='word_1_306' title='bbox 3274 1733 3288 1756; x_wconf 94' lang='grc'><strong>,</strong></span> <span class='ocrx_word' id='word_1_307' title='bbox 3341 1694 3433 1745; x_wconf 73' lang='grc' dir='ltr'><strong>καὶ</strong></span> <span class='ocrx_word' id='word_1_308' title='bbox 3465 1693 3597 1744; x_wconf 76' lang='grc' dir='ltr'>εἴσω</span> <span class='ocrx_word' id='word_1_309' title='bbox 3627 1692 3728 1744; x_wconf 81' lang='grc' dir='ltr'>τοῦ</span> <span class='ocrx_word' id='word_1_310' title='bbox 3757 1693 3978 1760; x_wconf 84' lang='grc' dir='ltr'>λέϐητος</span> 
     </span>
    </p>
   </div>
   <div class='ocr_carea' id='block_1_46' title="bbox 2412 1783 3978 1856">
    <p class='ocr_par' dir='ltr' id='par_1_46' title="bbox 2412 1783 3978 1856">
     <span class='ocr_line' id='line_1_46' title="bbox 2412 1783 3978 1856; baseline -0.001 -21"><span class='ocrx_word' id='word_1_311' title='bbox 2412 1784 2667 1850; x_wconf 81' lang='grc' dir='ltr'>γενέσθαι</span> <span class='ocrx_word' id='word_1_312' title='bbox 2705 1783 2965 1855; x_wconf 80' lang='grc' dir='ltr'><strong>παρῄνει,</strong></span> <span class='ocrx_word' id='word_1_313' title='bbox 2991 1784 3174 1854; x_wconf 85' lang='grc' dir='ltr'>Μηδὲν</span> <span class='ocrx_word' id='word_1_314' title='bbox 3205 1785 3544 1856; x_wconf 74' lang='grc' dir='ltr'>ύποπτήξῃς,</span> <span class='ocrx_word' id='word_1_315' title='bbox 3565 1785 3771 1848; x_wconf 80' lang='grc' dir='ltr'>λέγων,</span> <span class='ocrx_word' id='word_1_316' title='bbox 3803 1783 3978 1844; x_wconf 74' lang='grc' dir='ltr'>ἁπλῶς</span> 
     </span>
    </p>
   </div>
   <div class='ocr_carea' id='block_1_47' title="bbox 2410 1870 3978 1943">
    <p class='ocr_par' dir='ltr' id='par_1_47' title="bbox 2410 1870 3978 1943">
     <span class='ocr_line' id='line_1_47' title="bbox 2410 1870 3978 1943; baseline -0.002 -18"><span class='ocrx_word' id='word_1_317' title='bbox 2410 1873 2583 1936; x_wconf 80' lang='grc' dir='ltr'>οὕτως</span> <span class='ocrx_word' id='word_1_318' title='bbox 2620 1873 2695 1941; x_wconf 86' lang='grc' dir='ltr'>τῷ</span> <span class='ocrx_word' id='word_1_319' title='bbox 2722 1875 2998 1943; x_wconf 79' lang='grc' dir='ltr'><strong>ὁρωμένῳ</strong></span> <span class='ocrx_word' id='word_1_320' title='bbox 3035 1875 3377 1943; x_wconf 70' lang='grc' dir='ltr'><strong>προσέχουσα</strong></span> <span class='ocrx_word' id='word_1_321' title='bbox 3401 1912 3415 1932; x_wconf 94' lang='lat'><strong>,</strong></span> <span class='ocrx_word' id='word_1_322' title='bbox 3450 1877 3542 1925; x_wconf 81' lang='grc' dir='ltr'><strong>καὶ</strong></span> <span class='ocrx_word' id='word_1_323' title='bbox 3573 1874 3650 1941; x_wconf 81' lang='grc' dir='ltr'>μὴ</span> <span class='ocrx_word' id='word_1_324' title='bbox 3681 1872 3824 1940; x_wconf 73' lang='grc' dir='ltr'>πρὸς</span> <span class='ocrx_word' id='word_1_325' title='bbox 3857 1870 3978 1922; x_wconf 73' lang='grc' dir='ltr'>Θεὸν</span> 
     </span>
    </p>
   </div>
   <div class='ocr_carea' id='block_1_48' title="bbox 2410 1958 3973 2036">
    <p class='ocr_par' dir='ltr' id='par_1_48' title="bbox 2410 1958 3973 2036">
     <span class='ocr_line' id='line_1_48' title="bbox 2410 1958 3973 2036; baseline -0.003 -18"><span class='ocrx_word' id='word_1_326' title='bbox 2410 1967 2537 2028; x_wconf 77' lang='grc' dir='ltr'>τοὺς</span> <span class='ocrx_word' id='word_1_327' title='bbox 2570 1967 2666 2033; x_wconf 79' lang='grc' dir='ltr'>τῆς</span> <span class='ocrx_word' id='word_1_328' title='bbox 2697 1966 2875 2035; x_wconf 71' lang='grc' dir='ltr'>ψυχῆς</span> <span class='ocrx_word' id='word_1_329' title='bbox 2902 1966 3218 2036; x_wconf 72' lang='grc' dir='ltr'>ὀφθαλμοὺς</span> <span class='ocrx_word' id='word_1_330' title='bbox 3250 1964 3574 2028; x_wconf 87' lang='grc' dir='ltr'>άτενίζουσα</span> <span class='ocrx_word' id='word_1_331' title='bbox 3598 2005 3612 2030; x_wconf 91' lang='grc'><strong>,</strong></span> <span class='ocrx_word' id='word_1_332' title='bbox 3649 1958 3697 2031; x_wconf 82' lang='grc' dir='ltr'>ᾧ</span> <span class='ocrx_word' id='word_1_333' title='bbox 3732 1979 3794 2015; x_wconf 87' lang='grc' dir='ltr'><strong>τε</strong></span> <span class='ocrx_word' id='word_1_334' title='bbox 3828 1965 3973 2032; x_wconf 80' lang='grc' dir='ltr'>κοινῇ</span> 
     </span>
    </p>
   </div>
   <div class='ocr_carea' id='block_1_49' title="bbox 2411 2054 3978 2126">
    <p class='ocr_par' dir='ltr' id='par_1_49' title="bbox 2411 2054 3978 2126">
     <span class='ocr_line' id='line_1_49' title="bbox 2411 2054 3978 2126; baseline -0.001 -18"><span class='ocrx_word' id='word_1_335' title='bbox 2411 2057 2887 2126; x_wconf 84' lang='grc' dir='ltr'>πεπιστεύκαιμεν</span> <span class='ocrx_word' id='word_1_336' title='bbox 2911 2097 2924 2120; x_wconf 86' lang='grc'><strong>,</strong></span> <span class='ocrx_word' id='word_1_337' title='bbox 2957 2058 3054 2110; x_wconf 77' lang='grc' dir='ltr'><strong>καὶ</strong></span> <span class='ocrx_word' id='word_1_338' title='bbox 3081 2061 3212 2126; x_wconf 88' lang='grc' dir='ltr'>παρ’</span> <span class='ocrx_word' id='word_1_339' title='bbox 3248 2054 3307 2112; x_wconf 69' lang='grc' dir='ltr'>οὗ</span> <span class='ocrx_word' id='word_1_340' title='bbox 3350 2059 3617 2126; x_wconf 82' lang='grc' dir='ltr'>μεγίστην</span> <span class='ocrx_word' id='word_1_341' title='bbox 3649 2055 3978 2124; x_wconf 71' lang='grc' dir='ltr'>εὑρίσκομεν</span> 
     </span>
    </p>
   </div>
   <div class='ocr_carea' id='block_1_50' title="bbox 2409 2145 3978 2218">
    <p class='ocr_par' dir='ltr' id='par_1_50' title="bbox 2409 2145 3978 2218">
     <span class='ocr_line' id='line_1_50' title="bbox 2409 2145 3978 2218; baseline -0.002 -17"><span class='ocrx_word' id='word_1_342' title='bbox 2409 2150 2506 2218; x_wconf 75' lang='grc' dir='ltr'>τὴν</span> <span class='ocrx_word' id='word_1_343' title='bbox 2547 2148 2859 2218; x_wconf 80' lang='grc' dir='ltr'>ἀντίληψιν.</span> <span class='ocrx_word' id='word_1_344' title='bbox 2885 2149 2948 2201; x_wconf 81' lang='grc' dir='ltr'><strong>ΕΞ</strong></span> <span class='ocrx_word' id='word_1_345' title='bbox 2979 2150 3087 2218; x_wconf 84' lang='grc' dir='ltr'>γὰρ</span> <span class='ocrx_word' id='word_1_346' title='bbox 3117 2151 3276 2218; x_wconf 74' lang='grc' dir='ltr'>μόνον</span> <span class='ocrx_word' id='word_1_347' title='bbox 3307 2148 3398 2200; x_wconf 77' lang='grc' dir='ltr'>τοῦ</span> <span class='ocrx_word' id='word_1_348' title='bbox 3430 2148 3624 2209; x_wconf 82' lang='grc' dir='ltr'>ὓδατος</span> <span class='ocrx_word' id='word_1_349' title='bbox 3651 2146 3855 2199; x_wconf 81' lang='grc' dir='ltr'>τούτου</span> <span class='ocrx_word' id='word_1_350' title='bbox 3891 2145 3978 2199; x_wconf 78' lang='grc' dir='ltr'>τοῦ</span> 
     </span>
    </p>
   </div>
   <div class='ocr_carea' id='block_1_51' title="bbox 2411 2237 3978 2310">
    <p class='ocr_par' dir='ltr' id='par_1_51' title="bbox 2411 2237 3978 2310">
     <span class='ocr_line' id='line_1_51' title="bbox 2411 2237 3978 2310; baseline -0.003 -16"><span class='ocrx_word' id='word_1_351' title='bbox 2411 2240 2777 2310; x_wconf 74' lang='grc' dir='ltr'><strong>καχλάζοντος</strong></span> <span class='ocrx_word' id='word_1_352' title='bbox 2803 2240 3207 2310; x_wconf 78' lang='grc' dir='ltr'>παραψαύσεις,</span> <span class='ocrx_word' id='word_1_353' title='bbox 3240 2239 3442 2309; x_wconf 85' lang='grc' dir='ltr'>πολλῆς</span> <span class='ocrx_word' id='word_1_354' title='bbox 3465 2239 3709 2309; x_wconf 78' lang='grc' dir='ltr'>αἰσθήσῃ</span> <span class='ocrx_word' id='word_1_355' title='bbox 3730 2237 3836 2308; x_wconf 83' lang='grc' dir='ltr'>τῆς</span> <span class='ocrx_word' id='word_1_356' title='bbox 3857 2239 3978 2309; x_wconf 83' lang='grc' dir='ltr'>παρ’</span> 
     </span>
    </p>
   </div>
   <div class='ocr_carea' id='block_1_52' title="bbox 2411 2329 3980 2404">
    <p class='ocr_par' dir='ltr' id='par_1_52' title="bbox 2411 2329 3980 2404">
     <span class='ocr_line' id='line_1_52' title="bbox 2411 2329 3980 2404; baseline 0.001 -20"><span class='ocrx_word' id='word_1_357' title='bbox 2411 2335 2576 2387; x_wconf 78' lang='grc' dir='ltr'>αὑτοῦ</span> <span class='ocrx_word' id='word_1_358' title='bbox 2621 2333 2893 2404; x_wconf 79' lang='grc' dir='ltr'>βοηθείας,</span> <span class='ocrx_word' id='word_1_359' title='bbox 2926 2329 2992 2404; x_wconf 84' lang='grc' dir='ltr'>ἧς</span> <span class='ocrx_word' id='word_1_360' title='bbox 3030 2333 3144 2402; x_wconf 77' lang='grc' dir='ltr'><strong>ἐγὼ</strong></span> <span class='ocrx_word' id='word_1_361' title='bbox 3174 2334 3382 2400; x_wconf 82' lang='grc' dir='ltr'>μάρτυς</span> <span class='ocrx_word' id='word_1_362' title='bbox 3412 2334 3442 2386; x_wconf 88' lang='lat'><strong>6</strong></span> <span class='ocrx_word' id='word_1_363' title='bbox 3477 2332 3566 2394; x_wconf 82' lang='grc' dir='ltr'><strong>σὸς</strong></span> <span class='ocrx_word' id='word_1_364' title='bbox 3599 2331 3866 2400; x_wconf 81' lang='grc' dir='ltr'>ἁδελφὸς,</span> <span class='ocrx_word' id='word_1_365' title='bbox 3899 2331 3980 2385; x_wconf 83' lang='grc' dir='ltr'><strong>οὗ·</strong></span> 
     </span>
    </p>
   </div>
   <div class='ocr_carea' id='block_1_53' title="bbox 2409 2423 3625 2494">
    <p class='ocr_par' dir='ltr' id='par_1_53' title="bbox 2409 2423 3625 2494">
     <span class='ocr_line' id='line_1_53' title="bbox 2409 2423 3625 2494; baseline 0.001 -16"><span class='ocrx_word' id='word_1_366' title='bbox 2409 2443 2516 2487; x_wconf 87' lang='grc' dir='ltr'><strong>τως</strong></span> <span class='ocrx_word' id='word_1_367' title='bbox 2551 2423 2828 2494; x_wconf 75' lang='grc' dir='ltr'>ὁρώμενόν</span> <span class='ocrx_word' id='word_1_368' title='bbox 2859 2441 2940 2477; x_wconf 93' lang='grc' dir='ltr'><strong>σοι</strong></span> <span class='ocrx_word' id='word_1_369' title='bbox 2968 2425 3186 2492; x_wconf 77' lang='grc' dir='ltr'>ἀπαθὴς</span> <span class='ocrx_word' id='word_1_370' title='bbox 3214 2429 3306 2477; x_wconf 75' lang='grc' dir='ltr'>καὶ</span> <span class='ocrx_word' id='word_1_371' title='bbox 3338 2424 3625 2485; x_wconf 87' lang='grc' dir='ltr'>ἁνώδυνος.</span> 
     </span>
    </p>
   </div>
   <div class='ocr_carea' id='block_1_54' title="bbox 2483 2516 3983 2586">
    <p class='ocr_par' dir='ltr' id='par_1_54' title="bbox 2483 2516 3983 2586">
     <span class='ocr_line' id='line_1_54' title="bbox 2483 2516 3983 2586; baseline -0.001 -16"><span class='ocrx_word' id='word_1_372' title='bbox 2483 2519 2543 2572; x_wconf 87' lang='grc'><strong>1’.</strong></span> <span class='ocrx_word' id='word_1_373' title='bbox 2587 2517 2810 2581; x_wconf 77' lang='grc' dir='ltr'>Τούτοις</span> <span class='ocrx_word' id='word_1_374' title='bbox 2858 2517 3154 2586; x_wconf 85' lang='grc' dir='ltr'>Εὐλαμπία</span> <span class='ocrx_word' id='word_1_375' title='bbox 3209 2518 3496 2570; x_wconf 79' lang='grc' dir='ltr'><strong>πεισθεῖσα</strong></span> <span class='ocrx_word' id='word_1_376' title='bbox 3525 2555 3540 2580; x_wconf 84' lang='grc'><strong>,</strong></span> <span class='ocrx_word' id='word_1_377' title='bbox 3578 2517 3677 2570; x_wconf 80' lang='grc' dir='ltr'>καὶ</span> <span class='ocrx_word' id='word_1_378' title='bbox 3727 2516 3828 2585; x_wconf 83' lang='grc' dir='ltr'>ὅλη</span> <span class='ocrx_word' id='word_1_379' title='bbox 3880 2516 3983 2568; x_wconf 83' lang='grc' dir='ltr'><strong>τῶν</strong></span> 
     </span>
    </p>
   </div>
   <div class='ocr_carea' id='block_1_55' title="bbox 2411 2607 3983 2679">
    <p class='ocr_par' dir='ltr' id='par_1_55' title="bbox 2411 2607 3983 2679">
     <span class='ocr_line' id='line_1_55' title="bbox 2411 2607 3983 2679; baseline -0.002 -17"><span class='ocrx_word' id='word_1_380' title='bbox 2411 2609 2579 2662; x_wconf 80' lang='grc' dir='ltr'>αὑτοῦ</span> <span class='ocrx_word' id='word_1_381' title='bbox 2621 2609 3007 2679; x_wconf 74' lang='grc' dir='ltr'>παραινέσεων</span> <span class='ocrx_word' id='word_1_382' title='bbox 3049 2614 3318 2677; x_wconf 78' lang='grc' dir='ltr'>γενομένη</span> <span class='ocrx_word' id='word_1_383' title='bbox 3345 2647 3360 2673; x_wconf 90' lang='grc'><strong>,</strong></span> <span class='ocrx_word' id='word_1_384' title='bbox 3421 2607 3723 2676; x_wconf 82' lang='grc' dir='ltr'>προθύμως</span> <span class='ocrx_word' id='word_1_385' title='bbox 3787 2609 3983 2660; x_wconf 74' lang='grc' dir='ltr'>αὐτίκα</span> 
     </span>
    </p>
   </div>
   <div class='ocr_carea' id='block_1_56' title="bbox 2411 2685 3985 2771">
    <p class='ocr_par' dir='ltr' id='par_1_56' title="bbox 2411 2697 3985 2771">
     <span class='ocr_line' id='line_1_56' title="bbox 2411 2697 3985 2771; baseline -0.003 -18"><span class='ocrx_word' id='word_1_386' title='bbox 2411 2701 2506 2753; x_wconf 76' lang='grc' dir='ltr'>καὶ</span> <span class='ocrx_word' id='word_1_387' title='bbox 2535 2704 2800 2768; x_wconf 81' lang='grc' dir='ltr'>γενναίως</span> <span class='ocrx_word' id='word_1_388' title='bbox 2824 2701 2999 2771; x_wconf 78' lang='grc' dir='ltr'>εἰσῄει</span> <span class='ocrx_word' id='word_1_389' title='bbox 3031 2702 3122 2753; x_wconf 84' lang='grc' dir='ltr'><strong>τὸν</strong></span> <span class='ocrx_word' id='word_1_390' title='bbox 3153 2701 3354 2768; x_wconf 80' lang='grc' dir='ltr'>λέϐητα</span> <span class='ocrx_word' id='word_1_391' title='bbox 3376 2738 3389 2763; x_wconf 86' lang='grc'><strong>,</strong></span> <span class='ocrx_word' id='word_1_392' title='bbox 3423 2697 3542 2751; x_wconf 77' lang='grc' dir='ltr'>εἶτα</span> <span class='ocrx_word' id='word_1_393' title='bbox 3581 2703 3678 2750; x_wconf 76' lang='grc' dir='ltr'>καὶ</span> <span class='ocrx_word' id='word_1_394' title='bbox 3707 2702 3869 2767; x_wconf 77' lang='grc' dir='ltr'>κοινῇ</span> <span class='ocrx_word' id='word_1_395' title='bbox 3913 2698 3985 2767; x_wconf 81' lang='grc' dir='ltr'>τῷ</span> 
     </span>
    </p>
   </div>
   <div class='ocr_carea' id='block_1_57' title="bbox 2412 2789 3986 2860">
    <p class='ocr_par' dir='ltr' id='par_1_57' title="bbox 2412 2789 3986 2860">
     <span class='ocr_line' id='line_1_57' title="bbox 2412 2789 3986 2860; baseline -0.001 -16"><span class='ocrx_word' id='word_1_396' title='bbox 2412 2792 2693 2860; x_wconf 89' lang='grc' dir='ltr'>πνεύματι</span> <span class='ocrx_word' id='word_1_397' title='bbox 2726 2792 3219 2860; x_wconf 83' lang='grc' dir='ltr'>ἀγαλλιασάμενοι,</span> <span class='ocrx_word' id='word_1_398' title='bbox 3266 2789 3367 2860; x_wconf 83' lang='grc' dir='ltr'><strong>τὴν</strong></span> <span class='ocrx_word' id='word_1_399' title='bbox 3410 2790 3684 2860; x_wconf 84' lang='grc' dir='ltr'>τιμωρίαν</span> <span class='ocrx_word' id='word_1_400' title='bbox 3740 2790 3865 2860; x_wconf 81' lang='grc' dir='ltr'>μετ’</span> <span class='ocrx_word' id='word_1_401' title='bbox 3905 2791 3986 2843; x_wconf 85' lang='grc' dir='ltr'><strong>εὑ-</strong></span> 
     </span>
    </p>
   </div>
   <div class='ocr_carea' id='block_1_58' title="bbox 2415 2882 3987 2952">
    <p class='ocr_par' dir='ltr' id='par_1_58' title="bbox 2415 2882 3987 2952">
     <span class='ocr_line' id='line_1_58' title="bbox 2415 2882 3987 2952; baseline 0.001 -20"><span class='ocrx_word' id='word_1_402' title='bbox 2415 2882 2692 2951; x_wconf 80' lang='grc' dir='ltr'>φροσύνης</span> <span class='ocrx_word' id='word_1_403' title='bbox 2755 2882 3022 2952; x_wconf 75' lang='grc' dir='ltr'>ἐδέχοντο,</span> <span class='ocrx_word' id='word_1_404' title='bbox 3081 2884 3176 2934; x_wconf 74' lang='grc' dir='ltr'><strong>καὶ</strong></span> <span class='ocrx_word' id='word_1_405' title='bbox 3228 2882 3438 2952; x_wconf 69' lang='grc' dir='ltr'>ψυχρὸς</span> <span class='ocrx_word' id='word_1_406' title='bbox 3495 2882 3704 2944; x_wconf 80' lang='grc' dir='ltr'>εὐθέως</span> <span class='ocrx_word' id='word_1_407' title='bbox 3744 2884 3774 2935; x_wconf 83' lang='grc'>6</span> <span class='ocrx_word' id='word_1_408' title='bbox 3829 2883 3987 2951; x_wconf 75' lang='grc' dir='ltr'>λέϐης</span> 
     </span>
    </p>
   </div>
   <div class='ocr_carea' id='block_1_59' title="bbox 2413 2975 3987 3045">
    <p class='ocr_par' dir='ltr' id='par_1_59' title="bbox 2413 2975 3987 3045">
     <span class='ocr_line' id='line_1_59' title="bbox 2413 2975 3987 3045; baseline -0.001 -19"><span class='ocrx_word' id='word_1_409' title='bbox 2413 2975 2711 3039; x_wconf 66' lang='grc' dir='ltr'>ἐδείκνυτο,</span> <span class='ocrx_word' id='word_1_410' title='bbox 2751 2978 2844 3028; x_wconf 78' lang='grc' dir='ltr'><strong>καὶ</strong></span> <span class='ocrx_word' id='word_1_411' title='bbox 2873 2975 3104 3038; x_wconf 84' lang='grc' dir='ltr'>ἀπαθεῖς</span> <span class='ocrx_word' id='word_1_412' title='bbox 3135 2977 3320 3028; x_wconf 82' lang='grc' dir='ltr'>κακῶν</span> <span class='ocrx_word' id='word_1_413' title='bbox 3350 2979 3565 3045; x_wconf 84' lang='grc' dir='ltr'>συνεῖχε</span> <span class='ocrx_word' id='word_1_414' title='bbox 3598 2977 3732 3037; x_wconf 84' lang='grc' dir='ltr'>τοὺς</span> <span class='ocrx_word' id='word_1_415' title='bbox 3778 2976 3987 3044; x_wconf 77' lang='grc' dir='ltr'>μάρτυο</span> 
     </span>
    </p>
   </div>
   <div class='ocr_carea' id='block_1_60' title="bbox 2415 3065 3986 3137">
    <p class='ocr_par' dir='ltr' id='par_1_60' title="bbox 2415 3065 3986 3137">
     <span class='ocr_line' id='line_1_60' title="bbox 2415 3065 3986 3137; baseline -0.003 -17"><span class='ocrx_word' id='word_1_416' title='bbox 2415 3083 2537 3136; x_wconf 85' lang='grc' dir='ltr'>ρας.</span> <span class='ocrx_word' id='word_1_417' title='bbox 2579 3068 2687 3120; x_wconf 76' lang='grc' dir='ltr'><strong>Καὶ</strong></span> <span class='ocrx_word' id='word_1_418' title='bbox 2717 3070 2779 3120; x_wconf 87' lang='grc' dir='ltr'><strong>οὐ</strong></span> <span class='ocrx_word' id='word_1_419' title='bbox 2819 3070 2980 3137; x_wconf 86' lang='grc' dir='ltr'>μέχρι</span> <span class='ocrx_word' id='word_1_420' title='bbox 3011 3068 3202 3120; x_wconf 84' lang='grc' dir='ltr'>τούτου</span> <span class='ocrx_word' id='word_1_421' title='bbox 3226 3069 3287 3119; x_wconf 71' lang='grc' dir='ltr'>τὸ</span> <span class='ocrx_word' id='word_1_422' title='bbox 3313 3067 3616 3132; x_wconf 81' lang='grc' dir='ltr'>παράδοξον</span> <span class='ocrx_word' id='word_1_423' title='bbox 3651 3068 3816 3133; x_wconf 47' lang='grc' dir='ltr'>ἑστηε,</span> <span class='ocrx_word' id='word_1_424' title='bbox 3858 3065 3986 3116; x_wconf 76' lang='grc' dir='ltr'>ἀλλὰ</span> 
     </span>
    </p>
   </div>
   <div class='ocr_carea' id='block_1_61' title="bbox 735 3154 2312 3234">
    <p class='ocr_par' dir='ltr' id='par_1_61' title="bbox 735 3154 2308 3222">
     <span class='ocr_line' id='line_1_61' title="bbox 735 3154 2308 3222; baseline 0.003 -15"><span class='ocrx_word' id='word_1_425' title='bbox 735 3156 824 3222; x_wconf 90' lang='lat' dir='ltr'><strong>qui</strong></span> <span class='ocrx_word' id='word_1_426' title='bbox 856 3156 1303 3220; x_wconf 83' lang='lat' dir='ltr'><strong>circumstabant,</strong></span> <span class='ocrx_word' id='word_1_427' title='bbox 1337 3155 1550 3208; x_wconf 86' lang='lat' dir='ltr'><strong>induxit</strong></span> <span class='ocrx_word' id='word_1_428' title='bbox 1595 3154 1665 3207; x_wconf 88' lang='lat' dir='ltr'><strong>ad</strong></span> <span class='ocrx_word' id='word_1_429' title='bbox 1705 3156 1982 3222; x_wconf 90' lang='lat' dir='ltr'><strong>pietatem.</strong></span> <span class='ocrx_word' id='word_1_430' title='bbox 2012 3157 2178 3212; x_wconf 86' lang='lat' dir='ltr'><strong>Porro</strong></span> <span class='ocrx_word' id='word_1_431' title='bbox 2211 3175 2308 3214; x_wconf 84' lang='lat' dir='ltr'><strong>au-</strong></span> 
     </span>
    </p>
   </div>
   <div class='ocr_carea' id='block_1_62' title="bbox 2415 3154 3987 3234">
    <p class='ocr_par' dir='ltr' id='par_1_62' title="bbox 2415 3156 3987 3227">
     <span class='ocr_line' id='line_1_62' title="bbox 2415 3156 3987 3227; baseline -0.001 -17"><span class='ocrx_word' id='word_1_432' title='bbox 2415 3160 2508 3210; x_wconf 68' lang='grc' dir='ltr'>καὶ</span> <span class='ocrx_word' id='word_1_433' title='bbox 2535 3158 2643 3210; x_wconf 90' lang='grc' dir='ltr'><strong>τῶν</strong></span> <span class='ocrx_word' id='word_1_434' title='bbox 2681 3159 3124 3227; x_wconf 81' lang='grc' dir='ltr'>περιεστηκότων</span> <span class='ocrx_word' id='word_1_435' title='bbox 3154 3159 3256 3208; x_wconf 74' lang='grc' dir='ltr'><strong>οὐκ</strong></span> <span class='ocrx_word' id='word_1_436' title='bbox 3287 3157 3499 3223; x_wconf 73' lang='grc' dir='ltr'>ὀλίγους</span> <span class='ocrx_word' id='word_1_437' title='bbox 3542 3156 3680 3225; x_wconf 65' lang='grc' dir='ltr'>πρὸς</span> <span class='ocrx_word' id='word_1_438' title='bbox 3706 3156 3987 3208; x_wconf 77' lang='grc' dir='ltr'>εὐσέϐειαν</span> 
     </span>
    </p>
   </div>
   <div class='ocr_carea' id='block_1_63' title="bbox 738 3246 2310 3316">
    <p class='ocr_par' dir='ltr' id='par_1_63' title="bbox 738 3246 2310 3316">
     <span class='ocr_line' id='line_1_63' title="bbox 738 3246 2310 3316; baseline 0.004 -19"><span class='ocrx_word' id='word_1_439' title='bbox 738 3255 844 3298; x_wconf 90' lang='lat' dir='ltr'><strong>tem</strong></span> <span class='ocrx_word' id='word_1_440' title='bbox 877 3247 1051 3312; x_wconf 88' lang='lat' dir='ltr'><strong>ipsum</strong></span> <span class='ocrx_word' id='word_1_441' title='bbox 1085 3261 1299 3313; x_wconf 86' lang='lat' dir='ltr'><strong>quoque</strong></span> <span class='ocrx_word' id='word_1_442' title='bbox 1337 3254 1646 3313; x_wconf 78' lang='lat' dir='ltr'><strong>tyrannum,</strong></span> <span class='ocrx_word' id='word_1_443' title='bbox 1675 3246 1774 3300; x_wconf 91' lang='lat' dir='ltr'><strong>etsi</strong></span> <span class='ocrx_word' id='word_1_444' title='bbox 1825 3262 1933 3300; x_wconf 89' lang='lat' dir='ltr'><strong>non</strong></span> <span class='ocrx_word' id='word_1_445' title='bbox 1982 3264 2114 3316; x_wconf 87' lang='lat' dir='ltr'><strong>pure</strong></span> <span class='ocrx_word' id='word_1_446' title='bbox 2152 3251 2310 3303; x_wconf 82' lang='lat' dir='ltr'><strong>traxit</strong></span> 
     </span>
    </p>
   </div>
   <div class='ocr_carea' id='block_1_64' title="bbox 732 3333 2312 3405">
    <p class='ocr_par' dir='ltr' id='par_1_64' title="bbox 732 3333 2312 3405">
     <span class='ocr_line' id='line_1_64' title="bbox 732 3333 2312 3405; baseline -0.001 -16"><span class='ocrx_word' id='word_1_447' title='bbox 732 3334 803 3389; x_wconf 83' lang='lat' dir='ltr'><strong>ad</strong></span> <span class='ocrx_word' id='word_1_448' title='bbox 838 3349 1026 3387; x_wconf 85' lang='lat' dir='ltr'><strong>verum</strong></span> <span class='ocrx_word' id='word_1_449' title='bbox 1065 3335 1155 3387; x_wconf 88' lang='lat' dir='ltr'><strong>Dei</strong></span> <span class='ocrx_word' id='word_1_450' title='bbox 1181 3335 1408 3400; x_wconf 88' lang='lat' dir='ltr'><strong>cultum,</strong></span> <span class='ocrx_word' id='word_1_451' title='bbox 1437 3333 1577 3388; x_wconf 89' lang='lat' dir='ltr'><strong>illius</strong></span> <span class='ocrx_word' id='word_1_452' title='bbox 1608 3345 1792 3389; x_wconf 80' lang='lat' dir='ltr'><strong>tamen</strong></span> <span class='ocrx_word' id='word_1_453' title='bbox 1828 3337 2076 3390; x_wconf 81' lang='lat' dir='ltr'><strong>labefecit</strong></span> <span class='ocrx_word' id='word_1_454' title='bbox 2111 3339 2312 3405; x_wconf 87' lang='lat' dir='ltr'><strong>cogita-</strong></span> 
     </span>
    </p>
   </div>
   <div class='ocr_carea' id='block_1_65' title="bbox 739 3425 2311 3498">
    <p class='ocr_par' dir='ltr' id='par_1_65' title="bbox 739 3425 2311 3498">
     <span class='ocr_line' id='line_1_65' title="bbox 739 3425 2311 3498; baseline 0.003 -19"><span class='ocrx_word' id='word_1_455' title='bbox 739 3429 962 3489; x_wconf 89' lang='lat' dir='ltr'><strong>tionem,</strong></span> <span class='ocrx_word' id='word_1_456' title='bbox 991 3434 1046 3482; x_wconf 84' lang='lat' dir='ltr'><strong>et</strong></span> <span class='ocrx_word' id='word_1_457' title='bbox 1074 3426 1202 3479; x_wconf 85' lang='lat' dir='ltr'><strong>fecit</strong></span> <span class='ocrx_word' id='word_1_458' title='bbox 1236 3427 1486 3480; x_wconf 88' lang='lat' dir='ltr'><strong>dubitare</strong></span> <span class='ocrx_word' id='word_1_459' title='bbox 1518 3429 1585 3479; x_wconf 89' lang='lat' dir='ltr'><strong>de</strong></span> <span class='ocrx_word' id='word_1_460' title='bbox 1617 3441 1712 3478; x_wconf 89' lang='lat' dir='ltr'><strong>sua</strong></span> <span class='ocrx_word' id='word_1_461' title='bbox 1746 3427 2023 3494; x_wconf 83' lang='lat' dir='ltr'><strong>religione.</strong></span> <span class='ocrx_word' id='word_1_462' title='bbox 2057 3425 2311 3498; x_wconf 70' lang='lat' dir='ltr'><strong>Ethiops</strong></span> 
     </span>
    </p>
   </div>
   <div class='ocr_carea' id='block_1_66' title="bbox 739 3512 2310 3587">
    <p class='ocr_par' dir='ltr' id='par_1_66' title="bbox 739 3512 2310 3587">
     <span class='ocr_line' id='line_1_66' title="bbox 739 3512 2310 3587; baseline 0.003 -19"><span class='ocrx_word' id='word_1_463' title='bbox 739 3527 919 3569; x_wconf 86' lang='lat' dir='ltr'><strong>tamen</strong></span> <span class='ocrx_word' id='word_1_464' title='bbox 963 3531 1072 3567; x_wconf 91' lang='lat' dir='ltr'><strong>non</strong></span> <span class='ocrx_word' id='word_1_465' title='bbox 1124 3517 1224 3568; x_wconf 90' lang='lat' dir='ltr'><strong>fuit</strong></span> <span class='ocrx_word' id='word_1_466' title='bbox 1265 3512 1562 3578; x_wconf 77' lang='lat' dir='ltr'><strong>dealbatus,</strong></span> <span class='ocrx_word' id='word_1_467' title='bbox 1593 3524 1647 3569; x_wconf 89' lang='lat' dir='ltr'><strong>et</strong></span> <span class='ocrx_word' id='word_1_468' title='bbox 1678 3531 1876 3570; x_wconf 90' lang='lat' dir='ltr'><strong>cancer</strong></span> <span class='ocrx_word' id='word_1_469' title='bbox 1923 3527 2070 3570; x_wconf 87' lang='lat' dir='ltr'><strong>recte</strong></span> <span class='ocrx_word' id='word_1_470' title='bbox 2102 3518 2310 3587; x_wconf 81' lang='lat' dir='ltr'><strong>ingredi</strong></span> 
     </span>
    </p>
   </div>
   <div class='ocr_carea' id='block_1_67' title="bbox 739 3605 2309 3676">
    <p class='ocr_par' dir='ltr' id='par_1_67' title="bbox 739 3605 2309 3676">
     <span class='ocr_line' id='line_1_67' title="bbox 739 3605 2309 3676; baseline 0.003 -19"><span class='ocrx_word' id='word_1_471' title='bbox 739 3621 849 3660; x_wconf 88' lang='lat' dir='ltr'><strong>non</strong></span> <span class='ocrx_word' id='word_1_472' title='bbox 901 3605 1107 3660; x_wconf 80' lang='lat' dir='ltr'><strong>didicit.</strong></span> <span class='ocrx_word' id='word_1_473' title='bbox 1137 3607 1269 3660; x_wconf 79' lang='lat' dir='ltr'><strong>Cum</strong></span> <span class='ocrx_word' id='word_1_474' title='bbox 1325 3607 1466 3660; x_wconf 87' lang='lat' dir='ltr'><strong>enim</strong></span> <span class='ocrx_word' id='word_1_475' title='bbox 1501 3613 1784 3662; x_wconf 82' lang='lat' dir='ltr'><strong>vincerent</strong></span> <span class='ocrx_word' id='word_1_476' title='bbox 1815 3610 2034 3676; x_wconf 87' lang='lat' dir='ltr'><strong>quidem</strong></span> <span class='ocrx_word' id='word_1_477' title='bbox 2071 3608 2309 3671; x_wconf 63' lang='lat' dir='ltr'><strong>athletae,</strong></span> 
     </span>
    </p>
   </div>
   <div class='ocr_carea' id='block_1_68' title="bbox 741 3699 2313 3764">
    <p class='ocr_par' dir='ltr' id='par_1_68' title="bbox 741 3699 2313 3764">
     <span class='ocr_line' id='line_1_68' title="bbox 741 3699 2313 3764; baseline 0.001 -13"><span class='ocrx_word' id='word_1_478' title='bbox 741 3699 1052 3752; x_wconf 75' lang='lat' dir='ltr'><strong>vinceretur</strong></span> <span class='ocrx_word' id='word_1_479' title='bbox 1086 3710 1265 3752; x_wconf 89' lang='lat' dir='ltr'><strong>autem</strong></span> <span class='ocrx_word' id='word_1_480' title='bbox 1301 3699 1521 3764; x_wconf 89' lang='lat' dir='ltr'><strong>impius.</strong></span> <span class='ocrx_word' id='word_1_481' title='bbox 1558 3713 1652 3749; x_wconf 87' lang='lat' dir='ltr'><strong>eos</strong></span> <span class='ocrx_word' id='word_1_482' title='bbox 1676 3711 1704 3748; x_wconf 89' lang='lat' dir='ltr'><strong>a</strong></span> <span class='ocrx_word' id='word_1_483' title='bbox 1734 3711 1789 3750; x_wconf 89' lang='lat' dir='ltr'><strong>se</strong></span> <span class='ocrx_word' id='word_1_484' title='bbox 1821 3699 2051 3750; x_wconf 81' lang='lat' dir='ltr'><strong>invicem</strong></span> <span class='ocrx_word' id='word_1_485' title='bbox 2075 3709 2128 3752; x_wconf 89' lang='lat' dir='ltr'><strong>et</strong></span> <span class='ocrx_word' id='word_1_486' title='bbox 2156 3715 2184 3752; x_wconf 84' lang='lat' dir='ltr'><strong>a</strong></span> <span class='ocrx_word' id='word_1_487' title='bbox 2208 3699 2313 3754; x_wconf 85' lang='lat' dir='ltr'><strong>fide</strong></span> 
     </span>
    </p>
   </div>
   <div class='ocr_carea' id='block_1_69' title="bbox 743 3789 2310 3853">
    <p class='ocr_par' dir='ltr' id='par_1_69' title="bbox 743 3789 2310 3853">
     <span class='ocr_line' id='line_1_69' title="bbox 743 3789 2310 3853; baseline 0.004 -13"><span class='ocrx_word' id='word_1_488' title='bbox 743 3791 799 3841; x_wconf 92' lang='lat' dir='ltr'><strong>in</strong></span> <span class='ocrx_word' id='word_1_489' title='bbox 834 3789 1106 3842; x_wconf 85' lang='lat' dir='ltr'><strong>Christum</strong></span> <span class='ocrx_word' id='word_1_490' title='bbox 1136 3804 1244 3840; x_wconf 92' lang='lat' dir='ltr'><strong>non</strong></span> <span class='ocrx_word' id='word_1_491' title='bbox 1280 3789 1464 3846; x_wconf 71' lang='lat' dir='ltr'><strong>valens</strong></span> <span class='ocrx_word' id='word_1_492' title='bbox 1494 3789 1817 3853; x_wconf 86' lang='lat' dir='ltr'><strong>distrahere,</strong></span> <span class='ocrx_word' id='word_1_493' title='bbox 1853 3792 1993 3845; x_wconf 89' lang='lat' dir='ltr'><strong>redit</strong></span> <span class='ocrx_word' id='word_1_494' title='bbox 2030 3809 2216 3847; x_wconf 89' lang='lat' dir='ltr'><strong>rursus</strong></span> <span class='ocrx_word' id='word_1_495' title='bbox 2245 3793 2310 3846; x_wconf 90' lang='lat' dir='ltr'><strong>ad</strong></span> 
     </span>
    </p>
   </div>
   <div class='ocr_carea' id='block_1_70' title="bbox 741 3883 2315 3955">
    <p class='ocr_par' dir='ltr' id='par_1_70' title="bbox 741 3883 2315 3955">
     <span class='ocr_line' id='line_1_70' title="bbox 741 3883 2315 3955; baseline 0.003 -22"><span class='ocrx_word' id='word_1_496' title='bbox 741 3889 1026 3943; x_wconf 82' lang='lat' dir='ltr'><strong>consueta,</strong></span> <span class='ocrx_word' id='word_1_497' title='bbox 1066 3891 1115 3934; x_wconf 85' lang='lat' dir='ltr'><strong>et</strong></span> <span class='ocrx_word' id='word_1_498' title='bbox 1151 3891 1392 3934; x_wconf 83' lang='lat' dir='ltr'><strong>armatur</strong></span> <span class='ocrx_word' id='word_1_499' title='bbox 1421 3884 1599 3934; x_wconf 89' lang='lat' dir='ltr'><strong>denuo</strong></span> <span class='ocrx_word' id='word_1_500' title='bbox 1628 3883 1888 3935; x_wconf 81' lang='lat' dir='ltr'><strong>adversus</strong></span> <span class='ocrx_word' id='word_1_501' title='bbox 1912 3885 2084 3936; x_wconf 86' lang='lat' dir='ltr'><strong>solum</strong></span> <span class='ocrx_word' id='word_1_502' title='bbox 2119 3897 2315 3955; x_wconf 81' lang='lat' dir='ltr'><strong>marty-</strong></span> 
     </span>
    </p>
   </div>
   <div class='ocr_carea' id='block_1_71' title="bbox 743 3972 2312 4048">
    <p class='ocr_par' dir='ltr' id='par_1_71' title="bbox 743 3972 2312 4048">
     <span class='ocr_line' id='line_1_71' title="bbox 743 3972 2312 4048; baseline 0.004 -24"><span class='ocrx_word' id='word_1_503' title='bbox 743 3987 878 4033; x_wconf 89' lang='lat' dir='ltr'><strong>rem,</strong></span> <span class='ocrx_word' id='word_1_504' title='bbox 921 3983 972 4024; x_wconf 88' lang='lat' dir='ltr'><strong>et</strong></span> <span class='ocrx_word' id='word_1_505' title='bbox 1000 3974 1156 4041; x_wconf 86' lang='lat' dir='ltr'><strong>jubet</strong></span> <span class='ocrx_word' id='word_1_506' title='bbox 1196 3973 1244 4024; x_wconf 91' lang='lat' dir='ltr'><strong>ei</strong></span> <span class='ocrx_word' id='word_1_507' title='bbox 1282 3972 1522 4025; x_wconf 62' lang='lat' dir='ltr'><strong>exscindi</strong></span> <span class='ocrx_word' id='word_1_508' title='bbox 1556 3974 1788 4043; x_wconf 89' lang='lat' dir='ltr'><strong>pupillas</strong></span> <span class='ocrx_word' id='word_1_509' title='bbox 1831 3979 2110 4031; x_wconf 90' lang='lat' dir='ltr'><strong>oculorum</strong></span> <span class='ocrx_word' id='word_1_510' title='bbox 2147 3979 2193 4031; x_wconf 90' lang='lat' dir='ltr'><strong>is</strong></span> <span class='ocrx_word' id='word_1_511' title='bbox 2221 3980 2312 4048; x_wconf 84' lang='lat' dir='ltr'><strong>qui</strong></span> 
     </span>
    </p>
   </div>
   <div class='ocr_carea' id='block_1_72' title="bbox 741 4062 2315 4137">
    <p class='ocr_par' dir='ltr' id='par_1_72' title="bbox 741 4062 2315 4137">
     <span class='ocr_line' id='line_1_72' title="bbox 741 4062 2315 4137; baseline 0.004 -21"><span class='ocrx_word' id='word_1_512' title='bbox 741 4065 919 4116; x_wconf 89' lang='lat' dir='ltr'><strong>cordis</strong></span> <span class='ocrx_word' id='word_1_513' title='bbox 962 4062 1278 4116; x_wconf 67' lang='lat' dir='ltr'><strong>cwcutiebat</strong></span> <span class='ocrx_word' id='word_1_514' title='bbox 1325 4065 1516 4127; x_wconf 85' lang='lat' dir='ltr'><strong>oculis,</strong></span> <span class='ocrx_word' id='word_1_515' title='bbox 1544 4077 1596 4117; x_wconf 91' lang='lat' dir='ltr'><strong>et</strong></span> <span class='ocrx_word' id='word_1_516' title='bbox 1643 4065 1790 4118; x_wconf 89' lang='lat' dir='ltr'><strong>illum</strong></span> <span class='ocrx_word' id='word_1_517' title='bbox 1851 4068 2019 4137; x_wconf 77' lang='lat' dir='ltr'><strong>magis</strong></span> <span class='ocrx_word' id='word_1_518' title='bbox 2069 4071 2315 4122; x_wconf 85' lang='lat' dir='ltr'><strong>cruciare</strong></span> 
     </span>
    </p>
   </div>
   <div class='ocr_carea' id='block_1_73' title="bbox 742 4154 2317 4229">
    <p class='ocr_par' dir='ltr' id='par_1_73' title="bbox 742 4154 2317 4229">
     <span class='ocr_line' id='line_1_73' title="bbox 742 4154 2317 4229; baseline 0.006 -23"><span class='ocrx_word' id='word_1_519' title='bbox 742 4169 1062 4224; x_wconf 85' lang='lat' dir='ltr'><strong>procurans,</strong></span> <span class='ocrx_word' id='word_1_520' title='bbox 1100 4163 1156 4208; x_wconf 89' lang='lat' dir='ltr'><strong>et</strong></span> <span class='ocrx_word' id='word_1_521' title='bbox 1195 4154 1530 4216; x_wconf 87' lang='lat' dir='ltr'><strong>machinans,</strong></span> <span class='ocrx_word' id='word_1_522' title='bbox 1565 4165 1621 4208; x_wconf 92' lang='lat' dir='ltr'><strong>ut</strong></span> <span class='ocrx_word' id='word_1_523' title='bbox 1659 4156 1778 4223; x_wconf 87' lang='lat' dir='ltr'><strong>ejus</strong></span> <span class='ocrx_word' id='word_1_524' title='bbox 1824 4159 2029 4213; x_wconf 87' lang='lat' dir='ltr'><strong>sororis</strong></span> <span class='ocrx_word' id='word_1_525' title='bbox 2069 4175 2167 4229; x_wconf 89' lang='lat' dir='ltr'><strong>per</strong></span> <span class='ocrx_word' id='word_1_526' title='bbox 2216 4161 2317 4216; x_wconf 89' lang='lat' dir='ltr'><strong>hoc</strong></span> 
     </span>
    </p>
   </div>
   <div class='ocr_carea' id='block_1_74' title="bbox 744 4242 2317 4318">
    <p class='ocr_par' dir='ltr' id='par_1_74' title="bbox 744 4242 2317 4318">
     <span class='ocr_line' id='line_1_74' title="bbox 744 4242 2317 4318; baseline 0.006 -21"><span class='ocrx_word' id='word_1_527' title='bbox 744 4249 1088 4314; x_wconf 76' lang='lat' dir='ltr'><strong>frangeretur</strong></span> <span class='ocrx_word' id='word_1_528' title='bbox 1136 4243 1379 4297; x_wconf 85' lang='lat' dir='ltr'><strong>audacia.</strong></span> <span class='ocrx_word' id='word_1_529' title='bbox 1418 4242 1520 4298; x_wconf 87' lang='lat' dir='ltr'><strong>Sed</strong></span> <span class='ocrx_word' id='word_1_530' title='bbox 1574 4246 1626 4298; x_wconf 91' lang='lat' dir='ltr'><strong>in</strong></span> <span class='ocrx_word' id='word_1_531' title='bbox 1661 4244 1764 4300; x_wconf 89' lang='lat' dir='ltr'><strong>hoc</strong></span> <span class='ocrx_word' id='word_1_532' title='bbox 1803 4265 2019 4318; x_wconf 89' lang='lat' dir='ltr'><strong>quoque</strong></span> <span class='ocrx_word' id='word_1_533' title='bbox 2051 4252 2152 4305; x_wconf 90' lang='lat' dir='ltr'><strong>fuit</strong></span> <span class='ocrx_word' id='word_1_534' title='bbox 2186 4268 2317 4306; x_wconf 92' lang='lat' dir='ltr'><strong>con-</strong></span> 
     </span>
    </p>
   </div>
   <div class='ocr_carea' id='block_1_75' title="bbox 745 4335 2314 4398">
    <p class='ocr_par' dir='ltr' id='par_1_75' title="bbox 745 4335 2314 4398">
     <span class='ocr_line' id='line_1_75' title="bbox 745 4335 2314 4398; baseline 0.008 -13"><span class='ocrx_word' id='word_1_535' title='bbox 745 4337 920 4390; x_wconf 70' lang='lat' dir='ltr'><strong>victus</strong></span> <span class='ocrx_word' id='word_1_536' title='bbox 987 4350 1120 4388; x_wconf 71' lang='lat' dir='ltr'><strong>vana</strong></span> <span class='ocrx_word' id='word_1_537' title='bbox 1195 4345 1248 4390; x_wconf 86' lang='lat' dir='ltr'><strong>et</strong></span> <span class='ocrx_word' id='word_1_538' title='bbox 1311 4335 1489 4389; x_wconf 86' lang='lat' dir='ltr'><strong>inania</strong></span> <span class='ocrx_word' id='word_1_539' title='bbox 1545 4336 1726 4390; x_wconf 88' lang='lat' dir='ltr'><strong>moliri</strong></span> <span class='ocrx_word' id='word_1_540' title='bbox 1785 4340 2051 4396; x_wconf 85' lang='lat' dir='ltr'><strong>adversus</strong></span> <span class='ocrx_word' id='word_1_541' title='bbox 2111 4345 2314 4398; x_wconf 89' lang='lat' dir='ltr'><strong>Christi</strong></span> 
     </span>
    </p>
   </div>
   <div class='ocr_carea' id='block_1_76' title="bbox 743 4443 955 4482">
    <p class='ocr_par' dir='ltr' id='par_1_76' title="bbox 743 4443 955 4482">
     <span class='ocr_line' id='line_1_76' title="bbox 743 4443 955 4482; baseline 0 0"><span class='ocrx_word' id='word_1_542' title='bbox 743 4443 955 4482; x_wconf 65' lang='grc' dir='ltr'>δεινος.</span> 
     </span>
    </p>
   </div>
   <div class='ocr_carea' id='block_1_77' title="bbox 2417 3246 3985 3318">
    <p class='ocr_par' dir='ltr' id='par_1_77' title="bbox 2417 3246 3985 3318">
     <span class='ocr_line' id='line_1_77' title="bbox 2417 3246 3985 3318; baseline 0 -18"><span class='ocrx_word' id='word_1_543' title='bbox 2417 3249 2762 3315; x_wconf 85' lang='grc' dir='ltr'>ὑπηγάγετο,</span> <span class='ocrx_word' id='word_1_544' title='bbox 2797 3247 2892 3299; x_wconf 76' lang='grc' dir='ltr'>καὶ</span> <span class='ocrx_word' id='word_1_545' title='bbox 2934 3246 3100 3299; x_wconf 82' lang='grc' dir='ltr'>αὑτὸν</span> <span class='ocrx_word' id='word_1_546' title='bbox 3131 3247 3186 3299; x_wconf 84' lang='grc' dir='ltr'><strong>δὲ</strong></span> <span class='ocrx_word' id='word_1_547' title='bbox 3222 3247 3313 3298; x_wconf 82' lang='grc' dir='ltr'><strong>τὸν</strong></span> <span class='ocrx_word' id='word_1_548' title='bbox 3357 3246 3652 3315; x_wconf 77' lang='grc' dir='ltr'>τύραννον,</span> <span class='ocrx_word' id='word_1_549' title='bbox 3697 3249 3745 3298; x_wconf 89' lang='grc' dir='ltr'><strong>εί</strong></span> <span class='ocrx_word' id='word_1_550' title='bbox 3789 3250 3888 3300; x_wconf 73' lang='grc' dir='ltr'><strong>καὶ</strong></span> <span class='ocrx_word' id='word_1_551' title='bbox 3917 3249 3985 3318; x_wconf 70' lang='grc' dir='ltr'>μὴ</span> 
     </span>
    </p>
   </div>
   <div class='ocr_carea' id='block_1_78' title="bbox 2415 3339 3986 3410">
    <p class='ocr_par' dir='ltr' id='par_1_78' title="bbox 2415 3339 3986 3410">
     <span class='ocr_line' id='line_1_78' title="bbox 2415 3339 3986 3410; baseline 0.002 -19"><span class='ocrx_word' id='word_1_552' title='bbox 2415 3339 2670 3410; x_wconf 85' lang='grc' dir='ltr'>καθαρῶς</span> <span class='ocrx_word' id='word_1_553' title='bbox 2705 3341 2840 3410; x_wconf 77' lang='grc' dir='ltr'>πρὸς</span> <span class='ocrx_word' id='word_1_554' title='bbox 2872 3340 3190 3395; x_wconf 87' lang='grc' dir='ltr'>θεοσέϐειαν</span> <span class='ocrx_word' id='word_1_555' title='bbox 3218 3341 3470 3393; x_wconf 77' lang='grc' dir='ltr'>εἵλκυσεν</span> <span class='ocrx_word' id='word_1_556' title='bbox 3498 3384 3510 3404; x_wconf 91' lang='grc'><strong>,</strong></span> <span class='ocrx_word' id='word_1_557' title='bbox 3559 3342 3698 3393; x_wconf 72' lang='grc' dir='ltr'>ἀλλὰ</span> <span class='ocrx_word' id='word_1_558' title='bbox 3735 3345 3866 3407; x_wconf 72' lang='grc' dir='ltr'>τοὺς</span> <span class='ocrx_word' id='word_1_559' title='bbox 3903 3343 3986 3394; x_wconf 85' lang='grc' dir='ltr'>λο-</span> 
     </span>
    </p>
   </div>
   <div class='ocr_carea' id='block_1_79' title="bbox 2414 3433 3980 3503">
    <p class='ocr_par' dir='ltr' id='par_1_79' title="bbox 2414 3433 3980 3503">
     <span class='ocr_line' id='line_1_79' title="bbox 2414 3433 3980 3503; baseline 0.001 -18"><span class='ocrx_word' id='word_1_560' title='bbox 2414 3435 2644 3502; x_wconf 80' lang='grc' dir='ltr'>γισμοὺς</span> <span class='ocrx_word' id='word_1_561' title='bbox 2681 3434 2896 3485; x_wconf 79' lang='grc' dir='ltr'>ἐκείνου</span> <span class='ocrx_word' id='word_1_562' title='bbox 2926 3433 3182 3496; x_wconf 81' lang='grc' dir='ltr'>διέσεισε,</span> <span class='ocrx_word' id='word_1_563' title='bbox 3213 3433 3309 3485; x_wconf 71' lang='grc' dir='ltr'><strong>καὶ</strong></span> <span class='ocrx_word' id='word_1_564' title='bbox 3341 3435 3465 3503; x_wconf 75' lang='grc' dir='ltr'>περὶ</span> <span class='ocrx_word' id='word_1_565' title='bbox 3486 3434 3546 3485; x_wconf 79' lang='grc' dir='ltr'><strong>τὸ</strong></span> <span class='ocrx_word' id='word_1_566' title='bbox 3577 3436 3784 3485; x_wconf 85' lang='grc' dir='ltr'>οἰκεῖον</span> <span class='ocrx_word' id='word_1_567' title='bbox 3816 3435 3980 3494; x_wconf 88' lang='grc' dir='ltr'>σέϐας</span> 
     </span>
    </p>
   </div>
   <div class='ocr_carea' id='block_1_80' title="bbox 2413 3524 3986 3591">
    <p class='ocr_par' dir='ltr' id='par_1_80' title="bbox 2413 3524 3986 3591">
     <span class='ocr_line' id='line_1_80' title="bbox 2413 3524 3986 3591; baseline -0.002 -13"><span class='ocrx_word' id='word_1_568' title='bbox 2413 3525 2742 3586; x_wconf 81' lang='grc' dir='ltr'>ὲπιδοιάζειν</span> <span class='ocrx_word' id='word_1_569' title='bbox 2796 3524 3114 3590; x_wconf 77' lang='grc' dir='ltr'>πεποίηκεν.</span> <span class='ocrx_word' id='word_1_570' title='bbox 3198 3525 3408 3590; x_wconf 84' lang='grc' dir='ltr'>Ὅμως,</span> <span class='ocrx_word' id='word_1_571' title='bbox 3453 3526 3500 3575; x_wconf 89' lang='grc' dir='ltr'><strong>εί</strong></span> <span class='ocrx_word' id='word_1_572' title='bbox 3557 3524 3640 3574; x_wconf 86' lang='grc' dir='ltr'><strong>δεῖ</strong></span> <span class='ocrx_word' id='word_1_573' title='bbox 3713 3525 3760 3575; x_wconf 85' lang='grc' dir='ltr'>τ’</span> <span class='ocrx_word' id='word_1_574' title='bbox 3791 3526 3986 3591; x_wconf 86' lang='grc' dir='ltr'>ἀληθὲς</span> 
     </span>
    </p>
   </div>
   <div class='ocr_carea' id='block_1_81' title="bbox 2413 3612 3986 3682">
    <p class='ocr_par' dir='ltr' id='par_1_81' title="bbox 2413 3612 3986 3682">
     <span class='ocr_line' id='line_1_81' title="bbox 2413 3612 3986 3682; baseline -0.002 -15"><span class='ocrx_word' id='word_1_575' title='bbox 2413 3618 2607 3676; x_wconf 74' lang='grc' dir='ltr'>εἰπεῖν,</span> <span class='ocrx_word' id='word_1_576' title='bbox 2643 3617 2668 3666; x_wconf 87' lang='lat'><strong>6</strong></span> <span class='ocrx_word' id='word_1_577' title='bbox 2708 3612 2906 3681; x_wconf 75' lang='grc' dir='ltr'>Αἰθίοψ</span> <span class='ocrx_word' id='word_1_578' title='bbox 2936 3615 3036 3666; x_wconf 81' lang='grc' dir='ltr'>οὐκ</span> <span class='ocrx_word' id='word_1_579' title='bbox 3088 3613 3428 3666; x_wconf 79' lang='grc' dir='ltr'>ὲλευκαίνετο</span> <span class='ocrx_word' id='word_1_580' title='bbox 3499 3621 3586 3664; x_wconf 61' lang='grc' dir='ltr'><strong>καὶ</strong></span> <span class='ocrx_word' id='word_1_581' title='bbox 3641 3615 3669 3664; x_wconf 88' lang='lat'><strong>6</strong></span> <span class='ocrx_word' id='word_1_582' title='bbox 3727 3615 3986 3682; x_wconf 73' lang='grc' dir='ltr'>καρκίνος</span> 
     </span>
    </p>
   </div>
   <div class='ocr_carea' id='block_1_82' title="bbox 2413 3703 3985 3776">
    <p class='ocr_par' dir='ltr' id='par_1_82' title="bbox 2413 3703 3985 3776">
     <span class='ocr_line' id='line_1_82' title="bbox 2413 3703 3985 3776; baseline -0.002 -18"><span class='ocrx_word' id='word_1_583' title='bbox 2413 3708 2549 3776; x_wconf 80' lang='grc' dir='ltr'>ὀρθὰ</span> <span class='ocrx_word' id='word_1_584' title='bbox 2603 3706 2840 3774; x_wconf 73' lang='grc' dir='ltr'>βαδίζειν</span> <span class='ocrx_word' id='word_1_585' title='bbox 2894 3707 2995 3758; x_wconf 78' lang='grc' dir='ltr'>οὐκ</span> <span class='ocrx_word' id='word_1_586' title='bbox 3055 3706 3391 3761; x_wconf 65' lang='grc' dir='ltr'>ἐδιδάσκετε).</span> <span class='ocrx_word' id='word_1_587' title='bbox 3456 3703 3544 3766; x_wconf 86' lang='grc' dir='ltr'>Ὦς</span> <span class='ocrx_word' id='word_1_588' title='bbox 3618 3703 3729 3773; x_wconf 82' lang='grc' dir='ltr'>γὰρ</span> <span class='ocrx_word' id='word_1_589' title='bbox 3797 3705 3985 3757; x_wconf 79' lang='grc' dir='ltr'>ἐνίκων</span> 
     </span>
    </p>
   </div>
   <div class='ocr_carea' id='block_1_83' title="bbox 2418 3796 3985 3868">
    <p class='ocr_par' dir='ltr' id='par_1_83' title="bbox 2418 3796 3985 3868">
     <span class='ocr_line' id='line_1_83' title="bbox 2418 3796 3985 3868; baseline -0.003 -16"><span class='ocrx_word' id='word_1_590' title='bbox 2418 3800 2516 3867; x_wconf 83' lang='grc' dir='ltr'><strong>μὲν</strong></span> <span class='ocrx_word' id='word_1_591' title='bbox 2552 3800 2600 3850; x_wconf 85' lang='grc' dir='ltr'><strong>σί</strong></span> <span class='ocrx_word' id='word_1_592' title='bbox 2629 3798 2884 3868; x_wconf 80' lang='grc' dir='ltr'>ἀθληταὶ,</span> <span class='ocrx_word' id='word_1_593' title='bbox 2917 3799 3116 3867; x_wconf 76' lang='grc' dir='ltr'>ἡττᾶτο</span> <span class='ocrx_word' id='word_1_594' title='bbox 3156 3798 3211 3850; x_wconf 75' lang='grc' dir='ltr'>δὲ</span> <span class='ocrx_word' id='word_1_595' title='bbox 3249 3799 3276 3850; x_wconf 90' lang='grc' dir='ltr'><strong>ὀ</strong></span> <span class='ocrx_word' id='word_1_596' title='bbox 3305 3796 3598 3866; x_wconf 83' lang='grc' dir='ltr'>δυσσεϐὴς,</span> <span class='ocrx_word' id='word_1_597' title='bbox 3629 3799 3728 3849; x_wconf 74' lang='grc' dir='ltr'><strong>καὶ</strong></span> <span class='ocrx_word' id='word_1_598' title='bbox 3757 3797 3985 3866; x_wconf 76' lang='grc' dir='ltr'>διασπᾷν</span> 
     </span>
    </p>
   </div>
   <div class='ocr_carea' id='block_1_84' title="bbox 2414 3890 3985 3961">
    <p class='ocr_par' dir='ltr' id='par_1_84' title="bbox 2414 3890 3985 3961">
     <span class='ocr_line' id='line_1_84' title="bbox 2414 3890 3985 3961; baseline -0.001 -18"><span class='ocrx_word' id='word_1_599' title='bbox 2414 3892 2613 3953; x_wconf 80' lang='grc' dir='ltr'>αὐτοὺς</span> <span class='ocrx_word' id='word_1_600' title='bbox 2648 3892 2743 3943; x_wconf 83' lang='grc' dir='ltr'><strong>ἀπ’</strong></span> <span class='ocrx_word' id='word_1_601' title='bbox 2779 3890 3051 3961; x_wconf 81' lang='grc' dir='ltr'>ἀλλήλων.</span> <span class='ocrx_word' id='word_1_602' title='bbox 3093 3893 3202 3944; x_wconf 80' lang='grc' dir='ltr'><strong>Καὶ</strong></span> <span class='ocrx_word' id='word_1_603' title='bbox 3247 3893 3345 3960; x_wconf 80' lang='grc' dir='ltr'>τῆς</span> <span class='ocrx_word' id='word_1_604' title='bbox 3395 3891 3477 3953; x_wconf 86' lang='grc' dir='ltr'><strong>είς</strong></span> <span class='ocrx_word' id='word_1_605' title='bbox 3514 3891 3758 3960; x_wconf 87' lang='grc' dir='ltr'>Χριστὸν</span> <span class='ocrx_word' id='word_1_606' title='bbox 3802 3891 3985 3959; x_wconf 67' lang='grc' dir='ltr'>ὁμολοι</span> 
     </span>
    </p>
   </div>
   <div class='ocr_carea' id='block_1_85' title="bbox 2417 3979 3980 4053">
    <p class='ocr_par' dir='ltr' id='par_1_85' title="bbox 2417 3979 3980 4053">
     <span class='ocr_line' id='line_1_85' title="bbox 2417 3979 3980 4053; baseline 0.001 -20"><span class='ocrx_word' id='word_1_607' title='bbox 2417 3984 2545 4050; x_wconf 88' lang='grc' dir='ltr'>γίας</span> <span class='ocrx_word' id='word_1_608' title='bbox 2573 3984 2669 4051; x_wconf 84' lang='grc' dir='ltr'><strong>οὐχ</strong></span> <span class='ocrx_word' id='word_1_609' title='bbox 2705 3980 2817 4045; x_wconf 75' lang='grc' dir='ltr'>οἷός</span> <span class='ocrx_word' id='word_1_610' title='bbox 2845 4000 2905 4035; x_wconf 86' lang='grc' dir='ltr'><strong>τε</strong></span> <span class='ocrx_word' id='word_1_611' title='bbox 2935 3979 3021 4053; x_wconf 81' lang='grc' dir='ltr'>ἦν,</span> <span class='ocrx_word' id='word_1_612' title='bbox 3055 3983 3150 4036; x_wconf 65' lang='grc' dir='ltr'><strong>ἐπὶ</strong></span> <span class='ocrx_word' id='word_1_613' title='bbox 3183 3984 3250 4034; x_wconf 78' lang='grc' dir='ltr'>τὰ</span> <span class='ocrx_word' id='word_1_614' title='bbox 3281 3984 3455 4036; x_wconf 79' lang='grc' dir='ltr'>οἰκεῖα</span> <span class='ocrx_word' id='word_1_615' title='bbox 3489 3983 3653 4036; x_wconf 87' lang='grc' dir='ltr'>πάλιν</span> <span class='ocrx_word' id='word_1_616' title='bbox 3718 3984 3817 4036; x_wconf 73' lang='grc' dir='ltr'><strong>καὶ</strong></span> <span class='ocrx_word' id='word_1_617' title='bbox 3862 4000 3980 4035; x_wconf 84' lang='grc' dir='ltr'>συν·</span> 
     </span>
    </p>
   </div>
   <div class='ocr_carea' id='block_1_86' title="bbox 2416 4072 3982 4143">
    <p class='ocr_par' dir='ltr' id='par_1_86' title="bbox 2416 4072 3982 4143">
     <span class='ocr_line' id='line_1_86' title="bbox 2416 4072 3982 4143; baseline 0.001 -19"><span class='ocrx_word' id='word_1_618' title='bbox 2416 4075 2525 4142; x_wconf 83' lang='grc' dir='ltr'>ήθη</span> <span class='ocrx_word' id='word_1_619' title='bbox 2593 4077 2763 4141; x_wconf 87' lang='grc' dir='ltr'>χωρεῖ</span> <span class='ocrx_word' id='word_1_620' title='bbox 2815 4074 3089 4127; x_wconf 71' lang='grc' dir='ltr'>καὶκατὰ</span> <span class='ocrx_word' id='word_1_621' title='bbox 3142 4074 3310 4142; x_wconf 86' lang='grc' dir='ltr'>μόνου</span> <span class='ocrx_word' id='word_1_622' title='bbox 3367 4072 3459 4124; x_wconf 82' lang='grc' dir='ltr'>τοῦ</span> <span class='ocrx_word' id='word_1_623' title='bbox 3518 4076 3808 4143; x_wconf 69' lang='grc' dir='ltr'>μάρτυρες</span> <span class='ocrx_word' id='word_1_624' title='bbox 3836 4072 3982 4132; x_wconf 76' lang='grc' dir='ltr'>αὖθις</span> 
     </span>
    </p>
   </div>
   <div class='ocr_carea' id='block_1_87' title="bbox 2415 4165 3982 4234">
    <p class='ocr_par' dir='ltr' id='par_1_87' title="bbox 2415 4165 3982 4234">
     <span class='ocr_line' id='line_1_87' title="bbox 2415 4165 3982 4234; baseline -0.002 -14"><span class='ocrx_word' id='word_1_625' title='bbox 2415 4165 2718 4228; x_wconf 78' lang='grc' dir='ltr'>όπλίζεται,</span> <span class='ocrx_word' id='word_1_626' title='bbox 2754 4167 2848 4216; x_wconf 64' lang='grc' dir='ltr'><strong>καί⁵</strong></span> <span class='ocrx_word' id='word_1_627' title='bbox 2882 4165 2980 4227; x_wconf 83' lang='grc' dir='ltr'>τὰς</span> <span class='ocrx_word' id='word_1_628' title='bbox 3007 4167 3114 4218; x_wconf 85' lang='grc' dir='ltr'><strong>τῶν</strong></span> <span class='ocrx_word' id='word_1_629' title='bbox 3155 4165 3423 4234; x_wconf 83' lang='grc' dir='ltr'>ὀμμάτων</span> <span class='ocrx_word' id='word_1_630' title='bbox 3461 4165 3627 4217; x_wconf 74' lang='grc' dir='ltr'>αὑτοῦ</span> <span class='ocrx_word' id='word_1_631' title='bbox 3680 4166 3853 4234; x_wconf 82' lang='grc' dir='ltr'>κόρας</span> <span class='ocrx_word' id='word_1_632' title='bbox 3902 4167 3982 4217; x_wconf 78' lang='grc' dir='ltr'><strong>ὲκ-</strong></span> 
     </span>
    </p>
   </div>
   <div class='ocr_carea' id='block_1_88' title="bbox 2417 4249 3984 4327">
    <p class='ocr_par' dir='ltr' id='par_1_88' title="bbox 2417 4249 3984 4327">
     <span class='ocr_line' id='line_1_88' title="bbox 2417 4249 3984 4327; baseline -0.001 -18"><span class='ocrx_word' id='word_1_633' title='bbox 2417 4257 2656 4325; x_wconf 81' lang='grc' dir='ltr'>κοπῆναι</span> <span class='ocrx_word' id='word_1_634' title='bbox 2693 4255 3027 4327; x_wconf 79' lang='grc' dir='ltr'>προστάττει</span> <span class='ocrx_word' id='word_1_635' title='bbox 3065 4249 3190 4324; x_wconf 67' lang='grc' dir='ltr'>(φεῦ</span> <span class='ocrx_word' id='word_1_636' title='bbox 3223 4259 3250 4309; x_wconf 90' lang='lat'><strong>6</strong></span> <span class='ocrx_word' id='word_1_637' title='bbox 3300 4257 3428 4320; x_wconf 82' lang='grc' dir='ltr'>τοὺς</span> <span class='ocrx_word' id='word_1_638' title='bbox 3462 4259 3563 4327; x_wconf 82' lang='grc' dir='ltr'>τῆς</span> <span class='ocrx_word' id='word_1_639' title='bbox 3609 4258 3845 4327; x_wconf 80' lang='grc' dir='ltr'>καρδίας</span> <span class='ocrx_word' id='word_1_640' title='bbox 3895 4274 3984 4309; x_wconf 63' lang='lat' dir='ltr'><strong>tu.</strong></span> 
     </span>
    </p>
   </div>
   <div class='ocr_carea' id='block_1_89' title="bbox 2417 4351 3984 4424">
    <p class='ocr_par' dir='ltr' id='par_1_89' title="bbox 2417 4351 3984 4424">
     <span class='ocr_line' id='line_1_89' title="bbox 2417 4351 3984 4424; baseline -0.001 -18"><span class='ocrx_word' id='word_1_641' title='bbox 2417 4354 2676 4421; x_wconf 82' lang='grc' dir='ltr'>φλώττων</span> <span class='ocrx_word' id='word_1_642' title='bbox 2707 4351 3068 4424; x_wconf 76' lang='grc' dir='ltr'>ὀφθαλμοὺς),</span> <span class='ocrx_word' id='word_1_643' title='bbox 3104 4355 3199 4406; x_wconf 74' lang='grc' dir='ltr'>καὶ</span> <span class='ocrx_word' id='word_1_644' title='bbox 3227 4354 3296 4408; x_wconf 84' lang='grc' dir='ltr'>τὰ</span> <span class='ocrx_word' id='word_1_645' title='bbox 3323 4354 3487 4423; x_wconf 86' lang='grc' dir='ltr'>ὃμοια</span> <span class='ocrx_word' id='word_1_646' title='bbox 3516 4353 3715 4407; x_wconf 81' lang='grc' dir='ltr'>παθεῖν</span> <span class='ocrx_word' id='word_1_647' title='bbox 3738 4355 3984 4407; x_wconf 69' lang='grc' dir='ltr'>κάκεῖνον</span> 
     </span>
    </p>
   </div>
   <div class='ocr_carea' id='block_1_90' title="bbox 2418 4444 3983 4515">
    <p class='ocr_par' dir='ltr' id='par_1_90' title="bbox 2418 4444 3983 4515">
     <span class='ocr_line' id='line_1_90' title="bbox 2418 4444 3983 4515; baseline -0.001 -17"><span class='ocrx_word' id='word_1_648' title='bbox 2418 4445 2507 4498; x_wconf 80' lang='grc' dir='ltr'>διὰ</span> <span class='ocrx_word' id='word_1_649' title='bbox 2535 4445 2632 4514; x_wconf 81' lang='grc' dir='ltr'>τῆς</span> <span class='ocrx_word' id='word_1_650' title='bbox 2665 4445 2942 4513; x_wconf 87' lang='grc' dir='ltr'>τιμωρίας</span> <span class='ocrx_word' id='word_1_651' title='bbox 2974 4446 3182 4513; x_wconf 85' lang='grc' dir='ltr'>ταύτης</span> <span class='ocrx_word' id='word_1_652' title='bbox 3225 4444 3696 4511; x_wconf 85' lang='grc' dir='ltr'>καταναγκάζων,</span> <span class='ocrx_word' id='word_1_653' title='bbox 3756 4447 3896 4515; x_wconf 79' lang='grc' dir='ltr'>πρὸς</span> <span class='ocrx_word' id='word_1_654' title='bbox 3934 4445 3983 4496; x_wconf 75' lang='grc' dir='ltr'>δὲ</span> 
     </span>
    </p>
   </div>
   <div class='ocr_carea' id='block_1_91' title="bbox 748 4516 3984 4604">
    <p class='ocr_par' dir='ltr' id='par_1_91' title="bbox 748 4516 3984 4604">
     <span class='ocr_line' id='line_1_91' title="bbox 748 4516 3984 4604; baseline 0.005 -32"><span class='ocrx_word' id='word_1_655' title='bbox 748 4521 982 4588; x_wconf 73' lang='grc' dir='ltr'>καὶτῆς</span> <span class='ocrx_word' id='word_1_656' title='bbox 1025 4520 1316 4590; x_wconf 84' lang='grc' dir='ltr'>ὀμαίμονος</span> <span class='ocrx_word' id='word_1_657' title='bbox 1399 4516 1642 4572; x_wconf 74' lang='grc' dir='ltr'>ἐντεῦθεν</span> <span class='ocrx_word' id='word_1_658' title='bbox 1700 4521 2064 4592; x_wconf 74' lang='grc' dir='ltr'>διαχαυνῶσαι</span> <span class='ocrx_word' id='word_1_659' title='bbox 2146 4530 2246 4600; x_wconf 79' lang='grc' dir='ltr'>τὴν</span> <span class='ocrx_word' id='word_1_660' title='bbox 2299 4537 2602 4604; x_wconf 66' lang='grc' dir='ltr'>εὐτολμίαν,</span> <span class='ocrx_word' id='word_1_661' title='bbox 2678 4533 3112 4604; x_wconf 86' lang='grc' dir='ltr'>μηχανώμενος,</span> <span class='ocrx_word' id='word_1_662' title='bbox 3169 4533 3286 4584; x_wconf 85' lang='grc' dir='ltr'>ἀλλ’</span> <span class='ocrx_word' id='word_1_663' title='bbox 3344 4533 3580 4601; x_wconf 80' lang='grc' dir='ltr'>ἠλέγχθη</span> <span class='ocrx_word' id='word_1_664' title='bbox 3661 4552 3767 4586; x_wconf 69' lang='lat' dir='ltr'><strong>xciv</strong></span> <span class='ocrx_word' id='word_1_665' title='bbox 3821 4535 3984 4602; x_wconf 75' lang='grc' dir='ltr'>τούτῳ</span> 
     </span>
    </p>
   </div>
   <div class='ocr_carea' id='block_1_92' title="bbox 748 4610 2632 4682">
    <p class='ocr_par' dir='ltr' id='par_1_92' title="bbox 748 4610 2632 4682">
     <span class='ocr_line' id='line_1_92' title="bbox 748 4610 2632 4682; baseline 0.006 -16"><span class='ocrx_word' id='word_1_666' title='bbox 748 4611 882 4666; x_wconf 78' lang='grc' dir='ltr'>κενὰ</span> <span class='ocrx_word' id='word_1_667' title='bbox 950 4613 1041 4665; x_wconf 84' lang='grc' dir='ltr'>καὶ</span> <span class='ocrx_word' id='word_1_668' title='bbox 1113 4610 1320 4680; x_wconf 85' lang='grc' dir='ltr'>μάταια</span> <span class='ocrx_word' id='word_1_669' title='bbox 1374 4612 1512 4663; x_wconf 84' lang='grc' dir='ltr'>κατὰ</span> <span class='ocrx_word' id='word_1_670' title='bbox 1558 4615 1666 4665; x_wconf 91' lang='grc' dir='ltr'><strong>τῶν</strong></span> <span class='ocrx_word' id='word_1_671' title='bbox 1712 4614 1805 4666; x_wconf 81' lang='grc' dir='ltr'><strong>τοῦ</strong></span> <span class='ocrx_word' id='word_1_672' title='bbox 1864 4617 2099 4682; x_wconf 83' lang='grc' dir='ltr'>Χριστοῦ</span> <span class='ocrx_word' id='word_1_673' title='bbox 2146 4621 2346 4675; x_wconf 84' lang='grc' dir='ltr'>δούλων</span> <span class='ocrx_word' id='word_1_674' title='bbox 2381 4625 2632 4678; x_wconf 78' lang='grc' dir='ltr'>ἐπινοῶν.</span> 
     </span>
    </p>
   </div>
   <div class='ocr_carea' id='block_1_93' title="bbox 819 4702 2391 4780">
    <p class='ocr_par' dir='ltr' id='par_1_93' title="bbox 819 4702 2391 4780">
     <span class='ocr_line' id='line_1_93' title="bbox 819 4702 2391 4780; baseline 0.008 -25"><span class='ocrx_word' id='word_1_675' title='bbox 819 4702 911 4755; x_wconf 65' lang='grc' dir='ltr'><strong>λι.</strong></span> <span class='ocrx_word' id='word_1_676' title='bbox 946 4703 1209 4756; x_wconf 85' lang='lat' dir='ltr'><strong>Postridie</strong></span> <span class='ocrx_word' id='word_1_677' title='bbox 1243 4713 1421 4757; x_wconf 88' lang='lat' dir='ltr'><strong>autem</strong></span> <span class='ocrx_word' id='word_1_678' title='bbox 1467 4705 1621 4772; x_wconf 89' lang='lat' dir='ltr'><strong>jubet</strong></span> <span class='ocrx_word' id='word_1_679' title='bbox 1657 4716 1946 4774; x_wconf 87' lang='lat' dir='ltr'><strong>martyrem</strong></span> <span class='ocrx_word' id='word_1_680' title='bbox 1978 4708 2311 4780; x_wconf 84' lang='lat' dir='ltr'><strong>Eulampiam</strong></span> <span class='ocrx_word' id='word_1_681' title='bbox 2340 4717 2391 4774; x_wconf 91' lang='lat' dir='ltr'><strong>D</strong></span> 
     </span>
    </p>
   </div>
   <div class='ocr_carea' id='block_1_94' title="bbox 750 4793 2313 4871">
    <p class='ocr_par' dir='ltr' id='par_1_94' title="bbox 750 4793 2313 4871">
     <span class='ocr_line' id='line_1_94' title="bbox 750 4793 2313 4871; baseline 0.006 -23"><span class='ocrx_word' id='word_1_682' title='bbox 750 4795 979 4849; x_wconf 90' lang='lat' dir='ltr'><strong>sublime</strong></span> <span class='ocrx_word' id='word_1_683' title='bbox 1016 4793 1270 4863; x_wconf 89' lang='lat' dir='ltr'><strong>suspendi</strong></span> <span class='ocrx_word' id='word_1_684' title='bbox 1307 4796 1530 4862; x_wconf 86' lang='lat' dir='ltr'><strong>capillis.</strong></span> <span class='ocrx_word' id='word_1_685' title='bbox 1558 4797 1652 4851; x_wconf 86' lang='lat' dir='ltr'><strong>Est</strong></span> <span class='ocrx_word' id='word_1_686' title='bbox 1688 4807 1866 4851; x_wconf 88' lang='lat' dir='ltr'><strong>autem</strong></span> <span class='ocrx_word' id='word_1_687' title='bbox 1911 4799 2015 4855; x_wconf 90' lang='lat' dir='ltr'><strong>hoc</strong></span> <span class='ocrx_word' id='word_1_688' title='bbox 2062 4805 2313 4871; x_wconf 86' lang='lat' dir='ltr'><strong>gravissi-</strong></span> 
     </span>
    </p>
   </div>
   <div class='ocr_carea' id='block_1_95' title="bbox 749 4885 2317 4953">
    <p class='ocr_par' dir='ltr' id='par_1_95' title="bbox 749 4885 2317 4953">
     <span class='ocr_line' id='line_1_95' title="bbox 749 4885 2317 4953; baseline 0.005 -14"><span class='ocrx_word' id='word_1_689' title='bbox 749 4902 894 4939; x_wconf 89' lang='lat' dir='ltr'><strong>mum</strong></span> <span class='ocrx_word' id='word_1_690' title='bbox 944 4885 1291 4953; x_wconf 83' lang='lat' dir='ltr'><strong>supplicium,</strong></span> <span class='ocrx_word' id='word_1_691' title='bbox 1339 4885 1434 4938; x_wconf 86' lang='lat' dir='ltr'><strong>sed</strong></span> <span class='ocrx_word' id='word_1_692' title='bbox 1477 4885 1677 4940; x_wconf 86' lang='lat' dir='ltr'><strong>Christi</strong></span> <span class='ocrx_word' id='word_1_693' title='bbox 1713 4891 1922 4943; x_wconf 66' lang='lat' dir='ltr'><strong>ancilla:</strong></span> <span class='ocrx_word' id='word_1_694' title='bbox 1957 4892 2165 4947; x_wconf 87' lang='lat' dir='ltr'><strong>deliciis</strong></span> <span class='ocrx_word' id='word_1_695' title='bbox 2193 4909 2317 4946; x_wconf 88' lang='lat' dir='ltr'><strong>sua-</strong></span> 
     </span>
    </p>
   </div>
   <div class='ocr_carea' id='block_1_96' title="bbox 748 4975 2314 5048">
    <p class='ocr_par' dir='ltr' id='par_1_96' title="bbox 748 4975 2314 5048">
     <span class='ocr_line' id='line_1_96' title="bbox 748 4975 2314 5048; baseline 0.006 -19"><span class='ocrx_word' id='word_1_696' title='bbox 748 4979 867 5029; x_wconf 65' lang='lat' dir='ltr'><strong>vius</strong></span> <span class='ocrx_word' id='word_1_697' title='bbox 887 4977 1321 5030; x_wconf 82' lang='lat' dir='ltr'><strong>existimabatur.</strong></span> <span class='ocrx_word' id='word_1_698' title='bbox 1347 4975 1498 5029; x_wconf 86' lang='lat' dir='ltr'><strong>Unde</strong></span> <span class='ocrx_word' id='word_1_699' title='bbox 1524 4979 1684 5030; x_wconf 87' lang='lat' dir='ltr'><strong>etiam</strong></span> <span class='ocrx_word' id='word_1_700' title='bbox 1722 4980 1768 5032; x_wconf 90' lang='lat' dir='ltr'><strong>ei</strong></span> <span class='ocrx_word' id='word_1_701' title='bbox 1799 4996 1989 5048; x_wconf 88' lang='lat' dir='ltr'><strong>preces</strong></span> <span class='ocrx_word' id='word_1_702' title='bbox 2006 4984 2314 5038; x_wconf 87' lang='lat' dir='ltr'><strong>admiscens</strong></span> 
     </span>
    </p>
   </div>
   <div class='ocr_carea' id='block_1_97' title="bbox 749 5064 2315 5138">
    <p class='ocr_par' dir='ltr' id='par_1_97' title="bbox 749 5064 2315 5138">
     <span class='ocr_line' id='line_1_97' title="bbox 749 5064 2315 5138; baseline 0.003 -17"><span class='ocrx_word' id='word_1_703' title='bbox 749 5067 1000 5121; x_wconf 85' lang='lat' dir='ltr'><strong>dicebat:</strong></span> <span class='ocrx_word' id='word_1_704' title='bbox 1033 5065 1147 5133; x_wconf 83' lang='lat' dir='ltr'><strong>Ago</strong></span> <span class='ocrx_word' id='word_1_705' title='bbox 1201 5064 1294 5117; x_wconf 87' lang='lat' dir='ltr'><strong>tibi</strong></span> <span class='ocrx_word' id='word_1_706' title='bbox 1336 5069 1554 5133; x_wconf 83' lang='lat' dir='ltr'><strong>gratias,</strong></span> <span class='ocrx_word' id='word_1_707' title='bbox 1600 5065 1743 5120; x_wconf 83' lang='lat' dir='ltr'><strong>Deus</strong></span> <span class='ocrx_word' id='word_1_708' title='bbox 1794 5085 1946 5121; x_wconf 86' lang='lat' dir='ltr'><strong>meus</strong></span> <span class='ocrx_word' id='word_1_709' title='bbox 1985 5080 2037 5123; x_wconf 91' lang='lat' dir='ltr'><strong>et</strong></span> <span class='ocrx_word' id='word_1_710' title='bbox 2085 5084 2315 5138; x_wconf 89' lang='lat' dir='ltr'><strong>creator,</strong></span> 
     </span>
    </p>
   </div>
   <div class='ocr_carea' id='block_1_98' title="bbox 749 5157 2322 5229">
    <p class='ocr_par' dir='ltr' id='par_1_98' title="bbox 749 5157 2322 5229">
     <span class='ocr_line' id='line_1_98' title="bbox 749 5157 2322 5229; baseline 0.005 -19"><span class='ocrx_word' id='word_1_711' title='bbox 749 5160 890 5225; x_wconf 92' lang='lat' dir='ltr'><strong>quod</strong></span> <span class='ocrx_word' id='word_1_712' title='bbox 939 5172 1020 5209; x_wconf 93' lang='lat' dir='ltr'><strong>me</strong></span> <span class='ocrx_word' id='word_1_713' title='bbox 1064 5165 1210 5210; x_wconf 88' lang='lat' dir='ltr'><strong>tuam</strong></span> <span class='ocrx_word' id='word_1_714' title='bbox 1268 5157 1516 5209; x_wconf 82' lang='lat' dir='ltr'><strong>ancillam</strong></span> <span class='ocrx_word' id='word_1_715' title='bbox 1549 5158 1799 5227; x_wconf 83' lang='lat' dir='ltr'><strong>dignatus</strong></span> <span class='ocrx_word' id='word_1_716' title='bbox 1842 5161 1914 5212; x_wconf 82' lang='lat' dir='ltr'><strong>sis</strong></span> <span class='ocrx_word' id='word_1_717' title='bbox 1963 5178 2060 5229; x_wconf 90' lang='lat' dir='ltr'><strong>pro</strong></span> <span class='ocrx_word' id='word_1_718' title='bbox 2109 5174 2160 5217; x_wconf 93' lang='lat' dir='ltr'><strong>tc</strong></span> <span class='ocrx_word' id='word_1_719' title='bbox 2201 5180 2322 5217; x_wconf 88' lang='lat' dir='ltr'><strong>sus-</strong></span> 
     </span>
    </p>
   </div>
   <div class='ocr_carea' id='block_1_99' title="bbox 751 5248 2320 5324">
    <p class='ocr_par' dir='ltr' id='par_1_99' title="bbox 751 5248 2320 5324">
     <span class='ocr_line' id='line_1_99' title="bbox 751 5248 2320 5324; baseline 0.006 -25"><span class='ocrx_word' id='word_1_720' title='bbox 751 5251 924 5314; x_wconf 90' lang='lat' dir='ltr'><strong>ceptis</strong></span> <span class='ocrx_word' id='word_1_721' title='bbox 952 5263 1145 5300; x_wconf 83' lang='lat' dir='ltr'><strong>ornare</strong></span> <span class='ocrx_word' id='word_1_722' title='bbox 1203 5250 1504 5299; x_wconf 85' lang='lat' dir='ltr'><strong>tormentis.</strong></span> <span class='ocrx_word' id='word_1_723' title='bbox 1538 5248 1671 5302; x_wconf 90' lang='lat' dir='ltr'><strong>Cum</strong></span> <span class='ocrx_word' id='word_1_724' title='bbox 1709 5261 1886 5304; x_wconf 82' lang='lat' dir='ltr'><strong>autem</strong></span> <span class='ocrx_word' id='word_1_725' title='bbox 1920 5269 2014 5318; x_wconf 90' lang='lat' dir='ltr'><strong>per</strong></span> <span class='ocrx_word' id='word_1_726' title='bbox 2041 5271 2199 5308; x_wconf 89' lang='lat' dir='ltr'><strong>omne</strong></span> <span class='ocrx_word' id='word_1_727' title='bbox 2229 5271 2320 5324; x_wconf 81' lang='lat' dir='ltr'><strong>ge-</strong></span> 
     </span>
    </p>
   </div>
   <div class='ocr_carea' id='block_1_100' title="bbox 753 5339 2320 5408">
    <p class='ocr_par' dir='ltr' id='par_1_100' title="bbox 753 5339 2320 5408">
     <span class='ocr_line' id='line_1_100' title="bbox 753 5339 2320 5408; baseline -0.002 -18"><span class='ocrx_word' id='word_1_728' title='bbox 753 5355 855 5392; x_wconf 88' lang='lat' dir='ltr'><strong>nus</strong></span> <span class='ocrx_word' id='word_1_729' title='bbox 887 5339 1132 5407; x_wconf 82' lang='lat' dir='ltr'><strong>supplicii</strong></span> <span class='ocrx_word' id='word_1_730' title='bbox 1163 5349 1436 5406; x_wconf 83' lang='lat' dir='ltr'><strong>Oportcrct</strong></span> <span class='ocrx_word' id='word_1_731' title='bbox 1482 5339 1709 5390; x_wconf 78' lang='lat' dir='ltr'><strong>athletas</strong></span> <span class='ocrx_word' id='word_1_732' title='bbox 1757 5343 2076 5408; x_wconf 59' lang='lat' dir='ltr'><strong>pervadere,</strong></span> <span class='ocrx_word' id='word_1_733' title='bbox 2109 5345 2320 5397; x_wconf 50' lang='lat' dir='ltr'><strong>etiamsi</strong></span> 
     </span>
    </p>
   </div>
   <div class='ocr_carea' id='block_1_101' title="bbox 754 5431 2320 5502">
    <p class='ocr_par' dir='ltr' id='par_1_101' title="bbox 754 5431 2320 5502">
     <span class='ocr_line' id='line_1_101' title="bbox 754 5431 2320 5502; baseline 0.004 -22"><span class='ocrx_word' id='word_1_734' title='bbox 754 5439 1006 5496; x_wconf 80' lang='lat' dir='ltr'><strong>tanquam</strong></span> <span class='ocrx_word' id='word_1_735' title='bbox 1051 5431 1152 5482; x_wconf 87' lang='lat' dir='ltr'><strong>tela</strong></span> <span class='ocrx_word' id='word_1_736' title='bbox 1185 5431 1468 5482; x_wconf 85' lang='lat' dir='ltr'><strong>infantium</strong></span> <span class='ocrx_word' id='word_1_737' title='bbox 1529 5431 1934 5498; x_wconf 87' lang='lat' dir='ltr'><strong>reputabantur,</strong></span> <span class='ocrx_word' id='word_1_738' title='bbox 1969 5450 2086 5502; x_wconf 72' lang='lat' dir='ltr'><strong>qua:</strong></span> <span class='ocrx_word' id='word_1_739' title='bbox 2118 5436 2196 5488; x_wconf 84' lang='lat' dir='ltr'><strong>eis</strong></span> <span class='ocrx_word' id='word_1_740' title='bbox 2237 5438 2320 5487; x_wconf 87' lang='lat' dir='ltr'><strong>in-</strong></span> 
     </span>
    </p>
   </div>
   <div class='ocr_carea' id='block_1_102' title="bbox 751 5519 2317 5590">
    <p class='ocr_par' dir='ltr' id='par_1_102' title="bbox 751 5519 2317 5590">
     <span class='ocr_line' id='line_1_102' title="bbox 751 5519 2317 5590; baseline 0.003 -18"><span class='ocrx_word' id='word_1_741' title='bbox 751 5519 1079 5579; x_wconf 79' lang='lat' dir='ltr'><strong>ferebantur,</strong></span> <span class='ocrx_word' id='word_1_742' title='bbox 1137 5520 1403 5572; x_wconf 80' lang='lat' dir='ltr'><strong>fornacem</strong></span> <span class='ocrx_word' id='word_1_743' title='bbox 1466 5521 1688 5574; x_wconf 86' lang='lat' dir='ltr'><strong>accendi</strong></span> <span class='ocrx_word' id='word_1_744' title='bbox 1749 5524 1902 5589; x_wconf 82' lang='lat' dir='ltr'><strong>jubct</strong></span> <span class='ocrx_word' id='word_1_745' title='bbox 1964 5540 2183 5590; x_wconf 50' lang='lat' dir='ltr'><strong>prases.</strong></span> <span class='ocrx_word' id='word_1_746' title='bbox 2230 5527 2317 5578; x_wconf 82' lang='lat' dir='ltr'><strong>illa</strong></span> 
     </span>
    </p>
   </div>
   <div class='ocr_carea' id='block_1_103' title="bbox 750 5609 2315 5669">
    <p class='ocr_par' dir='ltr' id='par_1_103' title="bbox 750 5609 2315 5669">
     <span class='ocr_line' id='line_1_103' title="bbox 750 5609 2315 5669; baseline 0.002 -7"><span class='ocrx_word' id='word_1_747' title='bbox 750 5609 1036 5662; x_wconf 78' lang='lat' dir='ltr'><strong>Chaldaica</strong></span> <span class='ocrx_word' id='word_1_748' title='bbox 1069 5611 1234 5662; x_wconf 87' lang='lat' dir='ltr'><strong>nihilo</strong></span> <span class='ocrx_word' id='word_1_749' title='bbox 1279 5614 1605 5669; x_wconf 79' lang='lat' dir='ltr'><strong>inferiorem,</strong></span> <span class='ocrx_word' id='word_1_750' title='bbox 1645 5622 1694 5664; x_wconf 88' lang='lat' dir='ltr'><strong>et</strong></span> <span class='ocrx_word' id='word_1_751' title='bbox 1753 5615 1818 5665; x_wconf 89' lang='lat' dir='ltr'><strong>ad</strong></span> <span class='ocrx_word' id='word_1_752' title='bbox 1858 5630 1972 5665; x_wconf 85' lang='lat' dir='ltr'><strong>cam</strong></span> <span class='ocrx_word' id='word_1_753' title='bbox 2027 5617 2187 5668; x_wconf 83' lang='lat' dir='ltr'><strong>ducta</strong></span> <span class='ocrx_word' id='word_1_754' title='bbox 2234 5623 2315 5668; x_wconf 88' lang='lat' dir='ltr'><strong>est</strong></span> 
     </span>
    </p>
   </div>
   <div class='ocr_carea' id='block_1_104' title="bbox 751 5701 2319 5768">
    <p class='ocr_par' dir='ltr' id='par_1_104' title="bbox 751 5701 2319 5768">
     <span class='ocr_line' id='line_1_104' title="bbox 751 5701 2319 5768; baseline 0.003 -14"><span class='ocrx_word' id='word_1_755' title='bbox 751 5701 977 5754; x_wconf 85' lang='lat' dir='ltr'><strong>materia</strong></span> <span class='ocrx_word' id='word_1_756' title='bbox 1022 5715 1137 5768; x_wconf 76' lang='lat' dir='ltr'><strong>qu:e</strong></span> <span class='ocrx_word' id='word_1_757' title='bbox 1184 5712 1298 5753; x_wconf 82' lang='lat' dir='ltr'><strong>erat</strong></span> <span class='ocrx_word' id='word_1_758' title='bbox 1344 5703 1532 5755; x_wconf 88' lang='lat' dir='ltr'><strong>alitura</strong></span> <span class='ocrx_word' id='word_1_759' title='bbox 1575 5704 1651 5757; x_wconf 86' lang='lat' dir='ltr'><strong>sic</strong></span> <span class='ocrx_word' id='word_1_760' title='bbox 1692 5720 1995 5768; x_wconf 84' lang='lat' dir='ltr'><strong>accensam,</strong></span> <span class='ocrx_word' id='word_1_761' title='bbox 2039 5707 2319 5760; x_wconf 90' lang='lat' dir='ltr'><strong>lictoribus</strong></span> 
     </span>
    </p>
   </div>
   <div class='ocr_carea' id='block_1_105' title="bbox 750 5793 2318 5853">
    <p class='ocr_par' dir='ltr' id='par_1_105' title="bbox 750 5793 2318 5853">
     <span class='ocr_line' id='line_1_105' title="bbox 750 5793 2318 5853; baseline 0.003 -5"><span class='ocrx_word' id='word_1_762' title='bbox 750 5808 911 5848; x_wconf 86' lang='lat' dir='ltr'><strong>omne</strong></span> <span class='ocrx_word' id='word_1_763' title='bbox 945 5793 1179 5846; x_wconf 88' lang='lat' dir='ltr'><strong>studium</strong></span> <span class='ocrx_word' id='word_1_764' title='bbox 1219 5794 1282 5847; x_wconf 88' lang='lat' dir='ltr'><strong>ad</strong></span> <span class='ocrx_word' id='word_1_765' title='bbox 1338 5795 1437 5848; x_wconf 90' lang='lat' dir='ltr'><strong>hoc</strong></span> <span class='ocrx_word' id='word_1_766' title='bbox 1490 5797 1916 5853; x_wconf 81' lang='lat' dir='ltr'><strong>conferentibus.</strong></span> <span class='ocrx_word' id='word_1_767' title='bbox 1961 5797 2094 5851; x_wconf 88' lang='lat' dir='ltr'><strong>Cum</strong></span> <span class='ocrx_word' id='word_1_768' title='bbox 2138 5808 2318 5853; x_wconf 91' lang='lat' dir='ltr'><strong>autem</strong></span> 
     </span>
    </p>
   </div>
   <div class='ocr_carea' id='block_1_106' title="bbox 2488 4709 3983 4788">
    <p class='ocr_par' dir='ltr' id='par_1_106' title="bbox 2488 4709 3983 4788">
     <span class='ocr_line' id='line_1_106' title="bbox 2488 4709 3983 4788; baseline -0.004 -20"><span class='ocrx_word' id='word_1_769' title='bbox 2488 4715 2590 4768; x_wconf 77' lang='lat' dir='ltr'><strong>lA&#39;.</strong></span> <span class='ocrx_word' id='word_1_770' title='bbox 2638 4715 2713 4784; x_wconf 81' lang='grc' dir='ltr'>Τῇ</span> <span class='ocrx_word' id='word_1_771' title='bbox 2746 4713 2869 4783; x_wconf 78' lang='grc' dir='ltr'><strong>ἑξῆς</strong></span> <span class='ocrx_word' id='word_1_772' title='bbox 2897 4709 2990 4766; x_wconf 75' lang='grc' dir='ltr'><strong>οὖν</strong></span> <span class='ocrx_word' id='word_1_773' title='bbox 3017 4714 3114 4784; x_wconf 85' lang='grc' dir='ltr'><strong>τὴν</strong></span> <span class='ocrx_word' id='word_1_774' title='bbox 3143 4715 3396 4788; x_wconf 84' lang='grc' dir='ltr'>μάρτυρα</span> <span class='ocrx_word' id='word_1_775' title='bbox 3427 4714 3535 4768; x_wconf 89' lang='grc' dir='ltr'><strong>τῶν</strong></span> <span class='ocrx_word' id='word_1_776' title='bbox 3573 4714 3782 4784; x_wconf 85' lang='grc' dir='ltr'>τριχῶν</span> <span class='ocrx_word' id='word_1_777' title='bbox 3826 4715 3983 4767; x_wconf 79' lang='grc' dir='ltr'>ἁπαι-</span> 
     </span>
    </p>
   </div>
   <div class='ocr_carea' id='block_1_107' title="bbox 2421 4805 3984 4877">
    <p class='ocr_par' dir='ltr' id='par_1_107' title="bbox 2421 4805 3984 4877">
     <span class='ocr_line' id='line_1_107' title="bbox 2421 4805 3984 4877; baseline -0.005 -16"><span class='ocrx_word' id='word_1_778' title='bbox 2421 4807 2680 4877; x_wconf 87' lang='grc' dir='ltr'>ωρεῖσθαι</span> <span class='ocrx_word' id='word_1_779' title='bbox 2728 4807 2956 4861; x_wconf 87' lang='grc' dir='ltr'>κελεύει.</span> <span class='ocrx_word' id='word_1_780' title='bbox 3021 4810 3178 4877; x_wconf 82' lang='grc' dir='ltr'>Δεινὴ</span> <span class='ocrx_word' id='word_1_781' title='bbox 3268 4809 3324 4861; x_wconf 83' lang='grc' dir='ltr'>δὲ</span> <span class='ocrx_word' id='word_1_782' title='bbox 3372 4807 3657 4876; x_wconf 84' lang='grc' dir='ltr'>τιμωριῶν</span> <span class='ocrx_word' id='word_1_783' title='bbox 3697 4807 3841 4876; x_wconf 78' lang='grc' dir='ltr'>αὕτη</span> <span class='ocrx_word' id='word_1_784' title='bbox 3901 4805 3984 4856; x_wconf 68' lang='grc' dir='ltr'>καὶ</span> 
     </span>
    </p>
   </div>
   <div class='ocr_carea' id='block_1_108' title="bbox 2421 4899 3982 4970">
    <p class='ocr_par' dir='ltr' id='par_1_108' title="bbox 2421 4899 3982 4970">
     <span class='ocr_line' id='line_1_108' title="bbox 2421 4899 3982 4970; baseline -0.001 -20"><span class='ocrx_word' id='word_1_785' title='bbox 2421 4899 2796 4961; x_wconf 67' lang='grc' dir='ltr'>δεινὰςἽατά</span> <span class='ocrx_word' id='word_1_786' title='bbox 2853 4915 2912 4950; x_wconf 90' lang='grc' dir='ltr'><strong>τε</strong></span> <span class='ocrx_word' id='word_1_787' title='bbox 2971 4900 3253 4970; x_wconf 85' lang='grc' dir='ltr'>μηνίγγων</span> <span class='ocrx_word' id='word_1_788' title='bbox 3301 4901 3394 4952; x_wconf 74' lang='grc' dir='ltr'>καὶ</span> <span class='ocrx_word' id='word_1_789' title='bbox 3447 4900 3575 4952; x_wconf 87' lang='grc' dir='ltr'>ίνῶν</span> <span class='ocrx_word' id='word_1_790' title='bbox 3625 4901 3722 4952; x_wconf 72' lang='grc' dir='ltr'>καὶ</span> <span class='ocrx_word' id='word_1_791' title='bbox 3779 4900 3982 4968; x_wconf 84' lang='grc' dir='ltr'>ὑμένων</span> 
     </span>
    </p>
   </div>
   <div class='ocr_carea' id='block_1_109' title="bbox 2423 4989 3983 5060">
    <p class='ocr_par' dir='ltr' id='par_1_109' title="bbox 2423 4989 3983 5060">
     <span class='ocr_line' id='line_1_109' title="bbox 2423 4989 3983 5060; baseline -0.003 -16"><span class='ocrx_word' id='word_1_792' title='bbox 2423 4992 2624 5044; x_wconf 82' lang='grc' dir='ltr'>ὲνιεῖσα</span> <span class='ocrx_word' id='word_1_793' title='bbox 2659 4991 2758 5052; x_wconf 85' lang='grc' dir='ltr'>τὰς</span> <span class='ocrx_word' id='word_1_794' title='bbox 2791 4989 3091 5056; x_wconf 83' lang='grc' dir='ltr'>ἀλγηδόνας</span> <span class='ocrx_word' id='word_1_795' title='bbox 3116 5008 3130 5022; x_wconf 77' lang='grc' dir='ltr'><strong>ο</strong></span> <span class='ocrx_word' id='word_1_796' title='bbox 3165 4991 3298 5043; x_wconf 79' lang='grc' dir='ltr'>ἀλλὰ</span> <span class='ocrx_word' id='word_1_797' title='bbox 3330 4993 3394 5060; x_wconf 77' lang='grc' dir='ltr'>τῇ</span> <span class='ocrx_word' id='word_1_798' title='bbox 3433 4990 3523 5042; x_wconf 80' lang='grc' dir='ltr'>τοῦ</span> <span class='ocrx_word' id='word_1_799' title='bbox 3562 4989 3807 5058; x_wconf 75' lang='grc' dir='ltr'>Χριστοῦ</span> <span class='ocrx_word' id='word_1_800' title='bbox 3832 4989 3983 5054; x_wconf 77' lang='grc' dir='ltr'>δούλῃ</span> 
     </span>
    </p>
   </div>
   <div class='ocr_carea' id='block_1_110' title="bbox 2423 5079 3983 5150">
    <p class='ocr_par' dir='ltr' id='par_1_110' title="bbox 2423 5079 3983 5150">
     <span class='ocr_line' id='line_1_110' title="bbox 2423 5079 3983 5150; baseline -0.001 -23"><span class='ocrx_word' id='word_1_801' title='bbox 2423 5079 2634 5145; x_wconf 74' lang='grc' dir='ltr'>τρυφῆς</span> <span class='ocrx_word' id='word_1_802' title='bbox 2670 5081 2832 5150; x_wconf 71' lang='grc' dir='ltr'>ἡδίων</span> <span class='ocrx_word' id='word_1_803' title='bbox 2867 5081 2894 5146; x_wconf 79' lang='grc' dir='ltr'>ἡ</span> <span class='ocrx_word' id='word_1_804' title='bbox 2930 5079 3162 5148; x_wconf 81' lang='grc' dir='ltr'>βάσανος</span> <span class='ocrx_word' id='word_1_805' title='bbox 3197 5082 3495 5149; x_wconf 74' lang='grc' dir='ltr'>ἐνομίζετο,</span> <span class='ocrx_word' id='word_1_806' title='bbox 3538 5080 3661 5132; x_wconf 75' lang='grc' dir='ltr'>ὅθεν</span> <span class='ocrx_word' id='word_1_807' title='bbox 3706 5082 3803 5130; x_wconf 67' lang='grc' dir='ltr'><strong>καὶ</strong></span> <span class='ocrx_word' id='word_1_808' title='bbox 3832 5081 3983 5145; x_wconf 68' lang='grc' dir='ltr'>εὐχὴν</span> 
     </span>
    </p>
   </div>
   <div class='ocr_carea' id='block_1_111' title="bbox 2425 5171 3982 5242">
    <p class='ocr_par' dir='ltr' id='par_1_111' title="bbox 2425 5171 3982 5242">
     <span class='ocr_line' id='line_1_111' title="bbox 2425 5171 3982 5242; baseline -0.001 -21"><span class='ocrx_word' id='word_1_809' title='bbox 2425 5171 2561 5237; x_wconf 65' lang='grc' dir='ltr'>αὐτῇ</span> <span class='ocrx_word' id='word_1_810' title='bbox 2603 5171 3115 5238; x_wconf 78' lang='grc' dir='ltr'>προσαναμιγνῦσα,</span> <span class='ocrx_word' id='word_1_811' title='bbox 3163 5171 3480 5242; x_wconf 79' lang='grc' dir='ltr'>Εὐχαριστῶ</span> <span class='ocrx_word' id='word_1_812' title='bbox 3519 5187 3621 5231; x_wconf 86' lang='grc' dir='ltr'>σοι,</span> <span class='ocrx_word' id='word_1_813' title='bbox 3669 5171 3846 5236; x_wconf 77' lang='grc' dir='ltr'>ἔλεγε,</span> <span class='ocrx_word' id='word_1_814' title='bbox 3893 5171 3982 5220; x_wconf 72' lang='grc' dir='ltr'><strong>θεέ</strong></span> 
     </span>
    </p>
   </div>
   <div class='ocr_carea' id='block_1_112' title="bbox 2427 5262 3983 5332">
    <p class='ocr_par' dir='ltr' id='par_1_112' title="bbox 2427 5262 3983 5332">
     <span class='ocr_line' id='line_1_112' title="bbox 2427 5262 3983 5332; baseline 0.004 -22"><span class='ocrx_word' id='word_1_815' title='bbox 2427 5278 2528 5328; x_wconf 75' lang='grc' dir='ltr'><strong>μου</strong></span> <span class='ocrx_word' id='word_1_816' title='bbox 2563 5263 2654 5312; x_wconf 80' lang='grc' dir='ltr'><strong>καὶ</strong></span> <span class='ocrx_word' id='word_1_817' title='bbox 2684 5263 3018 5332; x_wconf 67' lang='grc' dir='ltr'>δημιουργὲ,</span> <span class='ocrx_word' id='word_1_818' title='bbox 3057 5264 3135 5313; x_wconf 83' lang='grc' dir='ltr'><strong>ὅτι</strong></span> <span class='ocrx_word' id='word_1_819' title='bbox 3174 5280 3238 5330; x_wconf 85' lang='grc' dir='ltr'><strong>με</strong></span> <span class='ocrx_word' id='word_1_820' title='bbox 3272 5265 3369 5327; x_wconf 72' lang='grc' dir='ltr'><strong>τὴν</strong></span> <span class='ocrx_word' id='word_1_821' title='bbox 3395 5263 3494 5331; x_wconf 75' lang='grc' dir='ltr'>σὴν</span> <span class='ocrx_word' id='word_1_822' title='bbox 3523 5262 3721 5331; x_wconf 78' lang='grc' dir='ltr'>δούλην</span> <span class='ocrx_word' id='word_1_823' title='bbox 3756 5263 3983 5330; x_wconf 69' lang='grc' dir='ltr'>ἠξίωσας</span> 
     </span>
    </p>
   </div>
   <div class='ocr_carea' id='block_1_113' title="bbox 2424 5352 3985 5421">
    <p class='ocr_par' dir='ltr' id='par_1_113' title="bbox 2424 5352 3985 5421">
     <span class='ocr_line' id='line_1_113' title="bbox 2424 5352 3985 5421; baseline -0.001 -19"><span class='ocrx_word' id='word_1_824' title='bbox 2424 5354 2545 5413; x_wconf 86' lang='grc' dir='ltr'>ταῖς</span> <span class='ocrx_word' id='word_1_825' title='bbox 2588 5352 2726 5421; x_wconf 79' lang='grc' dir='ltr'>ὑπὲρ</span> <span class='ocrx_word' id='word_1_826' title='bbox 2783 5353 2874 5403; x_wconf 81' lang='grc' dir='ltr'><strong>σοῦ</strong></span> <span class='ocrx_word' id='word_1_827' title='bbox 2917 5352 3213 5421; x_wconf 81' lang='grc' dir='ltr'>τιμωρίαις</span> <span class='ocrx_word' id='word_1_828' title='bbox 3259 5353 3797 5420; x_wconf 77' lang='grc' dir='ltr'>ἐγκαλλωπίζεσθαι.</span> <span class='ocrx_word' id='word_1_829' title='bbox 3845 5353 3985 5406; x_wconf 70' lang='grc' dir='ltr'>Ἐπεὶ</span> 
     </span>
    </p>
   </div>
   <div class='ocr_carea' id='block_1_114' title="bbox 2426 5442 3986 5513">
    <p class='ocr_par' dir='ltr' id='par_1_114' title="bbox 2426 5442 3986 5513">
     <span class='ocr_line' id='line_1_114' title="bbox 2426 5442 3986 5513; baseline 0.001 -20"><span class='ocrx_word' id='word_1_830' title='bbox 2426 5442 2482 5493; x_wconf 79' lang='grc' dir='ltr'><strong>δὲ</strong></span> <span class='ocrx_word' id='word_1_831' title='bbox 2534 5442 2626 5493; x_wconf 74' lang='grc' dir='ltr'><strong>καὶ</strong></span> <span class='ocrx_word' id='word_1_832' title='bbox 2682 5443 2786 5494; x_wconf 79' lang='grc' dir='ltr'>ἔδει</span> <span class='ocrx_word' id='word_1_833' title='bbox 2835 5443 2923 5493; x_wconf 76' lang='grc' dir='ltr'><strong>διὰ</strong></span> <span class='ocrx_word' id='word_1_834' title='bbox 2975 5444 3156 5513; x_wconf 81' lang='grc' dir='ltr'>πάσης</span> <span class='ocrx_word' id='word_1_835' title='bbox 3207 5445 3588 5513; x_wconf 81' lang='grc' dir='ltr'>τιμωρητικῆς</span> <span class='ocrx_word' id='word_1_836' title='bbox 3651 5446 3803 5509; x_wconf 80' lang='grc' dir='ltr'>ίδέας</span> <span class='ocrx_word' id='word_1_837' title='bbox 3852 5444 3986 5501; x_wconf 72' lang='grc' dir='ltr'>-τοὺς</span> 
     </span>
    </p>
   </div>
   <div class='ocr_carea' id='block_1_115' title="bbox 2425 5534 3984 5607">
    <p class='ocr_par' dir='ltr' id='par_1_115' title="bbox 2425 5534 3984 5607">
     <span class='ocr_line' id='line_1_115' title="bbox 2425 5534 3984 5607; baseline 0 -21"><span class='ocrx_word' id='word_1_838' title='bbox 2425 5534 2665 5602; x_wconf 67' lang='grc' dir='ltr'>ἀθλητὰς</span> <span class='ocrx_word' id='word_1_839' title='bbox 2706 5534 2957 5596; x_wconf 79' lang='grc' dir='ltr'>διελθεῖν,</span> <span class='ocrx_word' id='word_1_840' title='bbox 3009 5536 3109 5587; x_wconf 64' lang='grc' dir='ltr'>κᾶν</span> <span class='ocrx_word' id='word_1_841' title='bbox 3148 5536 3223 5598; x_wconf 77' lang='grc' dir='ltr'>ὡς</span> <span class='ocrx_word' id='word_1_842' title='bbox 3263 5538 3470 5606; x_wconf 76' lang='grc' dir='ltr'>νηπίων</span> <span class='ocrx_word' id='word_1_843' title='bbox 3505 5537 3643 5607; x_wconf 80' lang='grc' dir='ltr'>βέλη</span> <span class='ocrx_word' id='word_1_844' title='bbox 3673 5539 3884 5600; x_wconf 80' lang='grc' dir='ltr'>τούτοις</span> <span class='ocrx_word' id='word_1_845' title='bbox 3926 5536 3984 5587; x_wconf 73' lang='grc' dir='ltr'>τὰ</span> 
     </span>
    </p>
   </div>
   <div class='ocr_carea' id='block_1_116' title="bbox 2426 5625 3985 5698">
    <p class='ocr_par' dir='ltr' id='par_1_116' title="bbox 2426 5625 3985 5698">
     <span class='ocr_line' id='line_1_116' title="bbox 2426 5625 3985 5698; baseline 0.002 -22"><span class='ocrx_word' id='word_1_846' title='bbox 2426 5627 2740 5693; x_wconf 68' lang='grc' dir='ltr'>ἐπαγόμεναι</span> <span class='ocrx_word' id='word_1_847' title='bbox 2790 5625 3097 5693; x_wconf 78' lang='grc' dir='ltr'>ἐλογίζετο,</span> <span class='ocrx_word' id='word_1_848' title='bbox 3135 5630 3364 5696; x_wconf 70' lang='grc' dir='ltr'>κάμινον</span> <span class='ocrx_word' id='word_1_849' title='bbox 3397 5631 3667 5698; x_wconf 80' lang='grc' dir='ltr'>ἐκκαῆναι</span> <span class='ocrx_word' id='word_1_850' title='bbox 3711 5631 3922 5682; x_wconf 81' lang='grc' dir='ltr'>κελεύει</span> <span class='ocrx_word' id='word_1_851' title='bbox 3960 5629 3985 5679; x_wconf 83' lang='grc' dir='ltr'><strong>ὁ</strong></span> 
     </span>
    </p>
   </div>
   <div class='ocr_carea' id='block_1_117' title="bbox 2427 5715 3984 5788">
    <p class='ocr_par' dir='ltr' id='par_1_117' title="bbox 2427 5715 3984 5788">
     <span class='ocr_line' id='line_1_117' title="bbox 2427 5715 3984 5788; baseline 0.008 -26"><span class='ocrx_word' id='word_1_852' title='bbox 2427 5715 2671 5782; x_wconf 77' lang='grc' dir='ltr'>ἡγεμὼν,</span> <span class='ocrx_word' id='word_1_853' title='bbox 2711 5717 2862 5769; x_wconf 71' lang='grc' dir='ltr'>οὐδὲν</span> <span class='ocrx_word' id='word_1_854' title='bbox 2903 5718 3002 5782; x_wconf 70' lang='grc' dir='ltr'>τῆς</span> <span class='ocrx_word' id='word_1_855' title='bbox 3050 5718 3361 5785; x_wconf 78' lang='grc' dir='ltr'>Χαλδαῖκῆς</span> <span class='ocrx_word' id='word_1_856' title='bbox 3421 5719 3634 5788; x_wconf 79' lang='grc' dir='ltr'>ἐκείνης</span> <span class='ocrx_word' id='word_1_857' title='bbox 3671 5720 3984 5776; x_wconf 67' lang='grc' dir='ltr'>ἑνδέουσαν.</span> 
     </span>
    </p>
   </div>
   <div class='ocr_carea' id='block_1_118' title="bbox 2428 5805 3986 5880">
    <p class='ocr_par' dir='ltr' id='par_1_118' title="bbox 2428 5805 3986 5880">
     <span class='ocr_line' id='line_1_118' title="bbox 2428 5805 3986 5880; baseline 0.002 -25"><span class='ocrx_word' id='word_1_858' title='bbox 2428 5805 2519 5856; x_wconf 79' lang='grc' dir='ltr'><strong>καὶ</strong></span> <span class='ocrx_word' id='word_1_859' title='bbox 2545 5807 2707 5874; x_wconf 72' lang='grc' dir='ltr'>ἤγετο</span> <span class='ocrx_word' id='word_1_860' title='bbox 2737 5809 2868 5876; x_wconf 71' lang='grc' dir='ltr'>πρὸς</span> <span class='ocrx_word' id='word_1_861' title='bbox 2893 5809 3098 5878; x_wconf 81' lang='grc' dir='ltr'>ταύτην</span> <span class='ocrx_word' id='word_1_862' title='bbox 3138 5809 3234 5878; x_wconf 66' lang='grc' dir='ltr'><strong>ὕλη</strong></span> <span class='ocrx_word' id='word_1_863' title='bbox 3275 5810 3372 5878; x_wconf 81' lang='grc' dir='ltr'>ὅση</span> <span class='ocrx_word' id='word_1_864' title='bbox 3407 5813 3632 5878; x_wconf 66' lang='grc' dir='ltr'>τρέφειν</span> <span class='ocrx_word' id='word_1_865' title='bbox 3665 5811 3862 5880; x_wconf 80' lang='grc' dir='ltr'>ἔμελλε</span> <span class='ocrx_word' id='word_1_866' title='bbox 3904 5809 3986 5877; x_wconf 69' lang='grc' dir='ltr'>τὴν</span> 
     </span>
    </p>
   </div>
  </div>
