4136 6490
88 439 239 503 1065

921 432 1377 493 MAR'I‘YRIUM
1415 433 1472 494 S.
1510 428 1879 492 EULAMPII
1939 430 2033 490 ET
2091 430 2151 490 S.
2188 427 2621 490 EULAMPIE.

3240 427 3372 493 1066

80 555 270 615 οὕτως
300 547 701 618 ὲκκαιομένην,
738 544 1005 596 παντοίαν
1048 543 1154 594 τῶν
1183 542 1387 611 δημίων
1415 542 1489 609 είς
1524 540 1678 594 τοῦτο
1707 578 1717 602 λ

1798 539 1993 595 lamina
2027 550 2175 593 esset
2212 539 2349 593 adeo
2390 538 2443 592 in
2474 539 2644 593 altum
2692 538 2929 607 sublata,
2968 553 3027 597 ut
3072 546 3232 600 etiam
3282 564 3371 604 eos

80 647 195 715 τὴν
242 642 491 711 σπουδὴν
549 634 1074 700 καταϐαλλομένων.
1132 634 1421 703 Μετεὼρου
1475 634 1530 687 δὲ
1572 632 1671 699 τῆς

82 738 296 808 φλογὸς
338 731 650 804 γενομένης
693 729 771 790 ὡς
806 723 1087 797 μακρόθεν
1122 725 1519 795 καταπλήττειν
1549 725 1672 785 τοὺς

84 830 418 901 βλέποντας,
446 822 686 892 ἄγεσθαι
724 819 854 879 τοὺς
893 816 1184 885 μάρτυρας
1219 816 1246 867 ὁ
1289 814 1542 886 δικαστής
1582 830 1678 867 κεο

80 922 261 987 λεύει,
314 919 411 974 καὶ
476 911 577 987 τῆς
648 911 888 983 καμίνου
957 908 1125 977 μέσον
1168 908 1446 962 ὠθεῖσθαι.
1502 909 1674 979 Προσ-

82 1014 289 1081 ήγοντο
317 1009 411 1063 οὖν
438 1009 488 1060 oi
524 1006 831 1077 μάρτυρες,
861 1001 890 1052 δ
922 998 1026 1066 μὲν
1055 997 1195 1061 θεῖος
1226 998 1567 1069 Εύλάμπιος,
1591 996 1677 1051 διὰ

79 1104 150 1154 τὸ
189 1103 317 1162 τοὺς
354 1097 676 1167 ὀφθαλμοὺς
732 1088 1109 1156 ἐκκεκόφθαι,
1152 1089 1256 1142 ὑπό
1299 1106 1457 1143 τινων
1485 1088 1676 1142 διαϐα-

86 1194 425 1261 σταζόμενος
520 1191 550 1257 ή
609 1187 668 1240 δὲ
739 1181 969 1253 γενναία
1030 1178 1330 1249 Εὑλαμπία
1392 1181 1485 1233 καὶ
1542 1180 1680 1248 μετὰ

89 1282 291 1335 πολλοῦ
331 1281 427 1334 τοῦ
466 1280 701 1350 θάρσους
734 1274 1129 1347 προτρέχουσα
1164 1269 1238 1333 ὡς
1280 1271 1358 1333 είς
1401 1270 1676 1341 θάλαμον,

85 1376 189 1428 οὐκ
215 1376 296 1437 είς
323 1374 554 1441 κάμινον
578 1368 938 1437 ὲλευσομένη,
962 1364 1041 1425 ὡς
1068 1361 1127 1414 δὲ
1150 1365 1243 1415 καὶ
1272 1364 1347 1434 τῷ
1373 1366 1505 1433 πυρὶ
1534 1380 1681 1435 παρ.

87 1468 375 1533 εδόθησαν,
427 1465 459 1533 ή
517 1448 647 1531 φλδξ
701 1460 900 1522 αὐτοὺς
948 1456 1110 1510 οὐδὲν
1181 1456 1510 1529 ἐλυμήνατο,
1562 1456 1680 1513 ἀλλ’

92 1556 297 1611 αὐτίκα
352 1555 511 1624 δίκην
571 1552 755 1619 ἀίξίὸος
807 1548 1195 1618 κυρτωθείσα,
1250 1550 1346 1601 καὶ
1397 1548 1568 1617 πολλῇ
1618 1549 1685 1616 τῇ

93 1650 275 1718 φειδοῖ
336 1648 475 1717 πρὸς
529 1645 589 1698 τὸ
651 1644 816 1715 μέσον
871 1640 1273 1707 ἀπολαϐοῦσα,
1331 1641 1596 1712 καθάπερ
1631 1643 1688 1694 ἐν

92 1742 429 1813 φαιδροτάτῃ
492 1738 728 1793 παστάδι
783 1737 907 1798 τοὺς
936 1734 1181 1804 ἀθλητὰς
1210 1732 1525 1801 ὲθαλάμευε
1549 1772 1562 1794 ,
1598 1732 1691 1785 καὶ

96 1837 161 1889 τὸ
196 1836 295 1904 τῆς
338 1835 552 1903 φύσεως
604 1828 923 1893 καυστικὴν,
971 1827 1053 1889 είς
1103 1824 1284 1895 αὔραν
1323 1823 1689 1894 δροσίζουσαν

1773 631 1863 701 qui
1894 630 2085 698 procul
2112 630 2419 685 cernebant
2471 631 2862 702 stupefaceret,
2896 635 3046 705 jubet
3085 635 3246 705 judex
3280 640 3371 696 ad-

1774 722 1896 776 duci
1929 731 2218 793 marlyres,
2256 732 2311 777 et
2339 723 2486 777 trudi
2538 723 2592 777 in
2638 725 2878 779 medium
2928 727 3222 784 fornacem.
3267 732 3371 787 Adv

1775 810 1920 866 ducti
1952 820 2083 865 sunt
2124 826 2258 882 ergo
2308 823 2576 883 martyres
2610 830 2623 867 :
2658 814 2874 871 divinus
2899 818 3114 887 quidem
3152 820 3369 876 Eulam-

1774 905 1914 975 pius.
1946 911 2245 974 propterea
2280 906 2430 975 quod
2468 905 2679 960 fuerant
2710 908 2757 962 ei
2795 909 2933 963 eruti
2988 911 3151 972 oculi.
3198 930 3224 967 ε
3253 918 3370 984 qui-

1775 994 2006 1051 busdam
2056 1004 2320 1063 portatus
2364 1013 2667 1068 ;generosa
2700 1011 2879 1056 autem
2918 1003 3194 1075 Eulampia
3242 1021 3364 1062 cum

1780 1101 1971 1160 magna
2003 1100 2312 1141 occurrens
2341 1090 2579 1156 audacia,
2615 1101 2865 1163 tanquam
2902 1095 3218 1161 thalamum,
3257 1115 3364 1155 non

1781 1183 2056 1237 fornacem
2085 1180 2419 1251 ingressura.
2456 1183 2587 1237 Cum
2623 1194 2802 1240 autem
2845 1186 2955 1257 igni
2990 1188 3220 1246 fuissent
3257 1204 3364 1249 tra-

1782 1274 1902 1339 diti,
1940 1271 2155 1328 llamma
2208 1287 2302 1330 eos
2334 1274 2463 1328 nihil
2493 1274 2651 1341 laesit,
2691 1276 2784 1332 sed
2825 1282 3029 1343 statim,
3066 1284 3239 1339 instar
3264 1287 3363 1342 ab-

1785 1367 1935 1432 sidis,
1969 1368 2249 1421 incurvata
2311 1376 2366 1422 et
2420 1367 2707 1439 diligenter
2767 1386 2965 1427 cavens
3007 1390 3074 1429 ne
3121 1377 3359 1432 medium

1740 1457 2165 1527 .interciperct,
2236 1468 2490 1527 tanquam
2565 1460 2620 1514 in
2684 1462 3079 1531 iucundissimo
3131 1469 3365 1525 thalamo

1789 1548 2024 1603 athletas
2050 1548 2386 1615 continebat,
2415 1558 2469 1604 et
2511 1559 2719 1608 naturae
2758 1569 2869 1610 suae
2907 1557 3153 1613 ardorem
3182 1560 3235 1615 in
3266 1577 3367 1616 au-

1794 1653 1907 1691 ram
1936 1638 2258 1694 irrorantem
2282 1643 2650 1697 convertebat.
2680 1643 2937 1717 Martyres
2964 1664 3091 1705 vero
3116 1660 3365 1722 tanquam

1794 1730 1845 1783 in
1881 1745 2034 1799 prato
2075 1732 2289 1787 roscido
2328 1742 2383 1788 et
2431 1750 2646 1791 amoeno
2690 1738 2919 1794 choreas
2962 1751 3203 1813 agentes,
3239 1746 3372 1801 illud

1796 1821 2129 1893 descriptum
2146 1832 2201 1878 et
2227 1824 2481 1882 divinitus
2497 1827 2770 1893 edoctum,
2789 1845 3102 1901 puerorum,
3123 1836 3372 1913 inquam,

103 1898 406 1998 μετετίθει,
434 1924 530 1978 καὶ
560 1925 608 1975 οἱ
641 1921 915 1991 μάρτυρες
954 1918 1029 1981 ὼς
1057 1919 1119 1969 ὲν
1150 1915 1388 1986 λειμῶνι
1429 1914 1689 1985 δροσώδει

1798 1914 2065 1969 canebant
2091 1917 2387 1972 canticum.

98 2038 159 2073 τε
220 2021 319 2072 καὶ
370 2019 489 2087 ἡδεῖ
548 2012 889 2084 χορεύοντες,
943 2008 1043 2081 τὴν
1103 2007 1252 2080 ᾠδὴν
1315 2007 1544 2078 ἐκείνην
1599 2006 1696 2078 τὴν

100 2107 461 2179 ἀνάγραπτόν
504 2121 564 2157 τε
611 2103 707 2157 καὶ
744 2101 1085 2155 θεοδίδακτον
1128 2094 1237 2151 τῶν
1275 2098 1497 2153 παίδων
1542 2094 1693 2170 ᾖδον.

176 2198 278 2254 IB'.
318 2198 462 2268 Πρὸς
498 2194 673 2249 ταῦτα
702 2193 865 2246 πάλιν
892 2193 920 2245 δ
948 2191 1218 2262 τύραννος
1242 2228 1257 2252 ,
1305 2188 1403 2241 καὶ
1451 2190 1532 2239 ἔτι
1578 2188 1698 2256 διη-

109 2295 332 2363 πορεῖτο
357 2331 371 2353 ,
426 2288 522 2343 καὶ
548 2290 616 2359 τῇ
648 2285 869 2356 τοιαύτῃ
919 2280 1317 2353 τερατουργίᾳ,
1374 2279 1607 2353 παρεῖτό
1639 2298 1697 2333 τε

107 2387 205 2440 καὶ
238 2382 541 2452 ὲξησθὲνει,
569 2383 662 2434 καὶ
694 2377 827 2448 πρὸς
860 2376 1103 2445 ἐσχάτην
1137 2372 1463 2442 ἀμηχανίαν
1512 2371 1697 2437 ἐξέπι-

110 2494 266 2530 πτεν.
313 2472 447 2530 Εἶτα
494 2476 607 2535 τοῖς
650 2472 792 2534 ὅλοις
836 2464 1261 2537 ἀπαγορεύσας,
1316 2463 1419 2535 τὴν
1457 2466 1699 2534 ἐσχάτην

112 2571 208 2623 καὶ
245 2564 566 2620 τελευταίαν
608 2564 719 2623 τοῖς
768 2559 1029 2626 ἀθληταῖς
1093 2554 1491 2624 ἐπιψηφίζεται
1521 2570 1698 2623 τιμω-

115 2659 261 2730 ρίαν,
304 2656 404 2724 τὴν
435 2654 524 2707 διά
553 2652 647 2705 τοῦ
678 2649 867 2718 ξίφους
902 2648 1046 2717 φημὶ
1078 2645 1360 2715 τελευτήν.
1405 2644 1585 2706 Εὐθὺς
1606 2644 1698 2697 οὖν

112 2751 213 2823 τὴν
258 2746 355 2801 ἐπὶ
406 2744 620 2812 θανάτῳ
667 2740 944 2810 δεσμῶται
988 2738 1335 2804 ἀπάγονται,
1394 2736 1489 2789 καὶ
1520 2735 1549 2787 ὁ
1598 2735 1698 2805 μὲν

120 2841 338 2909 μάρτυς
390 2834 701 2905 προθύμως.
739 2832 838 2902 τὴν
884 2830 971 2883 διὰ
1028 2826 1125 2883 τοῦ
1183 2827 1373 2897 ξίφους
1420 2825 1700 2879 τελείωσιν

118 2930 384 2989 ὑποστάς,
421 2930 560 2995 πρὸς
588 2924 855 2993 οὐρανοὺς
886 2921 1215 2991 στεφανίτης
1246 2919 1503 2990 ἀνήγετο.
1552 2919 1614 2970 Ἠ
1642 2917 1698 2970 δὲ

115 3023 306 3077 τούτου
344 3015 546 3088 ἀδελφὴ
578 3018 671 3068 καὶ
702 3013 958 3076 κοινωνὸς
980 3012 1090 3065 τῶν
1119 3010 1366 3078 ἀγώνων,
1398 3009 1700 3064 τελειοῦται

118 3116 217 3169 καὶ
245 3114 354 3185 πρὸ
384 3111 478 3164 τοῦ
509 3109 700 3179 ξίφους
741 3107 835 3161 καὶ
886 3105 1102 3176 μάρτυς
1130 3104 1522 3171 ἀπηρτισμένη
1559 3101 1699 3157 κατά

120 3206 448 3277 προαίρεσιν
480 3203 713 3270 γίνεται,
746 3200 846 3253 οὐκ
876 3197 1102 3259 ἀπεικὸς
1130 3195 1289 3247 τοῦτο
1319 3194 1416 3263 τῆς
1445 3192 1540 3246 τοῦ
1565 3193 1700 3246 Θεοῦ

122 3299 320 3367 σοφίας
354 3296 818 3365 οίκονομησάσης,
849 3290 964 3346 ἀλλ’
1000 3290 1088 3342 ἵνα
1122 3287 1257 3359 μηδὲ
1290 3284 1546 3354 σώματος
1600 3302 1703 3341 κα-

122 3385 320 3457 θαροῦ,
386 3388 480 3437 καὶ
541 3382 731 3435 παθῶν
789 3379 1097 3449 ἐπιμιξίαις
1151 3377 1462 3443 ἀνεπάφου,
1524 3378 1708 3447 χεῖρες

125 3478 433 3545 ἀκάθαρτοι
460 3473 739 3544 ψαύσωσι,
779 3469 982 3542 μᾶλλον
1008 3467 1073 3539 δὴ
1104 3466 1205 3537 τῆς
1241 3467 1453 3521 ἑαυτῶν
1489 3468 1710 3535 σφαλῶ-

128 3584 215 3621 σιν
249 3563 488 3627 ὲλπίδος,
519 3562 733 3631 ἐκείνης
766 3557 1136 3628 ἀποτυχόντες
1178 3557 1279 3627 τῆς
1332 3559 1608 3626 τιμωρίας
1638 3555 1705 3610 δι’

124 3655 194 3730 ἦς
229 3655 466 3717 αἱκίζειν
508 3654 611 3723 τὴν
646 3653 904 3723 μάρτυρα
958 3647 1151 3719 ᾤοντο.
1197 3646 1386 3702 Ταῦτα
1428 3647 1538 3701 τῶν
1577 3651 1708 3716 ἀητο

125 3752 313 3820 τήτων
366 3747 662 3818 μαρτύρων
717 3742 957 3816 Χριστοῦ
1003 3742 1071 3794 τὰ
1121 3740 1516 3810 παλαίσματα’
1550 3740 1710 3794 τοῦτο

127 3842 238 3895 τῶν
291 3840 556 3910 ἀοιδίμων
655 3839 714 3891 τὸ
792 3834 1118 3889 πολύευκτον
1183 3832 1399 3903 ’κέρας’
1487 3832 1711 3895 τούτους

136 3934 490 4005 ἑμακάρισαν
525 3930 626 3999 μὲν
654 3931 712 3981 αἱ
743 3945 828 3981 vos
841 3927 933 3995 ραι
961 3928 1136 3979 πᾶσαι
1157 3926 1415 3993 δυνάμεις
1437 3962 1453 3987 ,
1486 3924 1710 3977 ἑπευλό-

131 4042 315 4094 γησαν
337 4023 397 4077 δὲ
426 4020 793 4092 πατριάρχαι,
832 4016 1123 4072 ἀπόστολοι
1153 4015 1356 4087 ᾔνεσαν
1379 4055 1395 4081 ,
1428 4017 1522 4070 καὶ
1566 4017 1709 4088 μάρ-

132 4132 298 4186 τυρες
346 4114 422 4177 ὡς
471 4112 807 4182 ὲφαμίλλους
840 4107 948 4163 τῶν
1000 4108 1198 4170 πόνων,
1252 4106 1345 4158 καὶ
1391 4107 1491 4176 τῆς
1538 4108 1716 4162 αὐτῶν

140 4206 439 4277 ἰσορρόπου
473 4202 795 4272 ὁμολογίας,
854 4200 1009 4271 ίεράν
1065 4197 1383 4270 προσθήκην
1434 4195 1713 4261 ἐδέξαντο·

140 4298 304 4359 αὐτὸς
336 4294 393 4348 δὲ
421 4294 449 4345 δ
487 4293 863 4361 ’Δγωνοθὲτης
897 4290 1039 4359 ὑπὲρ
1072 4282 1132 4342 οὗ
1166 4288 1226 4340 τὸ
1258 4289 1491 4359 πάσχειν
1532 4287 1718 4360 προεί-

142 4388 317 4451 λοντο,
358 4386 454 4438 καὶ
499 4384 560 4436 ὃν
590 4381 904 4455 ἔμπροσθεν
946 4379 1054 4432 τῶν
1097 4378 1402 4447 ἀνθρώπων
1447 4397 1714 4450 μαρτυρι..

141 4481 257 4542 κῶς
302 4477 688 4549 ὡμολόγησαν,
736 4473 836 4528 καὶ
886 4471 1047 4535 αὐτὸς
1089 4470 1320 4526 ἐνώπιον
1373 4469 1467 4524 τοῦ
1508 4472 1718 4543 [ἰατρὸς

1868 2180 1986 2234 ΧΠ.
2019 2181 2096 2236 Ad
2132 2182 2246 2237 haec
2277 2198 2466 2239 rursus
2507 2195 2764 2255 tyrannus
2794 2200 2847 2244 et
2876 2193 3043 2265 magis
3070 2194 3371 2266 dubitabat,

1799 2283 1853 2329 et
1892 2274 1997 2329 hoc
2022 2275 2267 2347 prodigio
2290 2277 2447 2347 plane
2475 2292 2721 2336 evaserat
2751 2284 2962 2342 solutus
2977 2297 3033 2343 et
3064 2290 3371 2359 imbecillis,

1801 2375 1855 2420 et
1914 2367 2162 2421 redactus
2203 2377 2319 2422 erat
2372 2371 2437 2424 ad
2496 2382 2791 2430 extremam
2846 2379 3056 2434 consilii
3111 2383 3371 2453 inopiam.

1805 2458 2009 2513 Deinde
2053 2475 2175 2513 cum
2222 2474 2437 2513 omnem
2488 2477 2638 2532 spem
2686 2466 2899 2536 penitus
2942 2469 3260 2542 abjecisset,
3318 2478 3373 2532 in

1801 2550 2032 2604 athletas
2054 2550 2300 2604 ultimum
2326 2553 2513 2607 statuit
2539 2557 2883 2626 supplicium,
2912 2575 3107 2632 nempe
3136 2567 3373 2622 utvitam

1802 2641 2024 2696 finirent
2044 2642 2246 2712 gladio.
2275 2641 2530 2701 Protinus
2572 2662 2699 2718 ergo
2743 2649 2909 2706 vincti
2940 2653 3283 2712 abducuntur
3310 2661 3377 2715 ad

1788 2743 2057 2789 mortem.
2102 2735 2164 2789 lit
2204 2747 2410 2809 martyr
2434 2738 2651 2808 quidem
2693 2757 2819 2796 cum
2847 2756 3100 2816 prompto
3128 2757 3182 2803 et
3213 2751 3376 2804 alacri

1803 2826 1988 2881 animo
2020 2826 2280 2882 subiisset
2312 2830 2489 2898 gladio
2533 2835 3079 2903 consummationem,
3123 2838 3178 2893 in
3212 2841 3379 2895 cmlos

1804 2928 2103 2975 coronatus
2165 2920 2446 2976 extollitur
2486 2939 2500 2978 :
2540 2923 2657 2993 ejus
2711 2935 2890 2981 autem
2931 2944 3084 2985 soror
3134 2940 3188 2986 et
3233 2934 3381 2988 socia

1805 3012 2169 3066 certaminum
2199 3054 2213 3078 ,
2268 3014 2433 3068 etiam
2489 3026 2613 3072 ante
2665 3016 2900 3089 gladium
2948 3033 3381 3089 consummatur,

1805 3103 2194 3172 propositoque
2217 3115 2274 3159 et
2302 3106 2465 3159 animi
2495 3106 2741 3162 instituto
2786 3110 2847 3163 fit
2880 3111 3117 3180 perfecta
3158 3124 3381 3185 martyr.

1810 3192 1922 3249 Hoc
1953 3201 2133 3250 autem
2172 3210 2279 3250 non
2321 3197 2388 3251 ab
2419 3213 2476 3252 re
2500 3199 2737 3269 providit
2766 3201 2858 3256 Dei
2880 3203 3165 3272 sapientia,
3199 3207 3292 3260 sed
3325 3216 3383 3261 ut

1807 3298 2004 3351 corpus
2039 3286 2303 3342 mundum
2335 3296 2390 3343 et
2426 3305 2454 3343 a
2501 3290 2757 3347 vitiorum
2794 3296 3192 3352 consuetudine
3241 3296 3383 3352 inta-

1808 3382 1957 3430 ctum
1992 3390 2187 3431 manus
2217 3376 2510 3435 immundae
2542 3396 2648 3436 non
2692 3393 2993 3454 tangerent,
3013 3394 3175 3456 atque
3201 3397 3260 3443 ut
3283 3405 3382 3443 sua

1809 3479 1906 3533 spe
1940 3465 2089 3533 impii
2124 3465 2539 3537 frustrarentur,
2566 3486 2689 3526 cum
2718 3474 2785 3529 ab
2830 3488 2897 3530 eo
2932 3476 3213 3533 inferendo
3240 3480 3387 3535 exci-

1811 3558 2018 3613 dissent
2044 3559 2328 3630 supplicio,
2359 3577 2456 3632 per
2499 3564 2642 3634 quod
2695 3568 2955 3636 putabant
2987 3584 3046 3624 se
3094 3575 3385 3641 punituros

1811 3659 2133 3720 martyrem.
2168 3652 2294 3708 llaec
2323 3665 2452 3710 sunt
2496 3656 2819 3714 invictarum
2852 3660 3053 3717 Christi
3086 3675 3382 3736 martyrum

1812 3742 2112 3812 certamina
2167 3752 2221 3798 et
2272 3744 2360 3800 hic
2418 3757 2501 3801 est
2564 3750 2836 3817 optandus
2893 3753 3014 3809 fluis
3088 3757 3383 3829 insignium

1812 3832 2160 3887 athletarum.
2211 3833 2336 3889 Illos
2382 3834 2612 3892 bearunt
2655 3840 2871 3909 quidem
2921 3859 3112 3902 omnes
3160 3849 3386 3904 virtutes

1813 3921 2226 3989 intelligentes,
2276 3926 2672 3984 benedixerunt
2714 3933 3050 4000 patriarchae,
3096 3937 3388 3994 laudarunt

1817 4014 2046 4084 apostoli
2088 4026 2145 4070 ct
2186 4028 2473 4089 martyres,
2497 4030 2556 4075 ut
2598 4022 2676 4077 eis
2721 4040 2879 4096 pares
2918 4029 2972 4082 in
2995 4029 3287 4088 laboribus
3333 4047 3388 4089 et

1817 4106 2053 4176 aequales
2101 4107 2154 4162 in
2204 4109 2550 4168 confessione
2593 4127 3004 4175 sacrosanctum
3059 4135 3391 4194 acceperunt

1817 4197 2267 4254 additamentum.
2320 4201 2440 4270 Ipse
2479 4213 2660 4258 autem
2710 4207 3048 4277 Agonotbeta
3098 4222 3152 4266 et
3202 4214 3381 4266 Domi-

1817 4302 1946 4353 nus,
1989 4303 2088 4359 pro
2131 4304 2240 4360 quo
2285 4292 2398 4362 pati
2435 4294 2858 4361 constituerunt,
2894 4306 2949 4353 et
3002 4315 3161 4370 quem
3204 4318 3385 4361 coram

1820 4379 2135 4437 hominibus
2185 4384 2472 4456 martyrice
2517 4386 2753 4444 confessi
2789 4400 2938 4458 sunt,
2965 4391 3100 4463 ipse,
3145 4394 3386 4466 inquam.

1820 4485 2001 4526 (oram
2038 4471 2197 4528 Patre
2232 4492 2325 4532 eos
2360 4480 2634 4547 preconio
2656 4481 2961 4550 honoravit,
2987 4486 3129 4538 sicut
3162 4496 3245 4541 est
3276 4488 3390 4557 pol~

140 4570 285 4623 κατά
328 4570 389 4623 τὸ
434 4565 764 4639 ιτάγγελμα
792 4564 1123 4634 ἀνεκήρυξε,
1166 4564 1262 4618 καὶ
1296 4563 1588 4628 κοινωνοὺς
1616 4564 1716 4633 τῆς

1821 4563 2022 4630 licitns,
2069 4565 2360 4638 gloriaque
2400 4578 2455 4623 et
2499 4572 2648 4643 regni
2695 4572 2957 4628 ctelorum
3000 4576 3174 4632 socios
3217 4579 3385 4635 fecit:

140 4660 305 4729 δόξης
354 4661 448 4712 καὶ
510 4658 607 4725 τῆς
673 4657 960 4728 βασιλείας
1013 4654 1326 4723 είργάσατο.
1387 4654 1511 4707 Ὀτι
1565 4654 1713 4725 αὑτῷ

1821 4657 2080 4729 quoniam
2114 4675 2240 4716 eum
2282 4660 2440 4718 decet
2471 4664 2649 4719 omnis
2681 4665 2869 4738 gloria,
2904 4667 3077 4724 bonor
3112 4682 3167 4725 et
3195 4672 3387 4727 adora-

145 4754 348 4823 πρέπει
380 4750 532 4803 πᾶσα
555 4747 704 4815 δόξα,
729 4748 869 4817 τιμὴ
900 4745 991 4797 καὶ
1013 4746 1235 4811 κράτος,
1267 4744 1622 4818 μεγαλωσύνη
1652 4763 1712 4799 τε

142 4846 235 4896 καὶ
263 4841 733 4913 μεγαλοπρέπεια,
761 4836 858 4893 νῦν
882 4836 973 4891 καὶ
998 4836 1084 4889 ἀεὶ
1134 4836 1229 4888 καὶ
1258 4838 1337 4901 εἰς
1367 4839 1492 4904 τοὺς
1512 4840 1713 4903 αἰῶνας

141 4935 250 4989 τῶν
277 4934 511 4991 αἰώνων.
568 4934 763 5007 Ἀμήν.

583 5954 848 6017 Ρετιιοιο
893 5948 1008 6014 Gtt.
1050 5950 1231 6015 CXV.

1822 4750 1916 4814 tio,
1940 4767 2083 4806 nunc
2158 4760 2211 4807 et
2263 4767 2496 4825 semper,
2562 4765 2613 4811 et
2662 4758 2715 4811 in
2788 4760 2979 4813 saecula
3043 4762 3383 4820 saculorum.

1825 4841 2021 4896 Amen.

3016 5953 3092 6022 ιι
