4136 6496
178 479 317 544 1073

1218 469 1681 537 MARTYRIUM
1718 469 1780 530 S.
1822 468 2052 534 PROBI
2098 477 2188 537 ΕΤ
2231 478 2389 542 50C.

3285 482 3419 547 1074

170 594 340 664 τριῶν
392 592 659 663 ἀριστέων
709 592 911 657 λαδὼν,
956 592 1117 647 πάλιν
1161 592 1353 653 αὐτοὺς
1387 588 1511 643 καθ’
1554 588 1650 641 ἕνα
1681 589 1732 656 τῇ

1853 604 1971 643 rum
2012 591 2151 648 hanc
2182 593 2599 664 pulcherrimam
2650 593 2970 666 sumpsisset
3000 595 3420 664 experientiam,

168 680 414 754 προτέρα
436 683 587 749 τάξει
617 685 710 738 καὶ
730 683 825 739 νῦν
848 684 1377 756 χρώμενος,παρῆγε
1404 682 1484 753 τῷ
1512 681 1739 754 βήματιο

171 779 284 830 Καὶ
316 778 475 830 πάλιν
505 779 533 831 ὀ
564 778 813 848 Τάραχος
861 777 1145 847 παραστὰς
1201 778 1336 846 μετὰ
1385 776 1585 846 πολλῆς
1640 775 1740 842 τῆς

167 870 491 939 παρρησίας
540 869 631 923 τδν
668 870 930 937 ἡγεμόνα,
967 870 1090 932 τοὺς
1136 870 1567 939 αὐτοκράτορας,
1618 867 1741 930 τοὺς

163 962 347 1013 αὐτῶν
370 962 790 1023 ἀσθενεστάτους
827 962 1002 1025 θεοὺς,
1029 962 1298 1031 ἐξελέγχει
1328 959 1744 1029 καρτερικώτα-

167 1068 263 1105 τα.
310 1052 476 1105 ὐθεν
525 1054 618 1106 καὶ
656 1053 824 1115 λίθοις
866 1054 926 1105 τὸ
973 1054 1145 1123 στόμα
1188 1054 1595 1119 συνθλάττεται,
1651 1054 1743 1106 καὶ

162 1139 323 1204 αὖθις
378 1144 489 1206 πῦρ
539 1146 657 1204 ταῖς
705 1147 891 1214 χερσὶν
933 1148 1032 1197 οὐκ
1066 1144 1305 1212 ἀγεννῶς
1345 1144 1583 1214 δέχεται.
1626 1142 1742 1198 Εἶθ’

161 1230 323 1297 οὗτος
356 1236 440 1303 ἐφ’
488 1235 691 1304 ὑψηλοῦ
720 1239 859 1289 κατὰ
888 1236 1127 1305 κεφαλῆς
1159 1237 1510 1306 mmmam.
1534 1237 1739 1306 μετέω-

165 1346 261 1398 ρος
297 1328 393 1396 τὴν
425 1329 489 1379 ἐκ
516 1327 608 1379 τοῦ
640 1328 848 1383 καπνοῦ
883 1329 1189 1400 πικρότητα
1210 1328 1318 1381 τῶν
1343 1328 1506 1399 ῥινῶν
1534 1329 1743 1381 διαδυο-

162 1419 338 1487 μένην
368 1419 668 1489 εἰσδέχεται
699 1420 929 1490 βάσανον
952 1438 966 1453 ’
998 1423 1058 1473 οὐ
1088 1420 1193 1491 μὴν
1221 1420 1357 1473 ἀλλὰ
1384 1420 1475 1473 καὶ
1503 1419 1742 1491 προσθή-

162 1528 273 1586 κην
297 1510 376 1579 ϊῷ
401 1511 621 1581 χαλεπῷ
666 1512 840 1581 τούτῳ
875 1514 1231 1575 ἐπιτιθέντες,
1261 1513 1419 1577 δξους
1449 1512 1544 1567 καὶ
1576 1512 1738 1577 ἀλῶν,

154 1603 256 1654 καὶ
284 1602 631 1672 δριμυτάτων
668 1605 998 1674 σπερμάτων
1040 1604 1217 1674 μίξεσι
1249 1603 1578 1675 δριμυτέρου
1605 1604 1743 1674 κρά-

160 1711 337 1762 ματος
367 1696 690 1765 γενομένου,
719 1699 780 1750 τὸ
810 1697 1056 1750 ἐντεῦθεν
1092 1699 1421 1765 συγκραθὲν,
1441 1697 1742 1767 ὠμοτάτως

152 1787 250 1840 διὰ
281 1788 389 1840 τῶν
418 1789 629 1842 ἐκείνου
660 1791 902 1861 διηθοῦσι
937 1791 1120 1860 ῥινῶν.
1156 1790 1214 1842 '0
1241 1790 1298 1843 es
1320 1793 1384 1860 τῇ
1428 1791 1741 1860 ἀνυποίστφ

1845 698 2036 739 rursus
2059 700 2153 740 eos
2174 686 2503 759 singulatim,
2536 688 2700 758 priori
2736 703 2953 758 quoque
2978 698 3108 744 tunc
3138 698 3294 745 utens
3333 707 3420 745 or-

1845 777 1993 840 dine,
2044 779 2297 849 produxit
2349 781 2415 837 ad
2468 780 2725 836 tribunal.
2790 780 3108 851 Rursusque
3159 784 3421 839 assistens

1846 868 2123 923 Taraclius
2155 884 2275 924 cum
2305 870 2535 924 maxima
2569 871 2779 925 dicendi
2813 872 3080 936 libertate,
3112 875 3416 940 praesidem,

1846 960 2220 1027 imperatores,
2251 961 2601 1031 ipsorumque
2650 962 2779 1017 deos
2813 978 2935 1019 esse
2979 965 3210 1019 maxime
3243 965 3418 1020 imbe-

1845 1054 1999 1108 cillos
2046 1054 2221 1123 arguit
2266 1054 2580 1109 fortissime.
2637 1055 2791 1112 Unde
2844 1057 3006 1111 etiam
3046 1073 3245 1128 corpus
3281 1073 3417 1113 con-

1845 1144 2099 1216 fringitur
2128 1147 2421 1216 lapidibus,
2451 1158 2506 1203 et
2560 1149 2734 1219 ignem
2783 1150 3032 1203 manibus
3078 1150 3277 1218 accipit
3307 1164 3415 1203 n0n

1845 1237 2041 1308 pusillo
2069 1248 2124 1293 et
2148 1239 2362 1308 abiecto
2388 1243 2591 1294 animo.
2634 1239 2834 1294 Deinde
2861 1242 3109 1296 sublimis
3149 1257 3418 1310 praeceps-

1844 1346 1949 1400 quc
2002 1346 2301 1401 suspensus
2350 1348 2414 1387 ex
2465 1332 2612 1388 fumo
2673 1348 2833 1387 nares
2880 1334 3231 1388 acerbissime
3296 1350 3418 1403 per-

1843 1433 2055 1475 mcante
2091 1423 2291 1492 excipit
2320 1433 2668 1479 tormentum.
2702 1423 3008 1490 Quinetiam
3040 1424 3167 1477 huic
3198 1424 3274 1479 rei
3307 1433 3414 1477 tam

1842 1511 1988 1581 gravi
2016 1512 2373 1580 adjuugentes
2404 1514 2795 1574 accessionem,
2828 1530 2952 1569 cum
3010 1514 3146 1569 aceti
3192 1524 3247 1569 et
3288 1515 3419 1569 satis

1843 1614 1899 1659 et
1933 1605 2317 1659 acerrimorum
2376 1609 2646 1660 seminum
2686 1605 3031 1661 mistionibus
3073 1606 3210 1660 facta
3272 1615 3417 1661 esset

1842 1696 2019 1751 acrior
2042 1697 2378 1767 temperatio,
2410 1698 2552 1767 quod
2576 1697 2699 1752 hinc
2722 1696 2897 1751 luerat
2921 1707 3418 1765 contemperatum,

1842 1803 1939 1857 per
1968 1788 2111 1842 illius
2140 1803 2298 1842 nares
2347 1788 2721 1843 crudelissime
2767 1786 3069 1858 percolant.
3106 1785 3198 1842 Ille
3231 1775 3433 1841 autem'

152 1878 331 1950 ταύτῃ
353 1894 357 1898 ‘
382 1879 600 1951 βασάνῳ
625 1884 999 1954 ἐγκαρτερῶν,
1031 1884 1125 1937 καὶ
1158 1883 1248 1935 τδν
1288 1883 1400 1954 πῦρ
1431 1883 1637 1954 ψυχρὸν
1677 1884 1732 1935 ἐν

1846 1879 1947 1933 hoc
1996 1878 2399 1933 intolerandum
2453 1888 2782 1934 tormentum
2834 1880 3049 1935 fortiter
3101 1878 3308 1947 ferens,
3362 1889 3416 1936 et

151 1974 225 2042 τῇ
255 1972 557 2043 παραθέσει
588 1975 679 2029 τοῦ
711 1977 928 2030 αίωνίσυ
960 1977 1149 2046 πυρὸς,
1188 1976 1447 2043 γλυκεῖαν
1501 1976 1557 2028 δὲ
1589 1976 1737 2043 λογι-

154 2060 385 2129 ζόμενος
416 2062 513 2133 τὴν
543 2064 792 2135 δριμεῖαν
820 2066 1096 2136 ποιότητα,
1117 2065 1259 2119 οῦτω
1290 2066 1367 2136 τῷ
1386 2066 1739 2137 δεσμωτηρίῳ

157 2151 324 2204 πάλιν
350 2154 688 2224 σιδηρόδιτος
718 2156 1100 2225 παραδίδοται,

230 2331 304 2385 κ’.
337 2332 444 2385 Καὶ
473 2332 725 2402 δεύτερος
771 2332 887 2403 μετ’
923 2333 1086 2386 αὐτὸν
1110 2334 1138 2387 ὁ
1169 2335 1376 2405 Πρόϐος
1403 2337 1480 2407 τῷ
1508 2338 1735 2411 δικαστῇ

152 2424 495 2491 παρίσταται
519 2462 534 2487 ,
579 2424 857 2494 κωμῳδῶν
897 2425 1021 2487 τοὺς
1052 2425 1264 2479 ἐκείνου
1293 2428 1536 2493 γελοίους
1581 2430 1737 2495 θεοὺς

151 2519 214 2583 ἐξ
241 2516 421 2570 αὐτῶν
463 2515 593 2587 παρ’
643 2517 868 2588 Ἕλλησι
894 2518 1403 2589 μυθολογουμένων,
1440 2521 1550 2572 τῶν
1575 2522 1736 2574 αὖτο-

154 2610 448 2680 κρατόρων
490 2609 547 2663 δέ
585 2608 660 2673 ὡς
690 2609 889 2679 ἐπίσης
928 2610 996 2664 τά
1025 2610 1242 2682 ἄθεσμα
1270 2612 1366 2663 καὶ
1409 2610 1735 2681 διαπραττο-

153 2700 340 2769 μένων
376 2700 492 2768 ἅμα
541 2702 637 2755 καὶ
689 2702 1151 2773 ἐγκελευομένων.
1209 2702 1299 2774 Μὴ
1334 2702 1390 2756 δέ
1438 2701 1500 2755 τὸ
1558 2701 1731 2773 βραχὺ

152 2792 855 2863 φροντίζων,.τυπτόμενο;
886 2794 943 2846 δέ
977 2796 1073 2848 καὶ
1103 2794 1269 2858 αὐτὸς
1314 2793 1376 2849 τὸ
1421 2795 1596 2865 στόμα
1640 2796 1734 2849 καὶ

149 2888 218 2955 τῇ
248 2885 471 2954 βασάνῳ
500 2886 671 2958 ταύτῃ
694 2887 1018 2957 καθαπερτὶξ
1046 2891 1286 2959 σκιρτῶν
1309 2906 1368 2941 τι
1404 2890 1499 2942 καὶ
1516 2891 1734 2944 ἐναλλό-

156 2993 360 3045 μενος,
413 2978 516 3047 τὴν
561 2979 656 3031 ἐπὶ
700 2977 921 3047 σιδήρου
975 2979 1488 3047 πεπυρακτωμένον
1541 2980 1732 3032 στάσιν

152 3067 608 3133 καταδικάζεται.
656 3070 808 3123 Ἐπεὶ
866 3069 921 3121 δέ
971 3070 1282 3141 εὐφραίνειν
1317 3069 1479 3141 ἐῴκει
1530 3069 1730 3140 μᾶλλον

147 3162 274 3230 οὐχὶ
306 3161 500 3214 λυπεῖν
527 3165 557 3229 ὴ
594 3161 829 3230 βάσανος
860 3161 1117 3231 αὕτηιτδν
1152 3164 1429 3233 μάρτυρα,
1466 3161 1729 3233 πυρωθῆ-

1843 1972 2019 2040 ignem
2048 1972 2262 2042 quidem
2296 1971 2574 2041 frigidum,
2607 1973 2650 2027 si
2686 1988 2808 2028 cum
2844 1973 2966 2043 igne
2992 1982 3200 2027 aeterno
3228 1971 3418 2027 confe-

1841 2071 2011 2126 ratur,
2042 2073 2316 2133 reputaus,
2342 2063 2553 2119 dulcem
2581 2073 2761 2119 autem
2792 2063 2935 2118 illam
2959 2063 3207 2119 acerbam
3238 2061 3416 2133 quali-

1841 2162 2025 2218 tatem,
2079 2154 2158 2209 sic
2191 2170 2381 2211 rursus
2412 2155 2558 2211 ferro
2604 2157 2820 2211 vinctus
2868 2156 3157 2228 conjicitur
3205 2156 3257 2209 in
3291 2170 3414 2209 car-

1836 2261 2039 2302 cerem.

1907 2338 2022 2394 VII.
2067 2338 2352 2397 Secundus
2379 2349 2498 2410 post
2531 2355 2653 2396 eum
2680 2339 2893 2395 Probus
2926 2338 3138 2395 sistitur
3166 2346 3293 2393 ante
3318 2336 3406 2407 iu-

1837 2429 2048 2496 dicem,-
2072 2432 2327 2488 ridiculos
2354 2434 2569 2503 quidem
2606 2433 2750 2487 illius
2774 2434 2906 2487 deos
2940 2430 3227 2486 ludificans
3253 2445 3316 2484 ex
3344 2431 3411 2484 iis

1834 2539 1954 2591 qua:
1983 2522 2152 2579 Graeci
2190 2524 2259 2579 de
2288 2525 2421 2595 ipsis
2452 2525 2784 2587 fabulantur,
2818 2524 3171 2593 imperatores
3201 2530 3408 2584 autem,

1836 2622 1892 2666 ut
1937 2614 2027 2681 qui
2056 2628 2120 2669 ex
2142 2632 2297 2685 aquo
2337 2615 2541 2671 nefaria
2568 2617 2727 2673 simul
2773 2615 3012 2671 facerent
3033 2623 3085 2670 et
3129 2614 3410 2683 juberent.

1833 2705 2163 2760 Verberatus
2221 2721 2349 2761 vero
2398 2707 2516 2776 ipse
2563 2721 2785 2777 quoque
2823 2706 2876 2759 in
2923 2721 3005 2767 os,
3049 2715 3105 2760 et
3158 2706 3261 2759 hoc
3302 2715 3412 2760 tor-

1834 2803 2019 2853 mento
2062 2798 2226 2853 veluti
2275 2796 2551 2853 exsultans
2592 2808 2647 2854 et
2689 2798 2965 2855 exsiliens.
3011 2796 3412 2852 condemnatur
3469 2851 3475 2858 ,

1833 2900 1978 2945 stare
2009 2905 2173 2961 super
2210 2889 2413 2945 ferrum
2457 2890 2716 2946 candens.
2753 2890 2890 2944 Cum
2925 2897 3105 2943 autem
3145 2888 3248 2943 hoc.
3296 2898 3411 2942 tor-

1831 2989 2077 3035 mentum
2131 2980 2409 3035 rideretur
2457 2980 2640 3050 potius
2695 2978 2877 3033 laetitia
2944 2994 3105 3048 quam
3165 2977 3409 3033 molestia

1830 3069 2043 3124 allicere
2066 3079 2377 3142 martyrem.
2405 3071 2559 3139 jubet
2580 3070 2744 3140 judex
2774 3070 2975 3123 ferrum
3009 3070 3179 3137 magis
3211 3069 3408 3125 cande-

1833 3162 1970 3227 lieri,
2005 3170 2058 3217 et
2088 3177 2252 3232 super
2302 3161 2353 3216 id
2384 3175 2546 3231 quam
2598 3159 2831 3231 primum
2866 3160 3072 3230 imponi
3127 3160 3409 3223 athletam,

147 3270 241 3305 ναι
274 3252 637 3323 σφοδρότερον
673 3254 700 3304 ὁ
728 3252 987 3322 δικαστὴς
1031 3254 1123 3306 τὸν
1170 3254 1390 3323 σίδηρον
1427 3256 1729 3319 ἐπιτάττει,

1836 3265 1892 3310 et
1916 3271 1982 3319 ex
2015 3254 2341 3325 negligentia
2374 3253 2769 3317 ministrorum,
2800 3269 2909 3307 non
2940 3269 3004 3308 ex
3033 3252 3221 3308 divino
3252 3253 3408 3308 auxi-

146 3343 245 3395 καὶ
298 3345 593 3413 ἐπιστῆναι
644 3345 818 3412 τούτῳ
846 3344 938 3395 τὸν
968 3343 1210 3414 ἀθλητὴν
1256 3346 1337 3397 ὅτι
1378 3346 1627 3415 τάχιστα,
1670 3347 1728 3411 ἐξ

144 3434 412 3501 ἀμελείας
437 3435 545 3487 τῶν
571 3434 999 3503 διακονουμένων
1014 3434 1113 3489 οῦκ
1139 3437 1202 3489 ἐκ
1232 3436 1506 3507 θειοτέρας
1524 3437 1730 3493 ἄνωθεν

146 3525 433 3593 βοηθείας,
454 3526 553 3597 τὴν
574 3525 667 3580 τοῦ
701 3528 975 3598 μάρτυρος
1029 3525 1168 3582 εἶναι
1200 3531 1499 3599 καρτερίαν
1526 3531 1730 3584 61:07a-

144 3619 282 3673 ϐων.
309 3618 659 3690 Ψυχρέτερον
683 3620 871 3672 τοῦτον
905 3618 1306 3681 ἀποκαλοῦντες
1340 3622 1433 3674 τοῦ
1469 3621 1724 3692 ἀθλητοῦ,

148 3712 247 3765 καὶ
304 3712 413 3764 τῶν
457 3710 718 3762 ἐπινοιῶν
767 3710 1121 3782 ὡςοάνοήτου
1178 3713 1587 3781 καταγελῶντος
1638 3715 1728 3770 τοῦ

139 3802 405 3857 δικαστοῦ
440 3802 540 3865 τάς
586 3804 727 3857 κατὰ
760 3804 950 3859 τούτου
988 3806 1202 3875 πληγὰς
1244 3809 1271 3860 ὁ
1300 3808 1603 3878 γελώμενος
1630 3811 1727 3879 ἐμ-

143 3895 338 3964 μανῶς
370 3897 691 3965 άντεπάγει,
728 3898 966 3966 καρῆναί
996 3916 1050 3952 τε
1096 3900 1195 3966 τὴν
1249 3901 1421 3970 κόμην
1454 3900 1599 3971 αῦτῴ
1634 3905 1728 3956 καὶ

141 3991 288 4043 κατὰ
317 3991 429 4044 τῶν
458 3990 745 4057 κροτάφων
768 3991 1045 4059 ἄνθρακας
1079 3991 1247 4060 πυρὸς
1278 3994 1594 4064 ἐντεθῆναι,
1632 3996 1726 4050 καὶ

138 4082 244 4150 τὴν
259 4069 509 4149 ῄλῶτταν
537 4080 769 4150 ταθῆναι
802 4082 936 4151 πρὸς
963 4082 1200 4153 ἐκτομὴν
1224 4084 1591 4149 ἐγκελεῦεται.
1618 4088 1723 4142 Τοῦ

138 4175 200 4225 δὲ
253 4175 531 4244 μάρτυρος
576 4172 808 4241 ἑτοίμως
857 4174 1062 4244 ταύτην
1104 4175 1505 4243 προτείναντος,
1552 4176 1720 4246 ﬁmus

135 4270 252 4333 γὰρ
303 4267 332 4317 ὁ
382 4264 639 4329 δικαστὴς
693 4262 822 4332 παρ’
852 4264 1038 4329 αὐτοῦ,
1067 4264 1140 4326 ὼς
1174 4263 1318 4317 Ἐστι
1376 4281 1465 4332 μοι
1504 4266 1723 4333 γλῶσσα

135 4355 441 4426 τέμνεσθαι
506 4354 578 4423 μὴ
653 4358 952 4422 πεφυκυῖα,
1016 4356 1109 4407 καὶ
1168 4354 1341 4417 ἄλλως
1416 4354 1721 4428 ἀθάνατος,

1835 3350 1929 3413 lio,
1981 3347 2295 3402 existimans
2338 3359 2458 3399 esse
2505 3345 2756 3414 martyris
2818 3344 3216 3407 fortitudinem.
3269 3344 3404 3399 Illud

1836 3449 2018 3494 autem
2051 3436 2306 3508 frigidum
2336 3434 2561 3490 vocabat
2588 3434 2812 3498 athleta,
2854 3444 2909 3489 et
2954 3434 3154 3503 judicis
3183 3435 3403 3493 inventa

1838 3520 2106 3603 tanquam
2131 3530 2282 3585 Stulti
2313 3529 2600 3607 irridebat.
2626 3532 2692 3582 At
2725 3529 2775 3582 in
2828 3528 2992 3583 dorso
3017 3528 3202 3599 plagas
3233 3530 3278 3584 is
3310 3531 3402 3599 qui

1834 3624 2181 3688 irridebatur,
2237 3631 2427 3677 contra
2474 3621 2676 3676 furiose
2725 3621 2983 3690 imponit,
3037 3621 3304 3691 jubetque
3354 3624 3403 3676 ei

1838 3715 2051 3773 tonderi
2078 3728 2313 3779 comam,
2341 3721 2397 3769 et
2426 3717 2690 3767 carbones
2718 3709 2858 3785 ignis
2890 3714 3109 3768 immitti
3176 3716 3227 3769 iu
3268 3724 3406 3769 tem-

1835 3825 1987 3880 pora,
2020 3819 2075 3864 et
2130 3809 2370 3879 linguam
2422 3804 2632 3862 extrahi
2671 3814 2732 3860 ut
2782 3814 3179 3877 amputaretur.
3205 3804 3408 3876 Martyr

1834 3911 2038 3961 autem,
2072 3916 2196 3955 cum
2228 3900 2380 3971 prius
2406 3899 2575 3966 judici
2616 3900 2878 3955 dixisset:
2910 3900 3009 3954 Est
3036 3899 3167 3953 milii
3199 3899 3403 3970 lingua,

1831 4011 1954 4065 qua:
1986 4007 2119 4047 non
2172 4000 2353 4062 potest
2396 3990 2664 4052 exscindi,
2710 3998 2763 4043 et
2812 3989 3011 4058 alioqui
3062 3988 3402 4052 immortalis,

1832 4102 1994 4158 quam
2038 4085 2190 4141 audit
2230 4081 2397 4147 Deus,
2430 4082 2523 4152 qui
2567 4082 2729 4137 etiam
2777 4094 2835 4135 se
2879 4094 3069 4135 vocem
3120 4078 3404 4149 sanguinis

1828 4179 1967 4233 dixit
2022 4176 2211 4231 audire
2272 4174 2597 4229 clamantem
2649 4188 2767 4227 eam
2825 4174 3076 4241 protinus
3142 4172 3403 4239 porrexit.

1828 4273 2001 4340 Quam
2032 4285 2157 4326 cum
2195 4267 2283 4323 ille
2325 4266 2501 4324 secari
2550 4266 2792 4331 iecisset,
2834 4280 2958 4321 eum
3008 4263 3307 4318 transmisit
3347 4265 3400 4318 in

1828 4379 2124 4424 carcerem.

134 4447 479 4511 άκούειΘεθις
528 4450 556 4501 ὁ
597 4448 687 4500 καὶ
734 4446 833 4516 τῆς
865 4447 1045 4517 φωνῆς
1095 4446 1189 4502 τοῦ
1240 4450 1471 4521 αἵματος
1526 4455 1689 4511 Ἂδελ
1746 4461 1957 4532 param;
2002 4457 2222 4512 ἀκούειν
2258 4453 2426 4508 εἰπών
2459 4471 2473 4485 ο
2525 4454 2730 4528 ταύτην
2771 4451 3014 4521 ἐκτεμὼν
3049 4451 3275 4515 ἐκεῖνος,
3324 4450 3401 4518 τῷ

131 4541 501 4611 δεσμωτηρίῳ
525 4540 710 4594 τοῦτον
738 4542 1110 4612 παρέπεμψεν.

214 4638 297 4694 H'.
339 4640 461 4692 Ἐπὶ
518 4638 573 4691 δὲ
616 4639 706 4690 τὶν
737 4637 1026 4693 θεσπέσιον
1098 4639 1437 4710 Ἀνδρόνικον
1485 4648 1724 4712 μεταόὰς
1758 4652 1803 4709 D

131 4736 232 4787 καὶ
268 4735 338 4800 τῇ
370 4732 536 4800 πείρα
585 4730 849 4793 πεισθεὶς,
885 4729 960 4794 ὡς
991 4731 1100 4785 πᾶν
1126 4723 1267 4796 εἶδος
1299 4733 1535 4803 βασάνου
1577 4738 1726 4809 αὑτῷ

131 4824 427 4897 ἄπρακτόν
446 4825 572 4877 ’ἐστι
615 4823 709 4877 καί⁸
743 4823 1029 4893 ἀνήνυτον,
1062 4824 1153 4878 ἐπὶ
1180 4824 1278 4895 τὴν
1312 4825 1529 4896 ἀπάτην
1566 4830 1723 4901 ἐτρά-

132 4936 240 4986 πη.
270 4916 365 4968 καὶ
394 4916 460 4986 δὴ
510 4916 644 4986 πρὸς
670 4916 831 4969 αὑτὸν
861 4918 987 4987 ἔφη,
1020 4917 1234 4988 Πρᾶξόν
1267 4934 1321 4970 τι
1349 4919 1596 4983 συνετὸν,
1629 4921 1726 4976 καὶ

132 5013 303 5065 θῦσον
330 5009 459 5080 πρίν
492 5025 542 5061 τι
571 5006 677 5061 τῶν
699 5009 1017 5077 ἀνηκέστων
1059 5009 1277 5066 παθεῖν.
1314 5010 1379 5064 Τί
1401 5010 1510 5080 γὰρ
1537 5013 1635 5066 καὶ
1674 5014 1723 5065 οἱ

132 5108 222 5160 σοὶ
283 5105 491 5174 ἑταῖροι
541 5102 639 5172 τῆς
682 5100 981 5164 ἐνστάσεως
1031 5101 1213 5155 αὐτῶν
1278 5100 1568 5156 ἀπώναντο
1627 5105 1724 5173 τῆς

135 5202 402 5271 ματαίας,
447 5199 545 5268 ὀψὲ
577 5199 667 5250 καὶ
701 5195 859 5265 μόγις
898 5198 1036 5261 μετὰ
1068 5196 1169 5259 τὰς
1201 5196 1399 5259 πολλὰς
1432 5196 1720 5266 βασάνους.

131 5296 276 5361 ὅπερ
310 5284 377 5359 ἦν
427 5288 708 5359 συμφέρον
754 5285 1183 5356 μεταμαθόντες,
1227 5288 1321 5341 καὶ
1374 5287 1500 5349 τοῦς
1564 5287 1723 5348 θεοὺς

134 5387 192 5439 θε
207 5380 620 5453 ραπιῦσαντεςς
654 5380 710 5433 '0
737 5378 793 5432 δὲ
816 5377 907 5430 τοῦ
926 5378 1164 5447 Χριστοῦ
1199 5380 1407 5449 μάρτυς
1435 5378 1569 5445 πρὸς
1595 5379 1725 5449 ταῦ-

133 5488 227 5534 τα,
264 5470 325 5524 Ei
358 5469 458 5538 μὲν
490 5469 611 5537 ἐμὲ,
649 5470 800 5537 φησὶ,
835 5469 1081 5533 ἔπεισας,
1118 5468 1402 5525 κάκείνους
1438 5471 1723 5521 matricem

134 5565 403 5617 πιστεύω.
449 5562 511 5615 El
558 5560 612 5613 δὲ
668 5561 897 5629 ἀπειθὴς
946 5560 1056 5627 ἐγὼ
1092 5560 1193 5628 (μὴ
1240 5562 1345 5631 γὰρ
1382 5560 1445 5612 ἄν
1481 5575 1609 5613 ποτε
1630 5565 1722 5614 ἐκ·

142 5654 341 5724 σταίην
397 5652 661 5717 ἐμαυτοῦ,
709 5653 843 5721 μηδὲ
884 5653 1029 5705 οὕτω
1084 5650 1381 5724 μανείην),
1430 5648 1531 5719 τὴν
1586 5654 1723 5723 ἐμὴν

137 5746 370 5815 γνώμην
410 5746 524 5822 ἔχω
566 5747 662 5817 τῆς
694 5745 917 5797 ἐκείνων
963 5743 1287 5805 εὐσταθείας
1318 5743 1594 5813 ἐνέχυρον.
1632 5738 1723 5807 Εἷς

136 5842 245 5913 γὰρ
276 5839 337 5890 ἐν
367 5839 537 5890 πᾶσιν
564 5840 591 5889 ὁ
637 5837 864 5908 εὐσεὸὴς
918 5838 1197 5915 λογισμὸς,
1244 5838 1365 5891 ἐπεὶ
1400 5834 1494 5888 καὶ
1526 5839 1721 5899 πάντες

136 5937 195 5988 ἰν
244 5937 418 6005 ἐσμεν
440 5932 503 5984 ἐν
560 5931 779 6003 Χριστῷ
833 5930 1035 6004 Ἰησοῦ.
1081 5930 1221 6003 Ιιρδς
1271 5929 1444 5988 ταῦτα
1484 5930 1647 5987 πάλιν
1693 5932 1719 5983 ὁ

1908 4646 2040 4701 VIII.
2078 4645 2212 4701 Cum
2258 4658 2384 4698 vero
2414 4643 2479 4697 ad
2514 4642 2757 4696 divinum
2792 4640 3093 4696 transiisset
3124 4642 3400 4698 Androni-

1828 4758 1975 4804 cum,
2034 4751 2090 4792 et
2137 4734 2469 4803 experientia
2526 4746 2847 4803 persuasum
2902 4731 3205 4793 habuisset,
3250 4735 3394 4802 quod

1828 4843 1989 4886 omne
2035 4840 2207 4896 genus
2267 4823 2521 4878 tormenti
2578 4830 2723 4877 esset
2772 4821 2918 4892 apud
2953 4835 3077 4876 eum
3127 4822 3396 4888 inelIicax,

1825 4931 2125 4974 conversus
2154 4923 2235 4968 est
2268 4913 2334 4967 ad
2361 4912 2765 4981 deceptionem,
2800 4921 2854 4966 et
2886 4912 2935 4966 ei
2969 4911 3144 4966 dixit:
3179 4911 3317 4969 Gere
3347 4925 3397 4969 te

1826 5007 1928 5062 hac
1954 5006 2009 5060 in
2044 5020 2101 5060 re
2130 5004 2427 5073 sapienter,
2457 5011 2513 5056 et
2545 5000 2811 5061 sacritica.
2840 5004 3159 5070 priusquam
3191 5004 3401 5073 gravis-

1826 5099 2049 5159 simum,
2096 5104 2152 5149 et
2198 5096 2283 5149 cui
2338 5094 2549 5147 nullum
2585 5092 2691 5147 erit
2750 5091 3069 5155 remedium,
3119 5094 3397 5164 quippiam

1827 5191 2073 5260 patiaris.
2111 5186 2249 5255 Quid
2280 5188 2424 5239 enim
2456 5185 2728 5241 commodi
2760 5197 3090 5255 acceperunt
3125 5188 3287 5243 amici
3320 5189 3394 5242 tui

1826 5298 1891 5337 es
1941 5297 2075 5335 vana
2127 5296 2225 5336 sua
2273 5278 2601 5339 constantia,
2657 5278 2749 5347 qui
2805 5276 3020 5331 tandem
3058 5289 3177 5347 post
3229 5278 3393 5332 multa

1829 5383 2093 5432 tormenta
2122 5371 2373 5426 conversi
2408 5370 2715 5426 didicerunt
2741 5369 2883 5440 quod
2918 5370 3017 5425 sibi
3049 5370 3391 5438 expediebat,

1826 5479 1879 5523 et
1907 5469 2031 5524 deos
2078 5463 2407 5519 coluerunt?
2434 5463 2511 5517 Ad
2549 5461 2662 5516 haec
2703 5473 2880 5517 autem
2918 5460 3117 5516 Christi
3152 5471 3390 5533 martyr:

1825 5559 1879 5617 Si
1931 5557 2059 5611 mihi
2108 5555 2350 5626 quidem,
2386 5553 2579 5622 inquit,
2618 5552 2957 5621 persuasisti,
3011 5553 3131 5607 illos
3177 5567 3395 5624 quoque

1824 5650 1988 5706 credo
2019 5649 2189 5703 fuisse
2237 5661 2545 5716 persuasus.
2603 5645 2694 5697 Siti
2727 5655 2908 5700 autem
2964 5662 3063 5716 ego
3117 5660 3223 5701 non
3273 5662 3390 5702 sum

1823 5757 2115 5813 persuasus
2150 5739 2311 5807 (absit
2366 5738 2509 5792 enim
2567 5748 2625 5792 ut
2671 5754 2770 5809 ego
2834 5753 3073 5806 unquam
3137 5741 3207 5794 ita
3246 5755 3275 5792 a
3311 5754 3391 5791 me

1822 5833 2103 5893 discedam
2136 5842 2188 5887 et
2218 5831 2353 5886 adeo
2386 5831 2650 5887 insaniam
2674 5833 2713 5902 ι)
2764 5832 2939 5888 habeo
2968 5847 3142 5886 meam
3172 5841 3391 5888 senten-

1826 5932 1951 5986 tiam
1986 5926 2180 5999 pignus
2224 5924 2437 5981 illorum
2489 5925 2828 5983 constantia.
2880 5923 2998 5983 Una
3028 5935 3109 5981 est
3140 5924 3285 5981 enim
3333 5925 3383 5978 in
