4136 6492
720 375 854 443 1079

1988 388 2267 452 MENSIS
2307 387 2665 451 OCTOBER.

3837 404 3966 471 1080

719 489 896 546 sisset,
923 501 1079 540 suum
1111 488 1329 557 quidem
1360 490 1596 546 refrenat
1624 493 1907 563 impetum,
1934 498 2166 566 procidit
2192 516 2284 555 au-

2398 519 2557 564 σασα,
2589 504 2680 556 καὶ
2712 503 2822 568 ὀξεῖ
2863 505 3047 576 δρόμῳ
3078 507 3187 569 τοῖς
3227 508 3462 578 μάρτυσι
3503 513 3962 580 προσπελάσασα,

721 584 826 630 tem
879 577 946 632 ad
998 579 1162 645 pedes
1213 591 1545 639 sanctorum.
1605 585 1884 644 Tarachus
1923 603 2103 645 autem
2157 609 2282 648 cum

720 681 960 725 sanctam
994 687 1210 726 manum
1247 678 1604 740 extendisset,
1638 689 1691 735 et
1730 683 1925 751 partim
1960 687 2174 755 quidem
2203 689 2286 758 pi-

721 761 809 825 lis,
843 762 1038 831 partim
1071 781 1201 821 vero
1250 780 1380 822 aure
1412 771 1883 839 apprehendisset,
1914 777 1979 831 ad
2013 794 2072 833 se
2103 781 2285 835 trahe-

720 851 830 906 bat.
853 853 945 906 llla
974 865 1150 908 autem
1183 871 1332 920 cum,
1355 859 1576 928 placidae
1599 865 1716 919 ovis
1745 865 1937 930 instar,
1962 874 2283 926 contrectari

722 958 830 999 non
863 947 1155 1013 renuisset,
1187 950 1252 1003 ad
1288 963 1492 1019 portam
1525 965 1708 1024 postea
1741 961 1997 1024 accurrit,
2030 972 2084 1017 et
2115 964 2286 1020 infixit

721 1035 914 1092 dentes
947 1038 1166 1102 tabulis,
1208 1050 1261 1095 et
1297 1058 1394 1111 per
1434 1046 1539 1100 vim
1586 1050 1883 1106 conabatur
1916 1057 2133 1122 egredi:
2187 1075 2286 1114 nec

722 1126 876 1196 prius
904 1129 1127 1196 dimisit,
1159 1148 1318 1202 quam
1345 1136 1635 1194 clamasset
1676 1144 1908 1212 populus
1935 1146 2132 1215 jubens
2166 1167 2284 1204 eam

723 1218 868 1274 foras
895 1221 1064 1276 exire.
1099 1221 1222 1278 Haec
1250 1235 1429 1281 autem
1455 1237 1509 1283 et
1543 1230 1626 1284 his
1660 1232 1852 1288 similia
1886 1251 2045 1291 nemo
2085 1241 2288 1307 putarit

723 1325 832 1365 non
865 1314 1158 1377 credenda.
1198 1317 1386 1386 legens
1435 1322 1741 1392 epistolam,
1776 1344 1936 1397 quam
1973 1332 2187 1401 scripsit
2222 1335 2288 1389 ad

725 1403 998 1461 Romanos
1029 1406 1250 1464 divinus
1282 1409 1543 1482 lgnatius.
1578 1417 1667 1471 Sic
1693 1419 1837 1473 enim
1871 1421 2073 1479 habet:
2105 1425 2290 1497 Meju-

724 1494 902 1549 verint
931 1496 1117 1553 bestia:
1147 1499 1281 1555 mihi
1324 1513 1525 1571 paratae
1569 1521 1702 1575 quas
1742 1511 1903 1564 etiam
1943 1521 2069 1582 OplO
2103 1517 2156 1570 in
2205 1494 2290 1574 me

724 1584 954 1640 inveniri
986 1599 1284 1659 promptas.
1334 1590 1541 1658 Quibus
1582 1600 1746 1653 etiam
1793 1601 2061 1668 blandiar,
2102 1617 2161 1661 ut
2207 1622 2291 1664 me

726 1678 961 1733 breviter
992 1680 1275 1737 devorent.
1330 1684 1484 1751 Quod
1534 1688 1580 1744 si
1611 1691 1772 1745 etiam
1821 1695 2013 1761 nolint,
2070 1714 2170 1770 ego
2212 1703 2292 1757 eis

724 1771 831 1825 vim
866 1772 1113 1830 aﬂ'eram.

795 1863 910 1920 Xll.
953 1865 1089 1922 Hinc
1120 1868 1383 1929 Maximus
1427 1875 1591 1931 animi
1623 1876 1845 1943 dubius,
1894 1883 2159 1953 planeque
2193 1901 2290 1939 ne-

725 1958 907 2012 sciens
951 1961 1078 2029 quid
1126 1975 1330 2034 ageret,
1367 1982 1489 2022 cum
1523 1971 1731 2026 videret
1775 1985 1992 2030 sanctos
2031 1964 2294 2049 martyres

729 2065 824 2116 per
853 2053 1034 2107 omnia
1074 2058 1446 2126 resplendere,
1485 2071 1538 2116 et
1570 2063 1756 2120 haberi
1808 2067 1860 2120 in
1909 2070 2290 2141 admiratione,

729 2158 824 2199 eos
851 2154 1022 2200 morte
1055 2150 1398 2206 condemnat.
1420 2154 1522 2220 Qui
1546 2171 1689 2223 cum,
1710 2168 1964 2229 tanquam
2001 2178 2113 2217 rem
2147 2166 2292 2220 desi-

727 2235 991 2300 deratam,
1037 2239 1176 2294 hanc
1225 2252 1520 2301 extremam
1576 2252 1910 2320 accepissent
1945 2257 2293 2322 sententiam,

732 2327 995 2382 truncatis
1026 2331 1314 2399 capitibus,
1343 2337 1587 2392 coronati
1638 2341 1874 2410 migrant
1901 2345 1966 2398 ad
1998 2362 2181 2401 veram
2213 2349 2261 2402 vi

732 2425 861 2483 tam,
893 2419 1106 2476 l'ruituri
1134 2427 1368 2495 praemiis
1397 2429 1834 2501 immortalitatis,
1868 2448 1922 2492 et
1951 2455 2036 2507 ea,
2073 2458 2191 2510 qua:
2213 2453 2296 2499 est

730 2508 864 2574 illic,
899 2510 1250 2570 beatitudine.
1286 2517 1392 2572 Sed
1416 2519 1630 2579 invidus
1652 2525 1894 2593 quidem,
1924 2541 1977 2583 et
2004 2508 2296 2590 sceleratus

724 2601 908 2668 judex,
955 2604 1113 2660 nobis
1152 2606 1402 2663 invidens
1443 2622 1756 2669 sanctorum
1831 2620 2108 2689 reliquias,
2141 2624 2297 2693 jubet

731 2706 959 2759 corpora
1002 2705 1295 2767 martyrum
1345 2701 1589 2770 profanis
1623 2708 1904 2764 admisceri
1952 2717 2294 2784 corporibus,

729 2798 849 2850 qua:
875 2784 1086 2840 fuerant
1123 2787 1401 2845 interfecta
1426 2809 1453 2844 a
1491 2795 1895 2866 gladiatoribus,
1930 2806 2114 2858 decem
2154 2807 2296 2860 mili-

731 2870 875 2926 tibus
906 2876 1188 2942 mandans,
1243 2889 1302 2933 ut
1346 2895 1407 2934 ea
1447 2896 1746 2940 servarent.
1812 2889 1954 2945 Deus
1993 2903 2170 2948 autem
2210 2910 2296 2950 re-

731 2976 849 3016 rum
883 2965 1304 3032 admirabilium,
1337 2974 1756 3034 convivantibus
1791 2984 2128 3050 custodibus,
2170 3005 2292 3043 cum

726 3054 837 3123 jam
874 3071 1060 3126 rogum
1093 3061 1488 3130 accendissent,
1533 3082 1723 3138 magna
1759 3073 1806 3124 vi
1843 3087 2066 3144 repente
2092 3081 2294 3136 caden-

2387 593 2596 662 χαλινοί
2627 595 2723 664 μὲν
2773 597 2970 665 ἑαυτὴν
3023 599 3128 668 τῆς
3175 599 3369 668 όρμῆις,
3424 600 3732 654 ῦποκύπτει
3773 603 3831 655 δὲ
3854 608 3966 666 τοῖς

2387 685 2494 736 τῶν
2517 687 2675 739 όσίων
2696 687 2838 743 ποσί.
2861 688 3111 758 Τάραχος
3133 679 3187 742 δὲ
3206 689 3303 761 τὴν
3327 690 3485 758 ἁγίαν
3509 692 3760 755 ἐκτείνας
3784 697 3964 763 χεῖρα,

2388 779 2480 828 καὶ
2511 777 2586 845 πῆ
2627 779 2722 845 μὲν
2755 779 2861 830 τῶν
2915 780 3142 850 τριχῶν,
3196 781 3272 850 πῆ
3316 780 3371 833 δὲ
3416 781 3509 834 τοῦ
3542 782 3683 844 ὠτὸς
3734 784 3955 852 ἐκείνης

2387 867 2820 938 λαμϐανόμενος,
2863 865 3009 922 εἷλκε
3049 870 3185 942 πρὸς
3217 872 3486 943 ἐαυτὺν,ἡ
3533 873 3591 926 δὲ
3645 875 3748 945 τὴν
3817 877 3966 944 ἁφὴν

2394 960 2617 1031 ἡμέρως
2663 961 2738 1024 ὡς
2795 962 3072 1032 πρόϐατον
3124 964 3551 1034 όποσεισαμένη,
3587 968 3681 1018 καὶ
3711 969 3780 1035 τῇ
3833 967 3967 1037 ϐόρα

2389 1056 2830 1124 προσδραμοῦσα,
2857 1059 2980 1118 τοῦς
3012 1057 3232 1119 ὀδόντας
3262 1061 3380 1121 ταῖς
3411 1059 3584 1112 σανίσι
3620 1061 3962 1129 προσέπηξε.

2389 1149 2498 1201 Καὶ
2529 1148 2764 1213 ἐξελθεῖν
2795 1149 3065 1214 ἐϐιάζετο,
3115 1153 3208 1204 καὶ
3247 1151 3347 1205 οὐκ
3374 1153 3574 1221 ἀνῆκεν
3610 1154 3718 1215 ἕως
3747 1155 3776 1205 ό
3803 1154 3969 1222 δῆμος

2389 1241 2493 1307 ἔξω
2525 1242 2780 1309 γενέσθαι
2810 1244 3008 1313 ταύτην
3035 1244 3250 1314 ἐσόησε.
3281 1245 3463 1298 Ταῦτα
3513 1246 3570 1298 δὲ
3621 1247 3818 1316 μηδεὶς
3845 1250 3967 1299 ἀπι-

2393 1333 2594 1386 στείτω
2636 1332 2729 1386 καὶ
2772 1335 2838 1386 τὰ
2869 1337 3081 1398 τούτοις
3113 1338 3293 1406 ὅμοια,
3335 1338 3430 1408 τὴν
3468 1339 3764 1409 ἐπιστολὴν
3785 1341 3970 1406 ἀναγι·

2391 1427 2636 1492 νώσκων,
2681 1428 2746 1498 ἢν
2777 1429 3054 1482 ἐπέστειλε
3118 1428 3408 1501 Ῥωμαίοις
3437 1433 3463 1483 ό
3499 1431 3770 1499 θεοφόρος
3813 1431 3970 1498 Ἰγνά-

2392 1536 2521 1581 τιος.
2557 1520 2708 1589 Ἔχει
2738 1521 2843 1588 γάρ
2871 1514 2971 1573 ὦδέ
3005 1538 3124 1583 πως
3163 1537 3175 1550 ·
3225 1521 3469 1591 Ὀναίνην
3491 1522 3599 1575 τῶν
3629 1522 3846 1591 Θηρίων
3869 1523 3972 1575 τῶν

2393 1613 2514 1681 ἐμοὶ
2536 1615 2788 1681 ἑτοίμων,
2813 1613 2847 1668 ἃ
2868 1613 2962 1667 καὶ
2985 1615 3240 1685 εὔχομαι,
3264 1615 3503 1686 σῦντομά
3528 1634 3618 1684 μοι
3637 1617 3961 1684 εὑρεθῆναι,

2393 1701 2429 1757 ἃ
2477 1706 2566 1758 καὶ
2611 1705 2888 1761 κολακεύω
2939 1706 3224 1776 συντόμως
3302 1724 3370 1777 με
3427 1709 3804 1776 καταφαγεῖν.
3855 1707 3972 1759 Κάν

2321 1833 2366 1890 Β
2396 1796 2533 1850 αὐτὰ
2567 1796 2641 1866 μὴ
2678 1795 2828 1867 οέλῃ,
2854 1795 2962 1865 ἐγὼ
2987 1797 3041 1850 δὲ
3072 1798 3495 1867 προσϐιάσομαι.

2462 1890 2563 1944 IB'.
2610 1889 2889 1942 Ἐντεῦθεν
2917 1892 3026 1951 τοῖς
3054 1889 3198 1950 ὅλοις
3225 1891 3252 1941 ὁ
3282 1891 3528 1959 Μάξιμος
3561 1893 3963 1962 ἐξαπορηθεὶς,

2394 1979 2487 2032 καὶ
2520 1977 2606 2030 διὰ
2634 1979 2848 2032 πάντων
2873 1977 3186 2046 λάμποντας
3215 1980 3305 2030 καὶ
3336 1979 3797 2048 Θαυμαζομένους
3833 1981 3970 2051 ὀρῶν

2393 2074 2516 2135 τοὺς
2546 2073 2854 2142 μάρτυρας,
2875 2071 2967 2122 τὸν
2997 2071 3086 2121 διὰ
3114 2070 3297 2139 ξίφους
3321 2072 3499 2124 αὐτῶν
3517 2073 3969 2141 καταψηφίζεται

2398 2163 2648 2216 Θάνατον.
2691 2161 2755 2214 Οἳ
2784 2160 2880 2214 καὶ
2928 2160 3120 2230 ὣσπερ
3149 2179 3198 2213 τι
3248 2163 3433 2232 χρῆμα
3466 2162 3838 2233 ποθούμενον,
3879 2166 3973 2234 τὴν

2398 2252 2719 2306 τελευταίαν
2763 2251 2976 2322 ταύτην
3021 2252 3206 2322 ψῆφον
3266 2253 3677 2323 ὑποδεξάμενοι,
3733 2258 3831 2308 καὶ
3879 2257 3975 2316 ti;

2397 2345 2635 2415 κεφαλὰς
2725 2345 3111 2416 ἐκτμηθέντες,
3190 2349 3580 2418 στετανηφόροι
3670 2349 3813 2417 πρὸς
3881 2347 3976 2416 τὴν

2397 2438 2573 2509 ἀληθῆ
2603 2437 2746 2509 ζωὴν
2775 2436 3188 2506 μεταϐαίνουσι,
3219 2437 3325 2489 τῶν
3370 2439 3467 2506 τῆς
3495 2438 3809 2497 ἀθανασίας
3844 2437 3975 2504 βρα-

2399 2529 2559 2581 ϐείων
2592 2528 2686 2581 καὶ
2736 2528 2833 2596 τῆς
2864 2526 3072 2579 ἐκεῖθεν
3113 2527 3511 2596 μακαριότητος
3542 2525 3974 2585 ἀπολαύσοντες.

2421 2620 2562 2673 Ἀλλ’
2595 2623 2621 2673 ό
2677 2621 2773 2689 μὲν
2827 2618 3098 2687 βάσκανος
3156 2619 3249 2668 καὶ
3310 2615 3650 2687 μιαρώτατος
3710 2617 3978 2685 δικαστὴς

2401 2712 2612 2781 φθονῶν
2651 2712 2780 2779 ἡμῖν
2813 2707 2920 2760 τῶν
2957 2708 3139 2775 ἁγίων
3175 2710 3461 2778 λειψάνων,
3493 2710 3560 2761 τὰ
3599 2708 3843 2778 σώματα
3876 2709 3977 2761 τῶν

2403 2803 2716 2874 μαρτύρων,
2757 2805 2867 2866 τοῖς
2903 2803 3052 2870 παρὰ
3110 2803 3220 2855 τῶν
3274 2802 3596 2870 μονομάχων
3632 2803 3975 2869 ἀναιρεϐεἶσι

2402 2895 2650 2966 βεϐήλοις
2710 2895 2957 2966 ἀνέμιξε,
3003 2895 3351 2964 στρατιωτῶν
3382 2895 3565 2946 δεκάδι
3601 2894 3974 2961 φυλάττεσθαι

2400 2987 2567 3041 ταῦτα
2595 2988 3006 3058 διαταξάμενος.
3051 2988 3112 3037 Ὀ
3166 2987 3222 3038 δὲ
3273 2987 3379 3036 τῶν
3433 2985 3760 3052 θαυμασίων
3818 2986 3971 3048 Θεὸς,

2400 3079 2507 3132 τῶν
2541 3080 2793 3146 φυλάκων
2841 3077 3232 3146 εὐωχουμένων
3265 3077 3357 3129 καὶ
3394 3076 3566 3146 πυρᾶν
3595 3075 3699 3145 ήδη
3739 3077 3976 3130 καυσάν-

731 3147 863 3201 tium
905 3148 1179 3214 imbrium,
1224 3163 1279 3206 et
1331 3157 1534 3225 ingenti
1572 3170 1899 3224 terraetnotu,
1932 3182 2118 3235 rogum
2171 3173 2293 3240 qui-

2399 3186 2528 3232 των,
2550 3169 2771 3240 ὖμῦρων
2803 3168 3060 3238 ἐξαπίνης
3086 3169 3248 3240 φορᾷ,
3281 3169 3372 3220 καὶ
3399 3167 3571 3236 κλόνῳ
3600 3169 3708 3236 γῇς
3749 3166 3977 3235 ἐξουσίῳ

730 3236 854 3304 dem
907 3239 1184 3304 exstinxit,
1233 3245 1486 3298 custodes
1533 3257 1713 3301 autem
1773 3253 1937 3307 vertit
1985 3255 2041 3308 in
2096 3236 2297 3328 fugam.

730 3328 978 3398 Cumque
1032 3345 1155 3386 cum
1178 3333 1299 3390 aliis
1349 3337 1602 3406 permista
1631 3351 1812 3397 essent
1845 3355 2151 3402 sanctorum
2179 3366 2300 3405 cor-

733 3435 883 3490 pora,
920 3428 974 3476 et
1009 3424 1393 3494 ignorarentur
1425 3441 1646 3498 propter
1673 3435 1951 3498 tenebras,
1983 3440 2136 3492 stella
2165 3443 2299 3493 luci-

730 3512 957 3568 dissima
1005 3531 1035 3569 e
1080 3517 1219 3571 emlo
1255 3527 1454 3573 terram
1485 3521 1784 3588 illustrans,
1838 3534 1891 3580 et
1942 3535 2093 3583 stans
2136 3545 2301 3601 super

734 3607 1157 3677 unumquodque
1207 3624 1426 3680 corpus,
1458 3614 1685 3681 praebuit
1720 3616 1894 3672 lucem
1932 3621 1996 3673 ad
2026 3637 2086 3675 ea
2128 3640 2300 3694 agno-

731 3698 951 3765 scenda,
995 3701 1140 3755 illam
1174 3700 1314 3756 forte
1341 3705 1550 3758 stellam
1586 3707 1823 3775 imitans,
1857 3727 1974 3781 quae
2005 3715 2056 3769 in
2091 3715 2295 3775 Christi

730 3800 852 3843 ortu
889 3792 1188 3846 secundum
1215 3809 1434 3851 carnem
1459 3795 1640 3868 Magos
1686 3815 1749 3855 ex
1787 3803 2003 3861 Perside
2032 3812 2296 3878 evocavit,

732 3888 787 3934 et
831 3881 1072 3938 deduxit.
1120 3884 1244 3940 Haec
1293 3897 1473 3941 autem
1519 3890 1661 3943 facta
1711 3905 1858 3960 sunt,
1913 3907 2042 3951 cum‘
2080 3903 2299 3965 quidam

735 3973 921 4028 ﬁdeles
949 3975 1005 4028 in
1039 3987 1219 4029 monte
1251 3977 1477 4047 genibus
1507 3978 1662 4035 ﬂexis
1696 3982 1988 4040 Dominum
2023 3991 2298 4062 supplices

735 4074 1008 4135 rogarent,
1041 4081 1110 4121 ne
1133 4067 1477 4136 privarentur
1511 4073 1656 4127 dono
1689 4085 1998 4132 sanctorum
2033 4084 2300 4140 membro-

737 4171 878 4218 rum,
911 4171 1031 4226 quae
1080 4169 1304 4227 propter
1337 4161 1456 4228 ejus
1502 4164 1726 4231 gloriam
1759 4179 1922 4234 supra
1956 4169 2170 4224 modum
2207 4173 2302 4227 de.

733 4257 1034 4304 certarunt.
1082 4249 1157 4303 Ea
1202 4265 1332 4306 vero
1381 4252 1777 4312 descendentes
1819 4261 2208 4318 sustulerunt:
2247 4276 2301 4321 et

733 4354 945 4396 summo
965 4342 1165 4408 studio,
1199 4354 1419 4412 propter
1466 4358 1668 4402 metum
1719 4354 1983 4420 praesidis,
2016 4355 2070 4408 in
2119 4367 2300 4411 monte

735 4428 788 4480 in
821 4438 970 4496 petra
1000 4445 1235 4486 concava
1261 4435 1640 4505 condiderunt,
1674 4439 2037 4511 glorificantes
2076 4447 2300 4501 sanctis-

732 4518 928 4576 simum
975 4539 1174 4579 nomen
1207 4525 1406 4582 Christi
1456 4529 1548 4584 Dei
1602 4533 1815 4588 nostri:
1864 4536 2122 4604 quoniam
2170 4555 2295 4594 eum

732 4611 890 4668 decet
919 4617 1093 4670 omnis
1140 4619 1308 4689 gloria
1335 4635 1456 4675 cum
1486 4621 1643 4677 Patre
1673 4625 1925 4695 principii
1967 4640 2206 4698 experte,
2240 4641 2299 4687 et

733 4713 920 4762 sancto
943 4705 1168 4778 Spiritu,
1194 4725 1336 4768 nunc
1353 4722 1406 4769 et
1428 4713 1480 4768 in
1511 4717 1705 4772 saecula
1734 4721 2076 4780 saeculorum.
2102 4725 2293 4780 Amen.

2337 4518 2438 4570 ὒν

2401 3261 2496 3332 τὴν
2535 3262 2632 3332 μὲν
2658 3261 2868 3326 ἔσϐεσε,
2903 3259 3028 3324 τοὺς
3058 3261 3115 3314 δὲ
3163 3261 3406 3330 φυγάδας
3444 3259 3721 3323 ἀπέδειξε,
3753 3261 3851 3311 καὶ
3874 3260 3977 3312 τῶν

2401 3354 2564 3405 ὁσίων
2612 3353 2882 3419 σωμάτων
2917 3353 3120 3419 ἀναμὶξ
3171 3358 3278 3416 τοῖς
3328 3355 3505 3414 ἄλλοις
3555 3354 3839 3420 κειμένων
3892 3356 3976 3404 καὶ

2401 3445 2782 3512 ἀγνοουμένων
2831 3443 2917 3496 διὰ
2967 3445 3025 3494 τὸ
3068 3445 3283 3508 σκότος,
3343 3445 3523 3513 ἀστὴρ
3576 3446 3888 3508 φανότατος
3921 3444 3977 3507 ἐξ

2402 3536 2630 3608 οὐρανοῦ
2693 3537 2963 3607 πρόσγεια
3006 3535 3262 3605 λάμπων,
3321 3536 3414 3588 καὶ
3459 3536 3543 3603 ἐφ’
3596 3535 3822 3604 ἑκάστῳ
3867 3534 3973 3586 τῶν

2405 3629 2673 3700 σωμάτων
2724 3629 3037 3699 ἱστάμενος,
3097 3629 3188 3682 τὸν
3257 3628 3568 3699 γνωρισμὸν
3626 3627 3972 3694 διεφὼτιζεν,

2402 3727 2610 3778 ἐκεῖνον
2653 3725 2793 3794 τάχα
2848 3723 2940 3776 τὸν
3008 3721 3575 3791 ἀστεραμιμούμενος,
3624 3718 3719 3770 τὸν
3770 3718 3863 3769 ἐπὶ
3911 3718 3974 3784 τῇ

2401 3817 2539 3870 κατὰ
2587 3817 2763 3887 σάρκα
2796 3816 2888 3869 τοῦ
2932 3814 3171 3884 Χριστοῦ
3207 3815 3459 3882 γεννήσει
3492 3814 3620 3872 τοὺς
3647 3811 3884 3878 Μάγους
3915 3812 3974 3862 ἐκ

2403 3909 2660 3976 Περσίδος
2683 3904 3127 3975 μετακαλέσαντά
3152 3920 3208 3956 τε
3258 3904 3352 3955 καὶ
3376 3903 3748 3972 ὁδηγήσειντα.
3791 3902 3975 3954 Ταῦτα

2399 4000 2454 4053 δὲ
2503 3998 2729 4067 ἐγίνετο,
2768 3998 2928 4051 τινῶν
2987 3997 3080 4050 ἐπὶ
3119 3995 3213 4048 τοῦ
3247 3996 3406 4066 ὅρους
3461 3994 3672 4046 πιστῶν
3704 3995 3790 4057 εἰς
3847 3997 3972 4060 γόνυ

2404 4090 2694 4144 κλιθέντων
2753 4090 2850 4144 καὶ
2902 4087 3257 4141 ἱκετευόντων
3309 4086 3399 4140 τὸν
3459 4086 3690 4155 Κύριον,
3752 4086 3831 4155 μὴ
3882 4084 3976 4152 τῆς

2401 4181 2612 4249 δωρεᾶς
2647 4181 2755 4231 τῶν
2806 4181 2977 4246 ἁγίων
3021 4179 3322 4247 ἀμοιρῆσαι
3358 4176 3560 4246 μελῶν,
3597 4177 3712 4228 τῶν
3757 4178 3861 4245 τῆς
3890 4174 3978 4227 σῦ-

2401 4270 2492 4323 τοῦ
2525 4270 2679 4340 δόξης
2708 4269 2897 4322 ἕνεκεν
2921 4269 3400 4337 ὑπερηοληκὸτων,
3435 4268 3470 4319 ἀ
3504 4270 3596 4320 καὶ
3627 4268 3974 4327 καταϐάντες

2401 4361 2690 4420 ἀνείλοντο,
2714 4357 2807 4410 καὶ
2831 4357 3032 4426 σπουδῇ
3059 4357 3224 4424 πολλῇ
3245 4356 3332 4409 διὰ
3356 4357 3446 4409 τόν
3470 4357 3564 4407 τοῦ
3587 4357 3869 4424 ἡγεμόνος
3892 4356 3982 4424 φό-

2405 4451 2496 4502 ϐον
2517 4450 2609 4501 ἐπὶ
2634 4449 2726 4501 τοῦ
2749 4449 2906 4519 ὄρους
2932 4450 2988 4502 ἐν
3024 4447 3200 4519 πέτρα
3222 4449 3378 4518 κοίλῃ
3411 4447 3801 4516 κατέκρυψαν,
3831 4442 3979 4511 δοξά-

2408 4545 2586 4609 ζοντες
2604 4545 2978 4614 τδὺπεράγιον
3020 4544 3195 4614 όνομα
3233 4540 3473 4615 Χριστοῦ
3499 4539 3595 4592 τοῦ
3632 4538 3777 4595 Θεοῦ
3801 4541 3978 4610 ἡμῶν,

2405 4638 2485 4690 ὅτι
2507 4637 2652 4705 αὐτῷ
2674 4637 2873 4706 πρέπει
2897 4639 3040 4688 πᾶσα
3063 4635 3192 4698 δόξα
3214 4637 3308 4688 σὺν
3326 4633 3401 4701 τῷ
3419 4632 3644 4701 ἀνάρχῳ
3670 4631 3862 4702 Πατρὶ
3891 4633 3980 4684 καὶ

2405 4727 2482 4796 τῷ
2540 4728 2678 4798 ἁγίῳ
2735 4726 3033 4794 Πνεῦματι,
3078 4725 3173 4778 νῦν
3208 4725 3300 4777 καὶ
3348 4725 3426 4786 εἰς
3458 4724 3581 4785 τοὺς
3623 4724 3843 4791 αἰῶνας
3878 4725 3980 4778 τῶν

2409 4820 2638 4875 αἰώνων.
2689 4820 2883 4890 Ἀμήν.
