4136 6502
196 460 322 524 1081

196 630 1306 658 ==:___._.______...__.__

1294 463 1469 522 VITA
1508 465 1567 524 S.
1610 463 1936 524 ANDRE/E
1981 465 2059 525 IN
2096 466 2325 527 CRlSl.

3306 469 3325 533 1
3339 469 3443 532 08‘2

2095 641 2378 649 —.—.———....—-
2384 641 2498 650 ——.—
2503 641 2521 648 .·
2525 640 3036 651 ——————.—..——.——.

2119 641 3400 673 -__..__.--___.____m.

496 812 751 965 DE
926 807 1086 964 Β.
1267 812 2033 970 ANDREA
2189 814 3119 971 CRETENSI

1483 1092 1719 1156 DICTO
1772 1093 1875 1154 IN
1915 1092 2158 1154 CRISI.

855 1258 996 1319 (Acta
1019 1259 1105 1308 SS.
1141 1260 1363 1310 Bolland.
1387 1262 1444 1310 ad
1468 1263 1598 1312 diem
1629 1261 1687 1311 20
1713 1263 1955 1320 Octobris,
1991 1261 2249 1312 tom.Vlll.
2277 1259 2551 1323 Bruxellis,
2593 1261 2750 1322 I855.)

298 1579 325 1651 §
354 1582 402 1634 I.
431 1578 618 1633 Sancti
645 1579 894 1632 memoria
919 1579 970 1631 in
996 1580 1175 1648 fastis,
1202 1578 1391 1634 Cultus
1411 1591 1460 1636 et
1480 1582 1634 1635 Acta.

187 1670 480 1727 I.Sanctus
511 1670 778 1736 Andreas,
817 1681 1021 1739 martyr
1065 1670 1404 1740 Cpolitanus,
1443 1673 1496 1725 in
1532 1673 1755 1728 Oriente

166 1765 462 1834 plurimum
498 1763 822 1828 celebratus,
860 1762 913 1815 in
944 1763 1199 1817 omnibus
1230 1779 1384 1833 paene
1413 1763 1615 1819 Graecis
1673 1765 1755 1819 fa-

163 1857 271 1911 stis
329 1873 469 1927 quos
511 1856 764 1917 vidimus,
795 1855 952 1909 modo
996 1865 1116 1926 post
1141 1855 1260 1926 ejus
1289 1858 1597 1926 passionem
1624 1872 1756 1912 con-

162 1948 359 2017 scripti
417 1947 643 2008 luerint,
712 1947 1001 2011 recolitur;
1036 1962 1136 2002 nec
1186 1948 1329 2016 apud
1386 1963 1479 2003 eas
1544 1956 1755 2003 tantum

163 2052 377 2112 gentes,
410 2059 530 2112 qua
563 2040 751 2098 Graeca
781 2043 961 2113 lingua
993 2043 1120 2098 olim
1146 2061 1256 2100 usae
1285 2054 1413 2100 sunt
1459 2057 1556 2100 aut
1589 2057 1755 2102 utun-

166 2145 273 2200 tur,
302 2137 396 2194 sed
442 2137 606 2191 etiam
643 2136 781 2203 apud
828 2134 1096 2200 Moschos,
1133 2138 1414 2193 Ruthenos
1444 2139 1753 2195 etMelchi-

161 2235 246 2279 tas
292 2225 686 2284 Antiochenos,
719 2223 1060 2278 Kalendariis
1109 2228 1498 2283 ecclesiasticis
1543 2230 1754 2284 adseri-

155 2325 288 2383 ptus
350 2326 454 2370 est.
511 2315 568 2369 In
623 2316 1020 2383 antiquissimis
1065 2327 1247 2372 autem
1306 2320 1612 2391 Eclogadiis
1653 2337 1752 2376 seu

156 2406 644 2478 Meuologiis,quaz
666 2409 944 2463 codicibus
976 2408 1108 2464 Novi
1144 2410 1483 2467 Testamenti
1518 2413 1744 2484 adigun-

156 2506 249 2551 tur
289 2507 346 2553 et
378 2501 520 2552 nuda
551 2501 770 2554 nomina
798 2498 1120 2554 Sanctorum
1163 2503 1421 2558 exhibent
1445 2520 1570 2558 cum
1607 2506 1750 2560 iudi-

153 2592 375 2646 catione
407 2592 704 2647 lectionum
749 2592 800 2645 in
843 2607 1030 2650 eorum
1082 2591 1221 2647 festo
1264 2594 1745 2662 insdtuendarum,

156 2680 214 2735 S.
244 2683 491 2736 Andreas
523 2685 574 2736 in
596 2682 734 2738 Crisi
770 2699 835 2738 eo
865 2684 982 2753 ipso
1017 2682 1104 2736 die
1130 2685 1508 2748 annuntiatur,
1546 2702 1654 2756 quo
1693 2688 1745 2741 in

147 2773 302 2828 Actis
334 2777 538 2828 nostris
563 2776 764 2830 obiisse
797 2775 990 2837 I'ertur,
1022 2791 1088 2829 xx
1118 2792 1310 2846 nempe
1340 2776 1612 2834 Octobris.
1641 2779 1750 2834 Hu-

149 2865 386 2935 iusmodi
445 2876 572 2920 sunt
626 2866 926 2936 MenoIOgia
966 2870 1354 2940 Hierosolymis
1405 2880 1457 2925 et
1511 2871 1740 2942 Calipoli

1791 1581 1840 1639 Α
1869 1580 1950 1634 vis
1982 1587 2370 1638 memorentur,
2417 1578 2595 1632 locum
2629 1586 2807 1632 tamen
2843 1577 2895 1631 in
2934 1577 3096 1632 modo
3136 1578 3313 1634 allatis
3345 1594 3439 1633 co-

1859 1672 2071 1726 dicibus
2096 1672 2238 1741 apud
2271 1669 2684 1739 Metaphrastem
2719 1686 2826 1724 non
2860 1670 3130 1725 obtinent.
3169 1671 3282 1736 Qua
3312 1688 3440 1726 vero

1856 1769 2016 1815 aatate
2065 1763 2182 1816 dies
2220 1763 2400 1817 cultus
2442 1762 2512 1815 ita
2564 1770 2804 1815 mutatus
2848 1765 2918 1815 sit
2951 1775 3058 1816 non
3114 1763 3252 1816 bene
3284 1761 3440 1815 nobis

1857 1863 2102 1919 constat;
2152 1856 2504 1910 collectiones
2553 1864 2732 1908 tamen
2787 1853 3218 1924 Metapbrasticae
3253 1853 3435 1908 saeculi

1859 1962 1955 2009 xm
1987 1954 2042 2000 et
2078 1961 2162 2000 xiv
2193 1947 2338 2000 diem
2373 1963 2459 2000 xix
2493 1947 2788 2009 retinuere,
2814 1956 2868 2000 et
2899 1946 3132 2016 primum
3166 1947 3283 2001 dies
3308 1961 3435 2012 xvu,

1859 2047 2120 2109 quantum
2174 2040 2228 2093 id
2274 2039 2485 2108 assequi
2537 2040 2830 2107 potuimus,
2866 2047 3092 2108 apparet
3152 2038 3207 2092 in
3250 2038 3438 2093 codice

1859 2132 2039 2184 tia-culi
2075 2147 2161 2194 xv,
2195 2131 2285 2199 qui
2311 2140 2488 2186 exstat
2519 2131 2573 2184 in
2609 2130 2943 2185 Bibliotheca
2985 2131 3227 2183 Parisiua
3263 2140 3316 2184 et
3361 2131 3439 2184 si-

1857 2231 2055 2291 gnatur
2092 2231 2148 2274 n°
2178 2222 2336 2276 l558.
2377 2222 2432 2274 In
2473 2222 2778 2292 Menologio
2809 2224 3012 2288 SirIeti,
3063 2225 3204 2293 quod
3239 2239 3439 2293 perpe-

1857 2329 1972 2368 ram
2007 2313 2204 2368 sa:culo
2229 2329 2280 2368 x1
2336 2323 2428 2367 aut
2452 2313 2522 2368 xit
2557 2315 2927 2382 conscriptum
2976 2329 3098 2369 esse
3142 2315 3438 2384 Basnagius

1854 2406 2074 2476 conjicit
2099 2407 2196 2474 (5),
2234 2405 2501 2475 siquidem
2552 2423 2697 2460 mera
2731 2407 3041 2476 eompilatio
3069 2415 3151 2461 est
3177 2423 3206 2460 a
3239 2405 3437 2461 Sirleto

1853 2512 1919 2550 ex
1983 2495 2200 2550 Menaeis
2264 2498 2480 2551 excusis
2537 2507 2630 2550 aut
2684 2500 3068 2568 manuscriptis
3127 2509 3437 2569 desumpta,

1851 2593 2179 2657 quandoque
2205 2604 2372 2658 opera
2415 2590 2548 2643 satis
2577 2589 2678 2642 levi
2716 2590 2810 2662 (6),
2846 2591 2990 2658 quod
3029 2591 3318 2645 Baronium
3358 2591 3437 2645 Ia-

1853 2681 2020 2735 tuisse
2052 2680 2270 2734 videtur
2299 2681 2396 2749 (7),
2431 2681 2483 2734 in
2538 2681 2641 2735 hoc
2679 2681 3000 2752 Menologio,
3040 2685 3283 2751 inquam,
3318 2684 3436 2739 dies

1850 2774 2039 2828 itidem
2073 2790 2180 2828 xm
2226 2775 2282 2828 S.
2320 2773 2550 2828 Andreae
2601 2776 2927 2846 assignatur.
2966 2776 3019 2828 In
3056 2776 3436 2846 Ephemeridi-

1849 2869 1952 2923 bus
1981 2869 2474 2938 Graeco-Moschis,
2523 2869 2574 2924 in
2613 2870 2832 2926 Tabulis
2875 2871 3240 2941 Cappouianis
3284 2885 3340 2928 et
3383 2874 3435 2929 in

149 2960 352 3013 saeculo
392 2958 606 3014 decimo
637 2959 964 3029 conscripta,
988 2962 1171 3028 judice
1223 2963 1357 3032 Aug.
1389 2963 1611 3030 Scholz,
1645 2964 1735 3034 qui
1772 2930 1817 2988 Β
1846 2961 2064 3016 Menais
2113 2964 2330 3017 excusis
2378 2973 2695 3017 constanter
2732 2965 2798 3021 ad
2846 2965 2986 3018 diem
3039 2982 3146 3020 xm
3199 2966 3436 3022 Sanctus

148 3067 209 3104 ea
244 3053 298 3106 in
329 3053 507 3108 lucem
546 3053 632 3108 edi
673 3054 884 3108 curavit
916 3056 1008 3122 (l),
1044 3054 1168 3109 dein
1199 3054 1562 3125 Menologium
1591 3056 1739 3127 aliud

148 3146 335 3199 szeculi
388 3163 461 3210 xu,
497 3146 640 3216 quod
675 3162 704 3201 a
739 3146 1114 3217 lllingharellio
1145 3151 1419 3217 vulgatum
1454 3157 1537 3204 est
1568 3151 1645 3220 (9.)
1685 3160 1740 3206 et

149 3237 418 3293 Sanctum
450 3250 697 3292 nostrum
734 3239 927 3294 iisdem
976 3242 1201 3295 omnino
1238 3244 1738 3317 verbisannuntiat

145 3346 212 3385 ac
271 3332 382 3384 duo
433 3331 840 3400 praecedentia:
893 3332 969 3401 Τῇ
1023 3333 1158 3402 αὐτῇ
1205 3334 1386 3404 ἡμέρᾳ
1433 3333 1528 3386 τοῦ
1574 3336 1733 3401 ἁγίου

142 3425 553 3494 ὀσιομάρτυρος
600 3423 855 3495 Ἀνδρέου
909 3425 1006 3496 τῆς
1062 3425 1344 3496 Κρίσεωςς
1402 3426 1596 3481 eadem
1645 3427 1735 3482 die

144 3518 236 3586 (xx
270 3517 542 3582 Octobris)
617 3516 788 3572 sancti
837 3517 1089 3572 monachi
1153 3519 1298 3584 (nam
1348 3519 1497 3582 ὅσιος
1540 3534 1734 3573 mona-

141 3611 306 3664 chum
352 3609 622 3680 designat)
671 3618 726 3664 et
788 3609 1040 3678 martyris
1082 3610 1312 3664 Andreae
1348 3625 1381 3663 ι
1425 3611 1590 3666 Crisi.
1650 3612 1732 3666 Ad

141 3703 400 3757 eumdem
427 3701 571 3754 diem
599 3715 663 3752 xx
704 3714 829 3752 eum
861 3699 1112 3754 similiter
1134 3700 1381 3756 referunt
1407 3701 1606 3757 Menam
1639 3719 1735 3758 ve-

143 3804 464 3862 tusta,qu:e
528 3791 816 3848 Mediolani
868 3792 923 3846 in
971 3792 1304 3849 Bibliotheca
1349 3795 1728 3861 Ambrosiana,

142 3889 194 3940 in
233 3887 564 3940 Taurinensi
600 3887 762 3940 etiam
795 3892 850 3938 et
897 3883 1139 3938 Parisina
1174 3894 1550 3949 asservantur,
1581 3896 1636 3940 et
1665 3903 1731 3941 ex

139 3981 348 4048 quibus
376 3979 505 4033 olim
543 3976 903 4053 llagiographi
953 3977 1379 4046 Antverpienses
1420 3977 1587 4032 multa
1633 3977 1730 4049 Sy-

139 4072 410 4132 naxaria,
471 4085 569 4124 seu
630 4068 872 4123 Vitarum
934 4071 1255 4140 compendia
1320 4083 1726 4140 excerpserunt.

136 4166 401 4220 Attamen
429 4178 554 4218 cum
586 4162 773 4218 eadem
805 4161 892 4215 die
935 4178 1000 4214 xx
1035 4161 1285 4216 Octobris
1338 4164 1600 4216 memoria
1633 4163 1729 4218 iic-

1848 3063 2032 3106 noster
2106 3052 2367 3118 refertur,
2437 3055 2582 3109 unde
2654 3056 2817 3109 etiam
2878 3057 2942 3110 ad
2992 3055 3434 3131 Martyrologium

1846 3141 2154 3198 Romanum
2206 3160 2272 3201 eo
2326 3146 2413 3200 die
2463 3147 2768 3200 devenerit.
2834 3147 2892 3200 In
2967 3147 3190 3202 Tabulis
3254 3150 3436 3219 itaque

1841 3237 2233 3304 Capponiauis,
2275 3237 2362 3291 ubi
2396 3236 2451 3290 S.
2499 3241 2743 3299 Andreas
2783 3231 2962 3293 loculo
3012 3240 3172 3294 tertio
3228 3242 3434 3298 mensis

1842 3325 2090 3380 Octobris
2140 3327 2364 3382 ultimus
2417 3329 2594 3399 prodit
2647 3329 2745 3400 (8),
2791 3331 2892 3384 sub
2947 3332 3130 3386 habitu
3180 3336 3433 3390 monachi

1842 3428 2150 3488 comparet,
2182 3419 2427 3488 itemque
2477 3423 2529 3474 in
2566 3421 3031 3491 Papebrochianis
3073 3441 3088 3490 ;
3122 3441 3432 3495 quanquam

1842 3513 1988 3568 enim
2035 3514 2186 3568 stolae
2228 3513 2468 3584 speciem
2515 3513 2738 3569 habete
2772 3515 2912 3568 collo
2945 3516 3293 3596 pendentem,
3323 3533 3431 3572 non

1842 3605 1964 3658 ideo
1994 3621 2117 3660 cum
2161 3607 2464 3662 Assemano
2495 3619 2552 3661 ut
2583 3609 2964 3679 presbyterum
3015 3623 3138 3662 eum
3172 3610 3443 3685 vestitum.

1839 3696 2107 3762 dicemus,
2137 3712 2260 3752 cum
2295 3713 2488 3754 omnes
2526 3701 2771 3753 monachi
2806 3709 2859 3753 et
2900 3701 3228 3756 eremitaeita
3261 3702 3431 3772 prod-

1840 3798 1988 3853 eant,
2031 3801 2088 3844 et
2147 3791 2391 3859 quidem.
2453 3804 2510 3848 ut
2556 3791 2612 3846 S.
2648 3792 2911 3857 Andreas,
2947 3794 3168 3849 dextera
3203 3795 3431 3850 benedi-

1839 3896 1964 3935 cere
1993 3882 2303 3935 videantur.
2339 3887 2464 3937 Haec
2512 3885 2771 3938 distincte
2815 3887 2960 3942 cerni
3013 3898 3239 3954 possunt
3284 3890 3427 3958 apud

1842 3969 2269 4041 Papebrocbium
2288 3972 2386 4042 (9),
2419 3974 2508 4043 qui
2544 3975 2807 4044 imagines
2831 3977 3118 4047 diligenter
3141 3981 3236 4033 :eri
3261 3981 3426 4036 incidi

1838 4065 2047 4118 curavit
2079 4073 2135 4120 et
2157 4065 2224 4119 de
2252 4080 2439 4118 eorum
2469 4068 2680 4137 origine
2711 4078 2766 4123 et
2797 4085 2896 4123 usu
2923 4070 3182 4128 nonnulla
3209 4073 3422 4128 curiosa

1837 4156 2094 4225 praefatus
2122 4166 2237 4222 est;
2267 4172 2456 4210 verum
2486 4158 2851 4228 Capponiante
2881 4163 3148 4231 imagines
3184 4173 3288 4216 tam
3321 4179 3423 4218 ne-

139 4268 225 4312 ret
255 4257 485 4311 alterius
525 4257 670 4325 apud
718 4255 935 4311 Griecos
964 4255 1198 4310 maxime
1237 4255 1493 4312 celebrati
1530 4267 1730 4328 marty-
1760 4290 1802 4350 ο
1837 4248 2102 4318 ειῖεθηῑετ
2131 4264 2275 4304 caste
2306 4262 2434 4305 sunt
2471 4263 2530 4307 ut
2557 4269 2644 4306 vss
2671 4252 2966 4323 quidquam
2993 4254 3046 4312 in
3089 4255 3154 4309 iis
3186 4256 3418 4310 discerni

137 4349 220 4403 ris
273 4362 474 4417 nempe
530 4348 755 4401 Artemii
801 4348 977 4415 ducis,
1044 4348 1209 4419 coepit
1254 4348 1451 4403 festum
1506 4348 1564 4403 S.
1613 4351 1727 4403 An-

137 4441 288 4497 dreae
325 4438 612 4494 transferri
649 4439 714 4492 ad
747 4455 857 4502 six,
890 4455 999 4507 quo
1049 4441 1138 4494 die
1170 4442 1406 4496 occurrit
1440 4441 1494 4494 in
1546 4443 1725 4496 omni-

136 4533 247 4588 bus
297 4531 541 4602 antiquis
588 4531 998 4601 exemplaribus
1041 4533 1379 4586 collectionis
1425 4533 1731 4602 Metaphra-

136 4625 312 4681 stiem.
347 4624 402 4678 ld
449 4622 800 4677 manifestum
844 4632 926 4677 est
973 4639 1036 4678 ex
1086 4622 1434 4678 Bibliotheca:
1469 4613 1728 4678 Parisios:

1837 4343 2028 4412 possit.
2057 4340 2243 4411 Neque
2293 4354 2470 4396 tamen
2523 4355 2809 4412 propterea
2857 4346 2898 4398 is
2935 4347 3052 4399 illas
3085 4363 3112 4399 a
3157 4349 3314 4402 nobis
3365 4349 3418 4402 in

1837 4435 2093 4488 omnibus
2129 4435 2369 4504 μικροηί
2412 4435 2680 4504 quispiam
2713 4436 3011 4502 existimet,
3049 4453 3174 4493 cum
3200 4455 3417 4500 errores

1837 4528 1976 4582 bene
2015 4528 2216 4581 multos
2265 4527 2314 4580 in
2369 4529 2483 4582 suis
2517 4528 2741 4584 Tabulis
2782 4530 3209 4600 deprehenderit
3243 4534 3418 4604 Pape-

1840 4621 2117 4685 brochius,
2157 4620 2247 4675 ubi
2286 4620 2650 4690 Capponianae
2686 4632 2944 4676 accurate
2975 4639 3074 4677 sua
3104 4624 3392 4693 proferunt

134 4718 427 4774 codicibus
459 4716 597 4769 bene
631 4714 815 4771 multis
847 4718 945 4786 (5),
971 4733 1036 4774 ex
1076 4718 1264 4773 codice
1291 4716 1550 4773 historico
1588 4717 1648 4770 17
1673 4725 1729 4773 et
1825 4712 2028 4768 lterum
2084 4714 2264 4781 prodit
2317 4713 2373 4766 S.
2413 4713 2659 4767 Andreas
2707 4712 2758 4765 in
2808 4712 3067 4784 diptycho
3124 4715 3414 4782 Cpolitano

138 4809 210 4861 18
241 4808 593 4862 Bibliotheca
624 4808 1066 4865 Vindobonensis
1087 4811 1160 4880 (4)
1197 4823 1252 4864 et
1276 4810 1559 4880 permultis
1585 4811 1724 4876 aliis,

134 4911 207 4949 ex
243 4895 590 4966 Syuaxarista
627 4896 860 4967 denique
893 4897 1166 4953 Sirmondi
1203 4901 1579 4970 nostri,quem
1608 4899 1726 4954 Bol-

1826 4806 1971 4875 quod
2018 4805 2422 4873 Papebrochius
2458 4805 2918 4873 Ephemeridibus
2944 4807 3060 4859 suis
3092 4807 3326 4875 subjecit
3359 4817 3414 4862 et

1823 4897 1916 4951 aeri
1955 4895 2116 4952 incidi
2154 4898 2280 4952 item
2310 4897 2549 4959 curavit;
2589 4896 2660 4951 ibi
2695 4906 2877 4952 autem
2903 4913 3025 4953 cum
3064 4898 3252 4954 Sancti
3287 4909 3410 4953 tan-

137 4989 382 5042 Iandiani
433 4988 565 5042 socii
613 5003 677 5043 ex
713 4989 938 5060 collegio
966 4989 1390 5048 Claromontauo
1434 4993 1723 5048 Parisiensi
1823 4999 1935 5045 tum
1964 4991 2318 5061 quadraginta
2337 4990 2490 5060 Cpoli
2520 4989 2850 5044 celebriores
2867 5001 3280 5054 recenseantur,
3308 5006 3407 5060 pa-

134 5081 270 5136 olim
303 5079 725 5136 esseribendum
754 5093 1104 5152 acceperunt.

211 5172 264 5226 22.
309 5171 416 5225 Sed
455 5173 569 5227 haec
617 5173 843 5226 mutatio
886 5190 992 5228 non
1022 5175 1278 5244 perstitit,
1317 5184 1371 5228 et
1423 5176 1614 5230 iterum
1662 5176 1716 5231 S.

134 5264 389 5317 Andreas
432 5262 497 5316 ad
555 5279 661 5316 xvu
705 5260 952 5317 Octobris
1002 5266 1295 5319 translatus
1341 5273 1444 5326 est,
1477 5281 1584 5334 quo
1633 5265 1719 5320 die

134 5353 309 5411 Oseas
347 5353 608 5424 propheta
641 5365 696 5410 et
722 5355 821 5409 SS.
853 5354 1077 5412 Cosmus
1112 5366 1166 5410 et
1217 5357 1508 5411 Damianus
1532 5373 1721 5426 quam-

1831 5092 1906 5137 tet
1949 5092 2152 5152 quanto
2201 5085 2405 5138 honore
2463 5093 2755 5153 martyrem
2811 5079 2960 5135 illum
3010 5081 3184 5138 (ἐπ’ωεὶ
3219 5099 3409 5153 prose-

1829 5185 2084 5245 quantur.
2111 5177 2374 5230 Praeterea
2408 5177 2460 5229 in
2499 5175 2810 5245 Synaxariis
2845 5172 2974 5228 Mss.
3006 5174 3325 5232 Ruthenicis
3352 5182 3407 5229 et

1831 5268 2063 5323 Moschis
2095 5286 2214 5337 qua:
2242 5269 2299 5323 P.
2333 5268 2494 5323 David
2529 5268 2586 5321 S.
2611 5267 2662 5324 ι.
2691 5283 2836 5322 anno
2873 5266 3007 5322 I688
3039 5278 3093 5321 et
3118 5267 3315 5322 Comes
3335 5267 3403 5322 de

1829 5359 2198 5430 Sparwenl‘eld
2227 5376 2372 5414 anno
2419 5359 2553 5413 I7I2
2587 5360 2654 5413 ad
2700 5357 3112 5429 Hagiographos
3147 5357 3402 5413 transmi-

205 5537 293 5642 (Ι)
332 5535 404 5590 De
437 5531 758 5605 Menologiis
784 5536 1013 5589 duorum
1045 5536 1289 5590 codicum
1318 5536 1491 5591 Graec.
1526 5536 1723 5591 Bonna:
1760 5542 1801 5596 ῐ)
1828 5535 2020 5621 556_et
2048 5552 2198 5620 seqq.

137 5606 302 5660 18-5.
343 5621 396 5660 ι).
428 5607 480 5660 8.
1905 5612 1979 5660 (οι
2008 5606 2190 5660 Lectio

204 5621 549 5743 fs’cpddiees
577 5674 894 5736 Naniorum,
935 5691 984 5744 p.
1015 5675 1137 5730 569.

208 5747 287 5815 (5)
328 5743 500 5800 Catal.
545 5746 718 5800 Codd.
766 5744 890 5799 Mss.
941 5748 1077 5801 Bibl.
1115 5745 1308 5810 Paris.,
1343 5755 1378 5799 t.
1432 5747 1502 5812 ll,
1540 5747 1710 5802 Codd.

136 5819 301 5876 I180.
343 5816 496 5881 1484,
533 5817 684 5880 1495,
713 5824 817 5871 etc.

205 5888 286 5957 (ι)
328 5885 668 5952 Lambecius,
700 5887 1105 5957 Commentan,
1138 5898 1268 5957 etc.,
1323 5901 1356 5944 t.
1394 5887 1543 5957 VIII,
1576 5891 1708 5947 Cod.

1905 5609 1979 5680 (5)
2008 5604 2293 5680 [motiones
2323 5607 2587 5680 antiq.,‘t.
2627 5605 2714 5671 lll,
2750 5616 2886 5676 part.
2926 5622 2961 5670 ι,
2995 5621 3046 5676 p.
3084 5604 3205 5659 480.

1898 5677 1972 5746 (si
2006 5677 2068 5732 τ.
2109 5677 2170 5732 ιιι
2207 5679 2351 5738 Maii,
2395 5693 2443 5744 ρ.
2484 5677 2566 5729 so.

1897 5751 1971 5816 (7)
2011 5749 2143 5813 Ibid,
2177 5759 2228 5802 et
2262 5759 2298 5801 ι.
2338 5747 2375 5800 ll
2413 5747 2605 5808 Martii,
2643 5765 2694 5817 p.
2732 5748 2856 5810 609,
2889 5758 2994 5802 etc.
3107 5805 3117 5817 Δ

1896 5815 1969 5886 (8)
2003 5819 2286 5873 Kalendar.
2330 5819 2513 5874 Eccles
2543 5856 2556 5877 ,
2602 5815 2653 5872 ιζ
2679 5818 2735 5879 ν,
2775 5837 2825 5887 p.
2850 5819 2953 5871 216
2982 5826 3034 5872 et
3059 5815 3182 5872 504.

1895 5893 1972 5967 (9)
2010 5891 2069 5943 Τ.
2112 5890 2149 5955 l,
2197 5889 2338 5953 Maii,
2375 5906 2426 5958 p.
2465 5905 2604 5955 .\L\'I,
2644 5906 2702 5942 I..\
2739 5901 2867 5958 etp.
2897 5905 2952 5943 ιι.
