4136 6520
732 468 867 531 1083

1993 476 2275 536 MENSIS
2312 473 2680 536 OCTOBER.

3830 475 3951 537 1084

729 594 868 640 sere,
916 578 970 632 S.
1022 580 1269 637 Andreas
1324 582 1575 640 similiter
1627 602 1779 643 suam
1825 590 2296 645 annuntiationem
2328 591 2373 648 Α
2402 586 2718 642 Cretensem
2734 597 2977 642 nostrum
3006 584 3296 641 ostendere
3329 585 3561 639 conabor
3593 583 3869 653 inferius§
3906 601 3956 634 ιι.

728 673 958 736 obtinet,
984 675 1070 729 die
1100 676 1282 729 itidem
1322 693 1427 732 xvtt
1466 677 1740 735 Octobris.

795 766 848 818 5.
888 766 985 820 Hic
1020 770 1357 834 praetermitti
1405 786 1514 825 non
1545 772 1707 827 debet
1746 773 2097 845 Papebrocbii
2128 778 2302 832 Tabu-

727 858 806 912 las
854 874 1150 929 earumque
1189 862 1602 932 explicationes,
1635 868 1686 920 in
1733 868 2119 939 Supplemento
2155 871 2300 927 The-

728 950 872 1004 sauri
921 951 1141 1007 Goriani
1198 953 1580 1026 Diptychorum
1634 969 1912 1015 mutuatas
1948 978 2069 1017 esse
2118 965 2296 1030 modo,

728 1052 783 1094 ut
807 1043 1085 1097 lenissime
1114 1045 1481 1109 dicam,valde
1512 1051 1794 1118 singulari.
1819 1053 2099 1109 Passerius
2130 1056 2295 1120 enim,

725 1134 815 1200 qui
870 1135 1125 1202 praeclaro
1160 1137 1285 1191 huic
1330 1138 1477 1208 operi
1512 1151 1719 1209 partem
1770 1154 2016 1211 quartam
2050 1161 2107 1200 se
2154 1148 2300 1215 adje-

723 1226 867 1280 cisse
924 1237 1169 1291 testatur,
1216 1230 1291 1282 ait
1343 1245 1402 1285 se
1450 1231 1694 1300 Diptychi
1740 1234 2003 1299 Cpolitani
2050 1246 2296 1308 ectypum

724 1328 1072 1372 consecutum
1093 1321 1224 1389 (l0),
1255 1333 1304 1374 at
1328 1338 1448 1375 cum
1476 1339 1537 1377 ex
1562 1323 1912 1381 Bollandiano
1936 1344 2100 1396 opere
2121 1331 2295 1384 lumen

723 1418 1008 1475 quaereret,
1051 1414 1268 1466 nomina
1308 1416 1474 1469 multa
1516 1418 1842 1472 Sanctorum
1876 1422 2075 1474 omissa
2110 1437 2166 1474 se
2204 1424 2295 1475 ad-

722 1504 953 1555 vertisse
1009 1515 1303 1569 asseverat,
1340 1506 1440 1560 alia
1487 1509 1829 1577 perturbata,
1869 1510 2298 1569 Commentarios

725 1591 851 1644 item
886 1593 1035 1646 nullo
1069 1596 1257 1650 ordine
1293 1600 1654 1668 conscriptos,
1690 1600 1760 1653 ita
1792 1610 1849 1655 ut
1880 1618 1985 1655 non
2016 1603 2066 1656 in
2093 1604 2294 1669 lumen,

724 1683 818 1736 sed
857 1684 907 1736 in
953 1686 1237 1755 caliginem
1287 1688 1518 1753 irruens,
1556 1691 1669 1760 ipse
1702 1709 1797 1762 per
1828 1709 1886 1748 se
1919 1697 2095 1749 omnia
2132 1699 2297 1750 extri-

723 1790 848 1828 care
893 1776 1159 1832 debuerit.
1198 1780 1358 1849 Atqui
1407 1797 1473 1835 ex
1520 1783 1601 1836 his
1642 1785 1916 1849 omnibus,
1943 1804 2010 1842 ne
2042 1806 2144 1841 una
2184 1790 2298 1859 qui-

723 1865 845 1920 dem
889 1871 1122 1923 assertio
1182 1888 1306 1925 vero
1380 1874 1621 1942 proxima
1684 1888 1786 1938 est,
1844 1896 1942 1933 nec
1999 1883 2292 1951 quidquam

2404 680 2576 747 Atque
2604 678 2693 732 hic
2728 687 2938 732 tantum
2989 675 3188 730 notabo
3234 675 3345 729 lucc
3382 690 3572 744 pauca.
3618 674 3817 728 Passus
3848 676 3957 742 qui-

2403 770 2524 823 dem
2577 780 2659 824 est
2710 769 2766 824 S.
2804 769 3108 839 Stephanus
3140 784 3303 821 xxvttt
3352 768 3691 828 Novembris.
3721 769 3813 822 sed
3847 783 3957 821 cum

2402 862 2468 915 sit
2513 863 2820 932 przeeipuus
2878 859 3270 930 persecutionis
3329 860 3777 930 Copronymianae
3828 874 3959 911 mar-

2405 962 2503 1023 tyr,
2562 954 2626 1009 iis
2677 954 2868 1009 diebus
2919 954 3114 1022 quibus
3160 952 3247 1006 alii
3303 953 3544 1021 ejusdem
3582 953 3959 1020 persecutionis

2403 1056 2665 1115 martyres
2701 1046 3119 1105 annuntiantur,
3158 1060 3298 1114 saepe
3329 1046 3442 1113 ipse
3465 1045 3624 1097 simul
3674 1056 3957 1111 comparet.

2401 1135 2816 1207 Conjunguntur
2890 1138 3069 1205 itaque
3137 1136 3444 1204 frequenter
3508 1134 3562 1188 S.
3638 1133 3959 1201 Stephanus,

2401 1228 2455 1283 S.
2494 1229 2757 1289 Andreas,
2786 1230 2841 1284 S.
2876 1231 3068 1284 Petrus
3098 1240 3150 1283 et
3188 1230 3242 1281 S.
3273 1230 3468 1283 Paulus
3498 1232 3598 1282 sub
3635 1230 3963 1296 Copronymo

2404 1323 2573 1389 passi,
2607 1336 2915 1391 quanquam
2958 1319 3119 1375 simul
3146 1320 3209 1373 ad
3239 1321 3574 1389 martyrium,
3610 1330 3668 1373 ut
3697 1338 3760 1373 ex
3796 1324 3965 1390 singu-

2409 1411 2581 1465 lorum
2633 1412 2782 1465 Actis
2821 1422 2987 1482 patet.
3040 1428 3147 1465 non
3199 1422 3599 1480 processerunt.
3648 1412 3706 1464 In
3761 1412 3963 1464 Menaeis

2403 1504 2528 1558 Mss.
2562 1505 2935 1559 Ambrosianis
2977 1520 3072 1559 seu
3110 1504 3602 1559 Mediolanensibus
3648 1507 3702 1559 hi
3750 1518 3967 1574 quatuor

2400 1593 2497 1647 SS.
2544 1605 2806 1667 martyres
2855 1598 3014 1651 simul
3056 1597 3269 1653 colendi
3313 1598 3656 1661 assignantur
3695 1615 3762 1651 xx
3819 1601 3968 1652 Octo-

2402 1685 2547 1748 bris;
2574 1685 2698 1739 dein
2738 1686 2795 1741 S.
2829 1686 3058 1742 Andreae
3118 1689 3169 1741 in
3209 1688 3345 1742 Crisi
3384 1687 3773 1757 Synaxarium,
3808 1690 3857 1743 id
3900 1701 3970 1744 est

2402 1776 2582 1831 brevis
2610 1779 2732 1833 vita:
2776 1787 2828 1831 et
2866 1780 3134 1847 passionis
3164 1779 3384 1833 historia
3420 1779 3796 1848 subjungitur.
3840 1781 3969 1834 Idem

2401 1867 2453 1920 in
2489 1869 2609 1923 aliis
2639 1870 2858 1925 Menaeis
2898 1869 3027 1925 Mss.
3061 1880 3120 1924 ut
3164 1872 3215 1924 in
3262 1871 3447 1925 codice
3480 1872 3718 1939 quodam
3758 1869 3971 1925 Μηθτὶ-

720 1962 1033 2016 emendavit
1063 1963 1151 2020 ille
1183 1967 1420 2035 scriptor
1447 1979 1539 2022 aut
1565 1980 1795 2038 ectypon
1830 1985 2161 2028 consecutus
2190 1986 2290 2041 est,

2399 1976 2515 2014 meo
2565 1978 2670 2030 quo
2714 1979 2855 2032 saepe
2902 1964 3221 2017 decessores
3262 1965 3431 2017 nostri
3485 1965 3564 2017 usi
3617 1972 3774 2025 sunt,
3808 1966 3973 2019 videre

720 2052 813 2105 sed
847 2052 1047 2123 emgies
1094 2057 1561 2124 Papebrocbianas
1602 2071 1830 2115 conatus
1874 2064 2098 2126 referre,
2146 2081 2294 2120 erro-

721 2158 807 2198 res
836 2161 940 2199 nou
972 2146 1118 2202 leves
1148 2150 1384 2204 admisit.
1407 2151 1661 2206 Testatur
1690 2154 1834 2208 enim
1868 2155 2290 2225 Papebrochius,

718 2250 841 2290 cum
870 2244 1039 2290 totum
1074 2239 1371 2308 Diptychon
1413 2244 1604 2313 pagina
1637 2262 1833 2314 capere
1865 2263 1969 2299 non
2004 2258 2207 2317 posset,
2234 2267 2292 2303 se

717 2326 980 2382 artiﬁcem
1026 2346 1241 2398 rogasse
1278 2343 1334 2386 ut
1366 2334 1549 2388 icones
1581 2337 1672 2389 aeri
1709 2336 2078 2391 inciderentur
2104 2340 2293 2393 ordine

718 2420 910 2473 leviter
960 2422 1286 2489 immutato;
1320 2426 1412 2479 sed
1467 2442 1614 2489 eum,
1652 2427 2016 2495 postulatione
2048 2445 2156 2482 non
2194 2434 2293 2485 rite

719 2512 1019 2577 intellecta,
1058 2515 1359 2583 plusculum
1403 2534 1430 2569 a
1467 2532 1589 2571 vera
1642 2519 1887 2590 Diptyclii
1941 2522 2292 2592 dispositione

716 2602 1036 2671 aberrasse;
1076 2622 1233 2673 quam
1285 2617 1462 2659 tamen
1517 2608 1939 2675 Papebroehius,
1974 2613 2099 2665 dum
2155 2612 2287 2667 San-

715 2704 927 2753 ctorum
961 2697 1185 2750 nomina
1214 2699 1463 2762 (nitidius
1491 2701 1660 2753 multo
1696 2700 1747 2753 in
1786 2712 1976 2772 ectypo
2004 2720 2103 2758 suo
2129 2717 2288 2774 quam

718 2789 770 2846 in
817 2786 1055 2841 Goriano
1110 2789 1493 2856 supplemento
1549 2793 1817 2859 prolata),
1874 2794 2294 2851 Commentariis

714 2881 1030 2944 illustravit,
1068 2883 1134 2934 ad
1188 2883 1418 2950 rigorem
1475 2893 1694 2937 secutus
1739 2896 1821 2938 est
1858 2888 1991 2953 (ll).
2027 2885 2079 2940 Si
2133 2886 2293 2957 igitur

710 2980 945 3042 ectypon
978 2971 1254 3026 habuisset
1287 2973 1520 3042 scriptor
1569 2974 1678 3036 iile,
1718 2977 2011 3045 sculpturis
2045 2980 2290 3045 sphalma

714 3080 819 3117 non
850 3077 1037 3119 exaCte
1084 3066 1379 3129 retulisset,
1416 3083 1591 3134 neque
1624 3068 1712 3123 ubi
1744 3068 2145 3138 Papebrochius
2174 3071 2291 3126 Tri-

712 3156 895 3227 pfychi
927 3157 1127 3211 Moschi
1163 3172 1380 3225 capsam
1410 3161 1650 3223 rescidit,
1678 3162 1803 3227 quia
1827 3178 1944 3213 eam
1981 3163 2177 3216 iterum
2202 3181 2293 3232 pa-

712 3248 833 3317 gina
888 3264 992 3302 non
1047 3249 1319 3319 capiebat,
1361 3250 1447 3304 ille
1499 3251 1752 3307 similiter
1806 3253 2140 3318 rescidisset,
2188 3272 2289 3310 nec
2321 3280 2361 3333 ρ

710 3336 947 3406 denique
1004 3348 1109 3391 tam
1166 3354 1422 3397 accurate
1479 3344 1884 3400 Bollandianam
1935 3349 2163 3418 etligieni
2202 3350 2294 3404 de-

713 3427 1049 3497 scripsissiet,
1068 3441 1126 3484 ut
1152 3448 1219 3486 ne
1242 3434 1323 3486 vel
1346 3435 1620 3490 levissima
1647 3440 1932 3496 diversitas
1958 3442 2294 3510 deprehendi

715 3523 906 3589 possit.
956 3520 1064 3577 Sed
1119 3525 1525 3595 Papebroehius
1563 3541 1827 3583 mutatum
1880 3548 2001 3586 esse
2048 3535 2292 3588 ordinem

713 3613 992 3677 indicavit,
1037 3631 1103 3670 ac
1156 3619 1207 3670 in
1266 3618 1484 3671 iconnm
1534 3622 1852 3676 recensione
1903 3624 2075 3692 ipsius
2112 3638 2294 3689 proto—

712 3704 820 3775 typi
873 3717 1122 3761 servatus
1163 3717 1243 3763 est
1292 3711 1459 3774 ordo;
1494 3712 1583 3768 ille
1632 3731 1760 3768 vero
1798 3716 1991 3769 horum
2039 3729 2290 3773 neutrum

712 3797 860 3860 fecit,
887 3808 941 3853 et
986 3801 1114 3866 quia
1155 3802 1381 3869 singulis
1428 3805 1743 3858 nominibus
1785 3809 2291 3861 commentariolum

711 3900 1003 3944 annectere
1045 3892 1236 3955 voluit,
1269 3893 1355 3947 ubi
1391 3892 1875 3966 Hagiographicum
1912 3912 2158 3955 nostrum
2196 3904 2292 3956 du-

710 3998 828 4036 cem
881 3999 986 4036 non
1045 3985 1256 4051 habuit,
1284 4001 1500 4040 errores
1538 3990 1889 4056 gravissimos
1932 3992 2170 4047 admisit.
2217 3994 2289 4048 ita

712 4074 767 4126 S.
786 4073 1125 4141 Stephanum
1149 4074 1426 4129 Juniorem
1451 4077 1585 4146 (1‘2),
1611 4089 1897 4149 martyrem
1924 4083 2288 4147 notissimum,

715 4179 819 4217 non
855 4166 955 4217 sub
982 4156 1324 4236 Coli'ronytno
1361 4170 1454 4223 sed
1502 4171 1602 4224 sub
1634 4171 1812 4227 Leone
1858 4173 2040 4229 Isauro
2071 4192 2289 4246 passum

713 4252 972 4317 alIirmat,
1028 4256 1174 4324 quod
1245 4259 1653 4328 I’apebrocliius
1711 4268 1955 4333 profecto
2014 4286 2289 4339 nunquam

711 4347 1039 4414 scripsisset.
1099 4349 1298 4403 Eodem
1358 4354 1518 4407 modo
1559 4358 1851 4424 procedere
1896 4360 2110 4414 videtur
2162 4364 2288 4417 dum

713 4437 1001 4510 Triptycha
1029 4440 1243 4496 Moscba
1276 4446 1549 4514 explanat,
1585 4450 1679 4503 sed
1715 4467 1821 4504 non
1875 4464 2029 4507 vacat
2061 4470 2173 4508 rem
2206 4455 2289 4509 di-

711 4533 961 4603 ligentius
1013 4535 1408 4606 indigareUS).
1441 4541 1549 4597 Nec
1599 4545 1887 4615 quisquam
1929 4548 2015 4603 hic
2061 4551 2285 4618 objiciat

2395 2060 2498 2103 est.
2527 2049 2878 2120 Synaxarium
2908 2062 3088 2105 autem
3124 2050 3538 2111 Mediol-mense,
3566 2057 3971 2120 quoniamnon-

2396 2144 2531 2197 nihil
2577 2144 2759 2198 dilTert
2788 2145 2854 2207 ab
2892 2143 2982 2196 illo
3013 2144 3157 2211 quod
3200 2144 3265 2198 ad
3316 2159 3422 2198 xvtt
3470 2143 3728 2197 Octobris
3768 2146 3821 2197 in
3876 2146 3972 2200 Me-

2397 2236 2526 2291 meis
2570 2236 2885 2305 vulgaribus
2928 2250 3188 2290 excusum
3237 2246 3341 2299 est,
3371 2246 3425 2290 et
3480 2237 3816 2291 mirabiliter
3864 2253 3971 2293 cuin

2397 2326 2545 2380 Actis
2586 2327 2787 2380 nostris
2826 2326 3097 2396 prioribus
3145 2336 3429 2388 consonat,
3462 2326 3534 2379 ita
3572 2336 3625 2380 ut
3666 2344 3735 2380 ex
3780 2328 3864 2382 his
3894 2330 3975 2382 de-

2396 2425 2671 2485 sumptum
2710 2416 2839 2471 illttd
2888 2418 3080 2471 merito
3132 2418 3427 2487 conjicias,‘
3461 2417 3548 2472 hic
3604 2417 3885 2485 integrum
3920 2434 3975 2473 es

2397 2507 2584 2562 codice
2619 2507 2719 2563 Ms.
2749 2508 3094 2577 proferimus.
3116 2507 3281 2562 Datur
3316 2524 3444 2561 vero
3476 2508 3643 2561 sicuti
3672 2519 3781 2568 est,
3804 2513 3977 2577 sphal-

2397 2600 2553 2653 matis
2581 2611 2629 2654 et
2662 2600 3023 2653 locutionibus
3066 2600 3376 2653 Graecorum
3406 2598 3609 2650 intimae
3641 2600 3824 2651 aetatis
3872 2600 3978 2651 ubi-

2395 2706 2498 2760 que
2520 2693 2761 2753 retentis,
2782 2693 2847 2747 de
2870 2693 3086 2759 quibus,
3119 2693 3160 2743 si
3185 2692 3350 2751 lubet,
3368 2690 3534 2758 aliqui
3565 2691 3738 2742 videri
3763 2701 3981 2758 possunt

2394 2784 2536 2851 apud
2565 2784 2643 2837 Cl.
2680 2785 2819 2837 Hase
2858 2784 2909 2835 in
2940 2784 3176 2836 editione
3208 2783 3401 2836 Leonis
3436 2782 3663 2836 Diaeoni
3694 2786 3810 2853 (Η)

2471 2897 2524 2950 5.
2559 2897 2700 2965 Μηνὶ
2761 2893 3046 2964 ὁκτωὸρίῳ
3073 2901 3119 2948 κ’
3145 2894 3253 2949 τῶν
3286 2895 3457 2961 ἁγίων
3502 2896 3795 2963 νεοφανῶν
3846 2913 3981 2965 μαρ-

2394 2980 2572 3058 τύρων
2638 2991 2942 3059 Στεφάνου,
3014 2989 3247 3050 Παύλου,
3286 2989 3491 3057 Πέτρου
3550 2988 3649 3038 καὶ
3708 2988 3978 3056 Ἀνδρέου,

2392 3084 2497 3135 τῶν
2531 3085 2619 3135 ἐπὶ
2653 3081 3029 3150 Κοπρωνύμου
3058 3081 3554 3149 μαρτυρησάντων.
3597 3071 3781 3141 Οὗτος
3812 3075 3982 3148 ’ἦνέπὶ

2396 3174 2802 3227 Κωνσταντίνου
2870 3172 2961 3225 τοῦ
2994 3170 3317 3223 καΰαλλίνου
3364 3173 3419 3223 ἓν
3461 3172 3699 3240 ἀσκήσει
3755 3172 3980 3239 διάγων,

2394 3267 2451 3317 ἐν
2481 3268 2545 3335 τῇ
2571 3269 2717 3335 νήσῳ
2739 3266 2949 3335 Κρήτῃ.
3017 3262 3257 3316 Ἀκούων
3288 3263 3341 3315 δὲ
3374 3263 3466 3315 τὸν
3496 3262 3769 3331 τύραννον
3809 3281 3979 3332 τιμω-

2400 3359 2647 3429 ρήσαντα
2692 3358 2817 3420 τοὺς
2869 3357 3207 3426 ὀροοδόξους,
3267 3357 3567 3409 ἀνέπλευσε
3630 3358 3774 3424 πρὸς
3824 3357 3977 3408 Κων-

2402 3449 2846 3503 σταντινούπο>.ιν
2905 3449 3141 3513 ἐλέγξων
3196 3448 3374 3509 αὑτὸν,
3433 3449 3527 3499 καὶ
3582 3448 3767 3517 εύρὼν
3822 3450 3982 3500 αὑτὸν

2399 3542 2572 3607 πέραν
2600 3543 2655 3591 ἐν
2681 3540 2775 3591 τοῦ
2802 3541 2956 3605 ἀγέου
2986 3538 3284 3597 Minium;
3307 3538 3587 3598 πα).ατόις
3624 3540 3984 3605 τιμωροῦντι

2396 3635 2523 3697 τοὺς
2556 3632 2628 3702 μὴ
2658 3633 3027 3702 ἀρνουμένους
3057 3628 3153 3691 τὰς
3191 3629 3339 3688 θείας
3387 3627 3629 3688 εἰκόνας,
3662 3628 3768 3697 ἔφη
3795 3643 3813 3659 ο
3842 3624 3987 3697 Ἀρι

2399 3726 2703 3793 χριστιανὸς
2736 3721 2806 3787 εἷ,
2868 3720 3122 3793 ﬁmi/.55;
3164 3721 3222 3774 ’0
3249 3720 3303 3772 δὲ
3331 3719 3466 3789 πρὸς
3506 3720 3674 3773 wits?
3744 3720 3870 3791 μετ’
3901 3721 3986 3789 op-

2396 3819 2496 3885 γῆς
2536 3815 2797 3885 στραφεὶς
2844 3815 3098 3868 ἐκέλευσε
3132 3814 3267 3884 πρὸς
3313 3814 3475 3866 αὐτὸν
3533 3812 3802 3877 ἄγεσθαι·
3844 3815 3894 3866 οἱ
3934 3814 3987 3865 δὲ

2392 3908 2498 3960 τῶν
2525 3907 2727 3977 τριχῶν
2769 3906 3040 3975 σύροντες,
3072 3904 3221 3958 ἄλλοι
3252 3905 3341 3955 τὸν
3363 3903 3529 3973 χοιτῶ
3545 3922 3601 3953 ια
3643 3903 3823 3973 ρηγνύ
3841 3922 3985 3969 ντες,

2394 3998 2487 4050 καὶ
2522 4001 2584 4050 ἐκ
2639 3999 2746 4050 τῶν
2776 3998 2999 4050 ὄπισθεν
3055 3998 3372 4057 τύπτοντες,
3418 3995 3619 4062 ἔσυρον
3656 3998 3750 4047 τὸν
3805 3998 3983 4063 ἆγιον,

2394 4082 2496 4138 καί
2528 4104 2662 4156 φησι
2691 4088 2826 4156 πρὸς
2875 4086 3036 4137 αὐτόν
3061 4101 3073 4114 ·
3136 4083 3319 4145 Οὕτως
3351 4083 3644 4154 ἐδιδάχθης
3680 4087 3983 4156 ἀτιμάζειν

2393 4178 2651 4249 βασιλέας
2692 4179 2747 4229 Ὀ
2788 4178 2845 4230 δέ
2879 4192 2891 4206 °
2921 4176 3108 4239 Οὐδεὶς
3132 4176 3437 4244 ἁμαρτάνει
3464 4175 3701 4243 βασιλέα
3733 4180 3983 4247 ἐλέγχων

2392 4271 2815 4339 παρανομοῦντα
2837 4287 2851 4304 ⁸
2874 4272 2901 4322 ὁ
2930 4270 2985 4323 δέ
3025 4286 3038 4301 ⁸
3072 4269 3210 4332 Τοὺς
3256 4266 3722 4339 παρανομοῦντας
3782 4274 3985 4340 μᾶλλον

2393 4362 2549 4429 ὑμεῖς
2587 4362 2908 4430 κολάζομεν,
2934 4363 3057 4423 τοὺς
3088 4363 3158 4424 ὡς
3182 4362 3335 4425 θεοὺς
3363 4365 3865 4431 προσερχομένους
3895 4368 3985 4415 καὶ

2391 4453 2753 4525 λατρεύοντας
2781 4456 2895 4516 ταῖς
2927 4454 3149 4506 εἰκόσινο
3180 4455 3302 4507 eae
3344 4455 3617 4521 ’Λγνοείς,
3650 4450 3697 4508 ᾧ
3731 4456 3982 4527 βασιλεῦ,

2392 4549 2444 4599 τί
2474 4549 2571 4616 μὲν
2595 4547 2654 4599 τὺ
2682 4547 2946 4617 σχετικῶς
2978 4548 3323 4615 προσκυνεῖν,
3346 4545 3469 4596 τίδὲ
3491 4544 3549 4595 τὸ
3575 4545 3981 4614 ὶατρευτικῶς,

712 4626 763 4678 in
805 4625 1098 4681 editionem
1143 4630 1399 4685 Venetam
1432 4613 1765 4693 Bollandiani
1802 4639 1999 4708 Operis
2032 4613 2284 4709 praedicta

2407 4613 2548 4692 'Ooi:
2578 4638 2853 4691 τείνεσοαι
2901 4638 3092 4690 τοῦτον
3124 4639 3181 4690 ἐν
3223 4636 3495 4705 μαστίγας
3525 4636 3818 4702 ἐκέλευσε,
3860 4642 3984 4708 μυ-

710 4720 1018 4786 gravamina
1050 4723 1251 4789 prolata
1306 4724 1489 4779 tuisse.
1524 4726 1655 4781 Nam
1710 4734 1886 4799 primo
1922 4733 2286 4801 Antverpien-

709 4822 820 4860 sem
848 4809 998 4871 citat,
1032 4811 1157 4865 dein
1183 4814 1237 4867 in
1269 4825 1501 4886 utraque
1523 4819 1759 4875 editione
1788 4822 1952 4877 iidem
1980 4833 2107 4878 sunt
2128 4824 2285 4878 Com-

709 4906 981 4967 mentarii,
1022 4921 1158 4972 quos
1205 4908 1249 4962 si
1302 4910 1571 4967 immerito
1618 4930 1847 4984 arguere
1897 4927 1951 4971 et
1992 4919 2282 4975 immutare

707 5013 874 5052 ausus
896 5006 1001 5062 est,
1034 4998 1089 5052 in
1113 5014 1179 5053 eo
1208 5000 1423 5070 dignam
1465 5008 1789 5075 arrOgantia:
1824 5025 2040 5079 pinnam
2075 5012 2195 5064 tulit
2229 5021 2285 5066 ut

707 5089 799 5144 tibi
841 5091 1194 5160 gravissimos
1248 5109 1467 5150 errores
1519 5112 1586 5151 ex
1647 5100 1857 5154 calamo
1907 5100 2157 5155 excidere
2213 5104 2284 5156 sit

708 5195 922 5249 passus.

774 5275 825 5328 4.
866 5273 1077 5329 Colitur
1116 5276 1174 5331 S.
1209 5276 1454 5331 Andreas
1499 5297 1606 5335 non
1638 5292 1844 5339 tantum
1874 5289 2141 5355 praedictis
2166 5294 2282 5347 dies

708 5366 828 5430 bus,
881 5382 1068 5422 verum
1115 5369 1276 5423 etiam
1326 5386 1487 5424 xxvtu
1532 5372 1851 5432 Novembris
1893 5394 2014 5434 cum
2061 5382 2116 5437 S.
2155 5385 2279 5440 Ste-

709 5456 887 5523 phano
912 5456 1155 5513 Juniore.
1192 5460 1466 5515 Andream
1496 5464 1663 5530 enim,
1700 5468 1789 5535 qui
1841 5470 1891 5522 in
1930 5471 2082 5527 fastis
2111 5478 2280 5531 sacris

710 5564 815 5602 Una
871 5565 995 5603 cum
1046 5550 1147 5603 hoc
1202 5552 1478 5618 Stephano
1514 5558 1709 5624 prodit,
1755 5562 2005 5617 eumdem
2052 5582 2170 5621 esse
2218 5586 2278 5621 ac

786 5688 894 5769 (ψ)
923 5687 1068 5769 (Ebrini
1106 5687 1417 5743 Thesaurus
1452 5701 1687 5769 veterum
1717 5697 2117 5769 diptychorum.
2153 5702 2277 5758 Flov

716 5760 899 5834 rentur:
928 5759 1082 5834 1759,
1112 5770 1255 5834 part.
1291 5762 1497 5834 “31).”!
1533 5772 1587 5814 et
1620 5778 1747 5834 seqq

783 5827 893 5888 (Il)
926 5829 1055 5881 Acta
1090 5829 1213 5888 88.,
1251 5840 1286 5881 t.
1316 5828 1332 5880 1
1367 5829 1503 5892 Maii,
1545 5848 1595 5897 p.
1629 5827 1797 5896 ι,ι,ἰι,
1833 5840 1885 5889 4,

787 5896 893 5957 (I2)
928 5897 1050 5947 an.
1086 5898 1200 5957 cit.,
1234 5912 1283 5965 p.
1319 5902 1367 5949 ὃ.

2394 4732 2602 4801 νεύροις
2622 4735 2763 4784 κατὰ
2792 4732 2884 4784 τοῦ
2902 4730 3057 4782 νότου
3096 4731 3191 4782 καὶ
3223 4727 3317 4781 τοῦ
3348 4728 3584 4796 στήθους
3622 4732 3979 4799 φραγελὶῶν·

2393 4819 2510 4875 εἶτα
2542 4822 2687 4873 λίθου
2715 4822 2774 4874 τὸ
2808 4822 2981 4890 στόμα
3037 4819 3338 4890 προσέταξε
3393 4819 3729 4877 τύπτεσθαι.
3792 4822 3879 4893 Τῇ
3932 4826 3983 4875 6':

2393 4912 2658 4982 ἐπαύριον
2687 4910 2955 4973 ἐκϐαλὼν,
2987 4909 3061 4972 ὼς
3088 4910 3188 4961 οὐκ
3222 4909 3442 4962 ἔπεισεν
3493 4912 3861 4982 ἀρνήσασοαι
3894 4917 3985 4967 τὸν

2392 5007 2627 5073 Χριστὸν
2662 5006 2756 5058 καὶ
2788 5004 2885 5067 τὰς
2920 5004 3084 5071 ἁγίας
3117 5003 3355 5063 εἰκόνας,
3406 5002 3585 5071 τύψας
3618 5006 3813 5072 πάλιν,
3844 5010 3985 5059 κατὰ

2393 5099 2635 5167 κεφαλῆς
2671 5096 2936 5167 σύρεσθαι
2976 5097 3164 5149 τοῦτον
3212 5093 3320 5147 τῶν
3346 5095 3524 5147 ποδῶν
3554 5097 3684 5159 τοὺς
3726 5102 3983 5166 σιοξνους

2392 5192 2706 5260 ἐξάψαντες,
2754 5192 2813 5242 ὲν
2849 5192 2913 5257 τῇ
2952 5188 3530 5242 Κωνσταντινουττῶει
3578 5188 3981 5259 Θεατρέξεσθιι

2392 5282 2747 5349 προστάσσει.
2784 5279 2846 5331 Oi
2882 5278 2939 5331 δὲ
2983 5278 3213 5346 τάχιστα
3252 5275 3723 5347 περανιωοέντες,
3760 5286 3863 5332 καὶ
3892 5282 3981 5330 τὸν

2392 5372 2547 5439 ἅγιον
2576 5376 2832 5444 σύροντες
2876 5371 3113 5423 ἔθαπτον
3144 5370 3241 5437 τὴν
3280 5369 3383 5435 γῆν
3412 5371 3530 5429 τοῖς
3569 5370 3810 5438 αἴμπσιν
3838 5388 3850 5399 ’
3910 5370 3983 5431 ὡς

2388 5464 2440 5515 δὲ
2470 5470 2545 5524 εἰς
2582 5469 2677 5534 τὴν
2710 5464 2801 5515 τοῦ
2833 5463 2961 5525 Bob;
2984 5464 3191 5531 ἀγορὰν
3243 5461 3618 5528 πεφθὰκασιν,
3666 5463 3837 5515 εἱδὼν
3880 5463 3979 5513 αὺ-

2388 5560 2514 5619 τούς
2554 5573 2633 5617 τις
2659 5556 2783 5623 ἄρτι
2818 5554 2948 5614 τους
2982 5553 3169 5621 ἰχθύος
3203 5554 3755 5622 ἀποφορτισάμενος,
3784 5554 3976 5621 rhoetum

2462 5692 2571 5755 (ιδ)
2600 5690 2757 5751 lhid.,
2800 5704 2852 5755 ι).
2893 5686 2975 5739 to.

2461 5753 2572 5826 (ll)
2608 5753 3081 5834 Leoni§_bipconi
3138 5753 3382 5809 Historiae
3433 5770 3480 5834 ε.
3519 5773 3744 5817 recens.
3803 5761 3868 5813 (Σ.
3922 5758 3979 5808 Β.

2396 5832 2553 5896 Hase,
2594 5832 2787 5883 Hennae
2814 5829 2969 5891 1898,
3013 5844 3061 5894 μ.
3102 5840 3219 5878 xxiv
3252 5836 3301 5879 et
3341 5829 3566 5894 passim.
