4136 6502
219 467 348 532 1085

1315 478 1490 537 νιΤΑ
1531 479 1587 541 S.
1635 477 1966 538 ANDRErE
2008 480 2088 539 IN
2134 481 2360 541 CRlSl.

3337 481 3466 545 1086

210 577 305 646 τὴν
353 579 536 632 αἰτίαν
569 579 936 652 τῆξβασὰνου
963 585 1057 638 καὶ
1085 585 1295 654 μαθὼν,
1320 587 1511 654 ἀξίνην
1549 588 1759 656 paratait-

1881 596 2105 656 quentcr
2155 597 2372 641 sanctos
2418 587 2617 650 varios,
2653 587 2741 654 qui
2799 586 2999 643 Sancto
3047 585 3322 656 praecipuo
3370 588 3462 642 tali

209 668 364 740 λικὴν
391 670 420 723 ὁ
451 672 636 738 ἄθλιος
664 676 943 745 ἁρπάσας,
996 678 1361 750 χαριζόμενος
1387 684 1500 744 τοῖς
1531 681 1620 734 τοῦ
1653 682 1773 734 δια-

211 761 367 815 ῦόλου
418 764 743 834 ὑπηρέταις,
772 767 1054 838 δρομαέως
1094 771 1312 842 ἔρχεται
1344 773 1438 826 καὶ
1467 772 1557 825 τὸν
1602 773 1776 838 δεξιὸν

209 851 346 904 πόδα
367 853 464 906 τοῦ
491 857 648 922 ἁγίου
678 859 943 928 ἀπέκοψε,
980 861 1075 913 καὶ
1110 863 1238 931 παρ’
1271 861 1434 914 αὐτοῦ
1465 865 1564 934 τὴν
1614 865 1776 930 ἁγίαν

209 947 376 1000 αὖτοῦ
432 951 527 1002 καὶ
576 951 852 1021 μακαρίαν
885 951 1064 1023 ψυχὴν
1114 955 1386 1026 παρέθετο
1437 956 1513 1026 τῷ
1566 958 1775 1027 Κυρξῳ.

209 1042 268 1090 Οἱ
307 1039 402 1092 οὖν
445 1043 723 1112 σύροντες,
747 1045 941 1114 νεκρδν
993 1047 1216 1110 ἰδόντες.
1259 1049 1332 1110 ὥς
1365 1065 1417 1100 τι
1455 1048 1776 1117 Θνηςῳαῖον

205 1132 261 1182 ἐν
292 1134 562 1205 κοπρώδει
591 1135 773 1206 χωρίῳ
798 1137 1127 1210 ἀπέρριψαν,
1146 1140 1344 1204 ’νυκτὸς
1363 1140 1416 1192 δὲ
1447 1142 1779 1194 καταλαὗοὺ-

208 1240 329 1291 013:.
358 1226 506 1286 τινὲς
533 1224 643 1278 τῶν
668 1227 970 1295 ὀρθοδὸξων
1001 1231 1254 1297 ἄραντες,
1282 1232 1491 1301 ἔθαψαν
1521 1234 1580 1284 ὲν
1625 1233 1776 1303 τόπῳ

205 1313 490 1386 λεγομένῳ
545 1316 641 1385 τῆς
688 1318 962 1386 Κρίσεως.
1021 1321 1144 1374 Ila’c
1179 1322 1344 1375 latine
1380 1339 1527 1376 uersa
1576 1325 1650 1377 sic
1694 1341 1781 1378 so-

205 1415 357 1459 nant.

267 1497 325 1551 6.
392 1497 486 1553 Die
528 1515 593 1553 xx
631 1501 879 1556 Octobris
913 1502 1172 1561 Memoria
1215 1509 1514 1562 recentium
1561 1514 1777 1564 sancto-

201 1604 321 1641 rum
372 1600 668 1661 martyrum
709 1593 992 1664 Stephani,
1038 1597 1206 1660 Pauli,
1256 1600 1397 1654 Petri
1448 1609 1501 1654 et
1552 1601 1779 1656 Andrea:

199 1680 289 1747 qui
321 1684 423 1734 sub
451 1682 797 1754 Cupronymo
829 1687 969 1755 passi
1012 1700 1156 1742 sunt.
1189 1721 1256 1731 -—
1289 1692 1339 1745 ls
1363 1693 1651 1760 (Andreas)
1678 1695 1778 1749 sub

198 1771 563 1827 Constantino
595 1775 898 1840 Caballino,
931 1781 1179 1834 ascetieaa
1211 1783 1332 1837 vitae
1362 1785 1608 1838 addictus
1636 1785 1778 1839 vive-

198 1861 289 1916 bat
323 1864 376 1917 in
409 1865 583 1919 insula
623 1867 802 1932 Creta,
839 1885 1074 1939 cumque
1103 1875 1346 1929 audisset
1380 1885 1665 1947 tyrannum
1687 1892 1776 1930 or-

199 1956 472 2012 thodoxos
526 1963 808 2016 tormentis
871 1965 1176 2034 exagitare,»
1213 1966 1362 2021 illum
1415 1969 1773 2040 redarguendi

194 2062 361 2101 causa
399 2050 926 2122 Constantinopolim
969 2059 1261 2128 navigavit.
1313 2060 1666 2116 Inveniteum
1696 2063 1777 2116 ul-

196 2148 276 2194 tra
319 2142 653 2208 (civitatem,
686 2147 720 2196 ἱ.
751 2161 795 2198 e.
827 2145 892 2198 ad
931 2157 1137 2214 partem
1191 2151 1605 2207 occidentalem.
1645 2154 1776 2209 Vide

195 2233 335 2287 intra
373 2251 526 2288 num.
561 2236 649 2304 50')
685 2237 734 2288 in
770 2236 975 2292 Palatio
1013 2241 1079 2294 ad
1115 2242 1172 2295 S.
1206 2242 1521 2314 Mamantis,
1548 2249 1778 2302 saevien-

195 2335 301 2378 tem
338 2328 391 2379 in
424 2342 520 2381 eos
551 2329 638 2397 qtti
667 2314 952 2384 sacrarum
1005 2333 1300 2403 imaginum
1331 2338 1537 2392 nollent
1569 2341 1776 2394 cultum

190 2418 449 2486 abjicere,
512 2435 744 2492 eumque
796 2426 1130 2493 compellans
1187 2445 1200 2480 :
1261 2428 1582 2496 Imperator,
1645 2443 1775 2486 tunc

190 2510 540 2568 Christianus
597 2530 680 2580 es,
713 2516 928 2586 inquit?
961 2517 1058 2571 Hic
1105 2534 1234 2573 vero
1281 2537 1402 2574 cum
1439 2522 1516 2576 ira
1549 2523 1614 2575 ad
1648 2539 1774 2575 eum

189 2615 510 2669 conversus,
562 2605 752 2661 adduci
798 2608 982 2676 jussit.
1034 2608 1170 2664 Tum
1233 2611 1322 2665 alii
1383 2612 1595 2680 capillis
1627 2612 1776 2666 abri-

188 2694 429 2764 pientes,
463 2697 550 2750 alii
589 2699 826 2755 tunicam
865 2702 1168 2760 lacerantes
1210 2713 1266 2760 et
1309 2721 1339 2760 a
1376 2716 1525 2777 tergo
1557 2707 1772 2762 caeden-

190 2795 291 2852 tes,
324 2786 584 2842 Sauctum
616 2793 920 2860 raptabant.
955 2796 1054 2850 Cui
1097 2807 1361 2870 tyrannus
1405 2818 1418 2856 :
1451 2800 1601 2857 ltauc
1645 2819 1777 2858 con-

190 2879 433 2933 tumeliis
457 2874 843 2951 imperatorem
868 2886 1079 2942 allicere
1110 2891 1338 2944 edoctus
1363 2894 1462 2946 es?
1487 2894 1581 2948 llle
1611 2911 1771 2950 vero:

187 2968 362 3024 Nemo
406 2972 693 3042 delinquit,
731 2977 1112 3046 imperatorem
1160 2997 1416 3053 arguens.
1469 2986 1591 3038 dttm
1625 2985 1776 3054 leges

187 3067 519 3121 contemnit.
569 3068 856 3138 Tyrannus
889 3073 1084 3128 iterum
1122 3094 1134 3130 :
1166 3075 1225 3130 ln
1262 3092 1357 3131 vos
1380 3077 1560 3146 potius
1594 3079 1772 3147 legum

187 3166 545 3224 corruptores
563 3161 1066 3227 animadvertimus,
1087 3171 1179 3231 qui
1207 3169 1360 3234 quasi
1387 3170 1487 3223 diis
1510 3170 1774 3232 advoluti,

1879 681 1964 735 die
1989 679 2265 735 celebrato
2307 677 2494 732 allines
2522 689 2668 738 sunt,
2705 687 2759 732 et
2797 687 2976 732 tamen
3035 678 3247 746 priores
3297 679 3460 734 etiam

1879 788 2036 828 suum
2084 773 2364 841 proprium
2415 770 2555 825 diem
2603 771 2874 825 obtinere.
2904 770 2960 824 In
3007 770 3228 824 Menaeis
3281 772 3462 840 itaque

1877 865 2120 934 praedicti
2159 872 2392 932 quatuor
2427 863 2609 917 Sancti
2660 863 2726 916 ad
2757 863 2900 917 diem
2943 880 3030 916 xxt
3064 863 3337 924 Octobris,
3367 863 3458 932 qui

1878 956 1982 1010 diei
2015 972 2122 1024 quo
2161 970 2352 1024 passus
2385 965 2467 1008 est
2499 953 2557 1010 S.
2591 956 2839 1010 Andreas
2874 956 2924 1008 in
2953 954 3116 1016 Crisi,
3148 972 3216 1008 xx
3251 955 3458 1011 scilicet

1879 1049 2162 1116 proximus
2210 1056 2314 1106 est,
2349 1047 2499 1099 relati
2538 1057 2665 1100 sunt
2708 1058 2757 1100 et
2813 1047 3058 1116 sequenti
3097 1047 3247 1100 brevi
3292 1061 3460 1101 enco-

1880 1141 1990 1194 mio
2031 1139 2378 1192 celebrantur
2409 1155 2421 1190 :
2452 1139 2528 1208 Τῇ
2554 1138 2690 1208 αὐτῇ
2712 1139 2918 1208 ἡμέρᾳ.
2949 1138 3136 1208 μνήμη
3166 1138 3271 1190 τῶν
3291 1137 3460 1202 ἁγίων

1882 1231 2164 1297 νεοφανῶν
2197 1230 2494 1301 μαρτύρων
2553 1229 2824 1301 Ἀνδρέου,
2895 1229 3191 1296 Στεςεάνου,
3249 1231 3462 1283 Παύλου

1881 1321 1973 1374 καὶ
2002 1323 2236 1389 Πέτρην.

1879 1413 2059 1483 Στίχοι
2087 1430 2099 1444 ο
2131 1411 2311 1482 Τρεῖς,
2337 1415 2363 1464 ὁ
2385 1413 2672 1481 Στέφανος,
2709 1415 2770 1464 σὺ
2802 1413 3285 1482 ate-1911;711:5132;

2139 1506 2277 1569 Τοὺς
2301 1507 2382 1558 σοὶ
2407 1505 2837 1573 συνπολὴςχντις
2862 1508 2918 1571 ἐξ
2943 1506 3058 1569 ἐνὸς
3084 1507 3286 1574 ξίφους.

1952 1598 2006 1652 ld
2035 1607 2115 1652 est
2147 1614 2160 1650 :
2191 1599 2388 1650 Eadem
2419 1597 2507 1650 die
2537 1597 2643 1665 (xxt
2678 1594 2894 1662 Octob.)
2947 1598 3210 1650 memoria
3247 1605 3464 1651 sancto-

1882 1706 2001 1744 rum
2029 1689 2324 1744 recentium
2345 1699 2639 1759 martyrum
2663 1688 2914 1753 Δηὼ-επ,
2932 1688 3216 1758 Stephani,
3240 1688 3389 1743 Pauli
3412 1697 3466 1744 et

1882 1780 2052 1836 Petri.

1887 1873 2082 1927 Versus
2119 1891 2132 1927 :
2168 1874 2300 1928 Tres
2334 1884 2728 1928 concoronatos
2763 1870 2948 1934 habes,
2977 1885 3010 1924 ο
3046 1868 3350 1940 Stephane.

2172 1966 2372 2023 Tecum
2402 1982 2532 2022 ense
2563 1973 2861 2036 pugnantes
2895 1964 3080 2020 eodem
3103 1975 3342 2020 strenue.

1879 2059 2115 2112 Rursum
2145 2059 2232 2112 dic
2262 2076 2425 2113 xxvtn
2459 2058 2708 2112 Octobris
2729 2057 2782 2109 in
2809 2058 2982 2109 altero
3013 2056 3242 2108 duorum
3277 2054 3464 2110 Meno-

1879 2151 2144 2220 logiorum
2199 2166 2319 2220 qua:
2373 2150 2660 2204 Scholzius
2723 2149 2894 2202 edidit
2952 2147 3089 2217 (l6),
3145 2157 3464 2216 comparent

1882 2241 1982 2294 SS.
2038 2249 2302 2309 martyres
2365 2237 2697 2307 Stephanus,
2758 2236 2954 2291 Petrus
3011 2247 3067 2291 et
3115 2237 3358 2294 Andreas
3409 2245 3464 2290 et

1882 2346 2052 2384 ‘ithll
2087 2330 2222 2384 Nov.
2256 2331 2455 2384 iterum
2485 2329 2542 2384 S.
2576 2329 2890 2398 Stephanus
2916 2329 3110 2385 Junior
3150 2339 3349 2400 martyr
3378 2344 3466 2383 so-

1880 2423 1995 2487 lus;
2035 2422 2088 2476 in
2125 2423 2297 2477 altero
2329 2438 2457 2476 vero
2488 2422 2651 2476 solus
2683 2421 2737 2475 S.
2775 2421 3084 2492 Stephanus
3122 2423 3316 2479 Junior
3347 2436 3464 2476 mo-

1880 2515 2088 2568 nachus
2117 2524 2172 2568 et
2217 2525 2420 2585 martyr
2447 2507 2535 2569 die
2567 2533 2733 2570 χιι-ιιι
2765 2515 2884 2570 Oct.
2914 2517 3081 2570 semel
3131 2531 3464 2570 commemo-

1879 2613 2051 2658 ratur.
2087 2605 2219 2658 ltem
2253 2605 2308 2658 in
2363 2605 2551 2660 codice
2598 2606 2970 2662 Laurentiano
3008 2609 3118 2674 (l7)
3163 2607 3343 2662 saeculi
3381 2624 3408 2661 x
3449 2625 3462 2661 :

1879 2712 2049 2751 xxvut
2077 2694 2274 2752 Octob.
2311 2698 2371 2766 S.
2406 2696 2666 2768 Stephani
2695 2709 2750 2753 et
2780 2699 2871 2768 qui
2896 2715 3020 2755 cum
3053 2714 3119 2753 eo
3149 2700 3290 2768 passi
3318 2707 3463 2752 sunt.

1879 2788 2210 2858 Coniectura
2256 2790 2405 2844 ducti
2456 2801 2515 2844 ut
2545 2806 2882 2862 exponemus
2923 2807 2977 2844 η.
3035 2791 3106 2845 ‘23
3137 2792 3468 2845 arbitramur

1882 2883 1973 2938 hic
2041 2883 2190 2937 illum
2220 2884 2556 2953 Stephanum
2602 2884 2728 2937 olim
2777 2894 3264 2938 commemoratum
3301 2882 3470 2939 fuisse

1881 2976 1976 3040 qui
2013 2977 2113 3027 sub
2140 2977 2335 3030 eodem
2374 2976 2719 3048 Copronymo
2751 2977 2981 3046 plurima
3015 2993 3229 3046 passus.
3260 2977 3386 3032 dein
3413 2977 3466 3031 in

1880 3066 2164 3137 Sugdzam
2232 3070 2386 3122 exsul
2418 3081 2602 3124 sancte
2634 3071 2799 3122 vitam
2841 3070 3032 3123 linit-it.
3075 3071 3150 3122 Ita
3200 3071 3342 3124 enim
3388 3069 3467 3122 l‘e-

1881 3169 2012 3213 runt
2045 3169 2155 3214 tum
2189 3160 2415 3226 Menaa,
2454 3173 2566 3218 tum
2603 3162 2902 3232 Menologia
2937 3161 3119 3216 Sirleti
3153 3171 3208 3216 et
3246 3159 3481 3214 Basiliam

187 3246 460 3317 imagines
497 3252 814 3306 adoratione
859 3256 1271 3322 prosequimini.
1307 3257 1610 3324 Respondit
1646 3261 1771 3314 ille:
1807 3269 1848 3324 c
1885 3269 2014 3307 num
2061 3255 2128 3308 ad
2179 3255 2321 3310 diem
2370 3273 2539 3311 xxvut
2592 3255 2932 3310 Novembris.
2987 3254 3121 3309 Huic
3164 3255 3361 3310 deinde
3404 3269 3470 3309 ex

185 3338 408 3401 Nescis,
439 3342 762 3409 imperator,
795 3345 922 3412 quid
957 3346 1023 3398 sit
1056 3347 1260 3400 cultum
1298 3350 1581 3403 relativum
1617 3351 1772 3404 exhi-

187 3430 342 3496 bere,
396 3432 526 3500 quid
576 3449 705 3488 vero
754 3435 1123 3491 latreuticum.
1159 3437 1294 3492 Tum
1328 3457 1452 3494 cum
1496 3443 1560 3496 ad
1613 3441 1775 3512 ﬂagra

185 3521 460 3587 extendit,
507 3533 716 3595 tergum
755 3536 807 3580 et
861 3537 1048 3595 pectus
1079 3528 1289 3583 bovinis
1330 3532 1514 3584 nervis
1545 3533 1777 3596 concidi,

184 3611 392 3666 deinde
409 3629 471 3669 os
501 3617 644 3669 saxis
671 3618 932 3671 contundi
962 3621 1252 3689 praecepit;
1292 3633 1512 3687 postera
1535 3624 1622 3675 die
1649 3625 1777 3675 loris

183 3704 449 3771 ejectum,
486 3717 676 3774 utpote
723 3707 809 3761 cui
859 3707 1138 3764 Christum
1191 3719 1243 3762 et
1293 3726 1480 3766 sacras
1513 3715 1778 3784 imagines

180 3796 462 3867 abnegarc
497 3813 606 3852 non
647 3802 1032 3868 persuasisset,
1069 3819 1261 3856 rursus
1294 3801 1647 3875 ﬂagellalttm,
1689 3825 1778 3862 ca-

180 3888 294 3954 pite
348 3889 405 3940 in
456 3900 656 3943 terram
715 3891 974 3955 demisso,
1009 3895 1242 3966 alligatis
1291 3899 1524 3965 pedibus
1577 3900 1776 3966 raptari

175 3979 350 4049 jussit
373 3989 428 4033 et
461 3981 933 4053 Constantinopoli
967 3987 1189 4055 publice
1221 3989 1582 4044 deridendum
1613 4006 1778 4058 expo-

177 4071 254 4126 ni.
279 4073 460 4137 Quem
491 4075 750 4129 citissime
771 4079 1172 4143 pertrahentes,
1196 4091 1397 4136 terram
1434 4083 1485 4134 iu
1517 4083 1778 4151 reptando

175 4168 455 4235 sanguine
485 4182 932 4237 consperscruut.
964 4172 1038 4225 Ita
1081 4174 1260 4228 forum
1293 4174 1455 4228 BO\'iS
1500 4183 1779 4231 assecutos

173 4258 538 4326 conspiciens
563 4262 762 4327 aliquis
799 4265 889 4330 qui
921 4264 1082 4318 modo
1126 4266 1304 4334 pisces
1335 4277 1682 4333 exonerarat,
1713 4271 1778 4324 dc

175 4347 441 4403 tormenti
489 4365 651 4405 causa
700 4354 1042 4420 sciscitatur;
1101 4373 1162 4412 re
1220 4371 1525 4429 comperta,
1571 4363 1778 4416 macelli

169 4441 359 4494 cultro
394 4441 564 4495 miser
593 4453 832 4512 arrepto,
885 4448 1059 4502 servis
1101 4450 1304 4504 diaboli
1357 4452 1575 4522 placere
1617 4468 1778 4521 appeo

1883 3362 2034 3399 more
2077 3347 2389 3400 Cra-corum
2426 3348 2593 3401 additi
2642 3347 2848 3399 fuerint
2899 3345 2995 3399 SS.
3035 3347 3226 3399 Petrus
3270 3358 3324 3399 et
3360 3346 3470 3398 An-

1881 3436 2072 3499 dreas,
2107 3454 2169 3492 ex
2205 3454 2314 3506 quo
2347 3439 2508 3492 etiam
2543 3437 2795 3507 proﬂuxit
2831 3446 2890 3491 ut
2925 3438 3008 3492 die
3039 3453 3206 3492 xxvut
3239 3438 3470 3492 Novem-

1880 3529 2015 3593 bris,
2045 3546 2153 3596 quo
2181 3529 2236 3585 S.
2270 3530 2582 3600 Stephanus
2604 3530 2797 3585 Junior
2823 3545 3015 3600 passus
3044 3539 3149 3591 est,
3186 3530 3325 3583 idem
3363 3529 3471 3582 duo

1882 3619 2064 3673 Sancti
2115 3631 2226 3674 tum
2282 3622 2335 3673 in
2392 3622 2630 3685 .‘tlenazis,
2661 3633 2773 3674 tum
2828 3623 2883 3676 in
2935 3620 3099 3676 variis
3151 3620 3468 3692 Menologiis

1883 3708 2079 3762 iterum
2107 3710 2419 3764 recolantur
2452 3712 2637 3780 (supra
2677 3727 2828 3764 num.
2865 3711 2970 3774 14).

1953 3802 2004 3855 8.
2042 3801 2115 3856 De
2172 3803 2322 3858 Actis
2371 3819 2488 3873 quae
2554 3804 2874 3873 subjicimus
2920 3802 3032 3856 haec
3099 3803 3302 3873 accipe.
3366 3801 3471 3856 Du-

1889 3894 2045 3961 plicia
2101 3894 2446 3957 exhibemus,
2500 3906 2730 3962 utraque
2764 3895 2951 3948 Graece
3011 3895 3234 3957 inedita,
3286 3895 3465 3963 priora

1889 4001 2016 4038 vero
2043 3986 2204 4037 etiam
2232 3983 2460 4049 Latine;
2493 3987 2546 4039 id
2581 3986 2808 4040 facimus
2841 3996 2952 4040 tum
2985 3987 3125 4054 quod
3168 3988 3466 4054 posteriora

1880 4093 1943 4129 ex
1976 4076 2078 4130 illis
2111 4088 2218 4128 non
2259 4077 2654 4145 proﬂuxerunt,
2681 4078 2782 4134 “sed
2833 4079 3018 4146 paucis
3061 4078 3299 4142 omissis,
3333 4092 3468 4131 non-

1882 4168 2027 4221 nulla
2071 4169 2476 4236 superaddunt;
2509 4177 2622 4221 tum
2662 4170 2824 4223 etiam
2859 4169 2999 4238 quod
3049 4170 3238 4222 horum
3286 4185 3469 4236 exem-

1882 4257 1997 4326 plar
2036 4256 2488 4327 perfectissimum
2539 4259 2682 4312 nacti
2737 4275 2947 4321 sumus,
2979 4259 3217 4328 quinque
3261 4259 3467 4314 scilicet

1883 4349 2012 4403 Mss.
2079 4350 2327 4405 codicum
2383 4351 2730 4406 collationem
2786 4353 2842 4406 in
2900 4353 3141 4421 margine
3198 4352 3463 4407 rcl’creus.

1883 4443 2224 4497 Tribuuntur
2259 4443 2372 4496 haec
2405 4443 2804 4512 Meraphrastze,
2845 4452 2903 4496 ut
2948 4444 3150 4496 diserte
3179 4444 3340 4498 habet
3375 4447 3463 4499 Al-

169 4543 320 4597 tens,
348 4547 518 4587 cursu
547 4537 829 4589 contendit
863 4545 919 4588 et
949 4537 1206 4593 dextrum
1235 4543 1435 4608 pedem
1476 4544 1655 4596 Sancti
1688 4545 1776 4596 ah-

1886 4533 2068 4596 latius,
2109 4536 2198 4602 qui
2243 4533 2296 4586 in
2347 4535 2574 4588 diatriba
2607 4536 2675 4587 de
2716 4535 3083 4604 Sytneonibus
3127 4552 3316 4590 eorum
3365 4539 3466 4592 ini—

161 4625 358 4690 scidit,
398 4626 490 4694 qui
524 4625 733 4680 interea
757 4638 999 4684 sanctam
1033 4645 1097 4685 ac
1134 4631 1354 4688 beatam
1395 4635 1634 4688 animam
1678 4636 1782 4689 Do-

163 4718 320 4771 mino
374 4718 624 4773 tradidit.
674 4718 775 4786 Qui
830 4738 955 4775 eum
1006 4723 1326 4794 raptabant,
1390 4737 1452 4780 ut
1505 4735 1777 4781 mortuum

161 4826 466 4880 aspexere,
501 4811 652 4866 velut
701 4815 828 4883 quid
877 4816 1160 4872 morticini
1203 4818 1254 4871 in
1309 4821 1674 4877 l‘tndissimum
1705 4823 1782 4874 lo-

159 4920 288 4959 cum
324 4903 688 4974 abjecerunt;
725 4916 884 4963 nocte
937 4922 1065 4964 vero
1121 4911 1485 4973 adventante,
1509 4913 1777 4967 sublatum

161 4995 394 5066 quidam
433 4993 724 5049 orthodoxi
754 4995 967 5051 tumulo
1017 4999 1400 5056 condiderunt
1449 5001 1501 5053 in
1539 5002 1655 5056 loco
1686 5003 1775 5073 qui

162 5089 378 5145 dicitur
405 5088 598 5144 Crisis.

234 5203 293 5257 7.
355 5201 417 5254 In
469 5201 687 5257 Mena-is
717 5202 930 5257 excusis
956 5204 1272 5277 saepissime
1304 5206 1543 5264 diversis
1581 5208 1776 5263 diebus

162 5290 334 5344 iideru
395 5288 578 5343 Sancti
623 5307 1135 5351 conuuemorautur
1184 5299 1312 5366 quia
1371 5297 1616 5352 diversos
1649 5299 1775 5354 Mss.

158 5383 390 5438 codices
431 5381 670 5436 editores
697 5384 1024 5440 adhibuere.
1059 5389 1239 5442 Aliam
1274 5400 1456 5442 tamen
1502 5390 1661 5458 hujus
1699 5389 1774 5443 rei

159 5492 392 5529 causam
428 5475 672 5546 assignat
716 5477 1139 5548 Papebrochlus
1171 5482 1307 5550 (15).
1351 5483 1568 5538 Graecos
1616 5483 1776 5538 nimi-

158 5581 280 5622 tum
321 5568 523 5621 eodem
581 5574 674 5621 aut
724 5571 986 5638 sequenti
1043 5573 1134 5628 die
1186 5587 1621 5627 commemorare
1669 5573 1776 5627 fre-

235 5718 354 5789 (15)
396 5718 550 5796 Eph.
576 5721 994 5796 C_r.eco-Mosch
1030 5767 1042 5785 ,
1079 5737 1117 5780 t.
1159 5727 1172 5778 l
1210 5726 1351 5790 Maii,
1377 5743 1425 5795 p.
1457 5743 1544 5778 νιιι
1572 5737 1776 5796 etpas-

161 5795 266 5849 sim
291 5810 306 5858 ;
336 5788 402 5861 t.’
430 5788 471 5842 ll
506 5790 656 5861 illaii.
691 5811 745 5861 p.
784 5796 910 5857 110,
949 5812 1005 5850 lt.
1046 5798 1130 5849 ll.

236 5864 354 5930 (16)
394 5860 470 5935 pe
506 5857 849 5935 Mentilbgiis,
881 5868 1013 5922 elcn
1049 5883 1100 5935 p.
1131 5867 1181 5919 8.

233 5938 354 6005 (Π)
393 5931 626 5988 Bandiui
663 5931 803 5993 codd
836 5931 1060 6007 (ἓτερςῇ
1089 5950 1122 5995 t.
1161 5937 1198 6004 l,
1232 5953 1282 6006 ν.
1326 5937 1440 5992 150.

1889 4625 2020 4677 tium
2055 4622 2214 4678 all'ert
2242 4622 2356 4692 (l8)
2387 4639 2401 4676 :
2428 4639 2596 4692 quare
2621 4623 2769 4677 hunc
2794 4624 2970 4678 locum
3004 4642 3113 4680 non
3147 4629 3339 4682 viderit
3364 4627 3465 4682 Pa-

1885 4717 2002 4788 gius
2038 4717 2153 4785 (l9)
2191 4717 2281 4786 qui
2317 4726 2478 4786 negat
2513 4719 2641 4771 Acta
2670 4717 2759 4772 illa
2798 4719 3050 4788 Symeoui
3090 4719 3464 4789 Metaphrastac

1884 4808 2188 4877 adiudicata
2223 4809 2410 4864 fuisse.
2450 4808 2844 4863 Testimonium
2870 4821 3051 4864 autern
3085 4813 3265 4865 Allatii
3293 4829 3467 4883 quau-

1884 4909 1996 4954 tum
2029 4901 2086 4954 in
2119 4900 2221 4954 hac
2267 4916 2324 4954 re
2378 4901 2574 4964 valeat,
2627 4918 2788 4955 nemo
2830 4903 3078 4971 ignorat;
3126 4914 3382 4967 attamen,
3419 4907 3465 4960 si

1882 5009 2019 5062 opus
2040 5002 2203 5059 esset,
2236 5008 2346 5047 rem
2385 4995 2717 5063 argumentis
2748 4995 3016 5059 pluribus,
3050 5011 3112 5048 ex
3156 4998 3284 5063 ipsis
3315 4997 3463 5052 Actis

1881 5087 2207 5155 desumptis,
2263 5086 2515 5138 evincere
2576 5101 2882 5155 possemus.
2947 5086 3080 5140 Acta
3127 5088 3304 5156 priora
3370 5105 3465 5144 ex-

1880 5177 2080 5246 scripta
2109 5188 2320 5231 suntex
2351 5187 2568 5231 vetusto
2594 5179 2779 5233 codice
2805 5179 3153 5234 Bibliotheca:
3184 5180 3456 5245 Parisiuz,

1880 5285 2040 5339 quem
2076 5267 2134 5322 Β.
2175 5268 2522 5323 Monll‘aucon
2557 5271 2757 5323 smculo
2788 5287 2836 5324 tx
2868 5271 3129 5325 adscribit
3159 5266 3293 5341 (20),
3321 5281 3374 5326 et
3405 5281 3473 5326 ut’

1879 5371 2147 5432 perpetua
2185 5363 2587 5428 comparatione
2619 5377 2739 5416 cum
2763 5361 3192 5431 Metaphrastazis
3223 5363 3455 5416 conl‘erri

1880 5453 2111 5523 possint,
2143 5462 2368 5520 utraque
2401 5452 2593 5506 iisdem
2619 5455 2882 5519 numeris,
2916 5455 3006 5507 ubi
3037 5454 3227 5509 eadem
3266 5470 3454 5508 narra-

1881 5547 2099 5612 bantur,
2128 5545 2485 5617 signavimus.
2516 5547 2634 5609 Quo
2669 5559 2846 5601 autem
2881 5557 3123 5617 tempore
3151 5553 3454 5620 conscripta

1949 5726 2061 5795 (l8)
2098 5725 2345 5793 Aliatius,
2375 5728 2438 5798 de
2471 5727 2852 5796 Symeonibus.
2885 5745 2936 5798 p.
2985 5729 3099 5781 I28.

1950 5799 2060 5865 (Ill)
2097 5798 2155 5850 lu
2180 5798 2378 5853 Crilica
2408 5797 2644 5858 Baronii,
2685 5802 2749 5854 ad
2779 5797 2905 5853 anni.
2942 5799 3065 5866 761,
3105 5817 3157 5856 tt.
3184 5799 3236 5853 ξι.

1944 5870 2054 5938 ('20)
2086 5867 2201 5923 Btb.
2235 5869 2487 5933 Coislitt.,
2520 5885 2574 5941 p.
2615 5869 2728 5924 185.
