4136 6468
676 423 809 489 1087

1945 423 2229 485 MENSIS
2267 419 2628 481 OCTOBER.

3809 414 3952 480 1088

674 533 876 592 fuerint
909 539 1122 594 deﬁniri
1159 542 1376 610 nequit;
1405 540 1538 594 nihil
1569 540 1713 594 enim
1756 539 2082 608 reperimus,
2113 552 2249 606 prm-
2278 535 2326 594 A
2353 534 2652 589 berrimum
2707 529 2874 585 fuisse
2925 528 2979 583 S.
3043 537 3330 599 martyrem
3379 528 3485 594 iam
3553 544 3579 580 a
3619 528 3822 583 saeculo
3871 543 3950 581 ix.

677 638 762 684 ter
798 630 1007 684 minimi
1040 633 1296 685 momenti
1343 641 1524 685 notam
1564 631 2000 701 cbronologicam
2043 646 2108 686 ex
2148 646 2252 699 qua

679 729 896 775 constat
949 721 1265 791 scriptorem
1323 724 1458 778 satis
1509 723 1601 778 diu
1673 733 1795 793 post
1848 723 2253 795 Copronymum

681 820 901 898 vixisse.
948 819 1143 884 Locus,
1190 821 1281 890 qui
1319 838 1467 876 num.
1499 823 1657 879 35th
1708 823 1866 876 ﬂnem
1906 822 2165 885 occurrit,
2210 821 2256 876 is

681 911 938 969 csttlste
993 929 1122 967 vero
1177 924 1295 968 erat
1345 913 1826 969 Constantinus....
1867 929 2028 982 quem
2075 911 2259 965 ﬁdeles

681 1005 801 1073 ejus
847 1005 1104 1070 temporis
1139 1005 1208 1074 (ot
1251 1006 1311 1058 ὲν
1350 1007 1461 1066 τοῖς
1493 1006 1612 1058 τότε
1661 1005 1893 1074 χρόνοις)
1933 1004 2127 1057 merito
2160 1004 2258 1057 sub

685 1095 1014 1163 cognomine
1048 1094 1370 1166 C0pronymi
1409 1095 1766 1149 inlamarunt.
1799 1094 1902 1149 Sed
1933 1111 1997 1149 ex
2031 1111 2096 1149 eo
2128 1097 2258 1149 Acta

687 1183 776 1237 illa
815 1185 992 1252 priora
1033 1190 1510 1244 commendantur.
1540 1187 1682 1255 quod
1719 1187 1893 1240 locum
1933 1187 2116 1241 Sancti
2160 1203 2259 1241 na-

689 1274 944 1338 talitium,
981 1275 1125 1328 diem
1178 1277 1447 1344 passionis
1487 1277 1695 1347 aliaque
1735 1279 1986 1348 adjuncta
2029 1280 2262 1349 plurima

685 1366 897 1420 minute
933 1367 1239 1436 proferunt,
1279 1378 1334 1422 et
1382 1384 1688 1438 quanquam
1739 1371 2118 1437 prolixioribus
2147 1385 2267 1424 ver-

685 1454 770 1507 bis
802 1454 1072 1507 interdum
1107 1454 1166 1511 S.
1192 1466 1391 1526 martyr
1419 1457 1563 1525 loqui
1595 1456 1834 1520 videtur,
1866 1458 2052 1510 eadem
2083 1464 2264 1510 tamen

690 1545 806 1600 fere
855 1546 908 1599 in
939 1547 1062 1602 aliis
1090 1548 1236 1602 Actis
1280 1556 1597 1610 occurrunt,
1630 1564 1773 1618 saepe
1805 1549 2029 1603 vocibus
2075 1548 2265 1604 iisdem

693 1642 789 1687 aut
820 1636 1087 1691 similibus
1127 1653 1406 1706 expressa.
1435 1637 1679 1693 Conlerri
1714 1640 1766 1699 in
1812 1655 1931 1694 eam
1980 1655 2092 1694 rem
2139 1655 2268 1709 pos-

694 1736 820 1778 sunt
854 1727 1066 1781 numeri
1099 1730 1436 1796 potissimum
1473 1732 1502 1784 7
1532 1740 1585 1786 et
1621 1731 1702 1785 lO.
1745 1732 1817 1784 Ex
1852 1732 2093 1784 locorum
2129 1731 2272 1786 desi-

2358 622 2634 678 miraculis
2659 621 2842 676 multis
2874 619 3136 676 claruisse
3169 619 3456 689 colligitur.
3489 618 3768 687 Iosephus
3796 619 3948 672 enim

2335 713 2793 787 hymnographus
2815 725 2992 782 quem,
3020 726 3088 764 ex
3128 711 3275 765 Actis
3305 726 3332 764 a
3361 709 3739 779 Papebrochio
3780 710 3836 761 in
3868 708 3953 761 lu-

2360 823 2478 862 rem
2518 805 2655 861 datis
2682 802 2818 874 (εἳ),
2847 817 2910 856 eo
2955 801 3159 857 smculo
3199 800 3444 855 ﬂoruisse
3493 807 3728 858 constat.
3757 799 3948 853 decem

2361 898 2590 955 diversis
2617 896 2749 952 locis
2781 895 2832 948 in
2868 909 2968 948 suo
3003 893 3225 949 Canone
3252 891 3509 946 miracula
3541 891 3803 949 eelebrat,
3832 903 3952 956 qua:

2362 993 2462 1047 sub
2497 991 2663 1061 ipsius
2704 988 2873 1044 oculis
2903 987 3057 1056 Cpoli
3098 1001 3276 1042 coram
3309 983 3488 1039 Sancti
3525 981 3738 1035 tumulo
3773 990 3950 1046 patra-

2362 1084 2580 1139 bantur.
2618 1081 2812 1135 Merito
2855 1081 3039 1148 itaque
3085 1087 3141 1132 et
3184 1079 3238 1130 in
3283 1076 3539 1130 Actorum
3578 1072 3740 1126 titulo
3775 1070 3954 1123 Thau-

2364 1186 2642 1243 matnrgus
2693 1174 2872 1228 dictus
2925 1182 3031 1233 est,
3085 1180 3136 1225 ct
3186 1171 3238 1222 in
3286 1168 3569 1230 Contacio,
3609 1175 3670 1218 ut
3730 1171 3952 1220 vocant,

2365 1269 2531 1326 (ἕτερρί
2562 1267 2750 1325 Otilcii.
2778 1267 2861 1320 his
2891 1265 3076 1319 verbis
3103 1262 3378 1317 extollitur
3411 1277 3422 1310 :
3493 1257 3765 1327 Εορτὰζει
3789 1258 3957 1321 σήμε-

2368 1377 2460 1434 ρον
2507 1363 2538 1428 ἡ
2584 1357 2942 1428 βασιλεύουσα
2992 1356 3144 1419 “noli;
3194 1353 3384 1424 ἑὸρτὴν
3425 1350 3831 1419 ὑπέρλαμπρον
3863 1344 3957 1410 τῆς

2370 1452 2692 1522 φωτοφόρου
2775 1465 2868 1501 σου
2973 1447 3218 1514 μνήμης,
3307 1442 3527 1495 ἃπασαν
3607 1436 3954 1503 crpus-micu-

2377 1545 2514 1614 μένη
2580 1541 2734 1594 πόλιν
2792 1539 2886 1590 καὶ
2962 1534 3186 1605 χώραν·
3240 1533 3414 1602 χαίρει
3465 1531 3575 1598 γάρ
3619 1531 3696 1591 ὡς
3752 1543 3954 1594 κεκτη.

2379 1637 2514 1707 μένη
2571 1633 2846 1703 Θησαυρόν
2899 1630 3097 1698 μέγαν,
3150 1628 3211 1679 τὸ
3284 1622 3584 1676 ’πολύοθὶόν
3637 1638 3738 1673 σου
3774 1620 3956 1686 σῶμα,

2382 1726 2606 1796 Ἀνδρὲα
2682 1723 2909 1790 μάρτυς,
2972 1719 3278 1790 ὀροτιδοξὲας
3328 1716 3569 1784 φωστὴρ.
3608 1711 3666 1767 Id
3725 1711 3960 1765 est:Ho—

696 1819 975 1887 gnatlone,
1006 1829 1064 1872 ut
1095 1821 1231 1873 intra
1270 1822 1491 1875 uberius
1521 1822 1861 1884 disserimus,
1895 1833 2031 1876 etex
2068 1823 2132 1876 iis
2154 1837 2272 1892 qua:
2308 1890 2331 1892 _7
2373 1819 2460 1873 die
2513 1819 2748 1871 celebrat
2810 1813 2990 1883 regina
3049 1812 3260 1865 urbium
3315 1807 3531 1876 (Cpolis)
3610 1805 3835 1857 illustre
3893 1805 3961 1854 le-

698 1910 750 1962 in
786 1909 891 1963 ﬁne
933 1913 1191 1966 Actorum
1239 1915 1578 1975 scribuntur,
1617 1924 1675 1968 ut
1705 1914 1892 1969 itidem
1927 1890 2271 1970 Inferius—di-
2307 1890 2346 1943 Β
2383 1923 2524 1967 stmn
2589 1920 2693 1964 tua:
2744 1905 3038 1978 memoriae,
3076 1914 3239 1958 totam
3269 1915 3576 1956 convocans
3603 1898 3889 1951 civitatem
3911 1906 3960 1951 et

699 2011 878 2064 cctur,
927 2004 1254 2059 arbitramur
1288 2021 1350 2060 ca
1385 2005 1536 2075 Cpoli
1587 2008 1896 2078 conscripta
1932 2024 2040 2062 non
2089 2008 2276 2063 fuisse.

707 2094 924 2151 Scimus
969 2105 1178 2150 tantum
1228 2099 1513 2153 maximam
1545 2112 1752 2169 partem
1801 2114 2079 2154 sacrorum
2130 2099 2283 2154 codi-

701 2203 826 2241 cum
861 2188 1208 2244 Bibhothecre
1252 2191 1617 2254 Coislinianze,
1651 2203 1709 2247 ut
1755 2192 1806 2246 in
1839 2190 2160 2246 Pratlatione
2201 2202 2280 2246 te-

699 2290 871 2334 statur
904 2281 1155 2336 laudatus
1204 2281 1576 2341 Montl'aucon.
1605 2300 1670 2338 ex
1703 2285 2048 2338 monasteriis
2083 2285 2282 2336 montis

699 2372 844 2424 Atho
888 2372 1175 2441 prodiisse,
1227 2382 1280 2426 et
1323 2373 1433 2426 illic
1476 2374 1604 2427 olim
1636 2375 1916 2430 brachium
1968 2373 2024 2428 S.
2059 2377 2285 2430 Andreae

701 2460 1003 2527 Cretensis,
1032 2464 1124 2532 qui
1158 2465 1300 2518 idem
1331 2473 1416 2518 cst
1445 2464 1676 2520 lortasse
1702 2482 1764 2520 ac
1807 2466 2044 2521 Sanctus
2075 2479 2280 2532 noster,

702 2563 1040 2608 asservatum
1099 2555 1286 2610 fuisse.
1319 2557 1433 2622 Qua
1471 2559 1537 2612 de
1569 2575 1625 2612 re
1661 2560 1814 2628 plura
1858 2562 1977 2613 vide
2009 2576 2157 2614 num.
2195 2561 2282 2614 '57.

773 2645 827 2698 9.
885 2643 1308 2715 Metaphrasten.
1360 2650 1520 2717 cujus
1557 2653 1688 2704 Acta
1733 2652 1975 2705 secundo
2019 2651 2135 2706 loco
2173 2667 2288 2720 pro-

704 2738 894 2798 dcunt,
925 2739 1103 2806 priora
1133 2740 1219 2792 illa
1260 2755 1372 2793 non
1404 2742 1602 2797 vidisse
1629 2744 1761 2798 satis
1791 2754 1940 2798 certo
1969 2744 2125 2798 nobis
2155 2759 2288 2798 con-

709 2840 836 2884 stat.
869 2831 989 2900 Ipse
1025 2833 1169 2887 enim
1222 2849 1322 2886 nec
1350 2843 1502 2889 ortus
1531 2835 1730 2898 locum,
1770 2852 1871 2891 nec
1903 2838 2045 2892 diem
2087 2838 2305 2901 obitus,

706 2935 869 2987 quem
936 2936 1108 2988 usque
1159 2919 1450 2988 diligenter
1504 2921 1845 2991 inquisivisse
1905 2923 1987 2977 vel
2055 2938 2121 2978 ex
2176 2921 2290 2976 V’ita

707 3012 764 3064 ὃ.
800 3010 1137 3067 Theaetistes
1183 3011 1392 3068 Lesbire
1440 3024 1651 3069 constat
1701 3016 1837 3086 (21),
1876 3018 1930 3069 in
1980 3018 2292 3071 narratione

709 3118 805 3157 sua
838 3106 1200 3175 consignavit.
1243 3104 1353 3160 Nec
1383 3118 1644 3176 praetcrea
1681 3110 1806 3162 dum
1841 3109 2002 3161 vitam
2035 3109 2165 3162 satis
2199 3124 2292 3161 ac-

708 3197 896 3255 curate
946 3200 1203 3270 scriptam
1251 3212 1442 3260 nactus
1483 3211 1602 3255 erat
1654 3202 1896 3254 ordinem
1948 3209 2040 3253 aut
2086 3203 2278 3270 stylum
2307 3214 2352 3272 ο

710 3293 938 3348 multum
984 3295 1271 3349 immutare
1302 3306 1692 3361 consueverat;
1725 3309 1956 3364 cumque
1997 3296 2137 3364 apud
2174 3310 2286 3349 am-

712 3383 810 3437 bos
841 3384 1135 3453 scriptores
1171 3385 1488 3456 plerumque
1525 3387 1718 3442 similia
1752 3388 1912 3443 obvia
1933 3387 2062 3460 sint,
2097 3388 2285 3441 existi—

717 3489 930 3528 mamus
959 3485 1248 3545 utrumque
1282 3494 1347 3532 ex
1382 3477 1527 3532 Actis
1567 3479 1986 3549 antiquioribus,
2017 3478 2108 3531 sed
2147 3491 2289 3530 nunc

715 3564 1029 3631 deperditis,
1063 3582 1217 3620 suam
1257 3568 1628 3621 narrationem
1675 3569 1970 3634 excepisse,
2003 3570 2066 3622 iis
2092 3566 2288 3621 additis

715 3671 836 3723 quae
873 3657 1376 3729 aliundeowlligere
1424 3665 1727 3728 potuerant.
1775 3660 2163 3729 Metaphrastes
2210 3669 2290 3712 ta-

719 3764 843 3803 men
866 3757 1026 3802 mtate
1055 3753 1321 3816 posterior
1350 3752 1564 3803 videtur
1591 3765 1657 3803 ex
1681 3766 1747 3805 eo
1774 3752 1914 3819 quod
1953 3751 2004 3803 in
2040 3751 2157 3820 ejus
2181 3751 2293 3803 col-

720 3839 1044 3894 lectionibus
1069 3839 1125 3894 S.
1155 3842 1385 3896 Andrea‘
1426 3843 1539 3897 Vita
1573 3843 1714 3897 diem
1738 3859 1824 3911 xix
1848 3841 2098 3898 Octobris
2135 3857 2293 3896 occu-

719 3938 811 4000 pat
847 3970 862 3994 ,
896 3943 1078 3985 noster
1103 3941 1283 3986 autem
1314 3932 1567 4001 scriptor,
1606 3933 1695 3986 ubi
1726 3933 1888 3986 refert
1917 3931 2174 3985 Sanctum
2207 3928 2292 3982 die

719 4035 786 4074 xx
820 4036 1034 4089 passum
1059 4037 1200 4081 esse,
1229 4020 1366 4074 nihil
1392 4021 1458 4074 de
1502 4020 1786 4074 immntato
1821 4021 1998 4074 cultus
2026 4018 2111 4071 die
2140 4033 2291 4072 eom-

721 4122 1028 4176 memorat;
1069 4112 1164 4166 sed
1213 4128 1334 4167 cum
1369 4112 1502 4167 levis
1549 4127 1608 4166 ea
1655 4112 1791 4166 ratio
1824 4110 1988 4164 videri
2028 4117 2211 4178 queat,
2240 4108 2293 4161 id

723 4204 880 4259 aliter
909 4206 1262 4268 adstrnimns,
1299 4205 1672 4274 Metaphrastee
1708 4220 1900 4273 nempe
1946 4201 2297 4256 collectiones

726 4296 862 4350 adeo
907 4305 1027 4365 post
1071 4297 1422 4364 scriptionem
1481 4296 1622 4349 illico
1664 4294 2000 4364 pervulgatas
2044 4292 2208 4346 fuisse
2241 4300 2298 4345 ut

726 4388 963 4455 priorem
1013 4389 1330 4457 scriptorem
1392 4387 1541 4440 illum
1597 4388 1782 4454 fugere
1828 4401 1934 4439 non
1996 4383 2295 4452 potuerint.

725 4481 858 4545 Qum
905 4479 1065 4550 igitur
1098 4482 1238 4550 apud
1289 4496 1412 4534 eum
1444 4481 1510 4535 de
1547 4479 1603 4535 S.
1634 4478 1844 4534 Andrea
1898 4478 1950 4530 in
1984 4476 2141 4529 Creta
2183 4488 2297 4527 mo-

726 4573 988 4626 nasticam
1033 4573 1192 4626 vitam
1238 4572 1486 4641 amplexo
1522 4579 1831 4633 narrantur,
1865 4569 1991 4622 dein
2023 4567 2089 4621 de
2130 4566 2297 4619 mira-

725 4666 864 4721 culis
901 4667 1097 4735 quibus
1146 4682 1270 4719 cnm
1321 4666 1695 4735 Metaphrastm
1741 4665 1900 4718 etiam
1937 4660 2298 4728 temporibus,

729 4759 845 4826 ipso
870 4767 1025 4822 teste,
1057 4759 1110 4812 in
1154 4760 1284 4813 urbe
1311 4758 1459 4830 Cpoli
1513 4757 1650 4813 Deus
1679 4756 2035 4829 gloriﬁeabat,
2069 4752 2303 4823 scriptor

728 4850 870 4902 idem
913 4848 998 4902 ille
1022 4851 1166 4918 prior
1199 4867 1304 4906 non
1354 4852 1644 4907 omisisset.
1677 4851 1885 4916 Quibus
1939 4848 2149 4916 positis,
2182 4862 2303 4902 cum

730 4951 918 4996 notum
963 4939 1032 4995 sit
1066 4939 1467 5011 Metapbrasteu
1505 4942 1684 4996 medio
1738 4940 1936 4994 saeculo
1976 4956 2002 4992 χ
2036 4937 2303 5000 ﬂoruisse,

733 5032 861 5084 hinc
911 5031 1177 5086 deducere
1221 5033 1349 5087 licet
1379 5033 1508 5087 Acta
1545 5047 1663 5101 quae
1710 5030 1871 5100 priori
1920 5028 2038 5083 loco
2071 5027 2304 5091 edimus,

733 5122 823 5176 illa
849 5130 1010 5177 aetate
1036 5124 1343 5193 antiquiora
1378 5139 1523 5178 esse.

808 5212 873 5266 10
919 5213 1084 5269 Sicuti
1119 5229 1181 5267 ex
1215 5214 1475 5284 Anonymi
1504 5215 1648 5270 Actis
1672 5213 2027 5282 Synaxarium
2055 5207 2306 5265 Mediola-

738 5320 931 5368 nense,
961 5305 1104 5374 quod
1150 5321 1301 5358 num.
1335 5307 1367 5360 5
1397 5308 1697 5370 retulimus,
1732 5306 2074 5373 dcsumptum
2103 5311 2203 5364 est,
2238 5302 2308 5355 ita

735 5395 869 5450 illud
920 5398 1061 5464 quod
1107 5396 1160 5450 in
1215 5395 1433 5450 Menaeis
1474 5398 1687 5451 excusis
1735 5398 1994 5457 occurrit,
2031 5411 2092 5448 ex
2137 5394 2309 5448 Meta-

739 5491 972 5559 phrastzn
1021 5491 1331 5544 narratione
1381 5489 1658 5544 evidenter
1719 5491 1992 5558 proﬂuxit.
2049 5489 2120 5541 Ex
2179 5503 2308 5556 quo,

741 5584 879 5636 sicut
927 5597 989 5634 ex
1048 5578 1227 5632 Sancti
1273 5581 1457 5637 Oﬂlcio
1493 5582 1636 5653 quod
1690 5583 1885 5635 ibidem
1919 5583 2128 5650 legitur,
2163 5582 2309 5636 cele-

817 5778 927 5846 (2l)
956 5780 1147 5834 Surius
1180 5780 1244 5835 ad
1286 5796 1313 5832 χ
1346 5779 1503 5838 Non,
1528 5794 1577 5848 p.
1603 5783 1723 5840 9.38.
1761 5780 1890 5836 edit.
1927 5779 2054 5838 l6l8

818 5848 930 5917 mi
965 5851 1024 5903 'l‘.
1069 5851 1084 5903 I
1114 5851 1307 5915 April,
1339 5867 1391 5914 ιι.
1419 5849 1541 5904 266.

2382 2003 2658 2074 regionem
2687 2017 2702 2066 ;
2740 1998 2936 2068 jubilat
2963 1996 3108 2050 enim
3144 2007 3394 2064 magnum
3424 1992 3748 2044 thesaurum
3789 1988 3960 2057 possi-

2382 2095 2540 2155 dens,
2581 2106 2778 2161 corpus
2801 2085 3192 2144 certaminibus
3239 2081 3555 2153 gloriosum,
3598 2089 3795 2134 sancte
3831 2094 3958 2130 mar-

2384 2199 2468 2261 tyr
2500 2187 2740 2249 Andrea,
2780 2181 3116 2236 orthodoxize
3139 2179 3346 2231 lumen.
3382 2174 3476 2229 Hic
3497 2189 3625 2226 vero
3651 2172 3834 2226 obiter
3857 2187 3964 2223 ttin-

2384 2295 2598 2342 nemus,
2639 2279 2682 2332 si
2728 2276 2849 2344 quis
2883 2273 3102 2327 nomina
3135 2285 3196 2323 ex
3249 2269 3555 2322 Graecorum
3597 2263 3846 2331 Liturgia
3878 2261 3966 2315 de-

2386 2382 2597 2441 sumpta
2632 2385 2740 2424 non
2767 2364 2896 2422 satis
2922 2362 3023 2418 sibi
3061 2367 3186 2416 nota
3217 2360 3302 2414 hic
3329 2359 3654 2417 oﬂenderet,
3686 2371 3814 2408 eum
3858 2356 3967 2406 sin-

2387 2464 2631 2535 gnlorum
2657 2458 3076 2519 declarationem
3116 2462 3454 2522 reperturum
3499 2450 3552 2503 in
3587 2448 3738 2519 [ἢκί
3771 2448 3968 2500 disser-

2391 2557 2590 2612 tatione
2616 2555 2681 2608 de
2710 2550 2995 2606 Acolutbia
3051 2547 3383 2605 Grmcorum,
3409 2557 3531 2612 quae
3573 2541 3628 2595 in
3667 2539 3838 2592 .lunio
3879 2554 3970 2589 no.

2389 2660 2502 2705 stro
2541 2647 2684 2702 edita
2716 2655 2802 2698 est
2831 2641 2941 2713 (‘33)
2970 2683 2983 2706 ,
3017 2637 3320 2706 expeditius
3351 2644 3531 2689 autem
3564 2648 3629 2686 ea
3654 2641 3863 2688 utetur.
3883 2630 3968 2697 qui

2391 2739 2623 2794 indicem
2667 2736 2985 2788 ultimuma
3022 2729 3361 2797 GheSquiero
3400 2736 3549 2780 tomo
3594 2726 3775 2791 primo
3821 2720 3970 2776 Octo-

2393 2832 2504 2886 bris
2540 2830 2604 2884 ad
2640 2828 2840 2882 calcem
2875 2823 3180 2892 subjectum
3215 2821 3471 2874 adhibere
3508 2819 3771 2871 voluerit.

2398 2969 2424 3042 ᾗ
2477 2970 2540 3023 11.
2570 2962 3110 3042 ΛεςριεᾹηιᾏΙᾳιοιριτεί
3158 2962 3212 3042 in
3259 2958 3516 3026 plerisque
3543 2954 3721 3042 fastis
3766 2953 3972 3042 confuse

2464 3025 2673 3108 prolati.
2703 3025 3025 3108 abinviccm
3059 3032 3456 3108 distinguuntur:
3507 3035 3554 3107 et
3609 3039 3794 3108 eorum
3844 3025 3973 3103 .4ch

2464 3094 2685 3164 breviter
2748 3105 3112 3157 illustrantur.
3191 3094 3574 3151 Persecutionis
3637 3094 3972 3149 Constantini

2467 3178 2780 3246 Copronymi
2805 3174 2972 3227 brevis
2993 3172 3212 3224 historia
3243 3179 3288 3220 ct
3321 3168 3657 3219 c/u'onotaxis
3683 3166 3971 3215 exhibetur.

2462 3273 2545 3326 ll.
2588 3270 2905 3338 Hosseptem
2937 3265 3184 3321 Sanctos.
3215 3259 3303 3330 qui
3336 3272 3524 3312 omnes
3565 3257 3668 3310 sub
3697 3256 3975 3324 Coprony-

2389 3383 2477 3420 mo
2507 3365 2650 3418 varia
2699 3369 2988 3422 tormenta,
3024 3366 3078 3412 et
3102 3363 3352 3417 mortem,
3391 3364 3498 3405 uno
3543 3358 3798 3418 excepto,
3829 3349 3970 3415 passi

2395 3469 2541 3521 sunt,
2575 3458 2663 3510 hic
2691 3457 2843 3524 juxta
2885 3452 3081 3505 seriem
3119 3448 3386 3501 mensium
3439 3453 3493 3496 et
3521 3444 3738 3495 dierum
3777 3443 3974 3510 quibus

2391 3553 2641 3606 coluntur
2708 3545 3048 3615 subiicimus,
3079 3556 3145 3596 ex
3190 3553 3298 3607 quo
3341 3537 3500 3590 simul
3553 3535 3838 3604 apparebit
3871 3550 3975 3601 quo

2392 3645 2509 3698 loco
2543 3646 2592 3694 in
2627 3656 2793 3709 opere
2816 3645 3003 3690 nostro
3047 3634 3112 3687 de
3148 3632 3214 3685 iis
3251 3639 3429 3683 actum
3459 3628 3549 3688 sit,
3577 3635 3674 3678 aut
3707 3626 3758 3677 in
3793 3637 3974 3694 poste-

2395 3748 2513 3787 rutn
2546 3732 2811 3803 agendum
2845 3743 2902 3782 ει
2939 3726 3031 3779 Die
3082 3738 3192 3779 xvtt
3231 3719 3425 3776 Martii.
3463 3716 3500 3771 S
3559 3717 3762 3772 Paulus
3790 3731 3976 3769 mona-

2393 3826 2530 3882 chus
2553 3833 2605 3878 et
2633 3832 2834 3891 martyr
2871 3820 2920 3871 in
2959 3818 3113 3871 Creta
3143 3831 3229 3879 ;—-
3270 3828 3354 3866 xvt
3386 3811 3529 3872 Maii,
3558 3809 3616 3862 S.
3648 3808 3845 3861 Petrus
3874 3806 3974 3859 Ca-

2395 3919 2560 3989 lybita
2592 3924 2646 3969 et
2677 3922 2875 3980 martyr
2900 3910 2952 3962 in
2983 3905 3314 3966 Blachernis,
3351 3916 3518 3971 prope
3549 3899 3766 3967 Cpolim
3809 3915 3894 3956 ;——
3929 3913 3974 3947 tv

2396 4010 2566 4072 Junii,
2620 4006 2678 4059 S.
2729 4001 2966 4057 Joannes
3020 3997 3306 4065 lilonagria:
3356 3991 3736 4059 Hegumenus,
3780 3994 3976 4056 martyr

2397 4098 2547 4168 Cpoli
2588 4113 2677 4161 ;—-
2701 4108 2790 4148 vui
2835 4091 2985 4156 Julii,
3017 4089 3074 4143 S.
3107 4087 3302 4142 Paulus
3333 4082 3514 4137 Novus
3549 4093 3758 4149 martyr
3783 4079 3931 4149 Cpoli
3959 4096 3973 4141 ς

2397 4219 2464 4230 -
2510 4205 2576 4242 xx
2611 4184 2875 4246 Octobris,
2911 4182 2968 4236 S.
3023 4180 3265 4234 Andreas
3318 4173 3623 4230 monachus
3679 4171 3974 4228 Cretensis.

2397 4282 2575 4336 dictus
2605 4279 2657 4330 in
2699 4275 2856 4338 Crisi,
2894 4281 3090 4340 martyr
3123 4268 3275 4338 Cpoli
3308 4284 3395 4330 ;--
3429 4278 3599 4317 xxx-nl
3636 4261 3891 4317 Octobris
3915 4259 3974 4325 (τῇ

2402 4370 2459 4422 S.
2513 4368 2820 4435 Stephanus
2869 4363 2956 4432 qui
3013 4362 3066 4414 itt
3126 4358 3407 4427 Sugdtcam
3438 4354 3716 4420 relegatus
3749 4363 3877 4414 est;
3916 4380 3976 4388 —-

2405 4476 2568 4515 xxvm
2621 4454 2962 4520 Novembris,
3033 4451 3090 4504 S.
3149 4448 3461 4519 Stephanus
3504 4443 3726 4508 Junior,
3786 4454 3979 4511 martyr

2332 4550 2374 4603 ί)
2402 4555 2574 4628 Cpoli.
2613 4584 2681 4595 —-
2707 4550 2888 4604 Placet
2916 4556 2970 4602 et
3009 4547 3076 4600 de
3107 4545 3188 4598 his
3227 4542 3479 4597 omnibus
3514 4539 3784 4592 nonnulla
3819 4538 3956 4589 disse

2407 4665 2546 4710 rere,
2582 4662 2644 4702 ex
2697 4643 2892 4714 quibus
2941 4641 3121 4693 lumen
3181 4634 3396 4704 aliquod
3461 4630 3839 4700 persecutioni
3879 4628 3978 4681 Co-

2409 4739 2770 4811 prouymianaa
2830 4732 3062 4788 aﬂusum
3119 4727 3180 4782 iri
3231 4741 3408 4795 spero.
3456 4725 3529 4777 De
3573 4724 3859 4800 primocx
3905 4722 3981 4774 his

2407 4840 2635 4901 septem,
2663 4840 2855 4895 nempe
2893 4825 2959 4878 de
2994 4822 3052 4876 S.
3087 4819 3252 4873 Paulo
3279 4824 3512 4888 martyre
3555 4815 3609 4869 in
3653 4817 3838 4879 Creta,
3866 4830 3981 4884 ege-

2409 4933 2536 4978 runt
2561 4922 2874 4976 deccssores
2904 4916 2970 4968 ad
3001 4915 3141 4970 dietn
3175 4911 3345 4966 Martii
3379 4909 3685 4963 iudicatum
3718 4909 3858 4979 (ΞΛ).
3887 4909 3983 4962 ibi-

2407 5030 2512 5084 que
2542 5030 2604 5068 ex
2637 5012 2781 5066 Actis
2808 5009 2864 5063 S.
2900 5006 3159 5078 Stephani
3184 5004 3448 5063 .lunioris,
3485 5017 3516 5054 a
3548 5000 3892 5070 Lipomanuo
3925 5014 3981 5053 cx

2410 5104 2767 5176 Metaphraste
2797 5101 2989 5155 Latine
3039 5095 3288 5166 vulgatis,
3315 5094 3434 5147 loco
3459 5092 3646 5160 aliquo
3678 5088 3878 5161 insigni
3925 5089 3983 5141 de

2412 5198 2648 5252 S.Paulo
2676 5197 2927 5257 adducto,
2963 5190 3296 5245 concludunt
3325 5200 3448 5241 eum
3484 5185 3538 5236 in
3565 5185 3749 5252 Cypro
3775 5190 3978 5253 passum

2409 5308 2564 5358 esse;
2596 5305 2780 5344 verum
2815 5302 2937 5340 eum
2971 5285 3024 5338 in
3077 5285 3188 5354 ipsa
3235 5281 3392 5336 Creta
3421 5292 3650 5346 passum
3685 5293 3811 5332 esse
3842 5275 3982 5329 nobis

2409 5385 2629 5439 omnino
2659 5379 3000 5435 manifestum
3033 5386 3135 5433 est.
3167 5375 3306 5430 Sunt
3331 5371 3472 5426 enim
3504 5372 3572 5424 ad
3607 5385 3840 5424 tinuum
3867 5369 3980 5420 Acta

2409 5475 2650 5545 ejusdem
2678 5472 2937 5542 Stephani
2969 5469 3229 5530 Junioris,
3262 5463 3675 5519 accuratissime
3698 5478 3730 5514 ει
3761 5461 3980 5530 quodam

2411 5569 2687 5636 Stephano
2747 5566 2982 5619 Diacono
3038 5559 3367 5629 conscripta.
3412 5557 3550 5608 Dum
3605 5555 3759 5608 hunc
3819 5555 3982 5621 itaque

2486 5775 2596 5836 (‘33)
2633 5770 2696 5824 Τ.
2733 5766 2772 5821 11
2804 5765 2968 5836 .lunii.
3005 5771 3368 5836 p.17e‘t‘seqq.

2487 5831 2597 5910 (24)
2626 5839 2687 5893 Τ.
2724 5836 2764 5891 11
2795 5831 3076 5901 Μιλτιίἱίι).
3111 5831 3235 5899 609.
