4136 6528
186 470 323 534 1089

1284 481 1453 541 νιΤΑ
1492 480 1550 538 S.
1586 479 1915 540 ANDREAS
1972 480 2051 539 IN
2107 482 2330 542 CRISI.

3305 481 3440 544 1090

176 596 497 641 narrantem
528 587 703 641 secuti
737 601 931 643 sumus
953 589 1088 659 (25),
1115 593 1761 663 deprehendimusillico,
1794 602 1834 657 Α
1868 595 2243 665 persecutione
2273 611 2392 666 qua:
2437 595 2672 666 praefecti
2729 595 3073 667 imperatoris
3126 595 3359 651 diversis
3391 597 3443 649 in

176 679 258 734 vel
283 679 444 749 Cypri
471 693 675 732 nomen
709 680 970 736 mendose
1006 683 1058 736 in
1081 686 1326 741 codicem
1351 687 1666 756 Lipomanni
1693 690 1762 742 ir-

174 775 415 842 repsisse
449 772 530 825 vel
559 775 737 841 ipsum
789 773 1146 844 interpretem
1190 780 1489 833 oscitanria:
1531 796 1762 850 arguen-

171 864 298 918 dum
323 880 466 918 esse.
497 865 575 919 En
608 867 887 933 quomodo
915 869 1050 921 eain
1074 869 1129 924 S.
1174 869 1432 942 Stephani
1455 873 1762 942 antiquiore

172 956 292 1010 V'ita
327 968 627 1011 narrentur
659 956 795 1026 ('26).
836 958 1022 1027 Itaque
1058 960 1110 1014 in
1161 965 1395 1017 medium
1428 963 1626 1034 prodiit
1653 969 1762 1017 An-

169 1049 354 1105 tonius
388 1067 452 1104 ex
505 1049 665 1106 Creta
720 1050 921 1116 insula,
947 1051 1036 1120 qui
1089 1053 1156 1108 de
1190 1057 1402 1110 victima
1433 1056 1540 1111 Deo
1569 1057 1761 1111 immo-

165 1141 269 1196 lata
313 1143 397 1196 bis
428 1142 611 1197 verbis
639 1143 857 1196 locutus
886 1152 970 1196 est
1004 1162 1017 1197 :
1049 1143 1333 1209 Quomodo
1365 1149 1480 1202 sine
1512 1149 1761 1218 lacrymis

164 1234 379 1304 egregia
411 1235 624 1289 abbatis
655 1236 792 1304 (quo
818 1235 1088 1289 vocabulo
1119 1253 1227 1292 non
1277 1239 1450 1293 solum
1484 1249 1758 1294 monaste-

164 1325 233 1378 rii
271 1327 692 1389 moderatorem,
721 1327 835 1380 sive
873 1326 1204 1395 ήγσὺμενον,
1241 1333 1335 1384 sed
1361 1343 1550 1386 omnes
1574 1347 1759 1384 mona-

162 1417 297 1472 chos
328 1416 499 1471 Graeci
555 1418 698 1470 illius
739 1420 1010 1488 temporis
1045 1421 1370 1492 plerumque
1419 1423 1757 1492 nuncupant)

162 1507 312 1563 Pauli
346 1510 642 1565 certamina
692 1511 747 1564 in
798 1521 1041 1565 vestrum
1085 1526 1439 1584 conspectum
1473 1516 1757 1578 adducam,

161 1604 459 1656 venerandi
491 1601 718 1658 Patres?
763 1604 853 1658 Vi‘r
885 1605 976 1657 ille
1011 1621 1318 1674 generosus
1365 1623 1393 1660 a
1428 1607 1763 1674 'l‘heOphane

158 1705 529 1763 cognomento
563 1695 886 1767 Lardotyro,
921 1696 1123 1750 insula:
1176 1699 1576 1765 archisatrapa,
1614 1712 1762 1749 com-

163 1788 493 1856 prehensus,
556 1789 608 1841 in
668 1790 986 1858 pra-torium
1047 1783 1287 1842 Hei-aelii
1341 1789 1764 1859 interrogandus

162 1879 434 1930 adductus
467 1890 568 1932 est.
597 1881 712 1932 lite.
750 1880 1022 1935 Antonius
1051 1881 1244 1948 igitur,
1283 1880 1414 1932 dum
1454 1881 1647 1933 insulae
1674 1895 1762 1933 ar-

1863 689 1994 744 locis
2028 687 2411 742 adhibuerant.
2451 689 2637 758 Itaque
2677 687 2730 742 in
2762 690 2998 743 medium
3039 688 3239 758 prodiit
3273 688 3441 743 Anto-

1860 781 1982 834 nius
2030 797 2094 834 ex
2147 781 2304 834 Creta
2371 780 2545 834 insula
2598 789 2705 834 etc.
2743 778 2885 848 (Cir.
2934 795 3102 848 supra
3144 795 3293 832 num.
3335 780 3446 849 11.)

1860 873 2089 928 Aliunde
2140 874 2384 928 inductio
2433 873 2521 926 illa
2570 873 2849 942 Cpolitana
2892 877 3106 940 quinta,
3147 887 3251 940 qua
3314 870 3440 925 novi

1861 964 2100 1036 praefecti
2134 965 2203 1018 ad
2249 963 2556 1034 provincias
2616 964 2766 1017 missi
2824 975 2971 1025 sunt,
2997 966 3249 1017 currebat
3277 980 3304 1016 a
3345 963 3446 1018 Se—

1865 1057 2104 1128 ptembri
2145 1058 2272 1111 anni
2300 1055 2420 1120 766,
2448 1057 2514 1111 ad
2540 1056 2914 1126 Septembrem
2947 1056 3071 1110 anni
3103 1054 3228 1119 767,
3265 1066 3314 1109 et
3344 1071 3451 1124 pra:

1862 1161 2009 1206 terea
2040 1160 2248 1204 certum
2280 1158 2363 1203 est
2413 1147 2470 1205 S.
2521 1147 2864 1212 Stephanum
2901 1148 3002 1202 hoc
3030 1162 3175 1202 anno
3204 1148 3328 1212 767,
3361 1148 3447 1202 die

1861 1240 2356 1296 xxviiiNovembris
2373 1250 2625 1312 martyrio
2641 1249 2959 1296 caronatum
2981 1239 3162 1293 fuisse.
3189 1237 3325 1309 Ergo
3345 1239 3447 1292 sub

1861 1337 1976 1403 ipsa
2005 1334 2299 1388 indictione
2319 1334 2404 1386 illa
2427 1333 2636 1403 quinta.
2653 1343 2776 1386 ante
2799 1332 3172 1401 Septembrem
3194 1334 3320 1384 anni
3347 1331 3444 1384 767

1861 1426 2483 1496 contigeritmartyriuin
2513 1423 2570 1479 S.
2590 1427 2735 1479 Pauli
2765 1427 2817 1478 in
2838 1424 3100 1484 Creta,de
3139 1439 3248 1492 quo
3278 1421 3451 1476 Anto-

1861 1518 1988 1572 nius
2043 1518 2130 1571 ille
2172 1517 2447 1572 Cretensis
2499 1527 2704 1572 narrat.
2734 1517 2870 1571 Cum
2907 1531 3033 1569 vero
3059 1513 3114 1568 S.
3148 1503 3347 1568 Paulus
3378 1514 3442 1568 ad

1864 1607 2006 1660 diem
2043 1623 2149 1660 xvn
2168 1607 2340 1661 Martii
2370 1608 2421 1660 iii
2443 1606 2751 1663 Graecorum
2777 1606 2928 1661 lastis
2954 1611 3278 1658 ineinoretur
3302 1605 3436 1673 (55),

1866 1699 2001 1752 forte
2031 1716 2138 1752 non
2172 1699 2442 1753 immerito
2464 1700 2566 1753 hoc
2584 1699 2692 1758 die,
2724 1699 3022 1753 indictione
3052 1697 3263 1766 quinta,
3298 1711 3442 1751 anno

1866 1799 2259 1857 consequenter
2291 1787 2412 1854 767,
2435 1803 2555 1841 cum
2579 1803 2792 1856 passum
2812 1802 2931 1839 esse
2951 1787 3444 1854 pronuntiabimus.

1941 1878 2027 1932 15.
2081 1879 2214 1932 Cum
2270 1876 2325 1931 S.
2375 1877 2540 1932 Paulo
2584 1876 2650 1929 ad
2718 1875 2968 1928 eumdem
3050 1873 3194 1928 diem
3251 1875 3447 1929 colitur

167 1971 535 2039 chisatrapam
583 1980 994 2031 commemorat,
1028 1985 1146 2024 non
1197 1971 1262 2024 de
1303 1969 1484 2041 Cypro
1510 1972 1765 2040 loquitur,
1801 1955 1841 2009 Β
1874 1971 1930 2023 S.
1978 1968 2386 2023 Theosterictus
2422 1970 2555 2038 (54),
2595 1967 2892 2022 monachus
2937 1966 3245 2020 monasterii
3293 1964 3450 2020 Pele-

167 2061 326 2128 cujus
353 2064 500 2114 nulla
536 2064 591 2114 tit
623 2063 828 2116 mentio
863 2062 917 2114 in
957 2063 1038 2115 his
1078 2061 1234 2115 Actis
1260 2061 1315 2115 δ.
1353 2060 1644 2130 Stephani,
1673 2065 1768 2116 sed

166 2149 232 2203 de
263 2150 447 2214 Creta,
482 2167 548 2204 ex
593 2166 695 2220 qua
742 2152 1028 2215 oriundus,
1085 2151 1300 2219 Cpolim
1356 2151 1598 2206 advenit.
1634 2149 1767 2204 Cum

163 2258 298 2296 vero
330 2259 396 2297 ex
427 2246 615 2297 iisdem
665 2246 816 2297 Actis
857 2244 1265 2313 antiquioribus
1301 2241 1358 2296 S.
1400 2243 1681 2311 Stephani.
1718 2252 1772 2296 et

164 2333 605 2403 Mctaphrastaea,
636 2351 756 2402 quae
801 2335 1182 2403 Lipomannus
1216 2333 1403 2387 Latine
1440 2348 1592 2388 versa
1620 2332 1765 2386 exhi-

166 2426 282 2483 bet.
312 2439 366 2478 et
399 2429 602 2494 reliqua
640 2428 826 2479 omnia
873 2425 1266 2493 proﬂuxerint,
1301 2426 1522 2479 etiamsi
1569 2425 1772 2480 alicubi

162 2514 326 2583 Cypri
375 2531 574 2567 nomen
632 2517 897 2582 prodiret,
933 2531 996 2568 ev
1034 2516 1192 2568 Aetis
1242 2517 1650 2583 probatioribus
1685 2531 1770 2569 re-

164 2606 478 2674 spiiendum
516 2615 682 2658 esset.
716 2605 918 2658 Verum
951 2605 1122 2658 dubio
1172 2605 1349 2658 locum
1387 2608 1613 2659 omnino
1650 2606 1772 2658 nul-

165 2695 276 2750 lum
308 2698 590 2766 relinquit,
615 2697 760 2766 quod
787 2697 925 2750 libro
950 2697 1133 2765 primo
1165 2695 1231 2750 de
1268 2694 1632 2750 Thematibus
1655 2695 1767 2764 (i7)

167 2787 339 2841 refert
367 2790 768 2842 Constantinus
802 2785 1349 2859 l’orpliyrogenucta,
1378 2789 1618 2861 Cyprum
1661 2790 1769 2844 sci-

163 2879 309 2940 licet,
346 2879 415 2928 ab
458 2878 689 2933 Heraclii
744 2890 987 2949 tempore
1023 2898 1198 2949 usque
1238 2884 1304 2937 ad
1354 2883 1618 2936 Basilium
1661 2882 1770 2935 Ma-

159 2969 455 3030 cedonem,
491 2985 518 3020 a
542 2969 831 3022 Saracenis
863 2969 1031 3022 fuisse
1057 2983 1408 3040 occupatam,
1446 2973 1500 3026 in
1532 2989 1764 3042 quorum

159 3069 516 3130 potestatem,
552 3072 860 3131 postquam,
883 3063 1080 3116 Basilio
1112 3067 1438 3133 imperante,
1473 3081 1570 3132 per
1590 3081 1764 3118 annos

161 3164 378 3221 Septem
440 3152 672 3206 inissent
718 3153 952 3223 depulsi,
1008 3154 1208 3208 iterum
1256 3154 1499 3208 devenit.
1537 3155 1609 3205 lix
1657 3169 1766 3223 quo

161 3247 522 3298 manifestum
555 3257 638 3299 est
666 3245 1073 3316 Copronyinum
1108 3246 1289 3316 Cypro
1345 3261 1632 3315 nunquam
1668 3248 1767 3299 iiii—

1873 2068 2025 2122 cetae,
2056 2059 2108 2112 in
2139 2060 2263 2112 Asia
2306 2060 2370 2111 ad
2427 2058 2832 2127 Hellespontcm
2871 2056 2957 2110 siti
3003 2057 3136 2126 (35),
3168 2073 3271 2110 non
3300 2057 3443 2126 quod

1872 2167 1938 2204 co
1970 2151 2056 2205 die
2090 2151 2290 2205 obierit
2349 2153 2496 2220 (nam
2542 2150 2911 2204 conlessorem
2960 2164 3082 2202 eum
3114 2149 3302 2203 dicunt
3337 2148 3447 2204 Me-

1871 2262 1982 2298 iuea
2017 2246 2128 2312 (36)
2158 2259 2210 2298 ei
2261 2247 2314 2298 in
2368 2261 2496 2310 pace
2554 2242 2871 2312 mortuum),
2915 2243 3008 2296 sed
3062 2243 3206 2310 quod
3256 2242 3445 2298 eodem

1872 2337 1989 2389 loco
2026 2337 2137 2405 (57)
2169 2335 2427 2389 Actorum
2461 2334 2516 2388 S.
2553 2334 2838 2402 Stephani,
2867 2342 2991 2400 post
3043 2333 3243 2386 dictum
3271 2331 3445 2386 Anto-

1873 2429 2022 2481 nium
2047 2426 2389 2490 Cretensem,
2424 2425 2837 2478 Theostcrictus
2876 2424 3242 2476 narrationem
3284 2422 3443 2477 insti-

1874 2528 2006 2582 tuat,
2040 2521 2107 2572 de
2144 2519 2405 2572 martvrio
2452 2515 2669 2587 triginta
2725 2523 2848 2568 octo
2889 2513 3282 2568 monachorum
3334 2530 3451 2567 ino-

1871 2607 2096 2658 nasterii
2155 2605 2237 2658 sui
2291 2605 2398 2658 Hos
2456 2605 2619 2673 igitur
2671 2603 2801 2658 dicit
2853 2619 2882 2657 a
2933 2603 3447 2658 Lachanodraconto

1871 2695 2149 2766 praefecto,
2188 2697 2321 2749 feria
2370 2700 2559 2764 quinta
2595 2700 2646 2750 in
2674 2696 2838 2752 Coma
2877 2696 3110 2761 Domini,
3168 2697 3221 2749 in
3255 2712 3444 2750 mona-

1871 2789 2038 2842 sterio
2102 2803 2204 2843 suo
2275 2787 2537 2842 Pciecetie
2604 2789 3033 2857 comprehensos
3086 2802 3447 2856 csse,eoque

1871 2889 2101 2947 vastato,
2133 2881 2200 2935 ab
2234 2879 2423 2934 eodem
2474 2878 2987 2933 Laelianodi-aconte
3039 2893 3226 2932 versus
3262 2879 3444 2947 Ιέριιρ-

1871 2991 1989 3030 sum
2015 2976 2301 3040 abductos,
2327 2973 2398 3029 ibi
2422 2977 2663 3043 martyrii
2691 2973 2918 3041 palmam
2938 2972 3257 3026 obtinuisse.
3282 2971 3448 3026 Porro

1872 3065 2016 3118 inter
2050 3065 2360 3134 praefectos,
2393 3079 2528 3133 quos
2558 3079 2710 3117 num.
2745 3065 3069 3133 prtecedenti
3105 3079 3133 3116 a
3165 3063 3444 3132 Coprony-

1870 3169 1981 3217 mo,
2003 3153 2302 3208 indictione
2329 3156 2535 3222 quinta,
2563 3154 2614 3206 iii
2645 3155 2951 3221 provincias
2981 3156 3172 3207 missos
3198 3168 3318 3207 esse
3359 3153 3445 3205 di-

1871 3248 2070 3320 ximus,
2096 3247 2412 3299 nominatur
2442 3261 2471 3298 a
2497 3243 2824 3314 Theophane
2853 3245 2966 3315 ipse
2994 3244 3444 3300 Lachanodracon

165 3353 415 3404 periisse,
448 3354 630 3406 neque
678 3339 744 3390 ab
770 3339 1010 3391 Antonio
1036 3340 1127 3391 illo
1159 3356 1222 3392 ex
1262 3338 1447 3405 Creta,
1475 3342 1603 3392 dum
1635 3355 1764 3392 nar-
1800 3321 1841 3380 ο
1877 3337 1983 3398 ille,
2013 3338 2100 3392 cui
2128 3339 2312 3392 thema
2349 3339 2488 3393 Asiae
2518 3337 2738 3392 Minoris
2785 3341 3039 3392 traditum
3072 3340 3278 3401 scribit,
3317 3335 3447 3390 alias

165 3432 446 3483 rationem
477 3445 629 3482 suam
677 3430 926 3493 absolvit,
951 3430 1018 3483 tle
1045 3430 1211 3498 Cypri
1243 3433 1500 3499 praelecto
1534 3430 1638 3482 dici
1670 3446 1767 3498 po-

167 3523 343 3578 tuisse
377 3522 493 3591 (28)
531 3542 541 3574 ;
576 3521 666 3577 Sic
719 3531 963 3576 sanctum
998 3523 1176 3576 virum
1232 3522 1609 3577 holocaustum
1646 3523 1768 3592 igne

159 3616 358 3667 eﬂccit
393 3629 628 3682 nequam
677 3616 1006 3683 imperatore
1057 3618 1431 3687 (Copronymo
1487 3617 1766 3685 nimirum)

159 3710 403 3776 nequior
430 3709 735 3778 pral‘ectus,
764 3708 849 3760 ille
876 3723 1070 3777 nempe
1108 3707 1477 3776 TheOphaiies
1507 3710 1769 3779 Lardoty-

160 3817 286 3866 rus,
321 3801 389 3854 de
420 3816 528 3869 quo
552 3813 734 3866 supra.
765 3798 868 3851 Sed
902 3801 966 3852 de
996 3798 1158 3852 Creta
1188 3801 1374 3869 utique
1402 3811 1614 3871 poterat
1636 3802 1767 3865 dici,

157 3910 336 3962 quam
374 3893 515 3943 idem
555 3889 1073 3960 Porphergcniieta
1110 3893 1334 3946 nonnisi
1371 3895 1476 3948 sub
1506 3893 1769 3948 Micliacle

159 3982 340 4034 Balbo
371 3995 401 4032 a
438 3979 728 4033 Saracenis
751 3991 965 4050 captam
993 3981 1230 4034 alIiriiia-t
1259 3981 1394 4050 (‘29).

237 4071 329 4126 12.
371 4069 608 4142 Tempus
659 4073 898 4142 martyrii
935 4086 999 4125 ex
1048 4073 1410 4143 Theophane,
1452 4089 1574 4127 cum
1617 4071 1770 4149 Actis

1871 3429 2071 3482 dictum
2099 3430 2537 3484 Tliracesiorum.
2563 3431 2852 3499 Perperam
2875 3432 3074 3500 itaque,
3113 3440 3167 3484 ut
3194 3431 3243 3483 id
3274 3431 3448 3486 obiter

1870 3529 2072 3578 notem,
2111 3518 2323 3575 Gaurus
2356 3522 2440 3575 hic
2473 3522 2651 3576 thema
2680 3521 3068 3578 Tliracensium
3116 3524 3446 3591 interpreta-

1874 3618 1959 3664 tus
1994 3623 2076 3664 cst
2117 3611 2268 3680 (58);
2298 3629 2422 3666 nam
2479 3613 2670 3666 horum
2722 3613 2900 3668 thema
2940 3615 2990 3665 in
3036 3611 3244 3683 EurOpa
3282 3616 3444 3671 situm

1871 3713 2007 3766 erat,
2036 3701 2455 3760 Thracesioruiii
2488 3721 2614 3758 vero
2648 3706 3111 3774 complectebatur
3136 3709 3317 3761 Asiam
3345 3707 3447 3760 Mi-

1872 3809 2081 3847 norem.
2121 3795 2379 3863 Apprime
2419 3811 2480 3848 ca
2508 3795 2815 3864 distinguit,
2846 3794 3008 3848 simul
3048 3811 3236 3849 vocum
3267 3807 3444 3867 etyma

1875 3889 2112 3951 tradens,
2147 3889 2545 3945 Constantinus
2585 3888 3102 3959 Porpliyrogenneta
3140 3891 3191 3944 in
3232 3893 3448 3948 laudato

1871 3993 2036 4051 opere
2075 3978 2141 4032 de
2169 3975 2524 4034 Thematibus
2573 3983 2708 4049 (59).
2744 3982 2969 4035 liidittio
3001 3993 3183 4036 autem
3235 3987 3444 4052 quinta,

1867 4073 1979 4142 jam
2014 4071 2273 4136 indicata,
2319 4072 2632 4142 incipiebat,
2670 4083 2723 4128 ut
2772 4073 3030 4137 diximus,
3063 4091 3092 4128 a
3137 4068 3457 4145 Septembri

147 4166 212 4219 S.
253 4160 526 4234 Stephani
557 4163 750 4217 collato
785 4168 864 4218 sic
903 4165 1065 4218 statui
1103 4166 1308 4234 potest.
1352 4163 1546 4219 Narrat
1580 4166 1669 4220 ille
1703 4168 1770 4219 ad

147 4267 378 4309 annoin
437 4256 625 4310 mundi
681 4253 842 4318 6257,
898 4257 999 4307 sub
1056 4255 1360 4309 indictione
1392 4266 1586 4325 quarta
1627 4257 1768 4325 (50),

145 4348 582 4417 Copronyiiium
611 4349 865 4400 omnibus
892 4345 1123 4400 subditis
1148 4348 1530 4417 juiamentum
1561 4364 1772 4417 praece-

143 4443 342 4511 pisse.
407 4455 472 4491 ne
544 4438 875 4508 imaginibus
935 4441 1351 4494 venerationem
1405 4441 1766 4506 exhiberem;

141 4552 314 4588 anno
349 4547 479 4586 vero
508 4543 776 4600 sequenti,
812 4535 1106 4587 indictione
1151 4533 1346 4604 quinta
1399 4534 1536 4602 (51),
1572 4534 1769 4601 praefe-

138 4634 280 4681 ctos
314 4625 376 4680 in
418 4627 725 4695 provincias
753 4642 846 4678 seu
887 4629 1123 4680 themata
1157 4626 1399 4689 misisse,
1423 4629 1518 4695 qui
1548 4631 1764 4680 easdem

138 4723 224 4776 ibi
257 4724 320 4773 in
342 4719 807 4788 monachos,qu:is
841 4720 953 4786 ipse
981 4717 1158 4786 Cpoli,
1184 4717 1416 4772 ederent
1448 4717 1763 4785 tragoedias.

131 4817 334 4870 Porro
373 4813 645 4874 monachi,
677 4816 764 4881 qui
802 4829 944 4867 anno
979 4811 1074 4864 767
1115 4826 1247 4866 cum
1287 4810 1344 4864 S.
1391 4811 1678 4879 Stephano
1712 4813 1764 4863 in

131 4917 391 4961 carcere
459 4904 693 4970 praetorii
731 4906 1104 4964 versabantur,
1139 4903 1210 4956 de
1250 4898 1582 4956 ertidelitafe
1631 4916 1764 4968 pra:-

131 5001 438 5054 fectorum
492 4997 546 5047 iu
602 4996 894 5063 provinciis
941 4996 1175 5065 plurima
1262 5001 1575 5050 memorant
1628 4991 1758 5062 (5‘2).

129 5095 293 5151 Cum
335 5100 523 5143 autem
577 5090 810 5155 quadam
849 5083 936 5141 die
972 5104 1078 5141 una
1108 5103 1232 5141 cum
1283 5087 1486 5142 vinetis
1515 5085 1635 5137 aliis
1668 5085 1762 5136 Pa.

132 5188 346 5243 tribus
406 5184 621 5234 sederet
664 5179 741 5231 vir
798 5190 1039 5242 sanctus,
1091 5195 1274 5232 sermo
1329 5191 1516 5235 motus
1565 5188 1646 5232 est
1698 5177 1764 5232 de

1873 4167 1999 4219 anni
2032 4168 2170 4232 766;
2205 4169 2298 4222 sed
2331 4183 2454 4221 cum
2481 4167 2892 4222 Tlieostcrictus
2923 4169 3310 4222 monasterium
3343 4169 3444 4223 Pe-

1873 4260 2054 4312 lcceta:
2101 4275 2130 4311 a
2191 4259 2730 4323 Lachanodracoute,
2769 4261 2898 4312 feria
2955 4264 3140 4327 quinta
3178 4261 3229 4314 in
3278 4262 3443 4315 Coena

1872 4350 2106 4414 Domini,
2144 4351 2390 4406 invasum
2438 4361 2643 4416 narret,
2688 4354 2978 4407 dicendum
3023 4354 3126 4405 erit
3179 4353 3231 4406 id
3267 4355 3445 4408 conti-

1871 4447 2012 4516 gisse
2036 4461 2179 4498 anno
2203 4446 2324 4510 767,
2354 4445 2442 4500 dic
2485 4461 2570 4497 λνι
2604 4447 2825 4512 Aprilis,
2862 4443 3078 4513 quando
3111 4443 3311 4498 l’asclia
3356 4446 3444 4500 die

1873 4552 1981 4589 XIX.
2017 4534 2331 4604 Martyrium
2363 4545 2542 4587 autem
2575 4535 2789 4604 triginta
2821 4544 2944 4588 octo
2964 4535 3233 4588 sociorum
3264 4535 3442 4589 Theo-

1873 4629 2100 4688 stericti,
2131 4627 2272 4694 quod
2314 4626 2366 4678 in
2422 4625 2621 4694 Ephesi
2667 4625 2910 4695 partibus
2945 4626 3186 4697 contigit,
3222 4627 3442 4697 alligen-

1873 4719 1999 4772 diiiii
2033 4728 2117 4772 cst
2167 4718 2408 4786 profecto
2450 4721 2623 4771 eitlein
2669 4733 2812 4771 anno
2856 4720 2976 4780 769,
3016 4718 3282 4787 siquidem
3317 4729 3443 4772 ante

1869 4811 2029 4865 tinem
2062 4811 2382 4864 Novembris
2415 4810 2557 4864 illius
2591 4809 2810 4873 anni,S.
2841 4809 3118 4878 Stephano
3147 4811 3200 4864 in
3225 4825 3448 4865 carcere

1869 4912 2146 4955 narratum
2181 4901 2300 4954 fuit.
2339 4900 2486 4952 Diem
2511 4901 2748 4968 martyrii
2780 4902 3040 4969 assignari
3071 4899 3208 4950 forte
3243 4897 3440 4966 poteri-

1869 5010 1990 5048 mus
2019 4998 2070 5048 iii
2120 4994 2263 5048 hunc
2315 4995 2558 5049 modum.
2587 4994 2806 5047 Ohtiiiet
2838 4993 3054 5062 quidem
3099 4991 3211 5045 haec
3248 5000 3442 5059 marty-

1869 5103 1987 5142 rum
2043 5088 2241 5143 cohors
2318 5087 2373 5139 in
2448 5086 2826 5156 Martyromgio
2884 5086 3130 5138 Romano
3188 5087 3330 5136 diem
3368 5097 3441 5138 XII

1865 5180 2128 5244 Januarii,
2184 5180 2248 5232 ad
2296 5192 2455 5248 quem
2510 5181 2822 5232 decessores
2877 5177 3042 5230 nostri
3090 5175 3157 5230 de
3205 5175 3269 5228 iis
3319 5189 3448 5251 egeo

1795 4671 1845 4729 D

212 5361 352 5434 (~25)
391 5358 648 5434 Analecta
675 5356 876 5434 Graeca.
902 5356 1070 5434 lfaris,
1097 5357 1260 5434 _l688,
1291 5373 1346 5426 p.
1380 5357 1510 5413 504.
1935 5363 2047 5433 (55)
2085 5361 2156 5434 Τ.
2187 5360 2228 5434 11
2265 5359 2461 5424 Martii,
2495 5377 2546 5428 p.
2574 5359 2696 5414 609.

209 5428 348 5503 ('25)
389 5430 648 5503 Analecta
678 5428 884 5491 ϐῆναι,
907 5429 1025 5503 100.
1061 5429 1152 5481 cit.
1937 5428 2048 5502 (5.1)
2085 5432 2219 5503 ibid.

214 5497 350 5572 {27)
396 5500 539 5572 Edlt.
577 5497 779 5572 Betim,
808 5518 859 5568 ι».
895 5499 1093 5572 ἆυκω

1939 5497 2051 5572 (35)
2089 5502 2150 5554 'r.
2186 5503 2204 5558 i
2237 5500 2435 5571 April..
2468 5516 2523 5569 p.
2557 5501 2644 5554 50.

211 5567 348 5642 (23)
390 5568 648 5644 {Hlalccm
675 5567 881 5644 Graeca,
913 5589 964 5639 ρ.
995 5567 1114 5622 505.
1938 5567 2048 5644 (36)
2080 5575 2160 5626 Ad
2192 5567 2334 5626 diem
2369 5567 2481 5624 xvu
2511 5573 2712 5632 Martii,
2741 5569 2833 5625 Cir
2855 5571 2984 5624 Acta
3016 5568 3138 5635 55.,
3171 5580 3209 5637 t,
3243 5568 3438 5622 "Mar-

212 5636 347 5710 (ἓν)
385 5636 466 5710 [δυ
492 5645 694 5710 artium.
725 5641 883 5707 lmp.,
913 5636 1031 5710 cap.
1060 5656 1188 5694 χχιι.

1868 5636 1955 5708 iii,“
1984 5636 2044 5710 pf
2075 5645 2197 5697 609.

207 5707 339 5836 (ἔδυ)
381 5707 736 5822 'I;.r_i.eophanis
791 5707 1256 5780 Clii'onbgrupttia,
1319 5710 1532 5768 Bonna:
1589 5713 1759 5779 1839,

255 5824 269 5836 .
311 5797 370 5836 n.
425 5782 531 5830 ηε).

1936 5707 2049 5797 (57)
2082 5715 2153 5765 De
2189 5727 2292 5782 qua
2339 5715 2573 5778 ratione,
2608 5711 2731 5768 vide
2769 5725 2953 5780 sopra,
2988 5726 3042 5764 Ii.
3084 5713 3112 5766 7
3154 5713 3439 5767 Commen-

1868 5797 2007 5836 tarii.

160 5829 172 5841 .
223 5785 269 5843 1,
310 5797 370 5843 ρ.
406 5782 531 5830 675.
1868 5782 2007 5838 tarii.

129 5799 172 5842 ι,
223 5797 269 5843 ι,
308 5797 370 5850 p.
406 5797 531 5830 mo.

209 5856 343 5923 (51)
388 5850 548 5923 ibid.,
583 5868 636 5920 p.
676 5849 798 5903 081.

211 5856 343 5923 (51)
388 5850 548 5910 ibid.,
583 5868 636 5920 p.
676 5850 798 5903 081.

211 5925 343 5999 (32)
389 5922 648 5974 Analecta
683 5923 880 5988 Crtet‘a,
915 5936 967 5992 p.
1003 5922 1121 5978 504.

1933 5854 2045 5924 (7»8)
2079 5851 2426 5923 TheOphaii.,
2465 5855 2503 5906 I.
2532 5871 2609 5916 c.,
2645 5867 2696 5922 p.
2729 5850 2854 5906 681.

1939 5922 2047 5990 (59)
2083 5924 2198 5979 Lib.
2239 5943 2274 5992 i,
2309 5927 2474 5978 them.
2518 5943 2595 5992 iii,
2628 5936 2680 5978 et
2703 5925 2792 5979 lib.
2823 5940 2854 5978 ti

1939 5922 2047 5990 (59)
2083 5924 2198 5979 Lib.
2239 5922 2274 5992 i,
2309 5927 2474 5978 them.
2518 5943 2595 5992 iii,
2628 5936 2680 5978 et
2703 5925 2792 5979 lib.
2823 5940 2880 5990 tt,
2912 5925 3081 5977 them.
3113 5938 3152 5977 ι.
