4136 6512
731 484 862 542 1091

2016 477 2298 536 MENSIS
2334 476 2702 539 OCTOBER.

3844 473 3963 538 1092

731 607 859 650 runt
895 597 1025 666 (40),
1064 599 1158 657 sed
1194 599 1242 652 hi
1277 599 1514 654 fatentur
1549 613 1607 652 se
1631 597 1683 651 in
1722 596 1886 650 nullis
1919 595 2070 650 fastis
2096 596 2164 649 ad
2219 595 2302 650 di-
2331 604 2377 659 Α
2413 596 2716 665 πτάμενος)
2770 611 2866 666 pro
2900 595 3100 650 Christi
3149 594 3376 667 imagine
3431 609 3627 660 caesus,
3661 594 3817 648 illum
3870 593 3964 646 Da-

729 699 879 743 Ctum
921 691 1063 744 diem
1113 693 1457 760 consignatos
1487 705 1578 744 eos
1613 689 1899 758 reperisse.
1946 687 2140 741 Postea
2175 702 2300 742 vero

728 782 946 837 eosdem
972 786 1161 836 obvios
1201 783 1510 837 habuerunt
1543 783 1594 834 in
1636 781 2033 850 pretiosissimo
2057 781 2300 850 Synaxa-

730 875 860 928 rista
911 874 1269 939 Chiﬂlctiano,
1309 876 1373 928 ad
1427 875 1565 927 diem
1615 889 1647 926 ιι
1695 873 1869 936 Junii;
1905 887 2025 924 nam
2079 873 2298 926 eosdem

726 981 866 1030 esse,
907 983 972 1020 ex
1006 969 1314 1020 narratione
1356 964 1712 1018 Theostericti
1770 979 1892 1016 cum
1965 965 2299 1033 synaxarista

729 1060 820 1115 illo
844 1061 1035 1114 eullata
1055 1061 1194 1129 (41).
1215 1060 1438 1114 cuilibet
1462 1059 1805 1111 manifestum
1841 1056 1931 1110 fiet
1954 1097 1970 1120 ,
1992 1073 2298 1125 quanquam

729 1153 1134 1206 Henscheninm
1171 1163 1416 1206 nostrum
1449 1151 1498 1203 id
1538 1162 1646 1204 tum
1683 1151 1865 1218 fugere
1903 1152 2099 1218 potuit.
2134 1148 2302 1202 Porro

728 1246 983 1298 laudatus
1020 1245 1384 1314 synaxaristes
1435 1259 1540 1296 non
1590 1243 1763 1296 solum
1806 1243 1872 1295 ad
1909 1243 2049 1295 diem
2088 1257 2122 1294 ιι
2155 1235 2301 1294 Junii

723 1351 819 1389 eos
843 1337 1040 1405 signat,
1063 1337 1154 1389 sed
1186 1347 1441 1404 praeterea
1472 1337 1605 1387 satis
1634 1344 1825 1403 aperte
1850 1333 2088 1387 insinuat
2123 1334 2188 1385 iis
2213 1334 2302 1388 illo

723 1428 809 1482 die
850 1429 1082 1497 palmam
1117 1428 1357 1497 martyrii
1395 1426 1671 1495 obtigisse.
1707 1427 1779 1478 Ex
1817 1428 2012 1495 quibus
2034 1427 2306 1480 verisimi-

723 1520 849 1573 liter
879 1519 1198 1572 conficimus
1227 1519 1327 1570 hos
1353 1519 1671 1580 monachos,
1700 1533 1888 1570 mense
1917 1533 2036 1570 cum
2078 1518 2304 1570 dimidio

722 1620 1008 1679 postquam
1036 1610 1429 1663 monasterium
1470 1625 1628 1662 suum
1670 1609 1929 1663 Pelcceta:
1959 1618 2222 1663 vastatum
2253 1619 2306 1663 et

723 1705 1066 1755 combustum
1134 1702 1408 1762 viderunt,
1467 1718 1634 1771 prope
1689 1703 1964 1770 Ephesum
2014 1702 2306 1756 suﬂ'ocatos

724 1791 914 1852 fuisse.
959 1792 1044 1845 die
1076 1793 1286 1846 scilicet
1325 1809 1358 1846 ll
1390 1791 1537 1846 Junii
1567 1793 1690 1845 anni
1721 1795 1841 1848 757.

798 1881 884 1935 H.
924 1881 995 1936 De
1033 1881 1090 1936 S.
1127 1885 1283 1937 Petro
1325 1885 1390 1937 de
1447 1885 1776 1944 Blachernis.
1820 1901 1980 1955 quem
2039 1903 2192 1940 num.
2242 1889 2297 1942 11

2401 690 2621 744 cianum
2675 698 2729 744 et
2777 690 3248 758 prevaricatorem
3304 688 3472 742 libere
3508 687 3858 756 appellando,
3887 701 3969 740 su-

2400 781 2666 850 blatisque
2700 781 2763 834 ad
2791 780 2955 833 Deum
2991 780 3165 833 oculis
3195 778 3685 839 dicendo,Gratias
3723 779 3822 830 tibi
3858 793 3968 846 agn,

2402 874 2646 937 Domine,
2693 875 2745 927 iu
2801 875 2996 927 mediis
3033 873 3320 926 verberum
3375 873 3710 925 cruciatibus
3734 871 3969 939 exspira-

2401 967 2477 1018 vit
2502 965 2636 1032 (4-1).
2665 966 2741 1018 Ad
2786 966 2900 1019 hasc
2929 967 3160 1032 primum
3211 963 3546 1018 advertimus
3575 979 3724 1027 eum,
3753 962 3847 1031 qui
3896 962 3971 1013 hic

2402 1057 2692 1121 Dacianus,
2737 1058 2786 1111 id
2845 1068 2928 1111 est
2985 1067 3303 1126 persecutor
3350 1056 3691 1110 saevissimus
3725 1056 3974 1120 (45),”-

2402 1149 2656 1219 pellatur,
2689 1167 2716 1202 a
2746 1149 3110 1218 Metaphraste
3137 1150 3188 1201 in
3224 1149 3411 1203 eadem
3450 1149 3555 1200 vita
3581 1148 3729 1215 apud
3762 1147 3971 1200 Surium

2403 1243 2469 1295 ad
2499 1244 2640 1296 diem
2677 1257 2844 1296 xxvut
2881 1240 3144 1295 Novemb.
3173 1241 3446 1294 Juliauum
3499 1241 3829 1308 Apostatam
3860 1239 3971 1302 dici,

2403 1333 2547 1402 quod
2599 1332 2922 1401 Theophani
2985 1347 3209 1402 prorsus
3273 1347 3575 1386 consonum
3626 1340 3714 1384 est
3785 1336 3972 1399 (supra

2402 1440 2556 1480 num.
2593 1425 2700 1493 14).
2739 1425 2941 1479 Deinde
2969 1427 3172 1492 reliqua
3205 1424 3382 1477 omnia
3419 1439 3538 1491 quae
3572 1422 3629 1476 S.
3672 1423 3974 1490 Stephanus

2406 1528 2592 1572 narrat
2618 1520 2683 1571 de
2719 1518 2887 1571 Petro
2920 1518 2973 1569 in
3010 1516 3325 1570 Blachernis
3357 1515 3592 1578 incluso,
3625 1515 3767 1566 nihil
3808 1515 3975 1566 diver-

2406 1625 2524 1664 sum
2587 1609 2790 1662 habent
2833 1620 3027 1678 prater
3074 1610 3246 1663 solum
3298 1622 3519 1670 nomen,
3558 1609 3626 1658 ah
3661 1607 3728 1660 iis
3764 1623 3884 1673 qua:
3921 1607 3977 1660 de

2405 1701 2619 1755 Andrea
2647 1702 2701 1754 in
2733 1700 3046 1753 Blachernis
3079 1700 3322 1768 Calybita
3355 1699 3546 1752 scribit
3595 1697 3976 1766 Theophanes.

2409 1791 2676 1845 Praeterea
2713 1792 2758 1845 si
2793 1791 3174 1861 Tthphanes,
3213 1792 3303 1844 ubi
3355 1793 3419 1845 de
3455 1791 3614 1844 Petro
3647 1791 3837 1859 stylita
3864 1792 3979 1844 scri-

2409 1883 2491 1936 bit
2544 1884 2763 1952 (n.14),
2815 1901 2943 1938 vere
2994 1881 3212 1937 Petrum
3263 1883 3314 1934 in
3359 1882 3678 1936 Blachernis
3720 1884 3976 1936 inclusum

720 1986 844 2042 post
875 1973 930 2027 S.
964 1974 1522 2030 PaulumCretensem
1550 1980 1852 2045 posuimus.
1882 1979 2110 2046 plurima
2140 1981 2299 2034 etiam
2336 1975 2374 2028 Β
2405 1977 2735 2044 designaret,
2787 1992 2908 2045 quae
2965 1977 3030 2029 de
3083 1977 3187 2028 islu
3228 1987 3537 2038 narrantur,
3571 1992 3697 2029 cum
3767 1977 3977 2029 historia

722 2081 788 2120 ex
816 2067 964 2120 Actis
1000 2065 1057 2120 S.
1093 2066 1357 2137 Stephani
1391 2071 1764 2123 innotescunt.
1799 2069 2201 2138 Papehrochius
2234 2076 2299 2127 ad

720 2157 866 2212 diem
918 2175 1002 2211 xvi
1052 2159 1176 2212 Maii
1217 2161 1327 2227 (49.)
1379 2175 1443 2212 ex
1496 2160 1709 2213 laudato
1755 2164 2086 2230 synaxarista
2132 2162 2229 2218 Ms.
2265 2179 2294 2217 a

719 2249 992 2304 Chiftletio
1043 2260 1237 2304 nostro
1288 2262 1532 2320 accepto,
1576 2253 1641 2305 de
1688 2255 1747 2307 S.
1808 2255 1970 2308 Petro
2018 2258 2302 2323 sequentia

735 2341 1058 2410 depromit:
1103 2344 1161 2396 Ὀ
1213 2345 1269 2396 ἐν
1321 2345 1652 2416 Βλαχέρνσις
1704 2347 1927 2417 Πέτρος,
1978 2347 2299 2418 βθυνεύροις

720 2435 1063 2502 τυπτόμενος
1090 2435 1430 2501 calamitati;
1477 2439 1526 2489 id
1574 2447 1696 2492 est:
1732 2438 1925 2492 Petrus
1957 2439 2010 2492 in
2049 2438 2300 2492 Blacher-

723 2525 809 2577 nis
839 2525 1116 2588 habitans,
1151 2528 1353 2579 laureis
1376 2541 1566 2589 caesus,
1589 2530 1906 2596 martyrium
1940 2539 2300 2583 consummat.

724 2613 890 2669 Recte
939 2616 1344 2686 Papebrochius
1397 2617 1619 2687 conjicit
1656 2619 1742 2672 hic
1788 2623 1870 2689 agi
1923 2620 1991 2673 de
2041 2621 2303 2675 alterutro

723 2708 954 2760 duorum
989 2721 1310 2778 martyrum,
1346 2725 1486 2779 quos
1520 2712 1889 2780 Theophanes
1916 2713 1982 2767 ad
2013 2729 2215 2767 annum
2234 2715 2296 2769 21

723 2807 777 2853 et
805 2798 872 2851 27
911 2801 1233 2872 Coprouymi
1272 2802 1489 2868 refert;
1540 2818 1608 2856 en
1657 2803 1818 2872 hujus
1864 2805 2106 2859 historici
2136 2806 2301 2860 verba

729 2889 919 2944 Latine
954 2907 1105 2944 versa
1137 2893 1245 2962 (45)
1281 2911 1291 2944 :
1317 2893 1518 2946 Eodem
1546 2893 1704 2946 etiam
1733 2909 1873 2947 anno
1895 2896 2104 2962 (mundi
2134 2895 2292 2957 6253,

723 2980 1066 3039 Constantini
1102 2983 1193 3051 21)
1227 2983 1622 3039 Constantinus
1683 2996 1998 3052 persecutor
2033 2989 2302 3040 Andream

724 3074 1085 3126 venerabilem
1125 3074 1478 3135 menachum,
1512 3075 1814 3144 Calybitam
1845 3078 2070 3139 dictum,
2099 3079 2164 3132 ad
2187 3078 2306 3133 Bla-

726 3162 961 3214 chernas
996 3162 1358 3224 habitantem,
1387 3164 1440 3216 in
1488 3163 1672 3217 Sancti
1720 3165 2005 3220 Mamantis
2032 3169 2179 3222 circo
2211 3169 2305 3224 ﬂa-

725 3255 878 3324 gellis
925 3255 1225 3316 interfecit,
1255 3257 1400 3324 quod
1447 3256 1564 3326 ejus
1595 3256 1951 3326 impietatem,
1983 3275 2047 3312 eo
2083 3259 2305 3316 Valente

2409 2068 2465 2122 S.
2501 2069 2762 2137 Stephani
2798 2069 3049 2136 componi
3087 2083 3194 2121 non
3225 2076 3466 2136 possent.
3501 2067 3741 2121 Sanctus
3767 2068 3980 2136 Stepha-

2406 2176 2508 2214 nus
2532 2161 2700 2222 enim,
2739 2172 2798 2213 ut
2844 2176 2942 2213 suo
2971 2160 3091 2213 loco
3143 2160 3515 2228 probabimus,
3552 2175 3580 2212 a
3626 2175 3822 2213 mense
3856 2159 3980 2214 Nov.

2405 2251 2510 2304 763
2540 2232 2708 2316 usique
2735 2252 2799 2303 ad
2833 2251 2992 2303 finem
3025 2252 3151 2303 anni
3191 2249 3290 2302 766
3323 2251 3374 2302 in
3417 2251 3608 2304 exsilio
3645 2251 3772 2313 fuit,
3809 2263 3863 2304 et
3889 2255 3980 2304 cir-

2405 2345 2540 2398 citer
2562 2345 2626 2397 ab
2651 2345 2872 2398 ineunte
2901 2342 3165 2397 Januario
3203 2345 3302 2398 767
3331 2361 3454 2397 cum
3487 2344 3772 2413 praedictis
3807 2360 3982 2397 mona-

2403 2437 2523 2492 chis
2572 2438 2625 2490 in
2671 2451 2892 2491 carcere
2957 2435 3197 2488 Praetorii
3257 2435 3600 2489 versabatur.
3655 2434 3734 2487 Ex
3793 2437 3984 2505 quibus

2407 2527 2686 2596 probabile
2718 2528 2772 2578 tit
2801 2535 2930 2579 ante
2953 2525 3053 2579 765
3085 2523 3140 2578 S.
3169 2534 3458 2594 martyrem
3491 2525 3751 2588 Petrum,
3785 2527 3854 2577 de
3890 2539 3986 2594 quo

2410 2625 2616 2680 narrat,
2655 2616 3008 2680 occubuisse;
3043 2631 3163 2668 nam
3213 2617 3472 2684 alioquin,
3505 2619 3598 2684 qui
3647 2633 3767 2669 non
3799 2619 3985 2675 melius

2407 2710 2658 2764 monachi
2696 2709 2754 2764 S.
2799 2709 3103 2778 Stephano,
3137 2724 3294 2778 quam
3349 2708 3436 2761 hic
3483 2708 3614 2768 illis,
3667 2711 3984 2777 martyrium

2407 2803 2549 2856 istud
2583 2799 3174 2866 enarrassent?Neque
3210 2801 3270 2851 S.
3298 2798 3541 2850 Andreas
3573 2798 3628 2848 in
3675 2797 3987 2851 Blachernis

2409 2909 2574 2961 prope
2609 2893 2818 2960 (Zpolim
2857 2891 3155 2951 habitabat,
3185 2900 3240 2942 ut
3264 2889 3629 2958 TheOphanes
3660 2891 3879 2950 scribit.
3906 2890 3987 2944 sed

2406 2999 2470 3037 ex
2503 2983 2662 3036 Creta
2693 2982 2994 3037 adveniens
3034 2980 3097 3034 ad
3146 2979 3472 3034 Blachernas
3505 2994 3565 3032 se
3606 2981 3868 3044 contulit,
3907 2980 3986 3038 ubi

2407 3076 2786 3146 Copronymus
2819 3075 2873 3127 in
2907 3074 3103 3141 palatio
3151 3089 3250 3125 suo
3284 3071 3398 3124 Divi
3430 3070 3726 3125 lllamantis
3762 3071 3818 3124 in
3855 3087 3992 3124 mar-

2410 3177 2551 3238 tyres
2580 3167 2859 3228 saeviebat,
2889 3165 3213 3233 quibuscum
3240 3163 3385 3215 illico
3417 3169 3604 3214 lentus
3627 3171 3737 3214 est.
3769 3162 3991 3215 Testan-

2413 3270 2499 3312 tur
2530 3258 2580 3310 id
2608 3257 2739 3312 Aeta
2764 3266 2818 3309 et
2852 3255 3211 3325 Synaxarinm
3246 3267 3407 3320 supra
3446 3251 3682 3304 relatum
3721 3261 3902 3322 (num.
3923 3253 3993 3325 5).

721 3346 942 3413 juniore
987 3357 1042 3400 et
1086 3345 1305 3412 Juliano
1357 3349 1610 3414 vocitato,
1649 3350 1948 3419 arguisset;
1981 3351 2100 3418 ejus
2131 3363 2308 3405 autem
2337 3326 2378 3380 ο
2414 3349 2523 3403 Nec
2566 3350 2726 3402 etiam
2768 3358 3028 3418 tyrannus
3057 3346 3222 3411 jussit
3271 3359 3393 3396 eum
3432 3359 3606 3410 usque
3644 3347 3711 3396 ad
3768 3359 3991 3400 mortem

723 3450 922 3504 corpus
983 3438 1036 3489 in
1087 3437 1350 3490 ﬂuentum
1400 3439 1592 3508 projici
1649 3441 1910 3508 jusserat,
1945 3441 2040 3494 sed
2084 3441 2310 3498 Andreae

723 3541 940 3582 sorores
973 3527 1149 3597 ipSnm
1191 3528 1504 3594 etTcrt-ntes,
1543 3529 1598 3582 iit
1649 3529 1902 3585 Leucadii
1950 3535 2190 3602 emporio
2223 3551 2310 3589 se-

723 3620 957 3688 pultura:
990 3622 1340 3674 mandarunt.
1369 3621 1435 3674 El
1463 3636 1614 3674 anno
1636 3626 1820 3678 mundi
1851 3623 2009 3688 6259,
2043 3625 2310 3679 Constan-

727 3711 826 3764 tini
867 3711 956 3764 27.
1027 3715 1279 3765 Ceterum
1332 3715 1398 3766 ab
1441 3715 1543 3766 hoc
1575 3723 1817 3782 tempore
1852 3715 2039 3782 majori
2092 3721 2308 3774 vesania

725 3804 778 3856 in
811 3815 1029 3858 sanctas
1065 3805 1156 3858 Dei
1188 3805 1462 3859 Ecclesias
1512 3805 1819 3873 ferebatur;
1856 3807 2006 3862 misit
2036 3810 2181 3863 enim
2217 3813 2309 3880 qui

723 3891 946 3948 Petrum
1000 3898 1373 3948 venerabilem
1427 3897 1664 3965 stylitam
1697 3913 1726 3949 a
1763 3909 1917 3966 petra
1970 3903 2305 3967 exturbaret,

723 4000 960 4052 cumque
1002 3987 1350 4056 dogmatibus
1383 3988 1496 4041 suis
1522 3999 1896 4059 repugantem,
1937 3993 2119 4048 vivum
2156 3997 2309 4064 pedi-

725 4075 829 4129 bus
857 4079 1126 4140 vinctum,
1161 4093 1223 4131 ac
1266 4095 1364 4147 per
1401 4076 1608 4133 medias
1643 4081 1790 4133 urbis
1828 4082 1941 4134 vias
1969 4093 2305 4150 pertractum

727 4168 780 4221 in
810 4169 1020 4238 Pelagia
1055 4169 1246 4238 projici
1297 4170 1482 4236 jussit,
1512 4171 1648 4223 alios
1681 4187 1808 4224 vero
1851 4173 2305 4240 saecisinclusos,

727 4257 963 4327 alligatis
997 4260 1247 4326 pedibus,
1283 4261 1335 4312 in
1367 4275 1516 4313 mare
1550 4261 1814 4332 demergi.

806 4351 894 4406 15.
957 4350 1317 4421 Synaxaristae
1359 4367 1462 4405 suo
1494 4353 1896 4422 Papebrochius
1923 4357 2146 4412 nimium
2176 4360 2309 4413 ditii-

725 4443 825 4506 dit,
876 4445 1004 4497 dum
1063 4444 1365 4497 arbitratur
1409 4459 1530 4497 eum
1579 4443 1688 4498 duo
1725 4447 1883 4500 allata
1935 4452 2188 4519 martyria
2250 4452 2303 4504 in

729 4548 898 4588 unum
934 4534 1236 4596 conﬂasse;
1283 4537 1396 4605 ipse
1446 4536 1590 4589 enim
1625 4535 1990 4607 'l'heOphanes
2020 4541 2106 4594 hic
2138 4557 2304 4594 unum

2416 3439 2594 3510 ﬂagris
2623 3441 2778 3501 caedi,
2815 3448 2874 3492 ut
2904 3439 3100 3492 iterum
3134 3434 3499 3504 Theophanes
3547 3436 3765 3498 scribit,
3793 3449 3851 3490 et
3877 3439 3993 3491 dein

2415 3535 2468 3588 in
2502 3535 2762 3587 ﬂuentum
2801 3531 3016 3600 projici,
3053 3530 3146 3583 sed
3184 3529 3474 3583 crudeliter
3504 3531 3713 3597 raptari
3743 3533 3993 3598 perviam

2412 3627 2717 3695 publicam;
2750 3637 2854 3676 nec
2879 3622 3031 3689 (ἱροιὶ
3067 3635 3284 3673 sorores
3309 3634 3433 3672 suas
3468 3619 3675 3672 habere
3710 3623 3992 3689 potuitqrj

2413 3718 2464 3770 in
2496 3714 2655 3770 Creta
2687 3714 3043 3769 monasticam
3074 3715 3239 3764 vitam
3266 3712 3490 3779 degens,
3533 3710 3668 3763 illuc
3698 3718 3996 3764 advenerat

2413 3818 2472 3861 ut
2498 3809 2701 3860 cultum
2728 3807 2832 3861 SS.
2859 3806 3154 3874 imaginum
3185 3819 3369 3858 coram
3394 3813 3630 3871 tyranno
3655 3803 3997 3865 defenderet;

2411 3913 2593 3966 neque
2618 3897 2836 3952 demum
2869 3897 2921 3950 in
2970 3894 3216 3963 emporio
3247 3892 3500 3946 Leucadii
3543 3893 3612 3945 ad
3653 3892 3815 3944 littus
3852 3894 3999 3944 Asia-

2414 3991 2578 4044 ticum
2609 3988 2856 4057 Bospori,
2889 3987 3130 4040 honestaa
3165 3984 3460 4052 sepulturae
3505 3983 3762 4035 mandari
3803 3985 3996 4052 potuit,

2411 4097 2569 4150 quem
2625 4082 2677 4134 in
2722 4083 2836 4149 ipsa
2877 4080 3030 4140 urbe,
3068 4079 3196 4129 dum
3235 4080 3563 4142 raptaretur,
3599 4077 3996 4142 eXSpirantem,

2414 4179 2466 4226 in
2499 4175 2676 4226 locum
2718 4169 3184 4229 sordidissimum,
3233 4166 3285 4219 in
3332 4165 3543 4234 Pelagia
3605 4165 3846 4229 scilicet,
3881 4183 3999 4221 cum

2412 4264 2674 4319 maleficis
2703 4265 3004 4334 projccere,
3037 4274 3310 4331 quemque
3336 4258 3462 4312 dein
3494 4260 3593 4309 viri
3619 4261 3921 4314 orthodoxi
3953 4261 4001 4311 in

2411 4359 2529 4412 loco
2569 4369 2759 4411 sancto
2793 4356 2982 4417 Crisis,
3029 4355 3228 4408 iterum
3267 4351 3320 4404 in
3364 4351 3499 4403 urbe
3548 4350 3694 4417 ipsa,
3723 4354 3987 4419 deposue-

2412 4458 2558 4503 runt.
2608 4449 2737 4510 Quae
2779 4447 2992 4515 singula
3040 4461 3163 4499 cum
3212 4459 3280 4497 ex
3321 4444 3466 4496 Actis
3499 4440 3561 4494 S.
3598 4445 3840 4496 Andreae
3886 4444 4001 4498 lucc

2413 4540 2642 4594 clariora
2677 4538 2816 4600 sint,
2839 4536 3191 4591 manifestum
3224 4542 3302 4587 est
3327 4532 3732 4601 Theophanem
3767 4550 3881 4586 non
3911 4536 4004 4586 ad-

737 4635 1027 4695 martyrem
1083 4640 1178 4693 pro
1222 4626 1397 4677 altero
1431 4628 1632 4694 posuit,
1669 4637 1728 4679 ut
1762 4630 2109 4684 manifestum
2155 4633 2212 4685 fit
2243 4647 2308 4685 ex
2342 4653 2383 4705 ι)
2411 4633 2596 4699 juncta
2621 4630 2861 4698 martyrii
2893 4625 3353 4690 immutasse,sed
3394 4625 3508 4678 sola
3543 4626 3775 4678 nomina
3804 4637 4004 4696 marty-

728 4717 1047 4772 narratione
1075 4716 1137 4771 S.
1169 4718 1433 4786 Stephani
1462 4717 1726 4782 Junioris,
1764 4735 1873 4790 qua
1906 4724 2199 4777 monachos
2226 4739 2309 4779 se-

730 4825 857 4866 cum
893 4811 946 4862 in
992 4825 1212 4864 carcere
1251 4812 1496 4865 Prmtorii
1520 4829 1664 4866 anno
1695 4813 1796 4868 767
1829 4816 2083 4871 detentos
2120 4819 2184 4872 ad
2215 4835 2310 4889 pa-

734 4903 979 4956 tientiam
1014 4904 1261 4957 hortatur
1295 4925 1307 4959 :
1340 4903 1572 4959 Sanctus
1604 4905 1725 4958 illos
1755 4907 1966 4969 l‘atres,
2001 4909 2310 4978 inquit,qui

730 4997 875 5065 apud
929 5009 1026 5048 nos
1073 4996 1238 5048 vitam
1288 4996 1551 5064 martyrio
1603 4997 1978 5062 absolverunt,
2011 4998 2309 5053 imitemur.

731 5088 994 5141 Sanctum
1025 5086 1177 5140 illum
1206 5087 1535 5140 monachum
1560 5085 1778 5142 Petrum
1802 5089 1950 5153 dico,
1973 5090 2024 5142 in
2057 5090 2311 5145 Blacher-

731 5179 816 5233 nis
843 5179 1112 5234 inclusum
1146 5180 1632 5249 (ἐγκεκλεισμένον
1678 5200 1689 5234 :
1737 5181 2028 5247 inclusum,
2061 5181 2262 5241 Gallice
2295 5203 2309 5240 :

734 5271 933 5331 reclus,
970 5285 1077 5336 quo
1130 5285 1296 5324 sensu
1351 5270 1789 5334 frequentissime
1849 5274 1962 5325 haec
2026 5291 2126 5329 vox
2185 5292 2311 5344 pro.

732 5363 849 5424 dit;
891 5375 1174 5432 perperam
1218 5361 1380 5431 igitur
1438 5361 1850 5432 Lipomannus:
1890 5361 2196 5418 Blachernis
2255 5367 2310 5420 in

737 5456 968 5509 vinculis
1035 5455 1340 5523 conjectum
1411 5457 1498 5523 qui
1561 5465 1684 5512 ante
1755 5455 2108 5524 imperatoris
2185 5473 2314 5512 con-

738 5557 982 5617 spectum
1017 5547 1365 5600 intolerandis
1418 5548 1576 5600 boum
1623 5547 1805 5599 nervis
1836 5545 2168 5617 (βουνεὺροις
2223 5567 2313 5603 τυ-

811 5681 922 5750 (10)
953 5677 1016 5750 Ῑ.
1049 5678 1069 5750 1
1101 5679 1348 5750 Januar.,
1383 5696 1435 5750 p.
1477 5681 1600 5734 7J7.

811 5747 922 5822 (ιι)
959 5747 1074 5822 Τ.)
1107 5749 1272 5812 Junii,
1304 5769 1354 5820 p.
1384 5747 1512 5805 ⁷168.
1547 5749 1658 5804 Cfr.
1698 5761 1736 5804 t.
1764 5751 1781 5804 1
1814 5753 2068 5815 Januar.,
2100 5753 2136 5805 l.
2177 5773 2224 5808 c.
2260 5764 2313 5816 et

738 5818 992 5879 Analecta
1020 5818 1228 5881 Graeca,
1253 5818 1313 5886 p.‘
1339 5822 1458 5876 50:3.

812 5891 921 5957 (49.)
958 5889 1020 5945 T.
1062 5889 1126 5944 Ill
1164 5887 1306 5954 Maii,
1348 5907 1398 5958 p.
1427 5892 1551 5946 6‘23.

2418 4737 2536 4775 rum
2572 4719 2999 4790 tranSposuisse.
3035 4719 3209 4786 Atque
3247 4718 3360 4770 haec
3393 4717 3617 4777 iterum,
3656 4731 3769 4769 non
3805 4719 4003 4773 dicam.

2414 4817 2826 4878 confirmantur,
2860 4812 2952 4867 se'd
3005 4825 3129 4864 vere
3174 4796 3627 4862 demonstrantur
3657 4821 3725 4859 ex
3779 4807 3850 4860 iis
3891 4822 4006 4874 qua:

2415 4909 2578 4960 habet
2601 4905 2965 4976 Menulogium
2999 4901 3182 4955 Basilii
3215 4901 3279 4952 ad
3307 4912 3475 4949 xxviii
3498 4896 3837 4952 Novemhris
3863 4909 4009 4968 post-

2415 5013 2575 5066 quam
2630 4999 2697 5050 de
2749 4997 2806 5049 S.
2863 4997 3141 5064 Stephano
3209 4990 3432 5045 Juniore
3480 4989 3617 5059 egit.
3655 4988 3930 5044 Similiter
3961 4998 4010 5042 et

2419 5089 2479 5146 S.
2525 5090 2772 5144 Andreas
2822 5091 2898 5159 (in
2933 5086 3094 5152 Crisi)
3128 5084 3365 5144 vinctus,
3407 5091 3801 5148 raptatusquc,
3837 5095 3869 5132 e
3905 5079 4008 5131 vita

2415 5184 2667 5240 excessit.
2705 5183 2772 5235 At
2801 5189 3023 5234 sanctus
3069 5176 3261 5229 Petrus
3295 5174 3382 5243 (de
3433 5172 3786 5238 Blachernis)
3816 5171 3870 5224 in
3899 5187 4012 5224 caro

2415 5294 2595 5331 ccrem
2637 5277 2789 5344 prius
2819 5272 3117 5341 conjectus,
3146 5267 3343 5322 deinde
3386 5264 3642 5324 eductus,
3678 5264 3889 5317 tamdiu
3925 5263 4012 5316 ﬂa-

2419 5370 2570 5439 gellis
2607 5368 2861 5431 caeditur,
2899 5365 3077 5418 donec
3127 5357 3376 5429 Spiritum
3429 5355 3540 5407 Deo
3586 5356 3843 5411 tradidit.
3873 5357 4009 5411 Num

2417 5469 2596 5512 autem
2633 5457 2692 5512 S.
2718 5458 2966 5512 Andreas
2994 5451 3185 5522 Stylita
3223 5451 3327 5505 diei
3361 5445 3554 5516 possit,
3592 5447 3738 5503 infra
3777 5448 4012 5519 inquiri-

2419 5565 2554 5606 mus.
2590 5551 2661 5606 Dc
2688 5550 2948 5620 Calyhitze
2993 5561 3122 5602 vero
3169 5539 3498 5611 cognomine
3527 5554 3658 5596 cum
3692 5543 3850 5612 plura
3887 5552 4016 5592 con-

2489 5688 2598 5757 (LS)
2628 5687 2981 5758 TheOphan.,
3014 5694 3052 5739 t.
3092 5681 3130 5741 l,
3151 5678 3380 5758 _p_._667.

2487 5751 2598 5825 ('45)
2634 5751 2802 5810 Aual;
2827 5757 3110 5825 Crasca,p.
3148 5751 3273 5825 50]Σ

2632 5826 2746 5882 Cfr.
2781 5837 2820 5883 t.
2855 5827 2897 5881 11
2925 5821 3090 5887 Junii,
3119 5838 3173 5877 ο.
3211 5821 3334 5888 788,
3371 5837 3424 5873 n.
3451 5821 3508 5874 ft.
