4136 6520
181 499 298 559 1093

1290 479 1459 541 VlTA
1502 479 1562 538 S.
1605 476 1936 536 ANDREAZ
1984 476 2062 534 IN
2103 477 2331 536 CRlSI.

3310 482 3444 549 1094

176 607 383 679 gesserit
443 604 728 658 Bollandus
776 601 838 654 ad
889 600 1031 652 diem
1090 612 1159 649 xv
1217 592 1486 655 Januarii,
1531 590 1624 643 tibi
1680 591 1745 643 de
1784 620 1824 671 Α
1879 591 2090 651 Phocea,
2116 593 2199 647 cui
2236 606 2375 644 unus
2410 605 2582 645 annus
2609 592 2884 647 detractus
2912 607 2991 648 e51
3021 596 3155 663 (59),
3190 604 3446 666 usquead

176 699 368 751 Joanne
408 696 664 765 Calybita,
692 694 819 746 satis
841 692 944 745 erit
975 690 1060 742 hic
1080 686 1296 740 dixisse
1333 683 1463 737 illud
1494 697 1523 735 a
1554 683 1745 735 vocula

181 777 420 857 Κοῖλύδη,
458 801 574 856 quae
622 797 700 837 ast
764 783 1033 852 tugurium
1084 776 1406 846 significat,
1453 774 1747 827 deductum

181 881 359 943 fuisse,
392 880 465 933 ita
508 889 563 931 ut
598 877 863 944 Calybites
892 875 977 927 ille
1010 873 1077 925 sit
1112 869 1213 938 qui
1253 870 1307 921 in
1348 867 1565 937 tugurio
1600 864 1751 917 habi-

182 982 265 1027 tat.
296 970 465 1036 Quam
499 979 640 1023 recte
694 984 819 1021 vero
868 965 923 1019 5.
972 964 1170 1017 Petrus
1229 961 1333 1013 hoc
1388 968 1752 1028 cognomento

184 1066 499 1134 insigniatur
530 1079 688 1133 quem
727 1061 780 1116 S.
811 1060 1120 1127 Stephanus
1155 1053 1395 1124 appellat
1441 1052 1546 1105 Τὸν
1585 1053 1750 1115 ὅσιον,

181 1157 263 1206 τὸν
324 1156 382 1206 ὲν
440 1154 767 1223 Β).αχέρναις
818 1147 1321 1217 ἐγκεκλεισμένον,
1381 1144 1528 1197 sicut
1579 1142 1753 1210 ipsum

184 1246 233 1297 S.
276 1245 610 1315 Stephanum
665 1240 1025 1310 Theophanes
1078 1238 1263 1291 dicit:
1296 1235 1386 1287 τὸν
1437 1232 1755 1301 ἕγκλειστον

183 1337 303 1390 ὄντα
329 1340 407 1399 εἰς
454 1338 546 1388 τὸν
578 1336 728 1400 ἄγων
758 1333 1041 1396 Αὐξέντιον
1067 1331 1091 1399 (
1118 1328 1265 1397 quod
1306 1340 1507 1378 nomen
1556 1325 1757 1378 montis

182 1436 299 1493 est),
335 1440 495 1481 nemo
521 1442 624 1478 non
658 1425 804 1477 videt
843 1422 955 1491 (16)

254 1517 335 1569 16.
392 1516 498 1570 Sed
550 1513 818 1583 quomodo
862 1510 1228 1580 Theophanes
1272 1510 1325 1561 iu
1378 1508 1520 1560 hanc
1558 1506 1750 1560 confu-

183 1612 385 1663 sionem
418 1606 676 1660 devenit?
725 1604 832 1657 Nos
878 1603 1036 1656 aliain
1089 1615 1313 1656 causam
1350 1614 1462 1653 non
1506 1598 1761 1651 novimus

185 1702 279 1753 nisi
315 1698 457 1767 quod
491 1709 620 1751 tunc
651 1696 967 1749 adolescens
995 1694 1156 1748 fuerit
1185 1692 1361 1753 valde,
1390 1700 1450 1742 ut
1486 1688 1601 1757 ipse
1634 1704 1762 1756 pro-

185 1792 258 1844 dit
288 1791 354 1843 ad
395 1790 458 1841 A.
490 1787 551 1840 C.
596 1786 697 1840 705
727 1785 850 1855 (ipsi
888 1800 1090 1837 annum
1133 1781 1318 1834 mundi
1352 1778 1516 1848 6:255)
1547 1778 1673 1830 dum
1706 1776 1761 1827 in

186 1880 313 1934 mari
351 1879 519 1949 glacie
565 1877 860 1931 constricto
888 1890 1009 1927 cum
1063 1872 1248 1941 pueris
1281 1885 1337 1924 se
1388 1869 1583 1923 lusisse
1615 1884 1763 1921 com-

1858 700 2060 736 annnm
2118 683 2370 735 ultimum
2426 682 2786 755 Copronymi,
2815 686 2904 739 ubi
2952 700 3103 739 error
3135 692 3451 757 precedens

1855 790 1998 828 novo
2035 788 2223 827 errore
2257 775 2459 843 tegitur
2488 774 2631 842 (50),
2661 776 2745 829 vel
2777 792 2950 830 annos
2976 782 3158 832 mundi
3197 785 3278 834 vel
3309 783 3446 836 indi-

1854 865 2064 916 ctiones
2092 872 2360 930 perpetuo
2403 864 2736 930 claudicare,
2769 865 3019 936 idemque
3063 870 3127 925 de
3159 870 3448 940 Theopha-

1855 951 1942 1003 nis
1987 955 2377 1008 emendatione
2428 957 2723 1023 specialem
2768 959 3058 1015 diatribam
3106 964 3274 1019 edidit
3314 966 3446 1036 (51).

1856 1060 1920 1096 ex
1948 1049 2052 1112 qua
2081 1044 2480 1113 Theophanem
2515 1064 2671 1102 suum
2699 1050 2989 1119 plurimum
3020 1069 3215 1109 ornare
3247 1057 3450 1111 ductis-

1859 1136 1981 1190 simi
2018 1137 2263 1192 editores
2291 1138 2608 1194 Bonnenses
2634 1142 2749 1211 (5'2)
2777 1146 3098 1212 potuissent.
3130 1144 3326 1200 Verum
3346 1147 3447 1202 hoc

1863 1230 1982 1283 loco
2018 1241 2205 1283 manet
2239 1233 2409 1285 altera
2442 1233 2529 1286 via
2554 1246 2805 1288 accurate
2838 1252 3016 1290 annos
3047 1240 3209 1293 modo
3239 1242 3446 1294 indica-

1861 1326 1946 1373 tos
1998 1321 2065 1373 ad
2125 1336 2294 1375 ieram
2355 1324 2628 1392 vulgarem
2690 1327 3026 1395 reducendi;
3089 1330 3448 1401 Theophanes

1863 1412 2008 1464 enim
2048 1412 2115 1465 ad
2144 1428 2357 1468 annum
2394 1416 2553 1481 6259.,
2584 1417 2672 1485 qui
2709 1434 2909 1470 annum
2938 1424 3176 1492 martyrii
3214 1425 3355 1479 Petri
3380 1426 3446 1481 de

1864 1506 2189 1560 Blachernis
2250 1509 2565 1563 immediate
2598 1515 2894 1579 praecessit,
2928 1515 3178 1584 eclipsim
3208 1519 3444 1589 aliquam

1867 1598 1997 1651 solis
2028 1598 2450 1668 diligentissime
2483 1604 2765 1672 consignat
2791 1606 2873 1659 his
2912 1610 3111 1673 verbis,
3150 1625 3213 1663 ex
3244 1613 3449 1665 versio-

1868 1705 1936 1743 ne
1969 1689 2156 1744 Goari.
2219 1693 2537 1761 Apparente
2588 1695 2711 1749 solis
2748 1696 2963 1751 defectu
2994 1702 3196 1754 mensis
3221 1704 3444 1771 Augusti

1868 1783 1956 1836 die
1990 1783 2206 1837 decima
2250 1786 2463 1852 quinto,
2514 1786 2642 1839 feria
2676 1800 2847 1854 sexta,
2880 1792 3011 1844 hora
3059 1793 3163 1845 diei
3215 1794 3443 1859 decima,

1871 1891 2016 1929 anno
2045 1877 2279 1946 proinde
2320 1877 2441 1942 760,
2485 1888 2541 1931 ut
2571 1894 2635 1932 ex
2662 1880 2856 1933 tabulis
2910 1885 3290 1939 astronumicis
3320 1899 3447 1939 con-

188 1982 469 2025 inemorat.
526 1969 583 2022 In
645 1966 977 2020 monasterio
1032 1972 1284 2017 \‘ersalus
1331 1962 1441 2030 (47)
1489 1962 1677 2030 procul
1732 1977 1761 2015 a
1798 1981 1836 2034 Β
1868 1975 1973 2020 stat
2008 1968 2142 2036 (55).
2175 1965 2239 2020 Ει
2272 1967 2396 2035 quia
2445 1984 2620 2023 annus
2653 1971 2836 2024 mundi
2866 1971 3003 2026 6255
3032 1971 3181 2042 Cpoli
3222 1975 3441 2053 incepit,

184 2063 356 2131 Cpoli,
391 2061 672 2129 diligenter
702 2057 943 2125 quidem,
983 2064 1040 2108 nt
1077 2057 1126 2106 in
1164 2069 1263 2107 suo
1296 2054 1559 2122 prommio
1596 2063 1764 2106 testa-

187 2163 272 2205 tur
308 2152 419 2215 (48)
452 2149 722 2203 volumina
762 2147 994 2215 plurima
1040 2146 1390 2209 examinavit,
1425 2145 1519 2198 sed
1562 2146 1631 2199 de
1675 2161 1760 2199 re-

185 2242 436 2296 centibus
466 2253 571 2290 non
606 2238 798 2301 multa,
834 2247 890 2289 ιιι
940 2236 1193 2296 arbitror,
1228 2248 1519 2304 congerere
1553 2233 1760 2303 potuit;

184 2336 431 2399 sequitur
480 2329 530 2381 in
567 2330 652 2383 his
699 2330 1017 2400 plerumque
1068 2326 1399 2379 Breviariom
1447 2324 1762 2393 Nicephori,

185 2423 274 2488 qui
302 2421 495 2474 Pliotio
545 2420 802 2489 probatus
849 2420 1079 2487 scriptor
1110 2417 1330 2481 dicitur,
1360 2416 1453 2470 sed
1501 2418 1543 2470 is
1591 2417 1764 2472 histo-

186 2514 343 2575 riam,
374 2529 482 2566 non
520 2512 1014 2582 chronographiam
1068 2520 1163 2565 aut
1209 2512 1434 2564 annales
1464 2510 1762 2564 contexuit.

186 2604 379 2658 Causis
410 2613 591 2657 autem
622 2605 823 2657 erroris
864 2604 1013 2656 illius
1038 2601 1383 2671 assignandis
1415 2603 1536 2657 ideo
1559 2603 1764 2656 diutius

186 2693 539 2756 inhaeremus,
589 2694 730 2763 quod
779 2694 833 2747 in
880 2694 1140 2762 martyrio
1190 2693 1245 2745 S.
1280 2692 1539 2761 Stephani
1582 2693 1766 2761 lapsus

189 2798 386 2842 iterum
418 2786 708 2839 nonnullos
745 2784 1047 2849 admiserit,
1076 2793 1134 2837 ut
1168 2782 1233 2835 ad
1267 2797 1433 2836 xxviii
1464 2780 1598 2839 Nov.
1633 2781 1766 2836 ube-

187 2879 301 2932 rius
330 2880 566 2931 dicetur.
610 2877 748 2942 Quid
802 2877 965 2946 igitur
1006 2875 1222 2937 mirum,
1256 2875 1383 2927 dum
1436 2873 1488 2926 in
1529 2873 1762 2936 Blenazis,

186 2971 241 3022 in
276 2968 595 3035 Menologiis
639 2968 958 3034 caeterisque
1008 2967 1159 3019 fastis
1200 2964 1403 3019 Graecis
1442 2965 1672 3017 Andreas
1704 2964 1767 3015 il-

185 3062 295 3114 lius
321 3059 577 3130 Calybita:
614 3058 943 3110 mentionem
971 3058 1424 3125 qualemcumque
1452 3054 1765 3125 diligentius

183 3154 618 3222 exquireremtis,
654 3148 797 3201 nulla
830 3163 929 3202 nos
961 3164 1184 3217 usquam
1230 3150 1392 3216 hujus
1423 3148 1767 3216 cognominis

189 3244 419 3313 vestigia
454 3243 612 3295 obvia
660 3228 957 3294 habuisse?
986 3237 1456 3293 Commemoratur
1484 3249 1663 3291 tamen
1696 3239 1765 3291 ab

184 3335 440 3393 omnibus
474 3336 528 3387 5.
559 3334 801 3387 Andreas
824 3333 1121 3386 monachus
1153 3331 1253 3384 sub
1277 3330 1624 3400 Copronymo
1646 3343 1765 3398 pas-

185 3440 281 3477 sus
312 3435 366 3477 ct
397 3424 713 3491 plerumque
737 3425 895 3474 verba
931 3424 982 3473 in
1006 3420 1143 3475 Crisi
1173 3432 1544 3490 apponuntur.
1569 3418 1765 3490 Depre-

187 3516 493 3568 henderant
520 3515 727 3567 scilicet
760 3511 929 3565 (Ξτωεὶ
960 3511 1221 3565 fastorum
1257 3513 1569 3578 scriptores,
1601 3527 1765 3580 quma

186 3609 521 3675 Theophane
553 3605 920 3659 aﬂerebantur
955 3619 1077 3657 cum
1105 3604 1320 3657 caeteris
1351 3604 1695 3667 testimoniis,
1720 3604 1765 3657 si

189 3701 375 3753 minus
410 3699 818 3757 historicorum,
842 3706 895 3750 at
935 3702 1081 3749 certe
1117 3696 1604 3765 hagiographortnn
1635 3710 1766 3749 con-

188 3802 339 3847 stare
380 3808 487 3843 non
530 3806 708 3858 posse,
741 3801 797 3844 et
829 3790 952 3842 ideo
984 3786 1316 3857 'l‘heppliane
1351 3786 1633 3845 derelicto,
1670 3785 1766 3855 Sy-

189 3884 412 3935 naxaria
445 3898 538 3933 sua
566 3882 745 3949 potius
778 3897 839 3933 ex
871 3880 1240 3947 Metaphraste
1270 3880 1457 3933 aliisve
1506 3880 1763 3931 Actorum

186 3971 575 4040 sei'iptoribus,
631 3979 686 4023 ut
741 3979 995 4023 cwterum
1042 3969 1359 4035 plerumque
1411 3982 1763 4030 consuevere,

189 4065 514 4131 depromere
540 4061 871 4114 maluerunt.
905 4058 1077 4111 Latini
1111 4073 1139 4112 e
1165 4059 1442 4113 contrario
1475 4058 1764 4126 Theopha-

189 4169 317 4207 nem
347 4162 438 4205 aut
474 4154 590 4221 ejus
620 4152 973 4219 interpretem
1001 4150 1223 4203 Paulum
1256 4148 1547 4204 Diaconum
1571 4148 1763 4210 secuti,

188 4243 321 4295 inde
352 4258 469 4312 quae
500 4257 527 4294 a
564 4244 740 4311 priore
777 4240 999 4293 confusa
1034 4239 1256 4293 fuerant
1294 4242 1657 4293 retinuerunt.

263 4356 353 4407 17.
417 4352 485 4408 Ut
519 4362 696 4406 autem
745 4351 809 4404 ad
843 4351 1012 4420 ipsum
1065 4366 1267 4405 annum
1309 4350 1589 4416 utriusque
1620 4364 1760 4401 mar-

191 4446 345 4515 tyrii,
383 4447 523 4498 Petri
559 4460 752 4513 nempe
785 4454 839 4498 et
868 4441 1112 4507 Andrez,
1144 4445 1257 4509 jam
1292 4441 1652 4512 indagandum
1679 4456 1766 4495 ac-

188 4539 476 4601 cedamus,
527 4536 605 4589 sic
658 4534 1001 4605 Theophanis
1062 4536 1223 4589 verba
1272 4549 1422 4587 num.
1486 4535 1552 4586 14
1598 4534 1760 4587 relata

1868 2072 1930 2111 ex
1986 2072 2136 2111 more
2168 2057 2507 2121 Graecorum,
2536 2075 2721 2113 mense
2756 2060 3064 2131 Septembri
3114 2066 3239 2117 anni
3285 2067 3445 2137 760

1867 2159 1928 2204 ut
1974 2164 2148 2218 usque
2193 2149 2262 2203 ad
2316 2150 2689 2220 Septembrem
2746 2156 2872 2207 anni
2941 2155 3034 2209 761
3093 2159 3441 2221 decurreret,

1867 2241 2063 2296 exinde
2114 2241 2396 2309 probabile
2445 2243 2502 2296 tit
2538 2245 2595 2299 5.
2642 2243 2859 2298 Petrum
2905 2247 2971 2301 de
3009 2246 3320 2305 Blachernis
3354 2269 3443 2307 oc-

1868 2333 2038 2383 cisum
2079 2344 2200 2383 esse
2235 2331 2324 2383 die
2355 2348 2439 2384 xvi
2476 2334 2595 2386 Maii
2624 2334 2749 2391 dicti
2794 2340 2923 2388 anni
2956 2338 3074 2390 761.
3103 2338 3247 2392 Diem
3292 2342 3439 2396 illum

1866 2424 2012 2477 enim
2081 2425 2323 2492 assignat
2397 2425 2809 2495 antiquissimus
2889 2428 3266 2498 Synaxaristes
3338 2432 3438 2486 Ms.

1867 2531 2026 2585 quem
2056 2513 2465 2584 Papebroehius
2494 2531 2523 2568 a
2560 2516 2830 2570 Chimetio
2892 2529 3080 2573 nostro
3129 2522 3177 2573 in
3217 2524 3445 2593 collegio

1870 2609 2182 2663 Divionensi
2217 2608 2632 2662 exscribendum
2663 2610 2891 2680 accepit.

1939 2703 2027 2755 18.
2066 2706 2257 2755 Annus
2291 2704 2529 2772 martyrii
2578 2708 2634 2759 5.
2695 2706 2929 2760 Andreae
2984 2709 3036 2761 in
3079 2709 3213 2763 Crisi
3265 2710 3438 2777 dupli.

1868 2794 2004 2846 eiter
2037 2793 2239 2860 inquiri
2303 2808 2367 2845 ac
2421 2793 2584 2847 statui
2638 2805 2837 2862 potest.
2879 2796 3090 2851 Primus
3139 2801 3329 2854 modus
3358 2811 3440 2854 est

1868 2886 1967 2939 iste
2023 2901 2036 2936 :
2101 2883 2405 2939 Memorant
2460 2884 2798 2954 Niccpltorus
2856 2889 2969 2956 (54)
3034 2900 3089 2943 et
3152 2891 3439 2959 Theopha-

1870 2994 1967 3031 nes
1998 2977 2112 3046 (55)
2148 2976 2322 3030 varias
2342 2976 2667 3048 Copronymi
2704 2981 3082 3047 expeditiones
3121 2982 3441 3053 plerumque

1869 3069 2051 3123 felices
2078 3070 2129 3123 in
2170 3068 2441 3136 Bulgaros,
2471 3080 2525 3123 at
2545 3085 2703 3139 quam
2725 3071 3019 3126 iudieiione
3046 3085 3234 3143 quarta
3258 3092 3444 3133 mense

1851 3161 2125 3216 Januario
2176 3164 2435 3229 suscepit,
2491 3178 2634 3215 anno
2668 3164 2923 3217 nimirum
2982 3166 3101 3230 766,
3134 3168 3325 3221 iisdem
3362 3174 3441 3221 te-

1871 3252 2043 3305 stibus
2095 3250 2464 3304 infelicissima
2517 3251 2653 3315 fuit;
2691 3267 2755 3305 ex
2802 3267 2904 3322 qua
2959 3269 3153 3324 nempe
3210 3258 3440 3326 turpiter

1871 3337 2222 3392 tnenseJulio
2259 3355 2511 3394 reversus
2537 3351 2639 3406 est,
2692 3357 2754 3395 ac
2785 3342 2967 3397 furore
3002 3346 3233 3413 quodam
3258 3362 3442 3400 corre-

1870 3438 2015 3497 ptus,
2050 3432 2269 3482 saevitiae
2306 3431 2358 3483 in
2396 3432 2690 3485 monachos
2721 3449 2784 3487 ac
2810 3446 3118 3489 sanctarum
3145 3439 3441 3507 imaginum

1870 3522 2105 3575 cultores
2139 3522 2426 3590 tragtedias
2476 3523 2636 3577 edere
2663 3526 2846 3593 coepit.
2894 3525 3091 3580 Eadem
3148 3528 3445 3583 indictione

1864 3614 2231 3683 juramentum
2264 3613 2330 3667 ab
2362 3615 2616 3667 omnibus
2668 3617 2904 3670 subditis
2935 3620 3184 3687 exegisse
3220 3620 3439 3680 dicitur,

1869 3720 1973 3773 quo
2006 3704 2414 3758 venerationem
2474 3703 2800 3773 imaginibus
2830 3706 2883 3757 iit
2926 3718 3205 3775 posterum
3243 3723 3300 3761 se
3334 3722 3441 3761 non

1867 3794 2206 3847 exhibituros
2250 3809 2368 3847 esse
2400 3796 2752 3862 sponderent.
2793 3796 2961 3850 Porro
2982 3798 3096 3850 hazc
3144 3799 3355 3868 singula
3391 3800 3442 3851 in

1868 3886 2016 3942 Actis
2047 3886 2250 3939 nostris
2286 3886 2528 3954 utrisque
2579 3886 2906 3955 reperimus.
2958 3887 3033 3941 lbi
3089 3889 3193 3941 sub
3228 3904 3375 3940 num.
3414 3892 3448 3942 8

1868 3983 1982 4049 ipse
2033 3978 2410 4047 Cupronyinus
2458 3980 2591 4033 dicit
2643 3996 2701 4034 se
2764 3982 3047 4035 decretum
3101 3981 3294 4033 tulisse
3342 3995 3452 4047 quo

1868 4071 2139 4144 plectendi
2181 4080 2329 4136 sunt,
2364 4072 2677 4140 quicunque
2704 4073 2970 4141 imagines
3024 4080 3448 4125 venerarentur.

1870 4167 2001 4221 Dein
2031 4180 2186 4219 num.
2224 4166 2287 4219 10
2317 4165 2562 4234 arguitur
2590 4180 2618 4218 a
2649 4165 2705 4217 S.
2740 4166 2955 4217 Andrea
2989 4164 3135 4230 quod
3174 4162 3370 4213 bellum
3399 4161 3451 4211 in

1870 4259 2135 4312 Barbaros
2176 4259 2494 4327 ordinisque
2538 4258 2743 4327 politici
2794 4254 3324 4310 administrationem
3357 4265 3452 4303 ne-

1866 4350 2115 4422 glexerit,
2153 4365 2217 4404 ac
2257 4351 2554 4418 superbum
2598 4349 2842 4401 animum
2900 4348 2952 4397 in
3000 4344 3333 4395 Christianos
3367 4342 3460 4395 de-

1868 4453 2170 4497 monstrare
2234 4443 2509 4498 statuerit.
2562 4440 2834 4494 Praeterea
2874 4450 3028 4489 num.
3059 4433 3090 4486 6
3138 4442 3190 4486 ct
3234 4431 3285 4495 7,
3332 4433 3457 4484 dum

1869 4536 1926 4589 S.
1964 4536 2207 4587 Andreas
2266 4537 2506 4602 primum
2565 4548 2751 4588 coram
2818 4530 3152 4596 imperatore
3187 4524 3457 4592 apparuit.

187 4636 591 4696 consequenter
621 4627 685 4678 ad
723 4626 863 4678 dicta
895 4626 1319 4693 interpretamur
1353 4642 1365 4676 :
1399 4625 1555 4677 Anno
1576 4622 1759 4677 mundi
1796 4650 1838 4707 η
1868 4624 2167 4693 permultos
2206 4628 2410 4679 invenit
2444 4627 2738 4696 qu:estioni
2792 4622 3088 4689 subjectos,
3140 4615 3325 4669 nervis
3364 4616 3459 4668 bu-

187 4716 358 4778 6255.
392 4734 485 4771 seu
521 4718 580 4771 21
618 4715 937 4786 Copronytni
997 4716 1224 4787 contigit
1273 4717 1610 4785 martyrium,
1653 4728 1761 4769 non

194 4822 255 4862 ut
288 4808 652 4877 'l'thphancs
696 4808 905 4870 scribit,
954 4807 1183 4857 Andreae
1230 4803 1486 4873 Calybitae
1541 4807 1592 4855 in
1641 4803 1761 4855 Bla-

189 4901 443 4963 clicrnis,
481 4900 574 4952 sed
609 4898 752 4952 Petri
784 4898 1038 4967 Calybitze
1066 4898 1116 4949 in
1153 4896 1501 4961 Blaclieriiis;
1536 4908 1588 4950 et
1618 4911 1759 4949 anno

190 4992 388 5045 mundi
427 4990 582 5053 69.59,
620 4988 944 5056 (ZOpronymi
997 4998 1175 5041 autem
1206 4989 1294 5052 27,
1340 4988 1653 5057 martyrium
1707 4991 1758 5039 in

188 5084 521 5153 quibusdam
565 5080 759 5140 simile,
794 5086 884 5130 sed
914 5079 1181 5132 diversam
1237 5089 1463 5131 mortem
1499 5090 1551 5132 et
1581 5079 1761 5147 sepul-

193 5183 378 5230 turam
412 5187 604 5228 nactus
633 5186 716 5229 est
759 5176 816 5229 S.
846 5175 1111 5235 Andreas,
1144 5176 1229 5245 qui
1262 5191 1286 5227 a
1320 5174 1613 5242 sepultura:
1642 5176 1760 5228 loco

190 5272 375 5323 dictus
412 5276 492 5321 est
522 5267 572 5318 in
598 5268 755 5320 (Irisi.
792 5268 860 5320 De
888 5273 1044 5321 annis
1071 5284 1098 5318 a
1122 5266 1449 5334 Theophane
1477 5267 1759 5336 assignatis

188 5362 519 5431 jamdudum
580 5359 950 5413 Henschenius
1025 5361 1326 5413 adverterat
1408 5358 1474 5413 ab
1532 5359 1758 5426 imperio

277 5493 387 5557 (£6)
424 5491 989 5559 'l‘heOph.tLhr0iiogr.
1025 5490 1162 5544 Edit.
1192 5490 1382 5559 Bonn_.,
1419 5496 1454 5543 ι.
1493 5489 1530 5554 l,
1556 5502 1609 5556 p.
1632 5487 1755 5542 674.

279 5555 393 5630 ιιιῑ)
429 5563 484 5614 1η
518 5555 634 5627 ejus
662 5560 796 5622 Vita,
833 5574 870 5614 t.
908 5555 961 5613 1⁷1·
979 5559 1173 5627 Martii,
1201 5578 1249 5629 p.
1283 5555 1407 5615 9.90.
1446 5577 1499 5611 ii.
1537 5561 1595 5610 M
1628 5568 1750 5629 etp.

192 5632 329 5688 an.
369 5643 480 5683 not.
507 5630 558 5683 It.

274 5706 390 5772 (ιδ)
418 5704 696 5772 usque,
729 5717 782 5772 τι.
818 5703 869 5754 5.

280 5769 395 5842 (49)
427 5770 493 5842 γΤ.
522 5770 586 5824 Ill
618 5771 809 5834 Martii,
835 5786 890 5842 p.
923 5769 1039 5838 vni,
1074 5788 1129 5824 n.
1163 5771 1239 5824 17.

276 5841 390 5907 (50)
422 5841 579 5905 lbid.,
618 5858 670 5910 p.
710 5858 782 5905 ts,
816 5841 871 5894 ti.
903 5843 981 5893 18.

269 5910 578 5976 (51)Ιὺι(1.,
605 5928 654 5977 p.
690 5930 724 5966 ι.

1867 4714 2011 4770 bulis
2032 4730 2227 4778 caesos,
2266 4717 2555 4767 oculorum
2599 4713 2899 4768 ell'ossione
2930 4710 3215 4769 cruciatos,
3249 4708 3457 4773 aliaque

1866 4807 2060 4860 similia
2092 4822 2304 4875 passos,
2339 4822 2462 4875 qure
2491 4823 2519 4859 a
2561 4804 2781 4860 duobus
2808 4801 3075 4871 prmdictis
3106 4800 3458 4865 scriptoribus

1866 4908 1989 4951 ante
2034 4898 2391 4950 indictionem
2450 4907 2700 4965 quartam
2754 4908 3020 4963 nusquam
3076 4903 3442 4960 recensentur,

1864 4989 1956 5043 sed
1982 5004 2040 5041 ea
2065 4988 2359 5041 iudieiione
2384 4988 2574 5041 iisdem
2595 5003 2734 5057 pene
2788 4987 2965 5041 verbis
2993 4987 3261 5057 descn'pla
3288 4998 3433 5049 sunt.

1866 5080 1940 5132 uti
1972 5090 2023 5131 et
2054 5079 2311 5147 deinceps
2343 5079 2547 5147 pliiries
2580 5079 2709 5147 (5(5).
2746 5080 2819 5131 Ex
2854 5080 2939 5131 liis
2969 5080 3132 5146 igitur
3159 5092 3301 5132 recte
3323 5091 3434 5131 sta—

1866 5176 2064 5226 tuimus
2099 5182 2221 5224 ante
2284 5172 2637 5224 indictionein
2678 5171 2819 5223 illam
2852 5172 2924 5235 id,
2971 5184 3053 5225 est
3079 5182 3202 5225 ante
3231 5184 3433 5225 annum

1866 5266 1964 5318 766
2000 5265 2053 5318 S.
2086 5265 2312 5318 Andreas
2344 5263 2656 5330 martyrium
2690 5278 2797 5315 non
2825 5263 3135 5333 contigisse.

1933 5357 2018 5411 19.
2060 5357 2209 5409 Alter
2264 5355 2478 5419 modus,
2524 5372 2628 5423 quo
2674 5356 2910 5424 pressius
2946 5372 3145 5409 annum
3192 5356 3430 5427 martyrii

1931 5490 2042 5559 (59.)
2074 5486 2967 5559 TheOphanisChronographiaes
3004 5487 3320 5543 recensione
3341 5487 3424 5545 Jo.

1858 5558 2120 5615 Clilsscni.
2156 5558 2263 5611 Bon
2276 5572 2354 5610 nae
2384 5558 2540 5612 1859.

1931 5630 2043 5696 (55)
2080 5631 2174 5681 Art
2203 5631 2268 5680 de
2301 5626 2459 5680 vérit’.
2488 5632 2565 5681 les
2584 5628 2757 5690 dates,
2784 5628 2915 5682 édit.
2947 5629 3094 5689 I785,
3128 5639 3164 5682 t.
3196 5629 3236 5691 l,
3262 5644 3311 5697 p.
3343 5627 3430 5681 66.

1932 5700 2041 5767 (54)
2081 5698 2137 5751 S.
2190 5697 2480 5766 Nicephori
2542 5698 2688 5749 l’atr.
2731 5700 2885 5766 tjpol.
2938 5699 3272 5763 Breviarum,
3323 5706 3431 5752 etc.

1861 5771 2004 5826 fidit.
2036 5768 2235 5834 Burin,
2258 5782 2310 5835 p.
2337 5768 2399 5820 77
2435 5778 2489 5821 et
2516 5783 2665 5837 seqq.

1929 5840 2040 5908 (55)
2074 5838 2202 5891 Loc.
2241 5849 2358 5899 cit.,
2392 5846 2431 5889 t.
2464 5839 2502 5898 l,
2534 5852 2586 5905 p.
2613 5838 2738 5892 69f.

1933 5910 2042 5980 (ὕϋ)
2076 5909 2423 5978 'l‘heOphan.,
2464 5920 2499 5962 t.
2529 5908 2565 5973 Ι,
2606 5924 2659 5977 p.
2695 5908 2796 5963 677
2833 5916 2887 5963 et
2926 5922 3076 5975 seqq.
