4136 6496
716 381 850 448 1079

1984 391 2263 456 MENSIS
2302 390 2662 454 OCTOBEH.

3825 406 3953 472 1080

715 495 892 552 sisset.
919 506 1075 546 suum
1107 493 1325 562 quidem
1357 495 1592 551 refrenat
1620 498 1903 568 impetum,
1930 501 2162 570 procidit
2188 519 2280 558 au-

2397 521 2554 568 σασα,
2586 508 2676 558 καὶ
2709 506 2820 571 ὀξεῖ
2860 508 3044 578 δρόμῳ
3072 510 3180 571 τοῖς
3221 510 3455 580 μάρτυσι
3496 513 3949 581 προσπελάσασα,

717 590 821 637 tem
875 583 942 638 ad
994 584 1158 651 pedes
1210 596 1540 643 sanctorum.
1600 590 1880 648 Tarachus
1919 606 2099 649 autem
2153 612 2278 651 eum

716 686 956 731 sanctam
991 693 1207 732 manum
1244 682 1600 745 extendisset,
1635 694 1688 739 et
1727 688 1921 756 partim
1956 690 2170 759 quidem
2199 692 2282 762 pi-

717 767 806 831 lis,
839 768 1035 837 partim
1068 786 1198 826 vero
1246 785 1376 827 aure
1409 775 1879 844 apprehendisset,
1910 780 1975 835 ad
2009 797 2068 837 se
2099 785 2281 838 trahe-

717 857 826 912 bat.
849 859 942 912 llla
971 871 1147 914 autem
1180 877 1328 925 cum,
1352 865 1573 933 placidae
1595 869 1712 923 ovis
1742 869 1933 935 instar,
1958 877 2279 929 contrectari

719 965 826 1006 non
860 953 1152 1018 reuuisset,
1184 955 1248 1008 ad
1285 968 1489 1025 portam
1522 969 1705 1029 postea
1737 965 1993 1028 accurrit,
2027 976 2080 1021 et
2113 968 2282 1023 inﬁxit

719 1041 911 1098 dentes
943 1044 1163 1108 tabulis,
1205 1055 1258 1100 et
1295 1063 1390 1116 per
1431 1051 1536 1105 vim
1583 1054 1880 1110 conabatur
1913 1061 2130 1126 egredi:
2184 1078 2282 1118 nec

719 1133 874 1202 prius
901 1135 1124 1201 dimisit,
1156 1154 1315 1208 quam
1343 1141 1632 1198 clamasset
1673 1148 1905 1216 populus
1932 1151 2129 1219 jubens
2163 1170 2280 1208 eam

720 1225 866 1280 foras
892 1227 1061 1281 exire.
1096 1227 1220 1283 Haec
1247 1241 1426 1286 autem
1453 1242 1506 1288 et
1541 1235 1623 1289 his
1657 1236 1850 1292 similia
1883 1255 2042 1294 nemo
2082 1244 2285 1311 putarit

721 1332 829 1371 non
862 1319 1155 1382 credenda.
1195 1322 1383 1392 legens
1433 1327 1738 1397 epistolam,
1774 1348 1933 1402 quam
1970 1335 2185 1404 scripsit
2219 1339 2286 1393 ad

722 1409 996 1467 Romanos
1027 1411 1248 1469 divinus
1280 1415 1540 1487 lgnatius.
1576 1422 1665 1476 Sic
1690 1424 1835 1477 enim
1869 1425 2070 1482 habet:
2103 1428 2287 1500 Meju-

721 1500 900 1555 verint
929 1502 1115 1558 bestia:
1145 1505 1279 1560 mihi
1322 1518 1522 1576 parata:
1566 1526 1700 1579 quas
1740 1515 1901 1568 etiam
1941 1526 2066 1585 Opto
2101 1521 2154 1574 in
2203 1537 2288 1577 me

722 1590 952 1645 inveniri
984 1605 1282 1664 promptas.
1332 1595 1539 1663 Quibus
1580 1605 1744 1657 etiam
1791 1604 2058 1672 blandiar,
2099 1621 2158 1665 ut
2205 1625 2288 1667 me

724 1685 959 1739 breviter
990 1685 1273 1743 devorent.
1328 1689 1482 1756 Quod
1532 1693 1577 1748 si
1609 1696 1770 1749 etiam
1818 1699 2011 1765 nolint,
2067 1717 2168 1773 ego
2210 1707 2290 1760 cis

723 1778 829 1831 vim
864 1778 1111 1836 afferam.

793 1869 908 1925 ΧΠ.
951 1870 1088 1928 Hinc
1119 1874 1382 1933 Maximus
1425 1880 1589 1935 animi
1621 1881 1842 1946 dubius,
1892 1887 2157 1956 planeque
2190 1905 2288 1943 ne-

724 1964 905 2019 sciens
950 1967 1077 2034 quid
1125 1980 1328 2039 ageret,
1366 1987 1488 2026 cum
1522 1975 1729 2030 videret
1774 1989 1990 2034 sanctos
2029 1967 2292 2053 martyres

728 2071 823 2123 per
852 2059 1033 2113 omnia
1073 2063 1445 2131 resplendere,
1483 2076 1537 2121 et
1569 2068 1754 2124 haberi
1807 2071 1860 2125 in
1908 2073 2288 2144 admiratione,

728 2165 823 2205 eos
849 2160 1022 2206 morte
1053 2155 1397 2211 condemnat.
1419 2159 1522 2225 Qui
1545 2175 1688 2227 cum,
1709 2172 1963 2233 tanquam
2000 2182 2111 2221 rem
2146 2170 2291 2223 desi-

727 2241 990 2305 dcratam,
1036 2245 1176 2300 hanc
1223 2257 1519 2305 extremam
1575 2256 1909 2325 accepissent
1945 2261 2291 2325 sententiam,

731 2333 994 2388 truncatis
1025 2336 1313 2404 capitibus,
1343 2342 1586 2396 coronati
1637 2346 1873 2415 migrant
1901 2349 1965 2402 ad
1998 2365 2180 2405 veram
2212 2353 2259 2406 vi

731 2431 860 2489 tam,
892 2425 1105 2482 fruituri
1133 2432 1368 2501 praemiis
1397 2434 1834 2505 immortalitatis,
1868 2453 1922 2496 et
1950 2459 2036 2510 ea,
2072 2461 2190 2514 qua:
2212 2457 2295 2502 est

731 2513 864 2581 illic,
898 2516 1249 2576 beatitudine.
1286 2521 1392 2577 Sed
1416 2525 1629 2583 invidus
1651 2530 1893 2597 quidem,
1924 2545 1976 2586 et
2004 2513 2295 2594 sceleratus

724 2607 908 2674 judex,
955 2609 1113 2666 nobis
1153 2611 1402 2668 invidens
1443 2626 1757 2674 sanctorum
1830 2623 2107 2693 reliquias,
2140 2627 2296 2696 jubet

731 2712 959 2765 corpora
1001 2710 1295 2772 martyrum
1345 2706 1589 2775 profanis
1623 2712 1904 2769 admisceri
1952 2720 2294 2788 corporibus,

729 2803 849 2856 qua:
875 2789 1088 2845 fuerant
1124 2793 1402 2849 interfecta
1426 2813 1453 2850 a
1491 2800 1895 2869 gladiatoribus,
1930 2809 2114 2862 decem
2154 2811 2295 2863 mili-

732 2876 875 2932 tibus
907 2881 1189 2946 mandans,
1244 2895 1302 2938 ut
1347 2900 1407 2939 ea
1447 2900 1747 2944 servarent.
1813 2892 1954 2948 Deus
1993 2906 2170 2952 autem
2210 2914 2296 2954 re-

732 2981 850 3022 rum
883 2970 1305 3038 admirabilium,
1338 2978 1756 3037 eonvivantibus
1791 2987 2128 3054 custodibus,
2171 3008 2292 3046 cum

727 3061 839 3129 jam
875 3076 1061 3132 rogum
1094 3067 1489 3133 accendissent,
1534 3087 1724 3143 magna
1760 3076 1807 3128 vi
1844 3090 2067 3148 repente
2093 3085 2294 3140 caden-

2383 596 2593 665 χαλινοῖ
2624 598 2720 667 μὲν
2771 599 2968 667 ἑαυτὴν
3022 602 3121 670 τῆς
3168 601 3363 670 ὁρμῆς,
3419 601 3720 656 ὑποκύπτει
3761 604 3818 656 δὲ
3842 609 3954 667 τοῖς

2383 688 2491 739 τῶν
2513 689 2672 742 όσίων
2693 690 2836 745 ποσί.
2858 691 3104 760 Τάραχος
3126 681 3180 744 δὲ
3200 690 3296 763 τὴν
3320 691 3478 760 ἁγίαν
3501 694 3749 756 ἐκτείνας
3771 698 3952 764 χεῖρα,

2385 782 2477 831 καὶ
2507 779 2583 848 πῆ
2625 781 2719 848 μὲν
2752 781 2858 832 τῶν
2911 782 3136 851 τριχῶν,
3189 784 3265 851 πῆ
3310 782 3365 835 δὲ
3411 783 3501 835 τοῦ
3534 783 3672 846 ὠτὸς
3723 785 3943 853 ἐκείνης

2383 870 2817 940 λαμϐανόμενος,
2859 867 3007 924 εἷλκε
3046 872 3179 944 πρὸς
3210 874 3480 944 ἐαυτὸν,ἠ
3526 874 3582 927 δὲ
3637 876 3738 946 τὴν
3804 877 3955 946 ἁφὴ-ι

2390 963 2614 1034 ἡμέρως
2660 964 2735 1027 ὠς
2792 964 3067 1034 πρόϐατον
3118 966 3545 1036 όποσεισαμένη,
3577 969 3671 1020 καὶ
3701 969 3768 1036 τῇ
3820 968 3957 1038 Θῦρᾳ

2385 1059 2827 1128 προσδραμοῦσα,
2853 1061 2978 1121 τοὺς
3010 1059 3226 1121 ὀδόντας
3256 1063 3375 1122 ταῖς
3406 1061 3576 1113 σανίσι
3612 1062 3952 1130 προσέπηξε.

2386 1152 2495 1204 Καὶ
2526 1151 2760 1216 ἐξελθεῖν
2791 1152 3061 1216 ἐϐιάζετο,
3109 1154 3202 1206 καὶ
3241 1153 3341 1206 οὐκ
3369 1154 3566 1222 ἀνῆκεν
3602 1155 3707 1216 ἕως
3738 1157 3764 1206 ό
3791 1155 3960 1222 δῆμος

2386 1245 2490 1309 ἔξω
2522 1244 2776 1312 γενέσθαι
2806 1247 3006 1316 ταύτην
3033 1247 3245 1316 ἐϐόησε.
3276 1247 3458 1300 Ταῦτα
3507 1247 3564 1300 δὲ
3614 1249 3806 1317 μηδεὶς
3834 1250 3959 1300 ἁπι-

2390 1335 2591 1389 στείτω
2633 1335 2726 1389 κα)⁸
2769 1338 2835 1389 τὰ
2866 1339 3076 1400 τούτοις
3108 1340 3288 1408 ὅμοια,
3330 1339 3424 1409 τὴν
3463 1341 3754 1410 επιστολὴν
3774 1341 3964 1406 ἀναγι-

2389 1429 2633 1494 νώσκων,
2677 1431 2743 1501 ἢν
2774 1431 3051 1484 ἐπέστειλε
3112 1431 3403 1503 Ῥωμαίοις
3432 1434 3459 1484 ὁ
3494 1431 3760 1500 θεοφόρος
3802 1431 3964 1498 Ἰγνάο

2389 1539 2518 1584 τιος.
2554 1523 2705 1592 Ἔχει
2734 1524 2840 1591 γάρ
2868 1517 2969 1576 ὧδέ
3004 1540 3120 1585 πως
3158 1539 3171 1552 ·
3220 1523 3465 1592 Ὀναίνην
3485 1523 3592 1576 τῶν
3623 1523 3836 1592 θηρίων
3859 1524 3965 1575 τῶν

2390 1616 2511 1684 ἐμοὶ
2534 1617 2785 1684 ἑτοίμων,
2810 1616 2845 1670 ἃ
2866 1615 2960 1670 καὶ
2983 1617 3236 1687 εὔχομαι,
3259 1616 3499 1687 σύντομά
3523 1635 3612 1685 μοι
3631 1617 3955 1684 εὑρεθῆναι,

2390 1705 2427 1760 ἃ
2474 1709 2564 1761 καὶ
2608 1707 2885 1763 κολακεύω
2937 1708 3219 1778 συντόμως
3298 1725 3365 1779 με
3423 1708 3794 1777 καταφαγεῖν.
3847 1708 3967 1759 Κᾶν

2319 1836 2364 1893 Β
2394 1799 2530 1853 αὐτὰ
2565 1799 2638 1869 μὴ
2675 1798 2826 1869 οέλῃ,
2851 1798 2960 1868 ἐγὼ
2985 1799 3039 1852 δὲ
3068 1800 3491 1869 προσϐιάσομαι.

2461 1893 2560 1946 IB'.
2609 1892 2887 1945 Ἐντεῦοεν
2914 1894 3025 1954 τοῖς
3052 1891 3193 1952 ὅλοις
3221 1893 3247 1943 ό
3277 1893 3523 1960 Μάξιμος
3556 1892 3958 1962 ἐξαπορηθεὶς,

2392 1982 2484 2035 καὶ
2518 1980 2603 2034 διὰ
2631 1982 2846 2034 πάντων
2870 1979 3182 2048 λάμποντας
3210 1982 3300 2032 καὶ
3332 1981 3788 2050 Θαυμαζομένους
3824 1981 3965 2051 ὀρῶν

2391 2077 2514 2138 τοὺς
2544 2076 2853 2145 μάρτυρας,
2874 2073 2966 2125 τὸν
2996 2073 3082 2123 διὰ
3109 2071 3292 2141 ξίφους
3317 2073 3495 2125 αὐτῶν
3513 2073 3963 2142 καταψηφίζεται

2396 2166 2647 2219 θάνατον.
2689 2163 2753 2217 Οἳ
2783 2163 2879 2216 καὶ
2927 2162 3115 2232 ὥσπερ
3144 2181 3194 2216 τι
3244 2164 3430 2233 χρῆμα
3463 2163 3830 2233 ποθούμενον,
3871 2165 3966 2235 τὴν

2396 2255 2717 2309 τελευταίαν
2762 2253 2975 2324 ταύτην
3021 2254 3202 2324 ψῆφον
3262 2254 3670 2325 ὑποδεξάμενοι,
3726 2258 3823 2309 καὶ
3871 2257 3969 2315 τὰς

2396 2348 2633 2418 κεφαλὰς
2724 2348 3107 2418 ὲκτμηθέντες,
3186 2350 3574 2419 στεξανηφόροι
3663 2349 3805 2418 πρὸς
3873 2347 3970 2416 τὴν

2396 2441 2572 2512 ἁληΘῆ
2602 2439 2745 2511 ζωὴν
2775 2439 3184 2509 μεταϐαίνουσι,
3215 2439 3322 2490 τῶν
3368 2440 3465 2507 τῆς
3492 2438 3801 2498 ἀθανασίας
3835 2437 3968 2504 βρα-

2398 2532 2558 2583 ϐείων
2592 2531 2685 2584 καὶ
2735 2531 2832 2599 τῆς
2863 2529 3071 2581 ἐκεῖθεν
3111 2528 3508 2598 μακαριότητος
3539 2525 3968 2586 ἀπολαύσοντες.

2421 2623 2620 2676 ’Λλλ’ό
2676 2623 2772 2692 μὲν
2827 2621 3096 2690 βάσκανος
3152 2621 3246 2670 καὶ
3307 2617 3646 2688 μιαρώτατος
3703 2617 3971 2685 δικαστὴς

2401 2715 2612 2785 φθονῶν
2651 2715 2780 2782 ἡμῖν
2813 2709 2920 2762 τῶν
2957 2710 3137 2777 ἁγίων
3173 2711 3460 2780 λειψάνων,
3490 2711 3557 2762 τά
3595 2709 3836 2779 σώματα
3868 2710 3970 2762 τῶν

2403 2806 2717 2877 μαρτύρων,
2757 2807 2867 2869 τοῖς
2903 2805 3052 2872 παρὰ
3107 2805 3218 2857 τῶν
3272 2803 3592 2872 μονομάχων
3629 2803 3970 2870 ἀναιρεθεῖσι

2403 2899 2650 2969 βεϐήλοις
2710 2898 2958 2969 ἀνέμιξε,
3005 2896 3349 2967 στρατιωτῶν
3381 2896 3563 2948 δεκάδι
3598 2895 3968 2962 φυλάττεσθαι

2401 2991 2567 3044 ταῦτα
2595 2991 3007 3060 διαταξάμενος.
3052 2991 3110 3040 Ὀ
3164 2989 3220 3040 δὲ
3272 2988 3378 3038 τῶν
3431 2986 3754 3054 θαυμασίων
3810 2986 3966 3048 Θεὸς,

2401 3083 2508 3135 τῶν
2541 3083 2794 3149 φυλάκων
2841 3079 3230 3149 εὺωχουμένων
3263 3077 3355 3131 καὶ
3393 3077 3565 3147 πυρὰν
3592 3077 3693 3146 ήδη
3733 3077 3971 3131 καυσάν-

732 3153 865 3207 tium
906 3154 1180 3219 imbrium,
1225 3168 1280 3211 et
1332 3161 1535 3229 ingenti
1572 3174 1900 3228 terrzemotu,
1933 3186 2118 3239 rogum
2171 3177 2293 3243 qui-

2399 3189 2528 3236 των,
2551 3171 2772 3243 ὄμϐρων
2803 3171 3060 3241 ἐξαπίνης
3086 3171 3247 3242 φορᾷ,
3280 3170 3370 3222 καὶ
3399 3169 3570 3237 κλόνῳ
3598 3170 3702 3237 γῆς
3743 3167 3971 3236 ἐξουσίαι)

732 3243 856 3312 dem
909 3244 1186 3309 exstinxit,
1235 3249 1487 3303 custodes
1534 3261 1714 3305 autem
1775 3257 1938 3310 vertit
1985 3258 2041 3311 in
2097 3259 2297 3332 fugam.

732 3334 979 3405 Cumque
1034 3351 1157 3392 cum
1180 3338 1301 3394 aliis
1351 3341 1603 3410 permista
1632 3355 1813 3401 essent
1846 3359 2151 3406 sanctorum
2180 3369 2301 3409 cor-

735 3441 884 3496 pora,
921 3434 975 3482 et
1011 3429 1395 3499 ignorarentur
1426 3445 1647 3502 propter
1674 3440 1952 3502 tenebras,
1984 3443 2137 3495 stella
2165 3446 2300 3497 luci-

732 3519 958 3574 dissima
1007 3536 1037 3575 e
1082 3523 1221 3576 cmlo
1257 3532 1455 3577 terram
1487 3525 1786 3593 illustrans,
1839 3538 1892 3584 et
1943 3538 2094 3587 stans
2138 3549 2302 3605 super

736 3612 1159 3682 unumquodque
1209 3629 1427 3685 corpus,
1459 3618 1687 3686 praebuit
1723 3620 1896 3676 lucem
1933 3625 1998 3677 ad
2027 3641 2088 3678 ea
2129 3643 2301 3697 agno-

733 3704 953 3770 scenda,
998 3706 1141 3760 illam
1176 3705 1315 3762 forte
1343 3710 1552 3763 stellam
1588 3712 1825 3779 imitans,
1859 3731 1976 3785 quae
2006 3719 2058 3773 in
2092 3719 2296 3779 Christi

733 3805 854 3849 ortu
891 3797 1190 3851 secundum
1217 3814 1436 3857 carnem
1460 3800 1642 3873 Magos
1688 3820 1751 3860 ex
1789 3807 2005 3865 Perside
2034 3816 2298 3881 evocavit,

734 3894 788 3940 et
832 3887 1073 3943 deduxit.
1122 3889 1244 3946 Παῖς
1293 3903 1475 3946 autem
1521 3894 1662 3948 facta
1712 3909 1860 3964 sunt,
1915 3910 2044 3954 cum‘
2082 3906 2300 3969 quidam

736 3979 922 4034 fideles
950 3981 1006 4034 in
1040 3993 1220 4035 monte
1251 3982 1480 4053 genibus
1509 3983 1664 4040 flexis
1698 3987 1990 4045 Dominum
2025 3995 2300 4065 supplices

735 4079 1010 4142 rogarent,
1042 4087 1111 4127 ne
1134 4073 1479 4142 privarentur
1513 4077 1657 4132 dono
1691 4089 2000 4137 sanctorum
2034 4087 2302 4142 membro-

737 4177 879 4225 rum,
912 4177 1033 4232 qua:
1082 4175 1306 4233 propter
1338 4166 1458 4233 ejus
1504 4167 1728 4235 gloriam
1761 4184 1923 4238 supra
1958 4173 2173 4227 modum
2209 4177 2304 4230 de-

734 4263 1036 4310 certarunt.
1083 4254 1156 4310 Ea
1202 4271 1333 4311 vero
1382 4257 1779 4317 descendentes
1822 4265 2210 4322 sustulerunt:
2249 4279 2303 4325 et

734 4361 947 4401 summo
967 4347 1166 4414 studio,
1199 4359 1421 4418 propter
1468 4362 1670 4407 metum
1721 4358 1985 4424 prazsidis,
2018 4360 2072 4412 in
2121 4370 2303 4415 monte

736 4434 789 4486 in
823 4444 972 4502 petra
1001 4450 1236 4492 concava
1262 4440 1643 4510 condiderunt,
1676 4444 2039 4515 glorificantes
2078 4451 2302 4505 sanctis-

734 4524 930 4581 simum
978 4543 1175 4584 nomen
1207 4530 1408 4587 Christi
1458 4533 1550 4589 Dei
1605 4537 1818 4592 nostri:
1867 4540 2125 4608 quoniam
2173 4557 2298 4597 eum

733 4616 892 4674 decet
921 4622 1096 4676 omnis
1141 4625 1309 4694 gloria
1336 4640 1458 4680 cum
1489 4626 1646 4683 Patre
1676 4629 1928 4699 principii
1969 4643 2210 4702 experte,
2243 4645 2302 4690 et

735 4718 922 4767 sancto
944 4711 1169 4782 Spiritu,
1193 4731 1337 4772 nunc
1355 4719 1482 4774 etin
1512 4722 1708 4778 saecula
1737 4725 2078 4783 saeculorum.
2105 4727 2296 4782 Amen.

2340 4521 2441 4574 Dr

2401 3265 2497 3336 τὴν
2536 3265 2632 3334 μὲν
2659 3264 2868 3328 ἔσϐεσε,
2904 3263 3029 3326 τοὺς
3059 3264 3114 3316 δὲ
3162 3263 3406 3331 φυγάδας
3443 3260 3716 3325 ἀπέδειξε,
3748 3262 3844 3312 καὶ
3867 3260 3972 3312 τῶν

2402 3357 2565 3409 ὁσίων
2613 3356 2882 3422 σωμάτων
2918 3356 3120 3422 ἀναμὶξ
3171 3360 3278 3418 τοῖς
3327 3357 3504 3415 ἄλλοις
3555 3355 3832 3422 κειμένων
3885 3356 3972 3405 καὶ

2402 3447 2783 3515 ἀγνοουμένων
2832 3445 2918 3498 διὰ
2968 3447 3026 3497 τι
3068 3447 3284 3510 σκότος,
3343 3446 3523 3515 ἀστὴρ
3575 3447 3882 3509 φανότατος
3915 3444 3973 3508 ἐξ

2403 3539 2632 3612 οὐρανοῦ
2695 3540 2964 3610 πρόσγεια
3008 3538 3262 3607 λάμπων,
3321 3537 3414 3590 καὶ
3460 3538 3543 3604 ἐφ’
3595 3537 3817 3604 ἑκάστῳ
3862 3535 3970 3587 τῶν

2406 3633 2674 3703 σωμάτων
2725 3631 3039 3702 ἱστάμενος,
3097 3631 3188 3684 τὶν
3257 3630 3568 3701 γνωρισμον
3625 3627 3968 3696 διεφώτιζεν,

2403 3731 2611 3782 ἐκεῖνον
2654 3729 2794 3797 τάχα
2849 3726 2941 3779 τὸν
3009 3723 3576 3793 ἀστεραμιμούμενος,
3624 3720 3716 3771 τὸν
3765 3719 3859 3770 ἐπὶ
3907 3718 3970 3784 τῇ

2403 3821 2540 3874 κατὰ
2588 3821 2765 3891 σάρκα
2797 3819 2889 3872 τοῦ
2934 3817 3172 3887 Χριστοῦ
3208 3816 3461 3884 γεννήσει
3493 3815 3620 3873 τοῦς
3646 3812 3879 3879 Μάγους
3910 3812 3970 3862 ἐκ

2404 3912 2662 3980 Περσίδος
2685 3907 3128 3978 μετακαλέσαντά
3153 3922 3210 3958 τε
3259 3907 3353 3957 καὶ
3378 3906 3746 3974 ὁδηγὴσαντα.
3787 3903 3970 3955 Ταῦτα

2401 4003 2456 4057 δὲ
2504 4001 2732 4070 ἐγίνετο,
2770 4001 2930 4054 τινῶν
2989 3999 3082 4052 ἐπὶ
3120 3997 3214 4051 τοῦ
3248 3998 3408 4068 ὅρους
3462 3995 3670 4048 πιστῶν
3703 3996 3786 4058 είς
3843 3997 3968 4061 γόνυ

2406 4093 2697 4147 κλιθέντων
2756 4093 2852 4146 καὶ
2904 4090 3258 4144 ἱκετευόντων
3310 4089 3401 4142 τὸν
3461 4088 3689 4156 Κύριον,
3749 4087 3827 4156 μὴ
3878 4085 3973 4152 τῆς

2403 4185 2614 4252 δωρεᾶς
2649 4185 2758 4234 τῶν
2809 4183 2979 4248 ἁγίων
3023 4181 3325 4250 ἀμοιρῆσαι
3360 4178 3561 4248 μελῶν,
3597 4178 3711 4230 τῶν
3755 4179 3857 4246 τῆς
3887 4174 3976 4228 σὺ·

2403 4274 2495 4327 τοῦ
2527 4274 2682 4343 δόξης
2710 4273 2898 4324 ἕνεκεν
2923 4272 3402 4339 ὑπερηοληκότων,
3438 4271 3472 4321 ὃ.
3505 4271 3597 4321 καὶ
3628 4268 3973 4328 καταϐάντες

2403 4365 2692 4424 ἀνείλοντο,
2717 4361 2809 4413 καὶ
2833 4359 3035 4428 σπουδῇ
3062 4359 3227 4427 πολλῇ
3247 4359 3335 4410 διὰ
3359 4359 3449 4411 τὸν
3473 4358 3565 4409 τοῦ
3587 4358 3864 4426 ἡγεμόνος
3889 4356 3978 4425 φό-

2408 4455 2499 4506 ϐον
2521 4453 2612 4505 ἐπὶ
2637 4453 2728 4505 τοῦ
2751 4452 2909 4522 ὅρους
2934 4453 2991 4506 ἐν
3027 4450 3202 4522 πέτρᾳ
3225 4451 3381 4520 κοίλῃ
3414 4448 3798 4518 κατέκρυψαν,
3827 4443 3975 4511 δοξά-

2411 4549 2589 4613 ζοντες
2607 4548 2982 4618 τὸὺπεράγιον
3023 4547 3198 4616 ὄνομα
3236 4541 3477 4616 Χριστοῦ
3502 4540 3596 4594 τοῦ
3633 4539 3774 4596 Θεοῦ
3799 4541 3970 4610 ἡμῶν,

2408 4642 2488 4694 ὃτι
2510 4640 2655 4708 αὑτῴ
2677 4640 2876 4710 πρέπει
2899 4641 3044 4690 πᾶσα
3066 4637 3195 4701 δόξα
3218 4638 3311 4690 σῦν
3329 4635 3405 4703 τῷ
3422 4634 3645 4702 ἀνάρχῳ
3670 4633 3856 4702 Πατρὶ
3885 4633 3972 4685 καὶ

2408 4731 2484 4800 τῷ
2543 4731 2682 4801 ἁγίῳ
2739 4728 3036 4798 Πνεῦματι,
3080 4728 3176 4781 νῦν
3211 4728 3304 4779 καὶ
3352 4727 3430 4788 εἰς
3462 4726 3583 4786 τοὺς
3624 4725 3838 4792 αἰῶνας
3871 4725 3972 4778 τῶν

2412 4824 2641 4878 αἰώνων.
2692 4823 2886 4893 Ἀμήν.
