4136 6506
1307 466 1483 526 VITA
1523 467 1583 526 S.
1625 464 1952 526 ANDRE/E
1997 467 2077 528 IN
2114 469 2343 530 CRISI.

3321 473 3458 538 1082

220 632 2110 666 Wmmwm
2113 645 2541 666 r—__———
2403 645 2518 653 -““’
2521 645 2541 652 ’⁸

518 816 770 968 DE
943 812 1101 969 S.
1282 816 2051 973 ANDREA
2207 818 3140 976 CRETENSI

1499 1095 1736 1160 DICTO
1789 1095 1892 1156 IN
1932 1095 2177 1158 CRISI.

2138 645 3417 678 2W

876 1262 1015 1323 (Acta
1037 1263 1122 1313 SS.
1158 1264 1380 1314 Bolland.
1403 1265 1461 1314 ad
1486 1266 1615 1316 diem
1646 1264 1705 1314 20
1730 1265 1973 1323 Octobris,
2009 1264 2268 1315 tom.Vlll.
2296 1263 2570 1328 Bruxellis,
2612 1265 2770 1326 I855.)

321 1581 347 1653 §
376 1584 426 1637 Ι.
454 1580 639 1635 Sancti
665 1582 916 1636 memoria
941 1582 992 1635 in
1018 1584 1196 1652 fastis,
1222 1582 1410 1639 Cultus
1431 1594 1479 1639 et
1499 1584 1654 1637 Acta.

210 1671 504 1730 LSauctus
534 1673 800 1739 Andreas,
839 1684 1042 1743 martyr
1087 1673 1424 1744 Cpolitanus,
1463 1676 1516 1728 in
1553 1676 1774 1732 Oriente

193 1767 486 1836 plurimum
521 1767 844 1831 celebratus,
881 1765 934 1818 in
965 1767 1220 1821 omnibus
1251 1782 1404 1837 paene
1433 1767 1635 1823 Graecis
1693 1768 1774 1822 fa-

189 1859 293 1914 stis
350 1875 492 1930 quos
533 1859 785 1920 vidimus.
817 1859 974 1913 modo
1018 1869 1139 1930 post
1164 1859 1282 1930 ejus
1312 1862 1617 1931 passionem
1644 1876 1775 1916 con-

188 1950 380 2019 scripti
439 1950 664 2011 fuerint,
733 1950 1022 2015 recolitur;
1058 1967 1158 2006 nec
1209 1952 1352 2020 apud
1409 1967 1501 2007 eas
1564 1961 1773 2008 tantum

189 2054 398 2114 gentes,
431 2061 552 2115 quae
585 2043 772 2101 Graeca
802 2046 983 2116 lingua
1015 2047 1143 2102 olim
1169 2065 1279 2104 usae
1309 2058 1437 2104 sunt
1482 2061 1576 2105 aut
1608 2062 1772 2106 utun-

191 2148 294 2202 tur,
323 2139 417 2196 sed
465 2139 626 2194 etiam
663 2140 802 2207 apud
849 2138 1118 2205 Moscltos,
1155 2142 1438 2198 Ruthcnos
1467 2144 1770 2200 etMelchio

187 2238 266 2282 tas
313 2228 706 2287 Antiochenos,
740 2227 1081 2282 Kalendariis
1130 2232 1520 2287 ecclesiasticis
1564 2234 1770 2289 adscri-

181 2328 308 2386 ptus
369 2329 476 2373 est.
533 2318 589 2372 In
643 2319 1041 2387 antiquissimis
1085 2331 1268 2376 autem
1328 2324 1630 2395 Eelogadiis
1671 2341 1768 2381 seu

181 2409 663 2481 Menologiis,quae
685 2412 965 2466 codicibus
997 2411 1128 2468 Novi
1165 2414 1505 2471 Testameuti
1539 2418 1762 2489 affigun-

181 2508 268 2554 tur
309 2511 364 2556 et
398 2503 541 2556 nuda
572 2505 790 2557 nomina
818 2501 1140 2558 Sanctorum
1183 2507 1589 2563 exhibentcum
1625 2511 1766 2565 indi-

177 2595 396 2649 catione
427 2595 722 2650 lectionum
768 2596 820 2649 in
863 2611 1050 2654 eormn
1101 2595 1240 2651 festo
1284 2599 1761 2668 instituendarum,

180 2683 236 2738 S.
266 2687 512 2739 Andreas
543 2688 594 2740 in
616 2686 753 2741 Crisi
789 2703 854 2742 eo
884 2687 1002 2756 ipso
1037 2686 1123 2740 die
1149 2690 1528 2753 annuutiatur,
1565 2707 1672 2760 quo
1709 2694 1761 2746 in

173 2776 323 2831 Actis
353 2781 558 2831 nostris
583 2779 783 2833 obiisse
817 2778 1009 2840 fertur,
1041 2795 1108 2832 xx
1137 2796 1330 2850 nempe
1361 2781 1629 2838 Octobris.
1658 2785 1766 2839 Hu-

173 2867 406 2938 iusmodi
466 2879 591 2923 sunt
645 2869 945 2939 MenoIOgia
985 2873 1374 2943 Hierosolymis
1425 2885 1477 2929 ct
1530 2876 1756 2947 Calipoli

173 2962 372 3015 somnio
411 2961 625 3016 decimo
655 2963 983 3032 conscripta,
1007 2965 1190 3032 judice
1243 2967 1378 3036 Aug.
1410 2966 1628 3033 Scholz,
1662 2968 1751 3038 qui

171 3069 231 3107 ea
264 3055 318 3108 in
348 3055 526 3110 lucem
565 3055 649 3110 edi
691 3057 902 3111 curavit
934 3059 1027 3125 (l),
1062 3058 1186 3112 dein
1218 3057 1580 3129 Menologium
1608 3060 1754 3116 aliud

171 3148 354 3201 szeculi
407 3165 480 3212 xi,
516 3149 658 3218 quod
693 3165 722 3204 a
757 3149 1132 3220 Mingharellio
1164 3154 1440 3220 vulgatum
1473 3162 1556 3208 est
1586 3155 1662 3223 (εὶ)
1701 3164 1756 3210 et

171 3239 436 3294 Sanctum
469 3252 714 3295 nostrum
750 3242 944 3296 iisdem
994 3245 1220 3299 omnino
1258 3249 1443 3321 verbis
1467 3249 1754 3302 annuntiat

167 3347 232 3387 ac
289 3333 400 3386 duo
450 3333 857 3402 praecedentia:
910 3335 986 3405 Τῇ
1040 3337 1176 3406 αὐτῇ
1224 3337 1407 3408 ἡμέρᾳ
1454 3337 1549 3389 τοῦ
1592 3340 1750 3406 ἁγίου

163 3427 570 3497 ὀσιομάρτυρος
616 3426 872 3498 Ἀνδρέου
926 3429 1023 3500 τῆς
1079 3429 1366 3501 Κρίσεωςς
1423 3429 1614 3485 eadem
1663 3431 1752 3486 die

164 3519 255 3588 (xx
287 3519 559 3585 Octobris)
632 3519 804 3576 sancti
852 3521 1108 3576 monachi
1171 3523 1319 3588 (nam
1371 3523 1519 3586 ὅσιος
1562 3537 1752 3576 mona-

161 3613 324 3666 chum
369 3612 639 3683 designat)
688 3621 743 3667 et
805 3613 1058 3682 martyris
1100 3614 1332 3669 Andrem
1368 3631 1401 3668 a
1446 3614 1608 3670 Crisi.
1667 3615 1749 3669 Ad

162 3705 418 3760 eumdem
446 3704 588 3757 diem
616 3719 680 3755 xx
721 3718 847 3757 eum
879 3703 1129 3758 similiter
1152 3704 1399 3761 referunt
1425 3705 1624 3762 Menam
1656 3723 1752 3762 ve-

164 3807 483 3866 tusta,quze
547 3794 833 3850 Mediolani
886 3795 940 3850 in
987 3797 1320 3854 Bibliotheca
1367 3800 1745 3865 Ambrosiana,

164 3890 215 3943 in
253 3889 580 3943 Taurinensi
616 3891 778 3943 etiam
811 3896 866 3943 ct
913 3886 1154 3942 Parisina
1189 3899 1567 3954 asservantur,
1598 3902 1653 3945 et
1682 3908 1747 3945 ex

161 3983 365 4051 quibus
393 3981 522 4036 olim
560 3979 919 4056 llagiographi
968 3981 1395 4050 Antverpienses
1436 3981 1603 4037 multa
1650 3981 1747 4054 Sy-

161 4075 426 4134 naxaria.
489 4087 584 4126 seu
646 4072 888 4127 Vitarum
949 4075 1270 4144 compendia
1335 4088 1742 4145 excerpserunt.

158 4168 417 4222 Attamen
446 4181 569 4220 cum
601 4165 788 4220 eadem
819 4165 907 4219 die
949 4182 1014 4218 xx
1049 4165 1299 4220 Octobris
1352 4169 1616 4222 memoria
1649 4169 1744 4223 tie-

1809 1583 1858 1642 A
1888 1583 1968 1636 vis
2001 1591 2390 1642 memorentur.
2436 1582 2615 1636 locum
2649 1591 2826 1636 tamen
2861 1582 2914 1637 in
2953 1583 3116 1638 modo
3156 1585 3335 1642 allatis
3369 1602 3464 1641 co-

1877 1676 2090 1729 dicibus
2115 1675 2256 1745 apud
2289 1673 2703 1743 Metaphrastem
2738 1691 2846 1729 non
2880 1676 3149 1731 obtinent.
3189 1677 3303 1743 Qua
3333 1696 3464 1734 vero

1875 1773 2034 1819 aetate
2083 1766 2200 1819 dies
2239 1767 2419 1821 cultus
2461 1766 2532 1820 ita
2583 1775 2824 1820 mutatus
2867 1771 3078 1821 sitnon
3134 1769 3272 1822 bene
3304 1769 3463 1824 nobis

1875 1867 2121 1922 constat;
2171 1859 2524 1914 collectiones
2573 1868 2752 1913 tamen
2806 1858 3237 1930 Metaphrasticaa
3273 1861 3457 1915 saeculi

1877 1966 1971 2014 xm
2004 1957 2058 2004 et
2095 1965 2180 2004 xtv
2211 1951 2356 2004 diem
2391 1967 2477 2004 xix
2511 1951 2806 2014 retinuere,
2833 1961 2886 2005 et
2918 1951 3151 2020 primum
3185 1953 3303 2008 dies
3329 1969 3456 2020 xvn,

1874 2051 2135 2114 quantum
2190 2044 2243 2098 id
2290 2043 2502 2112 assequi
2554 2045 2848 2111 potuimus,
2885 2053 3111 2114 apparet
3171 2045 3225 2098 in
3269 2045 3457 2101 codice

1873 2137 2052 2189 sa-culi
2089 2152 2176 2199 xv,
2210 2135 2299 2203 qui
2326 2145 2504 2190 exstat
2535 2135 2589 2188 in
2626 2135 2961 2190 Bibliotheca
3003 2137 3245 2189 Parisina
3282 2147 3336 2191 et
3380 2138 3458 2191 si-

1872 2236 2068 2296 gnatur
2105 2234 2162 2278 n°
2192 2226 2350 2280 1558.
2391 2226 2446 2278 In
2488 2227 2794 2295 Menologio
2826 2229 3029 2293 Sirleti,
3080 2231 3221 2298 quod
3257 2245 3456 2299 perpe-

1872 2334 1985 2372 ram
2019 2317 2218 2372 saeculo
2243 2333 2294 2372 XI
2349 2327 2441 2371 aut
2466 2317 2536 2372 xit
2571 2319 2943 2387 conscriptum
2993 2335 3114 2374 esse
3159 2321 3455 2390 Basnagius

1869 2410 2088 2480 conjicit
2113 2411 2209 2479 (ὅ),
2247 2409 2514 2479 siquidem
2565 2427 2710 2464 mera
2745 2412 3057 2480 compilatio
3085 2420 3167 2466 est
3193 2428 3222 2466 a
3255 2410 3454 2468 Sirleto
3504 2437 3506 2439 >

1868 2517 1933 2556 ex
1995 2500 2214 2555 Menaeis
2276 2501 2492 2555 excusis
2549 2510 2642 2554 aut
2698 2504 3083 2572 manuscriptis
3143 2513 3453 2575 desumpta,

1866 2597 2193 2663 quandoque
2219 2608 2384 2662 opera
2426 2594 2560 2647 satis
2588 2593 2691 2646 levi
2729 2594 2824 2665 (6),
2859 2596 3004 2662 quod
3044 2595 3334 2650 Baronium
3373 2597 3453 2651 la-

1868 2687 2032 2740 tuisse
2065 2685 2282 2739 videtur
2311 2685 2408 2752 (7),
2443 2685 2495 2737 in
2549 2685 2653 2738 hoc
2692 2685 3014 2756 Menologio,
3054 2689 3298 2755 inquam,
3333 2690 3451 2745 dies

1865 2779 2052 2833 itidem
2087 2794 2194 2832 xvu
2239 2779 2294 2832 S.
2332 2776 2562 2832 Andreae
2613 2780 2941 2850 assignatur.
2979 2781 3033 2833 In
3070 2781 3452 2850 Ephemeridi-

1864 2874 1966 2928 bus
1995 2873 2486 2940 Graeco-Moschis,
2534 2873 2585 2927 in
2624 2874 2844 2930 Tabulis
2887 2874 3255 2946 Capponianis
3299 2891 3354 2933 et
3397 2880 3450 2934 in

1861 2966 2078 3020 Menaeis
2127 2967 2342 3021 excusis
2390 2976 2706 3020 constanter
2744 2968 2810 3024 ad
2859 2969 2999 3022 diem
3052 2987 3159 3024 xm
3213 2970 3451 3027 Sanctus

1863 3066 2045 3109 noster
2120 3056 2378 3120 refertur,
2449 3058 2594 3111 unde
2666 3059 2829 3112 etiam
2890 3060 2955 3113 ad
3005 3059 3448 3135 Martyrologium

1861 3145 2167 3202 Romanum
2220 3163 2285 3204 eo
2339 3149 2426 3203 die
2475 3149 2780 3203 devenerit.
2846 3150 2905 3203 In
2981 3151 3204 3205 Tabulis
3268 3154 3450 3222 itaque

1857 3241 2246 3307 Capponianis,
2287 3240 2374 3294 ubi
2408 3238 2462 3292 S.
2511 3243 2756 3294 Andreas
2795 3235 2975 3296 loculo
3025 3244 3186 3297 terlio
3242 3247 3448 3301 mensis

1859 3329 2106 3384 Octobris
2154 3330 2378 3385 ultimus
2429 3331 2606 3401 prodit
2659 3333 2757 3403 (8),
2804 3334 2904 3388 sub
2961 3335 3144 3390 habitu
3194 3339 3447 3393 monachi

1859 3430 2164 3490 comparet,
2197 3421 2439 3491 itemque
2489 3425 2542 3476 in
2579 3423 3044 3493 Papebrochianis
3087 3445 3101 3493 ;
3136 3445 3447 3498 quanquam

1859 3516 2004 3571 enim
2051 3517 2201 3571 stolae
2243 3515 2480 3586 speciem
2527 3515 2693 3571 habet
2722 3532 2751 3570 e
2785 3518 2926 3570 collo
2959 3519 3307 3599 pendentem,
3337 3537 3446 3576 non

1859 3609 1980 3662 ideo
2010 3625 2132 3664 cum
2176 3610 2476 3664 Assemano
2508 3621 2564 3663 ut
2596 3611 2978 3682 presbyterum
3029 3626 3152 3664 cum
3185 3613 3458 3689 vestitum.

1856 3700 2122 3766 dicemus,
2152 3715 2274 3756 cum
2309 3715 2500 3756 omnes
2539 3703 2784 3756 monachi
2819 3711 2872 3755 et
2913 3703 3243 3759 eremitteita
3276 3705 3446 3774 prod-

1857 3802 2004 3856 eant,
2047 3804 2104 3848 et
2161 3794 2405 3862 quidem.
2467 3807 2523 3850 ut
2569 3794 2625 3848 S.
2660 3795 2924 3858 Andreas,
2961 3797 3183 3852 dextera
3219 3798 3446 3853 benedi-

1855 3900 1980 3939 cere
2009 3885 2317 3939 videantur.
2354 3889 2477 3939 Haec
2525 3887 2784 3941 distincte
2828 3891 2974 3944 cerni
3027 3901 3253 3957 possunt
3299 3894 3442 3961 apud

1858 3973 2284 4045 Papebrocliium
2303 3975 2400 4046 (9),
2433 3977 2521 4046 qui
2557 3977 2820 4047 imagines
2845 3979 3133 4050 diligenter
3155 3983 3250 4036 :eri
3275 3984 3441 4039 incidi

1855 4069 2062 4123 curavit
2095 4077 2150 4124 et
2173 4069 2239 4123 de
2267 4083 2453 4122 eorum
2484 4071 2694 4140 origine
2725 4081 2780 4125 et
2811 4087 2909 4125 usu
2937 4074 3196 4131 nonnuila
3223 4075 3437 4131 curiosn

1854 4160 2110 4230 przefatus
2139 4170 2253 4226 est;
2283 4176 2470 4214 verum
2500 4161 2865 4231 Capponiana:
2895 4166 3162 4234 imagines
3199 4175 3302 4218 tam
3336 4183 3438 4221 ne-

159 4270 241 4314 ret
271 4259 501 4314 alterius
542 4261 684 4328 apud
733 4259 949 4314 Graecos
979 4260 1211 4314 maxime
1252 4260 1510 4317 celebrati
1547 4271 1746 4334 marty-
1777 4295 1818 4355 ο
1853 4253 2118 4323 gligenler
2148 4268 2290 4308 C058
2321 4265 2448 4309 sum
2486 4266 2543 4310 υῑ
2571 4272 2659 4309 VIS
2686 4255 2981 4325 quidquam
3007 4257 3060 4315 ill
3103 4257 3170 4312 iis
3201 4258 3434 4313 discerni

157 4350 234 4405 ris
288 4364 490 4420 nempe
546 4351 770 4404 Artemii
815 4352 992 4418 ducis,
1058 4352 1224 4423 εωρίι
1269 4352 1467 4407 festum
1523 4353 1581 4408 δ,
1628 4355 1743 4408 Αιι-
1782 4344 1818 4355 ⁷
1853 4347 2043 4417 possit.
2072 4344 2259 4415 Neque
2308 4357 2485 4400 tamen
2539 4359 2823 4415 propterea
2871 4348 2913 4401 is
2949 4349 3067 4401 illas
3100 4366 3127 4402 a
3172 4351 3329 4405 nobis
3381 4352 3434 4406 iu

156 4443 304 4499 dreze
340 4440 626 4497 transferri
663 4443 728 4496 ad
761 4459 872 4506 six,
905 4459 1014 4512 quo
1064 4445 1153 4498 die
1185 4447 1422 4500 occurrit
1457 4446 1510 4499 in
1563 4447 1742 4501 omni-
1854 4440 2109 4492 omnibus
2145 4439 2384 4508 ιιτωροηῦ
2427 4439 2695 4508 quispiam
2729 4439 3026 4504 exiSlimel.
3064 4455 3188 4495 cum
3215 4458 3432 4503 errores

156 4534 262 4591 bus
314 4533 558 4604 antiquis
604 4535 1013 4605 exemplaribus
1056 4537 1395 4590 collectionis
1441 4538 1747 4606 llletaphra-
1853 4533 1992 4587 bene
2032 4533 2231 4586 multos
2279 4531 2330 4584 in
2385 4533 2499 4586 suis
2533 4531 2756 4587 Tabulis
2798 4532 3224 4603 deprehenderit
3259 4537 3433 4606 Pape-

155 4628 328 4683 sricm.
363 4627 420 4681 Id
467 4626 815 4682 manifestum
860 4636 940 4682 est
988 4643 1051 4682 ex
1102 4627 1451 4683 Bibliotltecae
1485 4617 1744 4684 Parisina:
1857 4626 2133 4689 brochius,
2173 4624 2263 4679 ubi
2302 4624 2666 4694 Capponianaz
2701 4634 2959 4678 accurate
2991 4641 3089 4679 sua
3119 4627 3408 4695 proferunt

154 4720 445 4778 codicibus
476 4719 612 4772 bene
645 4718 830 4774 multis
863 4721 961 4790 ('5),
987 4737 1052 4778 ex
1092 4722 1280 4777 codice
1308 4720 1567 4778 historico
1604 4723 1665 4775 l7
1690 4729 1744 4777 et
1841 4717 2044 4772 lterum
2101 4718 2280 4786 prodit
2333 4716 2389 4770 S.
2429 4717 2674 4771 Andreas
2722 4715 2774 4768 in
2823 4715 3082 4787 diptycho
3139 4717 3430 4784 Cpolitano

156 4811 224 4864 18
255 4810 608 4865 Bibliotheca:
639 4813 1176 4883 Vindobonensisvt)
1213 4827 1268 4868 et
1291 4815 1574 4884 permultis
1601 4816 1740 4880 aliis,
1841 4810 1988 4880 quod
2035 4810 2438 4877 Papebrochius
2474 4808 2934 4877 Ephemeridibus
2959 4810 3076 4862 suis
3109 4809 3342 4877 subjecit
3375 4819 3431 4865 et

153 4913 220 4952 ex
257 4897 606 4967 Synaxarista
643 4900 876 4970 denique
909 4900 1183 4957 Sirmondi
1219 4905 1594 4974 nostri,qucm
1623 4904 1742 4958 Bol-
1839 4902 1931 4956 ωτι
1971 4900 2132 4956 incidi
2169 4902 2296 4956 item
2326 4901 2564 4963 curavit;
2605 4900 2676 4955 ibi
2710 4901 2892 4955 autem
2919 4917 3042 4956 cum
3080 4900 3268 4956 Sancti
3303 4911 3427 4956 tan-

153 4991 399 5046 landiani
450 4991 580 5044 socii
628 5006 692 5046 ex
728 4993 954 5064 collegio
982 4993 1407 5051 Claromontano
1450 4998 1738 5053 Parisiensi
1838 5004 1951 5049 tum
1981 4995 2334 5066 quadraginta
2353 4994 2506 5065 Cpoli
2536 4993 2865 5048 celebriores
2883 5003 3296 5056 recenscantur,
3325 5009 3424 5062 pa.

152 5083 286 5139 olim
320 5082 740 5138 exscribendum
769 5097 1120 5155 acceperunt.

225 5174 281 5227 ‘2.
325 5173 432 5227 Sed
471 5175 584 5230 bace
631 5176 859 5229 mutatio
902 5194 1008 5231 non
1037 5179 1294 5248 perstitit,
1333 5188 1386 5232 et
1438 5181 1629 5234 iterum
1677 5181 1732 5236 S.

152 5265 405 5319 Andreas
449 5264 514 5318 ad
571 5282 674 5320 xvu
720 5264 968 5320 Octobris
1017 5270 1311 5322 translatus
1356 5278 1460 5331 est,
1493 5285 1600 5338 quo
1649 5270 1734 5325 die

151 5355 325 5411 Oseas
362 5355 623 5426 propheta
656 5367 711 5413 et
737 5358 836 5413 SS.
868 5357 1093 5415 Cosmas
1128 5369 1181 5414 et
1232 5361 1523 5416 Damianus
1547 5378 1736 5430 quam-

1847 5096 1922 5142 tet
1965 5096 2168 5156 quanto
2217 5089 2422 5143 honore
2479 5097 2770 5157 martyrem
2827 5083 2977 5139 illum
3026 5084 3200 5141 Grazcl
3236 5101 3426 5156 prose-

1844 5189 2100 5250 quantur.
2127 5182 2390 5235 Przeterea
2425 5181 2476 5234 in
2515 5179 2825 5250 Synaxariis
2862 5176 2991 5232 Mss.
3023 5178 3342 5234 Rutlleuicis
3369 5185 3424 5233 et

1845 5273 2079 5328 Moschis
2111 5290 2231 5342 qua:
2259 5273 2315 5328 P.
2349 5273 2511 5327 David
2545 5271 2678 5328 5.1.
2708 5287 2852 5326 anno
2889 5271 3024 5326 1688
3056 5281 3110 5325 et
3135 5270 3332 5325 Comes
3352 5271 3420 5326 de

1844 5363 2214 5434 Sparwenl‘eld
2243 5381 2388 5419 anno
2437 5363 2570 5417 1712
2604 5364 2669 5417 ad
2716 5362 3128 5433 Hagiographos
3163 5360 3419 5416 transmi-

158 5538 309 5660 nélsl
345 5537 420 5592 De
444 5535 772 5660 8Mcnologiis
799 5539 1029 5593 duorum
1061 5539 1304 5594 codicum
1333 5541 1508 5595 Crmc.
1541 5541 1739 5596 Bonna:

303 5645 317 5660 .
356 5624 411 5660 [ι.
484 5647 496 5660 .

1860 5539 1947 5598 356
1982 5551 2036 5596 et
2064 5557 2214 5612 seqq.

1921 5614 1995 5660 (5)
2025 5611 2207 5660 Lectio

223 5624 565 5747 ῗῧὲὶδάῗέοε
592 5677 910 5740 Naniorum.
950 5695 999 5747 p.
1030 5678 1153 5734 569.
1476 5713 1478 5716 τ

227 5749 302 5816 (3)
340 5745 518 5801 Catal.
561 5748 732 5804 Codd.
781 5747 906 5802 Mss.
953 5745 1092 5804 Bibl.
1131 5749 1325 5814 Paris.,
1359 5760 1395 5804 t.
1449 5751 1519 5817 ll,
1556 5752 1727 5808 Codd.

158 5820 314 5878 “30.
355 5818 514 5881 1483,
550 5819 697 5883 H95,
727 5827 832 5874 etc.

222 5890 300 5959 (Ι)
340 5889 682 5956 Lambecius,
714 5891 1120 5960 .Commcntam
1154 5903 1285 5960 etc.,
1339 5904 1372 5949 t.
1411 5892 1559 5962 \‘lll,
1592 5895 1724 5952 Cod.

1921 5614 1995 5684 (5)
2025 5607 2309 5684 [:ec‘tiones
2339 5611 2602 5684 antiq.._t.
2642 5609 2730 5676 ΙΙΙ,
2766 5620 2902 5681 part.
2942 5625 2978 5674 ι,
3011 5625 3062 5679 p.
3100 5607 3222 5661 480.

1915 5681 1989 5750 (6i
2023 5682 2084 5737 Τ.
2125 5681 2187 5736 ιιι
2223 5684 2367 5743 Maii,
2411 5699 2460 5749 ρ.
2500 5682 2582 5734 69.

1913 5756 1987 5821 (7)
2028 5754 2159 5817 Ibid,
2193 5765 2245 5806 et
2278 5764 2314 5807 ι.
2355 5753 2391 5805 ll
2428 5752 2620 5813 Martii,
2658 5769 2709 5822 p.
2748 5753 2872 5815 609.
2905 5762 3010 5806 etc.
3078 5821 3088 5822 ί
3122 5810 3134 5822 ..

1912 5819 1985 5890 (8)
2019 5824 2303 5877 Kalendar.
2347 5825 2529 5878 Eccles
2559 5861 2571 5882 ,
2617 5819 2668 5877 ιζ
2694 5823 2750 5885 ν,
2791 5842 2840 5893 p.
2865 5823 2968 5876 216
2998 5819 3198 5877 81506.

1910 5897 1988 5966 (9)
2026 5895 2085 5948 Τ.
2128 5894 2164 5958 Ι,
2212 5894 2354 5960 Maii,
2392 5911 2442 5963 p.
2481 5911 2620 5959 sm,
2659 5910 2718 5948 l..\
2755 5907 2883 5964 etp.
2913 5909 2968 5948 ιι.
