4136 6516
731 467 863 529 1083

1989 474 2269 534 MENSlS
2307 471 2674 532 OCTOBER.

3833 470 3954 533 1084

727 593 865 638 sere,
913 577 967 630 S.
1019 578 1265 635 Andreas
1321 581 1571 637 similiter
1624 601 1774 641 suam
1821 588 2291 642 annuntiationem
2324 588 2368 644 A
2398 584 2712 638 Cretensem
2729 594 2971 637 nostrum
3001 581 3293 636 Ostendere
3326 581 3557 634 conabor
3589 579 3820 633 inferius
3849 580 3870 648 ξ
3908 598 3958 629 ιι.

725 672 954 734 obtinet,
982 673 1066 727 die
1098 674 1278 727 itidem
1320 691 1424 729 xvn
1464 676 1735 732 Octobris.

792 765 844 816 ’5.
885 765 981 818 Hic
1019 769 1353 832 praetermitti
1403 784 1510 823 non
1542 770 1704 824 debet
1743 771 2093 842 Papebrochii
2123 775 2298 829 Tabu-

725 857 803 910 las
852 873 1147 926 earumque
1187 861 1599 930 explicationes,
1633 866 1682 917 in
1731 866 2114 936 Supplemenlo
2151 869 2296 923 The-

726 949 869 1002 sauri
918 950 1138 1005 Goriani
1195 952 1578 1023 Diptyehorum
1633 966 1908 1012 mutuatas
1945 976 2064 1014 esse
2114 962 2292 1026 modo,

726 1050 781 1092 ut
806 1041 1082 1095 lenissime
1112 1043 1478 1106 dicam,valde
1510 1049 1790 1115 singulari.
1815 1051 2095 1106 Passerius
2126 1054 2291 1117 enim,

723 1133 812 1198 qui
869 1134 1124 1200 prmclaro
1159 1136 1283 1189 huic
1328 1136 1474 1206 operi
1509 1149 1717 1206 partem
1767 1152 2011 1209 quartam
2046 1159 2103 1197 se
2151 1145 2297 1212 adje-

721 1225 864 1278 cisse
923 1236 1166 1289 testatur,
1215 1229 1289 1280 ait
1342 1244 1400 1282 se
1450 1229 1691 1298 Diptychi
1738 1232 2000 1297 Cpolitani
2047 1244 2292 1304 ertypum

723 1327 1070 1370 consecutum
1092 1320 1222 1387 (10),
1254 1332 1302 1372 at
1327 1337 1446 1372 cum
1474 1337 1534 1373 ex
1561 1321 1908 1378 Bollandiauo
1933 1342 2096 1394 opere
2119 1328 2292 1380 lumen

721 1417 1006 1473 qua-reret,
1049 1413 1266 1464 nomina
1307 1414 1472 1466 multa
1515 1415 1838 1470 Sanctorum
1873 1419 2072 1470 omissa
2107 1435 2162 1471 se
2201 1422 2293 1472 ad-

721 1503 951 1553 vertisse
1007 1514 1302 1567 asseverat,
1338 1505 1438 1557 alia
1488 1507 1826 1574 perturbata,
1867 1508 2294 1565 Commentarios

723 1591 849 1642 item
885 1593 1032 1644 nullo
1068 1595 1255 1647 ordine
1292 1599 1651 1665 conscriptos,
1688 1598 1758 1650 ita
1790 1609 1846 1652 ut
1878 1617 1982 1652 non
2013 1600 2062 1652 in
2091 1602 2290 1665 lumen,

722 1682 815 1734 sed
855 1683 904 1735 in
952 1685 1234 1753 caliginem
1285 1687 1516 1750 irruens,
1555 1689 1667 1758 ipse
1700 1707 1794 1758 per
1827 1707 1883 1744 se
1916 1694 2092 1745 omnia
2129 1696 2293 1746 extrio

721 1789 846 1827 care
891 1775 1157 1830 debuerit.
1197 1778 1355 1847 Atqui
1406 1795 1471 1832 ex
1518 1781 1599 1834 his
1640 1783 1912 1846 omnibus,
1941 1802 2007 1839 ne
2040 1803 2139 1838 una
2181 1787 2295 1855 qui-

722 1865 842 1918 dem
888 1869 1120 1921 assertio
1181 1887 1304 1922 vero
1379 1872 1620 1940 proxima
1682 1887 1783 1936 est,
1842 1893 1939 1930 nec
1996 1881 2289 1948 quidquam

719 1961 1031 2014 emendavit
1063 1962 1149 2018 ille
1182 1965 1418 2033 scriptor
1446 1977 1536 2020 aut
1564 1979 1793 2036 ectypon
1827 1983 2157 2025 consecutus
2187 1985 2287 2037 est,

719 2051 811 2104 sed
846 2051 1045 2120 elligies
1093 2056 1559 2122 Papebrochianas
1601 2069 1827 2112 conatus
1871 2061 2094 2123 referre,
2143 2079 2291 2116 erro-

720 2157 805 2196 res
835 2159 939 2197 non
971 2145 1117 2199 leves
1146 2148 1382 2202 admisit.
1406 2149 1658 2204 Testatur
1688 2153 1830 2205 enim
1865 2152 2288 2222 Papebroehius,

717 2250 840 2288 cum
869 2243 1038 2288 totum
1074 2238 1370 2305 Diptyehon
1412 2243 1602 2310 pagina
1635 2260 1830 2311 capere
1862 2261 1966 2296 non
2002 2256 2204 2314 possm.
2232 2264 2289 2300 sc

716 2325 978 2381 artificem
1026 2345 1238 2395 rogasse
1278 2341 1332 2384 ut
1365 2332 1546 2386 leones
1579 2335 1670 2386 aeri
1707 2335 2074 2388 inciderentur
2101 2337 2290 2390 Ordine

717 2419 909 2472 leviter
959 2421 1284 2486 immutato;
1319 2425 1410 2476 sed
1465 2440 1611 2487 eum,
1651 2425 2013 2492 postulatione
2047 2443 2153 2480 non
2193 2431 2291 2481 rite

718 2511 1018 2575 intellecta,
1057 2513 1358 2581 plusculum
1402 2533 1428 2566 a
1465 2531 1586 2568 vera
1640 2517 1884 2587 Diptyclii
1939 2519 2290 2588 dispositione

716 2601 1034 2669 aberrasse,
1075 2620 1231 2671 quam
1284 2616 1460 2658 tamen
1515 2607 1936 2672 Papebrochius,
1971 2611 2096 2662 dum
2153 2610 2285 2663 San-

715 2703 926 2751 ctorum
961 2696 1184 2748 nomina
1213 2698 1460 2761 (nitidius
1489 2700 1657 2751 multo
1694 2698 1745 2751 in
1784 2710 1974 2770 ectypo
2003 2718 2100 2755 suo
2127 2715 2286 2771 quam

718 2788 769 2845 in
817 2785 1053 2839 Goriano
1109 2787 1491 2854 supplemento
1548 2791 1814 2857 prolata),
1872 2793 2292 2848 Commentariis

714 2880 1029 2943 illustravit,
1068 2882 1133 2932 ad
1187 2882 1416 2948 rigorem
1474 2892 1692 2935 secutus
1737 2894 1819 2935 est
1856 2885 1989 2950 (ll).
2025 2883 2076 2937 Si
2132 2885 2291 2954 igitur

711 2981 944 3041 ectypon
977 2970 1252 3024 habuisset
1286 2972 1518 3040 scriptor
1568 2973 1676 3034 ille,
1717 2975 2008 3042 seiilptoris
2044 2977 2288 3042 sphalma

714 3079 819 3117 non
850 3076 1035 3117 exacte
1083 3064 1377 3127 retulisset,
1415 3082 1589 3132 neque
1623 3067 1710 3120 ubi
1743 3066 2143 3136 Papebroehius
2173 3069 2290 3123 Tri-

712 3156 894 3227 ptychi
926 3156 1126 3209 Moschi
1163 3171 1378 3223 capsam
1409 3159 1648 3220 rescidit,
1677 3160 1801 3225 quia
1825 3177 1942 3211 eam
1980 3161 2174 3213 iterum
2201 3179 2291 3230 pa-

711 3248 832 3317 gina
889 3263 991 3300 non
1047 3249 1317 3318 capiebat,
1360 3249 1445 3301 ille
1497 3249 1750 3304 similiter
1805 3252 2137 3315 rescidisset,
2187 3270 2288 3307 nec
2320 3277 2359 3330 ιζ

711 3336 947 3405 denique
1004 3347 1108 3390 tam
1166 3353 1420 3395 accurate
1477 3343 1881 3397 Bollandianam
1933 3347 2161 3415 elligiem
2201 3348 2292 3401 de-

714 3428 1048 3495 scripsiSSet,
1068 3441 1126 3483 ut
1152 3447 1218 3484 ne
1242 3433 1322 3484 vel
1347 3433 1618 3488 levissima
1645 3439 1931 3493 diversitas
1957 3440 2292 3507 deprehendi

715 3523 906 3589 possit.
957 3521 1064 3576 Sed
1120 3525 1523 3594 Papebroehius
1563 3538 1826 3581 mutatum
1879 3546 1999 3583 esse
2047 3532 2290 3584 ordinem

715 3613 993 3677 indicavit,
1039 3631 1100 3668 ac
1155 3618 1205 3668 in
1265 3617 1482 3670 iconum
1534 3621 1850 3673 recensione
1902 3622 2073 3689 ipsius
2111 3635 2293 3686 proto-

713 3704 821 3773 typi
875 3716 1119 3759 servatus
1162 3716 1242 3761 est
1291 3710 1457 3773 Ordo;
1493 3711 1581 3765 ille
1631 3729 1758 3764 vero
1798 3715 1989 3766 horum
2038 3727 2288 3769 neutrum

713 3796 861 3859 fecit,
888 3808 942 3851 et
988 3800 1112 3864 quia
1154 3801 1379 3867 singulis
1426 3803 1742 3855 nominibus
1784 3806 2289 3858 commentariolum

713 3901 1005 3942 annectere
1047 3891 1233 3954 voluit,
1268 3892 1354 3945 ubi
1389 3891 1874 3964 Hagiographieum
1911 3910 2156 3952 nostrum
2195 3902 2291 3952 du-

712 3997 830 4034 cem
883 3999 987 4034 non
1047 3985 1254 4049 habuit,
1283 4001 1498 4038 errores
1537 3988 1888 4054 gravissimos
1932 3989 2169 4044 admisit.
2217 3991 2288 4045 lta

713 4072 768 4124 S.
788 4072 1122 4139 Stephanum
1147 4075 1424 4127 .luuioretn
1450 4076 1583 4144 (l2),
1612 4087 1896 4146 martyrem
1924 4081 2287 4144 notissimum,

715 4177 819 4214 non
857 4165 955 4216 sub
984 4156 1322 4235 C0|tl‘()ll_\'lll0
1361 4169 1452 4221 sed
1501 4169 1601 4222 sub
1635 4169 1812 4224 Leone
1859 4171 2039 4226 lsauro
2071 4189 2288 4243 passum

712 4250 972 4316 allirmat,
1028 4256 1171 4324 quod
1245 4258 1652 4326 l‘apehroehius
1711 4265 1954 4330 profecto
2014 4284 2288 4336 nunquam

711 4345 1038 4412 sei-ipsisset.
1098 4349 1296 4401 Eodem
1357 4353 1517 4405 modo
1560 4355 1850 4421 procedere
1896 4358 2110 4411 videtur
2161 4361 2287 4413 dum

713 4435 1001 4508 Triptyeha
1029 4440 1242 4495 Moscha
1275 4445 1549 4512 explanat,
1586 4448 1678 4500 sed
1715 4464 1820 4500 non
1875 4461 2027 4503 vacat
2062 4468 2173 4504 rem
2205 4454 2288 4506 di-

714 4531 963 4602 ligentius
1014 4534 1407 4604 indigare(l3).
1442 4540 1550 4594 Nec
1600 4543 1886 4612 quisquam
1929 4546 2014 4600 hic
2060 4549 2284 4615 objiciat

2398 677 2570 744 Atque
2599 675 2688 728 hic
2723 683 2932 728 tantum
2984 671 3184 726 notabo
3232 671 3343 724 haec
3381 686 3568 739 pauca.
3616 670 3818 723 Passus
3851 671 3958 737 qui-

2399 767 2519 820 dem
2572 777 2654 820 est
2705 766 2760 820 S.
2799 765 3103 835 Stephanus
3138 779 3299 817 xxviii
3350 764 3687 823 Novembris,
3721 765 3815 817 sed
3850 779 3958 816 eum

2398 859 2462 912 sit
2509 859 2815 928 prrecipuus
2873 855 3267 925 persecutionis
3327 855 3778 925 Copronymianze
3832 870 3960 906 mar-

2401 959 2498 1020 tyr,
2558 952 2621 1004 iis
2673 952 2864 1005 diebus
2915 950 3110 1018 quibus
3158 949 3245 1002 alii
3301 949 3541 1017 ejusdem
3579 949 3960 1015 persecutionis

2398 1054 2660 1111 martyres
2697 1043 3116 1100 annuntiantur,
3156 1056 3295 1109 smpe
3327 1043 3440 1108 ipse
3464 1041 3621 1092 simul
3670 1051 3959 1106 comparet.

2397 1133 2811 1203 (Innjmiguntur
2886 1135 3063 1201 itaque
3135 1132 3442 1200 frequenter
3506 1130 3559 1183 S.
3637 1129 3959 1197 Stephanus,

2397 1226 2452 1280 S.
2490 1227 2752 1285 Andreas,
2783 1227 2837 1280 S.
2873 1227 3063 1280 Petrus
3094 1236 3147 1278 et
3185 1226 3240 1277 S.
3272 1227 3466 1278 Paulus
3496 1227 3594 1277 sub
3633 1225 3963 1291 (Iopronymo

2400 1319 2569 1387 passi,
2604 1333 2910 1387 quanquam
2955 1316 3115 1371 simul
3145 1317 3206 1368 ad
3237 1317 3570 1384 martyrium,
3608 1326 3664 1368 ut
3695 1334 3759 1367 ex
3796 1319 3965 1384 singu-

2405 1409 2576 1461 lorum
2630 1409 2778 1461 Actis
2819 1419 2982 1477 patet.
3037 1425 3144 1460 non
3197 1419 3595 1476 processerunt.
3645 1408 3702 1459 In
3760 1408 3962 1460 .Vlrtiazis

2399 1501 2524 1554 Mss.
2559 1501 2931 1555 Ambrosianis
2974 1517 3067 1554 seu
3107 1501 3599 1555 Mediolanensibus
3646 1504 3699 1554 hi
3748 1514 3965 1570 quatuor

2397 1589 2494 1643 SS.
2540 1603 2802 1662 martyres
2853 1595 3010 1647 simul
3052 1593 3266 1648 colendi
3311 1594 3652 1657 assignantur
3691 1611 3757 1646 xx
3817 1597 3967 1646 Orto.

2399 1682 2543 1744 bris;
2571 1683 2694 1736 dein
2735 1683 2791 1736 S.
2827 1683 3054 1738 Andreae
3115 1685 3165 1737 in
3207 1684 3342 1738 Crisi
3382 1683 3766 1752 Synaxarium,
3803 1686 3851 1737 id
3897 1697 3968 1738 est

2399 1773 2578 1827 brevis
2607 1776 2729 1829 vitae
2773 1784 2824 1828 et
2863 1777 3130 1844 passionis
3162 1775 3382 1828 historia
3419 1775 3790 1843 subjungitur.
3836 1776 3966 1829 ldem

2398 1863 2448 1916 in
2487 1866 2606 1919 aliis
2636 1867 2855 1921 Menaeis
2896 1866 3023 1921 Mss.
3058 1877 3116 1920 ut
3162 1868 3212 1919 in
3260 1867 3446 1920 codice
3478 1869 3713 1935 quodam
3752 1865 3968 1920 Malari-

2397 1974 2511 2011 nzeo
2563 1975 2667 2026 quo
2711 1976 2852 2028 saepe
2900 1961 3218 2013 deecssores
3261 1961 3430 2012 nostri
3483 1961 3560 2013 usi
3614 1968 3766 2021 sunt,
3801 1961 3969 2013 videre

2392 2058 2495 2100 est.
2525 2047 2874 2116 Synaxarium
2905 2058 3084 2100 autem
3120 2047 3535 2107 lilediolanense.
3563 2052 3968 2115 quoniamnon-

2394 2142 2527 2193 nihil
2574 2141 2756 2194 dill‘ert
2786 2142 2851 2203 ab
2889 2140 2980 2192 illo
3011 2140 3154 2206 quod
3199 2140 3262 2194 ad
3314 2155 3420 2193 xvtt
3468 2140 3722 2192 Octobris
3760 2141 3814 2191 in
3871 2141 3966 2194 Me-

2394 2233 2523 2288 nzeis
2569 2233 2881 2301 vulgaribus
2927 2247 3185 2285 excusum
3236 2242 3339 2294 est,
3370 2242 3424 2286 et
3479 2233 3807 2285 mirabiliter
3857 2248 3965 2286 cum

2395 2323 2542 2375 Actis
2585 2324 2784 2376 nostris
2824 2323 3094 2392 prioribus
3143 2333 3427 2384 consonat,
3460 2323 3531 2375 ita
3568 2333 3623 2375 ut
3660 2340 3725 2375 ex
3771 2323 3856 2376 his
3888 2326 3968 2376 de-

2394 2421 2668 2481 sumptum
2709 2413 2836 2467 illud
2887 2415 3077 2467 merito
3130 2415 3424 2483 conjicias,~
3459 2413 3545 2468 hic
3601 2413 3878 2480 integrum
3914 2429 3967 2467 et

2394 2505 2581 2558 codice
2617 2505 2716 2559 Ms.
2747 2505 3091 2573 proferimus.
3114 2504 3279 2557 Datur
3315 2520 3443 2557 vero
3474 2504 3636 2557 sicuti
3666 2514 3772 2562 est,
3796 2509 3968 2571 sphal-

2395 2597 2551 2650 matis
2579 2608 2626 2650 et
2659 2597 3021 2650 locationibus
3063 2597 3374 2649 Graecorum
3406 2595 3604 2645 intimae
3636 2596 3816 2646 aetatis
3864 2595 3971 2645 ubi-

2394 2704 2495 2757 que
2519 2690 2759 2750 retenlis,
2780 2690 2844 2742 de
2868 2690 3082 2755 quibus,
3117 2690 3157 2739 si
3183 2689 3348 2746 lubet,
3367 2687 3530 2754 aliqui
3561 2687 3728 2737 videri
3755 2697 3973 2753 possunt

2393 2781 2533 2848 apud
2564 2781 2640 2832 Cl.
2678 2782 2816 2832 llase
2855 2780 2907 2831 in
2939 2780 3173 2832 editione
3206 2779 3400 2832 Leonis
3436 2779 3656 2831 Iliaeoni
3689 2781 3801 2848 (Η)

2558 2893 2698 2961 Μηνὶ
2759 2890 3042 2960 ὀκτωϐρέῳ
3071 2897 3116 2944 κ’
3144 2891 3251 2944 τῶν
3284 2891 3456 2957 ἁγίων
3501 2891 3786 2958 νεοφανῶν
3837 2908 3972 2961 pap-

2392 2977 2570 3055 τύρων
2637 2988 2940 3055 Στεφάνου,
3012 2985 3245 3046 Παύλου,
3285 2985 3489 3053 Πέτρου
3548 2984 3644 3034 καὶ
3701 2982 3970 3050 Ἀνδρέου,

2391 3082 2495 3132 τῶν
2529 3083 2616 3132 ἐπὶ
2652 3079 3026 3146 Κοπρωνύςιου
3056 3078 3551 3145 μαρτυρησάντων.
3595 3067 3773 3136 Οὗτος
3805 3071 3972 3142 ἦνέπὶ

2395 3171 2799 3224 Κωνσταντίνου
2868 3169 2959 3221 τοῦ
2993 3166 3316 3219 κα6α>.λίνου
3363 3169 3418 3218 ἐν
3459 3167 3692 3235 ἀσκήσει
3747 3167 3972 3235 διάγων,

2393 3265 2448 3314 ἐν
2480 3265 2543 3331 τῇ
2569 3266 2714 3332 νήσῳ
2737 3263 2948 3332 Κρήτῃ.
3015 3258 3256 3311 Ἀκούων
3287 3259 3340 3310 δὲ
3374 3260 3463 3311 τὸν
3494 3258 3761 3327 τύραννον
3801 3277 3970 3326 τιμωο

2399 3357 2644 3426 ρήσαντα
2690 3356 2814 3416 τοὺς
2867 3354 3204 3421 ὀρθοδὸξους,
3265 3354 3564 3405 ἀνέπλευσε
3627 3353 3766 3420 προς
3817 3352 3969 3403 Κων-

2401 3446 2843 3499 σταντινούπολιν
2904 3445 3139 3508 ἐλέγξων
3195 3445 3373 3505 αὑτὸν,
3432 3446 3524 3494 καὶ
3580 3444 3760 3512 εὑρὼν
3814 3446 3974 3494 αὑτὸν

2397 3541 2569 3604 πέραν
2598 3540 2652 3588 ὲν
2679 3537 2772 3588 τοῦ
2800 3537 2954 3602 ἁγίου
2985 3534 3283 3594 Malui-vro;
3307 3535 3585 3594 παλατόις
3619 3535 3974 3599 τιμωροῦ-ιτα

2395 3633 2520 3694 τοὺς
2555 3629 2626 3698 μὴ
2657 3630 3024 3698 ἀρνουμένους
3055 3625 3151 3687 τὰς
3190 3625 3338 3684 θείας
3387 3623 3624 3684 εἰκόνας,
3658 3623 3762 3692 Ξᾳη
3790 3639 3804 3654 ο
3834 3619 3976 3691 Ἀρι

2397 3723 2701 3790 χριστιανδς
2734 3717 2803 3783 εἷ,
2867 3717 3120 3788 βασιλεῦς
3163 3717 3220 3770 Ὀ
3248 3716 3302 3768 δὲ
3331 3716 3465 3785 πρὸς
3505 3717 3669 3768 αύτζν
3739 3716 3860 3786 μετ’
3893 3717 3975 3784 ὀρ‹

2395 3816 2494 3881 γῆς
2535 3812 2795 3882 στραφεὶς
2843 3812 3096 3863 ἐκέλευσε
3131 3811 3267 3880 πρὸς
3314 3811 3474 3862 αὑτὸν
3531 3809 3794 3872 ἄγεσθαιν
3834 3810 3884 3860 οἱ
3925 3809 3976 3860 δὲ

2392 3906 2496 3957 τῶν
2524 3905 2724 3973 τριχῶν
2767 3902 3038 3970 σύροντες,
3071 3901 3219 3954 ἄλλοι
3252 3902 3340 3951 τὸν
3364 3899 3597 3968 χοιτῷια
3639 3898 3974 3967 ρητνύντξς,

2393 3996 2485 4047 καὶ
2521 3998 2582 4046 ἐκ
2639 3995 2743 4046 τῶν
2775 3995 2997 4046 ὄπισθεν
3053 3994 3371 4053 τύπτοντες,
3419 3991 3613 4057 ἔσυρον
3652 3993 3744 4042 τὸν
3797 3993 3972 4057 ἅγιον,

2394 4079 2495 4135 καῖ
2527 4100 2660 4151 φησι
2690 4084 2823 4152 πρὸς
2874 4083 3034 4133 αὑτόν
3061 4098 3072 4110 ⁸
3136 4080 3319 4141 Οὕτως
3353 4079 3639 4149 ἐδιδάχθης
3676 4082 3971 4150 ἀτεμάξίίν

2392 4174 2648 4246 gustia-5a;
2690 4175 2745 4226 Ὀ
2786 4174 2842 4226 δέ
2878 4189 2889 4202 ·
2921 4172 3107 4235 Οὐδεὶς
3132 4172 3436 4240 ἁμαρτάνει
3464 4171 3694 4239 βασιλέα
3728 4176 3972 4242 ἐλέγχων

2391 4267 2812 4336 παρανομοῦντα
2835 4283 2848 4299 ο
2873 4268 2899 4318 ὁ
2930 4267 2983 4319 δέ
3024 4282 3036 4296 ·
3071 4266 3210 4328 Τοὺς
3257 4263 3714 4335 παρανομοῦντας
3775 4269 3974 4333 pili!»

2393 4360 2547 4427 ὑμεῖς
2587 4359 2907 4426 κολάζομεν,
2934 4360 3056 4419 τοὺς
3089 4360 3158 4419 ὡς
3182 4359 3335 4421 θεοὺς
3364 4361 3853 4427 προσερχομένους
3885 4363 3972 4410 καὶ

2390 4451 2751 4521 λατρεύοντας
2781 4452 2894 4512 ταῖς
2927 4450 3149 4502 εἰκόσινο
3182 4452 3303 4503 ἁδὺ
3345 4452 3612 4517 ’Λγνοεῑς,
3647 4446 3690 4502 ὦ
3725 4451 3969 4522 βασιλεῦ,

2391 4547 2442 4596 τί
2473 4546 2568 4612 μὲν
2594 4544 2653 4595 τὸ
2681 4544 2944 4612 σχετικῶς
2977 4545 3323 4611 προσκυνεῖν,
3348 4542 3396 4592 ii
3414 4541 3469 4591 δὲ
3490 4541 3548 4590 τὸ
3574 4542 3968 4609 λατρευτικῶς,

715 4625 766 4676 in
808 4625 1098 4680 editionem
1145 4628 1398 4683 Venetam
1432 4611 1765 4689 Bollaudiani
1803 4636 1998 4705 Operis
2032 4611 2283 4706 praedicta

2406 4639 2462 4689 Ὀ
2492 4637 2546 4688 δὲ
2577 4634 2851 4686 τείνεσοαι
2902 4635 3093 4685 τοῦτον
3125 4636 3181 4686 ὲν
3224 4633 3493 4701 μαστὶγας
3524 4632 3806 4695 ἐκέλευσε,
3849 4638 3971 4702 βου-

714 4717 1020 4784 gravamina
1052 4721 1252 4787 prolata
1307 4722 1490 4776 fuisse.
1525 4725 1655 4778 Nam
1710 4731 1886 4795 primo
1921 4731 2285 4798 Antverpien-

714 4820 824 4858 sem
853 4807 1002 4867 citat,
1035 4810 1158 4863 dein
1184 4813 1238 4865 in
1271 4823 1501 4884 utraque
1524 4817 1759 4872 editione
1788 4819 1951 4873 iidem
1980 4831 2106 4875 sunt
2127 4822 2284 4875 Com-

713 4903 986 4963 nientarii,
1025 4920 1158 4970 quos
1206 4907 1249 4960 si
1303 4909 1571 4964 immerito
1619 4928 1846 4981 arguere
1897 4926 1950 4969 et
1992 4917 2281 4971 innnutare

713 5010 878 5049 ausus
902 5003 1004 5059 est,
1038 4997 1089 5049 in
1115 5013 1180 5050 eo
1209 4999 1423 5067 dignam
1466 5007 1789 5072 arrogantia:
1826 5022 2039 5077 pinnam
2075 5010 2194 5061 tulit
2228 5019 2284 5063 ut

712 5087 803 5139 tibi
847 5089 1194 5156 gravissimos
1250 5107 1466 5148 errores
1520 5110 1584 5148 ex
1647 5098 1856 5151 calamo
1907 5099 2156 5153 excidere
2213 5101 2283 5152 sit

713 5192 924 5245 passus.

777 5271 827 5324 .l.
869 5271 1078 5327 Colitur
1118 5274 1174 5329 S.
1210 5275 1454 5330 Andreas
1500 5296 1606 5333 non
1639 5291 1843 5335 tantum
1874 5288 2139 5353 prmdictis
2166 5292 2280 5344 die-

711 5362 830 5426 bus,
883 5381 1069 5420 verum
1116 5369 1276 5422 etiam
1326 5386 1487 5422 X\Vlll
1534 5370 1850 5429 Novembris
1893 5393 2013 5431 cum
2061 5379 2115 5434 S.
2155 5383 2279 5436 Ste-

713 5453 887 5519 phano
913 5455 1156 5512 .luniore.
1194 5460 1466 5513 Andream
1497 5463 1662 5528 enim,
1700 5466 1790 5532 qui
1841 5468 1890 5519 in
1931 5469 2081 5523 fastis
2110 5476 2280 5527 sacris

713 5562 816 5599 una
872 5564 994 5602 eum
1047 5549 1148 5601 hoe
1202 5552 1478 5618 Stephano
1515 5557 1709 5622 prodit,
1756 5561 2004 5614 eumdem
2052 5579 2170 5618 esse
2218 5582 2278 5618 ac

787 5687 893 5766 (l0)
923 5687 1069 5766 (ιρι-ξ]
1109 5687 1417 5742 Thesaurus
1453 5699 1686 5766 veterum
1717 5696 2117 5766 diplyeliorum.
2155 5699 2277 5754 Flo-

718 5760 899 5832 rentife
931 5759 1084 5832 l759,
1114 5769 1255 5832 part.
1292 5775 1440 5832 iv,_p.
1484 5762 1497 5811 l
1533 5771 1588 5813 et
1620 5777 1746 5832 seqq

785 5827 894 5897 (ll)
928 5828 1057 5897 Acta
1252 5839 1286 5879 ι.
1318 5828 1333 5878 l
1367 5828 1504 5891 Maii,
1546 5848 1594 5897 μ.
1629 5827 1798 5894 ι.ι,⁷ιι.
1835 5838 1885 5887 t.

790 5896 894 5955 (i2)
931 5896 1052 5944 Loc.
1089 5898 1202 5954 cit.,
1237 5910 1284 5963 p.

2394 4729 2600 4798 νεύροις
2621 4731 2760 4780 κατὰ
2791 4728 2883 4778 τοῦ
2903 4727 3057 4778 νότου
3097 4728 3191 4779 καὶ
3225 4724 3318 4777 τοῦ
3349 4723 3581 4792 στήθους
3619 4727 3966 4793 φραγελὶῶνο

2392 4817 2508 4872 εἶτα
2541 4819 2686 4870 λίθου
2715 4818 2772 4869 τὸ
2807 4819 2981 4886 στόμα
3038 4816 3338 4887 προσέταξε
3395 4815 3724 4871 τύπτεσθαι,
3781 4816 3867 4888 Τῇ
3917 4819 3969 4870 5‘;

2393 4909 2656 4977 ἐπαύριον
2686 4906 2954 4968 ἐκϐαλὼν,
2988 4905 3062 4968 ὡς
3091 4907 3188 4958 οὐκ
3224 4906 3443 4958 ἔπεισεν
3493 4908 3849 4977 ἀρνήσασῡαι
3883 4911 3970 4960 τοι

2393 5004 2626 5069 Χριστὸν
2663 5003 2755 5054 καὶ
2788 5001 2886 5062 τὰς
2921 5001 3085 5066 ἁγίας
3119 5000 3357 5058 εἰκόνας,
3408 4999 3582 5065 τύψας
3617 5001 3803 5065 πάλιν,
3833 5004 3969 5052 κατά

2393 5096 2635 5162 κεφαλῆς
2672 5093 2936 5163 σύρεσθαι
2977 5093 3165 5144 τοῦτον
3215 5090 3322 5142 τῶν
3348 5090 3524 5142 ποδῶν
3554 5092 3680 5153 τοὺς
3724 5095 3969 5160 σιοξνους

2392 5189 2705 5256 ἐξάψαντες,
2754 5189 2812 5237 ὲν
2850 5188 2913 5253 τῇ
2955 5184 3529 5237 Κωνσταντινουπῶει
3577 5184 3966 5253 ϐεατρέξεσθαι

2393 5278 2746 5345 προστάσσει.
2785 5275 2846 5326 Οἱ
2885 5275 2940 5326 δὲ
2985 5275 3215 5342 τάχιστα
3256 5271 3720 5343 περσινιωοέντες,
3755 5279 3852 5326 καὶ
3881 5275 3968 5323 τιν

2393 5369 2546 5435 ἅγιον
2577 5371 2832 5439 σύροντες
2879 5367 3116 5418 ἔθαπτον
3147 5367 3244 5432 τὴν
3284 5366 3384 5431 γῆν
3415 5367 3530 5424 τοῖς
3567 5366 3802 5433 αἵμασιν
3831 5382 3841 5392 ·
3897 5364 3972 5425 ὡς

2389 5461 2440 5510 δὲ
2470 5467 2545 5520 εἰς
2583 5465 2677 5528 τὴν
2710 5460 2800 5510 τοῦ
2837 5460 2962 5520 Bob;
2985 5460 3193 5527 ἀγορὰν
3246 5457 3616 5524 πεφθὰκασιν,
3665 5459 3828 5509 εἱδῶν
3871 5458 3968 5507 at).

2388 5557 2514 5614 τούς
2555 5569 2634 5612 τις
2660 5552 2783 5618 ἄρτι
2820 5551 2949 5610 ’τοὺς
2984 5550 3171 5617 ἰχθύας
3207 5548 3749 5616 ἀποφορτισάμενος,
3778 5548 3966 5616 ἠρώτα

2463 5689 2571 5750 (ιδ)
2601 5685 2758 5745 Ihitl.,
2801 5700 2854 5750 ι».
2896 5683 2976 5734 in.

2462 5755 2829 5829 (HiLeonis
2866 5755 3084 5829 liiaeoni
3142 5750 3384 5806 Historiae
3436 5767 3479 5829 e_
3520 5767 3740 5812 recens.
3798 5756 3860 5807 (ὲ.
3913 5752 3970 5802 Β.

2397 5828 2553 5890 Hase,
2595 5828 2787 5878 Bonna?
2820 5825 2970 5886 I898,
3017 5841 3064 5890 μ.
3105 5838 3221 5874 ntv
3256 5834 3306 5876 et
3345 5825 3564 5890 passim.
