4136 6490
219 460 348 524 1085

1311 469 1488 528 VITA
1528 471 1586 532 S.
1635 468 1967 529 ANDREAS
2007 471 2087 531 IN
2134 472 2360 532 CRISI.

3335 475 3464 539 1086

211 570 306 638 τὴν
352 571 531 624 αἰτίαν
565 571 930 643 τῆξβασᾶνου
957 576 1052 630 καὶ
1080 576 1290 646 μαθὼν,
1316 577 1509 645 ἀξίνην
1547 579 1758 647 μακε).-

1880 588 2105 646 quenter
2155 588 2372 632 sanctos
2418 578 2619 642 varios,
2655 579 2744 646 qui
2800 579 3002 636 Sancto
3050 579 3321 650 prmeipuo
3369 582 3461 636 tali

210 661 363 732 λικὴν
389 662 418 715 ὁ
448 663 632 730 ἄθλιος
661 668 938 736 ἁρπάσας,
991 669 1357 741 χαριζόμενος
1384 674 1498 734 τοῖς
1529 671 1619 725 τοῦ
1652 672 1772 725 δια·

213 754 365 807 δόλου
415 755 740 826 ὑπηρέταις,
768 759 1050 830 δρομαὲως
1089 762 1308 832 ἔρχεται
1340 763 1436 816 καὶ
1465 762 1554 816 τὸν
1601 763 1775 829 δεξιὸν

212 844 346 897 πόδα
365 845 460 898 τοῦ
487 849 645 914 ἁγίου
675 850 938 920 ἀπέκοψε,
975 852 1070 904 καὶ
1105 853 1233 922 παρ’
1265 851 1432 904 αὑτοῦ
1462 854 1562 924 τὴν
1613 856 1775 922 ἁγίαν

213 939 374 992 αὖτοῦ
429 943 524 994 καὶ
573 943 848 1013 μακαρίαν
881 943 1059 1014 ψυχὴν
1109 945 1382 1017 παρέθετο
1434 946 1510 1016 τῷ
1564 949 1774 1018 Κυρίῳ.

212 1034 272 1083 Οἱ
307 1031 399 1084 δῦν
442 1034 721 1104 σύροντες,
745 1037 937 1106 νεκρὸν
989 1038 1211 1101 ἰδόντες.
1254 1039 1328 1100 ὥς
1362 1055 1414 1090 τε
1452 1038 1775 1108 Θνησψαῖον

209 1124 265 1175 ἐν
294 1126 559 1196 κοπρώδει
589 1127 771 1198 χωρίῳ
795 1129 1122 1201 ἀπέῤῥιψαν,
1141 1131 1340 1194 ’νυκτὸς
1359 1130 1414 1182 δὲ
1445 1133 1778 1184 καταλαϐού-

211 1232 329 1283 σης,
357 1217 504 1277 τινὲς
531 1216 642 1269 τῶν
667 1219 967 1287 ὀρθοδὸξων
997 1223 1250 1288 ἄραντες,
1277 1222 1489 1291 ἔθαψαν
1519 1224 1578 1275 ὲν
1623 1223 1776 1294 τόπῳ

209 1305 488 1377 λεγομένῳ
543 1308 640 1376 τῆς
688 1309 958 1377 Κρίσεως.
1017 1312 1140 1366 Ilwc
1175 1312 1341 1366 latine
1377 1329 1526 1366 versa
1574 1315 1648 1367 sic
1694 1331 1781 1367 so-

209 1407 357 1451 naut.

271 1489 326 1544 6.
391 1489 484 1544 Die
526 1507 592 1544 xx
629 1493 878 1546 Octobris
911 1493 1169 1552 Memoria
1213 1498 1512 1552 recentium
1559 1504 1777 1554 saneto-

204 1597 322 1634 rum
372 1593 668 1653 martyrum
709 1584 990 1655 Stephani,
1036 1587 1203 1651 Pauli,
1254 1590 1395 1644 Petri
1447 1599 1500 1643 et
1551 1591 1779 1646 Andrea:

203 1673 292 1740 qui
323 1677 423 1727 sub
451 1675 796 1747 Copronymo
829 1678 967 1747 passi
1010 1691 1154 1733 sunt.
1187 1711 1254 1722 -—
1287 1683 1338 1736 Is
1362 1684 1651 1750 (Andreas)
1678 1685 1778 1739 sub

201 1764 563 1820 Constantino
596 1767 897 1833 Caballino,
931 1771 1178 1825 ascetica:
1209 1773 1331 1827 vitae
1361 1775 1608 1828 addictus
1636 1775 1778 1830 vive-

202 1855 294 1910 bat
325 1859 377 1911 in
410 1858 584 1912 insula
624 1859 803 1925 Creta,
839 1877 1073 1932 cumque
1103 1866 1345 1920 audisset
1379 1876 1665 1937 tyrannum
1688 1882 1775 1920 or—

203 1949 474 2006 tltodeos
528 1956 810 2009 tormentis
872 1957 1164 2027 exagitare,
1213 1957 1361 2012 illum
1414 1960 1772 2030 redarguendi

199 2055 364 2095 causa
402 2044 929 2115 Constantinopolim
972 2050 1262 2119 navigavit.
1313 2051 1666 2106 lnveniteum
1696 2054 1777 2107 ul-

201 2143 283 2188 tra
323 2137 658 2202 (civitatem,
690 2140 725 2190 ἰ.
756 2155 800 2191 e.
832 2138 897 2190 ad
936 2149 1140 2206 partem
1194 2142 1605 2197 occidentalem.
1645 2145 1774 2200 Vide

201 2227 340 2280 inl'ra
378 2245 530 2284 num.
565 2230 654 2298 30‘)
691 2231 740 2281 in
776 2229 982 2284 Palatio
1019 2233 1084 2285 ad
1121 2233 1177 2286 S.
1211 2233 1522 2305 Mamantis,
1549 2240 1777 2292 saevien-

203 2329 310 2372 tem
344 2321 397 2372 in
430 2336 525 2374 eos
555 2322 645 2390 qui
673 2307 961 2377 sacrarum
1013 2325 1306 2393 imaginum
1337 2329 1540 2383 nollent
1571 2332 1776 2386 cultum

198 2412 456 2480 abjicere,
517 2429 752 2485 eumque
805 2417 1139 2485 compellans
1195 2435 1208 2470 :
1268 2418 1585 2487 Imperator,
1647 2434 1776 2478 tune

197 2503 546 2561 Christianus
605 2523 688 2573 es,
722 2509 940 2578 inquit?
972 2509 1069 2563 Hic
1115 2525 1243 2563 vero
1289 2527 1409 2564 eum
1446 2512 1521 2566 ira
1554 2515 1617 2566 ad
1651 2530 1775 2566 eum

196 2609 517 2662 conversus,
569 2597 761 2653 adduci
808 2600 994 2668 jussit.
1045 2599 1181 2655 Tum
1244 2601 1331 2656 alii
1391 2603 1600 2670 capillis
1633 2603 1778 2657 abri-

195 2687 436 2757 pientes,
469 2690 556 2744 alii
596 2692 835 2746 tunicam
875 2694 1180 2750 lacerantes
1223 2703 1279 2750 et
1322 2711 1350 2749 a
1385 2706 1532 2767 tergo
1565 2697 1776 2752 caeden-

198 2788 299 2845 tes,
331 2779 591 2835 Sauctum
623 2785 930 2852 raptabant.
966 2787 1064 2842 Cui
1109 2797 1370 2860 tyrannus
1413 2807 1426 2845 ε
1459 2790 1608 2847 Itane
1651 2809 1779 2848 con-

198 2871 440 2925 tumeliis
463 2866 851 2944 imperatorem
876 2877 1090 2933 allicere
1120 2881 1347 2934 edoctus
1372 2884 1470 2936 es?
1494 2884 1587 2937 Ille
1618 2901 1774 2940 vero:

194 2961 367 3017 Nemo
411 2964 698 3034 delinquit,
737 2967 1122 3038 imperatorem
1170 2986 1422 3042 arguens.
1476 2975 1598 3028 dum
1631 2975 1779 3044 leges

193 3059 522 3113 contemnit.
572 3060 861 3130 Tyrannus
895 3065 1091 3118 iterum
1130 3085 1141 3120 ε
1175 3065 1234 3120 1η
1271 3082 1364 3120 vos
1385 3067 1565 3136 potius
1599 3069 1775 3137 legum

193 3158 546 3215 corruptores
565 3152 1071 3218 animadvertimus,
1093 3163 1186 3223 qui
1213 3159 1365 3224 quasi
1390 3159 1491 3213 diis
1515 3161 1776 3222 advoluti,

1879 671 1964 726 die
1989 670 2265 725 celebrato
2307 668 2496 723 alliues
2524 680 2671 730 sunt,
2708 680 2761 724 et
2799 680 2979 726 tamen
3038 671 3249 740 priores
3298 673 3462 728 etiam

1879 779 2036 819 suum
2084 764 2366 832 proprium
2417 762 2558 816 diem
2606 763 2876 817 obtinere.
2907 763 2963 817 In
3011 763 3231 818 Menaeis
3283 766 3464 834 itaque

1877 856 2119 924 praedicti
2159 863 2394 924 quatuor
2430 855 2612 909 Sancti
2663 856 2729 908 ad
2760 856 2902 909 diem
2947 873 3034 909 xx:
3068 856 3338 917 Octobris,
3369 858 3459 926 qui

1878 947 1982 1001 diei
2015 963 2122 1016 quo
2162 962 2353 1016 passus
2386 957 2469 999 est
2502 945 2560 1002 S.
2594 948 2842 1002 Andreas
2877 949 2927 1002 in
2956 947 3120 1010 Crisi,
3152 966 3219 1002 xx
3254 949 3460 1005 scilicet

1879 1040 2163 1108 proximus
2212 1047 2314 1098 est,
2351 1038 2501 1091 relati
2541 1049 2668 1092 sunt
2710 1050 2765 1093 et.
2815 1041 3062 1110 sequenti
3101 1041 3249 1094 brevi
3295 1056 3461 1095 enco-

1881 1132 1990 1184 mio
2031 1130 2380 1184 celebrantur
2411 1147 2423 1183 :
2454 1131 2531 1200 Τῇ
2557 1130 2693 1200 αὐτῇ
2715 1132 2922 1202 ἡμέρᾳ.
2953 1132 3140 1201 μνήμη
3169 1132 3273 1184 τῶν
3293 1131 3462 1196 ἁγίων

1883 1223 2166 1288 νεοφανῶν
2198 1223 2496 1293 μαρτύρων
2556 1222 2826 1294 Ἀνδρέου,
2897 1223 3194 1290 Στεφάνου,
3251 1226 3464 1277 Παύλου

1882 1312 1975 1364 καὶ
2003 1313 2238 1380 Πέτρου.

1882 1404 2060 1474 Στίχοι
2089 1422 2101 1434 ·
2133 1403 2313 1474 Τρεῖς,
2340 1406 2365 1455 ὁ
2387 1405 2675 1474 Στέφανος,
2711 1407 2772 1458 εἰ)
2803 1409 3124 1475 στεςοανῗτας
3147 1407 3287 1476 ἔχεις

2140 1497 2279 1561 Τοὺς
2303 1499 2383 1550 sol.
2409 1497 2838 1565 συνιολήςιντκς
2863 1501 2919 1564 ἐξ
2945 1500 3060 1562 ἐνὸς
3087 1501 3288 1568 ξίφους.

1954 1588 2008 1642 Id
2037 1598 2117 1643 est
2148 1605 2162 1641 :
2192 1589 2390 1642 Eadem
2422 1589 2509 1641 die
2539 1589 2645 1657 (xx:
2680 1587 2895 1654 Octob.)
2949 1591 3211 1644 memoria
3249 1599 3466 1646 sancto-

1885 1696 2002 1736 rum
2031 1681 2326 1736 recentium
2346 1691 2640 1750 martyrum
2665 1680 2915 1746 Andreae,
2934 1681 3218 1751 Stephani,
3241 1683 3391 1737 Pauli
3414 1691 3468 1738 et

1884 1771 2053 1826 Petri.

1889 1863 2084 1919 Versus
2120 1883 2133 1919 :
2170 1866 2302 1920 Tres
2336 1876 2729 1920 concoronatos
2764 1863 2950 1927 habes,
2979 1879 3012 1918 ο
3047 1862 3351 1934 Stephano,

2173 1958 2373 2014 Tecum
2403 1974 2533 2014 ense
2564 1966 2862 2028 pugnantes
2895 1957 3082 2013 eodem
3104 1968 3344 2014 strenue.

1880 2050 2115 2104 Rursum
2146 2051 2232 2104 die
2263 2068 2426 2105 xxrlu
2459 2050 2708 2105 Octobris
2729 2050 2782 2101 in
2810 2051 2984 2102 altero
3015 2049 3244 2102 duorum
3279 2048 3465 2105 Meno-

1880 2143 2144 2213 logiorum
2201 2158 2318 2211 quae
2374 2143 2660 2196 Scholzius
2723 2141 2894 2195 edidit
2953 2141 3090 2210 (16),
3146 2151 3465 2210 comparent

1882 2233 1982 2287 SS.
2038 2241 2302 2301 martyres
2365 2229 2696 2300 Stephanus,
2758 2229 2955 2283 Petrus
3011 2240 3068 2284 et
3116 2231 3360 2287 Andreas
3411 2239 3465 2284 et

1881 2339 2053 2377 ssvut
2087 2323 2222 2376 Nov.
2255 2322 2454 2376 iterum
2484 2321 2540 2376 S.
2575 2322 2890 2390 Stephanus
2916 2322 3112 2378 Juuior
3151 2333 3350 2393 martyr
3379 2338 3466 2377 so-

1880 2415 1994 2480 lus;
2035 2415 2088 2468 in
2124 2415 2296 2469 altero
2327 2431 2456 2469 vero
2486 2415 2634 2468 solus
2682 2413 2736 2467 S.
2774 2413 3086 2484 Stephanus
3123 2415 3318 2472 Junior
3348 2430 3465 2470 mo-

1880 2508 2087 2561 nachus
2117 2516 2171 2560 et
2217 2517 2418 2578 martyr
2446 2500 2533 2562 die
2566 2525 2732 2562 xxvm
2764 2508 2882 2563 Oct.
2914 2509 3081 2564 semel
3132 2524 3464 2563 commemo-

1880 2605 2050 2650 ratur.
2086 2597 2217 2650 Item
2251 2598 2305 2650 in
2361 2599 2549 2652 codice
2597 2599 2969 2654 Laurentiano
3008 2602 3118 2668 (Π)
3164 2601 3343 2656 saeculi
3381 2618 3409 2655 χ
3451 2619 3463 2655 :

1881 2705 2048 2743 xxvm
2077 2686 2270 2745 Octob.
2308 2691 2368 2760 S.
2403 2690 2663 2760 Stephani
2693 2701 2748 2745 et
2779 2692 2870 2760 qui
2895 2707 3019 2746 cum
3053 2707 3119 2746 eo
3149 2693 3290 2761 passi
3318 2701 3464 2746 sunt.

1880 2780 2207 2849 Coniectura
2252 2783 2401 2837 ducti
2453 2794 2512 2837 ut
2542 2799 2880 2854 exponemus
2921 2799 2976 2836 n.
3035 2785 3106 2838 ‘23
3137 2786 3468 2840 arbitramur

1884 2874 1973 2929 hic
2040 2875 2189 2929 illum
2218 2876 2552 2945 Stephanum
2599 2877 2724 2930 olim
2774 2887 3264 2931 commemoratum
3301 2877 3470 2933 fuisse

1883 2967 1975 3030 qui
2012 2968 2112 3018 sub
2139 2969 2331 3022 eodem
2371 2968 2716 3040 Copronymo
2748 2970 2979 3039 plurima
3014 2986 3228 3040 passus,
3259 2971 3385 3025 dein
3413 2971 3465 3025 in

1882 3056 2163 3127 Sugdaaam
2228 3061 2382 3113 exsul
2415 3072 2598 3114 sancte
2631 3063 2795 3114 vitam
2837 3063 3031 3116 finivit.
3074 3063 3149 3114 Ita
3199 3064 3341 3116 enim
3387 3063 3466 3115 l'e-

1883 3159 2010 3202 runt
2044 3159 2154 3204 tum
2188 3151 2411 3216 Menaea,
2450 3164 2563 3208 tum
2600 3153 2898 3224 Menologia
2935 3153 3117 3208 Sirleti
3151 3163 3206 3208 et
3244 3153 3480 3207 Basilia--

193 3237 461 3308 imagines
497 3243 814 3297 adoratione
860 3246 1274 3313 proscquimini.
1312 3248 1612 3314 Respondit
1648 3251 1771 3304 ille:
1806 3259 1847 3314 ς
1884 3259 2012 3296 num
2059 3244 2126 3297 ad
2177 3245 2318 3299 diem
2366 3263 2536 3301 xxvul
2589 3247 2929 3301 Novembris.
2984 3246 3119 3300 Huic
3162 3248 3359 3302 deinde
3402 3262 3468 3301 ex

189 3331 406 3393 Nescis,
439 3333 759 3400 imperator,
793 3336 920 3403 quid
954 3337 1021 3389 sit
1054 3322 1258 3390 cultum
1297 3339 1577 3393 relativum
1613 3341 1768 3394 exhi-

189 3421 342 3488 bere,
395 3423 524 3491 quid
574 3441 702 3479 vero
751 3427 1120 3481 latreuticum.
1156 3427 1293 3482 Tum
1326 3447 1448 3484 eum
1492 3433 1556 3486 ad
1609 3432 1770 3502 ﬂagra

188 3513 458 3577 extendit,
505 3523 713 3587 tergum
751 3527 804 3571 et
859 3528 1046 3586 pectus
1077 3519 1288 3574 bovinis
1329 3522 1510 3575 nervis
1541 3523 1774 3586 concidi,

190 3603 392 3658 deinde
408 3621 470 3660 os
499 3608 642 3661 saxis
670 3609 930 3662 contundi
960 3611 1251 3679 praecepit;
1290 3622 1509 3677 postera
1531 3614 1618 3666 die
1645 3614 1773 3664 loris

189 3695 449 3763 ejectum,
484 3708 675 3766 utpote
722 3698 808 3752 cui
858 3699 1138 3754 Christum
1189 3709 1242 3753 et
1292 3717 1475 3756 sacras
1509 3705 1774 3775 imagines

187 3788 462 3858 abnegarc
497 3805 605 3842 non
646 3793 1032 3860 persuasisset,
1071 3809 1260 3846 rursus
1294 3792 1644 3864 "age-"alunt,
1685 3814 1775 3852 ca-

189 3879 301 3946 pite
353 3880 407 3932 in
457 3891 656 3934 terram
716 3881 974 3947 demisso,
1010 3885 1241 3954 alligatis
1291 3889 1520 3955 pedibus
1573 3890 1772 3956 raptari

183 3971 355 4041 jussit
376 3981 430 4025 et
461 3972 932 4043 Constantinopoli
967 3977 1188 4046 publice
1220 3978 1578 4034 deridendum
1609 3997 1775 4048 espo-

186 4063 264 4117 ni.
287 4065 462 4128 Quem
492 4067 750 4120 citissime
771 4071 1172 4134 pertraheutes,
1194 4081 1394 4125 terram
1430 4073 1480 4125 in
1513 4074 1774 4142 raptando

183 4159 457 4227 sanguine
487 4173 932 4228 consperserunt.
964 4163 1041 4216 lla
1083 4163 1260 4218 l‘orum
1293 4165 1450 4219 Bovis
1495 4174 1776 4222 assecutus

183 4249 538 4318 conspiciens
563 4253 762 4318 aliquis
799 4255 889 4322 qui
922 4254 1085 4308 modo
1127 4257 1304 4323 pisces
1334 4268 1678 4323 exonerarat,
1708 4262 1774 4315 de

184 4340 444 4396 tormenti
490 4356 651 4396 causa
700 4345 1046 4410 sciscitatur;
1103 4363 1162 4403 re
1219 4363 1520 4419 comperta,
1567 4354 1774 4408 macelli

180 4433 364 4488 cultro
399 4433 565 4488 miser
593 4444 833 4504 arrepto,
885 4438 1064 4492 servis
1104 4440 1303 4495 diaboli
1355 4443 1570 4512 placere
1612 4460 1774 4511 appeo

1880 3351 2031 3388 more
2075 3336 2385 3390 Graecorum
2422 3338 2589 3391 additi
2639 3337 2845 3389 fuerint
2895 3335 2993 3391 SS.
3033 3339 3224 3389 Petrus
3268 3350 3322 3390 et
3357 3337 3468 3390 An-

1878 3426 2069 3489 dreas,
2104 3443 2166 3481 ex
2202 3443 2311 3496 quo
2343 3428 2504 3482 etiam
2539 3427 2791 3496 proﬂuxit
2828 3436 2886 3480 ut
2921 3429 3007 3482 die
3039 3444 3204 3482 xxvm
3237 3429 3468 3483 Novem-

1877 3520 2012 3583 bris,
2042 3536 2150 3587 quo
2177 3519 2232 3575 S.
2266 3520 2578 3590 Stephanus
2601 3519 2793 3575 Junior
2819 3535 3014 3589 passus
3043 3530 3147 3581 est,
3184 3521 3323 3573 idem
3361 3520 3468 3573 duo

1879 3609 2060 3662 Sancti
2111 3620 2222 3663 tum
2278 3612 2331 3663 in
2387 3611 2626 3674 Menaeis,
2657 3622 2770 3664 tmn
2824 3613 2880 3665 in
2932 3611 3098 3666 variis
3150 3610 3467 3683 Menologiis

1880 3699 2075 3752 iterum
2104 3699 2415 3754 rccolantur
2447 3701 2633 3770 (supra
2672 3717 2824 3753 num.
2861 3701 2968 3764 14).

1949 3792 2001 3845 8.
2038 3791 2111 3845 De
2169 3793 2318 3846 Actis
2366 3808 2484 3862 qua:
2550 3793 2871 3862 subiicimus
2918 3792 3031 3846 haec
3098 3793 3301 3862 accipe.
3366 3790 3470 3845 Du-

1887 3884 2042 3951 plicia
2097 3884 2442 3945 exhibemus,
2495 3895 2726 3952 utraque
2761 3884 2950 3938 Greece
3011 3884 3234 3946 inedita,
3285 3884 3465 3950 priora

1886 3991 2012 4029 vero
2039 3975 2200 4027 etiam
2228 3973 2456 4038 Latine;
2489 3977 2542 4029 id
2577 3975 2806 4030 facimus
2838 3986 2951 4030 tum
2984 3976 3125 4044 quod
3168 3976 3467 4043 posteriora

1878 4078 1939 4119 ex
1973 4067 2075 4119 illis
2108 4079 2215 4118 non
2255 4067 2652 4134 proﬂuxerunt,
2679 4069 2780 4123 ‘sed
2831 4069 3018 4136 paucis
3061 4066 3299 4131 omissis,
3333 4081 3468 4120 non-

1880 4158 2024 4211 nulla
2067 4159 2473 4226 superadduut;
2507 4167 2621 4210 tum
2661 4160 2823 4212 etiam
2857 4159 3000 4227 quod
3049 4160 3238 4212 horum
3287 4173 3468 4225 exem-

1878 4248 1993 4317 plar
2032 4245 2485 4317 perfectissimum
2537 4249 2682 4302 nacti
2737 4263 2947 4311 sumus,
2979 4249 3218 4317 quinque
3261 4248 3467 4302 scilicet

1880 4339 2008 4394 Mss.
2076 4339 2324 4395 codicum
2380 4340 2730 4395 collationem
2786 4343 2842 4396 in
2900 4342 3142 4411 margine
3198 4341 3463 4396 referens.

1879 4433 2222 4487 Tribuuutur
2256 4433 2371 4487 haec
2404 4433 2804 4503 Metaphrasta»,
2845 4442 2902 4487 ut
2947 4433 3150 4486 diserte
3179 4433 3339 4487 habet
3374 4435 3462 4488 Al-

180 4536 328 4590 tens,
355 4541 520 4581 cursu
548 4527 829 4581 contendit
865 4537 919 4580 ct
950 4530 1206 4584 dextrum
1235 4534 1428 4598 pedem
1470 4535 1650 4588 Sancti
1683 4535 1774 4588 ab-

1883 4524 2065 4588 latius,
2107 4526 2197 4593 qui
2241 4525 2294 4577 in
2345 4525 2574 4579 diatriba
2607 4527 2674 4578 de
2716 4526 3082 4595 Symeonibus
3126 4542 3314 4581 eorum
3364 4528 3465 4581 iui-

175 4618 367 4684 Scidit,
405 4619 494 4687 qui
527 4619 732 4672 interea
758 4630 1003 4675 sanetam
1039 4635 1100 4674 ac
1135 4621 1352 4678 beatam
1391 4626 1627 4680 animam
1673 4627 1777 4680 Do-

180 4711 333 4764 mino
384 4712 625 4766 tradidit.
675 4711 776 4778 Qui
831 4729 955 4768 eum
1011 4715 1326 4783 raptabant,
1385 4728 1444 4771 ut
1498 4727 1772 4773 mortuum

178 4819 477 4872 aspexere,
509 4805 653 4858 velut
702 4807 830 4875 quid
877 4807 1161 4862 morticiui
1203 4808 1255 4862 in
1309 4811 1668 4869 foedissimum
1699 4814 1778 4866 lo-

177 4910 304 4949 cum
339 4895 689 4964 abjecerunt;
726 4907 882 4955 nocte
935 4915 1071 4956 vero
1123 4903 1477 4964 adventante,
1501 4905 1772 4960 sublatum

176 4984 401 5055 quidam
440 4985 724 5039 orthodoxi
754 4989 969 5046 tumulo
1023 4992 1394 5047 condiderunt
1441 4993 1493 5045 in
1530 4995 1648 5049 loco
1680 4996 1770 5065 qui

175 5078 384 5133 dicitur
408 5077 597 5133 Crisis.

246 5191 302 5246 ’1,
361 5190 419 5243 1η
468 5191 684 5248 Mena-is
715 5195 929 5252 excusis
958 5197 1271 5267 smpissime
1303 5199 1534 5256 diversis
1572 5201 1770 5255 diebus

175 5277 341 5332 iidem
398 5278 576 5333 Sancti
621 5297 1131 5340 commemorantur
1181 5290 1306 5356 quia
1363 5290 1608 5345 diversos
1640 5291 1769 5347 Mss.

171 5371 393 5425 codices
432 5370 667 5426 editores
694 5375 1024 5432 adtribuere.
1055 5378 1233 5432 Aliam
1267 5390 1446 5435 tamen
1492 5382 1653 5451 hujus
1691 5381 1767 5436 rei

171 5479 394 5516 causam
428 5465 666 5535 assignat
710 5467 1129 5538 Papebrochlus
1161 5472 1296 5540 (IS),
1341 5475 1559 5532 Graecos
1607 5475 1769 5531 nimi-

170 5567 288 5608 rum
327 5557 520 5610 eodem
576 5565 667 5610 aut
715 5563 972 5626 sequenti
1032 5561 1120 5617 die
1174 5577 1612 5619 commemorare
1661 5566 1769 5620 fre-

243 5705 360 5788 (15)
395 5706 540 5788 light
566 5709 974 5788 G_t'£c0:.\_lpsch
1015 5723 1098 5788 ._t.
1142 5717 1156 5769 Ι
1196 5715 1339 5783 .‘laii,
1366 5735 1414 5786 p.
1446 5736 1537 5771 vm
1564 5729 1769 5788 etpas-

172 5780 310 5843 sim;
349 5776 463 5848 LVII
496 5779 640 5848 illaii.
674 5799 725 5848 p.
763 5783 880 5845 110,
921 5805 984 5840 n.
1029 5785 1111 5837 ll.

241 5850 354 5916 (16)
389 5847 462 5921 pe
494 5845 818 5921 Meuologiis,
849 5857 991 5913 etc..
1029 5869 1078 5921 p.
1111 5858 1164 5908 8.

237 5923 352 5988 (li)
387 5917 605 5975 Bandiui
640 5917 772 5978 codd
805 5917 1038 5994 ’Graeci,‘
1067 5937 1100 5982 t.
1142 5927 1182 5992 Ι,
1218 5941 1268 5994 p.
1313 5928 1430 5982 130.

1885 4616 2017 4668 tium
2053 4613 2212 4669 allert
2240 4614 2354 4683 (18)
2387 4629 2596 4684 :quare
2621 4613 2768 4668 hunc
2793 4615 2968 4668 locum
3003 4633 3112 4670 non
3145 4618 3338 4671 viderit
3363 4617 3464 4670 Pa-

1881 4709 1999 4780 gius
2036 4709 2152 4776 (l9)
2190 4709 2280 4777 qui
2317 4717 2477 4777 negat
2513 4711 2641 4762 Acta
2669 4707 2758 4762 illa
2797 4709 3048 4777 Symeoni
3088 4709 3462 4778 Metaphrastae

1881 4801 2187 4870 adjudicata
2222 4801 2410 4855 luisse.
2449 4799 2843 4854 Testimonium
2869 4811 3049 4854 autem
3083 4802 3263 4854 Allatii
3291 4819 3465 4872 quau-

1881 4902 1994 4947 tum
2027 4894 2084 4948 in
2117 4892 2220 4946 hac
2267 4907 2323 4946 re
2377 4892 2573 4956 valeat,
2625 4909 2787 4946 nemo
2828 4893 3075 4962 ignorat;
3123 4904 3380 4957 attamen,
3418 4897 3463 4950 si

1880 5001 2017 5056 opus
2038 4995 2201 5051 esset,
2234 5000 2346 5038 rem
2382 4987 2716 5055 argumentis
2747 4986 3014 5051 pluribus,
3047 5002 3110 5039 ex
3153 4988 3282 5054 ipsis
3313 4987 3462 5042 Actis

1878 5079 2205 5148 desumptis,
2261 5078 2514 5130 evincere
2575 5093 2880 5146 possemus.
2945 5077 3077 5131 Acta
3123 5078 3303 5147 priora
3368 5095 3464 5135 ex-

1877 5171 2077 5239 scripta
2107 5179 2318 5224 suntex
2351 5179 2567 5223 vetusto
2593 5171 2778 5225 codice
2803 5170 3150 5224 Bibliotheca:
3181 5170 3455 5237 Parisinz,

1875 5277 2036 5331 quem
2074 5260 2131 5313 Β.
2173 5260 2519 5314 Montlaucon
2556 5263 2755 5315 saecqu
2787 5279 2834 5315 IX
2866 5262 3124 5317 adscribit
3156 5257 3290 5332 (20),
3318 5272 3372 5318 et
3403 5273 3471 5318 ut“

1875 5363 2144 5424 perpetua
2181 5353 2584 5419 comparatione
2617 5369 2737 5407 cum
2761 5352 3188 5423 Metaphrastaeis
3219 5356 3453 5408 conferri

1873 5445 2107 5514 possint,
2139 5453 2364 5512 utraque
2398 5443 2590 5497 iisdem
2617 5447 2880 5510 muneris,
2914 5447 3002 5499 ubi
3034 5445 3224 5500 eadem
3262 5463 3452 5500 narra-

1875 5538 2094 5603 bantur,
2124 5536 2481 5608 signavimus.
2512 5537 2630 5600 Quo
2665 5550 2844 5592 autem
2879 5547 3120 5608 tempore
3147 5543 3450 5611 conscripta

1943 5718 2056 5787 (18)
2092 5718 2340 5785 Aliatius,
2370 5719 2432 5789 de
2465 5718 2849 5786 Symeonibus,
2883 5736 2933 5789 p.
2981 5720 3094 5773 I28.

1944 5791 2054 5855 ([9)
2092 5790 2150 5841 In
2175 5789 2371 5843 Critu'a
2402 5788 2640 5850 Baronii,
2681 5794 2746 5845 ad
2776 5788 2901 5845 anni.
2939 5791 3061 5856 76l,
3101 5790 3232 5846 11.9.

1938 5861 2048 5928 (ἓν)
2080 5859 2196 5913 Βιι).
2229 5860 2479 5922 Cuislith,
2513 5875 2568 5931 p.
2610 5862 2724 5916 185.
