4136 6474
681 423 814 490 1087

1949 427 2232 488 MENSIS
2271 423 2632 485 OCTOBER.

3819 421 3950 486 1088

679 533 880 593 fuerint
913 541 1126 595 deﬁniri
1163 544 1379 612 nequit;
1410 543 1542 597 nihil
1573 543 1717 597 enim
1760 542 2085 611 reperimus,
2116 556 2252 610 pm-
2281 538 2655 598 Aberrimnm
2712 534 2878 589 fuisse
2929 533 2982 588 S.
3045 541 3331 604 martyrem
3380 533 3486 600 jam
3553 550 3580 587 a
3621 534 3831 588 saeculo
3874 550 3947 588 ιιι.

681 638 766 684 ter
803 631 1011 684 minimi
1045 635 1300 687 momenti
1347 643 1527 687 notam
1568 633 2003 704 chronologicam
2046 650 2111 689 ex
2151 650 2255 704 qua

684 729 900 776 constat
953 723 1269 792 scriptorem
1327 726 1462 780 satis
1513 726 1604 780 diu
1677 736 1799 796 post
1852 726 2255 798 Coprouytnum

685 821 905 899 vixisse.
952 820 1147 885 Locus,
1194 823 1285 892 qui
1322 840 1471 877 num.
1502 825 1535 881 3
1561 826 1661 880 sub
1712 825 1870 880 finem
1910 826 2168 889 occurrit,
2213 825 2260 880 is

685 911 942 970 cstzlste
997 930 1126 969 vero
1180 925 1298 969 erat
1348 915 1830 973 Constantinus....
1870 932 2031 986 quem
2078 915 2262 969 ﬁdeles

685 1005 804 1073 ejus
850 1006 1107 1071 temporis
1142 1007 1212 1075 (oi
1254 1007 1315 1060 ἐν
1353 1009 1464 1067 τοῖς
1497 1009 1616 1060 τότε
1664 1009 1896 1077 χρόνοις)
1935 1007 2130 1060 merito
2163 1007 2262 1061 sub

688 1096 1018 1164 cognomine
1051 1095 1373 1168 Copronymi
1413 1098 1768 1151 infamarunt.
1801 1097 1905 1153 Sed
1935 1114 2000 1152 ex
2033 1115 2099 1153 eo
2132 1101 2261 1154 Acta

691 1184 779 1237 illa
819 1186 996 1252 priora
1037 1191 1513 1246 commendantur.
1543 1190 1686 1258 quod
1721 1190 1895 1244 locum
1935 1191 2119 1245 Sancti
2162 1207 2262 1245 na-

693 1274 947 1338 talitium,
984 1276 1128 1330 diem
1181 1279 1450 1346 passionis
1490 1279 1698 1349 aliaque
1738 1283 1988 1352 adjuncta
2031 1283 2264 1352 plurima

689 1366 900 1420 minute
936 1368 1242 1437 proferunt,
1282 1379 1338 1423 et.
1385 1386 1692 1440 quanquam
1741 1374 2120 1440 prolixioribus
2148 1389 2269 1428 ver-

688 1455 772 1508 bis
805 1454 1075 1508 interdum
1110 1455 1168 1512 8.
1195 1467 1394 1528 martyr
1421 1459 1566 1527 loqui
1599 1459 1835 1522 videtur,
1867 1461 2054 1514 eadem
2085 1467 2266 1514 tamen

693 1546 808 1601 fere
857 1547 911 1600 in
942 1548 1063 1602 aliis
1092 1549 1239 1603 Actis
1283 1558 1600 1612 occurrunt,
1632 1566 1774 1621 saepe
1806 1552 2031 1607 vocibus
2076 1551 2266 1607 iisdem

695 1643 790 1688 aut
821 1637 1089 1693 similibus
1129 1654 1408 1707 expressa.
1437 1639 1682 1695 Conferri
1716 1643 1768 1701 in
1814 1659 1932 1697 eam
1982 1659 2094 1697 rem
2140 1659 2270 1712 pos-

696 1736 822 1778 sunt
856 1728 1068 1782 numeri
1101 1732 1438 1797 potissimum
1475 1734 1504 1786 7
1534 1742 1587 1788 et
1622 1733 1704 1788 lO.
1747 1735 1819 1788 Ex
1853 1735 2094 1788 locorum
2131 1735 2272 1790 desi-

2361 627 2638 683 miraculis
2663 626 2846 680 multis
2878 625 3136 680 claruisse
3169 625 3457 696 colligitur.
3491 624 3774 693 Josephus
3804 625 3946 678 enim

2339 718 2796 791 hymnographus
2818 731 2995 786 quem,
3023 731 3088 770 ex
3129 717 3276 770 Actis
3305 732 3334 769 a
3363 715 3744 785 Papebrochio
3786 716 3842 767 in
3871 715 3951 768 lu-

2363 827 2481 866 cem
2521 810 2658 865 datis
2685 807 2820 878 (22),
2849 822 2914 861 eo
2959 807 3160 862 smcnlo
3200 806 3445 860 ﬂoruisse
3494 813 3732 865 constat.
3761 805 3945 859 deCem

2364 903 2592 959 diversis
2619 900 2752 956 locis
2783 900 2834 953 in
2871 915 2971 953 suo
3005 899 3226 954 Canone
3253 897 3510 952 miracula
3541 897 3809 955 celebrat,
3837 909 3950 962 qua:

2365 997 2465 1051 sub
2499 996 2666 1065 ipsius
2707 993 2876 1048 oculis
2905 991 3058 1061 Cpoli
3099 1007 3277 1047 coram
3310 989 3489 1044 Sancti
3526 987 3740 1041 tumulo
3777 997 3948 1052 patrao

2365 1089 2582 1144 bantur.
2621 1086 2814 1140 Merito
2859 1085 3040 1154 itaque
3085 1092 3142 1138 et
3185 1084 3239 1136 in
3283 1082 3539 1135 Actorum
3580 1079 3743 1132 titulo
3779 1076 3950 1129 Thau-

2366 1191 2645 1248 tnatnrgus
2695 1178 2875 1233 dictus
2929 1187 3032 1238 est,
3085 1186 3137 1230 ct
3187 1176 3240 1228 in
3287 1173 3570 1237 Contacio,
3611 1181 3672 1224 ιιι
3733 1178 3948 1227 vocant,

2367 1273 2533 1330 Graeci
2564 1271 2752 1331 Ollicii.
2780 1272 2864 1325 bis
2894 1270 3076 1324 verbis
3104 1268 3379 1323 extollitur
3412 1283 3423 1316 :
3494 1263 3767 1333 Εορτάζει
3792 1263 3954 1328 σήμε-

2369 1381 2462 1438 ρον
2509 1367 2539 1432 ἡ
2585 1363 2945 1432 βασιλεύουσα
2995 1361 3144 1424 non;
3194 1359 3385 1429 ἑὸρτὴν
3426 1355 3833 1426 ὑπέρλαμπρον
3864 1350 3954 1416 τῆς

2371 1456 2694 1527 φωτοφόρου
2776 1470 2871 1506 σου
2976 1452 3219 1519 μνήμης,
3307 1447 3526 1501 ἃπασαν
3608 1443 3950 1510 προσκαλου·

2379 1549 2516 1618 μὲνη
2581 1545 2735 1598 πόλιν
2793 1545 2888 1596 καὶ
2964 1540 3186 1610 χώραν*
3241 1538 3415 1607 χαίρει
3465 1537 3576 1605 γὰρ
3619 1537 3700 1597 ὡς
3751 1549 3951 1601 κεκτηο

2380 1642 2516 1712 μένη
2573 1637 2847 1708 Θησαυρὸν
2900 1635 3097 1704 μέγαν,
3150 1633 3212 1684 τὸ
3284 1628 3584 1682 πολὺσθὶόν
3636 1644 3737 1679 σου
3774 1625 3957 1691 σῶμα.

2383 1730 2607 1800 Ἀνδρέα
2683 1728 2910 1794 μάρτυς,
2973 1724 3279 1795 ὀρθοδοξὲας
3328 1723 3570 1790 φωστὴρ.
3608 1717 3666 1772 Id
3724 1717 3955 1772 estzl-lo-

697 1819 976 1887 gnatione,
1007 1829 1066 1873 ut
1096 1823 1233 1875 intra
1272 1823 1492 1878 uberius
1522 1824 1863 1888 disserimus,
1897 1835 2032 1880 etes
2069 1825 2134 1880 iis
2155 1841 2272 1896 quae
2308 1893 2333 1896 Δγ
2374 1823 2462 1877 die
2514 1823 2749 1876 celebrat
2811 1819 2992 1888 regina
3049 1818 3260 1870 urbium
3316 1812 3531 1882 (Cpolis)
3610 1811 3832 1863 illustre
3890 1810 3954 1860 te-

699 1910 752 1962 in
787 1910 892 1964 fine
934 1914 1192 1967 Actorum
1241 1917 1579 1978 scribuntur,
1618 1926 1677 1970 ut
1707 1916 1893 1972 itidem
1927 1893 2272 1973 Inferius-di-
2307 1893 2347 1947 Β
2383 1928 2525 1971 stum
2589 1925 2694 1969 tua:
2746 1911 3038 1983 memoriae,
3076 1919 3239 1963 totam
3269 1921 3576 1962 convocans
3604 1904 3886 1958 civitatem
3907 1912 3953 1957 et

700 2012 880 2065 cetur,
928 2006 1256 2061 arbitramur
1289 2023 1352 2062 ea
1387 2007 1537 2076 Cpoli
1588 2010 1897 2080 conscripta
1932 2027 2040 2065 non
2090 2011 2276 2067 fuisse.

708 2094 925 2152 Scimus
970 2106 1179 2152 tantum
1229 2100 1514 2155 maximam
1545 2114 1752 2171 partem
1801 2117 2079 2157 sacrorum
2131 2103 2284 2157 codi-

702 2204 827 2242 cum
862 2189 1209 2245 Bibltothecre
1253 2193 1618 2256 Coislinianae,
1651 2205 1709 2249 ut
1755 2194 1806 2248 in
1839 2193 2160 2249 Prazl‘atione
2200 2206 2281 2249 te-

700 2290 872 2335 statur
905 2283 1156 2338 laudatus
1204 2282 1576 2344 Montl‘aucon.
1606 2303 1671 2339 ex
1703 2288 2048 2340 monasteriis
2083 2289 2282 2340 montis

700 2373 845 2424 Atho
888 2373 1176 2442 prodiisse,
1229 2383 1281 2427 et
1325 2374 1434 2428 illic
1477 2376 1604 2429 olim
1637 2377 1916 2432 brachium
1968 2376 2024 2431 S.
2059 2380 2285 2434 Andrete

702 2461 1003 2528 Cretensis,
1033 2465 1125 2533 qui
1159 2466 1300 2520 idem
1332 2474 1416 2520 est
1445 2465 1676 2523 lortasse
1702 2485 1764 2523 ac
1807 2469 2044 2524 Sanctus
2076 2483 2280 2536 nosrer,

702 2563 1041 2609 asservatum
1099 2556 1286 2612 fuisse.
1319 2560 1434 2624 Qua
1472 2561 1537 2614 de
1569 2577 1625 2615 re
1661 2563 1813 2630 plura
1858 2565 1976 2616 vide
2009 2579 2156 2617 num.
2194 2565 2281 2618 '57.

773 2645 827 2699 9.
885 2644 1308 2716 Metaphrasteo.
1360 2652 1520 2720 cujus
1558 2655 1688 2706 Acta
1733 2655 1974 2709 secundo
2018 2655 2134 2710 loco
2172 2672 2288 2724 pr0°

704 2738 894 2800 dcunt,
925 2739 1103 2807 priora
1133 2741 1219 2793 illa
1260 2757 1371 2795 non
1403 2744 1601 2798 vidisse
1629 2746 1760 2800 satis
1789 2757 1940 2801 certo
1967 2748 2124 2802 nobis
2154 2764 2287 2802 con-

709 2840 836 2884 stat.
869 2831 988 2901 lpse
1025 2835 1168 2888 enim
1222 2851 1321 2888 nec
1350 2845 1502 2890 ortus
1531 2838 1728 2901 locum,
1769 2855 1870 2894 nec
1901 2841 2044 2896 diem
2086 2842 2304 2906 obitus,

706 2935 868 2988 quem
935 2936 1107 2988 usque
1159 2921 1449 2989 diligenter
1503 2924 1843 2994 inquisivisse
1903 2927 1985 2980 vel
2054 2941 2119 2981 ex
2174 2925 2289 2980 Vita

706 3012 764 3064 S.
799 3010 1136 3068 Theocnstes
1182 3013 1390 3070 Lesbia:
1439 3027 1649 3072 constat
1699 3019 1835 3089 ('21),
1874 3035 1928 3072 tn
1978 3021 2290 3074 narratione

707 3119 804 3158 sua
837 3106 1199 3176 consignavit.
1242 3106 1351 3162 Nec
1382 3120 1642 3178 praeterea
1680 3113 1804 3164 dum
1839 3112 2000 3164 vitam
2033 3112 2163 3166 satis
2197 3128 2289 3165 ac-

707 3199 895 3256 curate
945 3201 1202 3271 scriptam
1250 3214 1440 3262 nactus
1481 3213 1600 3258 erat
1653 3204 1894 3257 ordinem
1947 3212 2038 3257 aut
2083 3207 2276 3274 stylum
2305 3219 2350 3276 ε

711 3293 937 3348 multum
983 3295 1270 3350 immutare
1301 3309 1691 3364 consueverat;
1723 3313 1954 3366 cumque
1995 3300 2135 3368 apud
2171 3313 2284 3353 am-

711 3382 809 3436 bos
840 3385 1133 3454 scriptores
1170 3387 1486 3458 plerumque
1523 3391 1716 3444 similia
1751 3390 1910 3446 obvia
1931 3389 2060 3463 sint,
2095 3392 2281 3444 existi-

716 3488 930 3528 mamus
959 3485 1247 3546 utrumque
1280 3495 1345 3533 ex
1381 3479 1525 3534 Actis
1565 3482 1984 3551 antiquioribus,
2015 3481 2106 3534 sed
2144 3496 2286 3534 nunc

715 3563 1027 3631 deperditis,
1062 3583 1216 3620 suam
1256 3569 1626 3622 narrationem
1673 3571 1968 3636 excepisse,
2000 3573 2063 3625 iis
2089 3571 2286 3625 additis

715 3671 835 3723 quae
872 3657 1375 3729 aliunde-colligere
1422 3666 1726 3729 potuerant.
1774 3662 2160 3732 Metaphrastes
2206 3673 2287 3716 ta-

719 3763 842 3802 men
865 3757 1024 3802 :etate
1053 3754 1319 3816 posterior
1348 3753 1562 3805 videtur
1589 3767 1654 3805 ex
1679 3768 1745 3807 eo
1772 3755 1911 3821 quod
1951 3754 2002 3806 in
2037 3754 2154 3823 ejus
2177 3754 2289 3807 col-

719 3839 1043 3894 lectionibus
1067 3840 1123 3895 S.
1153 3843 1383 3897 Andreas
1424 3844 1538 3899 Vita
1570 3845 1712 3898 diem
1735 3861 1822 3914 χιχ
1846 3843 2094 3900 Octobris
2132 3860 2290 3900 occu-

717 3938 809 3999 pat
845 3970 860 3994 ,
894 3943 1076 3986 noster
1102 3941 1282 3986 autem
1312 3933 1564 4002 scriptor,
1604 3935 1693 3988 ubi
1723 3934 1885 3988 refert
1915 3933 2170 3987 Sanctum
2203 3932 2288 3986 die

717 4034 786 4073 xx
819 4036 1032 4088 passum
1057 4037 1198 4081 esse,
1228 4021 1365 4074 nihil
1390 4022 1456 4075 de
1500 4021 1784 4076 immutato
1818 4023 1994 4076 cultus
2022 4022 2107 4074 die
2136 4037 2286 4075 com-

719 4122 1024 4176 memorat;
1066 4112 1161 4166 scd
1211 4128 1332 4166 cum
1367 4113 1499 4167 levis
1546 4129 1606 4167 ea
1651 4114 1788 4168 ratio
1821 4112 1985 4166 videri
2024 4121 2206 4180 queat,
2236 4112 2289 4166 id

719 4204 877 4258 aliter
905 4206 1259 4268 adstruimns,
1296 4205 1669 4275 Metaphrasta:
1705 4222 1896 4275 nempe
1943 4205 2292 4260 collectiones

722 4295 858 4349 adeo
904 4305 1022 4366 post
1067 4297 1418 4364 scriptionem
1478 4297 1618 4351 illico
1660 4296 1996 4365 pervulgatas
2040 4295 2204 4350 fuisse
2236 4303 2293 4349 ut

723 4387 959 4454 priorem
1009 4389 1326 4457 scriptorem
1388 4389 1537 4442 illum
1594 4389 1779 4456 fugere
1825 4402 1931 4440 non
1991 4387 2290 4454 potuerint.

722 4480 854 4543 Qua:
901 4479 1061 4548 igitur
1094 4481 1235 4550 apud
1284 4497 1407 4535 eum
1440 4482 1506 4536 de
1543 4480 1599 4536 S.
1630 4479 1840 4535 Andrea
1894 4480 1945 4532 in
1979 4479 2137 4532 Creta
2178 4492 2292 4532 mo-

2382 2008 2703 2078 regionem;
2741 2003 2938 2073 jubilat
2964 2001 3108 2055 enim
3144 2013 3393 2069 magnum
3424 1998 3745 2049 thesaurum
3787 1994 3954 2063 possi-

2382 2099 2540 2160 dens.
2581 2111 2779 2166 corpus
2801 2091 3192 2150 certaminibus
3239 2087 3554 2159 gloriosum,
3597 2096 3792 2140 sancte
3827 2100 3952 2136 mar-

2384 2204 2468 2265 tyr
2500 2191 2740 2254 Andrea,
2781 2187 3115 2241 orthodoxite
3139 2185 3346 2236 lumen.
3383 2180 3477 2235 Hic
3497 2194 3623 2232 vero
3649 2178 3829 2232 Obilcr
3853 2193 3956 2229 mo-

2384 2299 2597 2347 nemus,
2639 2284 2682 2336 si
2727 2281 2850 2349 quis
2883 2278 3102 2332 nomina
3134 2290 3195 2329 ex
3249 2275 3553 2328 Grmcorum
3596 2269 3840 2338 Litnrgia
3872 2268 3958 2322 de-

2385 2386 2596 2445 sumpta
2632 2389 2740 2428 non
2767 2369 2896 2427 satis
2922 2368 3022 2424 sibi
3060 2373 3185 2422 nota
3216 2366 3302 2420 hic
3329 2365 3651 2423 offenderet,
3683 2377 3810 2415 eum
3852 2363 3959 2413 sin-

2387 2469 2630 2539 gulorum
2656 2463 3075 2524 declarationem
3115 2468 3452 2527 reperturum
3499 2456 3550 2509 in
3587 2454 3734 2525 [ἴγδει
3766 2454 3961 2506 disser-

2390 2562 2589 2617 tatione
2615 2560 2681 2613 de
2709 2556 2995 2611 Acoluthia
3049 2553 3382 2610 Graecorum.
3409 2563 3529 2618 quae
3572 2547 3624 2600 in
3665 2545 3833 2599 Junio
3873 2560 3962 2596 nu-

2388 2664 2501 2710 ltro
2540 2651 2683 2706 edita
2715 2660 2800 2703 est
2830 2647 2940 2718 (9.5)
2969 2688 2982 2711 ,
3016 2642 3319 2711 expeditius
3350 2649 3529 2695 autem
3563 2654 3626 2692 ea
3650 2647 3857 2694 utetur.
3877 2637 3962 2704 qui

2390 2744 2621 2798 indicem
2666 2741 2928 2794 ultimum.
2955 2752 2984 2790 a
3021 2734 3360 2802 Chesqnicro
3399 2742 3546 2786 tomo
3592 2733 3771 2797 primo
3815 2726 3964 2782 Octo‘

2391 2837 2503 2891 bris
2539 2834 2603 2889 ad
2639 2833 2839 2887 calcem
2874 2829 3179 2898 subjectum
3213 2827 3470 2880 adhibere
3507 2824 3766 2877 voluerit.

2396 2973 2423 3046 §
2475 2974 2538 3028 ll.
2569 2967 3109 3046 SeptenrMnrtyres
3157 2969 3210 3046 in
3257 2960 3716 3046 plerisqne‘fastia
3761 2958 3966 3046 confuse

2462 3031 2671 3113 prolati.
2701 3031 3022 3113 adiutricem
3057 3037 3454 3113 distinguuntur
3505 3041 3551 3113 et
3606 3045 3790 3113 eorum
3837 3031 3967 3109 Actu

2462 3100 2684 3168 breuiter
2746 3109 3110 3163 illustrantur.
3189 3100 3571 3157 Pcrsccutionis
3632 3100 3966 3155 Constantini

2465 3183 2777 3251 Copronymi
2802 3179 2970 3232 brevis
2991 3176 3210 3229 historia
3242 3185 3286 3226 et
3319 3174 3652 3225 cltronotaxis
3679 3172 3965 3221 exhibetur.

2459 3277 2542 3331 ll.
2586 3275 2902 3342 Hosseptem
2935 3269 3182 3326 Sanctos.
3213 3265 3301 3336 qui
3334 3278 3522 3319 omnes
3560 3263 3664 3316 sub
3693 3263 3968 3331 Coprony-

2387 3388 2475 3425 mo
2505 3369 2648 3422 varia
2697 3375 2985 3428 tormenta,
3021 3371 3074 3417 et
3099 3369 3349 3423 mortem,
3388 3370 3496 3411 uno
3539 3364 3793 3423 excepto,
3823 3354 3962 3422 passi

2392 3474 2538 3526 sunt,
2572 3462 2660 3514 hic
2688 3461 2840 3529 juxta
2882 3458 3077 3510 seriem
3117 3453 3384 3507 mensium
3437 3458 3491 3502 et
3517 3450 3730 3501 dierum
3771 3449 3967 3516 quibus

2388 3557 2638 3611 coluntur
2705 3550 3043 3620 subjicimus,
3076 3562 3142 3601 ex
3187 3559 3294 3613 quo
3338 3543 3496 3596 simul
3548 3541 3830 3610 apparebit
3863 3556 3968 3607 quo

2389 3649 2506 3703 loco
2540 3650 2590 3699 in
2625 3661 2790 3714 opere
2813 3651 3000 3696 nostro
3043 3639 3110 3692 de
3145 3637 3211 3691 iis
3249 3645 3426 3689 actmn
3456 3634 3544 3694 sit,
3573 3641 3669 3684 aut
3700 3633 3752 3684 in
3786 3642 3967 3700 poste-

2392 3753 2509 3792 rum
2542 3737 2808 3808 agendum
2841 3749 2899 3788 ει
2936 3731 3027 3784 Die
3079 3744 3188 3785 xvu
3228 3725 3422 3782 Martii.
3459 3723 3497 3778 S
3552 3723 3755 3778 Paulus
3784 3737 3967 3775 mona-

2389 3830 2526 3886 chus
2550 3838 2601 3882 et
2629 3836 2830 3896 martyr
2868 3825 2918 3877 in
2955 3823 3109 3876 Creta
3140 3837 3226 3885 ;-
3267 3835 3351 3872 xvi
3383 3816 3525 3879 Maii,
3554 3815 3610 3869 S.
3641 3814 3836 3868 Petrus
3865 3813 3966 3865 Ca-

2391 3924 2556 3993 lybita
2588 3929 2642 3974 et
2673 3927 2872 3985 martyr
2897 3915 2948 3968 in
2979 3911 3310 3972 Blachernis,
3348 3923 3514 3977 prope
3544 3906 3758 3974 Cpolim
3800 3922 3887 3964 ;—
3920 3919 3965 3954 tv

2391 4014 2562 4076 Junii,
2616 4010 2674 4064 S.
2726 4007 2962 4062 Joannes
3015 4003 3303 4071 hlonagriaa
3353 3998 3726 4065 Hegttmenus,
3772 4000 3968 4063 martyr

2393 4102 2542 4173 Cpoli
2583 4118 2672 4166 ;—
2697 4113 2786 4152 vtu
2831 4096 2981 4161 Julii,
3013 4095 3070 4148 S.
3103 4092 3299 4148 Paulus
3331 4089 3511 4144 Novus
3544 4100 3749 4155 martyr
3773 4085 3922 4155 Cpoli
3950 4103 3964 4148 ;

2392 4223 2459 4234 —-
2506 4209 2572 4247 xx
2606 4189 2871 4252 Octobris,
2908 4187 2963 4241 S.
3018 4186 3262 4239 Andreas
3315 4180 3616 4236 monachus
3672 4177 3966 4236 Cretensis.

2393 4287 2571 4341 dictus
2600 4284 2652 4336 in
2694 4280 2852 4344 Crisi,
2890 4286 3087 4345 martyr
3120 4274 3271 4344 Cpoli
3305 4289 3392 4337 ;-——
3426 4285 3594 4323 χιι-ιιι
3628 4267 3882 4323 Octobris
3907 4265 3965 4332 (τ)

2397 4375 2454 4427 8.
2508 4373 2816 4440 Stephanus
2864 4367 2951 4437 qui
3009 4367 3063 4418 in
3122 4364 3404 4433 Sugdazam
3434 4360 3706 4427 relegatus
3738 4368 3866 4418 est;
3906 4386 3966 4395 —

2399 4480 2563 4519 xxvttt
2617 4459 2957 4525 Novembris,
3028 4456 3084 4509 S.
3145 4454 3456 4525 Stephanus
3501 4450 3714 4512 Junior,
3775 4460 3969 4518 martyr

723 4545 984 4624 nasticain
1029 4545 1188 4626 vita-tn
1235 4573 1482 4641 amplexo
1517 4580 1827 4634 narrantur,
1861 4571 1987 4624 dein
2017 4571 2084 4624 de
2125 4570 2291 4622 mira-
2326 4555 2368 4607 ι)
2397 4560 2569 4632 Cpoli.
2608 4589 2676 4599 —
2703 4555 2883 4609 Placet
2911 4561 2965 4608 et
3004 4552 3071 4604 de
3103 4551 3185 4604 his
3223 4549 3475 4641 omnibus
3510 4545 3773 4641 nonnulla
3807 4545 3945 4641 disse

722 4664 860 4720 culis
897 4666 1094 4734 quibus
1142 4682 1266 4719 enm
1315 4667 1690 4736 Metaphrasta:
1737 4666 1896 4719 etiam
1933 4663 2292 4731 temporibus,

726 4757 841 4824 ipso
865 4766 1021 4822 teste,
1053 4757 1105 4812 in
1150 4759 1279 4813 urbe
1306 4758 1454 4830 Cpoli
1508 4759 1645 4814 Dens
1675 4758 2030 4830 gloriticabat,
2064 4756 2297 4826 scriptor

726 4847 866 4901 idem
908 4848 994 4901 ille
1017 4850 1162 4918 prior
1195 4867 1298 4906 non
1349 4853 1638 4908 omisisset.
1671 4852 1880 4918 Quibus
1935 4852 2144 4918 positis,
2176 4867 2297 4907 cum

728 4949 914 4994 notum
959 4939 1028 4994 sit
1062 4939 1461 5010 Metapbrasteu
1499 4944 1678 4998 medio
1733 4941 1931 4996 sacculo
1971 4959 1996 4994 χ
2030 4939 2297 5004 ﬂoruisse,

729 5029 856 5082 hinc
907 5030 1173 5086 deducere
1217 5032 1343 5088 licet
1373 5035 1502 5088 Acta
1539 5049 1657 5103 qua:
1705 5032 1867 5102 priori
1915 5030 2032 5085 loco
2065 5030 2298 5094 edimus,

729 5120 818 5174 illa
844 5129 1004 5177 aetate
1031 5123 1337 5193 antiquiora
1372 5141 1517 5179 esse.

803 5210 868 5264 10
913 5212 1078 5268 Sicuti
1112 5230 1174 5268 ex
1209 5215 1468 5285 Anonymi
1497 5216 1641 5271 Actis
1667 5215 2020 5284 Synaxarium
2048 5209 2300 5268 Mediola-

733 5319 925 5367 nense,
955 5305 1097 5374 quod
1143 5322 1294 5358 num.
1328 5308 1360 5362 5
1389 5309 1690 5372 retulimus,
1726 5307 2068 5375 desumptnm
2096 5314 2196 5368 est,
2232 5306 2301 5358 ita

729 5393 862 5448 illud
914 5397 1054 5462 quod
1100 5397 1152 5450 in
1209 5395 1425 5452 Menznis
1467 5400 1681 5453 excusis
1729 5399 1987 5458 occurrit,
2025 5413 2085 5450 ex
2132 5397 2302 5452 Meta-

732 5489 965 5558 phrastaz
1014 5492 1323 5544 narratione
1373 5491 1650 5546 evidenter
1713 5492 1985 5559 proﬂuxit.
2042 5491 2113 5543 Ex
2172 5507 2300 5560 quo,

734 5582 872 5635 sicut
919 5597 982 5634 ex
1040 5578 1220 5633 Sancti
1266 5583 1449 5638 Oﬂicio
1485 5584 1628 5655 quod
1683 5585 1879 5637 ibidem
1912 5584 2121 5653 legitur,
2156 5586 2301 5639 cele-

809 5776 919 5851 (ξι)
948 5780 1138 5836 Surius
1171 5781 1236 5836 ad
1278 5798 1304 5834 χ
1337 5781 1494 5840 Nutu.
1519 5797 1569 5851 p.
1595 5785 1715 5843 9.58.
1755 5781 1883 5838 edit.
1920 5781 2046 5839 1618

811 5847 922 5915 ιευ
957 5851 1015 5904 ’1“.
1060 5852 1075 5905 l
1104 5853 1298 5918 April,
1330 5869 1380 5917 ιι.
1410 5847 1532 5906 266.

2402 4669 2540 4715 rere,
2576 4667 2638 4706 ex
2691 4647 2887 4719 quibus
2936 4646 3118 4698 lumen
3177 4640 3392 4710 aliquod
3457 4637 3826 4706 persecutioni
3868 4634 3968 4687 Co-

2403 4744 2764 4815 pronymiana:
2824 4737 3057 4793 aﬂusum
3114 4733 3176 4787 iri
3227 4747 3404 4801 spero.
3452 4731 3524 4783 De
3568 4729 3846 4804 primle
3894 4727 3970 4780 his

2401 4845 2629 4907 septem,
2657 4845 2850 4900 nempe
2889 4831 2953 4884 de
2987 4827 3045 4880 8.
3083 4825 3247 4878 Paulo
3275 4831 3507 4894 martyre
3550 4821 3601 4875 in
3643 4823 3824 4883 Creta,
3854 4835 3971 4890 ege-

2403 4937 2530 4983 runt
2555 4927 2869 4981 decessores
2899 4921 2964 4974 ad
2995 4920 3137 4974 diem
3170 4917 3341 4972 Martii
3374 4915 3674 4969 indicatum
3707 4914 3844 4984 (24),
3875 4914 3970 4967 ibi-

2401 5035 2506 5088 quc
2536 5035 2598 5073 ex
2631 5017 2774 5072 Actis
2802 5014 2858 5068 S.
2895 5012 3154 5084 Stephani
3179 5010 3443 5069 Junioris.
3481 5022 3511 5061 a
3542 5006 3878 5076 Lipomanno
3911 5019 3969 5058 ex

2404 5109 2760 5180 Sietaphraste
2790 5106 2982 5160 Latine
3032 5102 3282 5171 vulgatis,
3311 5100 3429 5153 loco
3454 5099 3635 5166 aliquo
3669 5093 3864 5166 insigni
3911 5093 3972 5147 de

2406 5202 2642 5256 S.Paulo
2669 5201 2921 5263 adducto,
2957 5197 3290 5250 concludunt
3320 5207 3444 5247 cum
3480 5191 3532 5243 in
3559 5191 3736 5258 Cypro
3761 5195 3968 5258 passum

2403 5313 2557 5362 esse;
2590 5309 2773 5350 verum
2808 5307 2931 5346 eum
2964 5290 3017 5342 in
3071 5290 3182 5359 ipsa
3229 5287 3387 5342 Creta
3416 5298 3640 5353 passum
3675 5299 3796 5337 esse
3826 5280 3971 5334 nobis

2402 5388 2622 5443 omnino
2652 5383 2992 5440 manifestum
3026 5392 3129 5437 est.
3161 5382 3300 5436 Sunt
3325 5377 3467 5432 enim
3499 5378 3565 5429 ad
3599 5390 3824 5429 manum
3850 5373 3970 5424 Acta

2401 5479 2643 5550 ejusdem
2671 5476 2931 5546 Stephani
2961 5474 3224 5536 Junioris,
3256 5468 3665 5525 accuratissime
3687 5482 3714 5519 a
3747 5465 3970 5535 quodam

2403 5572 2680 5640 Stephano
2740 5570 2975 5623 Diacono
3031 5565 3362 5634 conscripta.
3407 5562 3542 5614 Dum
3598 5559 3743 5613 hunc
3802 5558 3971 5625 itaque

2478 5779 2588 5839 (23)
2625 5775 2689 5829 Τ.
2725 5770 2765 5824 ll
2797 5769 2960 5824 Junii.
2998 5785 3048 5836 p.
3079 5784 3090 5819 ι
3128 5777 3362 5839 etseqq.

2479 5836 2589 5914 (24)
2618 5843 2679 5897 Τ.
2717 5839 2756 5895 ιι
2787 5839 2982 5904 Martii,
3019 5854 3068 5905 p.
3105 5836 3229 5904 609,.
