4136 6520
715 471 845 529 1091

1999 467 2280 525 MENSIS
2317 466 2684 528 OCTOBER.

3826 465 3959 529 1092

715 594 842 637 runt
878 585 1008 654 (40),
1048 588 1141 645 sed
1177 588 1226 641 hi
1260 587 1497 642 fatentur
1532 602 1590 641 se
1615 586 1667 640 in
1706 586 1868 639 nullis
1902 584 2053 639 fastis
2079 586 2147 638 ad
2202 585 2285 639 di-
2314 593 2360 648 Α
2396 585 2697 655 πτάμενος)
2752 601 2848 655 pro
2883 585 3081 640 Christi
3130 584 3358 657 imagine
3414 600 3607 650 caesus,
3641 585 3799 639 illum
3854 585 3960 638 Da-

712 686 863 730 ctum
905 679 1046 732 diem
1096 682 1440 748 consignatos
1470 694 1561 732 eos
1596 678 1882 747 reperisse.
1929 676 2121 730 Postea
2157 691 2282 731 vero

711 770 929 823 eosdem
955 774 1144 824 ohvios
1184 772 1492 825 habuerunt
1525 772 1577 823 in
1619 770 2016 839 pretiosissimo
2040 770 2282 838 Synaxa-

714 862 843 916 rista
895 862 1252 927 Chifﬂetiano,
1292 865 1355 916 ad
1410 864 1548 915 diem
1597 878 1630 914 ll
1678 861 1852 925 Junii;
1889 877 2009 913 nam
2062 862 2280 915 eosdem

709 969 850 1017 esse,
890 970 955 1008 ex
990 957 1297 1008 narratione
1339 952 1694 1006 Theostericti
1752 969 1875 1005 cum
1947 954 2282 1021 synaxarista

712 1048 804 1102 illo
828 1049 1019 1102 collata
1040 1049 1177 1117 (41),
1198 1048 1420 1102 cuilibet
1444 1048 1787 1099 manifestum
1823 1045 1913 1099 fiet
1936 1085 1951 1109 ,
1974 1062 2280 1113 quanquam

712 1141 1117 1194 Henschenium
1155 1151 1398 1194 nostrum
1432 1140 1479 1192 id
1520 1150 1628 1193 tum
1664 1140 1847 1207 fugere
1884 1142 2081 1207 potuit.
2116 1137 2284 1191 Porro

711 1233 966 1285 laudatus
1004 1234 1366 1302 synaxaristes
1417 1248 1522 1284 non
1572 1232 1744 1284 solum
1788 1232 1853 1284 ad
1890 1232 2030 1283 diem
2070 1246 2102 1283 ll
2137 1224 2283 1283 Junii

707 1339 802 1377 eos
826 1325 1023 1393 signat,
1046 1325 1138 1377 sed
1169 1335 1424 1392 praeterea
1455 1326 1587 1375 satis
1617 1332 1805 1391 aperte
1831 1322 2069 1375 insinuat
2105 1323 2169 1374 iis
2196 1323 2284 1377 illo

706 1416 793 1469 die
834 1417 1065 1484 palmam
1100 1416 1339 1485 martyrii
1378 1414 1654 1483 obtigisse.
1690 1416 1760 1467 Ex
1798 1416 1992 1483 quibus
2016 1416 2287 1468 verisimi-

706 1508 832 1560 liter
862 1508 1181 1560 conficimus
1211 1507 1311 1558 hos
1336 1508 1653 1569 monachos,
1683 1522 1869 1559 mense
1897 1521 2017 1558 cum
2060 1507 2285 1559 dimidio

706 1607 991 1666 postquam
1020 1599 1412 1651 monasterium
1453 1613 1610 1651 suum
1653 1597 1910 1651 Pelccettn
1940 1607 2203 1652 vastatum
2234 1608 2288 1652 et

706 1694 1049 1743 combustum
1118 1690 1390 1751 viderunt,
1450 1706 1617 1759 prope
1673 1691 1945 1758 Ephesum
1995 1692 2288 1745 suﬂocatos

708 1778 897 1839 fuisse,
941 1780 1028 1832 die
1059 1781 1269 1834 scilicet
1308 1797 1341 1834 ll
1373 1780 1519 1834 Junii
1549 1782 1673 1833 anni
1704 1784 1822 1836 757.

782 1869 867 1923 Η.
907 1870 978 1924 De
1017 1870 1073 1923 S.
1110 1873 1266 1925 Petro
1307 1873 1373 1925 de
1430 1874 1757 1933 Blacliernis.
1802 1891 1961 1944 quem
2020 1892 2173 1929 num.
2224 1878 2279 1931 ll

2384 680 2603 733 cianum
2657 688 2711 733 et
2759 680 3231 748 prevaricatorem
3286 678 3454 732 libere
3491 679 3840 747 appellando,
3870 693 3963 731 su-

2383 771 2648 839 blatisque
2681 771 2745 823 ad
2774 770 2937 822 Deum
2974 770 3146 823 oculis
3177 770 3429 831 dicendo,
3451 768 3664 823 Gratias
3702 770 3801 822 tibi
3840 784 3963 838 ego,

2384 865 2628 927 Domine,
2675 864 2727 917 in
2784 865 2978 916 mediis
3017 864 3301 915 verberum
3358 864 3689 916 cruciatibus
3714 862 3963 930 exspira-

2383 956 2459 1007 vit
2484 955 2619 1021 (Η).
2648 955 2723 1007 Ad
2769 956 2881 1008 hrec
2912 956 3142 1023 primum
3193 954 3529 1008 advertimus
3556 970 3703 1017 eum,
3734 954 3827 1021 qui
3879 953 3965 1005 hic

2384 1046 2674 1110 Dacianns,
2718 1047 2768 1100 id
2827 1058 2909 1100 est
2968 1057 3286 1116 persecutor
3333 1047 3670 1100 smvissimus
3704 1046 3846 1110 (45),
3876 1061 3971 1112 ap-

2384 1138 2638 1208 pellatur,
2671 1157 2697 1191 a
2729 1139 3091 1207 Metaphraste
3119 1140 3170 1191 in
3207 1140 3393 1193 eadem
3433 1140 3537 1191 vita
3563 1139 3707 1206 apud
3741 1138 3965 1191 Surium

2385 1232 2451 1284 ad
2481 1234 2622 1285 diem
2658 1246 2825 1285 xxviii
2862 1230 3125 1285 Novemb.
3155 1232 3429 1283 Juliauum
3482 1232 3808 1298 Apostatam
3842 1229 3966 1293 dici,

2384 1322 2529 1391 quod
2581 1321 2903 1391 Theophani
2967 1338 3191 1391 prorsus
3256 1338 3556 1376 consonum
3607 1331 3693 1374 est
3763 1327 3968 1390 (supra

2384 1430 2538 1469 num.
2575 1414 2682 1482 14).
2722 1415 2923 1468 Deinde
2950 1416 3154 1482 reliqua
3187 1414 3365 1467 omnia
3403 1430 3521 1481 qua:
3554 1412 3609 1466 S.
3651 1414 3968 1480 Stephanus

2388 1518 2574 1561 narrat
2601 1510 2665 1560 de
2702 1507 2868 1560 Petro
2902 1508 2954 1559 in
2992 1506 3307 1559 Blachernis
3341 1506 3574 1567 incluso,
3605 1506 3745 1557 nihil
3786 1506 3969 1557 diver-

2388 1615 2506 1652 sum
2569 1598 2771 1651 habent
2815 1609 3009 1667 praeter
3056 1601 3228 1653 solum
3281 1612 3502 1660 nomen,
3540 1599 3607 1649 ah
3640 1598 3706 1649 iis
3743 1613 3868 1664 quae
3908 1597 3971 1650 de

2388 1690 2600 1744 Andrea
2630 1691 2683 1743 in
2715 1690 3029 1742 Blachernis
3061 1689 3303 1758 Calybita
3339 1689 3528 1742 scribit
3576 1688 3970 1757 Theophanes.

2391 1780 2657 1834 Praeterea
2695 1781 2740 1834 si
2775 1781 3156 1850 Tthphanes,
3195 1782 3285 1834 ubi
3337 1783 3402 1835 de
3437 1781 3595 1833 Petro
3627 1781 3816 1849 stylita
3845 1783 3973 1834 scri-

2391 1872 2472 1925 bit
2526 1873 2744 1941 ((1.14),
2797 1890 2924 1927 vere
2975 1872 3192 1927 Petrum
3245 1873 3296 1924 in
3341 1872 3656 1926 Biar-hornis
3697 1874 3969 1926 inclusum

703 1974 827 2030 post
859 1962 913 2015 S.
947 1962 1505 2018 PaulumCretensem
1533 1969 1833 2034 posuimus.
1863 1968 2091 2035 plurima
2121 1970 2281 2023 etiam
2318 1964 2356 2016 Β
2387 1966 2716 2033 designaret,
2769 1982 2888 2034 qua!
2946 1966 3012 2018 de
3063 1966 3168 2017 ἱμιυ
3209 1977 3519 2029 narrantur,
3552 1982 3675 2019 cum
3744 1968 3970 2019 historia

705 2068 771 2108 ex
799 2055 946 2108 Actis
983 2053 1039 2107 S.
1076 2055 1339 2125 Stephani
1374 2059 1745 2111 innotescunt.
1780 2058 2183 2127 Papebrochius
2216 2065 2281 2116 ad

704 2144 849 2199 diem
901 2162 984 2199 χιιι
1033 2146 1159 2200 Maii
1199 2150 1310 2215 (42)
1362 2164 1425 2201 ex
1479 2148 1691 2201 laudato
1736 2152 2067 2219 synaxarista
2114 2151 2210 2207 lis.
2247 2168 2275 2206 a

703 2236 975 2291 Chilﬂetio
1026 2248 1219 2292 nostro
1270 2250 1514 2309 accepto,
1558 2242 1622 2293 de
1671 2243 1729 2296 S.
1789 2244 1951 2297 Petro
1999 2247 2283 2312 sequentia

718 2329 991 2399 depromit
1029 2349 1040 2383 :
1085 2332 1143 2384 Ὀ
1195 2334 1251 2383 ὲν
1304 2333 1633 2404 Βλαχέρναις
1685 2337 1908 2405 Πέτρος,
1959 2336 2281 2407 βθυνεύροις

703 2423 1044 2489 τυπτόμενος
1072 2424 1411 2488 τελειοῦταις
1460 2426 1508 2477 id
1557 2436 1678 2481 est:
1714 2427 1906 2480 Petrus
1939 2428 1991 2480 in
2031 2427 2281 2481 Blachcr-

705 2512 791 2565 nis
821 2513 1097 2575 habitans,
1133 2516 1335 2567 taureis
1358 2530 1548 2577 caesus,
1571 2519 1888 2585 martyrium
1921 2528 2281 2572 consummat.

706 2600 872 2656 Recte
920 2604 1326 2674 Papebrochius
1379 2606 1601 2675 conjicit
1637 2608 1723 2661 hic
1770 2611 1852 2678 agi
1905 2609 1972 2663 de
2022 2609 2284 2664 alterutro

705 2696 936 2748 duorum
971 2710 1292 2767 martyrum,
1328 2714 1467 2767 quos
1502 2701 1870 2768 Theophanes
1898 2703 1964 2756 ad
1995 2719 2196 2756 annum
2216 2704 2278 2758 21

704 2796 758 2841 et
786 2786 854 2839 ‘27
892 2789 1215 2860 Coprouymi
1255 2790 1424 2844 refert
1455 2808 1470 2856 ;
1522 2807 1589 2845 en
1639 2792 1800 2860 hujus
1846 2794 2087 2848 historici
2118 2796 2282 2849 verba

710 2877 900 2931 Latine
938 2894 1086 2932 versa
1119 2882 1226 2949 (45)
1263 2900 1273 2933 :
1300 2882 1499 2934 Eodem
1528 2882 1685 2935 etiam
1714 2898 1854 2936 anno
1877 2885 2085 2951 (mundi
2114 2884 2273 2945 6255,

704 2968 1047 3027 Constantini
1085 2972 1175 3039 21)
1209 2971 1603 3028 Constantinus
1664 2986 1979 3041 persecutor
2014 2979 2283 3030 Andream

705 3063 1067 3115 venerabilem
1106 3062 1459 3123 monachum,
1493 3064 1795 3133 Calybitam
1826 3068 2050 3128 dictum,
2079 3068 2144 3122 ad
2168 3067 2287 3121 Bla-

708 3150 943 3202 chcrnas
978 3151 1339 3213 habitantem,
1369 3152 1421 3204 in
1470 3152 1653 3206 Sancti
1702 3154 1985 3209 Mamantis
2013 3158 2159 3212 circo
2191 3159 2286 3212 ﬂa-

707 3242 859 3311 gellis
907 3243 1207 3304 interfecit,
1237 3245 1382 3312 quod
1428 3244 1546 3314 ejus
1577 3245 1931 3314 impietatem,
1963 3264 2027 3301 eo
2064 3249 2286 3304 Valente

703 3334 924 3401 juniore
969 3346 1023 3388 et
1068 3333 1286 3389 Juliano
1338 3337 1591 3401 vocitato,
1631 3338 1929 3407 arguisset;
1962 3340 2081 3408 ejus
2111 3353 2289 3394 autem

704 3439 904 3491 corpus
965 3426 1018 3477 in
1069 3425 1330 3479 ﬂuentum
1381 3429 1573 3497 projici
1630 3430 1891 3496 jusserat,
1926 3430 2020 3482 sed
2065 3431 2291 3487 Andreae

704 3529 921 3570 sorores
956 3515 1130 3585 ipsum
1174 3517 1484 3581 eﬂerentes,
1524 3518 1578 3571 in
1630 3518 1883 3573 Leucadii
1931 3524 2171 3591 emporio
2203 3540 2291 3578 sc-

705 3608 938 3675 pulturae
972 3610 1320 3662 mandarunt.
1350 3610 1415 3662 Et
1443 3624 1595 3662 anno
1616 3614 1801 3665 mundi
1832 3612 1989 3677 6259,
2023 3614 2290 3669 Constan-

708 3699 807 3751 tini
848 3699 937 3751 2'7.
1008 3703 1260 3753 Ceterum
1313 3703 1379 3754 ab
1422 3703 1523 3754 hoc
1556 3712 1798 3769 tempore
1833 3704 2019 3770 majori
2072 3710 2289 3762 vesania

706 3791 759 3843 in
792 3802 1009 3846 sanctas
1047 3794 1136 3846 Dei
1169 3794 1442 3847 Ecclesias
1493 3794 1801 3861 ferebatur;
1838 3796 1986 3850 misit
2016 3798 2161 3852 enim
2198 3802 2288 3869 qui

704 3878 927 3935 Petrum
981 3885 1354 3936 venerabilem
1408 3885 1645 3953 stylitam
1679 3900 1707 3936 a
1745 3897 1897 3954 petra
1951 3892 2285 3955 exturbaret,

705 3987 942 4041 eumque
984 3975 1331 4043 dogmatibus
1364 3977 1476 4029 suis
1502 3986 1877 4047 repugantem,
1917 3982 2098 4037 vivum
2136 3986 2289 4054 pedi-

706 4062 809 4117 bus
838 4067 1108 4128 vinctum,
1143 4081 1205 4118 ac
1248 4082 1345 4134 per
1382 4065 1589 4121 medias
1624 4069 1770 4121 urbis
1809 4071 1921 4123 vias
1949 4083 2285 4139 pertractnm

709 4154 760 4207 in
791 4157 1000 4227 Pelagia
1037 4156 1228 4225 projici
1278 4158 1462 4224 jussit,
1492 4158 1629 4211 alios
1662 4174 1789 4212 vero
1833 4162 2285 4228 saccisinclusos,

707 4246 942 4315 alligatis
977 4248 1227 4314 pedibus,
1264 4248 1315 4299 in
1348 4263 1496 4301 mare
1531 4249 1794 4320 demergi.

785 4340 872 4393 15.
937 4338 1297 4409 Synaxaristae
1340 4355 1442 4392 suo
1475 4340 1876 4409 Papebrochius
1903 4345 2125 4401 nimium
2155 4348 2288 4401 difﬁ-

705 4431 804 4494 dit,
854 4433 983 4485 dum
1043 4432 1345 4485 arbitratur
1389 4448 1510 4485 eum
1560 4430 1669 4486 duo
1706 4435 1864 4488 allata
1915 4441 2168 4507 martyria
2231 4440 2283 4493 in

709 4537 877 4574 unum
913 4521 1217 4584 conﬂasse;
1263 4524 1377 4592 ipse
1427 4524 1570 4576 enim
1606 4523 1969 4595 TheOphanes
2001 4530 2086 4582 hic
2118 4546 2283 4583 untim

2391 2057 2447 2110 S.
2483 2058 2743 2126 Stephani
2779 2058 3030 2125 componi
3068 2073 3175 2110 non
3206 2066 3447 2126 possent.
3484 2057 3718 2111 Sanctus
3744 2058 3972 2127 Stepha-

2388 2166 2489 2203 nus
2513 2150 2681 2212 enim,
2721 2161 2779 2202 ut
2825 2165 2922 2203 suo
2953 2150 3071 2203 loco
3125 2150 3496 2217 probabimus,
3533 2166 3560 2202 a
3607 2166 3799 2203 mense
3835 2150 3971 2205 Nov.

2387 2240 2491 2293 763
2522 2222 2689 2305 usqtie
2716 2241 2780 2293 ad
2814 2241 2973 2293 finem
3007 2242 3131 2293 anni
3172 2239 3272 2292 766
3305 2241 3356 2293 in
3399 2241 3588 2295 exsilio
3625 2242 3748 2303 fuit,
3786 2254 3843 2294 et
3871 2244 3969 2295 cir-

2386 2334 2521 2387 citer
2543 2334 2607 2386 ah
2632 2334 2852 2387 ineunte
2881 2332 3145 2386 Januario
3184 2336 3283 2387 767
3313 2352 3435 2387 cum
3469 2335 3749 2403 praedictis
3784 2350 3971 2388 mona-

2385 2427 2504 2481 chis
2553 2428 2605 2480 in
2652 2441 2871 2480 carcere
2938 2425 3177 2477 Praeterii
3238 2426 3580 2479 versabatur.
3634 2424 3711 2478 Ex
3769 2427 3970 2495 quibus

2388 2516 2667 2585 probabile
2699 2518 2753 2568 fit
2782 2524 2910 2569 ante
2934 2515 3034 2569 763
3065 2513 3120 2568 S.
3150 2524 3439 2584 martyrem
3474 2516 3727 2577 Petrum,
3760 2517 3832 2567 de
3869 2530 3972 2584 quo

2392 2616 2598 2670 narrat,
2636 2605 2989 2670 occubuisse;
3024 2621 3143 2658 nam
3194 2608 3453 2674 alioquin,
3486 2609 3576 2675 qui
3625 2623 3740 2660 non
3775 2610 3970 2667 melius

2388 2699 2639 2753 monachi
2677 2699 2735 2753 S.
2780 2698 3082 2767 Stephano,
3117 2715 3275 2767 quam
3330 2699 3417 2752 hic
3464 2699 3591 2758 illis,
3643 2702 3971 2768 martyrium

2388 2793 2529 2845 istud
2565 2789 3155 2856 enarrassent?Neqne
3191 2791 3251 2841 S.
3279 2789 3521 2841 Andreas
3551 2788 3603 2839 in
3650 2787 3973 2843 Blachernis

2389 2898 2554 2951 prope
2590 2882 2798 2949 (Ipolim
2837 2881 3135 2940 habitabat,
3166 2890 3221 2932 ut
3245 2879 3606 2947 TheOphanes
3636 2881 3854 2941 scribit,
3882 2882 3971 2934 sed

2388 2989 2451 3026 ex
2484 2972 2643 3025 Creta
2674 2972 2974 3026 adveniens
3014 2970 3077 3023 ad
3126 2969 3453 3024 Blaehernas
3486 2985 3543 3022 se
3583 2971 3843 3034 contulit,
3884 2971 3969 3029 ubi

2387 3065 2766 3135 Copronymus
2800 3065 2851 3116 in
2887 3064 3082 3130 palatio
3131 3078 3231 3115 suo
3265 3062 3379 3114 Divi
3410 3061 3699 3115 Mamantis
3736 3061 3792 3114 in
3831 3078 3974 3114 mar-

2391 3166 2531 3227 tyres
2561 3156 2838 3216 saaviehat,
2868 3154 3193 3222 quibuscmn
3222 3153 3366 3205 illico
3399 3160 3581 3204 tentus
3604 3162 3711 3205 est.
3742 3152 3975 3206 Tcstan-

2392 3259 2479 3301 tur
2510 3247 2559 3299 id
2589 3247 2719 3301 Acta
2745 3256 2797 3298 et
2832 3244 3191 3314 Synaxarium
3227 3257 3390 3310 supra
3427 3242 3657 3295 relatum
3695 3251 3876 3313 (num.
3900 3243 3976 3315 5).

2317 3315 2357 3369 Ο
2394 3339 2503 3392 Nec
2546 3339 2707 3391 etiam
2749 3347 3007 3407 tyrannus
3036 3336 3202 3401 jussit
3251 3349 3375 3387 eum
3413 3350 3583 3401 usque
3620 3337 3685 3385 ad
3741 3349 3973 3391 mortem

2396 3429 2574 3499 ﬂagris
2603 3430 2758 3491 caedi,
2795 3438 2851 3481 ut
2883 3428 3078 3481 iterum
3114 3425 3479 3495 Theophanes
3526 3426 3738 3487 scribit,
3768 3438 3825 3481 et
3852 3431 3975 3482 dein

2396 3524 2448 3577 in
2482 3524 2743 3576 ﬂuentum
2782 3521 2996 3589 projici,
3032 3520 3125 3573 scd
3164 3520 3455 3573 crudeliter
3484 3522 3688 3588 raptari
3718 3524 3973 3589 perviam

2393 3616 2697 3684 publicam;
2730 3628 2832 3665 nec
2858 3612 3011 3678 (Zpoli
3046 3625 3264 3663 sorores
3290 3625 3413 3662 suas
3449 3611 3650 3662 habere
3686 3613 3972 3680 potuitqei

2394 3707 2444 3759 in
2476 3703 2635 3759 Creta
2666 3704 3022 3758 monasticam
3053 3704 3219 3754 vitam
3246 3702 3471 3769 degens,
3513 3701 3642 3754 illuc
3673 3708 3975 3755 advenerat

2393 3807 2452 3850 ut
2478 3798 2680 3849 cultmu
2708 3797 2811 3850 SS.
2838 3796 3134 3863 imaginum
3166 3809 3349 3848 coram
3375 3804 3605 3862 tyranno
3629 3794 3975 3857 defenderet;

2392 3902 2573 3954 neque
2598 3887 2815 3941 demum
2848 3886 2899 3939 in
2949 3885 3196 3953 emporio
3228 3883 3479 3937 Leucadii
3522 3883 3587 3936 ad
3628 3883 3787 3935 littus
3825 3884 3976 3934 Asia-

2393 3980 2558 4033 ticum
2589 3977 2834 4046 BOSpOI'J,
2867 3977 3110 4030 honestae
3146 3975 3439 4043 sepultura:
3485 3974 3735 4026 mandari
3777 3976 3972 4043 potuit,

2391 4086 2548 4139 quem
2605 4072 2657 4123 in
2702 4072 2814 4138 ipsa
2856 4070 3008 4129 urbe,
3046 4069 3174 4119 dum
3216 4070 3540 4132 raptaretur,
3574 4069 3971 4132 ex5pirantem,

2394 4168 2446 4215 in
2479 4164 2655 4215 locum
2698 4159 3164 4219 sordidissimum,
3212 4157 3263 4209 in
3313 4155 3521 4225 Pelagia
3581 4155 3818 4220 scilicet,
3854 4173 3971 4212 cum

2392 4253 2653 4308 maleficis
2683 4254 2983 4323 projccere,
3015 4265 3289 4320 quemque
3316 4249 3441 4302 dein
3473 4250 3569 4300 viri
3594 4251 3892 4304 orthodoxi
3924 4253 3973 4302 in

2391 4348 2508 4401 loco
2549 4358 2738 4400 sancto
2773 4346 2960 4408 Crisis,
3007 4344 3207 4397 iterum
3246 4342 3299 4395 in
3344 4342 3478 4394 urbe
3526 4341 3667 4407 ipsa,
3696 4345 3957 4410 deposue-

2391 4447 2537 4492 runt.
2588 4439 2716 4499 Quae
2759 4436 2969 4504 singula
3017 4451 3142 4489 cum
3191 4450 3258 4487 ex
3301 4435 3446 4488 Actis
3478 4431 3537 4485 S.
3573 4435 3811 4486 Andreae
3857 4435 3969 4489 luce

2392 4528 2621 4583 clariora
2657 4527 2795 4589 sint,
2816 4526 3170 4580 manifestum
3203 4533 3281 4578 est
3307 4524 3705 4592 Theophanem
3739 4541 3851 4577 non
3880 4527 3971 4591 ads

718 4624 1007 4683 martyrem
1062 4628 1157 4681 pro
1203 4614 1377 4665 altero
1410 4616 1612 4681 posuit,
1650 4624 1708 4667 ut
1743 4618 2088 4672 manifestum
2135 4623 2190 4673 fit
2223 4636 2287 4674 ex
2322 4642 2362 4693 ι)
2390 4622 2574 4689 juncta
2602 4619 2837 4687 martyrii
2871 4619 3216 4680 immutasse,
3238 4616 3332 4670 sed
3374 4616 3486 4669 sola
3521 4616 3747 4669 nomina
3775 4627 3969 4687 marty-

707 4705 1027 4759 narratione
1055 4705 1116 4759 S.
1148 4706 1413 4774 Stephani
1442 4705 1706 4769 Junioris,
1745 4723 1853 4776 qua
1887 4713 2178 4767 monachos
2206 4727 2288 4767 se-

709 4812 833 4853 cum
871 4800 925 4851 in
972 4814 1192 4852 carcere
1232 4800 1475 4852 Praetor-ii
1500 4816 1644 4853 anno
1676 4801 1777 4855 767
1810 4804 2063 4859 detentos
2100 4808 2163 4861 ad
2194 4824 2289 4877 pa-

714 4890 958 4946 tientiam
994 4892 1241 4944 hortatur
1276 4913 1287 4946 :
1321 4890 1553 4946 Sanctus
1585 4893 1705 4945 illos
1735 4894 1945 4955 Patres,
1981 4896 2178 4964 inquit,
2200 4900 2290 4967 qui

710 4986 853 5052 apud
908 4998 1006 5035 nos
1054 4985 1218 5035 vitam
1269 4984 1531 5051 martyrio
1583 4984 1957 5049 absolverunt,
1992 4986 2288 5041 imitemur.

711 5074 974 5130 Sanctum
1005 5074 1157 5127 illum
1186 5074 1514 5127 monachum
1540 5072 1758 5129 Petrum
1784 5076 1929 5140 dico,
1953 5078 2003 5128 in
2037 5077 2290 5133 Blacher-

710 5166 793 5220 nis
821 5167 1090 5221 inclusum
1125 5166 1613 5236 (ἐγκεκλεισμένον
1657 5188 1668 5221 :
1718 5168 2006 5234 inclusum,
2041 5170 2242 5229 Gallice
2275 5192 2289 5229 :

712 5259 912 5319 reclus,
949 5273 1056 5323 quo
1110 5273 1275 5310 sensu
1331 5257 1768 5321 frequentissime
1829 5261 1941 5313 haec
2006 5278 2106 5316 vox
2164 5280 2291 5333 pro.

710 5349 825 5413 dit;
869 5362 1153 5419 perperam
1198 5348 1359 5417 igitur
1418 5348 1830 5419 Lipomanuus:
1868 5348 2175 5406 Blachernis
2236 5356 2291 5409 in

714 5444 945 5497 vinculis
1013 5443 1320 5510 conjectum
1390 5445 1477 5509 qui
1540 5453 1664 5499 ante
1735 5442 2087 5511 imperatoris
2164 5462 2293 5500 con-

715 5545 959 5605 spectum
996 5534 1345 5588 intolerandis
1398 5535 1555 5587 boum
1604 5535 1784 5586 nervis
1816 5533 2147 5605 (saeva-39m;
2202 5557 2291 5591 τυ.

787 5669 898 5737 (ιο)
931 5665 994 5737 Ῑ.
1027 5666 1046 5718 1
1079 5668 1327 5733 Januar.,
1362 5684 1414 5737 p.
1457 5668 1579 5722 7J7.

787 5670 878 5735 (10
931 5669 994 5719 Τ.
1027 5669 1046 5718 1
1079 5669 1327 5733 Januar.,
1362 5684 1414 5737 p.
1457 5669 1579 5722 747.

786 5669 899 5809 (Ui
937 5735 1051 5809 T._l
1085 5737 1251 5800 Junii,
1283 5756 1333 5806 p.
1371 5740 1491 5791 168.
1526 5737 1637 5791 αττ.
1677 5748 1715 5792 t.
1744 5738 1760 5791 1
1794 5740 2047 5803 Januar.,
2079 5742 2114 5793 l.
2156 5761 2203 5797 e.
2240 5753 2291 5803 et

714 5806 970 5865 Analecta
997 5806 1206 5867 Grzeca,
1232 5823 1283 5873 p.
1318 5810 1437 5862 505i.

787 5880 898 5945 (4‘2)
936 5876 997 5933 Τ.
1039 5877 1103 5931 ιιι
1142 5875 1284 5941 Maii,
1326 5894 1377 5944 p.
1407 5879 1530 5933 693.

2397 4726 2515 4764 rum
2551 4709 2975 4778 transposuisse.
3012 4709 3187 4777 Atque
3226 4708 3339 4761 haec
3373 4709 3591 4768 iterum,
3628 4722 3741 4760 non
3775 4709 3966 4766 dicant,

2394 4805 2803 4867 confirmantur,
2836 4802 2929 4856 se‘d
2982 4814 3107 4853 vere
3154 4787 3600 4852 demonstrantur"
3630 4812 3697 4849 ex
3751 4798 3817 4850 iis
3859 4813 3968 4864 qua:

2395 4898 2556 4949 habet
2580 4894 2942 4964 Menologium
2976 4892 3160 4944 Basilii
3194 4892 3257 4943 ad
3286 4904 3452 4940 xxvm
3476 4888 3804 4943 Novembris
3832 4899 3969 4959 post-

2393 5002 2554 5055 quam
2609 4988 2675 5039 de
2728 4988 2783 5037 S.
2839 4986 3119 5053 Stephano
3189 4981 3410 5035 Juniorc
3458 4980 3589 5050 egit.
3627 4979 3890 5034 Similiter
3919 4988 3969 5033 et

2398 5079 2457 5133 S.
2505 5078 2751 5132 Andreas
2798 5079 2873 5146 (in
2909 5075 3070 5142 Crisi)
3107 5076 3344 5135 vinctus,
3386 5082 3768 5139 raptatusquc,
3804 5086 3835 5122 e
3868 5068 3966 5121 vita

2394 5174 2645 5229 excessit.
2684 5170 2750 5223 At
2778 5178 2998 5222 sanctus
3045 5166 3240 5219 Petrus
3274 5165 3361 5235 (de
3411 5161 3754 5227 Blachernis)
3782 5161 3835 5213 in
3860 5176 3967 5214 car-

2394 5283 2574 5320 cerem
2616 5264 2766 5334 prius
2795 5261 3095 5329 eonjectus,
3124 5258 3321 5313 deinde
3365 5256 3613 5315 eductus,
3648 5253 3850 5307 tamdiu
3882 5252 3967 5305 ﬂa-

2398 5359 2549 5428 gellis
2586 5356 2836 5418 caeditur,
2875 5354 3051 5406 donec
3105 5348 3355 5419 spiritum
3408 5346 3515 5398 Deo
3559 5346 3808 5401 tradidit.
3836 5346 3961 5400 Num

2395 5457 2573 5500 autem
2611 5446 2670 5501 S.
2697 5445 2941 5499 Andreas
2970 5441 3162 5511 Stylita
3201 5441 3304 5495 dici
3340 5435 3528 5506 possit.
3564 5436 3706 5492 infra
3742 5436 3963 5508 inquiri~

2398 5554 2533 5595 ntus.
2567 5541 2639 5595 De
2666 5539 2923 5608 Calyhitze
2970 5551 3099 5591 vero
3148 5531 3475 5601 cognomine
3502 5546 3627 5584 eum
3660 5532 3814 5601 plura
3845 5540 3965 5579 con-

2467 5676 2577 5744 (Ιιὸ)
2606 5674 2955 5743 Theophan.,
2989 5683 3027 5727 t.
3068 5672 3107 5731 l,
3130 5669 3357 5744 >p._667.

2465 5741 2576 5813 (⁷44)
2612 5741 2776 5798 Λιιθιζ
2801 5745 3005 5804 Grarca,
3033 5758 3087 5810 p.
3126 5741 3249 5813 507;

2467 5811 2575 5887 (45)
2610 5815 2722 5870 Cfr.
2758 5826 2793 5870 t.
2829 5816 2870 5869 ll
2900 5812 3065 5876 Junii,
3096 5828 3149 5867 0.
3188 5812 3311 5878 788,
3348 5828 3401 5864 n.
3428 5811 3482 5864 9.
