4136 6530
201 512 329 573 1093

1312 490 1483 554 VITA
1527 491 1586 550 S.
1629 488 1957 548 ANDBEE
2004 488 2082 547 IN
2123 489 2350 548 CRlSI.

3322 492 3455 557 1094

196 621 413 692 gesserit
471 615 763 671 Bollandus
812 612 878 665 ad
929 612 1069 664 diem
1129 623 1191 661 κγ
1241 603 1510 665 Januarii,
1556 602 1647 656 ubi
1704 604 1769 655 de
1807 632 1846 683 Α
1901 603 2110 662 Phocea.
2137 605 2219 659 cui
2255 618 2394 656 unus
2428 617 2599 657 annus
2625 604 2898 658 detractus
2926 617 3006 659 εει
3036 606 3167 673 (49),
3203 611 3456 675 usquead

197 712 398 765 Joanne
436 708 698 777 Ctlybita,
727 706 858 757 satis
880 704 981 757 erit
1013 703 1099 755 hic
1120 698 1319 753 dixisse
1357 695 1488 749 illud
1519 709 1548 747 a
1578 695 1768 748 vocula

203 790 449 869 Κοῖλύὸη,
486 813 601 868 quae
654 808 734 849 ast
798 795 1073 864 tugurium
1124 789 1432 857 significat,
1479 786 1770 840 deductum

204 895 389 956 fuisse,
421 894 493 946 ita
536 901 590 943 ut
628 888 901 956 Calybites
931 887 1015 939 ille
1048 885 1117 938 sit
1150 881 1241 950 qui
1280 884 1334 935 in
1375 880 1590 949 tugurio
1625 877 1774 930 habi-

205 996 294 1040 tat.
327 984 494 1050 Quam
526 992 672 1035 recte
727 996 856 1033 vero
906 978 960 1031 5.
1008 976 1202 1029 Petrus
1258 974 1361 1027 hoc
1416 980 1776 1041 cognomento

208 1079 528 1147 insigniatur
559 1091 720 1145 quem
760 1073 813 1128 S.
846 1071 1156 1139 Stephanus
1189 1067 1424 1137 appellat
1468 1066 1570 1117 Τὸν
1609 1066 1774 1128 ὅσιον,

206 1170 293 1219 τὸν
356 1170 413 1219 ὲν
471 1167 799 1235 Β>.αχέρναις
853 1160 1350 1230 ἐγκεκλεισμένον,
1411 1157 1553 1211 sicut
1603 1156 1777 1225 ipsum

209 1260 262 1310 S.
307 1258 642 1327 Stephanum
697 1253 1060 1323 Theophanes
1114 1252 1292 1305 dicit:
1325 1249 1415 1301 τὸν
1465 1247 1778 1315 ἐγκλειστον

209 1349 337 1403 ὅντα
362 1353 440 1411 εἰς
487 1351 578 1401 τὴν
611 1349 762 1413 ὄντων
791 1346 1076 1410 Αὺξέντιον
1102 1344 1125 1413 (
1152 1342 1293 1410 quod
1335 1355 1532 1393 nomen
1580 1338 1780 1392 montis

210 1448 332 1506 est),
368 1453 528 1494 nemo
554 1456 657 1491 non
692 1438 838 1491 videt
877 1436 987 1501 (46)

283 1529 367 1582 16.
424 1529 531 1583 Sed
583 1527 852 1596 quomodo
896 1524 1256 1594 Theophanes
1300 1524 1353 1575 in
1407 1522 1546 1574 hanc
1583 1521 1773 1574 confu-

211 1625 418 1676 sionem
451 1619 710 1673 devenit?
758 1617 865 1670 Nos
911 1617 1068 1669 aliam
1122 1629 1341 1669 causam
1378 1626 1488 1666 non
1532 1613 1784 1665 novimus

213 1714 311 1766 nisi
348 1712 490 1780 quod
524 1721 653 1764 tunc
684 1708 998 1762 adolescens
1026 1706 1186 1761 fuerit
1215 1705 1389 1767 valde,
1418 1713 1477 1756 ut
1512 1702 1625 1771 ipse
1658 1718 1785 1770 pro-

214 1804 291 1857 dit
321 1803 386 1855 ad
427 1803 491 1853 A.
522 1800 583 1853 C.
628 1799 730 1853 705
760 1798 883 1868 (ipsi
921 1813 1121 1850 annum
1163 1794 1346 1848 mundi
1380 1791 1541 1861 69.55)
1572 1792 1697 1843 dum
1731 1790 1784 1842 in

215 1892 346 1945 mari
384 1891 551 1961 glacie
597 1890 892 1943 constricto
920 1903 1040 1940 cum
1093 1885 1275 1954 pueris
1308 1899 1365 1937 se
1416 1883 1608 1936 lusisse
1640 1898 1786 1935 com-

1880 712 2081 749 annnm
2139 695 2388 747 ultimum
2444 694 2800 766 Copronymi,
2830 696 2917 750 ubi
2965 710 3115 749 error
3147 700 3462 765 praecedens

1877 802 2019 841 novo
2056 800 2243 841 errore
2276 786 2476 855 tegitur
2505 786 2645 853 (50),
2676 787 2758 840 vel
2790 803 2962 840 annos
2988 790 3169 841 mundi
3207 792 3286 842 vel
3318 791 3456 843 indi-

1876 878 2084 929 ctiones
2112 884 2377 943 perpetuo
2418 876 2749 941 claudicare,
2782 876 3031 945 idemque
3075 878 3139 935 de
3171 879 3459 948 TheOpha-

1877 964 1962 1017 nis
2008 968 2392 1020 emendatione
2442 969 2735 1036 specialem
2781 969 3070 1024 diatribam
3118 972 3285 1028 edidit
3325 973 3458 1042 (51),

1877 1073 1940 1111 ex
1968 1062 2072 1125 qua
2101 1058 2493 1126 Theophanem
2527 1076 2683 1114 suum
2712 1061 3001 1130 plurimum
3032 1077 3227 1118 ornare
3259 1064 3462 1118 doclis~

1879 1151 2001 1204 simi
2038 1151 2279 1204 editores
2304 1151 2621 1206 Bonnenses
2647 1153 2762 1223 (5'2)
2790 1156 3110 1222 potuissent.
3142 1153 3339 1209 Verum
3358 1154 3459 1208 hoc

1883 1244 2002 1297 loco
2038 1254 2225 1297 manet
2257 1246 2422 1298 altera
2456 1246 2542 1299 via
2567 1257 2819 1299 accurate
2851 1262 3029 1301 annos
3060 1249 3222 1301 modo
3252 1249 3458 1302 indica-

1881 1340 1966 1387 tos
2018 1334 2085 1386 ad
2145 1350 2309 1387 teram
2369 1336 2642 1404 vulgarem
2704 1339 3039 1405 reducendi;
3102 1339 3461 1409 TheOphanes

1883 1426 2027 1479 enim
2068 1426 2135 1479 ad
2164 1442 2371 1480 annum
2409 1428 2567 1493 6252,
2598 1430 2686 1497 qui
2723 1445 2923 1482 annum
2952 1433 3189 1501 martyrii
3226 1433 3368 1487 Petri
3393 1433 3459 1488 de

1884 1521 2208 1574 Blachernis
2268 1523 2579 1575 immediate
2612 1526 2908 1591 praecessit,
2942 1526 3191 1594 eclipsim
3222 1527 3457 1597 aliquam

1887 1612 2017 1665 solis
2048 1613 2465 1682 diligentissime
2497 1615 2780 1683 consignat
2805 1617 2888 1669 his
2927 1619 3125 1682 verbis,
3164 1634 3226 1671 ex
3258 1620 3463 1673 versio—

1888 1720 1956 1757 ne
1989 1703 2175 1758 Goari.
2240 1707 2551 1775 Apparente
2603 1706 2727 1761 solis
2764 1707 2978 1761 defectu
3009 1710 3211 1763 mensis
3235 1712 3458 1780 Augusti

1888 1798 1976 1851 die
2010 1798 2226 1851 decimo
2269 1800 2479 1867 quinto,
2529 1799 2657 1852 feria
2692 1811 2862 1865 Sexta,
2896 1802 3026 1854 hora
3074 1803 3177 1855 diei
3229 1803 3458 1867 decima,

1892 1906 2036 1944 anno
2066 1892 2296 1960 proinde
2335 1890 2457 1955 760,
2500 1902 2557 1943 ιιι
2586 1907 2650 1944 ex
2678 1893 2872 1945 tabulis
2925 1894 3305 1948 astronomicis
3336 1907 3462 1947 con-

217 1994 501 2037 inemorat.
558 1982 615 2035 In
677 1979 1007 2032 monasterio
1063 1986 1311 2030 \‘ersalus
1358 1975 1468 2043 (47)
1516 1976 1701 2044 procul
1756 1991 1785 2029 a
1820 1995 1857 2048 Β
1888 1989 1994 2035 stat
2028 1982 2161 2050 (55).
2195 1980 2259 2034 Ει
2289 1981 2412 2050 quia
2461 1997 2636 2035 annus
2669 1982 2853 2035 mundi
2882 1982 3019 2036 6253
3047 1982 3196 2052 Cpoli
3237 1984 3456 2061 incepit,

214 2074 388 2143 Cpoli,
423 2073 704 2141 diligenter
734 2070 973 2137 quidem,
1012 2078 1069 2121 ut
1106 2070 1156 2119 in
1192 2083 1289 2121 suo
1322 2068 1584 2135 prommio
1621 2076 1787 2120 testa-

216 2175 303 2217 tur
340 2164 449 2228 (48)
484 2161 754 2215 volumina
792 2160 1023 2228 plurima
1069 2159 1417 2222 examinavit,
1452 2159 1545 2212 sed
1588 2159 1655 2213 de
1699 2175 1784 2213 re-

214 2254 467 2308 centibus
497 2266 602 2302 non
637 2250 829 2314 multa,
865 2260 921 2302 ut
971 2249 1221 2310 arbitror,
1255 2262 1545 2318 congerere
1578 2247 1784 2316 potuit;

214 2346 462 2410 sequitur
510 2341 561 2393 in
598 2342 683 2396 his
730 2342 1047 2411 plerumque
1097 2340 1426 2392 Breviarium
1474 2338 1786 2407 Nicephori,

214 2434 303 2499 qui
333 2433 526 2486 Photio
575 2432 833 2501 probatus
879 2433 1108 2500 scriptor
1138 2431 1357 2495 dicitur,
1387 2430 1479 2484 sed
1527 2432 1569 2484 is
1616 2431 1788 2486 histo-

214 2526 373 2587 riam,
405 2541 512 2578 non
551 2525 1042 2595 chronographiam
1096 2533 1191 2578 aut
1237 2525 1461 2578 annales
1491 2525 1786 2578 contexuit.

214 2616 408 2670 Causis
440 2626 621 2670 autem
652 2618 853 2669 erroris
894 2617 1041 2669 illius
1066 2614 1409 2685 assignandis
1442 2616 1562 2671 ideo
1585 2618 1788 2670 diutius

215 2705 568 2769 inhaeremus,
619 2707 760 2776 quod
809 2708 863 2760 in
910 2707 1167 2777 martyrio
1217 2708 1272 2759 5.
1306 2706 1565 2775 Stephani
1607 2707 1790 2776 lapsus

218 2810 416 2854 iterum
447 2798 738 2851 nonnullos
775 2798 1075 2863 admiserit,
1104 2806 1161 2851 ut
1195 2797 1258 2850 ad
1292 2811 1459 2850 xxviii
1491 2794 1623 2853 Nov.
1659 2796 1790 2851 ube-

217 2891 331 2944 rius
360 2892 596 2944 dicetur.
640 2890 778 2955 Quid
831 2890 993 2959 igitur
1034 2888 1249 2951 mirum,
1282 2889 1408 2941 dum
1462 2887 1514 2941 in
1554 2887 1786 2951 Menaeis,

216 2982 270 3034 in
306 2980 625 3049 Menolugiis
669 2982 987 3047 exterisque
1035 2980 1185 3033 fastis
1227 2978 1429 3033 Graecis
1468 2979 1696 3031 Andrem
1729 2978 1791 3030 il-

215 3074 326 3127 lius
350 3071 607 3143 Calybita:
644 3072 971 3124 mentionem
999 3072 1449 3139 qualemcumque
1477 3069 1789 3139 diligentius

214 3166 648 3234 exquireremns,
682 3162 825 3215 nulla
858 3176 957 3215 nos
988 3177 1210 3230 usquam
1256 3164 1416 3229 hujus
1448 3162 1790 3231 cognominis

219 3257 449 3326 vestigia
482 3256 642 3309 obvia
689 3242 985 3308 habuisse?
1013 3251 1481 3307 Commemoratur
1510 3264 1687 3305 tamen
1720 3253 1788 3305 ab

215 3348 469 3405 omnibus
503 3349 558 3400 5.
589 3347 829 3400 Andreas
853 3346 1146 3399 monachus
1179 3345 1277 3398 sub
1301 3344 1647 3415 Copronymo
1669 3357 1787 3412 pas-

216 3452 312 3489 sus
342 3446 396 3489 et
426 3437 744 3504 plerumque
768 3438 924 3488 verba
959 3438 1009 3487 in
1032 3434 1169 3487 Crisi
1198 3446 1567 3503 apponuntur.
1592 3432 1788 3504 Depre-

218 3527 524 3580 henderant
551 3527 758 3580 scilicet
790 3524 956 3578 Grazci
988 3525 1245 3577 fastorum
1281 3526 1593 3591 scriptores,
1624 3541 1788 3593 quaza

218 3620 553 3687 Theophane
584 3618 948 3671 aﬂ‘erebantur
983 3633 1103 3670 cum
1131 3617 1343 3670 eteteris
1374 3617 1718 3681 testimoniis,
1744 3617 1788 3671 si

221 3713 405 3764 minus
440 3711 847 3770 historicorum,
871 3719 925 3762 at
965 3715 1109 3763 certe
1144 3709 1628 3777 hagiographorum
1658 3724 1789 3763 con-

220 3814 369 3859 stare
410 3819 518 3855 nun
561 3818 740 3870 posse,
773 3814 826 3856 et
858 3802 981 3855 ideo
1012 3799 1340 3869 TheOphane
1375 3799 1657 3860 derelicto,
1693 3799 1789 3869 Sy-

221 3896 442 3946 naxaria
475 3909 570 3945 sua
599 3894 776 3961 potius
808 3909 869 3945 ex
902 3893 1265 3960 Metapbraste
1295 3893 1481 3945 aliisve
1530 3893 1787 3944 Actorum

219 3982 608 4051 scriptoribus,
663 3991 718 4034 ιιι
773 3991 1025 4034 caeterum
1070 3981 1384 4048 plerumque
1435 3995 1787 4044 consuevere,

222 4075 546 4141 depromere
572 4072 901 4125 maluerunt.
936 4071 1106 4123 Latini
1140 4085 1169 4124 e
1194 4071 1468 4124 contrario
1500 4071 1788 4139 Theopha-

221 4179 346 4217 nem
376 4173 468 4215 ant
505 4165 625 4232 ejus
654 4163 1004 4230 interpretem
1031 4161 1250 4216 Paulum
1283 4160 1572 4215 Diaconum
1596 4161 1787 4223 secuti,

220 4253 350 4305 inde
381 4268 500 4322 qua:
530 4268 559 4304 a
597 4254 772 4321 priore
808 4252 1030 4305 confusa
1065 4251 1283 4305 fuerant
1321 4253 1683 4306 retinuerunt.

293 4365 381 4417 17.
446 4363 513 4418 Ut
548 4372 726 4416 autem
775 4362 839 4414 ad
874 4362 1044 4430 ipsum
1097 4377 1295 4416 annum
1336 4362 1614 4430 utriusque
1646 4376 1785 4414 mar-

223 4456 373 4525 tyrii,
410 4456 553 4507 Petri
587 4470 781 4523 nempe
815 4465 870 4508 et
899 4453 1145 4518 Andreae,
1176 4456 1285 4518 jam
1320 4454 1678 4523 indagandum
1706 4470 1792 4509 ae-

221 4548 503 4609 cedamus,
556 4545 633 4599 sie
687 4543 1033 4615 Theophanis
1095 4546 1252 4598 verba
1300 4562 1448 4598 num.
1512 4548 1579 4599 14
1624 4548 1787 4600 relata

220 4644 619 4705 consequenter
648 4636 713 4687 ad
751 4636 891 4687 dicta
924 4635 1347 4705 interpretamur
1381 4654 1392 4689 :
1425 4636 1582 4689 Anno
1602 4635 1787 4690 mundi

220 4725 383 4786 6:255,
418 4742 511 4779 seu
548 4726 607 4779 2|
645 4725 965 4795 Cuprotlymi
1026 4726 1251 4797 contigit
1300 4729 1638 4796 martyrium,
1680 4740 1789 4781 non

225 4830 282 4871 ut
314 4817 679 4886 Theophanes
724 4817 932 4881 scribit,
982 4819 1209 4869 Andreae
1257 4815 1513 4886 Calybitae
1568 4820 1619 4869 in
1668 4816 1788 4868 Bla-

221 4910 468 4972 chernis,
506 4909 600 4961 sed
634 4906 778 4961 Petri
809 4908 1065 4978 Calybitze
1092 4910 1143 4961 in
1179 4907 1528 4973 Blachernis;
1563 4920 1615 4962 et
1645 4924 1787 4961 anno

221 5000 411 5053 mundi
450 4998 608 5063 6259,
645 4997 969 5067 (lepronymi
1022 5009 1199 5052 autem
1231 5001 1321 5065 ‘27,
1366 5001 1681 5069 martyrium
1735 5003 1786 5051 in

219 5092 546 5162 quibusdam
590 5091 783 5152 simile,
818 5097 908 5142 sed
939 5090 1205 5143 diversam
1262 5101 1489 5144 mortem
1526 5102 1579 5145 et
1609 5092 1789 5160 sepul-

223 5192 401 5239 turam
434 5196 628 5238 nactus
657 5197 740 5240 est
783 5188 839 5241 5.
869 5188 1136 5247 Andreas.
1168 5188 1254 5256 qni
1287 5204 1312 5240 a
1346 5186 1641 5254 sepultura:
1670 5189 1789 5241 loco

220 5281 397 5333 dictus
434 5286 515 5331 est
546 5277 596 5328 in
622 5278 778 5332 (li-isi.
815 5280 883 5332 De
910 5286 1068 5332 annis
1095 5297 1122 5331 a
1147 5280 1476 5347 Theophane
1504 5279 1788 5349 assignatis

218 5372 542 5441 jamdudum
604 5369 973 5424 Hensehenius
1049 5374 1354 5425 adverterat
1435 5370 1502 5425 ab
1560 5371 1788 5439 imperio

299 5503 408 5566 (ΑΘ)
445 5501 1011 5569 ’l'heOph.(Lhronogr.
1048 5502 1186 5555 Edit.
1216 5500 1409 5569 Bonn.,
1446 5507 1481 5554 ι.
1521 5501 1559 5567 l,
1585 5516 1639 5568 p.
1662 5499 1785 5553 67‘.

300 5574 412 5639 {47)
450 5572 506 5624 In
541 5574 657 5636 ejus
684 5570 819 5633 Vita,
856 5584 892 5625 t.
930 5568 983 5624 ll-
1002 5571 1196 5637 Martii,
1224 5588 1275 5639 ι).
1310 5568 1434 5627 ἓῖυ.
1473 5588 1526 5621 ιι.
1566 5573 1625 5623 t4
1658 5580 1781 5640 etp.

221 5642 347 5697 ⁴217.
388 5653 502 5693 not.
528 5640 580 5692 Ιί.

294 5716 408 5782 (48)
436 5713 718 5782 ιίιιοληοιιη
751 5727 803 5779 p.
840 5713 891 5765 5.

298 5779 412 5853 (49)
443 5780 514 5853 _'l‘.
544 5779 608 5853 lll
640 5782 831 5845 Martii,
857 5797 912 5853 p.
945 5782 1061 5851 viii,
1098 5801 1153 5836 n.
1186 5781 1265 5833 l7.

294 5851 406 5918 (50)
440 5851 601 5915 lbid.,
641 5868 692 5919 p.
732 5868 803 5915 is,
837 5851 892 5905 ii.
924 5854 1003 5904 f8.

287 5924 409 5986 (51)
436 5920 600 5985 lbid.,
627 5938 675 5987 p.
712 5940 745 5977 ι.

1888 2087 1952 2125 ex
2007 2088 2155 2126 more
2188 2072 2524 2134 Graecorum,
2553 2087 2737 2126 mense
2773 2071 3080 2143 Septembri
3130 2075 3255 2127 anni
3301 2076 3462 2146 760

1889 2173 1949 2218 ut
1994 2179 2168 2233 usque
2214 2164 2281 2218 ad
2333 2164 2705 2234 Septembrem
2764 2167 2889 2218 anni
2958 2165 3051 2219 76l
3109 2168 3458 2229 decurreret.

1889 2255 2084 2310 exinde
2134 2256 2413 2323 probabile
2463 2257 2519 2309 fit
2555 2257 2613 2311 S.
2659 2255 2878 2310 Petrum
2923 2258 2988 2311 de
3026 2256 3337 2314 Blachcrnis
3371 2277 3459 2315 oc-

1889 2347 2060 2398 cisum
2099 2358 2221 2397 esse
2256 2345 2342 2399 die
2373 2361 2458 2397 xvi
2495 2346 2613 2398 Maii
2642 2346 2768 2403 dicti
2812 2349 2940 2399 anni
2974 2348 3091 2400 76L
3120 2348 3265 2401 Diem
3308 2351 3456 2404 illum

1888 2438 2033 2491 enim
2101 2439 2341 2507 assignat
2415 2438 2828 2507 antiquissimus
2908 2439 3283 2507 Synaxaristes
3356 2440 3455 2495 Ms.

1888 2545 2047 2600 quem
2076 2527 2484 2597 Papebrochius
2514 2544 2543 2580 a
2579 2528 2849 2581 Chimetio
2912 2538 3098 2582 nostro
3148 2531 3195 2581 in
3236 2532 3463 2601 collegio

1892 2622 2204 2677 Divionensi
2240 2621 2651 2675 exscribendum
2683 2621 2911 2690 accepit.

1960 2717 2048 2770 18.
2088 2720 2279 2769 Annus
2312 2716 2549 2784 martyrii
2598 2719 2654 2770 5.
2715 2717 2949 2770 Andreas
3004 2718 3056 2770 in
3099 2718 3233 2771 Crisi
3285 2717 3457 2784 dupli.

1890 2808 2026 2861 eiler
2058 2806 2262 2874 inquiri
2323 2820 2387 2859 ac
2442 2805 2605 2860 statui
2659 2815 2859 2873 potest.
2900 2806 3110 2860 Primus
3159 2809 3349 2861 modus
3378 2818 3460 2862 est

1889 2900 1989 2954 iste
2045 2916 2058 2951 :
2122 2897 2426 2952 Memorant
2481 2896 2819 2965 Nicephdrus
2878 2899 2990 2965 (54)
3054 2908 3109 2951 et
3173 2900 3459 2967 Theopha-

1891 3008 1989 3045 nes
2020 2992 2132 3061 (55)
2168 2990 2343 3043 varias
2364 2989 2689 3059 Copronymi
2726 2991 3103 3057 eXpeditiones
3142 2990 3462 3060 plerumque

1890 3083 2073 3138 felices
2100 3083 2149 3135 in
2191 3082 2463 3149 Bulgaros,
2493 3092 2546 3135 at
2566 3097 2724 3150 quam
2747 3082 3041 3135 iudieiione
3067 3093 3255 3152 quarta
3279 3100 3465 3140 mense

1873 3175 2146 3229 Januario
2199 3176 2458 3242 suscepit,
2514 3190 2656 3226 anno
2691 3174 2945 3226 nimirum
3003 3176 3123 3239 766,
3156 3177 3346 3230 iisdem
3383 3182 3463 3230 te—

1893 3265 2065 3318 stibus
2116 3262 2487 3317 infelicissima
2538 3262 2676 3327 fuit;
2714 3278 2777 3316 ex
2824 3278 2927 3333 qua
2981 3279 3174 3333 nempe
3231 3267 3461 3335 turpiter

1891 3350 2244 3405 tnenseJuliu
2281 3368 2533 3406 reversus
2558 3362 2663 3417 est,
2715 3368 2777 3405 ac
2808 3353 2989 3407 furore
3024 3356 3255 3423 quodam
3279 3372 3464 3410 corre-

1891 3452 2037 3510 ptus,
2071 3445 2291 3495 saevitiae
2327 3443 2379 3494 in
2419 3444 2714 3497 monachos
2745 3460 2807 3498 ac
2833 3456 3139 3499 sanctarum
3166 3448 3462 3517 imaginum

1891 3535 2125 3588 cultores
2159 3534 2449 3603 tragoedias
2498 3535 2661 3589 edere
2689 3536 2870 3605 erepit.
2917 3536 3113 3590 Eadem
3169 3538 3465 3593 indictione

1886 3627 2253 3696 jnramentum
2286 3625 2352 3678 ab
2384 3626 2641 3679 omnibus
2693 3628 2927 3681 subditis
2958 3630 3205 3697 exegisse
3241 3630 3458 3692 dicitur,

1892 3734 1997 3785 quo
2029 3717 2437 3771 venerationem
2497 3715 2824 3785 imaginibus
2854 3717 2906 3768 in
2949 3729 3225 3785 posterum
3262 3734 3319 3773 se
3354 3733 3460 3772 non

1890 3807 2229 3860 exhibituros
2273 3820 2391 3859 esse
2423 3808 2777 3873 Spondereut.
2817 3807 2983 3861 Porro
3004 3809 3116 3861 hzec
3164 3810 3373 3880 singula
3409 3812 3459 3864 in

1891 3899 2039 3955 Actis
2070 3898 2273 3951 nostris
2309 3898 2552 3966 utrisque
2605 3897 2929 3967 reperimus.
2979 3898 3053 3952 lbi
3109 3900 3210 3952 sub
3246 3916 3391 3953 num.
3430 3905 3463 3956 8

1892 3995 2007 4061 ipse
2058 3990 2433 4059 Copronyinus
2482 3991 2616 4044 dicit
2668 4008 2725 4045 se
2788 3994 3066 4046 decretum
3120 3994 3308 4046 tulisse
3356 4009 3465 4062 quo

1892 4083 2164 4156 plectendi
2205 4092 2352 4147 sunt,
2387 4083 2700 4151 quicunque
2726 4084 2988 4153 imagines
3041 4095 3458 4141 venerarentnr.

1894 4179 2026 4234 Dein
2056 4192 2211 4230 num.
2247 4177 2311 4230 10
2341 4176 2585 4245 arguitur
2614 4191 2641 4229 a
2672 4177 2727 4229 S.
2761 4178 2971 4229 Andrea
3004 4178 3146 4244 quod
3186 4178 3377 4230 bellum
3406 4178 3458 4231 in

1895 4272 2160 4325 Barbaros
2201 4270 2515 4338 ordinisque
2558 4270 2760 4337 politici
2809 4270 3329 4323 administrationem
3362 4285 3456 4323 ne-

1891 4362 2140 4435 glexerit,
2178 4376 2241 4415 ac
2280 4362 2571 4429 superbum
2616 4361 2853 4411 animum
2907 4362 2957 4412 in
3004 4362 3334 4415 Christianos
3368 4363 3461 4415 dc-

1893 4465 2195 4510 monstrare
2257 4452 2525 4507 statuerit.
2578 4452 2843 4505 Praeterea
2880 4466 3031 4504 num.
3062 4450 3093 4503 6
3140 4460 3191 4504 et
3237 4450 3286 4515 7,
3332 4454 3458 4506 dum

1896 4548 1952 4602 5.
1990 4549 2230 4599 Andreas
2287 4547 2521 4613 primum
2580 4560 2758 4599 coram
2825 4543 3153 4609 imperatore
3187 4545 3456 4611 apparuit,

1822 4663 1865 4719 η
1894 4636 2192 4705 permultos
2229 4638 2431 4689 invenit
2462 4635 2746 4703 qumstioni
2797 4634 3088 4703 subjectos,
3140 4634 3323 4688 nervis
3364 4636 3459 4688 bu-

1893 4727 2037 4782 bulis
2058 4740 2249 4787 caesos,
2287 4726 2567 4777 oculorum
2610 4724 2898 4775 ell'ossioue
2929 4726 3215 4785 cruciatos,
3249 4727 3457 4793 aliaque

1893 4818 2087 4872 similia
2119 4831 2324 4885 passos,
2359 4830 2477 4884 qua:
2504 4830 2529 4865 a
2571 4813 2782 4867 duobus
2808 4814 3075 4882 praedictis
3105 4816 3460 4881 seriptoribus

1892 4919 2015 4962 ante
2060 4908 2413 4959 indictionem
2468 4916 2710 4972 quartam
2764 4920 3028 4973 nusquam
3086 4918 3453 4973 recensentur,

1892 5000 1983 5054 sed
2009 5013 2067 5051 ea
2091 4998 2385 5050 iudieiione
2409 4997 2596 5049 iisdem
2618 5010 2754 5065 pene
2806 4996 2985 5049 verbis
3013 4996 3280 5066 descripta
3306 5009 3453 5059 sunt,

1894 5092 1968 5143 liti
1999 5099 2051 5142 et
2082 5089 2339 5156 deinceps
2372 5087 2572 5156 pluries
2605 5086 2734 5155 (56).
2771 5088 2843 5139 Ex
2878 5087 2962 5139 his
2992 5087 3153 5154 igitur
3180 5100 3322 5140 recte
3343 5100 3454 5140 sta-

1894 5187 2093 5238 tuimus
2128 5191 2249 5235 ante
2313 5180 2665 5233 indictionem
2705 5178 2845 5231 illam
2878 5179 2950 5243 id,
2996 5190 3078 5232 est
3104 5190 3226 5233 ante
3255 5192 3456 5233 annum

1895 5277 1993 5330 766
2029 5275 2083 5329 S.
2114 5276 2342 5328 Andrea:
2374 5271 2684 5340 martyrium
2719 5286 2825 5323 non
2852 5271 3161 5340 contigisse.

1963 5369 2047 5423 £9.
2090 5368 2239 5421 Alter
2294 5365 2505 5429 modus,
2553 5381 2658 5431 quo
2703 5365 2937 5432 pressius
2973 5379 3172 5416 annum
3218 5363 3455 5433 martyrii

1962 5501 2071 5570 (52)
2104 5494 2917 5570 TheOphanisChronographia
2936 5511 2995 5547 ex
3032 5494 3347 5550 recensione
3367 5494 3451 5552 Jo.

1891 5568 2151 5627 Classeni.
2188 5568 2384 5621 Bonnae
2413 5568 2569 5620 1839.

1964 5641 2075 5707 (55)
2111 5643 2205 5691 Art
2235 5642 2298 5690 de
2332 5637 2487 5691 vértl'.
2516 5640 2593 5690 les
2614 5638 2785 5699 dates,
2813 5636 2944 5690 édit.
2975 5637 3123 5697 I783,
3156 5646 3193 5689 ι.
3223 5636 3264 5698 1,
3289 5651 3338 5704 p.
3369 5633 3457 5688 66..

1964 5706 2073 5778 (54)
2113 5708 2170 5761 S.
2222 5707 2509 5777 Necphori
2571 5707 2717 5759 l’atr.
2760 5708 2914 5775 Upol.
2967 5706 3299 5770 Breviarum,
3350 5712 3457 5758 etc.

1894 5782 2038 5839 fidit.
2068 5779 2266 5843 Bono,
2289 5793 2341 5846 p.
2367 5779 2429 5831 77
2465 5786 2518 5829 et
2545 5792 2694 5845 seqq.

1962 5850 2073 5919 (55)
2108 5848 2234 5901 Ιλος.
2272 5852 2389 5910 cit.,
2423 5856 2461 5899 ι.
2493 5847 2532 5907 l,
2560 5861 2616 5919 p.
2642 5846 2766 5919 69f.

1966 5916 2076 5991 (56)
2110 5918 2455 5987 'l‘heophan.,
2494 5928 2530 5970 t.
2558 5916 2595 5981 ι,
2636 5932 2688 5985 p.
2724 5916 2824 5971 677
2862 5925 2915 5972 et
2956 5929 3106 5983 seqq.
