4136 6492
719 447 850 509 1095

1994 439 2272 498 MENSIS
2313 434 2676 496 OCTOBER.

3833 429 3968 493 1096

714 557 770 610 S.
809 554 1036 610 Andreae
1064 551 1496 608 determinamus
1530 551 1619 606 hic
1648 561 1732 604 est
1772 567 1784 603 :
1815 547 2179 618 Theophanes
2221 545 2285 597 ad
2315 553 2360 612 Α
2390 541 2786 597 Grammaticus
2838 539 3057 602 Snidas,
3092 540 3309 595 tradunt
3361 539 3423 595 ad
3477 542 3664 597 Divum
3724 541 3968 597 Maman-

714 664 912 703 annum
943 647 1081 701 6.9.59
1109 662 1230 700 tera:
1260 642 1568 703 mundanae,
1600 653 1659 696 ut
1688 643 1890 696 dictum
1926 651 2009 696 ρει
2039 651 2190 692 num.
2224 639 2285 689 lli

714 751 765 796 et
801 741 887 802 l7,
926 740 1243 808 martyrium
1297 732 1352 790 S.
1402 735 1545 789 Petri
1588 735 1781 804 stylitze
1811 749 1936 786 cum
1982 730 2036 785 S.
2070 731 2285 785 Andrea

711 830 1054 892 commutati,
1089 833 1516 891 commemorat;
1551 825 1648 879 sed
1700 824 1764 878 ad
1792 824 2044 878 eumdem
2083 837 2284 874 annum

712 923 871 976 etiam
908 919 1262 974 iiidictiouem
1298 917 1558 988 signavit,
1599 914 1744 984 quod
1802 915 1932 968 satis
1973 913 2287 981 frequenter

711 1015 928 1083 quidem
955 1012 1105 1076 facit,
1135 1027 1240 1064 non
1281 1021 1459 1064 tamen
1511 1008 1734 1076 ubique.
1764 1005 1993 1071 Quando
2023 1018 2202 1057 autem
2237 1001 2288 1055 id

713 1105 860 1159 facit.
896 1105 1087 1174 Pagius
1112 1105 1308 1172 aliique
1342 1102 1645 1173 gravissimi
1698 1102 1995 1171 scriptores
2053 1111 2160 1148 non
2187 1095 2287 1147 du-

715 1197 889 1249 bitant
925 1195 1280 1248 indictioncm
1316 1208 1424 1262 pra:
1465 1207 1571 1246 aera
1599 1192 1940 1246 Antiochena
1978 1185 2286 1249 admittere,

715 1305 817 1355 qua
854 1287 1222 1355 Theophanes
1261 1288 1448 1348 utitur,
1478 1287 1605 1339 licet
1652 1284 1974 1355 profiteatur
2016 1295 2072 1334 se
2125 1292 2286 1332 seram

712 1377 837 1430 Julii
867 1374 1104 1432 Africani
1138 1377 1552 1447 adbibere(57).
1587 1376 1711 1428 Mihi
1742 1385 1918 1428 tamett
1951 1381 2288 1440 compertum

713 1480 796 1525 est
826 1486 986 1522 asram
1013 1471 1300 1538 aliquoties
1332 1480 1474 1523 recte
1502 1468 1753 1539 proferri.
1792 1482 1910 1520 cum
1957 1477 2184 1518 erronea
2210 1460 2289 1513 in-

712 1562 975 1624 dictione,
1015 1563 1247 1631 exempli
1282 1577 1445 1616 causa
1479 1563 1543 1614 ad
1572 1577 1664 1615 an.
1711 1559 1871 1621 69.55,
1901 1567 1958 1611 ut
1985 1571 2046 1611 ex
2079 1554 2289 1623 adjecta

712 1656 935 1725 eclipsis
977 1656 1308 1710 indicatione
1371 1656 1721 1710 manifestum
1770 1663 1872 1708 est.
1902 1653 2059 1705 Patet
2088 1648 2290 1702 nihilo-

714 1747 895 1799 minus
926 1752 1072 1800 recte
1108 1749 1306 1818 egisse,
1337 1749 1426 1814 qui
1462 1747 1788 1800 indictiones
1833 1742 2128 1797 universim
2157 1756 2291 1810 prie-

715 1837 977 1889 tulerunt.
1010 1838 1091 1890 Ad
1146 1837 1289 1891 hunc
1322 1838 1485 1906 igitur
1516 1853 1717 1889 artuum
1755 1833 1894 1887 6239
1925 1832 2290 1900 Timophanes

712 1928 1068 1981 indictionem
1137 1929 1313 1996 signat
1369 1930 1454 1980 his
1505 1926 1687 1979 verbis
1750 1924 1864 1994 (58)
1903 1939 1915 1977 :
1958 1923 2070 1976 Hoc
2126 1936 2291 1985 anno,

713 2019 919 2072 mensis
974 2018 1226 2072 Octobris
1274 2020 1360 2071 die
1406 2027 1582 2084 sexto,
1633 2017 1929 2071 indictione
1988 2026 2135 2070 sexta
2184 2024 2286 2067 etc.

712 2109 912 2164 Verum
947 2113 1060 2165 haec
1096 2112 1317 2164 indictio
1347 2125 1468 2165 cum
1503 2126 1646 2164 anno
1678 2110 1818 2163 6259
1854 2124 1974 2162 tene
2007 2106 2294 2160 mundana:

715 2218 822 2255 non
858 2205 1173 2265 concordat,
1209 2219 1329 2255 cum
1362 2219 1426 2256 ex
1463 2205 1645 2272 regula
1682 2200 1739 2254 S.
1772 2200 1989 2255 Maximi
2019 2199 2292 2269 (59),aera3

715 2295 964 2350 addenda
1008 2298 1077 2349 sit
1114 2296 1315 2356 unitas,
1349 2297 1474 2349 dein
1506 2296 1773 2348 divisione
1801 2293 2047 2347 instituta
2082 2308 2177 2360 per
2203 2290 2288 2356 15,

713 2393 858 2457 quod
915 2387 1182 2456 reliquum
1237 2398 1341 2451 est,
1395 2387 1750 2441 indietiouem
1814 2383 2026 2438 edicere
2074 2383 2287 2437 debeat.

710 2477 880 2531 Porro
910 2480 1008 2532 hac
1032 2478 1288 2533 methodo
1321 2480 1408 2532 hic
1429 2493 1535 2531 non
1564 2493 1680 2540 sex,
1706 2478 1799 2531 sed
1818 2481 2056 2545 quinque
2085 2483 2291 2528 tantum

710 2571 1043 2625 obtinemus.
1083 2572 1446 2626 Nihilominus
1494 2572 1854 2626 indictiouem
1903 2570 1992 2625 hic
2025 2580 2169 2623 recte
2200 2568 2293 2622 ad-

711 2661 901 2723 scribi,
934 2660 1138 2728 duplici
1169 2661 1251 2714 ria
1289 2664 1556 2714 firmatur.
1592 2660 1796 2722 Primo,
1825 2658 1950 2728 quia
2002 2655 2292 2727 Theopha-

711 2763 810 2801 nes
865 2752 930 2802 ad
981 2765 1184 2802 annum
1243 2761 1610 2818 sequentem,
1671 2750 1972 2802 indictione
2021 2747 2286 2815 septima,

709 2840 903 2894 scribit
936 2840 1074 2894 diem
1109 2857 1122 2893 ι
1159 2842 1362 2910 Aprilis
1398 2841 1565 2894 fuisse
1613 2841 1756 2893 diem
1787 2837 2004 2892 Sabbati
2047 2837 2192 2906 (60);
2226 2851 2290 2890 ex

708 2947 818 3000 quo
846 2934 1198 2988 manifestum
1251 2944 1373 2994 est.
1412 2933 1761 2989 indictionem
1813 2933 1957 2987 illam
2002 2934 2289 3000 septimam

709 3033 856 3076 recte
891 3025 1160 3087 adscribi;
1196 3041 1324 3094 ergo
1366 3036 1418 3078 et
1440 3028 1504 3078 ad
1536 3025 1930 3092 praecedentem
1961 3035 2107 3077 recte
2139 3028 2291 3076 sexta

709 3113 980 3181 adscripta
1013 3121 1116 3167 est.
1148 3113 1414 3167 Prwterca
1441 3115 1505 3166 ad
1535 3115 1673 3166 hanc
1698 3113 2053 3166 indictionem
2084 3121 2289 3166 sextam

710 3205 889 3272 signat
925 3203 1291 3272 Theophanes
1331 3219 1533 3257 annum
1561 3206 1798 3273 primum
1825 3203 2085 3273 Stephani
2112 3219 2286 3275 papa);

709 3297 857 3364 atqui
899 3310 1090 3365 reapse
1125 3297 1442 3365 Stephanus
1473 3298 1561 3362 ΙΙΙ,
1601 3299 1702 3352 hac
1749 3299 2073 3362 indictione,
2106 3312 2292 3353 mense

705 3389 950 3456 Augusto
999 3391 1204 3441 electus
1255 3399 1339 3440 est
1378 3389 1513 3456 (Gl).
1561 3391 1651 3440 Sic
1700 3391 1933 3441 stabilita
1995 3389 2294 3441 indictione

708 3493 812 3547 qua
841 3492 1032 3546 passus
1065 3491 1147 3530 est
1179 3478 1234 3530 S.
1269 3479 1514 3530 Andreas
1569 3478 1620 3530 in
1661 3478 1798 3532 (ῥιὶεὶ
1850 3494 1948 3548 pro
1975 3495 2082 3548 quo
2116 3478 2292 3534 Theo—

711 3570 918 3636 phanes
949 3568 1166 3622 Petrum
1203 3571 1267 3622 de
1314 3570 1627 3624 Blachernis
1657 3572 1814 3636 dixit,
1851 3571 2011 3626 facile
2060 3573 2173 3642 ipse
2197 3588 2293 3626 an-

710 3673 814 3711 nus
867 3661 1099 3714 eruitur.
1147 3662 1361 3714 Etenim
1418 3664 1469 3713 in
1528 3665 1674 3714 Actis
1745 3664 1946 3714 nostris
1997 3665 2290 3730 prioribus,

712 3755 1029 3821 martyrium
1081 3754 1372 3820 contigisse
1415 3751 1610 3805 dicitur
1655 3753 1740 3806 die
1801 3770 1866 3805 xx
1918 3753 2183 3818 Octobris,
2225 3770 2288 3808 ex

709 3856 824 3909 quo
854 3843 1028 3911 palam
1069 3841 1126 3894 fit
1159 3843 1287 3895 illud
1325 3857 1468 3896 anno
1500 3844 1598 3896 767
1627 3844 1952 3913 alligendum
1982 3858 2120 3900 esse.

777 3936 866 3990 20.
926 3937 1113 3987 Annus
1146 3936 1384 4003 martyrii
1427 3935 1484 3987 S.
1525 3936 1749 3991 Andreae
1796 3937 1849 3989 in
1880 3936 2018 3992 Crisi
2063 3952 2170 3990 uno
2216 3946 2291 3990 te-

711 4040 846 4081 nore
876 4042 1000 4081 cum
1035 4027 1127 4081 illo
1178 4042 1285 4095 quo
1317 4042 1508 4096 passus
1561 4038 1644 4081 est
1694 4029 1748 4082 S.
1810 4031 2009 4085 Petrus
2065 4031 2131 4082 de
2167 4029 2286 4083 Bla-

717 4117 959 4185 chcrnis,
995 4121 1417 4173 constituendus
1452 4119 1574 4183 fuit,
1608 4121 1729 4174 licet
1775 4121 2036 4174 nonnulla
2069 4121 2135 4174 de
2196 4107 2290 4189 po:-

713 4213 945 4264 steriore
1003 4222 1195 4262 sancto
1254 4211 1478 4264 dicenda
1530 4213 1822 4282 supersint.
1881 4213 2090 4283 Corpus
2146 4214 2285 4281 ejus,

714 4308 1000 4370 postquam
1039 4300 1091 4353 in
1127 4301 1277 4354 circo
1336 4301 1457 4355 Divi
1515 4301 1802 4358 Mamanlis
1844 4303 2021 4375 flagris
2066 4305 2290 4357 interfe-

712 4402 833 4447 ctus
893 4403 996 4457 est,
1048 4395 1443 4462 projiciendnm
1506 4405 1620 4448 erat
1677 4399 1729 4448 in
1773 4395 2031 4450 ﬂuentum
2103 4403 2287 4467 (supra

718 4499 870 4538 num.
912 4485 978 4538 14
1009 4490 1188 4554 seqq.)
1217 4485 1276 4538 ἐν
1308 4486 1383 4556 τῷ
1420 4487 1678 4554 ῥεύματι,
1717 4498 1774 4540 ιιι
1800 4489 2161 4557 Theophanes
2211 4490 2288 4542 lo-

2391 642 2496 686 tem
2537 641 2752 701 pontem
2809 632 2975 687 fuisse
3028 632 3311 686 duodecim
3365 633 3660 686 fornicibus
3709 647 3972 689 constan-

2393 733 2530 786 tem;
2572 725 2752 778 multae
2786 725 2928 778 enim
2983 739 3134 792 aqua:
3175 740 3239 778 eo
3288 723 3614 780 defluebant.
3671 725 3971 796 Theopha-

2391 831 2489 869 nes
2520 817 2705 885 igitur,
2741 833 2861 869 cum
2904 816 2970 871 de
3014 815 3218 870 ﬂuento
3266 818 3626 871 determinari)
3687 822 3969 888 loquatur,

2391 917 2450 961 ut
2479 917 2624 976 patet
2652 923 2714 961 ex
2745 909 2956 978 adjecto
2989 910 3218 963 articulo
3264 909 3361 978 τῷ,
3398 911 3494 964 has
3537 927 3707 980 aquas
3756 919 3822 965 ad
3881 913 3973 966 Di-

2392 1018 2519 1054 vum
2550 1001 2874 1054 Mamantem
2909 1001 3193 1073 designat;
3231 1003 3332 1056 nisi
3390 1004 3529 1058 forte
3567 1005 3751 1059 sinum
3801 1005 3974 1059 Cera-

2396 1092 2594 1158 tinum,
2630 1095 2721 1162 qui
2749 1109 2814 1148 ex
2850 1094 3092 1163 BoSporo
3119 1111 3309 1150 versus
3355 1095 3708 1151 Occidentem
3753 1114 3814 1151 se
3850 1115 3976 1166 por-

2395 1183 2537 1254 rigit,
2575 1185 2808 1240 voluerit
2855 1186 3181 1256 significare.
3241 1187 3317 1240 Ita
3353 1187 3685 1243 intellexisse
3738 1189 3973 1245 Goarius

2393 1278 2624 1342 videtur,
2677 1277 2769 1346 qui
2824 1278 2983 1331 vertit
3023 1277 3286 1331 fluentum
3345 1280 3511 1332 maris
3571 1280 3726 1349 (63):
3782 1299 3970 1334 verum

2394 1367 2573 1437 ῥεῦμα
2620 1367 2686 1421 de
2735 1367 2913 1420 ﬂuviis
2943 1383 3242 1436 eorumque
3268 1369 3466 1435 impetu
3513 1371 3732 1433 dicitur,
3763 1388 3871 1425 non
3908 1373 3973 1426 de

2394 1462 2518 1514 sinu
2549 1462 2747 1525 maris;
2805 1477 2982 1530 neque
3037 1463 3224 1525 etiam,
3262 1464 3306 1518 si
3359 1463 3499 1517 sinui
3557 1464 3821 1518 Ceratino
3873 1467 3973 1520 hoc

2395 1566 2593 1606 nomen
2634 1553 2775 1622 apud
2813 1553 3142 1623 Byzantinos
3199 1559 3492 1626 scriptores
3545 1559 3855 1628 obtigisset,
3923 1559 3972 1613 id

2393 1644 2650 1716 Gyllium,
2692 1647 2956 1716 Cangium
3005 1646 3140 1716 (64),
3196 1648 3440 1717 aliosque
3491 1649 3741 1720 fugisset.
3801 1649 3974 1704 Porro

2393 1736 2552 1791 docet
2589 1736 2820 1806 Gyllius,
2853 1737 3116 1805 templum
3146 1747 3199 1790 et
3229 1738 3436 1791 circum
3490 1739 3604 1791 Divi
3655 1740 3972 1803 Mamantis,

2399 1832 2473 1885 uti
2508 1841 2558 1886 et
2597 1833 2855 1900 palatium
2891 1832 2957 1886 ab
2989 1848 3054 1886 eo
3088 1833 3320 1896 dictum,
3374 1834 3474 1886 sita
3532 1833 3702 1887 fuisse
3743 1834 3800 1886 in
3855 1834 3974 1886 Bla-

2399 1923 2644 1990 chernis,
2698 1935 2850 1977 extra
2916 1939 3102 1978 muros
3159 1924 3393 1979 civitatis
3457 1925 3591 1995 (65).
3657 1926 3976 1979 Blachernae

2397 2018 2542 2068 enim
2576 2015 2782 2067 audivit
2810 2016 2994 2068 omnis
3024 2016 3190 2084 regio,
3225 2031 3345 2083 qna:
3372 2015 3513 2068 inter
3543 2015 3806 2084 angulum
3837 2014 3975 2084 Cpo-

2398 2107 2463 2159 lis
2499 2106 2896 2160 ocCidentalem
2931 2114 2985 2158 et
3046 2107 3224 2158 sinum
3284 2105 3596 2160 Ceratinum
3649 2107 3974 2176 jacet,‘quo

2396 2200 2518 2252 sinu
2547 2199 2738 2252 civitas
2772 2213 2800 2250 a
2848 2197 3239 2267 Septentrione
3295 2197 3598 2263 clauditur;
3661 2199 3754 2253 hic
3813 2200 3972 2252 etiam

2396 2291 2664 2346 decimam
2717 2303 2965 2358 quartam
3021 2289 3202 2359 Cpolis
3270 2290 3543 2359 regionem
3609 2290 3781 2345 fuisse
3832 2291 3973 2344 idem

2395 2383 2598 2454 Gyllitis
2627 2383 2930 2440 constituit.
2973 2383 3047 2438 De
3073 2383 3206 2437 locis
3243 2383 3348 2436 illis
3380 2382 3531 2451 plura
3579 2383 3786 2437 videsis
3835 2384 3975 2452 apud

2395 2473 2831 2543 Papebrochium
2869 2473 2935 2526 ad
2965 2474 3106 2526 diem
3135 2489 3224 2527 xvi
3256 2473 3376 2526 Maii
3427 2472 3537 2540 (66)
3600 2480 3655 2526 et
3716 2473 3772 2526 in
3840 2488 3976 2542 pra-

2397 2567 2545 2621 ciaro
2571 2580 2735 2634 opere
2771 2564 2958 2636 Cangii
3010 2567 3153 2634 quod
3194 2565 3378 2634 Cpolis
3420 2566 3731 2621 Christiana
3784 2565 3977 2618 inscri-

2397 2659 2542 2714 bitttr
2570 2659 2708 2728 (G7).

2460 2749 2548 2802 2L
2588 2749 2900 2816 Emporium
2955 2746 3229 2807 Leucadii,
3263 2745 3317 2797 in
3347 2759 3455 2814 quo
3510 2757 3734 2797 sorores
3784 2742 3845 2796 S.
3876 2741 3974 2796 Pe-

2399 2839 2464 2890 tri
2498 2838 2565 2889 de
2597 2831 2918 2888 Biachernis
2970 2835 3090 2901 ejus
3137 2849 3335 2903 corpus
3393 2833 3750 2902 sepelierunt,
3795 2833 3976 2887 diver-

2399 2945 2518 2982 sum
2552 2941 2658 2981 non
2683 2937 2768 2981 est
2799 2942 2827 2979 a
2862 2927 2980 2981 loco
3019 2942 3180 2996 quem
3218 2928 3504 2998 Dionysius
3541 2927 3880 2998 Byzantinus
3922 2928 3970 2980 in

2393 3020 2606 3090 Anaplo
2633 3019 2858 3089 BOSpori
2896 3019 3015 3089 ((58)
3054 3020 3343 3091 Lycadium
3401 3022 3845 3088 promontorium
3894 3021 3971 3072 di-

2395 3113 2486 3176 cit,
2513 3124 2740 3184 eratque
2775 3116 2828 3168 in
2859 3114 3040 3168 littore
3087 3113 3336 3167 orientali
3389 3111 3639 3180 Bospori,
3697 3127 3808 3163 non
3854 3128 3972 3180 gro-

2395 3207 2481 3261 CUl
2516 3223 2544 3260 a
2575 3206 2896 3279 Chrysopoli
2927 3207 3115 3260 situm.
3145 3204 3371 3256 Constat
3403 3203 3454 3256 id
3487 3203 3684 3258 iterum
3711 3219 3778 3256 ex
3804 3202 3974 3257 Chro-

2399 3303 2540 3354 nicis
2580 3302 2864 3370 Symeonis
2906 3299 3141 3368 Magistri
3173 3296 3305 3367 (09),
3332 3294 3541 3366 Georgii
3570 3297 3830 3351 monachi
3856 3299 3968 3369 (70)

2400 3401 2455 3446 et
2489 3392 2882 3446 continuatoris
2914 3391 3166 3461 anonymi
3197 3389 3544 3460 Tthphanis
3578 3391 3715 3458 (71).
3773 3393 3972 3461 Empo-

2399 3484 2464 3538 rii
2499 3494 2678 3538 autem
2714 3485 2959 3547 nomine,
2993 3483 3132 3552 quod
3159 3483 3292 3536 locis
3318 3483 3380 3535 ad
3415 3496 3560 3534 mare
3593 3481 3713 3534 sitis
3749 3485 3971 3550 potissi-

2397 3591 2544 3629 mum
2577 3575 2740 3626 tribui
2781 3583 2967 3626 notum
2997 3583 3098 3636 est,
3130 3589 3237 3626 non
3268 3573 3559 3641 improprie
3616 3574 3705 3624 hic
3744 3573 3971 3642 insigni-

2404 3676 2515 3720 tur.
2559 3665 2728 3718 Porro
2757 3666 2906 3718 locus
2949 3665 3092 3718 idem
3126 3665 3367 3728 omnino,
3403 3665 3674 3731 siquidem
3710 3667 3778 3718 ad
3821 3682 3970 3719 cum-

2399 3757 2520 3808 deni
2556 3772 2756 3808 annum
2807 3755 3000 3808 similia
3038 3754 3238 3823 tibique
3278 3755 3344 3808 de
3393 3768 3457 3807 eo
3503 3760 3903 3816 memerantur,
3945 3774 3971 3810 a

2404 3846 2675 3916 Symeone
2703 3856 2756 3898 et
2786 3843 3000 3898 Joanne
3027 3843 3256 3914 Scylitza
3306 3843 3616 3900 Leucatiutn
3650 3849 3804 3901 audit
3841 3848 3970 3918 (7‘2).

2394 3954 2424 3992 a
2459 3939 2670 3992 ueteris
2695 3953 2828 3992 vero
2857 3937 3152 4000 Leucates;
3187 3921 3538 4006 quamobrem
3583 3939 3876 3994 manifeste
3906 3942 3969 3995 de

2397 4046 2464 4085 eo
2501 4032 2580 4100 agi
2615 4031 2854 4095 videtur,
2883 4031 2951 4083 ad
2992 4025 3132 4083 diem
3166 4045 3293 4083 χχιιι
3324 4029 3472 4096 Julii,
3508 4031 3597 4086 tibi
3629 4033 3698 4086 de
3730 4033 3791 4087 S.
3819 4036 3968 4088 Anna

2395 4126 2453 4176 ὲν
2491 4123 2568 4191 τῷ
2603 4123 2859 4193 Acumen
2889 4122 3079 4174 Pinius
3130 4133 3314 4176 noster
3375 4125 3594 4178 disserit
3650 4127 3790 4198 (75).
3844 4128 3971 4182 Pro-

2403 4215 2733 4270 montorium
2777 4215 2921 4268 enim
2981 4214 3243 4268 Leucatae
3296 4215 3378 4266 vel
3438 4214 3740 4271 Leneactas
3804 4235 3967 4289 prope

2398 4309 2770 4365 Nicomediam
2802 4309 2857 4362 in
2890 4307 3163 4378 Bithynia,
3191 4315 3245 4361 ut
3270 4316 3462 4364 caetera
3490 4310 3726 4372 mittam,
3756 4314 3966 4384 longius

2403 4419 2432 4456 a
2462 4401 2612 4470 Cpoli
2643 4401 2892 4454 dissitum
2923 4393 3045 4464 fuit,
3075 4413 3234 4468 quam
3284 4408 3340 4453 ut
3380 4400 3506 4454 illuc
3562 4399 3620 4455 S.
3689 4403 3848 4458 Anna
3903 4409 3963 4459 ad

2399 4495 2782 4561 imperatorem
2819 4491 3079 4544 Basilium
3125 4492 3493 4556 Macedonem,
3539 4509 3568 4547 a
3610 4511 3721 4564 quo
3771 4499 3964 4553 dicitur

718 4577 926 4642 quitur,
956 4579 1049 4628 sed
1082 4578 1202 4644 ejus
1230 4592 1443 4631 sorores
1473 4578 1647 4645 ipsum
1697 4581 2006 4645 citet-entes,
2054 4581 2108 4634 in
2146 4580 2285 4634 Len-
2321 4593 2363 4647 D
2399 4584 2450 4638 in
2489 4597 2743 4650 sponsam
2780 4583 3142 4651 expostulata,
3171 4597 3228 4636 se
3255 4583 3549 4640 conferret.
3580 4584 3752 4641 Nobis
3787 4599 3959 4644 autem

713 4670 883 4723 cadiae
919 4677 1163 4739 emporio
1194 4672 1486 4740 sepulturae
1525 4673 1877 4729 mandarunt.
1910 4673 2076 4737 Quale
2120 4674 2284 4729 fuerit

714 4764 864 4817 istud
919 4762 1210 4826 fluentum,
1271 4765 1427 4818 facile
1478 4766 1746 4835 colligitur
1801 4782 1865 4818 ex
1911 4767 2282 4835 TopOgraphia

709 4854 996 4922 Cpolitatta
1050 4857 1194 4911 Petri
1231 4855 1414 4927 Gyllii,
1446 4860 1587 4927 apud
1619 4873 1776 4928 quem
1835 4859 1927 4913 lib.
1978 4875 2024 4911 tv
2076 4875 2193 4928 cap.
2229 4876 2278 4911 γι

717 4951 828 5003 lucc
853 4951 1104 5018 leguntur
1138 4950 1247 5019 (62)
1287 4967 1300 5002 :
1339 4949 1456 5003 Non
1494 4951 1732 5004 historici
1788 4951 1966 5011 modo,
2001 4950 2094 5003 sed
2118 4951 2277 5004 etiam

782 5087 894 5154 (57)
933 5087 1208 5151 Petavius,
1245 5089 1314 5140 De
1348 5088 1594 5144 doctrina
1634 5098 1958 5157 temporum,
1989 5086 2066 5141 Ad
2095 5093 2282 5142 aucta-

709 5155 874 5228 riutn,
909 5168 1039 5228 etc.,
1074 5159 1166 5210 lib.
1214 5174 1330 5220 \‘ltl,
1358 5177 1478 5228 cap.
1516 5178 1527 5212 ι
1573 5170 1624 5212 et
1659 5155 1756 5222 ιν,ξ
1804 5168 1841 5210 l.
1888 5159 1970 5222 ΙΙΙ,
2001 5175 2052 5225 ρ.
2099 5158 2197 5213 153
2233 5170 2282 5214 et

713 5226 796 5279 15.
831 5228 972 5280 Edil.
1006 5227 1302 5295 Audwerp.
1334 5226 1792 5296 (Amstelodant.).

779 5297 892 5368 (ss)
926 5297 1204 5368 Theoph.,
1230 5300 1333 5368 ioc.
1364 5309 1482 5362 Ctt.,
1514 5301 1713 5368 p.681.

777 5365 891 5437 (59)
920 5367 1194 5437 Pygelawus,
1233 5367 1334 5420 loc.
1369 5371 1486 5434 cit.,
1516 5365 1636 5437 Cap.
1675 5387 1722 5429 γ,

779 5435 892 5508 (60)
926 5436 1206 5508 _'l'henph.,
1241 5437 1342 5492 loc.
1377 5440 1497 5501 cit.,
1530 5435 1593 5508 p.‘
1619 5440 1741 5492 686.

779 5507 891 5577 (61)
923 5505 1190 5560 Baronius
1212 5520 1264 5560 et
1295 5508 1507 5577 i’agius,
1532 5505 1598 5562 ad
1633 5527 1718 5563 an.
1749 5513 1874 5576 7.68,
1917 5524 2064 5566 num.
2100 5515 2144 5566 l.

707 5576 897 5698 ﬂgiti?)
928 5577 1166 5632 Uronovi
1202 5576 1471 5648 Antiquit.
1499 5578 1694 5642 Graec”
1738 5594 1775 5636 ι.
1805 5586 1889 5647 Vt,
1929 5585 2032 5637 col.
2069 5584 2206 5638 5525
2236 5583 2304 5636 ct'

780 5647 869 5701 50.

782 5715 901 5785 (G5)
931 5715 1163 5789 TheOph
1198 5758 1212 5783 ,
1249 5719 1353 5774 loc.
1384 5721 1503 5785 cit.,
1529 5736 1583 5788 p.
1618 5721 1743 5777 667.

778 5789 887 5865 (ﬁli)
924 5788 1037 5865 @fr.
1078 5788 1625 5865 taniciiﬁlossarium
1654 5793 1896 5849 Graecum
1926 5796 1986 5848 \'°
2019 5793 2216 5865 ῥεῦμα.

781 5861 892 5925 ιῦδ)
933 5858 990 5912 L.
1024 5877 1098 5927 c.,
1131 5863 1236 5917 col.
1266 5863 1401 5916 532?.
1431 5871 1485 5914 et
1518 5877 1665 5932 seqq.

1760 5388 1814 5440 p.
1861 5372 1983 5425 161.

2395 4691 2502 4731 ιιοιι
2539 4676 2728 4730 inutile
2772 4676 2942 4728 visum
2971 4685 3073 4739 est,
3101 4675 3261 4729 situm
3295 4676 3531 4746 Emporii
3587 4679 3755 4741 illius,
3815 4685 3962 4754 cujus

2401 4772 2721 4838 frequenter
2751 4767 3027 4839 Byzantini
3053 4768 3347 4837 scriptores
3377 4769 3699 4836 meminere,
3746 4772 3836 4828 hic
3872 4791 3959 4828 ae-

2397 4869 2585 4913 curate
2621 4858 2918 4926 assignare.
2952 4858 3214 4912 Addimus
3255 4857 3449 4923 solum,
3485 4859 3537 4914 itt
3587 4873 3854 4931 quantum
3900 4881 3957 4918 ex

2390 4951 2586 5022 Oyllio,
2620 4950 2826 5020 Cangio
2851 4959 2905 5003 et
2934 4950 3150 5004 erudito
3177 4951 3484 5020 geographo
3517 4952 3805 5010 Hammcrs
3829 4958 3953 5028 (ιι),

2461 5088 2570 5159 (66)
2603 5087 2665 5159 Τ.
2702 5085 2764 5140 ιιι
2796 5085 2939 5147 Maii,
2971 5101 3023 5159 ρζ
3066 5085 3190 5159 625.

2458 5156 2573 5228 (67)
2608 5158 2839 5231 Ιλὶὶιηιν,
2876 5172 2928 5225 p.
2959 5156 3047 5220 83,
3084 5173 3141 5210 ιι.
3168 5156 3221 5220 6,
3251 5164 3305 5209 et
3352 5173 3404 5227 p.
3443 5157 3563 5226 174,
3597 5175 3652 5214 ιι.
3691 5161 3763 5228 3;
3790 5163 3883 5219 lib.
3919 5183 3953 5231 ι,

2855 5292 3116 5362 Gronov.,
3164 5296 3271 5351 loc.
3319 5298 3439 5363 cit.,
3486 5298 3590 5353 col.
3643 5301 3782 5359 5201
3834 5307 3866 5362 (1
3907 5319 3954 5362 et

2392 5371 2530 5430 5205
2563 5373 2616 5424 d.

2467 5444 2578 5508 (69)
2611 5438 2712 5494 Ed.
2745 5438 2943 5500 Bonn.,
2969 5453 3023 5508 p.
3049 5437 3172 5491 721.

2464 5512 2573 5579 (70)
2611 5510 2923 5570 Ed.Bonn.,
2957 5526 3011 5578 p.
3049 5508 3173 5562 877.

2463 5583 2572 5652 (7i)
2743 5582 2941 5642 Bonn.,
2975 5596 3025 5649 p.
3059 5579 3189 5652 584.

2468 5650 2578 5725 (72⁷)
2610 5651 2848 5720 Caugius
2878 5653 2928 5702 in
2965 5651 3107 5702 notis
3136 5650 3200 5703 ad
3235 5651 3426 5710 Zonar.
3475 5655 3583 5711 Ed.
3607 5657 3785 5715 Paris.
3819 5670 3855 5714 t.
3890 5661 3948 5725 ll,

2396 5724 2665 5863 p197E231".
2702 5793 2741 5847 v
2768 5791 2917 5853 Julii,
2946 5806 2995 5857 ρ.
3026 5792 3147 5846 486.

2465 5868 2576 5934 (7t)
2618 5864 2919 5927 Hammcrs,
2943 5863 3146 5932 Cpolis.
3178 5865 3355 5921 Pesth.
3399 5867 3556 5933 l82i’,
3592 5885 3642 5939 p.
3675 5874 3802 5931 298.
