  <div class='ocr_page' id='page_1' title='image "/cluster/home/n/w/nwhite01/storage/ocr_20150623/115/uva.x004215515/602.png"; bbox 0 0 4136 6520; ppageno 0'>
   <div class='ocr_carea' id='block_1_1' title="bbox 193 457 325 522">
    <p class='ocr_par' dir='ltr' id='par_1_1' title="bbox 193 457 325 522">
     <span class='ocr_line' id='line_1_1' title="bbox 193 457 325 522; baseline -0.03 0"><span class='ocrx_word' id='word_1_1' title='bbox 193 458 208 522; x_wconf 82' lang='grc'><strong>1</strong></span> <span class='ocrx_word' id='word_1_2' title='bbox 224 457 325 519; x_wconf 81' lang='lat'><strong>097</strong></span> 
     </span>
    </p>
   </div>
   <div class='ocr_carea' id='block_1_2' title="bbox 1273 443 2298 506">
    <p class='ocr_par' dir='ltr' id='par_1_2' title="bbox 1273 443 2298 506">
     <span class='ocr_line' id='line_1_2' title="bbox 1273 443 2298 506; baseline -0.006 0"><span class='ocrx_word' id='word_1_3' title='bbox 1273 446 1449 506; x_wconf 72' lang='lat' dir='ltr'><strong>VITA</strong></span> <span class='ocrx_word' id='word_1_4' title='bbox 1495 444 1554 503; x_wconf 87' lang='lat' dir='ltr'><strong>S.</strong></span> <span class='ocrx_word' id='word_1_5' title='bbox 1587 443 1916 504; x_wconf 64' lang='lat' dir='ltr'><strong>ANDREIE</strong></span> <span class='ocrx_word' id='word_1_6' title='bbox 1954 444 2030 502; x_wconf 73' lang='grc' dir='ltr'><strong>ΙΝ</strong></span> <span class='ocrx_word' id='word_1_7' title='bbox 2073 443 2298 502; x_wconf 75' lang='lat' dir='ltr'><strong>CRJSI.</strong></span> 
     </span>
    </p>
   </div>
   <div class='ocr_carea' id='block_1_3' title="bbox 3291 441 3426 506">
    <p class='ocr_par' dir='ltr' id='par_1_3' title="bbox 3291 441 3426 506">
     <span class='ocr_line' id='line_1_3' title="bbox 3291 441 3426 506; baseline -0.015 0"><span class='ocrx_word' id='word_1_8' title='bbox 3291 441 3426 506; x_wconf 83' lang='lat'><strong>1098</strong></span> 
     </span>
    </p>
   </div>
   <div class='ocr_carea' id='block_1_4' title="bbox 187 554 3427 635">
    <p class='ocr_par' dir='ltr' id='par_1_4' title="bbox 187 554 3427 635">
     <span class='ocr_line' id='line_1_4' title="bbox 187 554 3427 635; baseline -0.001 -16"><span class='ocrx_word' id='word_1_9' title='bbox 187 583 300 620; x_wconf 89' lang='lat' dir='ltr'><strong>rem</strong></span> <span class='ocrx_word' id='word_1_10' title='bbox 337 567 550 634; x_wconf 91' lang='lat' dir='ltr'><strong>assequi</strong></span> <span class='ocrx_word' id='word_1_11' title='bbox 591 564 886 635; x_wconf 74' lang='lat' dir='ltr'><strong>potuimus,</strong></span> <span class='ocrx_word' id='word_1_12' title='bbox 918 559 1298 615; x_wconf 80' lang='lat' dir='ltr'><strong>collocandum</strong></span> <span class='ocrx_word' id='word_1_13' title='bbox 1359 561 1490 614; x_wconf 89' lang='lat' dir='ltr'><strong>illud</strong></span> <span class='ocrx_word' id='word_1_14' title='bbox 1539 575 1659 617; x_wconf 89' lang='lat' dir='ltr'><strong>esse</strong></span> <span class='ocrx_word' id='word_1_15' title='bbox 1703 561 1754 613; x_wconf 92' lang='lat' dir='ltr'><strong>in</strong></span> <span class='ocrx_word' id='word_1_16' title='bbox 1785 566 1831 620; x_wconf 80' lang='grc' dir='ltr'><strong>Α</strong></span> <span class='ocrx_word' id='word_1_17' title='bbox 1859 559 2006 624; x_wconf 82' lang='lat' dir='ltr'><strong>Julii,</strong></span> <span class='ocrx_word' id='word_1_18' title='bbox 2042 576 2208 621; x_wconf 88' lang='lat' dir='ltr'><strong>anno,</strong></span> <span class='ocrx_word' id='word_1_19' title='bbox 2247 569 2305 614; x_wconf 89' lang='lat' dir='ltr'><strong>ut</strong></span> <span class='ocrx_word' id='word_1_20' title='bbox 2345 558 2579 621; x_wconf 83' lang='lat' dir='ltr'><strong>videtur,</strong></span> <span class='ocrx_word' id='word_1_21' title='bbox 2610 554 2732 612; x_wconf 80' lang='lat' dir='ltr'><strong>77L</strong></span> <span class='ocrx_word' id='word_1_22' title='bbox 2771 557 2989 627; x_wconf 75' lang='lat' dir='ltr'><strong>Reliqua</strong></span> <span class='ocrx_word' id='word_1_23' title='bbox 3038 573 3157 626; x_wconf 82' lang='lat' dir='ltr'><strong>quae</strong></span> <span class='ocrx_word' id='word_1_24' title='bbox 3195 559 3262 614; x_wconf 90' lang='lat' dir='ltr'><strong>ad</strong></span> <span class='ocrx_word' id='word_1_25' title='bbox 3304 573 3427 616; x_wconf 85' lang='lat' dir='ltr'><strong>eum</strong></span> 
     </span>
    </p>
   </div>
   <div class='ocr_carea' id='block_1_5' title="bbox 189 652 1759 724">
    <p class='ocr_par' dir='ltr' id='par_1_5' title="bbox 189 652 1759 724">
     <span class='ocr_line' id='line_1_5' title="bbox 189 652 1759 724; baseline -0.003 -15"><span class='ocrx_word' id='word_1_26' title='bbox 189 657 308 710; x_wconf 87' lang='lat' dir='ltr'><strong>loco</strong></span> <span class='ocrx_word' id='word_1_27' title='bbox 348 657 438 724; x_wconf 83' lang='lat' dir='ltr'><strong>qui</strong></span> <span class='ocrx_word' id='word_1_28' title='bbox 513 657 671 711; x_wconf 92' lang='lat' dir='ltr'><strong>hodie</strong></span> <span class='ocrx_word' id='word_1_29' title='bbox 735 653 973 709; x_wconf 77' lang='lat' dir='ltr'><strong>Keurlus</strong></span> <span class='ocrx_word' id='word_1_30' title='bbox 1029 653 1251 716; x_wconf 85' lang='lat' dir='ltr'><strong>dicitur,</strong></span> <span class='ocrx_word' id='word_1_31' title='bbox 1315 653 1564 721; x_wconf 80' lang='lat' dir='ltr'><strong>iacetque</strong></span> <span class='ocrx_word' id='word_1_32' title='bbox 1619 652 1759 704; x_wconf 88' lang='lat' dir='ltr'><strong>inter</strong></span> 
     </span>
    </p>
   </div>
   <div class='ocr_carea' id='block_1_6' title="bbox 188 741 1760 808">
    <p class='ocr_par' dir='ltr' id='par_1_6' title="bbox 188 741 1760 808">
     <span class='ocr_line' id='line_1_6' title="bbox 188 741 1760 808; baseline -0.003 -9"><span class='ocrx_word' id='word_1_33' title='bbox 188 745 513 799; x_wconf 78' lang='lat' dir='ltr'><strong>Kandlische</strong></span> <span class='ocrx_word' id='word_1_34' title='bbox 549 757 601 799; x_wconf 91' lang='lat' dir='ltr'><strong>et</strong></span> <span class='ocrx_word' id='word_1_35' title='bbox 635 745 871 808; x_wconf 89' lang='lat' dir='ltr'><strong>Anatoli,</strong></span> <span class='ocrx_word' id='word_1_36' title='bbox 935 744 1220 797; x_wconf 79' lang='lat' dir='ltr'><strong>etduabus</strong></span> <span class='ocrx_word' id='word_1_37' title='bbox 1272 741 1388 796; x_wconf 78' lang='lat' dir='ltr'><strong>fere</strong></span> <span class='ocrx_word' id='word_1_38' title='bbox 1447 741 1616 800; x_wconf 83' lang='lat' dir='ltr'><strong>leucis</strong></span> <span class='ocrx_word' id='word_1_39' title='bbox 1663 743 1760 794; x_wconf 89' lang='lat' dir='ltr'><strong>ho-</strong></span> 
     </span>
    </p>
   </div>
   <div class='ocr_carea' id='block_1_7' title="bbox 191 833 1334 904">
    <p class='ocr_par' dir='ltr' id='par_1_7' title="bbox 191 833 1334 904">
     <span class='ocr_line' id='line_1_7' title="bbox 191 833 1334 904; baseline -0.002 -16"><span class='ocrx_word' id='word_1_40' title='bbox 191 836 351 888; x_wconf 86' lang='lat' dir='ltr'><strong>rariis</strong></span> <span class='ocrx_word' id='word_1_41' title='bbox 387 846 537 889; x_wconf 84' lang='lat' dir='ltr'><strong>trans</strong></span> <span class='ocrx_word' id='word_1_42' title='bbox 569 835 868 904; x_wconf 83' lang='lat' dir='ltr'><strong>Bosporum</strong></span> <span class='ocrx_word' id='word_1_43' title='bbox 902 850 929 888; x_wconf 94' lang='lat' dir='ltr'><strong>a</strong></span> <span class='ocrx_word' id='word_1_44' title='bbox 962 833 1114 902; x_wconf 86' lang='lat' dir='ltr'><strong>Cpoli</strong></span> <span class='ocrx_word' id='word_1_45' title='bbox 1151 833 1334 886; x_wconf 82' lang='lat' dir='ltr'><strong>distat.</strong></span> 
     </span>
    </p>
   </div>
   <div class='ocr_carea' id='block_1_8' title="bbox 262 917 1762 988">
    <p class='ocr_par' dir='ltr' id='par_1_8' title="bbox 262 917 1762 988">
     <span class='ocr_line' id='line_1_8' title="bbox 262 917 1762 988; baseline -0.002 -15"><span class='ocrx_word' id='word_1_46' title='bbox 262 920 351 974; x_wconf 88' lang='grc'><strong>22.</strong></span> <span class='ocrx_word' id='word_1_47' title='bbox 386 920 460 974; x_wconf 88' lang='lat' dir='ltr'><strong>De</strong></span> <span class='ocrx_word' id='word_1_48' title='bbox 519 921 576 975; x_wconf 91' lang='lat' dir='ltr'><strong>S.</strong></span> <span class='ocrx_word' id='word_1_49' title='bbox 631 921 834 975; x_wconf 83' lang='lat' dir='ltr'><strong>Joanne</strong></span> <span class='ocrx_word' id='word_1_50' title='bbox 886 919 1136 988; x_wconf 64' lang='lat' dir='ltr'><strong>praefecto</strong></span> <span class='ocrx_word' id='word_1_51' title='bbox 1195 917 1514 972; x_wconf 80' lang='lat' dir='ltr'><strong>monasterii</strong></span> <span class='ocrx_word' id='word_1_52' title='bbox 1577 919 1762 972; x_wconf 79' lang='lat' dir='ltr'><strong>Mona-</strong></span> 
     </span>
    </p>
   </div>
   <div class='ocr_carea' id='block_1_9' title="bbox 187 1007 1760 1080">
    <p class='ocr_par' dir='ltr' id='par_1_9' title="bbox 187 1007 1760 1080">
     <span class='ocr_line' id='line_1_9' title="bbox 187 1007 1760 1080; baseline -0.001 -18"><span class='ocrx_word' id='word_1_53' title='bbox 187 1011 336 1080; x_wconf 72' lang='lat' dir='ltr'><strong>griae,</strong></span> <span class='ocrx_word' id='word_1_54' title='bbox 374 1015 466 1079; x_wconf 87' lang='lat' dir='ltr'><strong>qui</strong></span> <span class='ocrx_word' id='word_1_55' title='bbox 503 1022 746 1080; x_wconf 89' lang='lat' dir='ltr'><strong>tempore</strong></span> <span class='ocrx_word' id='word_1_56' title='bbox 789 1009 1180 1079; x_wconf 76' lang='lat' dir='ltr'><strong>persecutionis</strong></span> <span class='ocrx_word' id='word_1_57' title='bbox 1227 1007 1676 1077; x_wconf 64' lang='lat' dir='ltr'><strong>Copronymianae</strong></span> <span class='ocrx_word' id='word_1_58' title='bbox 1707 1009 1760 1060; x_wconf 93' lang='lat' dir='ltr'><strong>in</strong></span> 
     </span>
    </p>
   </div>
   <div class='ocr_carea' id='block_1_10' title="bbox 187 1100 1763 1166">
    <p class='ocr_par' dir='ltr' id='par_1_10' title="bbox 187 1100 1763 1166">
     <span class='ocr_line' id='line_1_10' title="bbox 187 1100 1763 1166; baseline -0.003 -12"><span class='ocrx_word' id='word_1_59' title='bbox 187 1116 344 1155; x_wconf 91' lang='lat' dir='ltr'><strong>sacco</strong></span> <span class='ocrx_word' id='word_1_60' title='bbox 381 1101 644 1164; x_wconf 89' lang='lat' dir='ltr'><strong>inclusus,</strong></span> <span class='ocrx_word' id='word_1_61' title='bbox 686 1103 737 1154; x_wconf 91' lang='lat' dir='ltr'><strong>in</strong></span> <span class='ocrx_word' id='word_1_62' title='bbox 775 1116 919 1154; x_wconf 88' lang='lat' dir='ltr'><strong>mare</strong></span> <span class='ocrx_word' id='word_1_63' title='bbox 964 1100 1248 1152; x_wconf 89' lang='lat' dir='ltr'><strong>demersus</strong></span> <span class='ocrx_word' id='word_1_64' title='bbox 1295 1109 1398 1162; x_wconf 90' lang='lat' dir='ltr'><strong>est,</strong></span> <span class='ocrx_word' id='word_1_65' title='bbox 1445 1115 1614 1166; x_wconf 80' lang='lat' dir='ltr'><strong>pauca</strong></span> <span class='ocrx_word' id='word_1_66' title='bbox 1671 1101 1763 1151; x_wconf 86' lang='lat' dir='ltr'><strong>lia-</strong></span> 
     </span>
    </p>
   </div>
   <div class='ocr_carea' id='block_1_11' title="bbox 188 1190 1762 1259">
    <p class='ocr_par' dir='ltr' id='par_1_11' title="bbox 188 1190 1762 1259">
     <span class='ocr_line' id='line_1_11' title="bbox 188 1190 1762 1259; baseline -0.001 -15"><span class='ocrx_word' id='word_1_67' title='bbox 188 1191 278 1246; x_wconf 91' lang='lat' dir='ltr'><strong>bet</strong></span> <span class='ocrx_word' id='word_1_68' title='bbox 304 1193 368 1246; x_wconf 89' lang='lat' dir='ltr'><strong>ad</strong></span> <span class='ocrx_word' id='word_1_69' title='bbox 402 1194 546 1246; x_wconf 89' lang='lat' dir='ltr'><strong>diem</strong></span> <span class='ocrx_word' id='word_1_70' title='bbox 573 1210 634 1246; x_wconf 69' lang='lat' dir='ltr'><strong>iv</strong></span> <span class='ocrx_word' id='word_1_71' title='bbox 663 1191 805 1246; x_wconf 87' lang='lat' dir='ltr'><strong>Junii</strong></span> <span class='ocrx_word' id='word_1_72' title='bbox 853 1191 1232 1244; x_wconf 86' lang='lat' dir='ltr'><strong>Henschenius</strong></span> <span class='ocrx_word' id='word_1_73' title='bbox 1283 1199 1470 1242; x_wconf 86' lang='lat' dir='ltr'><strong>noster</strong></span> <span class='ocrx_word' id='word_1_74' title='bbox 1502 1190 1632 1259; x_wconf 70' lang='lat'><strong>(75&#39;),</strong></span> <span class='ocrx_word' id='word_1_75' title='bbox 1674 1205 1762 1243; x_wconf 87' lang='lat' dir='ltr'><strong>ea-</strong></span> 
     </span>
    </p>
   </div>
   <div class='ocr_carea' id='block_1_12' title="bbox 186 1280 1763 1351">
    <p class='ocr_par' dir='ltr' id='par_1_12' title="bbox 186 1280 1763 1351">
     <span class='ocr_line' id='line_1_12' title="bbox 186 1280 1763 1351; baseline -0.001 -17"><span class='ocrx_word' id='word_1_76' title='bbox 186 1297 289 1351; x_wconf 85' lang='lat' dir='ltr'><strong>que</strong></span> <span class='ocrx_word' id='word_1_77' title='bbox 321 1285 517 1339; x_wconf 82' lang='lat' dir='ltr'><strong>iterum</strong></span> <span class='ocrx_word' id='word_1_78' title='bbox 550 1300 613 1337; x_wconf 82' lang='lat' dir='ltr'><strong>ex</strong></span> <span class='ocrx_word' id='word_1_79' title='bbox 650 1282 959 1350; x_wconf 75' lang='lat' dir='ltr'><strong>Synaxariis</strong></span> <span class='ocrx_word' id='word_1_80' title='bbox 999 1297 1028 1334; x_wconf 94' lang='lat' dir='ltr'><strong>a</strong></span> <span class='ocrx_word' id='word_1_81' title='bbox 1078 1280 1349 1334; x_wconf 83' lang='lat' dir='ltr'><strong>ChtlIletio</strong></span> <span class='ocrx_word' id='word_1_82' title='bbox 1385 1281 1620 1347; x_wconf 74' lang='lat' dir='ltr'><strong>acceptis</strong></span> <span class='ocrx_word' id='word_1_83' title='bbox 1667 1281 1763 1334; x_wconf 77' lang='lat' dir='ltr'><strong>de—</strong></span> 
     </span>
    </p>
   </div>
   <div class='ocr_carea' id='block_1_13' title="bbox 189 1369 1765 1442">
    <p class='ocr_par' dir='ltr' id='par_1_13' title="bbox 189 1369 1765 1442">
     <span class='ocr_line' id='line_1_13' title="bbox 189 1369 1765 1442; baseline 0 -16"><span class='ocrx_word' id='word_1_84' title='bbox 189 1375 408 1442; x_wconf 90' lang='lat' dir='ltr'><strong>promit.</strong></span> <span class='ocrx_word' id='word_1_85' title='bbox 444 1373 708 1428; x_wconf 83' lang='lat' dir='ltr'><strong>Joannem</strong></span> <span class='ocrx_word' id='word_1_86' title='bbox 743 1373 887 1427; x_wconf 90' lang='lat' dir='ltr'><strong>hunc</strong></span> <span class='ocrx_word' id='word_1_87' title='bbox 923 1374 994 1425; x_wconf 92' lang='lat' dir='ltr'><strong>ita</strong></span> <span class='ocrx_word' id='word_1_88' title='bbox 1041 1373 1278 1426; x_wconf 89' lang='lat' dir='ltr'><strong>celebrat</strong></span> <span class='ocrx_word' id='word_1_89' title='bbox 1337 1369 1396 1425; x_wconf 90' lang='lat' dir='ltr'><strong>S.</strong></span> <span class='ocrx_word' id='word_1_90' title='bbox 1453 1371 1765 1440; x_wconf 89' lang='lat' dir='ltr'><strong>Stephanus</strong></span> 
     </span>
    </p>
   </div>
   <div class='ocr_carea' id='block_1_14' title="bbox 187 1461 1764 1534">
    <p class='ocr_par' dir='ltr' id='par_1_14' title="bbox 187 1461 1764 1534">
     <span class='ocr_line' id='line_1_14' title="bbox 187 1461 1764 1534; baseline 0 -18"><span class='ocrx_word' id='word_1_91' title='bbox 187 1464 240 1516; x_wconf 93' lang='lat' dir='ltr'><strong>in</strong></span> <span class='ocrx_word' id='word_1_92' title='bbox 275 1480 497 1519; x_wconf 82' lang='lat' dir='ltr'><strong>carcere</strong></span> <span class='ocrx_word' id='word_1_93' title='bbox 532 1466 794 1533; x_wconf 71' lang='lat' dir='ltr'><strong>praetorii,</strong></span> <span class='ocrx_word' id='word_1_94' title='bbox 832 1476 1118 1534; x_wconf 86' lang='lat' dir='ltr'><strong>postquam</strong></span> <span class='ocrx_word' id='word_1_95' title='bbox 1152 1465 1214 1518; x_wconf 88' lang='lat' dir='ltr'><strong>de</strong></span> <span class='ocrx_word' id='word_1_96' title='bbox 1250 1463 1309 1517; x_wconf 97' lang='grc'><strong>8.</strong></span> <span class='ocrx_word' id='word_1_97' title='bbox 1351 1463 1513 1517; x_wconf 82' lang='lat' dir='ltr'><strong>Petro</strong></span> <span class='ocrx_word' id='word_1_98' title='bbox 1539 1465 1604 1517; x_wconf 89' lang='lat' dir='ltr'><strong>de</strong></span> <span class='ocrx_word' id='word_1_99' title='bbox 1645 1461 1764 1516; x_wconf 88' lang='lat' dir='ltr'><strong>Bla-</strong></span> 
     </span>
    </p>
   </div>
   <div class='ocr_carea' id='block_1_15' title="bbox 184 1554 1762 1625">
    <p class='ocr_par' dir='ltr' id='par_1_15' title="bbox 184 1554 1762 1625">
     <span class='ocr_line' id='line_1_15' title="bbox 184 1554 1762 1625; baseline 0 -17"><span class='ocrx_word' id='word_1_100' title='bbox 184 1557 406 1608; x_wconf 85' lang='lat' dir='ltr'><strong>chernis</strong></span> <span class='ocrx_word' id='word_1_101' title='bbox 443 1554 607 1609; x_wconf 84' lang='lat' dir='ltr'><strong>verba</strong></span> <span class='ocrx_word' id='word_1_102' title='bbox 647 1556 851 1610; x_wconf 80' lang='lat' dir='ltr'><strong>fecerat</strong></span> <span class='ocrx_word' id='word_1_103' title='bbox 891 1574 902 1609; x_wconf 93' lang='lat'><strong>:</strong></span> <span class='ocrx_word' id='word_1_104' title='bbox 941 1556 1218 1610; x_wconf 88' lang='lat' dir='ltr'><strong>Imitemur</strong></span> <span class='ocrx_word' id='word_1_105' title='bbox 1263 1565 1318 1609; x_wconf 91' lang='lat' dir='ltr'><strong>et</strong></span> <span class='ocrx_word' id='word_1_106' title='bbox 1367 1555 1458 1625; x_wconf 89' lang='lat' dir='ltr'><strong>qui</strong></span> <span class='ocrx_word' id='word_1_107' title='bbox 1489 1571 1609 1609; x_wconf 93' lang='lat' dir='ltr'><strong>eum</strong></span> <span class='ocrx_word' id='word_1_108' title='bbox 1639 1559 1762 1622; x_wconf 79' lang='lat' dir='ltr'><strong>(Pe-</strong></span> 
     </span>
    </p>
   </div>
   <div class='ocr_carea' id='block_1_16' title="bbox 186 1641 1764 1708">
    <p class='ocr_par' dir='ltr' id='par_1_16' title="bbox 186 1641 1764 1708">
     <span class='ocr_line' id='line_1_16' title="bbox 186 1641 1764 1708; baseline 0.002 -17"><span class='ocrx_word' id='word_1_109' title='bbox 186 1649 348 1708; x_wconf 88' lang='lat' dir='ltr'><strong>trum)</strong></span> <span class='ocrx_word' id='word_1_110' title='bbox 394 1653 614 1696; x_wconf 84' lang='lat' dir='ltr'><strong>secutus</strong></span> <span class='ocrx_word' id='word_1_111' title='bbox 640 1652 742 1705; x_wconf 88' lang='lat' dir='ltr'><strong>est,</strong></span> <span class='ocrx_word' id='word_1_112' title='bbox 779 1642 1043 1696; x_wconf 88' lang='lat' dir='ltr'><strong>Joannem</strong></span> <span class='ocrx_word' id='word_1_113' title='bbox 1075 1644 1316 1696; x_wconf 86' lang='lat' dir='ltr'><strong>divinum</strong></span> <span class='ocrx_word' id='word_1_114' title='bbox 1360 1643 1514 1695; x_wconf 89' lang='lat' dir='ltr'><strong>illum</strong></span> <span class='ocrx_word' id='word_1_115' title='bbox 1562 1641 1764 1695; x_wconf 62' lang='lat' dir='ltr'><strong>amoeni</strong></span> 
     </span>
    </p>
   </div>
   <div class='ocr_carea' id='block_1_17' title="bbox 186 1732 1764 1801">
    <p class='ocr_par' dir='ltr' id='par_1_17' title="bbox 186 1732 1764 1801">
     <span class='ocr_line' id='line_1_17' title="bbox 186 1732 1764 1801; baseline 0.001 -18"><span class='ocrx_word' id='word_1_116' title='bbox 186 1734 506 1784; x_wconf 78' lang='lat' dir='ltr'><strong>monasterii</strong></span> <span class='ocrx_word' id='word_1_117' title='bbox 557 1732 844 1801; x_wconf 71' lang='lat' dir='ltr'><strong>Monagriae</strong></span> <span class='ocrx_word' id='word_1_118' title='bbox 896 1733 1230 1800; x_wconf 66' lang='lat' dir='ltr'><strong>praelectum,</strong></span> <span class='ocrx_word' id='word_1_119' title='bbox 1282 1745 1442 1798; x_wconf 85' lang='lat' dir='ltr'><strong>quem</strong></span> <span class='ocrx_word' id='word_1_120' title='bbox 1503 1739 1764 1800; x_wconf 78' lang='lat' dir='ltr'><strong>tyrannus</strong></span> 
     </span>
    </p>
   </div>
   <div class='ocr_carea' id='block_1_18' title="bbox 185 1821 1758 1891">
    <p class='ocr_par' dir='ltr' id='par_1_18' title="bbox 185 1821 1758 1891">
     <span class='ocr_line' id='line_1_18' title="bbox 185 1821 1758 1891; baseline 0.001 -18"><span class='ocrx_word' id='word_1_121' title='bbox 185 1823 483 1890; x_wconf 82' lang='lat' dir='ltr'><strong>imperator</strong></span> <span class='ocrx_word' id='word_1_122' title='bbox 515 1822 927 1891; x_wconf 78' lang='lat' dir='ltr'><strong>(Copronymus)</strong></span> <span class='ocrx_word' id='word_1_123' title='bbox 969 1821 1248 1890; x_wconf 86' lang='lat' dir='ltr'><strong>tyrannice</strong></span> <span class='ocrx_word' id='word_1_124' title='bbox 1281 1822 1758 1889; x_wconf 89' lang='lat' dir='ltr'><strong>comprehensum,</strong></span> 
     </span>
    </p>
   </div>
   <div class='ocr_carea' id='block_1_19' title="bbox 1865 650 3436 722">
    <p class='ocr_par' dir='ltr' id='par_1_19' title="bbox 1865 650 3436 722">
     <span class='ocr_line' id='line_1_19' title="bbox 1865 650 3436 722; baseline 0.001 -17"><span class='ocrx_word' id='word_1_125' title='bbox 1865 661 2137 722; x_wconf 85' lang='lat' dir='ltr'><strong>spectant,</strong></span> <span class='ocrx_word' id='word_1_126' title='bbox 2174 652 2227 705; x_wconf 91' lang='lat' dir='ltr'><strong>in</strong></span> <span class='ocrx_word' id='word_1_127' title='bbox 2261 651 2410 705; x_wconf 84' lang='lat' dir='ltr'><strong>Actis</strong></span> <span class='ocrx_word' id='word_1_128' title='bbox 2449 652 2651 704; x_wconf 79' lang='lat' dir='ltr'><strong>nostris</strong></span> <span class='ocrx_word' id='word_1_129' title='bbox 2692 650 2757 704; x_wconf 92' lang='lat' dir='ltr'><strong>ad</strong></span> <span class='ocrx_word' id='word_1_130' title='bbox 2789 650 2992 704; x_wconf 90' lang='lat' dir='ltr'><strong>dictum</strong></span> <span class='ocrx_word' id='word_1_131' title='bbox 3024 651 3163 705; x_wconf 91' lang='lat' dir='ltr'><strong>diem</strong></span> <span class='ocrx_word' id='word_1_132' title='bbox 3188 668 3436 721; x_wconf 68' lang='lat' dir='ltr'><strong>quaeran-</strong></span> 
     </span>
    </p>
   </div>
   <div class='ocr_carea' id='block_1_20' title="bbox 1867 739 3433 813">
    <p class='ocr_par' dir='ltr' id='par_1_20' title="bbox 1867 739 3433 813">
     <span class='ocr_line' id='line_1_20' title="bbox 1867 739 3433 813; baseline 0.001 -18"><span class='ocrx_word' id='word_1_133' title='bbox 1867 752 1975 795; x_wconf 92' lang='lat' dir='ltr'><strong>tur.</strong></span> <span class='ocrx_word' id='word_1_134' title='bbox 2004 739 2115 794; x_wconf 84' lang='lat' dir='ltr'><strong>Nos</strong></span> <span class='ocrx_word' id='word_1_135' title='bbox 2141 741 2228 794; x_wconf 91' lang='lat' dir='ltr'><strong>hic</strong></span> <span class='ocrx_word' id='word_1_136' title='bbox 2260 740 2432 793; x_wconf 90' lang='lat' dir='ltr'><strong>solum</strong></span> <span class='ocrx_word' id='word_1_137' title='bbox 2463 755 2490 792; x_wconf 92' lang='lat' dir='ltr'><strong>a</strong></span> <span class='ocrx_word' id='word_1_138' title='bbox 2521 740 2684 794; x_wconf 87' lang='lat' dir='ltr'><strong>Paulo</strong></span> <span class='ocrx_word' id='word_1_139' title='bbox 2710 756 2771 792; x_wconf 80' lang='lat' dir='ltr'><strong>ex</strong></span> <span class='ocrx_word' id='word_1_140' title='bbox 2818 741 2998 804; x_wconf 85' lang='lat' dir='ltr'><strong>Creta,</strong></span> <span class='ocrx_word' id='word_1_141' title='bbox 3034 742 3098 795; x_wconf 90' lang='lat' dir='ltr'><strong>de</strong></span> <span class='ocrx_word' id='word_1_142' title='bbox 3123 755 3230 811; x_wconf 92' lang='lat' dir='ltr'><strong>quo</strong></span> <span class='ocrx_word' id='word_1_143' title='bbox 3272 758 3433 813; x_wconf 89' lang='lat' dir='ltr'><strong>supra</strong></span> 
     </span>
    </p>
   </div>
   <div class='ocr_carea' id='block_1_21' title="bbox 1866 830 3432 901">
    <p class='ocr_par' dir='ltr' id='par_1_21' title="bbox 1866 830 3432 901">
     <span class='ocr_line' id='line_1_21' title="bbox 1866 830 3432 901; baseline 0.003 -17"><span class='ocrx_word' id='word_1_144' title='bbox 1866 846 2022 884; x_wconf 91' lang='lat' dir='ltr'><strong>num.</strong></span> <span class='ocrx_word' id='word_1_145' title='bbox 2063 830 2120 883; x_wconf 85' lang='grc'><strong>11</strong></span> <span class='ocrx_word' id='word_1_146' title='bbox 2165 841 2218 884; x_wconf 92' lang='lat' dir='ltr'><strong>et</strong></span> <span class='ocrx_word' id='word_1_147' title='bbox 2280 846 2460 900; x_wconf 87' lang='lat' dir='ltr'><strong>seqq.,</strong></span> <span class='ocrx_word' id='word_1_148' title='bbox 2516 846 2640 884; x_wconf 87' lang='lat' dir='ltr'><strong>eum</strong></span> <span class='ocrx_word' id='word_1_149' title='bbox 2679 831 3018 901; x_wconf 80' lang='lat' dir='ltr'><strong>distinguere</strong></span> <span class='ocrx_word' id='word_1_150' title='bbox 3074 832 3432 899; x_wconf 83' lang='lat' dir='ltr'><strong>intendimus,</strong></span> 
     </span>
    </p>
   </div>
   <div class='ocr_carea' id='block_1_22' title="bbox 1867 917 3434 990">
    <p class='ocr_par' dir='ltr' id='par_1_22' title="bbox 1867 917 3434 990">
     <span class='ocr_line' id='line_1_22' title="bbox 1867 917 3434 990; baseline 0.003 -18"><span class='ocrx_word' id='word_1_151' title='bbox 1867 918 1994 972; x_wconf 89' lang='lat' dir='ltr'><strong>dein</strong></span> <span class='ocrx_word' id='word_1_152' title='bbox 2030 917 2232 985; x_wconf 85' lang='lat' dir='ltr'><strong>aliquid</strong></span> <span class='ocrx_word' id='word_1_153' title='bbox 2254 917 2320 971; x_wconf 91' lang='lat' dir='ltr'><strong>de</strong></span> <span class='ocrx_word' id='word_1_154' title='bbox 2345 933 2488 971; x_wconf 88' lang='lat' dir='ltr'><strong>anno</strong></span> <span class='ocrx_word' id='word_1_155' title='bbox 2523 920 2760 988; x_wconf 86' lang='lat' dir='ltr'><strong>martyrii</strong></span> <span class='ocrx_word' id='word_1_156' title='bbox 2796 921 3139 975; x_wconf 87' lang='lat' dir='ltr'><strong>emendatius</strong></span> <span class='ocrx_word' id='word_1_157' title='bbox 3167 923 3434 990; x_wconf 84' lang='lat' dir='ltr'><strong>proferre.</strong></span> 
     </span>
    </p>
   </div>
   <div class='ocr_carea' id='block_1_23' title="bbox 1869 1007 3435 1082">
    <p class='ocr_par' dir='ltr' id='par_1_23' title="bbox 1869 1007 3435 1082">
     <span class='ocr_line' id='line_1_23' title="bbox 1869 1007 3435 1082; baseline 0.004 -20"><span class='ocrx_word' id='word_1_158' title='bbox 1869 1007 2134 1063; x_wconf 81' lang='lat' dir='ltr'><strong>Refertur</strong></span> <span class='ocrx_word' id='word_1_159' title='bbox 2169 1011 2220 1062; x_wconf 91' lang='lat' dir='ltr'><strong>in</strong></span> <span class='ocrx_word' id='word_1_160' title='bbox 2247 1011 2395 1064; x_wconf 85' lang='lat' dir='ltr'><strong>Actis</strong></span> <span class='ocrx_word' id='word_1_161' title='bbox 2421 1012 2560 1080; x_wconf 83' lang='lat' dir='ltr'><strong>ejus,</strong></span> <span class='ocrx_word' id='word_1_162' title='bbox 2606 1013 2706 1066; x_wconf 86' lang='grc'><strong>122</strong></span> <span class='ocrx_word' id='word_1_163' title='bbox 2739 1015 2896 1066; x_wconf 87' lang='lat' dir='ltr'><strong>annis</strong></span> <span class='ocrx_word' id='word_1_164' title='bbox 2942 1023 3064 1082; x_wconf 92' lang='lat' dir='ltr'><strong>post</strong></span> <span class='ocrx_word' id='word_1_165' title='bbox 3104 1015 3435 1082; x_wconf 89' lang='lat' dir='ltr'><strong>passionem,</strong></span> 
     </span>
    </p>
   </div>
   <div class='ocr_carea' id='block_1_24' title="bbox 1871 1100 3438 1173">
    <p class='ocr_par' dir='ltr' id='par_1_24' title="bbox 1871 1100 3438 1173">
     <span class='ocr_line' id='line_1_24' title="bbox 1871 1100 3438 1173; baseline 0.002 -17"><span class='ocrx_word' id='word_1_166' title='bbox 1871 1101 2204 1156; x_wconf 86' lang='lat' dir='ltr'><strong>revelatione</strong></span> <span class='ocrx_word' id='word_1_167' title='bbox 2234 1100 2372 1155; x_wconf 80' lang='lat' dir='ltr'><strong>facta</strong></span> <span class='ocrx_word' id='word_1_168' title='bbox 2409 1103 2648 1156; x_wconf 81' lang='lat' dir='ltr'><strong>Antonio</strong></span> <span class='ocrx_word' id='word_1_169' title='bbox 2703 1103 2917 1157; x_wconf 77' lang='lat' dir='ltr'><strong>Cauleae</strong></span> <span class='ocrx_word' id='word_1_170' title='bbox 2957 1103 3272 1173; x_wconf 69' lang='lat' dir='ltr'><strong>patriarchae</strong></span> <span class='ocrx_word' id='word_1_171' title='bbox 3299 1103 3438 1173; x_wconf 90' lang='lat' dir='ltr'><strong>Cpo-</strong></span> 
     </span>
    </p>
   </div>
   <div class='ocr_carea' id='block_1_25' title="bbox 1867 1193 3438 1265">
    <p class='ocr_par' dir='ltr' id='par_1_25' title="bbox 1867 1193 3438 1265">
     <span class='ocr_line' id='line_1_25' title="bbox 1867 1193 3438 1265; baseline 0.002 -19"><span class='ocrx_word' id='word_1_172' title='bbox 1867 1193 2208 1262; x_wconf 75' lang='lat' dir='ltr'><strong>litano,ejus</strong></span> <span class='ocrx_word' id='word_1_173' title='bbox 2261 1209 2471 1248; x_wconf 91' lang='lat' dir='ltr'><strong>sacrum</strong></span> <span class='ocrx_word' id='word_1_174' title='bbox 2530 1209 2730 1263; x_wconf 84' lang='lat' dir='ltr'><strong>corpus</strong></span> <span class='ocrx_word' id='word_1_175' title='bbox 2791 1195 3104 1248; x_wconf 73' lang='lat' dir='ltr'><strong>honoriﬁcee</strong></span> <span class='ocrx_word' id='word_1_176' title='bbox 3149 1196 3438 1265; x_wconf 74' lang='lat' dir='ltr'><strong>sepulturae</strong></span> 
     </span>
    </p>
   </div>
   <div class='ocr_carea' id='block_1_26' title="bbox 1867 1285 3438 1354">
    <p class='ocr_par' dir='ltr' id='par_1_26' title="bbox 1867 1285 3438 1354">
     <span class='ocr_line' id='line_1_26' title="bbox 1867 1285 3438 1354; baseline 0.003 -17"><span class='ocrx_word' id='word_1_177' title='bbox 1867 1285 2022 1352; x_wconf 91' lang='lat' dir='ltr'><strong>Cpoli</strong></span> <span class='ocrx_word' id='word_1_178' title='bbox 2061 1285 2112 1338; x_wconf 93' lang='lat' dir='ltr'><strong>in</strong></span> <span class='ocrx_word' id='word_1_179' title='bbox 2144 1287 2472 1339; x_wconf 89' lang='lat' dir='ltr'><strong>monasterio</strong></span> <span class='ocrx_word' id='word_1_180' title='bbox 2497 1285 2735 1354; x_wconf 71' lang='lat' dir='ltr'><strong>Caiumae</strong></span> <span class='ocrx_word' id='word_1_181' title='bbox 2772 1286 3026 1339; x_wconf 88' lang='lat' dir='ltr'><strong>traditum</strong></span> <span class='ocrx_word' id='word_1_182' title='bbox 3078 1286 3264 1350; x_wconf 80' lang='lat' dir='ltr'><strong>fuisse,</strong></span> <span class='ocrx_word' id='word_1_183' title='bbox 3295 1287 3438 1342; x_wconf 87' lang='lat' dir='ltr'><strong>unde</strong></span> 
     </span>
    </p>
   </div>
   <div class='ocr_carea' id='block_1_27' title="bbox 1868 1374 3439 1447">
    <p class='ocr_par' dir='ltr' id='par_1_27' title="bbox 1868 1374 3439 1447">
     <span class='ocr_line' id='line_1_27' title="bbox 1868 1374 3439 1447; baseline 0.003 -19"><span class='ocrx_word' id='word_1_184' title='bbox 1868 1375 1999 1428; x_wconf 88' lang='lat' dir='ltr'><strong>illud</strong></span> <span class='ocrx_word' id='word_1_185' title='bbox 2040 1374 2231 1430; x_wconf 83' lang='lat' dir='ltr'><strong>Veneti</strong></span> <span class='ocrx_word' id='word_1_186' title='bbox 2272 1392 2417 1430; x_wconf 92' lang='lat' dir='ltr'><strong>anno</strong></span> <span class='ocrx_word' id='word_1_187' title='bbox 2454 1376 2592 1429; x_wconf 85' lang='grc'>1222</span> <span class='ocrx_word' id='word_1_188' title='bbox 2622 1389 2952 1446; x_wconf 90' lang='lat' dir='ltr'><strong>acceperunt</strong></span> <span class='ocrx_word' id='word_1_189' title='bbox 2996 1386 3050 1430; x_wconf 90' lang='lat' dir='ltr'><strong>et</strong></span> <span class='ocrx_word' id='word_1_190' title='bbox 3096 1378 3236 1432; x_wconf 77' lang='lat' dir='ltr'><strong>forte</strong></span> <span class='ocrx_word' id='word_1_191' title='bbox 3265 1393 3439 1447; x_wconf 90' lang='lat' dir='ltr'><strong>usque</strong></span> 
     </span>
    </p>
   </div>
   <div class='ocr_carea' id='block_1_28' title="bbox 1869 1467 3440 1524">
    <p class='ocr_par' dir='ltr' id='par_1_28' title="bbox 1869 1467 3440 1524">
     <span class='ocr_line' id='line_1_28' title="bbox 1869 1467 3440 1524; baseline 0.002 -3"><span class='ocrx_word' id='word_1_192' title='bbox 1869 1467 1925 1521; x_wconf 89' lang='lat' dir='ltr'><strong>in</strong></span> <span class='ocrx_word' id='word_1_193' title='bbox 1959 1468 2280 1522; x_wconf 87' lang='lat' dir='ltr'><strong>hodiernam</strong></span> <span class='ocrx_word' id='word_1_194' title='bbox 2320 1469 2458 1521; x_wconf 84' lang='lat' dir='ltr'><strong>diem</strong></span> <span class='ocrx_word' id='word_1_195' title='bbox 2523 1478 2825 1522; x_wconf 88' lang='lat' dir='ltr'><strong>asservant.</strong></span> <span class='ocrx_word' id='word_1_196' title='bbox 2872 1469 3306 1524; x_wconf 89' lang='lat' dir='ltr'><strong>Demonstratum</strong></span> <span class='ocrx_word' id='word_1_197' title='bbox 3357 1479 3440 1524; x_wconf 85' lang='lat' dir='ltr'><strong>est</strong></span> 
     </span>
    </p>
   </div>
   <div class='ocr_carea' id='block_1_29' title="bbox 1869 1559 3436 1616">
    <p class='ocr_par' dir='ltr' id='par_1_29' title="bbox 1869 1559 3436 1616">
     <span class='ocr_line' id='line_1_29' title="bbox 1869 1559 3436 1616; baseline 0.003 -4"><span class='ocrx_word' id='word_1_198' title='bbox 1869 1569 2052 1614; x_wconf 89' lang='lat' dir='ltr'><strong>autem</strong></span> <span class='ocrx_word' id='word_1_199' title='bbox 2104 1562 2187 1616; x_wconf 21' lang='lat' dir='ltr'><strong>ab,</strong></span> <span class='ocrx_word' id='word_1_200' title='bbox 2238 1559 2584 1615; x_wconf 87' lang='lat' dir='ltr'><strong>llenschenio</strong></span> <span class='ocrx_word' id='word_1_201' title='bbox 2657 1561 2949 1614; x_wconf 86' lang='lat' dir='ltr'><strong>Antonium</strong></span> <span class='ocrx_word' id='word_1_202' title='bbox 3013 1560 3265 1615; x_wconf 87' lang='lat' dir='ltr'><strong>Cauleam</strong></span> <span class='ocrx_word' id='word_1_203' title='bbox 3327 1577 3436 1616; x_wconf 92' lang='lat' dir='ltr'><strong>non</strong></span> 
     </span>
    </p>
   </div>
   <div class='ocr_carea' id='block_1_30' title="bbox 1867 1652 3439 1717">
    <p class='ocr_par' dir='ltr' id='par_1_30' title="bbox 1867 1652 3439 1717">
     <span class='ocr_line' id='line_1_30' title="bbox 1867 1652 3439 1717; baseline 0.001 -12"><span class='ocrx_word' id='word_1_204' title='bbox 1867 1667 2015 1706; x_wconf 91' lang='lat' dir='ltr'><strong>anno</strong></span> <span class='ocrx_word' id='word_1_205' title='bbox 2055 1653 2180 1717; x_wconf 90' lang='lat'><strong>888,</strong></span> <span class='ocrx_word' id='word_1_206' title='bbox 2232 1664 2290 1706; x_wconf 93' lang='lat' dir='ltr'><strong>ut</strong></span> <span class='ocrx_word' id='word_1_207' title='bbox 2347 1664 2505 1710; x_wconf 83' lang='lat' dir='ltr'><strong>antea</strong></span> <span class='ocrx_word' id='word_1_208' title='bbox 2562 1653 2904 1713; x_wconf 81' lang='lat' dir='ltr'><strong>credebatur,</strong></span> <span class='ocrx_word' id='word_1_209' title='bbox 2939 1652 3034 1706; x_wconf 89' lang='lat' dir='ltr'><strong>sed</strong></span> <span class='ocrx_word' id='word_1_210' title='bbox 3095 1652 3197 1705; x_wconf 78' lang='lat'><strong>893</strong></span> <span class='ocrx_word' id='word_1_211' title='bbox 3246 1653 3439 1707; x_wconf 86' lang='lat' dir='ltr'><strong>sedere</strong></span> 
     </span>
    </p>
   </div>
   <div class='ocr_carea' id='block_1_31' title="bbox 1867 1743 3440 1813">
    <p class='ocr_par' dir='ltr' id='par_1_31' title="bbox 1867 1743 3440 1813">
     <span class='ocr_line' id='line_1_31' title="bbox 1867 1743 3440 1813; baseline 0.002 -18"><span class='ocrx_word' id='word_1_212' title='bbox 1867 1744 2099 1811; x_wconf 70' lang='lat' dir='ltr'><strong>coepisse</strong></span> <span class='ocrx_word' id='word_1_213' title='bbox 2139 1744 2289 1813; x_wconf 81' lang='lat' dir='ltr'><strong>(Si);</strong></span> <span class='ocrx_word' id='word_1_214' title='bbox 2324 1760 2388 1798; x_wconf 86' lang='lat' dir='ltr'><strong>ex</strong></span> <span class='ocrx_word' id='word_1_215' title='bbox 2434 1760 2542 1812; x_wconf 93' lang='lat' dir='ltr'><strong>quo</strong></span> <span class='ocrx_word' id='word_1_216' title='bbox 2591 1759 2840 1805; x_wconf 84' lang='lat' dir='ltr'><strong>numero,</strong></span> <span class='ocrx_word' id='word_1_217' title='bbox 2897 1744 2940 1796; x_wconf 91' lang='lat' dir='ltr'><strong>si</strong></span> <span class='ocrx_word' id='word_1_218' title='bbox 2997 1743 3099 1798; x_wconf 87' lang='grc'><strong>122</strong></span> <span class='ocrx_word' id='word_1_219' title='bbox 3153 1745 3440 1800; x_wconf 88' lang='lat' dir='ltr'><strong>demantur</strong></span> 
     </span>
    </p>
   </div>
   <div class='ocr_carea' id='block_1_32' title="bbox 1867 1833 3437 1891">
    <p class='ocr_par' dir='ltr' id='par_1_32' title="bbox 1867 1833 3437 1891">
     <span class='ocr_line' id='line_1_32' title="bbox 1867 1833 3437 1891; baseline 0.002 -3"><span class='ocrx_word' id='word_1_220' title='bbox 1867 1835 2070 1889; x_wconf 85' lang='lat' dir='ltr'><strong>residui</strong></span> <span class='ocrx_word' id='word_1_221' title='bbox 2111 1845 2272 1889; x_wconf 91' lang='lat' dir='ltr'><strong>erunt</strong></span> <span class='ocrx_word' id='word_1_222' title='bbox 2325 1836 2447 1888; x_wconf 88' lang='lat' dir='ltr'><strong>77l.</strong></span> <span class='ocrx_word' id='word_1_223' title='bbox 2501 1833 2702 1888; x_wconf 76' lang='lat' dir='ltr'><strong>Verum</strong></span> <span class='ocrx_word' id='word_1_224' title='bbox 2772 1834 2962 1889; x_wconf 81' lang='lat' dir='ltr'><strong>Piuius</strong></span> <span class='ocrx_word' id='word_1_225' title='bbox 3045 1838 3437 1891; x_wconf 85' lang='lat' dir='ltr'><strong>correctionem</strong></span> 
     </span>
    </p>
   </div>
   <div class='ocr_carea' id='block_1_33' title="bbox 185 1899 3435 1999">
    <p class='ocr_par' dir='ltr' id='par_1_33' title="bbox 185 1899 3435 1999">
     <span class='ocr_line' id='line_1_33' title="bbox 185 1899 3435 1999; baseline 0.002 -21"><span class='ocrx_word' id='word_1_226' title='bbox 185 1912 328 1978; x_wconf 72' lang='grc' dir='ltr'><strong>(Ιυοιί</strong></span> <span class='ocrx_word' id='word_1_227' title='bbox 397 1910 600 1965; x_wconf 56' lang='lat' dir='ltr'><strong>Christi</strong></span> <span class='ocrx_word' id='word_1_228' title='bbox 665 1912 890 1978; x_wconf 64' lang='grc' dir='ltr'><strong>εἱυδιιυθ</strong></span> <span class='ocrx_word' id='word_1_229' title='bbox 945 1909 1130 1962; x_wconf 54' lang='lat' dir='ltr'><strong>“aliis</strong></span> <span class='ocrx_word' id='word_1_230' title='bbox 1191 1911 1483 1979; x_wconf 68' lang='lat' dir='ltr'><strong>imaginem</strong></span> <span class='ocrx_word' id='word_1_231' title='bbox 1532 1911 1759 1979; x_wconf 63' lang='lat' dir='ltr'><strong>Pedibus</strong></span> <span class='ocrx_word' id='word_1_232' title='bbox 1799 1899 1840 1954; x_wconf 76' lang='grc' dir='ltr'><strong><em>Β</em></strong></span> <span class='ocrx_word' id='word_1_233' title='bbox 1872 1928 2204 1982; x_wconf 84' lang='lat' dir='ltr'><strong>Henschenii</strong></span> <span class='ocrx_word' id='word_1_234' title='bbox 2252 1944 2412 1998; x_wconf 88' lang='lat' dir='ltr'><strong>quam</strong></span> <span class='ocrx_word' id='word_1_235' title='bbox 2449 1928 2644 1998; x_wconf 82' lang='lat' dir='ltr'><strong>Pagius</strong></span> <span class='ocrx_word' id='word_1_236' title='bbox 2708 1927 2906 1997; x_wconf 89' lang='lat' dir='ltr'><strong>aliique</strong></span> <span class='ocrx_word' id='word_1_237' title='bbox 2955 1943 3146 1983; x_wconf 89' lang='lat' dir='ltr'><strong>omnes</strong></span> <span class='ocrx_word' id='word_1_238' title='bbox 3203 1931 3435 1999; x_wconf 74' lang='lat' dir='ltr'><strong>amplexi</strong></span> 
     </span>
    </p>
   </div>
   <div class='ocr_carea' id='block_1_34' title="bbox 184 2000 1759 2070">
    <p class='ocr_par' dir='ltr' id='par_1_34' title="bbox 184 2000 1759 2070">
     <span class='ocr_line' id='line_1_34' title="bbox 184 2000 1759 2070; baseline -0.001 -16"><span class='ocrx_word' id='word_1_239' title='bbox 184 2003 504 2054; x_wconf 84' lang='lat' dir='ltr'><strong>conculcare</strong></span> <span class='ocrx_word' id='word_1_240' title='bbox 539 2010 817 2062; x_wconf 86' lang='lat' dir='ltr'><strong>renuerat,</strong></span> <span class='ocrx_word' id='word_1_241' title='bbox 894 2015 1055 2055; x_wconf 88' lang='lat' dir='ltr'><strong>sacco</strong></span> <span class='ocrx_word' id='word_1_242' title='bbox 1099 2000 1340 2064; x_wconf 85' lang='lat' dir='ltr'><strong>inclusit,</strong></span> <span class='ocrx_word' id='word_1_243' title='bbox 1397 2016 1631 2070; x_wconf 89' lang='lat' dir='ltr'><strong>eumque</strong></span> <span class='ocrx_word' id='word_1_244' title='bbox 1692 2001 1759 2054; x_wconf 89' lang='lat' dir='ltr'><strong>ad</strong></span> 
     </span>
    </p>
   </div>
   <div class='ocr_carea' id='block_1_35' title="bbox 184 2090 1759 2162">
    <p class='ocr_par' dir='ltr' id='par_1_35' title="bbox 184 2090 1759 2162">
     <span class='ocr_line' id='line_1_35' title="bbox 184 2090 1759 2162; baseline 0.003 -21"><span class='ocrx_word' id='word_1_245' title='bbox 184 2090 460 2159; x_wconf 76' lang='lat' dir='ltr'><strong>ingentem</strong></span> <span class='ocrx_word' id='word_1_246' title='bbox 521 2092 758 2161; x_wconf 82' lang='lat' dir='ltr'><strong>lapidem</strong></span> <span class='ocrx_word' id='word_1_247' title='bbox 820 2093 1095 2159; x_wconf 77' lang='lat' dir='ltr'><strong>alligatum</strong></span> <span class='ocrx_word' id='word_1_248' title='bbox 1145 2093 1198 2146; x_wconf 92' lang='lat' dir='ltr'><strong>in</strong></span> <span class='ocrx_word' id='word_1_249' title='bbox 1267 2092 1537 2162; x_wconf 79' lang='lat' dir='ltr'><strong>profundo</strong></span> <span class='ocrx_word' id='word_1_250' title='bbox 1595 2093 1759 2146; x_wconf 90' lang='lat' dir='ltr'><strong>maris</strong></span> 
     </span>
    </p>
   </div>
   <div class='ocr_carea' id='block_1_36' title="bbox 183 2182 1759 2254">
    <p class='ocr_par' dir='ltr' id='par_1_36' title="bbox 183 2182 1759 2254">
     <span class='ocr_line' id='line_1_36' title="bbox 183 2182 1759 2254; baseline 0.003 -22"><span class='ocrx_word' id='word_1_251' title='bbox 183 2182 521 2249; x_wconf 65' lang='lat' dir='ltr'><strong>prtel&#39;ocavit.</strong></span> <span class='ocrx_word' id='word_1_252' title='bbox 561 2183 699 2248; x_wconf 87' lang='lat' dir='ltr'><strong>Quid</strong></span> <span class='ocrx_word' id='word_1_253' title='bbox 753 2183 1064 2254; x_wconf 86' lang='lat' dir='ltr'><strong>hujusmodi</strong></span> <span class='ocrx_word' id='word_1_254' title='bbox 1116 2193 1291 2237; x_wconf 88' lang='lat' dir='ltr'><strong>morte</strong></span> <span class='ocrx_word' id='word_1_255' title='bbox 1337 2184 1628 2237; x_wconf 88' lang='lat' dir='ltr'><strong>acerbius?</strong></span> <span class='ocrx_word' id='word_1_256' title='bbox 1660 2182 1759 2237; x_wconf 89' lang='lat' dir='ltr'><strong>Ve—</strong></span> 
     </span>
    </p>
   </div>
   <div class='ocr_carea' id='block_1_37' title="bbox 185 2273 1754 2344">
    <p class='ocr_par' dir='ltr' id='par_1_37' title="bbox 185 2273 1754 2344">
     <span class='ocr_line' id='line_1_37' title="bbox 185 2273 1754 2344; baseline 0.003 -22"><span class='ocrx_word' id='word_1_257' title='bbox 185 2284 329 2334; x_wconf 91' lang='lat' dir='ltr'><strong>rum,</strong></span> <span class='ocrx_word' id='word_1_258' title='bbox 373 2287 438 2326; x_wconf 90' lang='lat' dir='ltr'><strong>eo</strong></span> <span class='ocrx_word' id='word_1_259' title='bbox 493 2275 869 2343; x_wconf 85' lang='lat' dir='ltr'><strong>gloriosiorem</strong></span> <span class='ocrx_word' id='word_1_260' title='bbox 920 2289 1174 2328; x_wconf 92' lang='lat' dir='ltr'><strong>coronam</strong></span> <span class='ocrx_word' id='word_1_261' title='bbox 1239 2275 1441 2344; x_wconf 67' lang='lat' dir='ltr'><strong>praebet</strong></span> <span class='ocrx_word' id='word_1_262' title='bbox 1489 2274 1624 2344; x_wconf 81' lang='lat'><strong>(76).</strong></span> <span class='ocrx_word' id='word_1_263' title='bbox 1678 2273 1754 2327; x_wconf 78' lang='lat' dir='ltr'><strong>Ex</strong></span> 
     </span>
    </p>
   </div>
   <div class='ocr_carea' id='block_1_38' title="bbox 184 2366 1760 2438">
    <p class='ocr_par' dir='ltr' id='par_1_38' title="bbox 184 2366 1760 2438">
     <span class='ocr_line' id='line_1_38' title="bbox 184 2366 1760 2438; baseline 0.002 -20"><span class='ocrx_word' id='word_1_264' title='bbox 184 2367 406 2434; x_wconf 82' lang='lat' dir='ltr'><strong>quibus,</strong></span> <span class='ocrx_word' id='word_1_265' title='bbox 450 2369 610 2421; x_wconf 89' lang='lat' dir='ltr'><strong>sicuti</strong></span> <span class='ocrx_word' id='word_1_266' title='bbox 657 2379 710 2421; x_wconf 91' lang='lat' dir='ltr'><strong>et</strong></span> <span class='ocrx_word' id='word_1_267' title='bbox 759 2385 822 2423; x_wconf 81' lang='lat' dir='ltr'><strong>ex</strong></span> <span class='ocrx_word' id='word_1_268' title='bbox 855 2368 1258 2438; x_wconf 85' lang='lat' dir='ltr'><strong>chronologicis</strong></span> <span class='ocrx_word' id='word_1_269' title='bbox 1289 2366 1760 2421; x_wconf 77' lang='lat' dir='ltr'><strong>observationibus</strong></span> 
     </span>
    </p>
   </div>
   <div class='ocr_carea' id='block_1_39' title="bbox 186 2457 1758 2523">
    <p class='ocr_par' dir='ltr' id='par_1_39' title="bbox 186 2457 1758 2523">
     <span class='ocr_line' id='line_1_39' title="bbox 186 2457 1758 2523; baseline 0.001 -13"><span class='ocrx_word' id='word_1_270' title='bbox 186 2458 286 2510; x_wconf 88' lang='lat' dir='ltr'><strong>sub</strong></span> <span class='ocrx_word' id='word_1_271' title='bbox 316 2473 470 2512; x_wconf 90' lang='lat' dir='ltr'><strong>num.</strong></span> <span class='ocrx_word' id='word_1_272' title='bbox 531 2460 594 2511; x_wconf 90' lang='grc'>17</span> <span class='ocrx_word' id='word_1_273' title='bbox 635 2461 830 2523; x_wconf 89' lang='lat' dir='ltr'><strong>allatis,</strong></span> <span class='ocrx_word' id='word_1_274' title='bbox 887 2470 1032 2512; x_wconf 85' lang='lat' dir='ltr'><strong>recte</strong></span> <span class='ocrx_word' id='word_1_275' title='bbox 1086 2459 1356 2513; x_wconf 82' lang='lat' dir='ltr'><strong>deducere</strong></span> <span class='ocrx_word' id='word_1_276' title='bbox 1407 2459 1561 2512; x_wconf 90' lang='lat' dir='ltr'><strong>nobis</strong></span> <span class='ocrx_word' id='word_1_277' title='bbox 1610 2457 1758 2511; x_wconf 85' lang='lat' dir='ltr'><strong>vide-</strong></span> 
     </span>
    </p>
   </div>
   <div class='ocr_carea' id='block_1_40' title="bbox 186 2548 1762 2619">
    <p class='ocr_par' dir='ltr' id='par_1_40' title="bbox 186 2548 1762 2619">
     <span class='ocr_line' id='line_1_40' title="bbox 186 2548 1762 2619; baseline -0.001 -18"><span class='ocrx_word' id='word_1_278' title='bbox 186 2564 330 2611; x_wconf 83' lang='lat' dir='ltr'><strong>mur,</strong></span> <span class='ocrx_word' id='word_1_279' title='bbox 372 2548 430 2602; x_wconf 88' lang='lat' dir='ltr'><strong>S.</strong></span> <span class='ocrx_word' id='word_1_280' title='bbox 461 2548 725 2602; x_wconf 89' lang='lat' dir='ltr'><strong>Joannem</strong></span> <span class='ocrx_word' id='word_1_281' title='bbox 786 2549 1159 2619; x_wconf 83' lang='lat' dir='ltr'><strong>llegumenum</strong></span> <span class='ocrx_word' id='word_1_282' title='bbox 1214 2550 1530 2603; x_wconf 86' lang='lat' dir='ltr'><strong>monasterii</strong></span> <span class='ocrx_word' id='word_1_283' title='bbox 1580 2549 1762 2603; x_wconf 82' lang='lat' dir='ltr'><strong>Mona-</strong></span> 
     </span>
    </p>
   </div>
   <div class='ocr_carea' id='block_1_41' title="bbox 186 2638 1758 2709">
    <p class='ocr_par' dir='ltr' id='par_1_41' title="bbox 186 2638 1758 2709">
     <span class='ocr_line' id='line_1_41' title="bbox 186 2638 1758 2709; baseline 0 -19"><span class='ocrx_word' id='word_1_284' title='bbox 186 2641 314 2709; x_wconf 72' lang='lat' dir='ltr'><strong>griae</strong></span> <span class='ocrx_word' id='word_1_285' title='bbox 346 2642 433 2692; x_wconf 90' lang='lat' dir='ltr'><strong>die</strong></span> <span class='ocrx_word' id='word_1_286' title='bbox 466 2657 534 2695; x_wconf 83' lang='lat' dir='ltr'><strong>tv.</strong></span> <span class='ocrx_word' id='word_1_287' title='bbox 572 2638 744 2704; x_wconf 90' lang='lat' dir='ltr'><strong>Junii,</strong></span> <span class='ocrx_word' id='word_1_288' title='bbox 796 2657 938 2692; x_wconf 87' lang='lat' dir='ltr'><strong>anno</strong></span> <span class='ocrx_word' id='word_1_289' title='bbox 977 2640 1101 2703; x_wconf 85' lang='grc'>761,</span> <span class='ocrx_word' id='word_1_290' title='bbox 1165 2642 1357 2692; x_wconf 83' lang='lat' dir='ltr'><strong>eodem</strong></span> <span class='ocrx_word' id='word_1_291' title='bbox 1407 2640 1612 2692; x_wconf 84' lang='lat' dir='ltr'><strong>scilicet</strong></span> <span class='ocrx_word' id='word_1_292' title='bbox 1651 2654 1758 2706; x_wconf 89' lang='lat' dir='ltr'><strong>quo</strong></span> 
     </span>
    </p>
   </div>
   <div class='ocr_carea' id='block_1_42' title="bbox 189 2731 1758 2802">
    <p class='ocr_par' dir='ltr' id='par_1_42' title="bbox 189 2731 1758 2802">
     <span class='ocr_line' id='line_1_42' title="bbox 189 2731 1758 2802; baseline -0.001 -18"><span class='ocrx_word' id='word_1_293' title='bbox 189 2732 245 2784; x_wconf 89' lang='lat' dir='ltr'><strong>S.</strong></span> <span class='ocrx_word' id='word_1_294' title='bbox 284 2733 502 2797; x_wconf 82' lang='lat' dir='ltr'><strong>Petrus,</strong></span> <span class='ocrx_word' id='word_1_295' title='bbox 555 2733 796 2802; x_wconf 87' lang='lat' dir='ltr'><strong>martyrii</strong></span> <span class='ocrx_word' id='word_1_296' title='bbox 850 2733 1063 2802; x_wconf 86' lang='lat' dir='ltr'><strong>palman</strong></span> <span class='ocrx_word' id='word_1_297' title='bbox 1117 2739 1371 2802; x_wconf 84' lang='lat' dir='ltr'><strong>adeptum</strong></span> <span class='ocrx_word' id='word_1_298' title='bbox 1423 2746 1562 2784; x_wconf 84' lang='lat' dir='ltr'><strong>esse.</strong></span> <span class='ocrx_word' id='word_1_299' title='bbox 1603 2731 1758 2798; x_wconf 89' lang='lat' dir='ltr'><strong>Apud</strong></span> 
     </span>
    </p>
   </div>
   <div class='ocr_carea' id='block_1_43' title="bbox 186 2823 1758 2894">
    <p class='ocr_par' dir='ltr' id='par_1_43' title="bbox 186 2823 1758 2894">
     <span class='ocr_line' id='line_1_43' title="bbox 186 2823 1758 2894; baseline 0.001 -18"><span class='ocrx_word' id='word_1_300' title='bbox 186 2824 602 2878; x_wconf 82' lang='lat' dir='ltr'><strong>llenschenium</strong></span> <span class='ocrx_word' id='word_1_301' title='bbox 637 2827 854 2894; x_wconf 80' lang='lat' dir='ltr'><strong>quidem</strong></span> <span class='ocrx_word' id='word_1_302' title='bbox 894 2827 1115 2888; x_wconf 85' lang='lat' dir='ltr'><strong>dicitur,</strong></span> <span class='ocrx_word' id='word_1_303' title='bbox 1153 2841 1261 2878; x_wconf 93' lang='lat' dir='ltr'><strong>non</strong></span> <span class='ocrx_word' id='word_1_304' title='bbox 1321 2823 1611 2894; x_wconf 71' lang='lat' dir='ltr'><strong>Monagriae</strong></span> <span class='ocrx_word' id='word_1_305' title='bbox 1665 2824 1758 2878; x_wconf 90' lang='lat' dir='ltr'><strong>sed</strong></span> 
     </span>
    </p>
   </div>
   <div class='ocr_carea' id='block_1_44' title="bbox 186 2913 1761 2983">
    <p class='ocr_par' dir='ltr' id='par_1_44' title="bbox 186 2913 1761 2983">
     <span class='ocr_line' id='line_1_44' title="bbox 186 2913 1761 2983; baseline 0.003 -17"><span class='ocrx_word' id='word_1_306' title='bbox 186 2913 478 2983; x_wconf 71' lang='lat' dir='ltr'><strong>hlenagria:</strong></span> <span class='ocrx_word' id='word_1_307' title='bbox 537 2917 863 2983; x_wconf 74' lang='lat' dir='ltr'><strong>praelectus;</strong></span> <span class='ocrx_word' id='word_1_308' title='bbox 909 2933 1098 2969; x_wconf 84' lang='lat' dir='ltr'><strong>verum</strong></span> <span class='ocrx_word' id='word_1_309' title='bbox 1156 2916 1285 2970; x_wconf 89' lang='lat' dir='ltr'><strong>illud</strong></span> <span class='ocrx_word' id='word_1_310' title='bbox 1349 2933 1412 2970; x_wconf 80' lang='lat' dir='ltr'><strong>ex</strong></span> <span class='ocrx_word' id='word_1_311' title='bbox 1463 2933 1761 2970; x_wconf 75' lang='lat' dir='ltr'><strong>amanuen-</strong></span> 
     </span>
    </p>
   </div>
   <div class='ocr_carea' id='block_1_45' title="bbox 184 3006 1760 3076">
    <p class='ocr_par' dir='ltr' id='par_1_45' title="bbox 184 3006 1760 3076">
     <span class='ocr_line' id='line_1_45' title="bbox 184 3006 1760 3076; baseline -0.001 -17"><span class='ocrx_word' id='word_1_312' title='bbox 184 3006 325 3059; x_wconf 84' lang='lat' dir='ltr'><strong>sium</strong></span> <span class='ocrx_word' id='word_1_313' title='bbox 359 3008 516 3076; x_wconf 86' lang='lat' dir='ltr'><strong>lapsu</strong></span> <span class='ocrx_word' id='word_1_314' title='bbox 552 3006 753 3059; x_wconf 79' lang='lat' dir='ltr'><strong>factum</strong></span> <span class='ocrx_word' id='word_1_315' title='bbox 782 3021 901 3059; x_wconf 89' lang='lat' dir='ltr'><strong>esse</strong></span> <span class='ocrx_word' id='word_1_316' title='bbox 926 3007 1232 3069; x_wconf 85' lang='lat' dir='ltr'><strong>coniicitur,</strong></span> <span class='ocrx_word' id='word_1_317' title='bbox 1278 3021 1402 3057; x_wconf 91' lang='lat' dir='ltr'><strong>cum</strong></span> <span class='ocrx_word' id='word_1_318' title='bbox 1441 3019 1505 3057; x_wconf 79' lang='lat' dir='ltr'><strong>ex</strong></span> <span class='ocrx_word' id='word_1_319' title='bbox 1526 3016 1760 3074; x_wconf 84' lang='lat' dir='ltr'><strong>quatuor</strong></span> 
     </span>
    </p>
   </div>
   <div class='ocr_carea' id='block_1_46' title="bbox 183 3096 1759 3168">
    <p class='ocr_par' dir='ltr' id='par_1_46' title="bbox 183 3096 1759 3168">
     <span class='ocr_line' id='line_1_46' title="bbox 183 3096 1759 3168; baseline -0.002 -16"><span class='ocrx_word' id='word_1_320' title='bbox 183 3113 318 3152; x_wconf 86' lang='lat' dir='ltr'><strong>mss.</strong></span> <span class='ocrx_word' id='word_1_321' title='bbox 349 3100 631 3153; x_wconf 88' lang='lat' dir='ltr'><strong>codicibus</strong></span> <span class='ocrx_word' id='word_1_322' title='bbox 655 3113 799 3166; x_wconf 85' lang='lat' dir='ltr'><strong>quos</strong></span> <span class='ocrx_word' id='word_1_323' title='bbox 857 3097 972 3151; x_wconf 86' lang='lat' dir='ltr'><strong>Jac.</strong></span> <span class='ocrx_word' id='word_1_324' title='bbox 1007 3097 1174 3168; x_wconf 89' lang='lat' dir='ltr'><strong>Lopin</strong></span> <span class='ocrx_word' id='word_1_325' title='bbox 1231 3113 1289 3151; x_wconf 88' lang='lat' dir='ltr'><strong>se</strong></span> <span class='ocrx_word' id='word_1_326' title='bbox 1321 3096 1615 3150; x_wconf 77' lang='lat' dir='ltr'><strong>contulisse</strong></span> <span class='ocrx_word' id='word_1_327' title='bbox 1678 3105 1759 3149; x_wconf 90' lang='lat' dir='ltr'><strong>te-</strong></span> 
     </span>
    </p>
   </div>
   <div class='ocr_carea' id='block_1_47' title="bbox 1863 2019 3438 2090">
    <p class='ocr_par' dir='ltr' id='par_1_47' title="bbox 1863 2019 3438 2090">
     <span class='ocr_line' id='line_1_47' title="bbox 1863 2019 3438 2090; baseline 0.001 -15"><span class='ocrx_word' id='word_1_328' title='bbox 1863 2029 1994 2075; x_wconf 89' lang='lat' dir='ltr'><strong>sunt</strong></span> <span class='ocrx_word' id='word_1_329' title='bbox 2024 2020 2162 2090; x_wconf 84' lang='grc'>(82),</span> <span class='ocrx_word' id='word_1_330' title='bbox 2198 2036 2304 2074; x_wconf 92' lang='lat' dir='ltr'><strong>non</strong></span> <span class='ocrx_word' id='word_1_331' title='bbox 2337 2030 2642 2086; x_wconf 88' lang='lat' dir='ltr'><strong>assecutus,</strong></span> <span class='ocrx_word' id='word_1_332' title='bbox 2678 2036 2799 2074; x_wconf 90' lang='lat' dir='ltr'><strong>cum</strong></span> <span class='ocrx_word' id='word_1_333' title='bbox 2827 2019 3060 2074; x_wconf 89' lang='lat' dir='ltr'><strong>Baronio</strong></span> <span class='ocrx_word' id='word_1_334' title='bbox 3102 2038 3301 2076; x_wconf 89' lang='lat' dir='ltr'><strong>annum</strong></span> <span class='ocrx_word' id='word_1_335' title='bbox 3334 2023 3438 2079; x_wconf 88' lang='lat'><strong>888</strong></span> 
     </span>
    </p>
   </div>
   <div class='ocr_carea' id='block_1_48' title="bbox 1863 2112 3434 2181">
    <p class='ocr_par' dir='ltr' id='par_1_48' title="bbox 1863 2112 3434 2181">
     <span class='ocr_line' id='line_1_48' title="bbox 1863 2112 3434 2181; baseline 0.001 -15"><span class='ocrx_word' id='word_1_336' title='bbox 1863 2127 2097 2166; x_wconf 90' lang='lat' dir='ltr'><strong>erronee</strong></span> <span class='ocrx_word' id='word_1_337' title='bbox 2153 2113 2379 2166; x_wconf 88' lang='lat' dir='ltr'><strong>retinuit</strong></span> <span class='ocrx_word' id='word_1_338' title='bbox 2433 2112 2568 2181; x_wconf 80' lang='lat'><strong>(83).</strong></span> <span class='ocrx_word' id='word_1_339' title='bbox 2629 2112 2861 2166; x_wconf 88' lang='lat' dir='ltr'><strong>Proinde</strong></span> <span class='ocrx_word' id='word_1_340' title='bbox 2917 2127 3118 2165; x_wconf 86' lang='lat' dir='ltr'><strong>annum</strong></span> <span class='ocrx_word' id='word_1_341' title='bbox 3163 2128 3270 2166; x_wconf 93' lang='lat' dir='ltr'><strong>non</strong></span> <span class='ocrx_word' id='word_1_342' title='bbox 3311 2114 3434 2176; x_wconf 87' lang='lat' dir='ltr'><strong>77l,</strong></span> 
     </span>
    </p>
   </div>
   <div class='ocr_carea' id='block_1_49' title="bbox 1862 2203 3436 2274">
    <p class='ocr_par' dir='ltr' id='par_1_49' title="bbox 1862 2203 3436 2274">
     <span class='ocr_line' id='line_1_49' title="bbox 1862 2203 3436 2274; baseline 0.004 -18"><span class='ocrx_word' id='word_1_343' title='bbox 1862 2204 1958 2257; x_wconf 89' lang='lat' dir='ltr'><strong>sed</strong></span> <span class='ocrx_word' id='word_1_344' title='bbox 1989 2203 2091 2256; x_wconf 83' lang='lat'><strong>766</strong></span> <span class='ocrx_word' id='word_1_345' title='bbox 2123 2205 2381 2274; x_wconf 73' lang='lat' dir='ltr'><strong>martyrio</strong></span> <span class='ocrx_word' id='word_1_346' title='bbox 2418 2203 2474 2257; x_wconf 92' lang='grc'><strong>8.</strong></span> <span class='ocrx_word' id='word_1_347' title='bbox 2519 2203 2664 2258; x_wconf 87' lang='lat' dir='ltr'><strong>Pauli</strong></span> <span class='ocrx_word' id='word_1_348' title='bbox 2719 2204 3110 2274; x_wconf 85' lang='lat' dir='ltr'><strong>assignaverat.</strong></span> <span class='ocrx_word' id='word_1_349' title='bbox 3163 2206 3321 2260; x_wconf 84' lang='lat' dir='ltr'><strong>Nunc</strong></span> <span class='ocrx_word' id='word_1_350' title='bbox 3370 2223 3436 2262; x_wconf 78' lang='lat' dir='ltr'><strong>ex</strong></span> 
     </span>
    </p>
   </div>
   <div class='ocr_carea' id='block_1_50' title="bbox 1863 2294 3434 2364">
    <p class='ocr_par' dir='ltr' id='par_1_50' title="bbox 1863 2294 3434 2364">
     <span class='ocr_line' id='line_1_50' title="bbox 1863 2294 3434 2364; baseline 0.001 -16"><span class='ocrx_word' id='word_1_351' title='bbox 1863 2295 2007 2349; x_wconf 89' lang='lat' dir='ltr'><strong>serie</strong></span> <span class='ocrx_word' id='word_1_352' title='bbox 2037 2311 2200 2364; x_wconf 89' lang='lat' dir='ltr'><strong>quam</strong></span> <span class='ocrx_word' id='word_1_353' title='bbox 2245 2295 2548 2364; x_wconf 89' lang='lat' dir='ltr'><strong>sequimur,</strong></span> <span class='ocrx_word' id='word_1_354' title='bbox 2579 2294 2901 2349; x_wconf 73' lang='lat' dir='ltr'><strong>devenimus</strong></span> <span class='ocrx_word' id='word_1_355' title='bbox 2947 2296 3010 2349; x_wconf 88' lang='lat' dir='ltr'><strong>ad</strong></span> <span class='ocrx_word' id='word_1_356' title='bbox 3055 2294 3112 2348; x_wconf 92' lang='lat' dir='ltr'><strong>S.</strong></span> <span class='ocrx_word' id='word_1_357' title='bbox 3164 2296 3434 2351; x_wconf 86' lang='lat' dir='ltr'><strong>Andream</strong></span> 
     </span>
    </p>
   </div>
   <div class='ocr_carea' id='block_1_51' title="bbox 1864 2384 3432 2456">
    <p class='ocr_par' dir='ltr' id='par_1_51' title="bbox 1864 2384 3432 2456">
     <span class='ocr_line' id='line_1_51' title="bbox 1864 2384 3432 2456; baseline 0.002 -20"><span class='ocrx_word' id='word_1_358' title='bbox 1864 2387 1920 2438; x_wconf 91' lang='lat' dir='ltr'><strong>in</strong></span> <span class='ocrx_word' id='word_1_359' title='bbox 1957 2385 2116 2449; x_wconf 90' lang='lat' dir='ltr'><strong>Crisi,</strong></span> <span class='ocrx_word' id='word_1_360' title='bbox 2154 2402 2313 2455; x_wconf 90' lang='lat' dir='ltr'><strong>quem</strong></span> <span class='ocrx_word' id='word_1_361' title='bbox 2351 2386 2438 2439; x_wconf 90' lang='lat' dir='ltr'><strong>die</strong></span> <span class='ocrx_word' id='word_1_362' title='bbox 2471 2401 2538 2438; x_wconf 77' lang='lat' dir='ltr'><strong>xx</strong></span> <span class='ocrx_word' id='word_1_363' title='bbox 2585 2384 2835 2439; x_wconf 88' lang='lat' dir='ltr'><strong>Octobris</strong></span> <span class='ocrx_word' id='word_1_364' title='bbox 2879 2385 3007 2438; x_wconf 87' lang='lat' dir='ltr'><strong>anni</strong></span> <span class='ocrx_word' id='word_1_365' title='bbox 3061 2385 3162 2438; x_wconf 85' lang='lat'><strong>767</strong></span> <span class='ocrx_word' id='word_1_366' title='bbox 3214 2402 3432 2456; x_wconf 85' lang='lat' dir='ltr'><strong>passum</strong></span> 
     </span>
    </p>
   </div>
   <div class='ocr_carea' id='block_1_52' title="bbox 1863 2477 3436 2546">
    <p class='ocr_par' dir='ltr' id='par_1_52' title="bbox 1863 2477 3436 2546">
     <span class='ocr_line' id='line_1_52' title="bbox 1863 2477 3436 2546; baseline 0.001 -16"><span class='ocrx_word' id='word_1_367' title='bbox 1863 2492 2007 2541; x_wconf 90' lang='lat' dir='ltr'><strong>esse,</strong></span> <span class='ocrx_word' id='word_1_368' title='bbox 2041 2492 2203 2546; x_wconf 86' lang='lat' dir='ltr'><strong>supra</strong></span> <span class='ocrx_word' id='word_1_369' title='bbox 2238 2493 2390 2530; x_wconf 92' lang='lat' dir='ltr'><strong>num.</strong></span> <span class='ocrx_word' id='word_1_370' title='bbox 2441 2477 2507 2530; x_wconf 90' lang='grc'>18</span> <span class='ocrx_word' id='word_1_371' title='bbox 2533 2492 2647 2546; x_wconf 90' lang='lat' dir='ltr'><strong>seq.</strong></span> <span class='ocrx_word' id='word_1_372' title='bbox 2696 2477 3102 2543; x_wconf 79' lang='lat' dir='ltr'><strong>adstruximus;</strong></span> <span class='ocrx_word' id='word_1_373' title='bbox 3136 2493 3322 2532; x_wconf 91' lang='lat' dir='ltr'><strong>verum</strong></span> <span class='ocrx_word' id='word_1_374' title='bbox 3354 2495 3436 2532; x_wconf 77' lang='lat' dir='ltr'><strong>re-</strong></span> 
     </span>
    </p>
   </div>
   <div class='ocr_carea' id='block_1_53' title="bbox 1863 2559 3430 2639">
    <p class='ocr_par' dir='ltr' id='par_1_53' title="bbox 1863 2559 3430 2639">
     <span class='ocr_line' id='line_1_53' title="bbox 1863 2559 3430 2639; baseline 0.002 -17"><span class='ocrx_word' id='word_1_375' title='bbox 1863 2569 2119 2632; x_wconf 89' lang='lat' dir='ltr'><strong>servatis,</strong></span> <span class='ocrx_word' id='word_1_376' title='bbox 2152 2584 2272 2639; x_wconf 75' lang='lat' dir='ltr'><strong>qua:</strong></span> <span class='ocrx_word' id='word_1_377' title='bbox 2298 2568 2364 2623; x_wconf 90' lang='lat' dir='ltr'><strong>de</strong></span> <span class='ocrx_word' id='word_1_378' title='bbox 2394 2583 2460 2623; x_wconf 92' lang='lat' dir='ltr'><strong>eo</strong></span> <span class='ocrx_word' id='word_1_379' title='bbox 2501 2570 2710 2637; x_wconf 89' lang='lat' dir='ltr'><strong>reliqua</strong></span> <span class='ocrx_word' id='word_1_380' title='bbox 2744 2578 2891 2633; x_wconf 89' lang='lat' dir='ltr'><strong>sunt,</strong></span> <span class='ocrx_word' id='word_1_381' title='bbox 2924 2569 2987 2622; x_wconf 93' lang='lat' dir='ltr'><strong>ad</strong></span> <span class='ocrx_word' id='word_1_382' title='bbox 3016 2567 3041 2638; x_wconf 60' lang='grc' dir='ltr'>ᾗ</span> <span class='ocrx_word' id='word_1_383' title='bbox 3090 2559 3430 2638; x_wconf 87' lang='lat' dir='ltr'><strong>sequentem,</strong></span> 
     </span>
    </p>
   </div>
   <div class='ocr_carea' id='block_1_54' title="bbox 1857 2661 3431 2734">
    <p class='ocr_par' dir='ltr' id='par_1_54' title="bbox 1857 2661 3431 2734">
     <span class='ocr_line' id='line_1_54' title="bbox 1857 2661 3431 2734; baseline 0.001 -20"><span class='ocrx_word' id='word_1_384' title='bbox 1857 2661 1968 2732; x_wconf 80' lang='lat' dir='ltr'><strong>jam</strong></span> <span class='ocrx_word' id='word_1_385' title='bbox 2006 2663 2197 2730; x_wconf 85' lang='lat' dir='ltr'><strong>paucis</strong></span> <span class='ocrx_word' id='word_1_386' title='bbox 2232 2663 2373 2716; x_wconf 87' lang='lat' dir='ltr'><strong>diem</strong></span> <span class='ocrx_word' id='word_1_387' title='bbox 2429 2679 2599 2716; x_wconf 80' lang='lat' dir='ltr'><strong>xxviii</strong></span> <span class='ocrx_word' id='word_1_388' title='bbox 2667 2662 2907 2731; x_wconf 81' lang='lat' dir='ltr'><strong>ejusdem</strong></span> <span class='ocrx_word' id='word_1_389' title='bbox 2962 2663 3165 2716; x_wconf 82' lang='lat' dir='ltr'><strong>mensis</strong></span> <span class='ocrx_word' id='word_1_390' title='bbox 3213 2664 3431 2734; x_wconf 86' lang='lat' dir='ltr'><strong>attingi—</strong></span> 
     </span>
    </p>
   </div>
   <div class='ocr_carea' id='block_1_55' title="bbox 1861 2751 3436 2820">
    <p class='ocr_par' dir='ltr' id='par_1_55' title="bbox 1861 2751 3436 2820">
     <span class='ocr_line' id='line_1_55' title="bbox 1861 2751 3436 2820; baseline 0.003 -15"><span class='ocrx_word' id='word_1_391' title='bbox 1861 2767 2005 2805; x_wconf 88' lang='lat' dir='ltr'><strong>mus.</strong></span> <span class='ocrx_word' id='word_1_392' title='bbox 2043 2751 2159 2807; x_wconf 80' lang='lat' dir='ltr'><strong>Jam</strong></span> <span class='ocrx_word' id='word_1_393' title='bbox 2189 2753 2393 2805; x_wconf 82' lang='lat' dir='ltr'><strong>dictum</strong></span> <span class='ocrx_word' id='word_1_394' title='bbox 2421 2760 2505 2805; x_wconf 90' lang='lat' dir='ltr'><strong>est</strong></span> <span class='ocrx_word' id='word_1_395' title='bbox 2540 2768 2700 2820; x_wconf 90' lang='lat' dir='ltr'><strong>supra</strong></span> <span class='ocrx_word' id='word_1_396' title='bbox 2736 2768 2890 2806; x_wconf 93' lang='lat' dir='ltr'><strong>num.</strong></span> <span class='ocrx_word' id='word_1_397' title='bbox 2923 2753 2976 2817; x_wconf 91' lang='lat'><strong>7,</strong></span> <span class='ocrx_word' id='word_1_398' title='bbox 3029 2754 3118 2806; x_wconf 91' lang='lat' dir='ltr'><strong>illo</strong></span> <span class='ocrx_word' id='word_1_399' title='bbox 3151 2753 3237 2808; x_wconf 92' lang='lat' dir='ltr'><strong>die</strong></span> <span class='ocrx_word' id='word_1_400' title='bbox 3278 2770 3306 2809; x_wconf 85' lang='lat' dir='ltr'><strong>a</strong></span> <span class='ocrx_word' id='word_1_401' title='bbox 3343 2771 3436 2809; x_wconf 82' lang='lat' dir='ltr'><strong>ve-</strong></span> 
     </span>
    </p>
   </div>
   <div class='ocr_carea' id='block_1_56' title="bbox 1862 2841 3434 2914">
    <p class='ocr_par' dir='ltr' id='par_1_56' title="bbox 1862 2841 3434 2914">
     <span class='ocr_line' id='line_1_56' title="bbox 1862 2841 3434 2914; baseline 0.001 -17"><span class='ocrx_word' id='word_1_402' title='bbox 1862 2845 2183 2898; x_wconf 88' lang='lat' dir='ltr'><strong>tustissimis</strong></span> <span class='ocrx_word' id='word_1_403' title='bbox 2215 2843 2520 2914; x_wconf 80' lang='lat' dir='ltr'><strong>Eclogadiis</strong></span> <span class='ocrx_word' id='word_1_404' title='bbox 2557 2858 2650 2896; x_wconf 88' lang='lat' dir='ltr'><strong>seu</strong></span> <span class='ocrx_word' id='word_1_405' title='bbox 2686 2841 3001 2911; x_wconf 80' lang='lat' dir='ltr'><strong>Menologiis</strong></span> <span class='ocrx_word' id='word_1_406' title='bbox 3044 2844 3301 2900; x_wconf 88' lang='lat' dir='ltr'><strong>colendos</strong></span> <span class='ocrx_word' id='word_1_407' title='bbox 3348 2846 3434 2899; x_wconf 88' lang='lat' dir='ltr'><strong>in-</strong></span> 
     </span>
    </p>
   </div>
   <div class='ocr_carea' id='block_1_57' title="bbox 1863 2934 3432 3006">
    <p class='ocr_par' dir='ltr' id='par_1_57' title="bbox 1863 2934 3432 3006">
     <span class='ocr_line' id='line_1_57' title="bbox 1863 2934 3432 3006; baseline 0.001 -15"><span class='ocrx_word' id='word_1_408' title='bbox 1863 2936 1969 2991; x_wconf 87' lang='lat' dir='ltr'><strong>dici</strong></span> <span class='ocrx_word' id='word_1_409' title='bbox 2025 2936 2082 2990; x_wconf 91' lang='lat' dir='ltr'><strong>S.</strong></span> <span class='ocrx_word' id='word_1_410' title='bbox 2138 2935 2500 3006; x_wconf 85' lang='lat' dir='ltr'><strong>Stephanum,</strong></span> <span class='ocrx_word' id='word_1_411' title='bbox 2561 2936 2777 2990; x_wconf 84' lang='lat' dir='ltr'><strong>Petrum</strong></span> <span class='ocrx_word' id='word_1_412' title='bbox 2833 2936 2920 3003; x_wconf 92' lang='lat' dir='ltr'><strong>(de</strong></span> <span class='ocrx_word' id='word_1_413' title='bbox 2967 2934 3300 2996; x_wconf 86' lang='lat' dir='ltr'><strong>Blacheruis)</strong></span> <span class='ocrx_word' id='word_1_414' title='bbox 3381 2950 3432 2993; x_wconf 83' lang='lat' dir='ltr'><strong>et</strong></span> 
     </span>
    </p>
   </div>
   <div class='ocr_carea' id='block_1_58' title="bbox 1861 3024 3436 3099">
    <p class='ocr_par' dir='ltr' id='par_1_58' title="bbox 1861 3024 3436 3099">
     <span class='ocr_line' id='line_1_58' title="bbox 1861 3024 3436 3099; baseline -0.001 -18"><span class='ocrx_word' id='word_1_415' title='bbox 1861 3028 2134 3082; x_wconf 82' lang='lat' dir='ltr'><strong>Andream</strong></span> <span class='ocrx_word' id='word_1_416' title='bbox 2170 3027 2266 3099; x_wconf 34' lang='lat' dir='ltr'><strong>(in.</strong></span> <span class='ocrx_word' id='word_1_417' title='bbox 2301 3026 2486 3096; x_wconf 81' lang='lat' dir='ltr'><strong>Crisi).</strong></span> <span class='ocrx_word' id='word_1_418' title='bbox 2534 3025 2588 3079; x_wconf 90' lang='lat' dir='ltr'><strong>In</strong></span> <span class='ocrx_word' id='word_1_419' title='bbox 2623 3025 2822 3096; x_wconf 76' lang='lat' dir='ltr'><strong>Typico</strong></span> <span class='ocrx_word' id='word_1_420' title='bbox 2882 3025 2940 3078; x_wconf 89' lang='lat' dir='ltr'><strong>S.</strong></span> <span class='ocrx_word' id='word_1_421' title='bbox 2993 3024 3146 3080; x_wconf 65' lang='lat' dir='ltr'><strong>Saba:</strong></span> <span class='ocrx_word' id='word_1_422' title='bbox 3209 3026 3436 3096; x_wconf 85' lang='lat' dir='ltr'><strong>aliisque</strong></span> 
     </span>
    </p>
   </div>
   <div class='ocr_carea' id='block_1_59' title="bbox 1864 3115 3434 3187">
    <p class='ocr_par' dir='ltr' id='par_1_59' title="bbox 1864 3115 3434 3187">
     <span class='ocr_line' id='line_1_59' title="bbox 1864 3115 3434 3187; baseline 0.003 -17"><span class='ocrx_word' id='word_1_423' title='bbox 1864 3117 2044 3182; x_wconf 82' lang='lat' dir='ltr'><strong>fastis,</strong></span> <span class='ocrx_word' id='word_1_424' title='bbox 2085 3118 2265 3187; x_wconf 88' lang='lat' dir='ltr'><strong>prodit</strong></span> <span class='ocrx_word' id='word_1_425' title='bbox 2299 3118 2401 3171; x_wconf 91' lang='lat' dir='ltr'><strong>hoc</strong></span> <span class='ocrx_word' id='word_1_426' title='bbox 2440 3118 2632 3171; x_wconf 87' lang='lat' dir='ltr'><strong>eodem</strong></span> <span class='ocrx_word' id='word_1_427' title='bbox 2665 3118 2751 3171; x_wconf 90' lang='lat' dir='ltr'><strong>die</strong></span> <span class='ocrx_word' id='word_1_428' title='bbox 2785 3115 2841 3171; x_wconf 90' lang='grc'><strong>8.</strong></span> <span class='ocrx_word' id='word_1_429' title='bbox 2876 3117 3184 3186; x_wconf 84' lang='lat' dir='ltr'><strong>Stephanus</strong></span> <span class='ocrx_word' id='word_1_430' title='bbox 3217 3118 3434 3174; x_wconf 86' lang='lat' dir='ltr'><strong>Sabaita</strong></span> 
     </span>
    </p>
   </div>
   <div class='ocr_carea' id='block_1_60' title="bbox 190 3189 1759 3283">
    <p class='ocr_par' dir='ltr' id='par_1_60' title="bbox 190 3189 1759 3263">
     <span class='ocr_line' id='line_1_60' title="bbox 190 3189 1759 3263; baseline -0.001 -20"><span class='ocrx_word' id='word_1_431' title='bbox 190 3202 370 3244; x_wconf 84' lang='lat' dir='ltr'><strong>statur</strong></span> <span class='ocrx_word' id='word_1_432' title='bbox 406 3195 545 3263; x_wconf 88' lang='grc'>(77),</span> <span class='ocrx_word' id='word_1_433' title='bbox 572 3203 682 3246; x_wconf 84' lang='grc' dir='ltr'>ιυιιι</span> <span class='ocrx_word' id='word_1_434' title='bbox 715 3207 779 3246; x_wconf 78' lang='lat' dir='ltr'><strong>ex</strong></span> <span class='ocrx_word' id='word_1_435' title='bbox 814 3193 930 3261; x_wconf 92' lang='lat' dir='ltr'><strong>ipso</strong></span> <span class='ocrx_word' id='word_1_436' title='bbox 959 3190 1319 3260; x_wconf 82' lang='lat' dir='ltr'><strong>Metaphraste</strong></span> <span class='ocrx_word' id='word_1_437' title='bbox 1351 3189 1443 3258; x_wconf 89' lang='lat' dir='ltr'><strong>qui</strong></span> <span class='ocrx_word' id='word_1_438' title='bbox 1490 3191 1629 3258; x_wconf 87' lang='lat' dir='ltr'><strong>apud</strong></span> <span class='ocrx_word' id='word_1_439' title='bbox 1654 3189 1759 3242; x_wconf 82' lang='lat' dir='ltr'><strong>Su-</strong></span> 
     </span>
    </p>
   </div>
   <div class='ocr_carea' id='block_1_61' title="bbox 1864 3189 3431 3283">
    <p class='ocr_par' dir='ltr' id='par_1_61' title="bbox 1865 3209 3431 3280">
     <span class='ocr_line' id='line_1_61' title="bbox 1865 3209 3431 3280; baseline -0.001 -15"><span class='ocrx_word' id='word_1_440' title='bbox 1865 3225 2137 3265; x_wconf 87' lang='lat' dir='ltr'><strong>canonum</strong></span> <span class='ocrx_word' id='word_1_441' title='bbox 2175 3210 2427 3280; x_wconf 89' lang='lat' dir='ltr'><strong>scriptor,</strong></span> <span class='ocrx_word' id='word_1_442' title='bbox 2483 3211 2549 3263; x_wconf 91' lang='lat' dir='ltr'><strong>de</strong></span> <span class='ocrx_word' id='word_1_443' title='bbox 2589 3225 2696 3280; x_wconf 90' lang='lat' dir='ltr'><strong>quo</strong></span> <span class='ocrx_word' id='word_1_444' title='bbox 2735 3209 2844 3279; x_wconf 80' lang='lat' dir='ltr'><strong>agit</strong></span> <span class='ocrx_word' id='word_1_445' title='bbox 2882 3225 3055 3263; x_wconf 84' lang='lat' dir='ltr'><strong>canon</strong></span> <span class='ocrx_word' id='word_1_446' title='bbox 3107 3211 3431 3265; x_wconf 71' lang='lat' dir='ltr'><strong>Menaeorum</strong></span> 
     </span>
    </p>
   </div>
   <div class='ocr_carea' id='block_1_62' title="bbox 187 3283 1758 3337">
    <p class='ocr_par' dir='ltr' id='par_1_62' title="bbox 187 3283 1758 3337">
     <span class='ocr_line' id='line_1_62' title="bbox 187 3283 1758 3337; baseline 0 -3"><span class='ocrx_word' id='word_1_447' title='bbox 187 3284 328 3336; x_wconf 87' lang='lat' dir='ltr'><strong>rium</strong></span> <span class='ocrx_word' id='word_1_448' title='bbox 364 3285 428 3336; x_wconf 88' lang='lat' dir='ltr'><strong>ad</strong></span> <span class='ocrx_word' id='word_1_449' title='bbox 469 3285 613 3337; x_wconf 83' lang='lat' dir='ltr'><strong>diem</strong></span> <span class='ocrx_word' id='word_1_450' title='bbox 645 3299 810 3337; x_wconf 76' lang='lat' dir='ltr'><strong>xxviii</strong></span> <span class='ocrx_word' id='word_1_451' title='bbox 856 3283 1150 3337; x_wconf 68' lang='lat' dir='ltr'><strong>Novembr.</strong></span> <span class='ocrx_word' id='word_1_452' title='bbox 1208 3283 1462 3336; x_wconf 88' lang='lat' dir='ltr'><strong>similiter</strong></span> <span class='ocrx_word' id='word_1_453' title='bbox 1515 3283 1705 3337; x_wconf 87' lang='lat' dir='ltr'><strong>scribit</strong></span> <span class='ocrx_word' id='word_1_454' title='bbox 1744 3299 1758 3334; x_wconf 90' lang='lat'><strong>:</strong></span> 
     </span>
    </p>
   </div>
   <div class='ocr_carea' id='block_1_63' title="bbox 183 3374 1760 3442">
    <p class='ocr_par' dir='ltr' id='par_1_63' title="bbox 183 3374 1760 3442">
     <span class='ocr_line' id='line_1_63' title="bbox 183 3374 1760 3442; baseline -0.002 -15"><span class='ocrx_word' id='word_1_455' title='bbox 183 3378 582 3430; x_wconf 81' lang='lat' dir='ltr'><strong>monasterium</strong></span> <span class='ocrx_word' id='word_1_456' title='bbox 621 3376 929 3442; x_wconf 64' lang='lat' dir='ltr'><strong>Monagriae.</strong></span> <span class='ocrx_word' id='word_1_457' title='bbox 962 3374 1076 3425; x_wconf 80' lang='lat' dir='ltr'><strong>t\&#39;on</strong></span> <span class='ocrx_word' id='word_1_458' title='bbox 1102 3374 1265 3441; x_wconf 83' lang='lat' dir='ltr'><strong>igitur</strong></span> <span class='ocrx_word' id='word_1_459' title='bbox 1290 3374 1568 3426; x_wconf 89' lang='lat' dir='ltr'><strong>veritatem</strong></span> <span class='ocrx_word' id='word_1_460' title='bbox 1602 3375 1760 3442; x_wconf 89' lang='lat' dir='ltr'><strong>plane</strong></span> 
     </span>
    </p>
   </div>
   <div class='ocr_carea' id='block_1_64' title="bbox 186 3465 1760 3537">
    <p class='ocr_par' dir='ltr' id='par_1_64' title="bbox 186 3465 1760 3537">
     <span class='ocr_line' id='line_1_64' title="bbox 186 3465 1760 3537; baseline -0.002 -17"><span class='ocrx_word' id='word_1_461' title='bbox 186 3482 407 3520; x_wconf 87' lang='lat' dir='ltr'><strong>omnem</strong></span> <span class='ocrx_word' id='word_1_462' title='bbox 474 3468 878 3537; x_wconf 85' lang='lat' dir='ltr'><strong>Papebrocliius</strong></span> <span class='ocrx_word' id='word_1_463' title='bbox 939 3468 1271 3533; x_wconf 88' lang='lat' dir='ltr'><strong>assequitur,</strong></span> <span class='ocrx_word' id='word_1_464' title='bbox 1308 3466 1435 3518; x_wconf 87' lang='lat' dir='ltr'><strong>dum</strong></span> <span class='ocrx_word' id='word_1_465' title='bbox 1493 3465 1543 3516; x_wconf 90' lang='lat' dir='ltr'><strong>iu</strong></span> <span class='ocrx_word' id='word_1_466' title='bbox 1599 3465 1760 3533; x_wconf 84' lang='lat' dir='ltr'><strong>hujus</strong></span> 
     </span>
    </p>
   </div>
   <div class='ocr_carea' id='block_1_65' title="bbox 187 3553 1761 3628">
    <p class='ocr_par' dir='ltr' id='par_1_65' title="bbox 187 3553 1761 3628">
     <span class='ocr_line' id='line_1_65' title="bbox 187 3553 1761 3628; baseline -0.002 -17"><span class='ocrx_word' id='word_1_467' title='bbox 187 3560 507 3614; x_wconf 86' lang='lat' dir='ltr'><strong>monasterii</strong></span> <span class='ocrx_word' id='word_1_468' title='bbox 567 3560 1034 3627; x_wconf 83' lang='lat' dir='ltr'><strong>nuncupationem</strong></span> <span class='ocrx_word' id='word_1_469' title='bbox 1086 3558 1312 3628; x_wconf 88' lang='lat' dir='ltr'><strong>inquirit</strong></span> <span class='ocrx_word' id='word_1_470' title='bbox 1367 3553 1517 3628; x_wconf 86' lang='lat'><strong>(78);</strong></span> <span class='ocrx_word' id='word_1_471' title='bbox 1571 3557 1761 3612; x_wconf 86' lang='lat' dir='ltr'><strong>verisi-</strong></span> 
     </span>
    </p>
   </div>
   <div class='ocr_carea' id='block_1_66' title="bbox 187 3649 1759 3720">
    <p class='ocr_par' dir='ltr' id='par_1_66' title="bbox 187 3649 1759 3720">
     <span class='ocr_line' id='line_1_66' title="bbox 187 3649 1759 3720; baseline -0.003 -14"><span class='ocrx_word' id='word_1_472' title='bbox 187 3653 317 3706; x_wconf 88' lang='lat' dir='ltr'><strong>mile</strong></span> <span class='ocrx_word' id='word_1_473' title='bbox 351 3663 534 3706; x_wconf 89' lang='lat' dir='ltr'><strong>tamen</strong></span> <span class='ocrx_word' id='word_1_474' title='bbox 564 3663 646 3706; x_wconf 86' lang='lat' dir='ltr'><strong>est</strong></span> <span class='ocrx_word' id='word_1_475' title='bbox 679 3653 810 3704; x_wconf 88' lang='lat' dir='ltr'><strong>illud</strong></span> <span class='ocrx_word' id='word_1_476' title='bbox 841 3652 894 3704; x_wconf 92' lang='lat' dir='ltr'><strong>in</strong></span> <span class='ocrx_word' id='word_1_477' title='bbox 960 3653 1080 3715; x_wconf 91' lang='lat' dir='ltr'><strong>ista,</strong></span> <span class='ocrx_word' id='word_1_478' title='bbox 1115 3665 1275 3720; x_wconf 88' lang='lat' dir='ltr'><strong>quam</strong></span> <span class='ocrx_word' id='word_1_479' title='bbox 1332 3649 1486 3710; x_wconf 87' lang='lat' dir='ltr'><strong>dicit,</strong></span> <span class='ocrx_word' id='word_1_480' title='bbox 1539 3649 1759 3718; x_wconf 81' lang='lat' dir='ltr'><strong>regione</strong></span> 
     </span>
    </p>
   </div>
   <div class='ocr_carea' id='block_1_67' title="bbox 185 3735 1757 3813">
    <p class='ocr_par' dir='ltr' id='par_1_67' title="bbox 185 3735 1757 3813">
     <span class='ocr_line' id='line_1_67' title="bbox 185 3735 1757 3813; baseline -0.003 -19"><span class='ocrx_word' id='word_1_481' title='bbox 185 3740 437 3813; x_wconf 84' lang='lat' dir='ltr'><strong>Sigriana</strong></span> <span class='ocrx_word' id='word_1_482' title='bbox 477 3744 642 3796; x_wconf 89' lang='lat' dir='ltr'><strong>situm</strong></span> <span class='ocrx_word' id='word_1_483' title='bbox 675 3741 863 3801; x_wconf 77' lang='lat' dir='ltr'><strong>fuisse,</strong></span> <span class='ocrx_word' id='word_1_484' title='bbox 893 3743 1042 3808; x_wconf 87' lang='lat' dir='ltr'><strong>quia,</strong></span> <span class='ocrx_word' id='word_1_485' title='bbox 1086 3751 1137 3793; x_wconf 92' lang='lat' dir='ltr'><strong>ut</strong></span> <span class='ocrx_word' id='word_1_486' title='bbox 1182 3738 1305 3792; x_wconf 87' lang='lat' dir='ltr'><strong>alibi</strong></span> <span class='ocrx_word' id='word_1_487' title='bbox 1353 3735 1591 3790; x_wconf 82' lang='lat' dir='ltr'><strong>adstruit</strong></span> <span class='ocrx_word' id='word_1_488' title='bbox 1623 3736 1757 3806; x_wconf 78' lang='lat'><strong>(79),</strong></span> 
     </span>
    </p>
   </div>
   <div class='ocr_carea' id='block_1_68' title="bbox 186 3826 1760 3901">
    <p class='ocr_par' dir='ltr' id='par_1_68' title="bbox 186 3826 1760 3901">
     <span class='ocr_line' id='line_1_68' title="bbox 186 3826 1760 3901; baseline -0.004 -16"><span class='ocrx_word' id='word_1_489' title='bbox 186 3834 256 3885; x_wconf 87' lang='lat' dir='ltr'><strong>ibi</strong></span> <span class='ocrx_word' id='word_1_490' title='bbox 290 3832 527 3901; x_wconf 82' lang='lat' dir='ltr'><strong>plurima</strong></span> <span class='ocrx_word' id='word_1_491' title='bbox 563 3829 892 3881; x_wconf 74' lang='lat' dir='ltr'><strong>monasteria</strong></span> <span class='ocrx_word' id='word_1_492' title='bbox 922 3829 1180 3881; x_wconf 79' lang='lat' dir='ltr'><strong>exstitere</strong></span> <span class='ocrx_word' id='word_1_493' title='bbox 1212 3842 1412 3881; x_wconf 88' lang='lat' dir='ltr'><strong>nomen</strong></span> <span class='ocrx_word' id='word_1_494' title='bbox 1448 3842 1557 3880; x_wconf 91' lang='lat' dir='ltr'><strong>non</strong></span> <span class='ocrx_word' id='word_1_495' title='bbox 1606 3826 1760 3879; x_wconf 88' lang='lat' dir='ltr'><strong>valde</strong></span> 
     </span>
    </p>
   </div>
   <div class='ocr_carea' id='block_1_69' title="bbox 186 3917 1760 3987">
    <p class='ocr_par' dir='ltr' id='par_1_69' title="bbox 186 3917 1760 3987">
     <span class='ocr_line' id='line_1_69' title="bbox 186 3917 1760 3987; baseline -0.005 -11"><span class='ocrx_word' id='word_1_496' title='bbox 186 3923 463 3977; x_wconf 86' lang='lat' dir='ltr'><strong>diversum</strong></span> <span class='ocrx_word' id='word_1_497' title='bbox 522 3929 836 3984; x_wconf 84' lang='lat' dir='ltr'><strong>consecuta,</strong></span> <span class='ocrx_word' id='word_1_498' title='bbox 875 3927 1108 3974; x_wconf 89' lang='lat' dir='ltr'><strong>uterant</strong></span> <span class='ocrx_word' id='word_1_499' title='bbox 1159 3934 1277 3987; x_wconf 72' lang='lat' dir='ltr'><strong>qua:</strong></span> <span class='ocrx_word' id='word_1_500' title='bbox 1315 3917 1470 3971; x_wconf 80' lang='lat' dir='ltr'><strong>Parvi</strong></span> <span class='ocrx_word' id='word_1_501' title='bbox 1529 3917 1656 3987; x_wconf 77' lang='lat' dir='ltr'><strong>Agri</strong></span> <span class='ocrx_word' id='word_1_502' title='bbox 1706 3927 1760 3969; x_wconf 91' lang='lat' dir='ltr'><strong>et</strong></span> 
     </span>
    </p>
   </div>
   <div class='ocr_carea' id='block_1_70' title="bbox 187 4009 1760 4084">
    <p class='ocr_par' dir='ltr' id='par_1_70' title="bbox 187 4009 1760 4084">
     <span class='ocr_line' id='line_1_70' title="bbox 187 4009 1760 4084; baseline -0.002 -20"><span class='ocrx_word' id='word_1_503' title='bbox 187 4013 363 4084; x_wconf 79' lang='lat' dir='ltr'><strong>Magni</strong></span> <span class='ocrx_word' id='word_1_504' title='bbox 413 4014 539 4083; x_wconf 76' lang='lat' dir='ltr'><strong>Agri</strong></span> <span class='ocrx_word' id='word_1_505' title='bbox 583 4015 922 4068; x_wconf 84' lang='lat' dir='ltr'><strong>dicebantur.</strong></span> <span class='ocrx_word' id='word_1_506' title='bbox 972 4013 1240 4067; x_wconf 72' lang='lat' dir='ltr'><strong>Praeterea</strong></span> <span class='ocrx_word' id='word_1_507' title='bbox 1305 4011 1348 4065; x_wconf 90' lang='lat' dir='ltr'><strong>si</strong></span> <span class='ocrx_word' id='word_1_508' title='bbox 1410 4009 1538 4062; x_wconf 89' lang='lat' dir='ltr'><strong>illud</strong></span> <span class='ocrx_word' id='word_1_509' title='bbox 1593 4021 1760 4077; x_wconf 88' lang='lat' dir='ltr'><strong>prope</strong></span> 
     </span>
    </p>
   </div>
   <div class='ocr_carea' id='block_1_71' title="bbox 183 4099 1762 4174">
    <p class='ocr_par' dir='ltr' id='par_1_71' title="bbox 183 4099 1762 4174">
     <span class='ocr_line' id='line_1_71' title="bbox 183 4099 1762 4174; baseline -0.005 -14"><span class='ocrx_word' id='word_1_510' title='bbox 183 4103 396 4174; x_wconf 71' lang='lat' dir='ltr'><strong>Cpolim</strong></span> <span class='ocrx_word' id='word_1_511' title='bbox 453 4109 666 4172; x_wconf 77' lang='lat' dir='ltr'><strong>luisset,</strong></span> <span class='ocrx_word' id='word_1_512' title='bbox 708 4124 815 4160; x_wconf 86' lang='lat' dir='ltr'><strong>non</strong></span> <span class='ocrx_word' id='word_1_513' title='bbox 869 4107 1182 4160; x_wconf 84' lang='lat' dir='ltr'><strong>dubitamus</strong></span> <span class='ocrx_word' id='word_1_514' title='bbox 1217 4102 1348 4172; x_wconf 90' lang='lat' dir='ltr'><strong>quin</strong></span> <span class='ocrx_word' id='word_1_515' title='bbox 1398 4099 1652 4171; x_wconf 83' lang='lat' dir='ltr'><strong>Cangius,</strong></span> <span class='ocrx_word' id='word_1_516' title='bbox 1685 4108 1762 4152; x_wconf 90' lang='lat' dir='ltr'><strong>tot</strong></span> 
     </span>
    </p>
   </div>
   <div class='ocr_carea' id='block_1_72' title="bbox 183 4193 1764 4271">
    <p class='ocr_par' dir='ltr' id='par_1_72' title="bbox 183 4193 1764 4271">
     <span class='ocr_line' id='line_1_72' title="bbox 183 4193 1764 4271; baseline -0.008 -18"><span class='ocrx_word' id='word_1_517' title='bbox 183 4203 491 4271; x_wconf 85' lang='lat' dir='ltr'><strong>scriptores</strong></span> <span class='ocrx_word' id='word_1_518' title='bbox 522 4201 698 4254; x_wconf 87' lang='lat' dir='ltr'><strong>editos</strong></span> <span class='ocrx_word' id='word_1_519' title='bbox 721 4209 772 4252; x_wconf 85' lang='lat' dir='ltr'><strong>et</strong></span> <span class='ocrx_word' id='word_1_520' title='bbox 806 4214 936 4252; x_wconf 87' lang='lat' dir='ltr'><strong>mss.</strong></span> <span class='ocrx_word' id='word_1_521' title='bbox 977 4195 1282 4250; x_wconf 88' lang='lat' dir='ltr'><strong>incredibili</strong></span> <span class='ocrx_word' id='word_1_522' title='bbox 1328 4193 1602 4262; x_wconf 78' lang='lat' dir='ltr'><strong>diligentia</strong></span> <span class='ocrx_word' id='word_1_523' title='bbox 1641 4204 1764 4260; x_wconf 89' lang='lat' dir='ltr'><strong>per-</strong></span> 
     </span>
    </p>
   </div>
   <div class='ocr_carea' id='block_1_73' title="bbox 185 4283 1762 4362">
    <p class='ocr_par' dir='ltr' id='par_1_73' title="bbox 185 4283 1762 4362">
     <span class='ocr_line' id='line_1_73' title="bbox 185 4283 1762 4362; baseline -0.009 -16"><span class='ocrx_word' id='word_1_524' title='bbox 185 4304 491 4358; x_wconf 78' lang='lat' dir='ltr'><strong>scrutatus,</strong></span> <span class='ocrx_word' id='word_1_525' title='bbox 522 4294 664 4362; x_wconf 84' lang='lat' dir='ltr'><strong>ejus,</strong></span> <span class='ocrx_word' id='word_1_526' title='bbox 708 4293 758 4344; x_wconf 85' lang='lat' dir='ltr'><strong>iti</strong></span> <span class='ocrx_word' id='word_1_527' title='bbox 789 4309 886 4345; x_wconf 84' lang='lat' dir='ltr'><strong>sua</strong></span> <span class='ocrx_word' id='word_1_528' title='bbox 931 4287 1400 4355; x_wconf 85' lang='lat' dir='ltr'><strong>Constantinopoli</strong></span> <span class='ocrx_word' id='word_1_529' title='bbox 1456 4283 1762 4338; x_wconf 86' lang='lat' dir='ltr'><strong>Christiana</strong></span> 
     </span>
    </p>
   </div>
   <div class='ocr_carea' id='block_1_74' title="bbox 183 4385 798 4438">
    <p class='ocr_par' dir='ltr' id='par_1_74' title="bbox 183 4385 798 4438">
     <span class='ocr_line' id='line_1_74' title="bbox 183 4385 798 4438; baseline 0.002 -2"><span class='ocrx_word' id='word_1_530' title='bbox 183 4386 438 4437; x_wconf 82' lang='lat' dir='ltr'><strong>notitiam</strong></span> <span class='ocrx_word' id='word_1_531' title='bbox 470 4385 798 4438; x_wconf 87' lang='lat' dir='ltr'><strong>tradidisset.</strong></span> 
     </span>
    </p>
   </div>
   <div class='ocr_carea' id='block_1_75' title="bbox 254 4488 1761 4563">
    <p class='ocr_par' dir='ltr' id='par_1_75' title="bbox 254 4488 1761 4563">
     <span class='ocr_line' id='line_1_75' title="bbox 254 4488 1761 4563; baseline -0.008 -13"><span class='ocrx_word' id='word_1_532' title='bbox 254 4499 350 4553; x_wconf 73' lang='lat'><strong>23.</strong></span> <span class='ocrx_word' id='word_1_533' title='bbox 382 4497 439 4550; x_wconf 90' lang='lat' dir='ltr'><strong>lu</strong></span> <span class='ocrx_word' id='word_1_534' title='bbox 474 4495 714 4551; x_wconf 87' lang='lat' dir='ltr'><strong>indiculo</strong></span> <span class='ocrx_word' id='word_1_535' title='bbox 763 4505 1058 4563; x_wconf 81' lang='lat' dir='ltr'><strong>martyrum</strong></span> <span class='ocrx_word' id='word_1_536' title='bbox 1111 4496 1179 4546; x_wconf 90' lang='lat' dir='ltr'><strong>de</strong></span> <span class='ocrx_word' id='word_1_537' title='bbox 1241 4491 1440 4561; x_wconf 86' lang='lat' dir='ltr'><strong>quibus</strong></span> <span class='ocrx_word' id='word_1_538' title='bbox 1479 4488 1568 4543; x_wconf 89' lang='lat' dir='ltr'><strong>hic</strong></span> <span class='ocrx_word' id='word_1_539' title='bbox 1602 4500 1761 4557; x_wconf 84' lang='lat' dir='ltr'><strong>agere</strong></span> 
     </span>
    </p>
   </div>
   <div class='ocr_carea' id='block_1_76' title="bbox 1864 3299 3434 3370">
    <p class='ocr_par' dir='ltr' id='par_1_76' title="bbox 1864 3299 3434 3370">
     <span class='ocr_line' id='line_1_76' title="bbox 1864 3299 3434 3370; baseline 0.002 -14"><span class='ocrx_word' id='word_1_540' title='bbox 1864 3318 2020 3356; x_wconf 61' lang='lat' dir='ltr'><strong>nove</strong></span> <span class='ocrx_word' id='word_1_541' title='bbox 2051 3303 2331 3365; x_wconf 87' lang='lat' dir='ltr'><strong>editionis,</strong></span> <span class='ocrx_word' id='word_1_542' title='bbox 2365 3318 2393 3354; x_wconf 91' lang='lat' dir='ltr'><strong>a</strong></span> <span class='ocrx_word' id='word_1_543' title='bbox 2435 3301 2723 3356; x_wconf 90' lang='lat' dir='ltr'><strong>Theodoro</strong></span> <span class='ocrx_word' id='word_1_544' title='bbox 2755 3299 2958 3370; x_wconf 77' lang='lat' dir='ltr'><strong>Grapto</strong></span> <span class='ocrx_word' id='word_1_545' title='bbox 2989 3301 3179 3356; x_wconf 66' lang='lat' dir='ltr'><strong>Nicaea:</strong></span> <span class='ocrx_word' id='word_1_546' title='bbox 3228 3315 3434 3359; x_wconf 88' lang='lat' dir='ltr'><strong>metro-</strong></span> 
     </span>
    </p>
   </div>
   <div class='ocr_carea' id='block_1_77' title="bbox 1861 3391 3431 3460">
    <p class='ocr_par' dir='ltr' id='par_1_77' title="bbox 1861 3391 3431 3460">
     <span class='ocr_line' id='line_1_77' title="bbox 1861 3391 3431 3460; baseline 0.003 -16"><span class='ocrx_word' id='word_1_547' title='bbox 1861 3393 2026 3460; x_wconf 87' lang='lat' dir='ltr'><strong>polita</strong></span> <span class='ocrx_word' id='word_1_548' title='bbox 2074 3391 2186 3458; x_wconf 72' lang='lat'><strong>(84)</strong></span> <span class='ocrx_word' id='word_1_549' title='bbox 2224 3392 2590 3459; x_wconf 85' lang='lat' dir='ltr'><strong>conscriptus.</strong></span> <span class='ocrx_word' id='word_1_550' title='bbox 2639 3391 2696 3444; x_wconf 88' lang='lat' dir='ltr'><strong>In</strong></span> <span class='ocrx_word' id='word_1_551' title='bbox 2748 3391 3047 3460; x_wconf 81' lang='lat' dir='ltr'><strong>Syuaxario</strong></span> <span class='ocrx_word' id='word_1_552' title='bbox 3104 3394 3431 3449; x_wconf 66' lang='lat' dir='ltr'><strong>Alettzeorum</strong></span> 
     </span>
    </p>
   </div>
   <div class='ocr_carea' id='block_1_78' title="bbox 1865 3483 3434 3554">
    <p class='ocr_par' dir='ltr' id='par_1_78' title="bbox 1865 3483 3434 3554">
     <span class='ocr_line' id='line_1_78' title="bbox 1865 3483 3434 3554; baseline 0.003 -18"><span class='ocrx_word' id='word_1_553' title='bbox 1865 3483 1955 3538; x_wconf 87' lang='lat' dir='ltr'><strong>hic</strong></span> <span class='ocrx_word' id='word_1_554' title='bbox 1990 3483 2303 3552; x_wconf 79' lang='lat' dir='ltr'><strong>Stephanus</strong></span> <span class='ocrx_word' id='word_1_555' title='bbox 2337 3483 2540 3537; x_wconf 91' lang='lat' dir='ltr'><strong>dicitur</strong></span> <span class='ocrx_word' id='word_1_556' title='bbox 2564 3485 2854 3554; x_wconf 90' lang='lat' dir='ltr'><strong>episcopus</strong></span> <span class='ocrx_word' id='word_1_557' title='bbox 2900 3483 3068 3539; x_wconf 80' lang='lat' dir='ltr'><strong>fuisse</strong></span> <span class='ocrx_word' id='word_1_558' title='bbox 3114 3495 3167 3540; x_wconf 89' lang='lat' dir='ltr'><strong>et</strong></span> <span class='ocrx_word' id='word_1_559' title='bbox 3194 3495 3434 3541; x_wconf 86' lang='lat' dir='ltr'><strong>certasse</strong></span> 
     </span>
    </p>
   </div>
   <div class='ocr_carea' id='block_1_79' title="bbox 1863 3571 3434 3646">
    <p class='ocr_par' dir='ltr' id='par_1_79' title="bbox 1863 3571 3434 3646">
     <span class='ocr_line' id='line_1_79' title="bbox 1863 3571 3434 3646; baseline 0.002 -20"><span class='ocrx_word' id='word_1_560' title='bbox 1863 3584 2053 3628; x_wconf 85' lang='lat' dir='ltr'><strong>contra</strong></span> <span class='ocrx_word' id='word_1_561' title='bbox 2113 3574 2385 3636; x_wconf 73' lang='lat' dir='ltr'><strong>haereses;</strong></span> <span class='ocrx_word' id='word_1_562' title='bbox 2425 3572 2478 3626; x_wconf 92' lang='lat' dir='ltr'><strong>in</strong></span> <span class='ocrx_word' id='word_1_563' title='bbox 2529 3571 2828 3642; x_wconf 82' lang='lat' dir='ltr'><strong>Menologio</strong></span> <span class='ocrx_word' id='word_1_564' title='bbox 2883 3573 3063 3627; x_wconf 90' lang='lat' dir='ltr'><strong>Sirleti</strong></span> <span class='ocrx_word' id='word_1_565' title='bbox 3121 3583 3179 3627; x_wconf 94' lang='lat' dir='ltr'><strong>ut</strong></span> <span class='ocrx_word' id='word_1_566' title='bbox 3230 3585 3434 3646; x_wconf 80' lang='lat' dir='ltr'><strong>martyr</strong></span> 
     </span>
    </p>
   </div>
   <div class='ocr_carea' id='block_1_80' title="bbox 1861 3663 3435 3734">
    <p class='ocr_par' dir='ltr' id='par_1_80' title="bbox 1861 3663 3435 3734">
     <span class='ocr_line' id='line_1_80' title="bbox 1861 3663 3435 3734; baseline 0.003 -18"><span class='ocrx_word' id='word_1_567' title='bbox 1861 3665 2225 3718; x_wconf 89' lang='lat' dir='ltr'><strong>annnntiatur</strong></span> <span class='ocrx_word' id='word_1_568' title='bbox 2257 3665 2392 3732; x_wconf 85' lang='lat'><strong>(85).</strong></span> <span class='ocrx_word' id='word_1_569' title='bbox 2444 3663 2568 3718; x_wconf 72' lang='lat' dir='ltr'><strong>Haec</strong></span> <span class='ocrx_word' id='word_1_570' title='bbox 2618 3671 2798 3717; x_wconf 91' lang='lat' dir='ltr'><strong>autem</strong></span> <span class='ocrx_word' id='word_1_571' title='bbox 2855 3679 2954 3718; x_wconf 93' lang='lat' dir='ltr'><strong>nec</strong></span> <span class='ocrx_word' id='word_1_572' title='bbox 3010 3663 3287 3734; x_wconf 86' lang='lat' dir='ltr'><strong>Stephano</strong></span> <span class='ocrx_word' id='word_1_573' title='bbox 3337 3665 3435 3720; x_wconf 84' lang='lat' dir='ltr'><strong>Sa-</strong></span> 
     </span>
    </p>
   </div>
   <div class='ocr_carea' id='block_1_81' title="bbox 1863 3756 3435 3826">
    <p class='ocr_par' dir='ltr' id='par_1_81' title="bbox 1863 3756 3435 3826">
     <span class='ocr_line' id='line_1_81' title="bbox 1863 3756 3435 3826; baseline 0.002 -15"><span class='ocrx_word' id='word_1_574' title='bbox 1863 3756 2023 3811; x_wconf 73' lang='lat' dir='ltr'><strong>baita:</strong></span> <span class='ocrx_word' id='word_1_575' title='bbox 2059 3756 2212 3825; x_wconf 91' lang='lat' dir='ltr'><strong>quia</strong></span> <span class='ocrx_word' id='word_1_576' title='bbox 2246 3756 2540 3811; x_wconf 87' lang='lat' dir='ltr'><strong>Theodoro</strong></span> <span class='ocrx_word' id='word_1_577' title='bbox 2586 3757 2790 3826; x_wconf 78' lang='lat' dir='ltr'><strong>Grapto</strong></span> <span class='ocrx_word' id='word_1_578' title='bbox 2842 3758 3168 3826; x_wconf 89' lang='lat' dir='ltr'><strong>celebratur,</strong></span> <span class='ocrx_word' id='word_1_579' title='bbox 3213 3775 3314 3814; x_wconf 91' lang='lat' dir='ltr'><strong>nec</strong></span> <span class='ocrx_word' id='word_1_580' title='bbox 3357 3760 3435 3814; x_wconf 81' lang='lat' dir='ltr'><strong>al-</strong></span> 
     </span>
    </p>
   </div>
   <div class='ocr_carea' id='block_1_82' title="bbox 1863 3846 3431 3918">
    <p class='ocr_par' dir='ltr' id='par_1_82' title="bbox 1863 3846 3431 3918">
     <span class='ocr_line' id='line_1_82' title="bbox 1863 3846 3431 3918; baseline 0.003 -18"><span class='ocrx_word' id='word_1_581' title='bbox 1863 3849 1963 3902; x_wconf 87' lang='lat' dir='ltr'><strong>teri</strong></span> <span class='ocrx_word' id='word_1_582' title='bbox 2028 3848 2358 3918; x_wconf 88' lang='lat' dir='ltr'><strong>homonymo</strong></span> <span class='ocrx_word' id='word_1_583' title='bbox 2403 3846 2592 3902; x_wconf 89' lang='lat' dir='ltr'><strong>itidem</strong></span> <span class='ocrx_word' id='word_1_584' title='bbox 2642 3847 2897 3911; x_wconf 73' lang='lat' dir='ltr'><strong>Sabaitze,</strong></span> <span class='ocrx_word' id='word_1_585' title='bbox 2959 3848 3113 3917; x_wconf 89' lang='lat' dir='ltr'><strong>cujus</strong></span> <span class='ocrx_word' id='word_1_586' title='bbox 3176 3851 3431 3918; x_wconf 60' lang='lat' dir='ltr'><strong>praeclara</strong></span> 
     </span>
    </p>
   </div>
   <div class='ocr_carea' id='block_1_83' title="bbox 1861 3939 3429 4015">
    <p class='ocr_par' dir='ltr' id='par_1_83' title="bbox 1861 3939 3429 4015">
     <span class='ocr_line' id='line_1_83' title="bbox 1861 3939 3429 4015; baseline 0.005 -22"><span class='ocrx_word' id='word_1_587' title='bbox 1861 3943 1991 3994; x_wconf 82' lang='lat' dir='ltr'><strong>Acta</strong></span> <span class='ocrx_word' id='word_1_588' title='bbox 2029 3939 2218 3993; x_wconf 89' lang='lat' dir='ltr'><strong>Pinins</strong></span> <span class='ocrx_word' id='word_1_589' title='bbox 2248 3942 2534 3993; x_wconf 83' lang='lat' dir='ltr'><strong>illustravit</strong></span> <span class='ocrx_word' id='word_1_590' title='bbox 2563 3942 2630 3995; x_wconf 89' lang='lat' dir='ltr'><strong>ad</strong></span> <span class='ocrx_word' id='word_1_591' title='bbox 2675 3957 2772 3996; x_wconf 75' lang='lat' dir='ltr'><strong>xin</strong></span> <span class='ocrx_word' id='word_1_592' title='bbox 2795 3939 2941 4007; x_wconf 88' lang='lat' dir='ltr'><strong>Julii,</strong></span> <span class='ocrx_word' id='word_1_593' title='bbox 2972 3941 3264 3997; x_wconf 85' lang='lat' dir='ltr'><strong>convenire</strong></span> <span class='ocrx_word' id='word_1_594' title='bbox 3298 3959 3429 4015; x_wconf 81' lang='lat' dir='ltr'><strong>pos-</strong></span> 
     </span>
    </p>
   </div>
   <div class='ocr_carea' id='block_1_84' title="bbox 1864 4031 3432 4106">
    <p class='ocr_par' dir='ltr' id='par_1_84' title="bbox 1864 4031 3432 4106">
     <span class='ocr_line' id='line_1_84' title="bbox 1864 4031 3432 4106; baseline 0.003 -20"><span class='ocrx_word' id='word_1_595' title='bbox 1864 4041 1989 4086; x_wconf 89' lang='lat' dir='ltr'><strong>sunt</strong></span> <span class='ocrx_word' id='word_1_596' title='bbox 2023 4033 2157 4102; x_wconf 83' lang='lat'><strong>(86).</strong></span> <span class='ocrx_word' id='word_1_597' title='bbox 2197 4031 2538 4101; x_wconf 86' lang='lat' dir='ltr'><strong>Quapropter</strong></span> <span class='ocrx_word' id='word_1_598' title='bbox 2568 4033 2803 4102; x_wconf 87' lang='lat' dir='ltr'><strong>conjicio</strong></span> <span class='ocrx_word' id='word_1_599' title='bbox 2837 4035 2925 4088; x_wconf 90' lang='lat' dir='ltr'><strong>hic</strong></span> <span class='ocrx_word' id='word_1_600' title='bbox 2950 4035 3030 4104; x_wconf 83' lang='lat' dir='ltr'><strong>agi</strong></span> <span class='ocrx_word' id='word_1_601' title='bbox 3063 4036 3128 4089; x_wconf 89' lang='lat' dir='ltr'><strong>de</strong></span> <span class='ocrx_word' id='word_1_602' title='bbox 3155 4035 3432 4106; x_wconf 88' lang='lat' dir='ltr'><strong>Stephano</strong></span> 
     </span>
    </p>
   </div>
   <div class='ocr_carea' id='block_1_85' title="bbox 1867 4121 3429 4194">
    <p class='ocr_par' dir='ltr' id='par_1_85' title="bbox 1867 4121 3429 4194">
     <span class='ocr_line' id='line_1_85' title="bbox 1867 4121 3429 4194; baseline -0.001 -16"><span class='ocrx_word' id='word_1_603' title='bbox 1867 4125 1979 4186; x_wconf 90' lang='lat' dir='ltr'><strong>illo,</strong></span> <span class='ocrx_word' id='word_1_604' title='bbox 2006 4125 2158 4193; x_wconf 91' lang='lat' dir='ltr'><strong>quia</strong></span> <span class='ocrx_word' id='word_1_605' title='bbox 2189 4124 2533 4192; x_wconf 81' lang='lat' dir='ltr'><strong>Copronymo</strong></span> <span class='ocrx_word' id='word_1_606' title='bbox 2588 4123 2640 4176; x_wconf 93' lang='lat' dir='ltr'><strong>in</strong></span> <span class='ocrx_word' id='word_1_607' title='bbox 2692 4121 2996 4194; x_wconf 63' lang='lat' dir='ltr'><strong>Sugdmam,</strong></span> <span class='ocrx_word' id='word_1_608' title='bbox 3050 4122 3248 4178; x_wconf 63' lang='lat' dir='ltr'><strong>Moesiae</strong></span> <span class='ocrx_word' id='word_1_609' title='bbox 3291 4125 3429 4178; x_wconf 77' lang='lat' dir='ltr'><strong>infe-</strong></span> 
     </span>
    </p>
   </div>
   <div class='ocr_carea' id='block_1_86' title="bbox 1866 4212 3432 4281">
    <p class='ocr_par' dir='ltr' id='par_1_86' title="bbox 1866 4212 3432 4281">
     <span class='ocr_line' id='line_1_86' title="bbox 1866 4212 3432 4281; baseline 0.002 -17"><span class='ocrx_word' id='word_1_610' title='bbox 1866 4213 2025 4266; x_wconf 90' lang='lat' dir='ltr'><strong>rioris</strong></span> <span class='ocrx_word' id='word_1_611' title='bbox 2058 4222 2264 4280; x_wconf 89' lang='lat' dir='ltr'><strong>partem</strong></span> <span class='ocrx_word' id='word_1_612' title='bbox 2309 4213 2442 4281; x_wconf 88' lang='grc'>(87),</span> <span class='ocrx_word' id='word_1_613' title='bbox 2475 4213 2681 4279; x_wconf 82' lang='lat' dir='ltr'><strong>ejectus</strong></span> <span class='ocrx_word' id='word_1_614' title='bbox 2715 4223 2800 4266; x_wconf 91' lang='lat' dir='ltr'><strong>est</strong></span> <span class='ocrx_word' id='word_1_615' title='bbox 2853 4212 2992 4281; x_wconf 86' lang='lat'><strong>(88),</strong></span> <span class='ocrx_word' id='word_1_616' title='bbox 3047 4213 3234 4268; x_wconf 89' lang='lat' dir='ltr'><strong>eodem</strong></span> <span class='ocrx_word' id='word_1_617' title='bbox 3293 4213 3432 4269; x_wconf 75' lang='lat' dir='ltr'><strong>forte</strong></span> 
     </span>
    </p>
   </div>
   <div class='ocr_carea' id='block_1_87' title="bbox 1863 4303 3432 4376">
    <p class='ocr_par' dir='ltr' id='par_1_87' title="bbox 1863 4303 3432 4376">
     <span class='ocr_line' id='line_1_87' title="bbox 1863 4303 3432 4376; baseline 0.002 -17"><span class='ocrx_word' id='word_1_618' title='bbox 1863 4306 1956 4376; x_wconf 91' lang='lat' dir='ltr'><strong>qui</strong></span> <span class='ocrx_word' id='word_1_619' title='bbox 1995 4303 2185 4374; x_wconf 77' lang='lat' dir='ltr'><strong>viginti</strong></span> <span class='ocrx_word' id='word_1_620' title='bbox 2250 4303 2361 4357; x_wconf 80' lang='lat' dir='ltr'><strong>fere</strong></span> <span class='ocrx_word' id='word_1_621' title='bbox 2409 4313 2534 4374; x_wconf 90' lang='lat' dir='ltr'><strong>post</strong></span> <span class='ocrx_word' id='word_1_622' title='bbox 2586 4304 2776 4366; x_wconf 89' lang='lat' dir='ltr'><strong>annis,</strong></span> <span class='ocrx_word' id='word_1_623' title='bbox 2835 4305 2889 4357; x_wconf 90' lang='lat' dir='ltr'><strong>in</strong></span> <span class='ocrx_word' id='word_1_624' title='bbox 2930 4306 3157 4360; x_wconf 87' lang='lat' dir='ltr'><strong>concilio</strong></span> <span class='ocrx_word' id='word_1_625' title='bbox 3217 4305 3432 4362; x_wconf 64' lang='lat' dir='ltr'><strong>Nicrno</strong></span> 
     </span>
    </p>
   </div>
   <div class='ocr_carea' id='block_1_88' title="bbox 1868 4395 3432 4465">
    <p class='ocr_par' dir='ltr' id='par_1_88' title="bbox 1868 4395 3432 4465">
     <span class='ocr_line' id='line_1_88' title="bbox 1868 4395 3432 4465; baseline -0.001 -14"><span class='ocrx_word' id='word_1_626' title='bbox 1868 4396 1995 4451; x_wconf 85' lang='lat' dir='ltr'><strong>anni</strong></span> <span class='ocrx_word' id='word_1_627' title='bbox 2030 4396 2136 4450; x_wconf 86' lang='lat'><strong>787</strong></span> <span class='ocrx_word' id='word_1_628' title='bbox 2176 4395 2543 4464; x_wconf 83' lang='lat' dir='ltr'><strong>subscripsit:</strong></span> <span class='ocrx_word' id='word_1_629' title='bbox 2579 4397 2849 4465; x_wconf 61' lang='grc' dir='ltr'><strong>Στέφανος</strong></span> <span class='ocrx_word' id='word_1_630' title='bbox 2881 4397 3095 4461; x_wconf 78' lang='grc' dir='ltr'><strong>ἀνάξιος</strong></span> <span class='ocrx_word' id='word_1_631' title='bbox 3138 4396 3432 4463; x_wconf 70' lang='grc' dir='ltr'>ἐπίσκοπος</span> 
     </span>
    </p>
   </div>
   <div class='ocr_carea' id='block_1_89' title="bbox 1867 4484 3431 4553">
    <p class='ocr_par' dir='ltr' id='par_1_89' title="bbox 1867 4484 3431 4553">
     <span class='ocr_line' id='line_1_89' title="bbox 1867 4484 3431 4553; baseline 0.004 -15"><span class='ocrx_word' id='word_1_632' title='bbox 1867 4487 2148 4552; x_wconf 81' lang='grc' dir='ltr'><strong>Σουγδὰων</strong></span> <span class='ocrx_word' id='word_1_633' title='bbox 2185 4486 2318 4553; x_wconf 85' lang='grc'>(89).</span> <span class='ocrx_word' id='word_1_634' title='bbox 2361 4484 2465 4538; x_wconf 90' lang='lat' dir='ltr'><strong>Sed</strong></span> <span class='ocrx_word' id='word_1_635' title='bbox 2500 4486 2566 4539; x_wconf 87' lang='lat' dir='ltr'><strong>de</strong></span> <span class='ocrx_word' id='word_1_636' title='bbox 2603 4488 2685 4540; x_wconf 86' lang='lat' dir='ltr'><strong>his</strong></span> <span class='ocrx_word' id='word_1_637' title='bbox 2729 4488 2924 4538; x_wconf 86' lang='lat' dir='ltr'><strong>iterum</strong></span> <span class='ocrx_word' id='word_1_638' title='bbox 2974 4486 3041 4540; x_wconf 79' lang='lat' dir='ltr'><strong>ad</strong></span> <span class='ocrx_word' id='word_1_639' title='bbox 3103 4502 3270 4542; x_wconf 74' lang='lat' dir='ltr'><strong>xxvut</strong></span> <span class='ocrx_word' id='word_1_640' title='bbox 3327 4487 3431 4544; x_wconf 83' lang='lat' dir='ltr'><strong>0C-</strong></span> 
     </span>
    </p>
   </div>
   <div class='ocr_carea' id='block_1_90' title="bbox 184 4563 2057 4659">
    <p class='ocr_par' dir='ltr' id='par_1_90' title="bbox 184 4563 2057 4659">
     <span class='ocr_line' id='line_1_90' title="bbox 184 4563 2057 4659; baseline -0.008 -15"><span class='ocrx_word' id='word_1_641' title='bbox 184 4592 346 4645; x_wconf 89' lang='lat' dir='ltr'><strong>nobis</strong></span> <span class='ocrx_word' id='word_1_642' title='bbox 379 4589 772 4659; x_wconf 87' lang='lat' dir='ltr'><strong>assumpsimus</strong></span> <span class='ocrx_word' id='word_1_643' title='bbox 830 4589 1012 4657; x_wconf 88' lang='lat' dir='ltr'><strong>(supra</strong></span> <span class='ocrx_word' id='word_1_644' title='bbox 1067 4601 1217 4640; x_wconf 93' lang='lat' dir='ltr'><strong>num.</strong></span> <span class='ocrx_word' id='word_1_645' title='bbox 1272 4585 1382 4649; x_wconf 85' lang='grc'>11),</span> <span class='ocrx_word' id='word_1_646' title='bbox 1432 4592 1488 4636; x_wconf 90' lang='lat' dir='ltr'><strong>et</strong></span> <span class='ocrx_word' id='word_1_647' title='bbox 1527 4577 1582 4634; x_wconf 84' lang='lat' dir='ltr'><strong>in</strong></span> <span class='ocrx_word' id='word_1_648' title='bbox 1651 4591 1758 4646; x_wconf 93' lang='lat' dir='ltr'><strong>quo</strong></span> <span class='ocrx_word' id='word_1_649' title='bbox 1793 4563 1834 4617; x_wconf 78' lang='grc' dir='ltr'><strong>Ῐ)</strong></span> <span class='ocrx_word' id='word_1_650' title='bbox 1867 4578 2057 4632; x_wconf 89' lang='lat' dir='ltr'><strong>tobris.</strong></span> 
     </span>
    </p>
   </div>
   <div class='ocr_carea' id='block_1_91' title="bbox 183 4675 1755 4748">
    <p class='ocr_par' dir='ltr' id='par_1_91' title="bbox 183 4675 1755 4748">
     <span class='ocr_line' id='line_1_91' title="bbox 183 4675 1755 4748; baseline -0.009 -11"><span class='ocrx_word' id='word_1_651' title='bbox 183 4686 435 4739; x_wconf 87' lang='lat' dir='ltr'><strong>ordinem</strong></span> <span class='ocrx_word' id='word_1_652' title='bbox 499 4684 766 4739; x_wconf 87' lang='lat' dir='ltr'><strong>mensium</strong></span> <span class='ocrx_word' id='word_1_653' title='bbox 830 4695 1015 4735; x_wconf 85' lang='lat' dir='ltr'><strong>sumus</strong></span> <span class='ocrx_word' id='word_1_654' title='bbox 1081 4678 1277 4739; x_wconf 84' lang='lat' dir='ltr'><strong>secuti,</strong></span> <span class='ocrx_word' id='word_1_655' title='bbox 1317 4685 1435 4748; x_wconf 89' lang='lat' dir='ltr'><strong>post</strong></span> <span class='ocrx_word' id='word_1_656' title='bbox 1487 4675 1755 4730; x_wconf 88' lang='lat' dir='ltr'><strong>Joannem</strong></span> 
     </span>
    </p>
   </div>
   <div class='ocr_carea' id='block_1_92' title="bbox 182 4760 1757 4847">
    <p class='ocr_par' dir='ltr' id='par_1_92' title="bbox 182 4760 1757 4847">
     <span class='ocr_line' id='line_1_92' title="bbox 182 4760 1757 4847; baseline -0.011 -16"><span class='ocrx_word' id='word_1_657' title='bbox 182 4778 481 4847; x_wconf 72' lang='lat' dir='ltr'><strong>Monagria:</strong></span> <span class='ocrx_word' id='word_1_658' title='bbox 559 4772 977 4845; x_wconf 81' lang='lat' dir='ltr'><strong>Hegumenum,</strong></span> <span class='ocrx_word' id='word_1_659' title='bbox 1016 4769 1194 4841; x_wconf 88' lang='lat' dir='ltr'><strong>prodit</strong></span> <span class='ocrx_word' id='word_1_660' title='bbox 1261 4765 1317 4820; x_wconf 91' lang='lat' dir='ltr'><strong>S.</strong></span> <span class='ocrx_word' id='word_1_661' title='bbox 1381 4764 1577 4819; x_wconf 88' lang='lat' dir='ltr'><strong>Paulus</strong></span> <span class='ocrx_word' id='word_1_662' title='bbox 1646 4760 1757 4815; x_wconf 79' lang='lat' dir='ltr'><strong>No-</strong></span> 
     </span>
    </p>
   </div>
   <div class='ocr_carea' id='block_1_93' title="bbox 191 4854 1756 4934">
    <p class='ocr_par' dir='ltr' id='par_1_93' title="bbox 191 4854 1756 4934">
     <span class='ocr_line' id='line_1_93' title="bbox 191 4854 1756 4934; baseline -0.01 -12"><span class='ocrx_word' id='word_1_663' title='bbox 191 4887 314 4934; x_wconf 79' lang='lat' dir='ltr'><strong>vus,</strong></span> <span class='ocrx_word' id='word_1_664' title='bbox 350 4869 556 4923; x_wconf 66' lang='lat' dir='ltr'><strong>militiae</strong></span> <span class='ocrx_word' id='word_1_665' title='bbox 583 4869 714 4931; x_wconf 84' lang='lat' dir='ltr'><strong>dux,</strong></span> <span class='ocrx_word' id='word_1_666' title='bbox 751 4866 874 4921; x_wconf 90' lang='lat' dir='ltr'><strong>dein</strong></span> <span class='ocrx_word' id='word_1_667' title='bbox 913 4866 1214 4917; x_wconf 86' lang='lat' dir='ltr'><strong>monachus</strong></span> <span class='ocrx_word' id='word_1_668' title='bbox 1246 4873 1298 4915; x_wconf 90' lang='lat' dir='ltr'><strong>ut</strong></span> <span class='ocrx_word' id='word_1_669' title='bbox 1329 4878 1390 4915; x_wconf 81' lang='lat' dir='ltr'><strong>ex</strong></span> <span class='ocrx_word' id='word_1_670' title='bbox 1439 4854 1756 4928; x_wconf 76' lang='lat' dir='ltr'><strong>quibusdam</strong></span> 
     </span>
    </p>
   </div>
   <div class='ocr_carea' id='block_1_94' title="bbox 183 4950 1757 5028">
    <p class='ocr_par' dir='ltr' id='par_1_94' title="bbox 183 4950 1757 5028">
     <span class='ocr_line' id='line_1_94' title="bbox 183 4950 1757 5028; baseline -0.015 -10"><span class='ocrx_word' id='word_1_671' title='bbox 183 4965 534 5018; x_wconf 87' lang='lat' dir='ltr'><strong>documentis</strong></span> <span class='ocrx_word' id='word_1_672' title='bbox 565 4968 790 5028; x_wconf 85' lang='lat' dir='ltr'><strong>apparet</strong></span> <span class='ocrx_word' id='word_1_673' title='bbox 821 4958 959 5027; x_wconf 71' lang='lat'><strong>(80),</strong></span> <span class='ocrx_word' id='word_1_674' title='bbox 1003 4957 1218 5012; x_wconf 77' lang='lat' dir='ltr'><strong>demum</strong></span> <span class='ocrx_word' id='word_1_675' title='bbox 1286 4963 1488 5022; x_wconf 83' lang='lat' dir='ltr'><strong>martyr</strong></span> <span class='ocrx_word' id='word_1_676' title='bbox 1540 4950 1627 5002; x_wconf 88' lang='lat' dir='ltr'><strong>die</strong></span> <span class='ocrx_word' id='word_1_677' title='bbox 1669 4961 1757 4996; x_wconf 71' lang='lat' dir='ltr'><strong>\‘iu</strong></span> 
     </span>
    </p>
   </div>
   <div class='ocr_carea' id='block_1_95' title="bbox 258 5118 968 5190">
    <p class='ocr_par' dir='ltr' id='par_1_95' title="bbox 258 5118 968 5190">
     <span class='ocr_line' id='line_1_95' title="bbox 258 5118 968 5190; baseline -0.006 -17"><span class='ocrx_word' id='word_1_678' title='bbox 258 5121 374 5190; x_wconf 82' lang='lat'><strong>(75)</strong></span> <span class='ocrx_word' id='word_1_679' title='bbox 407 5120 472 5175; x_wconf 86' lang='grc' dir='ltr'>Τ.</span> <span class='ocrx_word' id='word_1_680' title='bbox 508 5118 716 5183; x_wconf 89' lang='lat' dir='ltr'><strong>lJunii,</strong></span> <span class='ocrx_word' id='word_1_681' title='bbox 753 5135 806 5190; x_wconf 89' lang='lat' dir='ltr'><strong>p.</strong></span> <span class='ocrx_word' id='word_1_682' title='bbox 846 5118 968 5172; x_wconf 67' lang='grc'>402.</span> 
     </span>
    </p>
   </div>
   <div class='ocr_carea' id='block_1_96' title="bbox 254 5188 1124 5260">
    <p class='ocr_par' dir='ltr' id='par_1_96' title="bbox 254 5188 1124 5260">
     <span class='ocr_line' id='line_1_96' title="bbox 254 5188 1124 5260; baseline -0.009 -13"><span class='ocrx_word' id='word_1_683' title='bbox 254 5188 370 5260; x_wconf 81' lang='grc'>(76)</span> <span class='ocrx_word' id='word_1_684' title='bbox 399 5191 656 5245; x_wconf 86' lang='lat' dir='ltr'><strong>Analecta</strong></span> <span class='ocrx_word' id='word_1_685' title='bbox 683 5188 888 5252; x_wconf 66' lang='lat' dir='ltr'><strong>Grieca,</strong></span> <span class='ocrx_word' id='word_1_686' title='bbox 921 5205 973 5258; x_wconf 91' lang='lat' dir='ltr'><strong>p.</strong></span> <span class='ocrx_word' id='word_1_687' title='bbox 1002 5188 1124 5241; x_wconf 81' lang='lat'><strong>507&#39;.</strong></span> 
     </span>
    </p>
   </div>
   <div class='ocr_carea' id='block_1_97' title="bbox 254 5259 906 5330">
    <p class='ocr_par' dir='ltr' id='par_1_97' title="bbox 254 5259 906 5330">
     <span class='ocr_line' id='line_1_97' title="bbox 254 5259 906 5330; baseline 0.002 -17"><span class='ocrx_word' id='word_1_688' title='bbox 254 5262 371 5330; x_wconf 84' lang='grc'>(77)</span> <span class='ocrx_word' id='word_1_689' title='bbox 411 5264 542 5314; x_wconf 85' lang='lat' dir='ltr'><strong>Ibid.</strong></span> <span class='ocrx_word' id='word_1_690' title='bbox 583 5262 636 5313; x_wconf 91' lang='lat' dir='ltr'><strong>in</strong></span> <span class='ocrx_word' id='word_1_691' title='bbox 662 5259 906 5329; x_wconf 69' lang='lat' dir='ltr'><strong>prael&#39;at..</strong></span> 
     </span>
    </p>
   </div>
   <div class='ocr_carea' id='block_1_98' title="bbox 256 5330 929 5401">
    <p class='ocr_par' dir='ltr' id='par_1_98' title="bbox 256 5330 929 5401">
     <span class='ocr_line' id='line_1_98' title="bbox 256 5330 929 5401; baseline -0.009 -17"><span class='ocrx_word' id='word_1_692' title='bbox 256 5332 369 5401; x_wconf 79' lang='lat'><strong>(78)</strong></span> <span class='ocrx_word' id='word_1_693' title='bbox 399 5330 460 5384; x_wconf 88' lang='grc' dir='ltr'>Τ.</span> <span class='ocrx_word' id='word_1_694' title='bbox 487 5333 501 5382; x_wconf 91' lang='lat' dir='ltr'><strong>l</strong></span> <span class='ocrx_word' id='word_1_695' title='bbox 530 5330 700 5401; x_wconf 62' lang='lat' dir='ltr'><strong>Junii,</strong></span> <span class='ocrx_word' id='word_1_696' title='bbox 727 5347 777 5398; x_wconf 87' lang='lat' dir='ltr'><strong>p.</strong></span> <span class='ocrx_word' id='word_1_697' title='bbox 806 5330 929 5401; x_wconf 66' lang='grc'>402.</span> 
     </span>
    </p>
   </div>
   <div class='ocr_carea' id='block_1_99' title="bbox 256 5397 1170 5474">
    <p class='ocr_par' dir='ltr' id='par_1_99' title="bbox 256 5397 1170 5474">
     <span class='ocr_line' id='line_1_99' title="bbox 256 5397 1170 5474; baseline -0.008 -18"><span class='ocrx_word' id='word_1_698' title='bbox 256 5397 370 5474; x_wconf 72' lang='lat'><strong>(79)</strong></span> <span class='ocrx_word' id='word_1_699' title='bbox 398 5401 464 5474; x_wconf 57' lang='grc' dir='ltr'><strong>νε.</strong></span> <span class='ocrx_word' id='word_1_700' title='bbox 491 5401 542 5474; x_wconf 90' lang='lat' dir='ltr'><strong>l_l_</strong></span> <span class='ocrx_word' id='word_1_701' title='bbox 563 5397 758 5474; x_wconf 63' lang='lat' dir='ltr'><strong>ttat-iii,</strong></span> <span class='ocrx_word' id='word_1_702' title='bbox 795 5398 1005 5474; x_wconf 55' lang='lat' dir='ltr'><strong>p.35,</strong></span> <span class='ocrx_word' id='word_1_703' title='bbox 1027 5416 1081 5454; x_wconf 92' lang='lat' dir='ltr'><strong>n.</strong></span> <span class='ocrx_word' id='word_1_704' title='bbox 1099 5397 1170 5474; x_wconf 53' lang='grc' dir='ltr'>β.</span> 
     </span>
    </p>
   </div>
   <div class='ocr_carea' id='block_1_100' title="bbox 255 5462 1754 5542">
    <p class='ocr_par' dir='ltr' id='par_1_100' title="bbox 255 5462 1754 5542">
     <span class='ocr_line' id='line_1_100' title="bbox 255 5462 1754 5542; baseline -0.006 -19"><span class='ocrx_word' id='word_1_705' title='bbox 255 5462 368 5542; x_wconf 73' lang='grc'>(80)</span> <span class='ocrx_word' id='word_1_706' title='bbox 402 5471 467 5525; x_wconf 87' lang='grc' dir='ltr'>Τ.</span> <span class='ocrx_word' id='word_1_707' title='bbox 502 5469 546 5542; x_wconf 81' lang='lat' dir='ltr'><strong>ll</strong></span> <span class='ocrx_word' id='word_1_708' title='bbox 570 5469 720 5542; x_wconf 84' lang='lat' dir='ltr'><strong>Julii,</strong></span> <span class='ocrx_word' id='word_1_709' title='bbox 761 5462 813 5538; x_wconf 57' lang='lat' dir='ltr'><strong>p&#39;.</strong></span> <span class='ocrx_word' id='word_1_710' title='bbox 844 5470 967 5531; x_wconf 79' lang='grc'>656,</span> <span class='ocrx_word' id='word_1_711' title='bbox 1001 5485 1055 5542; x_wconf 71' lang='lat' dir='ltr'><strong>rt.</strong></span> <span class='ocrx_word' id='word_1_712' title='bbox 1092 5471 1145 5522; x_wconf 88' lang='grc'><strong>2.</strong></span> <span class='ocrx_word' id='word_1_713' title='bbox 1180 5467 1269 5542; x_wconf 73' lang='lat' dir='ltr'><strong>er</strong></span> <span class='ocrx_word' id='word_1_714' title='bbox 1293 5468 1521 5528; x_wconf 59' lang='lat' dir='ltr'><strong>Meneta,</strong></span> <span class='ocrx_word' id='word_1_715' title='bbox 1557 5475 1611 5518; x_wconf 88' lang='lat' dir='ltr'><strong>et</strong></span> <span class='ocrx_word' id='word_1_716' title='bbox 1648 5462 1754 5516; x_wconf 81' lang='lat' dir='ltr'><strong>Me-</strong></span> 
     </span>
    </p>
   </div>
   <div class='ocr_carea' id='block_1_101' title="bbox 183 5536 1291 5611">
    <p class='ocr_par' dir='ltr' id='par_1_101' title="bbox 183 5536 1291 5611">
     <span class='ocr_line' id='line_1_101' title="bbox 183 5536 1291 5611; baseline -0.004 -14"><span class='ocrx_word' id='word_1_717' title='bbox 183 5536 466 5611; x_wconf 77' lang='lat' dir='ltr'><strong>noiogiulu</strong></span> <span class='ocrx_word' id='word_1_718' title='bbox 501 5539 686 5594; x_wconf 85' lang='lat' dir='ltr'><strong>Basilii</strong></span> <span class='ocrx_word' id='word_1_719' title='bbox 715 5536 779 5611; x_wconf 73' lang='lat' dir='ltr'><strong>ad</strong></span> <span class='ocrx_word' id='word_1_720' title='bbox 806 5556 968 5596; x_wconf 71' lang='lat' dir='ltr'><strong>xxvnt</strong></span> <span class='ocrx_word' id='word_1_721' title='bbox 1001 5536 1291 5611; x_wconf 79' lang='lat' dir='ltr'><strong>Novembr.</strong></span> 
     </span>
    </p>
   </div>
   <div class='ocr_carea' id='block_1_102' title="bbox 257 5605 1615 5683">
    <p class='ocr_par' dir='ltr' id='par_1_102' title="bbox 257 5605 1615 5683">
     <span class='ocr_line' id='line_1_102' title="bbox 257 5605 1615 5683; baseline -0.003 -20"><span class='ocrx_word' id='word_1_722' title='bbox 257 5605 373 5683; x_wconf 74' lang='grc' dir='ltr'>(δῖ)</span> <span class='ocrx_word' id='word_1_723' title='bbox 404 5612 468 5666; x_wconf 80' lang='lat' dir='ltr'><strong>&#39;J&#39;.</strong></span> <span class='ocrx_word' id='word_1_724' title='bbox 505 5614 545 5665; x_wconf 92' lang='lat' dir='ltr'><strong>l.</strong></span> <span class='ocrx_word' id='word_1_725' title='bbox 577 5609 810 5683; x_wconf 25' lang='lat' dir='ltr'><strong>Augzde</strong></span> <span class='ocrx_word' id='word_1_726' title='bbox 836 5610 1131 5680; x_wconf 81' lang='lat' dir='ltr'><strong>patriarch.</strong></span> <span class='ocrx_word' id='word_1_727' title='bbox 1163 5608 1388 5677; x_wconf 85' lang='lat' dir='ltr'><strong>Cpolit.,</strong></span> <span class='ocrx_word' id='word_1_728' title='bbox 1415 5622 1465 5676; x_wconf 90' lang='lat' dir='ltr'><strong>p.</strong></span> <span class='ocrx_word' id='word_1_729' title='bbox 1494 5605 1615 5659; x_wconf 80' lang='grc'>115.</span> 
     </span>
    </p>
   </div>
   <div class='ocr_carea' id='block_1_103' title="bbox 252 5677 801 5752">
    <p class='ocr_par' dir='ltr' id='par_1_103' title="bbox 252 5677 801 5752">
     <span class='ocr_line' id='line_1_103' title="bbox 252 5677 801 5752; baseline -0.015 -14"><span class='ocrx_word' id='word_1_730' title='bbox 252 5677 366 5752; x_wconf 68' lang='lat' dir='ltr'><strong>(se;</strong></span> <span class='ocrx_word' id='word_1_731' title='bbox 399 5683 564 5752; x_wconf 65' lang='lat' dir='ltr'><strong>ibid,</strong></span> <span class='ocrx_word' id='word_1_732' title='bbox 582 5697 648 5752; x_wconf 90' lang='lat' dir='ltr'><strong>_n.</strong></span> <span class='ocrx_word' id='word_1_733' title='bbox 670 5677 801 5731; x_wconf 70' lang='lat' dir='ltr'><strong>ses.</strong></span> 
     </span>
    </p>
   </div>
   <div class='ocr_carea' id='block_1_104' title="bbox 255 5748 1149 5825">
    <p class='ocr_par' dir='ltr' id='par_1_104' title="bbox 255 5748 1149 5825">
     <span class='ocr_line' id='line_1_104' title="bbox 255 5748 1149 5825; baseline -0.009 -17"><span class='ocrx_word' id='word_1_734' title='bbox 255 5748 369 5825; x_wconf 71' lang='lat'><strong>(85)</strong></span> <span class='ocrx_word' id='word_1_735' title='bbox 506 5749 724 5825; x_wconf 65' lang='lat' dir='ltr'><strong>llJulii1</strong></span> <span class='ocrx_word' id='word_1_736' title='bbox 743 5763 796 5825; x_wconf 72' lang='grc' dir='ltr'>ρ.</span> <span class='ocrx_word' id='word_1_737' title='bbox 829 5751 1039 5825; x_wconf 61' lang='grc' dir='ltr'><strong>655,η.</strong></span> <span class='ocrx_word' id='word_1_738' title='bbox 1067 5748 1149 5803; x_wconf 84' lang='grc'><strong>10.</strong></span> 
     </span>
    </p>
   </div>
   <div class='ocr_carea' id='block_1_105' title="bbox 253 5815 1758 5894">
    <p class='ocr_par' dir='ltr' id='par_1_105' title="bbox 253 5815 1758 5894">
     <span class='ocr_line' id='line_1_105' title="bbox 253 5815 1758 5894; baseline -0.005 -20"><span class='ocrx_word' id='word_1_739' title='bbox 253 5815 365 5894; x_wconf 75' lang='grc'>(84)</span> <span class='ocrx_word' id='word_1_740' title='bbox 399 5824 664 5891; x_wconf 81' lang='lat' dir='ltr'><strong>Lequien,</strong></span> <span class='ocrx_word' id='word_1_741' title='bbox 690 5815 881 5874; x_wconf 80' lang='lat' dir='ltr'><strong>Oriens</strong></span> <span class='ocrx_word' id='word_1_742' title='bbox 913 5823 1138 5882; x_wconf 60' lang='grc' dir='ltr'><strong>(λιι-151..</strong></span> <span class='ocrx_word' id='word_1_743' title='bbox 1175 5831 1210 5874; x_wconf 91' lang='grc' dir='ltr'>ι.</span> <span class='ocrx_word' id='word_1_744' title='bbox 1244 5819 1332 5886; x_wconf 85' lang='grc'>111,</span> <span class='ocrx_word' id='word_1_745' title='bbox 1361 5817 1465 5876; x_wconf 85' lang='lat' dir='ltr'><strong>col.</strong></span> <span class='ocrx_word' id='word_1_746' title='bbox 1495 5820 1635 5876; x_wconf 73' lang='lat'><strong>339&#39;.</strong></span> <span class='ocrx_word' id='word_1_747' title='bbox 1667 5815 1758 5870; x_wconf 75' lang='lat' dir='ltr'><strong>Cir</strong></span> 
     </span>
    </p>
   </div>
   <div class='ocr_carea' id='block_1_106' title="bbox 509 5921 1124 5985">
    <p class='ocr_par' dir='ltr' id='par_1_106' title="bbox 509 5921 1124 5985">
     <span class='ocr_line' id='line_1_106' title="bbox 509 5921 1124 5985; baseline 0.013 -8"><span class='ocrx_word' id='word_1_748' title='bbox 509 5923 775 5982; x_wconf 50' lang='lat' dir='ltr'><strong>Pnnotu</strong></span> <span class='ocrx_word' id='word_1_749' title='bbox 809 5922 919 5978; x_wconf 79' lang='lat' dir='ltr'><strong>GH.</strong></span> <span class='ocrx_word' id='word_1_750' title='bbox 955 5921 1124 5985; x_wconf 77' lang='lat' dir='ltr'><strong>CXV.</strong></span> 
     </span>
    </p>
   </div>
   <div class='ocr_carea' id='block_1_107' title="bbox 1929 4667 3429 4740">
    <p class='ocr_par' dir='ltr' id='par_1_107' title="bbox 1929 4667 3429 4740">
     <span class='ocr_line' id='line_1_107' title="bbox 1929 4667 3429 4740; baseline 0.001 -16"><span class='ocrx_word' id='word_1_751' title='bbox 1929 4669 2017 4724; x_wconf 69' lang='grc'><strong>21.</strong></span> <span class='ocrx_word' id='word_1_752' title='bbox 2067 4667 2185 4723; x_wconf 92' lang='lat' dir='ltr'><strong>Jam</strong></span> <span class='ocrx_word' id='word_1_753' title='bbox 2241 4668 2307 4723; x_wconf 87' lang='lat' dir='ltr'><strong>ad</strong></span> <span class='ocrx_word' id='word_1_754' title='bbox 2361 4668 2844 4724; x_wconf 79' lang='lat' dir='ltr'><strong>celebratissimum</strong></span> <span class='ocrx_word' id='word_1_755' title='bbox 2899 4671 3060 4724; x_wconf 91' lang='lat' dir='ltr'><strong>totius</strong></span> <span class='ocrx_word' id='word_1_756' title='bbox 3095 4673 3429 4740; x_wconf 87' lang='lat' dir='ltr'><strong>persecutio-</strong></span> 
     </span>
    </p>
   </div>
   <div class='ocr_carea' id='block_1_108' title="bbox 1865 4761 3427 4835">
    <p class='ocr_par' dir='ltr' id='par_1_108' title="bbox 1865 4761 3427 4835">
     <span class='ocr_line' id='line_1_108' title="bbox 1865 4761 3427 4835; baseline 0.001 -15"><span class='ocrx_word' id='word_1_757' title='bbox 1865 4766 1946 4820; x_wconf 86' lang='lat' dir='ltr'><strong>nis</strong></span> <span class='ocrx_word' id='word_1_758' title='bbox 1965 4765 2410 4835; x_wconf 71' lang='lat' dir='ltr'><strong>Copronymianze</strong></span> <span class='ocrx_word' id='word_1_759' title='bbox 2433 4771 2725 4833; x_wconf 85' lang='lat' dir='ltr'><strong>martyrem</strong></span> <span class='ocrx_word' id='word_1_760' title='bbox 2760 4761 3094 4831; x_wconf 88' lang='lat' dir='ltr'><strong>Stephanum</strong></span> <span class='ocrx_word' id='word_1_761' title='bbox 3124 4763 3427 4822; x_wconf 87' lang='lat' dir='ltr'><strong>Juniorem.</strong></span> 
     </span>
    </p>
   </div>
   <div class='ocr_carea' id='block_1_109' title="bbox 1861 4852 3427 4926">
    <p class='ocr_par' dir='ltr' id='par_1_109' title="bbox 1861 4852 3427 4926">
     <span class='ocr_line' id='line_1_109' title="bbox 1861 4852 3427 4926; baseline 0 -17"><span class='ocrx_word' id='word_1_762' title='bbox 1861 4859 1950 4926; x_wconf 91' lang='lat' dir='ltr'><strong>qui</strong></span> <span class='ocrx_word' id='word_1_763' title='bbox 1991 4869 2154 4907; x_wconf 72' lang='lat' dir='ltr'><strong>xxvnt</strong></span> <span class='ocrx_word' id='word_1_764' title='bbox 2201 4852 2522 4906; x_wconf 77' lang='lat' dir='ltr'><strong>Novembris</strong></span> <span class='ocrx_word' id='word_1_765' title='bbox 2560 4854 2777 4916; x_wconf 86' lang='lat' dir='ltr'><strong>colitur,</strong></span> <span class='ocrx_word' id='word_1_766' title='bbox 2812 4853 3148 4908; x_wconf 88' lang='lat' dir='ltr'><strong>devenimus.</strong></span> <span class='ocrx_word' id='word_1_767' title='bbox 3184 4854 3281 4909; x_wconf 81' lang='lat' dir='ltr'><strong>Hic</strong></span> <span class='ocrx_word' id='word_1_768' title='bbox 3331 4871 3427 4909; x_wconf 85' lang='lat' dir='ltr'><strong>au-</strong></span> 
     </span>
    </p>
   </div>
   <div class='ocr_carea' id='block_1_110' title="bbox 1863 4945 3430 5019">
    <p class='ocr_par' dir='ltr' id='par_1_110' title="bbox 1863 4945 3430 5019">
     <span class='ocr_line' id='line_1_110' title="bbox 1863 4945 3430 5019; baseline 0.001 -16"><span class='ocrx_word' id='word_1_769' title='bbox 1863 4961 1968 5004; x_wconf 90' lang='lat' dir='ltr'><strong>tem</strong></span> <span class='ocrx_word' id='word_1_770' title='bbox 2023 4947 2158 5002; x_wconf 84' lang='lat' dir='ltr'><strong>satis</strong></span> <span class='ocrx_word' id='word_1_771' title='bbox 2204 4950 2306 5003; x_wconf 84' lang='lat' dir='ltr'><strong>erit</strong></span> <span class='ocrx_word' id='word_1_772' title='bbox 2356 4945 2714 5004; x_wconf 75' lang='lat' dir='ltr'><strong>chronotaxin</strong></span> <span class='ocrx_word' id='word_1_773' title='bbox 2758 4946 3068 5016; x_wconf 84' lang='lat' dir='ltr'><strong>posterioris</strong></span> <span class='ocrx_word' id='word_1_774' title='bbox 3105 4949 3273 5018; x_wconf 82' lang='lat' dir='ltr'><strong>partis</strong></span> <span class='ocrx_word' id='word_1_775' title='bbox 3311 4951 3430 5019; x_wconf 80' lang='lat' dir='ltr'><strong>ejus</strong></span> 
     </span>
    </p>
   </div>
   <div class='ocr_carea' id='block_1_111' title="bbox 1860 5108 3084 5183">
    <p class='ocr_par' dir='ltr' id='par_1_111' title="bbox 1860 5108 3084 5183">
     <span class='ocr_line' id='line_1_111' title="bbox 1860 5108 3084 5183; baseline -0.006 -15"><span class='ocrx_word' id='word_1_776' title='bbox 1860 5114 2115 5169; x_wconf 81' lang='lat' dir='ltr'><strong>Chronic.</strong></span> <span class='ocrx_word' id='word_1_777' title='bbox 2146 5112 2450 5183; x_wconf 78' lang='lat' dir='ltr'><strong>Symeonis.</strong></span> <span class='ocrx_word' id='word_1_778' title='bbox 2479 5111 2619 5183; x_wconf 78' lang='lat' dir='ltr'><strong>Edit.</strong></span> <span class='ocrx_word' id='word_1_779' title='bbox 2645 5109 2844 5183; x_wconf 46' lang='lat' dir='ltr'><strong>Bono”</strong></span> <span class='ocrx_word' id='word_1_780' title='bbox 2878 5124 2929 5183; x_wconf 53' lang='grc' dir='ltr'><strong>ι).</strong></span> <span class='ocrx_word' id='word_1_781' title='bbox 2960 5108 3084 5164; x_wconf 71' lang='lat' dir='ltr'><strong>6J3.</strong></span> 
     </span>
    </p>
   </div>
   <div class='ocr_carea' id='block_1_112' title="bbox 1935 5177 2954 5250">
    <p class='ocr_par' dir='ltr' id='par_1_112' title="bbox 1935 5177 2954 5250">
     <span class='ocr_line' id='line_1_112' title="bbox 1935 5177 2954 5250; baseline -0.007 -12"><span class='ocrx_word' id='word_1_782' title='bbox 1935 5184 2048 5250; x_wconf 75' lang='lat'><strong>(85)</strong></span> <span class='ocrx_word' id='word_1_783' title='bbox 2083 5177 2247 5237; x_wconf 50' lang='lat' dir='ltr'><strong>Cir&#39;t.</strong></span> <span class='ocrx_word' id='word_1_784' title='bbox 2287 5183 2352 5236; x_wconf 89' lang='lat' dir='ltr'><strong>lll</strong></span> <span class='ocrx_word' id='word_1_785' title='bbox 2385 5180 2534 5240; x_wconf 84' lang='lat' dir='ltr'><strong>Julii.</strong></span> <span class='ocrx_word' id='word_1_786' title='bbox 2573 5196 2624 5249; x_wconf 91' lang='lat' dir='ltr'><strong>p.</strong></span> <span class='ocrx_word' id='word_1_787' title='bbox 2652 5179 2775 5243; x_wconf 79' lang='grc'>523,</span> <span class='ocrx_word' id='word_1_788' title='bbox 2807 5194 2863 5240; x_wconf 88' lang='lat' dir='ltr'><strong>n.</strong></span> <span class='ocrx_word' id='word_1_789' title='bbox 2902 5177 2954 5232; x_wconf 85' lang='lat'><strong>9.</strong></span> 
     </span>
    </p>
   </div>
   <div class='ocr_carea' id='block_1_113' title="bbox 1932 5252 2620 5322">
    <p class='ocr_par' dir='ltr' id='par_1_113' title="bbox 1932 5252 2620 5322">
     <span class='ocr_line' id='line_1_113' title="bbox 1932 5252 2620 5322; baseline -0.003 -16"><span class='ocrx_word' id='word_1_790' title='bbox 1932 5255 2040 5322; x_wconf 82' lang='lat'><strong>(86)</strong></span> <span class='ocrx_word' id='word_1_791' title='bbox 2078 5254 2235 5312; x_wconf 65' lang='lat' dir='ltr'><strong>Ibid.</strong></span> <span class='ocrx_word' id='word_1_792' title='bbox 2269 5268 2324 5305; x_wconf 92' lang='lat' dir='ltr'><strong>n.</strong></span> <span class='ocrx_word' id='word_1_793' title='bbox 2363 5252 2394 5304; x_wconf 86' lang='lat'><strong>8</strong></span> <span class='ocrx_word' id='word_1_794' title='bbox 2419 5261 2620 5322; x_wconf 83' lang='lat' dir='ltr'><strong>et_seq.</strong></span> 
     </span>
    </p>
   </div>
   <div class='ocr_carea' id='block_1_114' title="bbox 1932 5318 3426 5391">
    <p class='ocr_par' dir='ltr' id='par_1_114' title="bbox 1932 5318 3426 5391">
     <span class='ocr_line' id='line_1_114' title="bbox 1932 5318 3426 5391; baseline -0.005 -9"><span class='ocrx_word' id='word_1_795' title='bbox 1932 5318 2043 5391; x_wconf 75' lang='grc'>187)</span> <span class='ocrx_word' id='word_1_796' title='bbox 2079 5323 2364 5384; x_wconf 83' lang='lat' dir='ltr'><strong>Cellari‘us,</strong></span> <span class='ocrx_word' id='word_1_797' title='bbox 2399 5330 2435 5373; x_wconf 88' lang='lat' dir='ltr'><strong>t.</strong></span> <span class='ocrx_word' id='word_1_798' title='bbox 2461 5319 2695 5391; x_wconf 12' lang='lat' dir='ltr'><strong>7|,redit.</strong></span> <span class='ocrx_word' id='word_1_799' title='bbox 2737 5319 2888 5383; x_wconf 82' lang='grc'>1775,</span> <span class='ocrx_word' id='word_1_800' title='bbox 2931 5335 2984 5387; x_wconf 91' lang='lat' dir='ltr'><strong>p.</strong></span> <span class='ocrx_word' id='word_1_801' title='bbox 3023 5320 3142 5377; x_wconf 68' lang='grc'><strong>498.</strong></span> <span class='ocrx_word' id='word_1_802' title='bbox 3176 5318 3269 5376; x_wconf 70' lang='lat' dir='ltr'><strong>Cir</strong></span> <span class='ocrx_word' id='word_1_803' title='bbox 3295 5322 3426 5375; x_wconf 80' lang='lat' dir='ltr'><strong>Acta</strong></span> 
     </span>
    </p>
   </div>
   <div class='ocr_carea' id='block_1_115' title="bbox 1864 5390 2573 5461">
    <p class='ocr_par' dir='ltr' id='par_1_115' title="bbox 1864 5390 2573 5461">
     <span class='ocr_line' id='line_1_115' title="bbox 1864 5390 2573 5461; baseline -0.008 -11"><span class='ocrx_word' id='word_1_804' title='bbox 1864 5395 1941 5450; x_wconf 81' lang='lat' dir='ltr'><strong>SS</strong></span> <span class='ocrx_word' id='word_1_805' title='bbox 1972 5435 1984 5455; x_wconf 92' lang='lat'><strong>.</strong></span> <span class='ocrx_word' id='word_1_806' title='bbox 2018 5403 2056 5448; x_wconf 86' lang='lat' dir='ltr'><strong>t.</strong></span> <span class='ocrx_word' id='word_1_807' title='bbox 2090 5391 2127 5443; x_wconf 86' lang='lat' dir='ltr'><strong>V</strong></span> <span class='ocrx_word' id='word_1_808' title='bbox 2166 5391 2331 5447; x_wconf 83' lang='lat' dir='ltr'><strong>Junii.</strong></span> <span class='ocrx_word' id='word_1_809' title='bbox 2361 5407 2412 5461; x_wconf 85' lang='lat' dir='ltr'><strong>p.</strong></span> <span class='ocrx_word' id='word_1_810' title='bbox 2447 5390 2573 5461; x_wconf 63' lang='grc'>247.</span> 
     </span>
    </p>
   </div>
   <div class='ocr_carea' id='block_1_116' title="bbox 1932 5458 3424 5534">
    <p class='ocr_par' dir='ltr' id='par_1_116' title="bbox 1932 5458 3424 5534">
     <span class='ocr_line' id='line_1_116' title="bbox 1932 5458 3424 5534; baseline -0.004 -14"><span class='ocrx_word' id='word_1_811' title='bbox 1932 5466 2041 5534; x_wconf 74' lang='grc'>(881</span> <span class='ocrx_word' id='word_1_812' title='bbox 2072 5464 2295 5534; x_wconf 72' lang='lat' dir='ltr'><strong>Meam.</strong></span> <span class='ocrx_word' id='word_1_813' title='bbox 2329 5458 2569 5534; x_wconf 59' lang='lat' dir='ltr'><strong>Veneriis</strong></span> <span class='ocrx_word' id='word_1_814' title='bbox 2598 5460 2767 5534; x_wconf 40' lang='lat' dir='ltr'><strong>lii-55.</strong></span> <span class='ocrx_word' id='word_1_815' title='bbox 2803 5458 2866 5534; x_wconf 81' lang='lat' dir='ltr'><strong>ad</strong></span> <span class='ocrx_word' id='word_1_816' title='bbox 2907 5475 3089 5534; x_wconf 51' lang='grc' dir='ltr'><strong>δεῖν(</strong></span> <span class='ocrx_word' id='word_1_817' title='bbox 3111 5458 3424 5534; x_wconf 80' lang='lat' dir='ltr'><strong>Novembr.,</strong></span> 
     </span>
    </p>
   </div>
   <div class='ocr_carea' id='block_1_117' title="bbox 1863 5529 3424 5605">
    <p class='ocr_par' dir='ltr' id='par_1_117' title="bbox 1863 5529 3424 5605">
     <span class='ocr_line' id='line_1_117' title="bbox 1863 5529 3424 5605; baseline -0.002 -16"><span class='ocrx_word' id='word_1_818' title='bbox 1863 5552 1912 5605; x_wconf 89' lang='lat' dir='ltr'><strong>p.</strong></span> <span class='ocrx_word' id='word_1_819' title='bbox 1941 5529 2069 5589; x_wconf 72' lang='grc'>211.</span> <span class='ocrx_word' id='word_1_820' title='bbox 2099 5531 2457 5605; x_wconf 80' lang='lat' dir='ltr'><strong>Menologium</strong></span> <span class='ocrx_word' id='word_1_821' title='bbox 2493 5530 2691 5596; x_wconf 86' lang='lat' dir='ltr'><strong>Basilii,</strong></span> <span class='ocrx_word' id='word_1_822' title='bbox 2729 5529 2920 5584; x_wconf 83' lang='lat' dir='ltr'><strong>Urbini</strong></span> <span class='ocrx_word' id='word_1_823' title='bbox 2957 5529 3113 5594; x_wconf 70' lang='grc'>1727,</span> <span class='ocrx_word' id='word_1_824' title='bbox 3143 5532 3210 5584; x_wconf 86' lang='lat' dir='ltr'><strong>ad</strong></span> <span class='ocrx_word' id='word_1_825' title='bbox 3243 5535 3424 5587; x_wconf 80' lang='lat' dir='ltr'><strong>e&#39;uind.</strong></span> 
     </span>
    </p>
   </div>
   <div class='ocr_carea' id='block_1_118' title="bbox 1861 5604 2277 5662">
    <p class='ocr_par' dir='ltr' id='par_1_118' title="bbox 1861 5604 2277 5662">
     <span class='ocr_line' id='line_1_118' title="bbox 1861 5604 2277 5662; baseline -0.007 -1"><span class='ocrx_word' id='word_1_826' title='bbox 1861 5604 2048 5662; x_wconf 83' lang='lat' dir='ltr'><strong>diem..</strong></span> <span class='ocrx_word' id='word_1_827' title='bbox 2073 5623 2123 5662; x_wconf 76' lang='grc' dir='ltr'>υ.</span> <span class='ocrx_word' id='word_1_828' title='bbox 2152 5604 2277 5658; x_wconf 72' lang='grc'>21⁸7.</span> 
     </span>
    </p>
   </div>
   <div class='ocr_carea' id='block_1_119' title="bbox 1934 5623 3428 5751">
    <p class='ocr_par' dir='ltr' id='par_1_119' title="bbox 1934 5623 3428 5751">
     <span class='ocr_line' id='line_1_119' title="bbox 1934 5623 3428 5751; baseline -0.003 -21"><span class='ocrx_word' id='word_1_829' title='bbox 1934 5623 2048 5751; x_wconf 57' lang='lat'><strong>($5;</strong></span> <span class='ocrx_word' id='word_1_830' title='bbox 2073 5623 2486 5751; x_wconf 55' lang='grc' dir='ltr'><strong>ῗρῖὶίξςοηοῑι.</strong></span> <span class='ocrx_word' id='word_1_831' title='bbox 2515 5679 2553 5724; x_wconf 85' lang='grc' dir='ltr'>ι.</span> <span class='ocrx_word' id='word_1_832' title='bbox 2593 5669 2705 5731; x_wconf 88' lang='lat' dir='ltr'><strong>vn.</strong></span> <span class='ocrx_word' id='word_1_833' title='bbox 2738 5668 2928 5751; x_wconf 39' lang='lat' dir='ltr'><strong>p_.&#39;_s_a7</strong></span> <span class='ocrx_word' id='word_1_834' title='bbox 2962 5670 3145 5751; x_wconf 51' lang='lat' dir='ltr'><strong>eses</strong></span> <span class='ocrx_word' id='word_1_835' title='bbox 3171 5671 3228 5751; x_wconf 61' lang='grc' dir='ltr'>ρ,</span> <span class='ocrx_word' id='word_1_836' title='bbox 3264 5671 3331 5751; x_wconf 71' lang='lat'><strong>4?.</strong></span> <span class='ocrx_word' id='word_1_837' title='bbox 3363 5687 3428 5735; x_wconf 88' lang='lat' dir='ltr'><strong>c,</strong></span> 
     </span>
    </p>
   </div>
   <div class='ocr_carea' id='block_1_120' title="bbox 1861 5738 3428 5813">
    <p class='ocr_par' dir='ltr' id='par_1_120' title="bbox 1861 5738 3428 5813">
     <span class='ocr_line' id='line_1_120' title="bbox 1861 5738 3428 5813; baseline -0.007 -9"><span class='ocrx_word' id='word_1_838' title='bbox 1861 5738 2104 5808; x_wconf 79' lang='lat' dir='ltr'><strong>Coletiis,</strong></span> <span class='ocrx_word' id='word_1_839' title='bbox 2136 5738 2902 5813; x_wconf 8' lang='lat' dir='ltr'><strong>lilyricumgsacrum,_t.Vlll,</strong></span> <span class='ocrx_word' id='word_1_840' title='bbox 2934 5755 2989 5809; x_wconf 90' lang='lat' dir='ltr'><strong>p.</strong></span> <span class='ocrx_word' id='word_1_841' title='bbox 3021 5739 3142 5802; x_wconf 71' lang='lat'><strong>19.6;</strong></span> <span class='ocrx_word' id='word_1_842' title='bbox 3169 5741 3428 5810; x_wconf 86' lang='lat' dir='ltr'><strong>Lequien,</strong></span> 
     </span>
    </p>
   </div>
   <div class='ocr_carea' id='block_1_121' title="bbox 1863 5809 2778 5876">
    <p class='ocr_par' dir='ltr' id='par_1_121' title="bbox 1863 5809 2778 5876">
     <span class='ocr_line' id='line_1_121' title="bbox 1863 5809 2778 5876; baseline -0.013 -2"><span class='ocrx_word' id='word_1_843' title='bbox 1863 5819 2055 5874; x_wconf 89' lang='lat' dir='ltr'><strong>Oriens</strong></span> <span class='ocrx_word' id='word_1_844' title='bbox 2087 5809 2316 5870; x_wconf 84' lang='lat' dir='ltr'><strong>Christ..</strong></span> <span class='ocrx_word' id='word_1_845' title='bbox 2345 5822 2384 5866; x_wconf 94' lang='lat' dir='ltr'><strong>t.</strong></span> <span class='ocrx_word' id='word_1_846' title='bbox 2416 5811 2457 5876; x_wconf 88' lang='lat' dir='ltr'><strong>l,</strong></span> <span class='ocrx_word' id='word_1_847' title='bbox 2486 5812 2588 5867; x_wconf 88' lang='lat' dir='ltr'><strong>col.</strong></span> <span class='ocrx_word' id='word_1_848' title='bbox 2626 5809 2778 5864; x_wconf 79' lang='grc'>1229.</span> 
     </span>
    </p>
   </div>
  </div>
