4136 6478
734 433 877 498 1103

2024 430 2301 491 MENSIS
2331 430 2694 490 OCTOBER.

3882 428 4012 491 HM

750 567 909 605 meon
964 550 1270 623 stylitarum
1328 551 1723 620 antesignanus
1783 550 1978 603 colitur
2036 549 2206 618 (121),
2277 557 2327 601 et
2358 569 2399 615 Α
2432 549 2590 600 situm
2622 548 2808 612 fuisse,
2841 559 3050 603 constat
3090 565 3156 604 ex
3185 549 3355 621 Gyllio
3379 561 3434 605 ct
3461 549 3668 620 Cangio
3703 562 3846 616 quos
3865 563 3921 601 n.
3951 549 4013 603 ΞΟ

746 644 866 698 aliis
897 643 1030 698 locis
1059 643 1328 712 plurimis.
1361 643 1444 696 Cl.
1475 643 1531 696 Β.
1576 642 1736 705 Hase,
1769 644 1848 696 vir
1883 640 2080 696 (ἔτερπε
2130 641 2310 694 erudi-

734 737 902 790 tionis
928 735 1194 797 maxime,
1219 735 1271 788 in
1296 737 1438 790 notis
1461 738 1524 789 ad
1558 735 1796 788 Leonem
1823 731 2114 787 Diaronum
2137 733 2308 801 (122),

733 829 993 882 observat
1033 828 1245 896 stylitas
1272 843 1443 896 usque
1483 828 1547 880 ad
1586 827 1836 879 saeculum
1879 841 1950 879 1111
1990 827 2040 878 111
2093 825 2314 879 Oriente

734 919 1080 988 perdurasse,
1119 917 1529 986 PapehrOchius
1607 932 1736 969 vero
1790 916 2154 985 deprehendit
2221 933 2315 969 eo.

734 1012 978 1064 rumdem
1042 1011 1351 1063 institutum
1413 1010 1553 1077 apud
1605 1009 1890 1064 Ruthenos
1947 1009 2182 1078 viguisse
2249 1008 2315 1059 ad

734 1118 828 1156 sua
866 1117 1035 1170 usque
1066 1112 1308 1170 tempora
1341 1102 1515 1171 (123).

805 1193 896 1246 ἓ9.
954 1193 1142 1253 Porro,
1191 1193 1233 1245 si
1315 1192 1599 1261 styhtiram
1672 1192 1834 1243 vitam
1908 1191 1963 1243 5.
2045 1191 2314 1245 Andream

734 1286 1040 1354 amplexum
1068 1299 1188 1338 esse
1221 1284 1401 1338 minus
1435 1283 1660 1338 evidens
1709 1294 1812 1349 est,
1860 1296 2006 1338 certe
2039 1287 2163 1337 eum
2199 1301 2313 1337 rno-

735 1377 968 1430 nachum
1002 1375 1082 1428 vel
1125 1377 1518 1432 anachoretam
1576 1375 1762 1436 fuisse,
1811 1392 1972 1430 nemo
2020 1377 2314 1429 dubitabit.

734 1464 1025 1520 Permultis
1065 1463 1117 1516 id
1162 1463 1491 1517 testimoniis
1516 1464 1819 1524 adstruere.
1875 1465 2054 1528 facile,
2104 1467 2196 1518 sed
2230 1482 2318 1518 su-

736 1572 1129 1628 pervacaneum
1175 1555 1348 1611 foret:
1378 1572 1477 1610 nec
1524 1558 1672 1610 aliud
1720 1558 1808 1611 hic
1841 1558 2120 1612 afferimus
2157 1575 2315 1628 quam

735 1665 996 1704 canonetn
1029 1649 1136 1717 jam
1186 1649 1484 1712 laudatum,
1533 1658 1659 1702 ante
1699 1650 1936 1702 medium
1971 1652 2232 1704 Saeculum
2267 1668 2316 1703 ix

733 1759 762 1794 a
820 1741 878 1795 S.
929 1741 1168 1809 Josepho
1207 1742 1572 1810 conscriptum
1613 1741 1783 1808 (121).
1837 1741 1910 1794 lbi
1979 1742 2162 1811 igitur,
2219 1744 2321 1794 ode

734 1835 928 1903 prima,
952 1833 1188 1901 tropario
1221 1832 1398 1896 tertio,
1463 1831 1722 1884 Sanctum
1754 1851 1780 1883 a
1807 1833 2089 1900 juventute
2105 1843 2318 1901 captum

2413 644 2760 702 adduximus.
2795 654 2848 696 ct
2881 659 3004 697 cum
3041 645 3252 712 (lpolim
3286 661 3350 698 ex
3392 655 3546 712 portu
3582 642 4014 697 advenientibus

2414 735 2550 788 ultra
2577 736 2762 787 urbem
2794 746 2958 796 esset,
2987 736 3110 790 ideo
3141 738 3194 790 in
3223 738 3370 791 Actis
3398 736 3673 804 prioribus
3710 736 3762 787 111
3789 751 4014 804 synasa-

2418 829 2500 880 rio
2534 827 2944 888 Mediolaneusi,
2991 833 3132 897 quod
3177 829 3202 900 §
3237 847 3247 882 I
3281 847 3541 884 excusum
3575 841 3685 888 est,
3723 841 3780 882 et
3817 831 3868 879 in
3900 827 4015 879 Sir-

2421 919 2715 971 niondiano
2739 934 2865 981 ms.,
2894 921 3152 986 palatium
3180 924 3287 975 divi
3317 922 3600 975 Mamantis
3631 922 3816 988 πέραν
3853 923 4011 973 situm

2416 1007 2716 1064 dicitur.‘id
2741 1019 2843 1067 cst.
2867 1009 3001 1061 ultra
3038 1013 3244 1063 urbem.
3277 1011 3416 1064 ldcm
3451 1014 3716 1081 palatium
3753 1009 4011 1078 Symeoni

2418 1097 2794 1165 Metaphrastae
2821 1101 2908 1167 qui
2932 1098 3078 1166 Cpoli
3107 1102 3357 1169 degebat,
3379 1106 3428 1154 in
3459 1107 3607 1154 Actis
3644 1117 3804 1153 num.
3829 1101 3882 1154 6.
3912 1116 4010 1151 non

2419 1193 2580 1251 ultra.
2615 1192 2705 1244 sed
2736 1202 2860 1244 ante
2906 1194 3094 1245 urbem
3151 1194 3380 1258 dicitur;
3419 1196 3640 1245 demum
3684 1193 3929 1260 Cangius
3966 1193 4010 1243 in

2417 1281 2691 1334 Chronico
2729 1280 2925 1333 l’aScali
2956 1284 3106 1350 (1‘19)
3138 1288 3307 1350 πέραν
3331 1285 3484 1336 vertit
3512 1301 3525 1336 :
3563 1299 3757 1335 versus
3792 1285 4010 1342 fretum,

2419 1375 2682 1442 siquidem
2714 1376 2857 1427 aedes
2884 1377 2938 1427 5.
2973 1376 3261 1428 Mamantis
3285 1379 3349 1430 de
3381 1393 3486 1445 quo
3523 1377 3625 1430 hoc
3651 1379 3781 1429 loco
3813 1390 4010 1436 sermo.

2422 1468 2560 1520 freto
2589 1465 2816 1536 Syczno
2848 1483 2941 1520 seu
2976 1467 3235 1521 Ceratino
3266 1474 3507 1536 proxima
3545 1480 3685 1523 erat.

2493 1557 2580 1612 '51.
2637 1559 2694 1612 5.
2727 1560 2990 1622 Andreas,
3021 1575 3142 1612 cum
3175 1559 3516 1627 Copronymo
3542 1561 3793 1617 furorem
3859 1574 4008 1611 suum

2423 1645 2474 1698 in
2547 1646 2809 1715 imagines
2891 1658 3070 1699 sacras
3148 1663 3443 1714 earumque
3508 1649 3754 1699 cultores
3821 1663 4013 1711 expro-

2422 1737 2650 1800 brasset,
2693 1737 2835 1790 varia
2885 1751 3200 1805 perpeSsus,
3237 1747 3290 1788 ut
3330 1741 3381 1789 in
3428 1737 3576 1790 Actis
3633 1737 3903 1797 refertur,
3930 1739 4014 1789 de-

2427 1844 2569 1880 mum
2608 1829 2660 1880 in
2687 1842 2893 1882 arcium
2932 1828 3246 1897 foedumque
3283 1844 3556 1882 carcerem
3590 1831 3888 1896 c0njectus
3918 1839 4011 1882 est.

735 1925 1008 1978 desiderio
1041 1923 1266 1987 Christi,
1301 1921 1548 1975 laetanter
1586 1938 1803 1975 crucem
1840 1923 2031 1992 suique
2082 1924 2318 1994 abnega-
2353 1903 2579 1972 ιζ1411110
2634 1934 2740 1972 non
2799 1928 3001 1972 temore
3059 1935 3332 1972 carcerem
3384 1917 3584 1974 Phiaire
3649 1935 3751 1973 seu
3833 1919 4014 1972 Fontis

736 2015 938 2069 tionem
965 2015 1271 2083 amplexum
1305 2028 1423 2069 esse
1459 2014 1587 2067 dicit
1618 2031 1630 2079 ;
1663 2016 1762 2068 ode
1787 2030 1911 2069 vero
1939 2031 2101 2079 nona,
2135 2026 2315 2084 tropa-

737 2110 818 2163 rio
841 2110 1104 2169 secundo,
1142 2122 1263 2159 cum
1293 2107 1706 2165 monachorum.
1745 2109 1825 2161 vel
1866 2111 2316 2162 anachoretarum

728 2201 905 2253 decus
930 2199 1165 2266 appellat
1195 2215 1204 2249 :
1230 2195 1592 2262 Μοναζόντων
1625 2199 2078 2269 tracanto-naua.
2105 2200 2159 2253 lu
2185 2216 2322 2270 quo-

736 2291 859 2342 dam
885 2288 1185 2358 lilcnologio
1222 2287 1438 2342 Moscho
1468 2304 1591 2352 ms.,
1623 2291 1734 2352 cui,
1768 2294 1844 2343 uti
1883 2301 1936 2346 et
1968 2293 2164 2345 tabulis
2191 2293 2325 2359 ligu-

741 2381 872 2433 ratis
909 2380 977 2433 de
1021 2380 1393 2446 quibusnam.
1430 2377 1484 2440 '2,
1541 2379 1706 2432 fidere
1743 2395 1957 2449 semper
1987 2399 2092 2434 non
2133 2398 2322 2451 possu-

742 2485 882 2532 mus,
919 2480 1264 2538 nuncupatur
1390 2470 1637 2522 Andreas
1661 2467 2050 2539 Hieromartyr,
2083 2472 2224 2540 quod
2256 2473 2322 2525 de

739 2563 1069 2631 martyribus
1107 2561 1434 2630 presbyteris
1467 2562 1640 2613 solum
1670 2561 1796 2625 dici,
1827 2563 1880 2614 in
1914 2572 2192 2632 comperto
2217 2572 2318 2627 est;

750 2667 934 2703 verum
969 2651 1022 2703 in
1055 2651 1310 2702 omnibus
1353 2649 1474 2702 aliis
1523 2659 1579 2702 ut
1615 2650 2004 2722 HoSiotnartyr,
2034 2653 2084 2705 id
2126 2661 2231 2715 est,
2268 2663 2326 2707 ut

740 2742 1040 2793 monachus
1077 2753 1127 2793 et
1154 2751 1373 2809 martyr,
1414 2741 1733 2808 proponitur
1769 2740 1939 2809 (1‘25).
1966 2742 2017 2794 In
2051 2742 2323 2796 Sirmondi

741 2831 1091 2900 Synaxarista
1136 2844 1260 2891 ms.,
1319 2843 1479 2896 quem
1539 2827 1761 2881 Parisiis
1808 2831 2123 2883 decessores
2153 2832 2323 2884 nostri

741 2923 870 2977 olim
916 2931 1268 2989 acceperunt,
1296 2921 1492 2972 dieitur
1532 2923 1584 2970 in
1633 2919 1791 2970 Creta
1835 2921 1931 2989 τὴν
1967 2926 2177 2991 μονήρη
2214 2921 2326 2989 βίον

749 3014 1175 3082 μετεσχὸμενος,
1209 3026 1273 3063 ex
1299 3010 1495 3078 quibus
1529 3010 1756 3078 aliisque
1791 3013 2058 3065 similibus
2091 3013 2326 3082 appella-

744 3104 1003 3166 tionibus,
1039 3099 1095 3154 S.
1137 3103 1380 3154 Andreas
1416 3100 1598 3169 potius
1648 3107 1976 3155 anachoreta
2023 3107 2100 3156 vel
2138 3105 2327 3159 solita-

743 3195 876 3251 rius,
905 3209 1060 3261 quam
1099 3197 1396 3244 monachus
1437 3207 1529 3243 seu
1579 3193 1850 3246 emnobita
1888 3192 2055 3246 fuisse
2093 3194 2322 3246 videtur.

743 3281 1064 3354 Hujusmodi
1114 3290 1293 3335 autem
1336 3283 1695 3334 anachoretas
1740 3297 1844 3334 non
1879 3286 2039 3334 rudes
2075 3285 2321 3337 honnncs

742 3375 928 3437 fuisse,
961 3374 1054 3427 sed
1092 3373 1411 3441 plerumque
1449 3371 1750 3423 doctrinam
1781 3387 1990 3425 sacram
2026 3373 2156 3426 satis
2182 3376 2318 3428 bene

742 3471 984 3529 edoctos,
1031 3481 1096 3516 ex
1159 3464 1305 3516 Actis
1358 3461 1415 3514 S.
1473 3461 1734 3532 Stephani
1777 3463 2037 3532 Junioris,
2089 3453 2318 3536 aliisque

744 3558 1113 3614 monumentis
1141 3557 1296 3609 facile
1323 3568 1508 3625 posset
1536 3558 1734 3608 evinci.

815 3655 904 3708 ‘50.
937 3653 1052 3706 Jam
1100 3651 1410 3706 accedimus
1459 3652 1524 3703 ad
1579 3668 1639 3702 ea
1674 3667 1790 3719 quae
1824 3650 1878 3706 S.
1905 3653 2148 3709 Andreas
2169 3653 2321 3726 Cpoli

744 3746 928 3816 gessit.
962 3746 1096 3796 Acta
1143 3744 1346 3810 priora,
1401 3757 1555 3794 num.
1594 3742 1645 3803 6,
1684 3749 1806 3794 dum
1859 3747 1977 3813 ejus
2027 3749 2316 3800 adventum

745 3839 898 3909 Cpoli
935 3844 1209 3900 enarrant,
1253 3849 1374 3887 cum
1415 3834 1602 3888 dicunt
1638 3836 1827 3905 Byzam
1881 3840 2176 3908 appulisse,
2210 3856 2317 3893 non

748 3930 1084 3999 Byzantium,
1111 3936 1205 3980 aut
1248 3921 1454 3994 Cpolim
1489 3945 1499 3978 :
1539 3926 1649 3997 Τὴν
1688 3928 1864 3990 Βυζπιν
1910 3932 2320 3997 manutius.

749 4022 955 4074 Nomen
989 4019 1128 4071 istud
1165 4031 1264 4069 nec
1300 4017 1441 4068 inter
1465 4016 1611 4067 ttrbis
1645 4029 1853 4085 portus,
1884 4020 1935 4070 in
1962 4021 2146 4088 Cangii
2171 4021 2322 4090 Cpoli

747 4110 1056 4166 Christiana
1085 4108 1406 4177 reperimus,
1436 4119 1538 4159 nec
1576 4105 1642 4158 ab
1676 4107 1781 4160 ullo
1813 4109 2154 4178 scriptorcde
2171 4110 2322 4180 Cpoli

750 4201 956 4257 dictum
1005 4202 1172 4254 fuisse
1227 4199 1478 4252 vidimus.
1512 4195 1720 4268 Gyllius
1768 4203 1952 4254 scribit
1987 4203 2052 4255 de
2090 4201 2324 4273 Barbysa

751 4297 911 4351 ‘luvio
962 4307 1129 4364 prope
1173 4288 1380 4361 Cpolim
1414 4290 1578 4360 (126),
1611 4289 1845 4344 Ortelius
1881 4293 2027 4360 (t2?)
2067 4294 2132 4347 de
2177 4293 2321 4358 Bisa,

756 4391 933 4456 Bizya,
979 4385 1106 4438 Bizo
1141 4383 1385 4438 Thracia:
1429 4395 1482 4435 et
1514 4380 1714 4436 Matsiae
1745 4382 1991 4444 urbibus,
2033 4386 2125 4436 sed
2151 4386 2215 4438 de
2245 4387 2328 4441 his

753 4482 1004 4536 omnibus
1037 4481 1120 4532 hic
1153 4480 1232 4548 agi
1261 4492 1367 4530 non
1406 4483 1604 4545 potest.
1641 4473 1717 4528 Ex
1753 4476 1838 4528 his
1860 4486 2039 4530 autem
2065 4477 2176 4547 jam
2200 4492 2327 4547 pro-

2423 2011 2588 2063 fuisse
2631 2011 2856 2072 dixeris,
2897 2012 3056 2077 cujus
3117 2011 3370 2078 frequens
3424 2011 3627 2062 mentio
3684 2013 3740 2062 in
3783 2013 3935 2063 Actis
3961 2009 4011 2062 S.

2425 2103 2705 2172 Stephani,
2731 2119 3000 2172 quemque
3030 2120 3094 2157 ex
3133 2105 3325 2156 iisdem
3353 2120 3456 2156 non
3495 2106 3684 2171 procul
3717 2107 3789 2156 ab
3822 2107 4014 2172 Hippo-

2423 2197 2655 2259 drornio,
2692 2197 3097 2266 martyriorum,
3131 2197 3181 2247 in
3210 2195 3310 2248 hac
3341 2197 3751 2263 persecutione.
3793 2200 4011 2247 ordina-

2425 2291 2505 2340 rio
2547 2290 2778 2349 theatro,
2813 2294 3000 2342 situm.
3033 2303 3097 2339 ac
3127 2287 3278 2340 valde
3330 2287 3578 2340 tetricum
3635 2287 3814 2360 fuisse
3852 2302 4012 2355 appa-

2426 2391 2507 2433 ret
2546 2379 2716 2447 (150).
2759 2377 3152 2446 Metaphrastes
3193 2378 3278 2430 hic
3335 2379 3572 2430 insinuat
3625 2379 3681 2431 5.
3742 2381 4012 2431 Andream

2423 2471 2604 2540 plures
2639 2471 2755 2523 dies
2784 2473 2834 2521 in
2869 2483 3087 2521 carcere
3120 2468 3445 2537 transegisse
3470 2478 3522 2520 et
3547 2472 3732 2521 socios
3771 2470 4015 2534 captivos

2423 2564 2814 2624 confirmasse;
2852 2560 2936 2613 cui
2967 2561 3099 2612 Acta
3123 2561 3299 2627 priora
3325 2560 3706 2612 contradicere
3738 2561 4014 2620 \identur,

2425 2663 2478 2708 01.
2507 2654 2793 2707 manifeste
2829 2652 3156 2706 contradicit
3190 2654 3530 2718 synaxarium
3579 2666 3644 2702 ex
3684 2652 3752 2701 iis
3804 2658 4017 2702 contra.

2426 2756 2593 2807 ctum,
2626 2756 2676 2798 et
2726 2760 2877 2797 num.
2910 2743 2944 2795 5
2979 2745 3266 2795 recitatum
3297 2758 3309 2803 ς
3346 2757 3469 2793 nam
3524 2742 3595 2794 tbi
3631 2753 3860 2808 postera
3916 2742 4015 2810 jam

2426 2839 2536 2896 die.
2573 2851 2756 2890 coram
2813 2835 3159 2903 Copronyino
3213 2834 3409 2886 iterum
3466 2848 3794 2901 apparuisse
3829 2836 4015 2888 fertur,

2427 2929 2567 2998 quod
2602 2929 2726 2980 item
2761 2926 3121 2996 synaxaristes
3152 2924 3473 2978 Nemeorum
3502 2925 3723 2984 asserit,
3773 2923 3827 2974 in
3867 2926 4016 2977 caete-

2427 3022 2501 3072 ris
2541 3017 2796 3071 omnibus
2851 3016 2984 3084 ipsis
3033 3014 3412 3082 Metaphrastaa
3451 3014 3633 3066 verbis
3688 3014 3929 3066 locutus.
3966 3014 4015 3064 In

2430 3109 2620 3163 iisdem
2657 3108 2873 3160 Menaeis
2908 3107 3148 3161 excusis.
3176 3108 3242 3158 ad
3276 3121 3440 3156 xxviii
3477 3105 3815 3157 Novembris
3854 3106 4014 3172 1151),

2434 3203 2522 3254 ubi
2549 3201 2615 3254 de
2650 3200 2705 3251 5.
2740 3199 3016 3265 Stephano
3036 3196 3238 3248 dicitur
3259 3211 3381 3248 eum
3425 3197 3474 3246 in
3515 3211 3741 3249 carcere
3781 3198 4014 3263 [παρίοι-η

2429 3293 2593 3346 fuisse
2611 3291 2910 3350 detentum,
2935 3288 3152 3340 additur
3175 3303 3298 3340 eum
3323 3288 3390 3339 ibi
3420 3285 3638 3339 Petrum
3667 3297 3720 3339 et
3745 3289 4015 3340 Andream

2432 3385 2722 3454 repetisse,
2759 3397 2944 3435 verum
3001 3381 3128 3434 illud
3173 3382 3453 3434 evidenter
3498 3396 3796 3433 crroneam
3834 3393 3936 3444 est,
3969 3392 4016 3434 et

2431 3493 2491 3530 ex
2529 3476 2666 3529 male
2696 3473 2970 3526 intellecto
3003 3471 3307 3539 Menelogio
3335 3466 3607 3523 Basiliam)
3641 3471 3924 3537 profluxit.
3963 3471 4014 3522 In

2433 3568 2594 3635 hujus
2621 3565 2924 3635 synaxario,
2956 3564 3022 3616 ad
3072 3565 3322 3615 eumdem
3371 3562 3532 3624 diem,
3579 3563 3774 3615 titulus
3809 3565 3966 3616 habet
4002 3580 4014 3616 :

2431 3655 2718 3718 Certamen
2761 3655 2815 3710 S.
2851 3653 3112 3724 Stephani
3153 3650 3398 3706 Juuioris
3443 3654 3696 3707 monachi
3729 3666 3788 3707 et
3824 3667 4017 3724 marty-

2431 3751 2529 3811 ris,
2574 3759 2625 3802 et
2668 3750 2759 3818 qui
2807 3764 2928 3801 cum
2974 3763 3038 3801 eo
3087 3749 3229 3816 passi
3278 3758 3426 3809 sunt,
3478 3746 3621 3802 Petri
3676 3758 3732 3802 et
3770 3752 4015 3803 Andreae.

2432 3841 2565 3894 Dein
2603 3840 2657 3892 5.
2703 3839 2949 3892 Andreas
2978 3839 3195 3908 quidem
3226 3838 3424 3892 dicitur
3457 3839 3768 3892 monachus
3807 3840 3971 3895 fuisse
4003 3859 4014 3892 :

2429 3935 2456 3986 ὁ
2489 3935 2650 3995 ὅπως,
2689 3933 2781 3985 sed
2811 3932 2866 3984 5.
2899 3931 3091 3985 Petrus
3122 3936 3350 3982 vocatur
3384 3931 3708 3998 simpliciter
3737 3949 3750 3982 :
3787 3934 3814 3983 ὁ
3847 3934 4015 3997 ἅγιος,

2435 4037 2487 4078 et
2517 4027 2783 4077 enarratis
2806 4023 3043 4075 breviter
3075 4023 3359 4075 amborum
3400 4025 3696 4090 martyriis,
3733 4025 3899 4077 sicuti
3934 4041 4017 4077 su-

2435 4129 2526 4183 pra
2554 4123 2608 4166 et
2653 4114 2704 4165 in
2757 4111 2906 4165 Actis
2951 4111 3356 4173 describuntur,
3391 4110 3456 4161 de
3486 4109 3542 4161 5.
3586 4111 3750 4164 Petro
3777 4114 4015 4175 additur,

2436 4215 2558 4256 eum
2585 4202 2735 4270 prius
2775 4216 2994 4256 carcere
3043 4200 3323 4254 detentum
3378 4198 3546 4252 fuisse
3604 4200 3736 4266 (cfr.
3773 4207 4019 4258 1111111.15

2436 4293 2580 4346 circa
2611 4294 2814 4363 11110111).

2513 4400 2840 4462 52.0uibus
2915 4417 3019 4454 non
3082 4410 3338 4454 accurate
3409 4400 3670 4456 discussis
3731 4415 3830 4457 aut
3873 4407 4014 4472 juxta

2439 4492 2570 4543 Acta
2598 4491 2908 4544 authentica
2936 4491 3259 4555 emendatis,
3288 4495 3657 4561 synaxaristes
3691 4491 4014 4547 Menaeorum

754 4590 882 4628 num
912 4583 989 4628 est
1021 4571 1261 4640 judicare
1295 4570 1407 4622 haec
1439 4569 1572 4622 Acta
1608 4568 1785 4636 priora
1819 4568 1970 4637 Cpoli
2014 4586 2122 4624 non
2159 4573 2326 4629 fuisse
2355 4588 2406 4650 ι)
2435 4583 2697 4637 discernit
2735 4582 3092 4642 amonacbis
3143 4582 3202 4636 5.
3253 4581 3470 4636 Petrum
3515 4591 3568 4634 et
3616 4581 3676 4634 S.
3729 4585 4014 4646 Andream,

754 4672 979 4736 scripta,
1009 4666 1152 4733 quod
1191 4667 1383 4716 itermn
1422 4677 1485 4714 ex
1536 4661 1674 4712 inl'ra
1706 4660 1951 4714 dicendis
1981 4679 2119 4732 peue
2152 4668 2328 4721 mani—

757 4761 952 4812 festum
990 4760 1099 4810 lict.
1130 4755 1296 4809 Porro
1321 4769 1444 4808 eum
1474 4752 1530 4807 S.
1564 4753 1811 4806 Andreas
1843 4755 2048 4822 Cpolim
2081 4757 2331 4812 advenis-

757 4860 862 4914 set,
897 4850 1035 4901 illico
1069 4847 1133 4904 ad
1176 4845 1436 4915 palatium
1469 4845 1612 4913 quod
1643 4862 1670 4896 a
1717 4843 1774 4899 S.
1811 4842 2081 4897 Mamante
2121 4859 2332 4900 nuncu-

762 4955 939 5011 patur,
988 4956 1044 4994 se
1094 4937 1345 4999 contulit,
1379 4936 1525 5005 quod
1560 4937 1627 4988 ibi
1677 4939 1970 5004 imperator
2011 4937 2248 5005 degeret,
2279 4949 2333 4993 ct

758 5038 1016 5087 continua
1048 5032 1427 5100 martyriorum
1460 5027 1769 5098 spectacula
1797 5028 1848 5081 in
1881 5029 2166 5098 adiacente
2198 5029 2328 5100 Hip-

765 5124 1044 5194 podromio
1077 5123 1222 5191 (Ιϊὶδ)
1251 5123 1562 5176 ederentur.
1603 5122 1864 5174 Palatium
1891 5123 2016 5176 illud
2055 5134 2205 5177 extra
2241 5141 2331 5176 ur-

764 5223 907 5278 hem.
941 5219 1280 5273 occidentem
1322 5229 1532 5281 versus,
1561 5215 1616 5268 in
1648 5215 1855 5270 decima
1891 5227 2080 5284 quarta
2113 5218 2330 5286 regione

839 5373 1066 5447 (121)1‘.
1106 5375 1124 5430 Ι
1158 5379 1406 5438 Januar.,
1440 5389 1494 5444 p.
1526 5375 1664 5441 9.62;
1695 5374 1775 5431 cfr
1799 5386 1834 5430 t.
1874 5374 1913 5429 ll
1942 5373 2125 5438 Febr”
2161 5393 2211 5446 p.
2239 5378 2328 5441 9|,

767 5449 986 5596 η’(ῗὲίὶ)
1009 5515 1145 5568 Edit.
1181 5514 1349 5580 Paris,
1387 5530 1438 5586 p.
1470 5515 1607 5581 263',
1645 5516 1719 5569 cfr
1745 5525 1782 5570 t.
1816 5517 1858 5568 ll
1891 5515 2040 5580 Feb.,
2078 5517 2175 5571 Ioc.
2211 5518 2328 5580 c.it..

762 5599 987 5724 ndiii'i’d
1020 5654 1121 5710 Τ.Ι
1162 5653 1308 5717 Maii,
1340 5671 1390 5725 p.
1430 5674 1611 5712 xxvttt.

836 5725 1428 5795 (121)Τ.1Λρ1“11.,ι1.
1459 5730 1584 5791 269,
1621 5745 1676 5782 n.
1715 5730 1796 5783 15.

837 5799 1089 5872 (ῳῖξμξη
1118 5808 1154 5872 t_.
1185 5798 1200 5850 Ι
1232 5795 1462 5872 .\laii,_p.
1485 5815 1583 5862 vn;
1615 5814 1668 5855 et
1701 5816 1885 5870 supra,
1913 5803 1938 5872 ς
1969 5819 2003 5865 t,
2031 5803 2254 5869 passim.

834 5868 982 5935 (1'26)
1019 5868 1090 5922 Ue
1118 5867 1356 5937 BOSpoI'o
1377 5865 1628 5928 Thracio,
1656 5865 1792 5938 apud
1826 5865 2078 5928 Gronov-ii
2108 5876 2325 5944 Antiqq.

2435 4678 2681 4746 quamvis
2713 4685 2899 4744 aperte
2923 4690 3027 4728 non
3064 4677 3206 4728 dicat
3233 4692 3327 4730 eos
3363 4679 3663 4733 monachos
3693 4694 3808 4732 non
3837 4679 4012 4743 fuisse;

2435 4777 2490 4820 et
2538 4766 2727 4819 itidem
2783 4775 3059 4819 trecentos
3091 4773 3144 4816 et
3180 4768 3529 4839 quadraginta
3579 4771 3721 4824 duos
3756 4781 4014 4841 captivos,

2435 4856 2635 4926 quibus
2666 4855 2723 4907 5.
2763 4854 3075 4921 Stephanus
3115 4854 3167 4907 in
3199 4860 3452 4925 praetorio
3495 4859 3798 4927 adjunctus
3830 4871 3932 4922 est,
3969 4861 4012 4908 in

2438 4947 2736 5004 monachos
2799 4956 2853 5000 et
2910 4947 3044 5002 alios
3101 4949 3437 5018 distinguere
3495 4952 3740 5005 videtur.
3800 4949 4010 5012 Verum,

2439 5052 2543 5098 tam
2579 5041 2855 5097 distinctio
2905 5042 3026 5107 ista,
3054 5060 3213 5113 quam
3266 5043 3553 5114 praesentia
3598 5043 3659 5096 5.
3701 5044 3937 5100 Andreae:
3968 5048 4011 5093 in

2437 5149 2661 5188 carcere
2692 5137 2930 5203 praetorii
2964 5152 3089 5190 cum
3119 5137 3174 5189 S.
3206 5135 3506 5206 Stephano,
3543 5151 3607 5190 ex
3643 5137 3917 5206 scriptore
3943 5137 4012 5186 ds-

2438 5226 2793 5297 ligeutiSsimo
2834 5239 2889 5280 et
2945 5242 3126 5282 coaevo
3171 5228 3446 5297 Stephano
3495 5227 3760 5292 Diacono,
3795 5228 3889 5298 qui
3917 5225 4011 5280 5111

2436 5387 2627 5448 Gneo,
2655 5396 2692 5439 t.
2727 5383 2836 5445 νιι,
2871 5387 2974 5440 col.
3003 5387 3160 5441 SI‘ZS.

2438 5458 2653 5579 $369.7)
2686 5455 2870 5509 Ortelzi
2924 5457 3238 5512 Thesaurus
3291 5455 3710 5528 geographicus.
3755 5456 4004 5523 Antrerp.

2715 5595 3044 5681 Theopban.
3091 5597 3194 5681 loc;
3256 5596 3374 5661 cit.,
3428 5611 3482 5666 p.
3530 5593 3658 5655 667,
3719 5592 3846 5656 676,
3892 5594 4004 5654 677,

2434 5665 2558 5726 68‘2,
2591 5679 2720 5727 etc.,
2754 5676 2806 5717 et
2837 5668 2890 5716 in
2927 5665 3077 5717 Actis
3110 5667 3270 5719 infra.

2505 5736 2650 5805 U29)
2684 5735 2829 5787 Edit.
2857 5735 3143 5804 Bonn.,,p.
3175 5736 3297 5790 598.

2509 5808 2652 5871 (150)
2684 5805 2848 5878 Anal.
2881 5821 3083 5878 griecui
3102 5823 3151 5874 p.
3180 5807 3302 5878 466.
3337 5807 3436 5861 467
3462 5818 3516 5860 et
3547 5822 3703 5878 seqq.
3737 5819 3791 5862 et
3824 5805 3940 5859 499.

2501 5878 2645 5946 (l3!)
2681 5876 2919 5928 Venetus
2958 5877 3108 5942 1843,
3135 5894 3186 5945 p.
3211 5877 3331 5929 210.
