4136 6528
165 478 300 543 1105

1264 482 1445 543 VlTA
1485 483 1545 542 S.
1593 479 1929 541 ANDREAE
1974 480 2050 539 ΙΝ
2093 481 2325 542 CRlSi.

3284 482 3430 549 1106

160 593 279 646 illos
305 592 554 662 captivos
597 606 789 647 omnes
822 591 1117 647 monachos
1149 590 1318 647 fuisse
1349 590 1553 645 diserte
1584 604 1736 645 asse-
1764 587 1814 647 A
1841 591 2198 646 illustrantur.
2235 589 2344 644 Bos
2402 590 2615 645 scilicet
2653 604 2748 645 seu
2799 588 2973 645 forum
3018 591 3196 657 Bovis,
3225 608 3425 650 nomen

161 685 251 746 rit,
282 682 383 737 nec
426 684 599 739 ultum
646 683 866 740 Petrum
918 694 1010 738 aut
1039 683 1313 738 Andream
1359 694 1474 737 tum
1523 694 1745 735 carcere

158 772 464 838 detentum,
498 773 588 827 vel
652 775 857 829 socium
911 773 1159 843 quemvis
1192 788 1314 827 cum
1367 772 1429 825 S.
1468 768 1746 839 Stephano

161 864 696 934 supplieiotraditnm
712 876 1119 929 commemorat,
1134 866 1333 935 corrigi
1355 864 1742 931 debent(l32i.

162 957 219 1015 id
248 960 443 1012 iterum
475 968 702 1028 apparet
740 975 804 1014 ex
853 974 1065 1014 canone
1107 959 1163 1014 S.
1200 958 1486 1029 Stephani,
1541 958 1595 1011 in
1633 957 1744 1012 Mc-

161 1051 293 1106 naais
337 1051 402 1105 ad
454 1066 623 1128 xxviii
670 1050 1008 1115 Novembris,
1044 1052 1133 1121 qui
1181 1068 1357 1106 canon
1422 1051 1742 1120 scriptorem

160 1143 379 1212 prafert
406 1144 663 1199 eumdem
700 1145 755 1197 5.
808 1143 1132 1213 Jmepbum,
1167 1147 1254 1214 qui
1290 1145 1346 1200 S.
1388 1144 1618 1198 Andreae
1651 1159 1744 1197 ca-

160 1249 359 1289 nonem
396 1237 748 1291 concinnavit
776 1252 835 1290 ac
868 1252 1065 1291 nomen
1100 1238 1151 1290 in
1197 1238 1400 1290 ultimae
1432 1237 1549 1291 οδω
1585 1252 1743 1291 acro-

160 1329 393 1384 stichide
427 1330 644 1400 signare
688 1332 997 1396 consuevit,
1043 1345 1314 1400 quemque
1349 1347 1511 1385 nosse
1546 1331 1746 1401 poterit

159 1414 359 1471 Lector
392 1434 454 1471 ex
497 1419 646 1472 Actis
679 1434 706 1473 a
750 1418 1118 1487 Papebrochio
1143 1420 1303 1476 editis
1351 1422 1416 1477 ad
1467 1423 1610 1477 diem
1640 1432 1745 1477 ter-

163 1505 296 1559 tium
328 1506 523 1573 Aprilis
559 1508 726 1576 (1⁸53).
754 1508 808 1562 1η
840 1509 941 1563 hoc
969 1526 1199 1571 canone.
1248 1511 1351 1568 ode
1374 1510 1427 1576 6,
1460 1512 1621 1566 etiam
1653 1527 1745 1566 ce-

160 1594 441 1650 lebrantttr
497 1598 556 1653 5.
610 1598 809 1657 Paulus
869 1618 1028 1671 quem
1085 1602 1408 1659 Cretensem
1470 1606 1742 1670 diximus,

164 1686 263 1741 SS.
316 1699 583 1761 martyres
634 1692 884 1760 Ephesini
931 1697 998 1751 38
1046 1696 1183 1766 (efr.
1219 1713 1378 1767 supra
1426 1715 1579 1752 num.
1631 1699 1742 1768 i3),

164 1774 221 1830 5.
270 1776 461 1832 Petrus
514 1781 583 1835 de
637 1781 976 1846 Blachernis.
1021 1788 1211 1840 eodem
1252 1789 1446 1842 ordine
1495 1790 1745 1853 omnino,

161 1878 335 1935 eoque
372 1868 475 1922 illis
516 1871 757 1942 martyrii
800 1889 997 1941 genere
1032 1876 1253 1942 tributo,
1288 1892 1396 1943 quo
1441 1879 1583 1948 apud
1623 1879 1746 1934 Ste-

161 1958 404 2028 phanum
459 1961 757 2019 Diaconum
823 1966 1221 2037 insigniuntur.
1287 1968 1747 2042 Hymnugrapbus

162 2049 328 2122 igitur
358 2054 415 2108 5.
448 2053 712 2125 Stephani
750 2059 883 2113 Acta
915 2062 1150 2131 genuina
1185 2065 1617 2134 perlustravcrit.
1651 2068 1745 2122 sed

162 2159 271 2198 non
319 2148 449 2202 item
499 2153 867 2219 synaxaristes
921 2153 1294 2221 Menaeorum;
1345 2157 1505 2227 idque
1557 2160 1641 2213 vel
1681 2176 1746 2215 eo

163 2239 419 2295 evincere
443 2258 747 2310 possemus.
779 2249 921 2312 quod
963 2246 1081 2315 ejus
1114 2263 1312 2317 corpus
1343 2250 1394 2304 in
1445 2266 1592 2306 mare
1622 2268 1750 2322 pro-

158 2328 369 2403 jectum
422 2333 590 2389 fuisse
636 2336 855 2396 referat.
891 2338 950 2388 ἐν
988 2338 1065 2408 τῷ
1096 2340 1346 2407 πελάγει.
1382 2359 1505 2398 cum
1548 2344 1600 2398 in
1648 2344 1748 2400 Pe-

164 2419 299 2490 lagia
321 2424 611 2478 dicendum
650 2426 862 2482 fuisset.
888 2428 1062 2499 Atque
1090 2431 1179 2486 hic
1199 2433 1364 2486 etiam
1387 2436 1745 2499 advertimus,

164 2514 304 2579 quod
334 2514 536 2567 dudum
564 2515 676 2583 jam
703 2514 1105 2586 Papebrochius
1136 2522 1348 2576 monuit
1369 2523 1538 2591 (iiii),
1558 2523 1749 2580 ()fiieia

166 2610 220 2656 et
257 2617 497 2658 canones
546 2604 871 2662 Nemeorum
933 2610 1252 2679 plerumque
1298 2616 1598 2683 synaxariis
1628 2632 1749 2671 esse

170 2695 341 2750 multo
374 2698 682 2767 antiquiora
733 2710 787 2755 et
823 2704 1154 2772 probatiora.
1202 2705 1373 2760 Porro
1421 2708 1599 2775 prodit
1631 2711 1751 2779 qui-

168 2783 317 2844 dem.
360 2786 412 2839 in
472 2793 665 2844 eodem
705 2790 920 2859 Josephi
972 2809 1180 2850 canone
1228 2797 1294 2851 de
1337 2796 1395 2852 5.
1450 2797 1750 2868 Stephano,

168 2872 332 2926 etiam
393 2877 638 2932 Andreas
700 2895 940 2952 martyr.
993 2887 1087 2940 sed
1139 2897 1292 2943 extra
1364 2892 1559 2944 seriem
1608 2892 1749 2946 illam

168 2980 330 3035 quam
372 2981 437 3020 ex
487 2968 545 3039 S.
602 2971 860 3040 Stephani
924 2975 1074 3031 Actis
1124 2990 1439 3048 excerptam
1493 2983 1748 3048 diximus,

169 3056 287 3112 Ode
337 3072 532 3127 nempe
574 3069 784 3124 octava,
816 3065 1055 3131 trepario
1097 3066 1279 3132 tertio;
1330 3083 1505 3136 neque
1535 3071 1752 3124 additur

168 3169 295 3207 eum
328 3169 451 3207 cum
473 3155 529 3208 5.
558 3155 833 3225 Stephano
865 3158 918 3211 in
955 3174 1173 3215 carcere
1209 3162 1442 3227 praetorii
1477 3172 1749 3217 versatum

1848 683 2202 738 mutuabatur
2229 698 2260 737 a
2288 684 2505 757 camino
2538 699 2691 738 aeneo
2730 684 2784 738 in
2832 683 3058 740 formam
3090 687 3245 742 bovis
3289 704 3427 744 con-

1844 775 1993 840 ﬂato,
2028 775 2079 829 in
2114 790 2222 845 quo
2262 784 2418 830 ustus
2467 774 2639 829 fertur
2672 774 2732 830 S.
2765 777 2996 845 Antipas
3019 788 3240 849 martyr,
3272 783 3429 835 ante.

1844 883 2004 938 quam
2051 866 2314 938 Pergamo
2357 866 2567 937 Cpolim
2616 884 2646 922 a
2690 866 3002 925 Theodosio
3038 886 3235 940 magno
3281 880 3429 926 esset

1846 961 2125 1020 advectus.
2155 960 2428 1034 quiqnein
2452 959 2555 1015 hoc
2584 959 2699 1015 foro
2727 962 3023 1015 eminebat.
3053 963 3125 1017 De
3157 966 3256 1017 hoc
3280 979 3426 1017 mar-

1848 1053 1970 1124 tyrii
2004 1052 2370 1106 instrumento
2405 1053 2618 1121 egregie
2648 1052 2888 1122 disputat
2919 1054 3204 1109 Morcellus
3238 1064 3425 1111 noster

1850 1145 1901 1201 in
1952 1143 2286 1201 doctissimis
2336 1142 2761 1199 Commentariis
2799 1145 2999 1209 quibus
3042 1146 3424 1202 Kalendarium

1849 1253 2010 1292 suum
2058 1237 2398 1305 (Zpolitanutn
2427 1238 2708 1292 exornavit
2744 1238 2914 1305 (155).
2947 1238 3205 1307 Capiebat
3243 1249 3424 1294 autem

1851 1327 2028 1382 forum
2072 1326 2233 1381 Bovis
2277 1329 2563 1383 undecima
2613 1328 2781 1399 regio,
2839 1345 2946 1383 non
3000 1332 3186 1398 procul
3223 1346 3252 1384 a
3289 1330 3431 1385 freto

1847 1418 2105 1485 Ceratino
2153 1415 2366 1477 dissita,
2413 1435 2515 1472 nec
2566 1434 2595 1472 a
2648 1428 2799 1487 porta
2852 1419 3304 1483 Blachernarum,
3338 1420 3426 1474 ubi

1849 1505 2003 1562 multi
2055 1508 2368 1563 habitabant
2418 1508 2718 1577 piscatores
2755 1506 2926 1577 (156).
2976 1508 3047 1561 De
3083 1507 3228 1563 Bove
3273 1510 3427 1579 plura

1847 1600 2012 1654 etiam
2039 1598 2311 1668 congessit
2350 1599 2478 1652 olim
2499 1598 2901 1667 Papebrochius
2930 1597 3099 1668 (157).
3141 1598 3216 1652 Ex
3241 1613 3308 1653 eo
3332 1615 3431 1653 au-

1849 1700 1957 1746 tem
1983 1690 2125 1760 quod
2160 1690 2228 1745 ibi
2266 1689 2442 1745 furum
2467 1689 2635 1744 fuisse
2659 1689 2893 1750 dicatur.
2924 1689 3081 1745 facile
3115 1690 3429 1762 intelligitur

1847 1781 1991 1851 quod
2037 1782 2091 1835 in
2135 1780 2284 1834 Actis
2327 1780 2529 1834 nostris
2572 1778 2836 1848 scriptum
2884 1789 2969 1833 est
3001 1796 3154 1833 num.
3189 1779 3279 1842 15,
3313 1790 3430 1833 truc

1852 1876 2132 1931 colentum
2187 1873 2336 1927 illum
2390 1872 2714 1942 piscatorem
2773 1872 3024 1935 hastam,
3078 1886 3145 1925 ex
3204 1870 3432 1927 macello

1850 1970 2087 2041 quodam
2162 1969 2235 2024 ibi
2299 1976 2607 2035 arreptam.
2657 1967 2999 2021 adhibuisse.
3057 1965 3434 2021 Conferendus

1850 2062 2012 2117 etiam
2035 2062 2352 2131 Anonymus
2377 2056 2811 2114 Combeiisianns
2850 2057 3022 2127 (1⁸58).
3057 2056 3146 2126 qui
3182 2072 3248 2111 ex
3292 2056 3433 2113 Bove

1836 2167 2004 2219 teneo
2043 2165 2295 2205 nummos
2329 2164 2491 2204 cusos
2533 2146 2609 2201 ab
2656 2147 2904 2202 Heraclio
2937 2147 3120 2211 refert,
3156 2156 3215 2201 ut
3258 2148 3330 2202 ita
3364 2150 3431 2203 ad

1851 2243 2179 2315 Copronytni
2218 2257 2387 2310 usque
2417 2250 2659 2309 tempora
2694 2240 2797 2293 Bos
2824 2254 2932 2294 non
2962 2241 3328 2309 permansisse
3356 2242 3434 2293 vi-

1852 2338 2066 2399 deatur,
2099 2335 2192 2390 sed
2224 2335 2398 2389 solum
2452 2348 2650 2388 nomen
2685 2333 2800 2388 foro
2845 2333 3095 2389 inditum.
3122 2333 3300 2388 Locus
3344 2335 3435 2391 ille

1854 2427 2211 2493 foedissimus,
2248 2427 2300 2481 in
2334 2441 2494 2495 (luem
2521 2424 2580 2480 S.
2615 2425 2861 2481 Andreas
2888 2426 3163 2495 projectus
3195 2425 3313 2489 fuit,
3337 2424 3438 2479 Pe-

1853 2520 1978 2591 lagii
2035 2518 2399 2588 sepulcretnm
2448 2527 2552 2577 est.
2587 2517 2732 2587 quod
2784 2517 2948 2571 etiam
2999 2515 3058 2571 S.
3092 2515 3431 2584 Stephanum

1852 2611 2132 2666 Juniorem
2172 2609 2452 2676 excepisse
2476 2617 2709 2662 testatur
2754 2606 3097 2677 Nicephorus
3131 2608 3183 2660 in
3214 2607 3440 2661 Brevia-

1855 2706 1961 2767 rio.
1985 2712 2040 2757 et
2067 2719 2129 2756 ex
2164 2703 2282 2773 ejus
2307 2701 2458 2755 Actis
2486 2701 2550 2754 ad
2579 2701 2722 2755 diem
2758 2716 2923 2754 xxvttt
2972 2698 3239 2753 Novemb.
3274 2700 3441 2768 pluri-

1854 2795 1959 2850 bus
1990 2793 2377 2847 declarabitur.
2426 2792 2505 2845 En
2552 2788 2842 2858 Nicephori
2896 2788 3057 2843 verba
3104 2787 3325 2842 Petavio
3359 2790 3441 2843 in-

1860 2895 2143 2956 terprete:
2186 2886 2227 2936 A
2281 2883 2481 2951 palatio
2531 2882 2595 2935 ad
2624 2880 2786 2935 Bovis
2828 2894 3001 2949 usque
3046 2879 3224 2933 forum
3270 2890 3440 2934 attra-

1858 2990 2029 3041 ctum,
2085 2977 2397 3031 miserrime
2451 2974 2885 3043 discerpserunt.
2938 2972 3106 3039 Cujus
3153 2986 3349 3041 corpus
3384 2972 3438 3025 in

1858 3088 1982 3125 eum
2019 3072 2194 3124 locum
2240 3086 2399 3139 quem
2435 3066 2633 3137 Pelagii
2682 3063 2930 3131 sepulcra
2981 3066 3285 3121 nominant.
3319 3074 3440 3117 lan-

1857 3176 2019 3225 quam
2072 3160 2298 3211 malefici
2353 3159 2635 3225 cujusdam
2680 3156 2974 3221 abjiciunt;
3010 3155 3136 3208 illuc
3194 3158 3337 3207 enim
3387 3164 3443 3208 et

170 3258 314 3303 esse.
346 3247 438 3299 sed
471 3248 655 3311 paucis
683 3250 885 3315 verbis,
914 3254 1076 3305 unico
1105 3251 1372 3323 'l‘ropario
1395 3254 1520 3317 isto,
1551 3265 1750 3326 marty-
1782 3267 1823 3325 ο
1857 3250 2212 3322 profanorum
2248 3248 2531 3317 gentilium
2567 3256 2622 3301 et
2648 3261 2835 3301 eorum
2864 3247 2954 3315 qui
2985 3247 3203 3315 capitali
3230 3246 3441 3314 suppli-

170 3334 312 3388 rium
344 3339 396 3389 in
433 3338 577 3390 hunc
600 3340 817 3392 modum
852 3343 1144 3407 exponitur
1178 3361 1190 3396 :
1232 3344 1465 3397 Fortiter
1494 3361 1753 3411 persecu-

171 3429 275 3481 tori
329 3432 613 3491 resistcns,
640 3430 819 3483 divina
875 3431 1143 3499 sapientia
1178 3434 1441 3502 praeditus
1482 3436 1749 3499 Andreas,

171 3520 398 3590 ﬂagellis
431 3522 753 3589 percutitur,
784 3522 1147 3579 etimtnancm
1183 3538 1411 3581 mortem
1441 3525 1622 3593 justus
1658 3542 1754 3596 pa-

175 3613 327 3675 titur,
360 3614 473 3678 jam
503 3615 760 3671 accinens
785 3615 1013 3671 Domino
1043 3619 1263 3673 Christo
1299 3621 1352 3673 in
1390 3621 1603 3674 saecula.
1636 3621 1752 3675 Non

176 3707 355 3775 potuit
398 3707 578 3774 itaque
625 3706 896 3777 Iosephus
932 3709 1406 3781 Hymnographus.
1458 3712 1549 3780 qui
1599 3711 1754 3780 Cpoli

176 3800 430 3868 degebat.
463 3800 782 3867 patriarcha?
819 3802 1007 3871 lgnatii
1039 3801 1434 3874 Sceu0phylax,
1463 3804 1552 3859 ubi
1597 3804 1665 3858 de
1696 3803 1753 3857 5.

180 3892 484 3959 Stephano,
519 3893 779 3960 primario
824 3895 987 3949 torius
1026 3899 1422 3961 persecutionis
1481 3880 1761 3966 Caprony-

179 3985 379 4037 miante
421 3994 657 4054 martyre
686 3985 894 4054 agebat.
934 3987 1094 4041 etiam
1152 3987 1208 4043 S.
1255 3991 1483 4045 Andreae
1534 3990 1585 4043 in
1619 3990 1759 4045 Crisi

178 4090 288 4129 non
320 4076 659 4139 meminisse,
704 4076 831 4131 licet
870 4077 920 4131 in
958 4079 1108 4133 Actis
1157 4078 1215 4132 5.
1251 4078 1517 4146 Stephani
1552 4100 1671 4153 quae
1705 4085 1757 4138 in

177 4183 397 4222 canone
422 4183 523 4223 suo
550 4180 771 4225 secutus
805 4172 1038 4233 videtur,
1071 4174 1137 4226 de
1156 4187 1222 4226 eo
1257 4174 1462 4229 mentio
1500 4192 1608 4229 non
1647 4176 1759 4231 fiat.

180 4262 236 4316 id
266 4263 468 4319 iterum
510 4261 714 4331 patebit
761 4277 827 4316 ex
860 4263 1111 4317 laudibus
1141 4265 1341 4333 quibus
1392 4265 1449 4320 5.
1485 4268 1759 4321 Andream

178 4355 430 4409 cumulat
463 4355 515 4404 in
538 4366 748 4405 canone
776 4370 937 4422 quem
969 4355 1037 4410 de
1071 4356 1189 4426 ipso
1216 4358 1585 4421 concinnavit,
1615 4368 1670 4413 et
1700 4376 1761 4414 ex

177 4459 290 4513 quo
317 4441 548 4497 inferius
580 4444 805 4508 plurima
838 4447 1189 4515 proferimus.

253 4536 346 4592 33.
415 4535 657 4589 Eductus
727 4545 809 4591 cst
870 4534 927 4591 S.
977 4541 1219 4593 Andreas
1274 4557 1304 4593 e
1357 4557 1576 4597 carcere
1643 4560 1761 4607 suo,

1858 3344 1942 3395 cio
1966 3341 2206 3394 damnati
2242 3347 2449 3399 essent,
2494 3338 2754 3391 cadavera
2805 3336 3236 3405 deportabantur
3264 3336 3437 3403 (139).

1814 3480 1816 3483 .
1858 3431 2253 3497 Metapbrastes
2293 3442 2445 3481 num.
2478 3427 2578 3490 15,
2612 3436 2665 3480 et
2708 3427 3071 3497 synaxaristes
3112 3427 3439 3481 Menaorum

1858 3523 1916 3579 5.
1944 3522 2213 3576 Andream
2240 3522 2291 3573 in
2319 3519 2496 3573 locum
2522 3515 2890 3573 maleficorum
2911 3518 3211 3591 projectum
3231 3518 3440 3575 dicunt.

1859 3624 1916 3670 et
1969 3616 2110 3668 inter
2161 3626 2450 3681 corporum
2509 3611 2820 3680 congeriem
2895 3618 3198 3676 repertum;
3253 3625 3440 3663 verum

1861 3707 2228 3773 Theophanes
2251 3712 2436 3772 aperte
2467 3702 2679 3771 Pelagia
2704 3700 2901 3754 indicat
2933 3700 3117 3768 (supra
3148 3716 3300 3753 ntnu.
3328 3699 3441 3769 H).

1861 3798 1971 3854 Cur
2014 3806 2197 3850 autem
2236 3796 2423 3849 eadem
2472 3793 2718 3862 sepulcra
2764 3808 2870 3846 non
2902 3790 3120 3863 Pelagii.
3155 3792 3248 3846 sed
3286 3792 3443 3871 [fcia-

1863 3893 1982 3961 εἰη,
2030 3888 2128 3955 τῆς
2177 3888 2338 3953 ἁγίλς
2378 3885 2665 3949 iladvig.
2699 3882 2767 3938 ab
2813 3883 3082 3952 aliquibus
3124 3882 3263 3937 dicta
3309 3882 3443 3941 sint.

1863 3981 2151 4050 diligenter
2200 3976 2421 4045 inquirit
2471 3975 2778 4046 Janningus
2824 3974 2877 4027 in
2925 3975 3077 4030 Actis
3123 3974 3177 4029 S.
3217 3974 3444 4044 Pelagia:

1866 4068 2221 4124 Antiochena:
2275 4065 2451 4138 (HO).
2497 4082 2597 4121 nec
2656 4065 3071 4135 explicationem
3121 4064 3329 4133 Cangii.
3376 4065 3445 4120 ad

1867 4172 2071 4223 calcem
2103 4165 2394 4220 Annalium
2438 4164 2664 4217 Zonarae
2706 4163 2977 4225 traditam,
3022 4160 3230 4215 admitti
3263 4174 3441 4230 posse,

1872 4269 2019 4314 recte
2050 4258 2252 4313 ibidem
2279 4255 2507 4311 evicisse
2531 4256 2763 4309 videtur.

2011 4370 2036 4440 ᾗ
2068 4366 2156 4424 IV.
2185 4367 2243 4422 S.
2281 4368 2502 4420 Andra:
2546 4367 2803 4440 reliquia',
2850 4366 3130 4426 miracula,
3162 4366 3304 4419 locus

2503 4437 2810 4505 sepultum.

1944 4557 2033 4611 δι.
2060 4536 2270 4623 Corpus
2302 4550 2360 4604 5.
2401 4548 2629 4602 Andreae
2658 4546 2711 4599 in
2741 4544 2966 4616 Pelagiis
2996 4559 3092 4614 per
3121 4543 3445 4599 miraculum

176 4643 346 4694 quem
380 4627 579 4682 Phiala:
614 4626 779 4681 fuisse
804 4630 1174 4685 verosimilius
1197 4632 1459 4695 diximus,
1487 4635 1552 4688 ad
1585 4634 1751 4704 impe-

1871 4657 2139 4717 repcrtum
2174 4660 2233 4696 ac
2264 4660 2293 4695 a
2332 4640 2541 4695 ezteris
2568 4640 2883 4697 discretum,
2905 4652 2931 4687 a
2961 4637 3063 4703 piis
3094 4636 3221 4687 viris
3254 4636 3305 4687 in
3328 4635 3446 4689 loco

181 4732 450 4781 ratorem,
489 4732 544 4773 et
567 4735 747 4774 coram
786 4735 850 4775 eo
887 4721 1181 4789 imaginum
1217 4724 1619 4779 venerationem
1659 4727 1757 4780 ite-

182 4830 308 4867 rum
345 4812 610 4865 audacter
642 4814 831 4873 tuitus.
866 4829 894 4865 a
934 4813 1134 4882 palatio
1167 4814 1224 4866 S.
1260 4814 1544 4872 Mamantis
1582 4817 1634 4869 in
1669 4832 1759 4869 ur-

181 4905 312 4961 bem
370 4902 615 4973 pertrahi
668 4905 888 4973 jubetur
919 4908 996 4973 (in
1050 4910 1222 4968 Actis.
1256 4925 1406 4963 num.
1455 4911 1519 4962 Η
1552 4919 1606 4963 et
1652 4908 1759 4977 15).

183 5012 426 5067 cumque
458 4998 526 5052 ad
554 4997 726 5052 forum
754 4996 911 5051 Bovis
942 5001 1299 5068 perveniSSet,
1332 5014 1529 5055 terram
1567 5002 1766 5071 ubique

187 5093 428 5159 irrigans
445 5104 662 5151 cruore.
692 5089 762 5142 ibi
786 5104 813 5142 a
834 5089 1100 5157 pisratore
1116 5091 1348 5160 quodam
1375 5092 1507 5161 pede
1544 5093 1764 5147 dextero

186 5186 459 5246 abscisso.
509 5184 744 5236 animam
792 5182 900 5237 Deo
948 5182 1186 5241 tradidit.
1237 5182 1392 5248 Quod
1443 5200 1566 5240 cum
1606 5187 1772 5240 vidis—

187 5285 337 5336 sent.
385 5275 477 5346 qui
533 5289 657 5328 eum
709 5274 1015 5367 trabebapt.
1078 5276 1131 5327 in
1186 5275 1363 5329 locum
1410 5275 1765 5333 foedissimum

189 5370 446 5427 exanime
512 5384 713 5437 corpus
768 5369 1067 5438 projecere.
1132 5371 1257 5423 Haec
1294 5388 1355 5425 ex
1416 5375 1771 5438 sequentibus

267 5554 417 5655 (βξ)
448 5552 600 5655 Arnal.
627 5550 823 5655 Οἵδε..
847 5550 1039 5655 £22330”
1070 5564 1119 5604 et
1149 5553 1273 5604 5l7.

265 5618 421 5683 1155)
456 5623 518 5675 Τ.
556 5623 748 5687 April”
778 5618 972 5687 με).ὂῆ

271 5695 422 5762 (ιδι)
459 5691 523 5744 Τ.
573 5690 634 5746 Ill
681 5690 858 5751 .‘lart..
913 5711 963 5763 μ.
1014 5696 1111 5747 165
1153 5700 1217 5745 et
1252 5702 1288 5747 ι.
1329 5694 1343 5746 1
1390 5694 1556 5752 Junii.
1595 5712 1645 5766 p.
1689 5698 1767 5759 l7,

195 5780 250 5815 n.
284 5768 335 5817 ϐ.

270 5833 420 5896 (135)
450 5831 516 5884 Τ.
554 5829 613 5891 ll,
642 5850 691 5899 ιι.
728 5832 814 5885 85.

267 5902 418 5968 (136)
453 5897 659 5965 Cyliius
692 5900 924 5969 Topogr.
964 5897 1142 5968 Cpoi..
1181 5901 1272 5953 lib.
1312 5920 1367 5967 tt,
1404 5921 1522 5973 cap.
1554 5925 1609 5959 ιι.

1872 4747 2061 4791 sancto
2090 4732 2261 4788 Crisis
2288 4729 2597 4800 depositmn
2630 4734 2747 4786 est;
2783 4733 2943 4793 atque
2982 4726 3083 4779 hoc
3129 4719 3346 4792 quidem
3378 4738 3443 4779 ex

1873 4826 2043 4889 Actis,
2076 4836 2133 4879 ut
2172 4824 2345 4887 aiunt,
2394 4816 2774 4889 anepigraphis
2819 4831 2969 4869 num.
3028 4813 3110 4877 l6,
3138 4814 3445 4882 insequenti

1875 4931 2035 4975 nocte
2069 4920 2269 4973 factum
2320 4924 2441 4968 esse
2476 4912 2708 4965 videtur.
2746 4908 3064 4961 Aiiraeulum
3100 4915 3280 4960 tamen
3310 4922 3448 4975 prae-

1876 5014 2119 5071 citatum.
2148 5010 2289 5081 quod
2324 5005 2719 5075 Aletaphrastes
2739 5012 2795 5056 et
2823 5000 3019 5053 Meneea
3062 5014 3258 5051 excusa
3307 4997 3450 5051 reie-

1879 5117 2023 5167 runt,
2055 5106 2107 5157 in
2140 5103 2329 5157 iisdem
2379 5099 2527 5153 Actis
2572 5114 2678 5151 non
2712 5101 3014 5161 comparet,
3050 5091 3141 5145 sed
3187 5095 3446 5144 omittunt

1880 5208 2110 5258 tantum,
2140 5211 2201 5249 ac
2234 5194 2364 5246 nihil
2394 5192 2676 5244 dissonum
2704 5186 2912 5239 addunt
2943 5184 3085 5252 quod
3123 5196 3243 5235 cum
3278 5180 3448 5233 Meta-

1880 5290 2098 5360 phraste
2131 5285 2381 5354 componi
2410 5298 2517 5335 non
2556 5278 2747 5350 possit.
2769 5276 2834 5330 Et
2868 5276 2984 5329 haec
3010 5285 3092 5328 est
3122 5272 3288 5325 altera
3310 5270 3448 5323 ratio

1880 5397 1977 5435 cur
2020 5379 2151 5433 Acta
2193 5378 2278 5430 illa
2324 5375 2474 5444 Cpoli
2520 5372 2716 5444 scripta
2766 5386 2873 5423 non
2929 5366 3095 5421 fuisse
3139 5363 3447 5421 videantur.

1950 5559 2094 5625 (ιω)
2125 5557 2187 5610 τ.
2228 5554 2311 5609 vn
2356 5555 2500 5622 Maji.
2537 5572 2586 5622 p.
2635 5553 2722 5614 δε,
2773 5568 2823 5602 ην
2886 5552 2947 5602 1?.
2999 5559 3118 5602 ert.
3160 5546 3199 5599 ιι
3250 5545 3442 5615 Aprii.,

1885 5649 1936 5701 μ’
2132 5629 2395 5765 ξίιιιιίρυι.
2423 5694 2645 5767 Cpolitl.
2680 5709 2733 5767 ιι.
2766 5690 2881 5767 9.οη
2966 5763 2974 5767 Δ
3072 5760 3082 5767 .
3238 5758 3271 5767 Π

1958 5758 2104 5858 iis?)
2133 5758 2299 5858 πτέρ’
2338 5766 2391 5825 d.
2425 5758 2556 5820 edit.
2602 5758 2785 5821 eam;
2826 5763 2906 5815 ειν
2954 5760 3212 5814 Analecta
3235 5758 3443 5823 Greca,

1884 5858 1936 5913 p.
1966 5842 2065 5895 sta
2090 5845 2142 5893 et
2173 5839 2295 5892 520.
2410 5908 2416 5913 .
2827 5905 2833 5911 π

1962 5913 2103 5977 (Ηυξ
2140 5908 2203 5960 Τ.
2230 5908 2267 5961 11
2296 5906 2458 5967 Junii,
2495 5922 2543 5975 ρ.
2584 5904 2705 5969 159,
2741 5920 2795 5957 ιι.
2824 5902 2891 5957 :15
2920 5910 2970 5954 et
2998 5915 3147 5968 seqq.
