4136 6478
711 440 839 502 11οἹ

714 645 1165 719 Hymnograpltus
1196 660 1338 698 anno
1362 644 1464 700 8H
1490 644 1602 713 jam
1638 644 1788 712 (ἐμοιί
1816 642 2117 697 sacerdotio
2151 642 2275 694 fun-

713 754 843 811 gens
878 738 1128 809 (l4l),ac
1157 738 1353 792 sarculo
1375 736 1618 804 sequenti
1655 734 2046 803 Metapln'astes
2074 734 2277 803 magni-

713 835 814 887 ﬁce
863 832 1146 892 extollunt,
1200 830 1404 883 nullum
1451 844 1512 882 ea
1567 837 2013 888 commemorent,
2065 836 2157 880 aut
2211 826 2280 880 de

716 923 820 976 illis
859 936 927 974 ne
975 920 1195 974 verbum
1236 920 1452 987 quidem
1500 918 1792 985 proferant.
1852 915 1904 969 Si
1954 932 2096 968 enim
2130 915 2279 984 Cpoli

716 1015 951 1080 scriptor
992 1012 1245 1065 Actorum
1297 1011 1555 1079 degisset,
1588 1026 1691 1061 non
1742 1025 1806 1061 eo
1851 1009 2009 1061 modo
2052 1008 2281 1075 patroci-

717 1108 866 1160 nium
904 1104 957 1158 S.
1008 1104 1235 1158 Andreae
1295 1103 1396 1156 sibi
1441 1111 1765 1170 apprecatus
1817 1100 1978 1156 foret.
2011 1100 2113 1153 tale
2153 1100 2282 1153 illud

716 1213 917 1267 rogans
969 1197 1196 1259 scilicet,
1249 1196 1403 1264 quale
1450 1195 1500 1247 id
1556 1194 1913 1261 experiuntur
1963 1193 2051 1258 qui
2102 1194 2287 1245 colunt

717 1294 863 1344 tuam
926 1303 1133 1342 sacram
1189 1284 1505 1340 memoriam
1563 1293 1617 1338 et
1666 1280 1900 1335 loculum
1938 1282 2285 1350 reliquiarum

717 1387 931 1437 tuarum
969 1389 1318 1433 venerantur.
1354 1375 1506 1429 Nunc
1533 1391 1596 1428 cx
1625 1374 1846 1429 Canone
1878 1373 1931 1427 S.
1966 1373 2189 1441 Josepbi
2228 1386 2287 1425 ea

717 1471 1040 1524 exhibemus
1077 1482 1196 1535 quae
1226 1466 1280 1519 S.
1319 1465 1548 1517 Andreae
1578 1460 1838 1515 miracula
1871 1457 2287 1522 commendant;

718 1562 813 1615 sed
836 1560 1073 1615 ultimam
1094 1557 1261 1612 Odam
1291 1556 1377 1609 cui
1404 1554 1868 1625 hymnographus,
1895 1551 1947 1604 in
1978 1560 2291 1619 perpetuam

720 1654 1091 1709 venerationis
1138 1667 1243 1704 suae
1297 1648 1636 1711 memoriam,
1684 1662 1881 1700 nomen
1936 1661 2029 1713 per
2070 1644 2294 1697 acrosti-

722 1747 940 1801 chldcm
989 1747 1231 1797 intexere
1264 1741 1460 1803 suevit,
1490 1741 1754 1805 integrann
1786 1738 2071 1802 vertimus,
2106 1736 2292 1789 eadem

725 1835 1089 1891 acrostichide
1121 1842 1355 1887 servata.
1389 1830 1706 1885 Advertisse
1757 1829 1918 1881 etiam
1965 1827 2183 1896 iuverit,
2221 1826 2296 1879 uti

725 1939 1017 1998 postrema:
1049 1926 1173 1980 huic
1208 1925 1353 1987 Odm,
1384 1923 1457 1976 ita
1491 1922 1703 1975 cretcris
1727 1919 1980 1973 omnibus
2026 1933 2292 1970 annexum
2329 1899 2373 1957 Β
2405 1954 2444 2007 Ε

727 2036 850 2075 esse
886 2019 1243 2073 Theotocium
1284 2033 1379 2070 seu
1416 2013 1742 2069 versiculum
1785 2012 1838 2065 in
1880 2012 2139 2063 honorem
2176 2008 2301 2063 Dei-

729 2129 894 2181 parae,
928 2111 1071 2179 quod
1116 2110 1220 2178 jam
1275 2118 1400 2162 ante
1448 2105 1746 2174 Josephum
1806 2102 2083 2157 factitabat
2128 2100 2302 2154 Theo-

731 2205 962 2273 phanes,
994 2202 1190 2270 aliique
1220 2198 1612 2270 hymnograplti
1644 2196 1856 2259 Graeci;
1889 2206 1943 2247 ut
1976 2194 2044 2248 ita
2084 2194 2303 2259 planum

736 2297 827 2348 ﬁat
850 2303 1051 2362 quanta
1085 2292 1281 2356 ϐνωεί,
1318 2307 1344 2341 a
1384 2291 1621 2342 Romana
1668 2291 1794 2342 sede
1828 2288 2058 2340 necdum
2088 2286 2304 2346 divulsi,

736 2393 955 2453 quanta,
986 2383 1227 2450 inquam,
1272 2383 1321 2433 in
1355 2381 1411 2435 Β.
1451 2379 1722 2449 Virginem
1779 2378 2064 2431 devotione
2107 2376 2310 2442 pollue-

739 2479 871 2530 rint.
934 2475 1008 2528 Ex
1060 2474 1144 2528 his
1188 2473 1428 2527 Canticis
1480 2480 1793 2538 excerptum
1855 2478 1936 2523 est
1988 2467 2308 2538 opusculum

740 2565 1155 2635 Wangnereckii
1212 2564 1379 2617 nostri
1430 2563 1513 2616 cui
1572 2562 1761 2616 titulus
1798 2578 1809 2612 :
1848 2560 2025 2615 Pietas
2075 2560 2309 2613 Mariana

742 2660 1076 2720 Graecorum,
1110 2667 1164 2711 et
1187 2656 1483 2710 Maraccius
1507 2670 1663 2708 suum
1688 2654 1899 2708 Mariale
1926 2670 1986 2706 ex
2022 2654 2181 2706 unius
2202 2652 2312 2705 fere

747 2749 803 2801 S.
836 2746 1059 2816 Josephi
1110 2746 1342 2816 hymnis,
1372 2745 1475 2800 etsi
1527 2744 1776 2812 permulti
1807 2745 1981 2797 adhuc
2032 2743 2310 2797 inbiblio-

748 2841 919 2893 thecis
968 2839 1321 2907 manuscripti
1368 2837 1713 2897 delitescunt,
1758 2837 2087 2889 concinnare
2118 2834 2310 2903 potuit.

745 2932 836 2985 55.
888 2930 1103 2982 Sanitas
1132 2946 1197 2983 ex
1242 2941 1292 2983 te
1336 2931 1447 2984 sive
1483 2930 1602 2981 vivo
1633 2929 1832 2991 adhuc,
1866 2928 1978 2980 sive
2023 2927 2132 2992 jam
2175 2940 2317 2977 mor-

824 3036 939 3091 tuo,
966 3035 1219 3093 tanquam
1262 3040 1323 3077 es
1359 3024 1505 3077 fonte
1559 3024 1610 3075 in
1645 3031 1874 3087 aegrotos
1919 3019 2119 3081 delluit,
2156 3018 2315 3072 verbo

821 3114 1005 3167 divino
1035 3123 1249 3183 potens,
1284 3124 1466 3164 sancte
1500 3112 1737 3175 Andrea,
1769 3109 1857 3178 qui
1896 3108 2115 3177 spiritus
2140 3108 2315 3175 impu-

818 3222 907 3260 ros
935 3206 1173 3274 depellis,
1215 3215 1267 3258 et
1310 3204 1552 3257 Creatori
1586 3212 1677 3255 tuo
1706 3202 1965 3253 inclamas
2001 3217 2014 3252 :
2048 3197 2125 3251 Tu
2173 3197 2320 3250 solus
2346 3222 2391 3284 ρ

821 3312 1063 3361 sanctus,
1097 3299 1342 3353 Domine.
1373 3298 1478 3353 Ode
1512 3297 1566 3359 5,
1596 3297 1830 3366 lropario
1857 3295 1908 3349 '2.

757 3390 933 3446 Suave
981 3391 1212 3459 spirans.
1249 3393 1414 3445 odore
1459 3392 1743 3453 virtutum,
1775 3389 1863 3443 ubi
1914 3403 2057 3441 nunc
2089 3385 2239 3456 jaces
2267 3386 2320 3438 in

829 3486 1098 3553 sepulcro.
1150 3485 1306 3538 Pater
1349 3494 1554 3546 sancte,
1594 3483 1797 3534 vultum
1845 3480 2084 3532 laetiﬁcas
2136 3462 2322 3532 eorum

830 3577 920 3643 qui
954 3575 1245 3630 conﬁdenti
1279 3575 1440 3630 corde
1463 3575 1537 3628 Te
1568 3571 1913 3627 adeunt.0de
1934 3572 1965 3622 4
1996 3580 2129 3635 trop.
2164 3568 2217 3619 ‘3.

759 3664 976 3719 Peccati
1032 3666 1284 3719 tenebras
1332 3660 1689 3719 abhorruisti,
1742 3658 1921 3719 Pater,
1978 3666 2031 3710 et
2085 3654 2328 3711 libidinis

834 3771 1028 3822 expers
1055 3766 1112 3808 ut
1150 3756 1368 3808 lucerna
1427 3753 1773 3817 Splenduisti,
1819 3751 1907 3819 qui
1968 3749 2033 3804 ad
2078 3760 2326 3804 sanctum

838 3844 1103 3897 tumulum
1159 3853 1307 3897 tuum
1356 3840 1681 3895 accedentes
1742 3840 2032 3908 splendore
2094 3838 2330 3891 curatio-

840 3953 989 3995 nmn,
1024 3935 1131 3988 Deo
1158 3937 1339 3996 dante,
1383 3935 1670 3987 illuminas.
1709 3934 1838 3985 Ode.
1869 3933 1922 3995 ὕ,
1959 3942 2026 3984 tr.
2067 3930 2112 3982 1.

771 4030 861 4084 Dei
897 4024 1268 4083 habitaculum
1298 4030 1472 4082 factus
1501 4042 1581 4086 es,
1613 4026 1789 4085 Pater,
1820 4024 1911 4092 qui
1940 4036 2124 4078 sancte
2152 4022 2328 4078 vixisti

839 4132 889 4175 et
938 4121 1187 4190 pugnasti
1231 4120 1479 4182 fortiter;
1523 4133 1669 4170 nunc
1711 4132 1839 4170 vero
1882 4118 1932 4169 in
1980 4124 2332 4168 monumento

834 4214 1006 4279 iaces.
1058 4212 1239 4263 salvus
1289 4218 1343 4261 et
1404 4202 1814 4269 indissolubilis,
1874 4213 2195 4259 cunctorum
2236 4203 2343 4259 sol-

846 4320 977 4359 vens
1014 4304 1229 4358 morbos
1268 4302 1523 4356 ﬁdelium.
1557 4300 1664 4355 Οιιε
1698 4300 1751 4363 5,
1785 4308 1850 4351 tr.
1882 4297 1933 4350 2.

770 4398 835 4450 Ut
872 4397 1048 4466 magni
1086 4395 1247 4464 pretii
1301 4395 1591 4447 thesaurus
1628 4390 2004 4454 absconditus,
2056 4388 2227 4444 oculis
2274 4388 2335 4442 ﬁ-

848 4489 1073 4548 delium,
1116 4486 1294 4547 Pater,
1340 4484 1665 4536 manifestus
1694 4481 1870 4534 factus
1898 4494 1977 4542 es,
2008 4490 2062 4531 ct
2099 4481 2332 4532 miracu-

844 4580 908 4631 lis
947 4578 1086 4631 ditas
1113 4591 1302 4630 omnes
1329 4576 1417 4645 qui
1455 4573 1643 4629 colunt
1676 4580 1747 4627 te.
1779 4572 1885 4627 Ode
1912 4569 1963 4634 6,
1994 4578 2062 4622 tr.
2094 4570 2145 4623 5.

773 4669 1010 4739 Spiritus
1042 4678 1166 4722 tuus
1201 4667 1382 4721 divina
1426 4663 1919 4720 comnnmicatione
1968 4659 2337 4728 praefulgidus,

850 4760 1114 4813 mirabilis
1174 4759 1411 4818 Andrea,
1468 4754 1677 4808 stellam
1732 4750 1960 4803 lucidam
2028 4749 2236 4801 cunctis
2292 4757 2342 4802 te

847 4849 1113 4907 exhibuit.
1157 4858 1210 4902 et
1256 4848 1456 4915 ubique
1525 4842 1803 4897 miraculis
1858 4840 2097 4895 illustres
2160 4838 2344 4893 fideles

848 4942 1219 4997 collaudantcs
1254 4952 1323 4994 te.
1359 4940 1464 4992 Ode
1500 4940 1550 5000 7,
1583 4947 1651 4990 ιν.
1682 4938 1731 4987 ὅ.

780 5034 977 5087 Contra
1014 5034 1292 5086 Christum
1348 5030 1399 5082 in
1452 5029 1655 5080 rabiem
1714 5024 1946 5092 abrepti,
1983 5031 2038 5075 ut
2076 5023 2201 5076 ferte
2252 5024 2344 5077 be-

851 5127 967 5180 stia!
1011 5136 1060 5177 te
1095 5122 1347 5176 trucidari
1398 5124 1715 5189 jusserunt;
1755 5130 1919 5185 quare
1973 5126 2249 5183 raptantes
2292 5125 2347 5168 et

854 5220 1127 5269 caedentes
1191 5224 1241 5267 te
1306 5214 1356 5264 in
1433 5212 1748 5264 barathrum
1811 5208 2179 5276 proiecerunt,
2254 5209 2346 5276 qui

860 5310 932 5359 ita
966 5306 1201 5356 veritatis
1238 5304 1555 5355 manifestus
1585 5313 1785 5369 martyr
1840 5300 2013 5355 factus
2042 5314 2120 5353 es.
2158 5300 2268 5355 Ode
2295 5301 2347 5364 8,

863 5407 930 5447 tr.
962 5396 1017 5445 2.

801 5486 1064 5551 Prodigiis
1086 5484 1287 5542 ﬁdeles,
1323 5492 1575 5547 tanquam
1610 5482 1831 5553 fluento,
1861 5482 2070 5547 irrigas,
2098 5492 2147 5534 et
2178 5483 2349 5549 fugas,

879 5576 957 5625 vir
1002 5578 1174 5634 beate,
1213 5574 1463 5640 nequitia:
1509 5573 1752 5640 spiritus,
1784 5582 1836 5623 et
1881 5575 2164 5639 languores
2193 5573 2354 5633 tollis,

903 5771 1043 5831 (illi
1070 5768 1129 5823 τ.
1166 5768 1183 5823 ι
1221 5769 1407 5837 April..
1434 5767 1630 5837 p._269.
1663 5781 1716 5837 ι).
1759 5763 1839 5837 15.

918 5841 1055 5909 κὶα)
1087 5832 1396 5912 Pacbvmer,
1425 5847 1463 5889 t.
1497 5835 1560 5897 lt,
1594 5851 1646 5905 p.
1678 5835 1740 5885 5'5
1775 5834 1820 5885 d.
1842 5843 1888 5882 et
1914 5832 2034 5883 606.

1995 429 2276 490 MENSIS
2316 428 2654 491 OC'l'OBER

709 557 856 623 quod
915 554 1121 608 scilicet
1171 568 1235 607 es
1287 560 1364 605 tot
1410 549 1705 611 miraculis,
1755 566 1872 619 quae
1910 550 1967 603 S.
2006 548 2277 617 .losephus
2308 548 2352 604 A

3818 422 3952 485 1108

2453 552 2544 617 qui
2590 567 2617 602 a
2673 549 2891 602 Christo
2927 547 3034 600 Deo
3090 554 3276 599 nostro
3327 542 3671 597 curationum
3716 538 3951 608 gratiam

2448 644 2659 697 cmlitus
2687 640 2958 710 accepisti.
2986 636 3093 694 Ode
3132 637 3184 700 8,
3211 642 3280 692 tr.
3313 636 3366 690 3.

3071 751 3177 805 Οτιι
3215 750 3267 803 9.

2382 850 2531 909 Ideo,
2588 848 2748 902 Pater
2805 857 3009 906 sancte,
3063 859 3225 898 cursu
3278 851 3370 895 tuo
3433 847 3846 897 consummato,
3907 842 3959 886 et

2454 940 2757 993 orthodoxa
2791 937 2893 991 ﬁde
2924 936 3242 989 intemerate
3274 941 3503 993 servata,
3558 927 3688 996 quia
3739 922 3959 978 certastl

2456 1033 2714 1102 legitime,
2754 1043 3011 1083 coronam
3052 1025 3322 1085 duplicent
3379 1022 3618 1087 desuper
3666 1013 3958 1081 accepisti,

2459 1133 2515 1176 ut
2559 1131 2759 1191 martyr
2791 1120 3045 1179 invictus,
3080 1127 3137 1169 ut
3168 1125 3344 1168 asceta
3374 1111 3641 1182 egregius.

2387 1214 2733 1270 Oderiferum
2770 1220 2827 1264 ut
2880 1206 3077 1271 lilium,
3137 1217 3195 1259 ut
3250 1221 3394 1269 rosa,
3446 1204 3633 1264 Pater,
3702 1198 3760 1251 in
3804 1204 3963 1264 prato

2459 1306 2658 1360 divinze
2695 1317 2941 1357 asceseos
2976 1296 3228 1361 ﬁoruisti,
3260 1305 3316 1349 ut
3345 1294 3546 1349 cedrus
3594 1302 3769 1343 suave
3803 1286 3964 1338 redo-

2465 1398 2567 1455 les.
2604 1405 2897 1464 martyrum
2941 1390 3282 1460 splendorem
3331 1386 3585 1454 adeptus,
3635 1382 3805 1435 beate
3860 1379 3969 1429 Ano

2465 1492 2616 1553 drea,
2646 1486 3032 1542 monachorum
3069 1483 3260 1536 decus.

2394 1583 2576 1652 Signis
2608 1590 2659 1634 et
2702 1577 2967 1646 portentis
3020 1574 3219 1628 merito
3264 1568 3512 1630 celebris,
3565 1566 3816 1619 omnium
3870 1561 3968 1613 sub

2470 1674 2643 1730 oculis
2678 1667 3072 1725 indissolubilis
3122 1678 3331 1725 manes,
3374 1661 3530 1713 beate
3578 1658 3825 1718 Andrea,
3882 1653 3969 1721 qui

2473 1776 2711 1821 mentem
2741 1763 3016 1816 illuminas
3076 1759 3178 1812 ﬁde
3224 1753 3434 1808 ardenti
3478 1748 3801 1806 adeuntium
3839 1758 3889 1799 te
3921 1756 3971 1798 et

2472 1858 2860 1930 gratulantium
2894 1852 3013 1906 tibi.

2450 1968 2544 2006 cce
2596 1951 2739 2005 diem
2790 1947 3042 2000 festivum
3085 1951 3137 1995 et
3169 1949 3410 1995 sanctam
3480 1932 3977 1996 suavissimamque

2472 2044 2787 2100 memoriam
2823 2048 2969 2091 tuam
3006 2035 3345 2088 celebrantes
3396 2030 3579 2093 hodie,
3635 2026 3757 2086 tibi,
3793 2026 3976 2086 Pater,

2471 2152 2595 2191 cum
2631 2131 2825 2187 ﬁducia
2859 2130 3155 2183 clamamus
3193 2124 3409 2178 :Sacris
3459 2122 3523 2176 ad
3558 2120 3731 2174 Deum
3788 2130 3981 2185 preca-

2476 2227 2715 2282 tionibus
2745 2222 2872 2283 tuis,
2909 2219 2974 2273 ab
3006 2216 3151 2271 omni
3175 2215 3549 2269 vicissitudine
3581 2212 3709 2266 vitae
3741 2209 3982 2261 liberare

2478 2331 2579 2369 nos
2616 2312 2874 2383 digneris.

3017 2422 3365 2476 Theotocium.

2412 2541 2712 2615 Pbosphori
2772 2540 2908 2601 veri,
2974 2537 3067 2606 qui
3122 2535 3304 2590 lumen
3380 2531 3500 2586 tulit
3575 2528 3630 2580 in
3716 2524 3987 2577 mundum

2480 2614 2769 2708 splendore
2802 2630 3052 2691 Deitatis,
3080 2639 3135 2681 et
3168 2623 3487 2695 ignorantia:
3518 2618 3783 2672 tenebras
3837 2614 3992 2681 fuga-

2488 2706 2561 2779 vit
2586 2727 2639 2778 in
2669 2737 2869 2783 :evum,
2915 2719 3118 2770 viscera
3151 2725 3262 2776 tua,
3322 2708 3631 2765 castissima
3670 2706 3861 2777 Virgo,
3898 2706 3993 2759 hac

2491 2813 2788 2869 bitacnlum
2823 2811 2964 2863 facta
3003 2816 3159 2869 sunt;
3196 2805 3313 2859 ideo
3345 2802 3709 2871 gloriﬁcamus
3743 2811 3819 2853 te.

2492 2904 2581 2958 36.
2647 2902 2740 2954 Hic
2792 2896 3141 2952 exscribenda
3192 2895 3370 2949 forent
3440 2892 3827 2960 Metaphrastae
3877 2905 3994 2941 ver-

2420 3000 2509 3062 ba,
2565 2996 2758 3066 quibus
2830 3002 3078 3054 testatur,
3113 3005 3213 3043 suo
3270 2988 3433 3039 etiam
3493 2996 3772 3051 tempore,
3823 2982 3995 3033 uerni-

2422 3106 2547 3145 nem
2610 3090 2802 3142 morbo
2863 3095 2957 3139 aut
3020 3082 3161 3135 malo
3220 3078 3585 3147 qualicunque
3652 3084 3993 3140 correptum,

2427 3181 2612 3234 Sancti
2648 3179 2915 3232 tumulum
2946 3175 3143 3228 adiisse
3173 3171 3301 3240 quin
3338 3168 3635 3221 remedium
3692 3164 3825 3218 inde
3852 3176 3996 3217 retu-

2429 3273 2588 3337 lerit;
2621 3270 2713 3340 qui
2772 3267 2925 3338 Cpoli
2971 3268 3174 3337 degens
3229 3264 3301 3317 ita
3358 3262 3585 3315 ﬁdenter
3634 3273 3746 3311 non
3811 3256 4000 3309 fuisset

2428 3366 2685 3422 concives
2754 3362 3043 3421 allocutus,
3104 3355 3208 3411 nisi
3285 3350 3666 3420 frequentibus
3718 3347 4002 3401 miraculis

2430 3460 2487 3513 S.
2538 3459 2785 3510 Andreas
2839 3454 3077 3506 ﬁdelium
3133 3450 3387 3517 pietatem
3438 3450 3868 3494 remunerasset.
3906 3438 4003 3490 Ve-

2430 3566 2573 3609 rum,
2611 3548 2696 3601 his
2739 3544 2938 3605 missis,
2968 3554 3090 3594 cum
3129 3538 3179 3589 in
3215 3535 3360 3588 Actis
3388 3534 3503 3601 ejus
3533 3547 3587 3582 n.
3638 3529 3702 3580 l7
3742 3529 3848 3596 legi
3886 3543 4003 3593 p05-

2431 3644 2561 3709 sint,
2591 3641 2658 3694 de
2698 3636 2866 3691 Crisis
2923 3634 3043 3688 loco
3074 3629 3160 3684 cui
3217 3641 3432 3683 sacrum
3487 3624 3681 3693 pignus
3730 3619 4001 3673 creditum

2430 3743 2531 3796 est,
2569 3730 2813 3802 quamam
2852 3724 3179 3798 proferenda
3234 3730 3380 3775 sunt.
3416 3719 3473 3774 In
3526 3717 3676 3769 Actis
3730 3714 4000 3781 utrisque,

2431 3830 2524 3885 sed
2559 3830 2609 3881 in
2649 3821 3076 3892 Metaphrastaeis
3122 3817 3401 3874 disertius,
3441 3813 3591 3866 locus
3643 3809 3735 3862 ille
3781 3816 4003 3860 sanctus

2433 3921 2653 3974 dicitur.
2704 3914 2827 3968 Fuit
2890 3912 2961 3965 ibi
3007 3909 3213 3964 scilicet
3261 3902 3676 3961 monasterium,
3725 3900 3815 3950 cui
3866 3913 4005 3951 anno

2433 4011 2648 4066 circiter
2709 4006 2867 4068 1:284,
2922 4018 2987 4056 ex
3046 3997 3255 4054 Possini
3318 3994 3486 4046 nostri
3546 3988 3761 4042 calculo
3834 3987 4007 4066 (ΗΞ).

2436 4101 2677 4157 Raulena
2728 4093 3207 4151 Protovestiarissa
3243 4083 3587 4158 eperamplam
3638 4090 3694 4133 et
3749 4077 4003 4146 exquisiti

2437 4193 2651 4249 artiﬁcii
2686 4190 2859 4243 aedem
2916 4185 3136 4251 adjecit.
3172 4180 3314 4236 Alibi
3357 4192 3485 4231 vero
3526 4173 3911 4243 Pachymeres.
3944 4184 4003 4220 ex

2437 4286 2686 4356 ejusdem
2719 4277 2931 4357 Possini
2963 4274 3439 4342 interpretatione,
3470 4270 3541 4322 ita
3573 4266 3687 4321 fere
3716 4264 3960 4333 loquitur
3990 4277 4003 4311 :

2438 4377 2646 4434 abdidit
2681 4356 3060 4439 seGregorius
3102 4363 3408 4433 patriarcha
3454 4358 3507 4411 in
3558 4356 4005 4410 innnasteriohnn

2440 4469 2689 4526 Aristime
2718 4464 2944 4521 dictum,
2974 4456 3287 4525 contiguum
3322 4448 3651 4505 monasterio
3690 4447 3749 4499 S.
3786 4447 4006 4499 Andreae

2371 4533 2499 4615 Din
2556 4558 2720 4620 Crisi,
2756 4554 3009 4609 viciniam
3067 4550 3120 4604 in
3180 4547 3301 4605 talis
3350 4543 3560 4598 delectu
3618 4538 3724 4592 loci
3781 4551 4005 4601 sequens

2444 4648 2943 4708 Protovestiarissaa
2968 4641 3243 4697 [lania-nae
3282 4639 3333 4691 in
3369 4651 3432 4690 co
3459 4633 3517 4687 S.
3561 4633 3796 4686 Andreae
3828 4617 4004 4681 mona¥

2446 4745 2614 4800 sterio
2676 4738 2923 4808 degentis
2964 4750 2990 4789 a
3046 4749 3150 4800 qua
3199 4730 3430 4797 benigne
3485 4724 3773 4779 favebatur
3840 4717 4001 4787 (145).

2447 4839 2585 4893 Num
2625 4835 2787 4903 igitur
2831 4830 2901 4884 ob
2946 4828 3199 4880 viciniam
3258 4821 3515 4876 utriusvis
3556 4820 3785 4872 istorum
3830 4829 4005 4868 mona-

2447 4929 2744 4984 steriorum
2777 4923 2944 4975 Crisis
2965 4921 3116 4973 locus
3140 4926 3379 4975 sanctus,
3399 4909 3661 4981 jam-inde
3692 4918 3888 4968 octavo
3916 4921 4004 4959 s2—

2448 5021 2570 5075 Cqu
2598 5020 2739 5071 dicta
2769 5014 2858 5078 sit,
2894 5009 3107 5065 deﬁniri
3144 5022 3250 5059 non
3285 5011 3497 5073 potest;
3558 5014 3660 5053 nos
3722 4998 3886 5051 aliam
3930 5014 4013 5062 ap-

2453 5107 2769 5181 pellatiouis
2832 5116 3049 5156 causam
3127 5112 3235 5151 non
3306 5092 3630 5147 deteximus.
3707 5088 3881 5140 Porro
3950 5100 4004 5139 ex

2454 5205 2632 5275 priore
2662 5193 3014 5268 Pachymeris
3044 5191 3276 5259 allegato
3304 5188 3425 5239 loco
3461 5183 3744 5241 discimus,
3805 5177 4009 5229 Raulre-

2454 5309 2598 5355 natn,
2638 5266 2892 5344 feminam
2925 5282 3106 5337 multis
3140 5278 3283 5333 tertii
3323 5273 3519 5329 decimi
3552 5269 3734 5324 Saeculi
3790 5266 4010 5334 scripto-

2456 5387 2603 5440 ribus
2634 5380 2984 5437 celebratam,
3019 5374 3076 5426 S.
3108 5372 3334 5425 Andreae
3375 5361 3725 5435 magniﬁcum
3757 5355 4007 5425 templum

2457 5474 2779 5532 suscitasse;
2816 5469 2900 5520 cui
2949 5464 3212 5517 Maximus
3266 5456 3535 5527 Planudes
3574 5450 3900 5512 monachus,
3928 5446 4007 5517 qui

2462 5575 2572 5613 tum
2605 5559 2860 5624 temporis
2891 5554 3100 5607 vivebat
3132 5551 3279 5618 (ιιι)
3315 5557 3367 5599 et
3395 5563 3457 5600 ex
3508 5543 3827 5611 biographis
3862 5541 4009 5592 inno~

2543 5750 2681 5819 llis)
2721 5752 2840 5819 Loc.
2880 5754 2972 5805 cit.
3010 5765 3059 5819 ρ,
3103 5754 3167 5809 89
3192 5761 3240 5797 ρ.

2542 5809 2691 5888 (ut)
2726 5809 3063 5888 Pachyni.,'l.
3098 5829 3143 5865 c.
3174 5829 3225 5881 p.
3267 5809 3364 5863 t66
3391 5824 3437 5865 ε.
