4136 6508
707 481 722 541 ι
735 479 839 542 095

1983 470 2260 531 MENSIS
2301 467 2665 529 OCTOBER.

3824 461 3950 526 1096

702 590 758 642 S.
797 587 1025 642 Andreas
1052 584 1484 641 dcterminamus
1518 583 1607 639 hic
1637 593 1720 637 est
1760 580 2167 650 :Theophanes
2209 577 2273 630 ad
2302 585 2348 644 Α
2379 573 2774 630 Grammaticus
2825 571 3045 635 Suidas,
3080 573 3299 627 tradunt
3351 573 3413 628 ad
3465 575 3654 630 Divum
3713 574 3952 630 Maman-

703 697 900 735 annum
931 679 1069 734 6259
1097 694 1218 732 aera:
1249 675 1556 736 mundanae,
1588 685 1647 729 ut
1676 675 1877 728 dictum
1914 683 1997 728 ρει
2028 684 2178 724 num.
2212 671 2274 722 lli

703 783 752 828 et
790 773 875 835 17,
914 773 1232 841 martyrium
1286 765 1341 822 S.
1390 768 1533 821 Petri
1576 767 1769 837 stylitte
1799 782 1924 819 curn
1970 763 2024 817 S.
2059 764 2274 818 Andrea

699 862 1042 925 commutati,
1077 867 1504 923 commemorat;
1539 858 1636 912 sed
1688 857 1752 910 ad
1780 856 2032 910 eumdem
2071 869 2272 907 annum

700 955 859 1009 etiam
896 951 1251 1006 iudieiionem
1286 950 1546 1020 signavit,
1587 946 1732 1016 quod
1789 947 1921 1000 satis
1961 945 2276 1014 frequenter

700 1047 916 1115 quidem
943 1045 1093 1108 facit,
1123 1059 1229 1096 non
1269 1053 1447 1097 tamen
1499 1041 1721 1109 ubique.
1752 1037 1981 1104 Quando
2011 1050 2190 1089 autem
2225 1033 2276 1088 id

701 1138 848 1192 facit.
884 1137 1075 1206 Pagius
1101 1137 1296 1204 aliique
1330 1135 1633 1206 gravissimi
1686 1135 1983 1204 scriptores
2041 1143 2149 1181 non
2176 1127 2275 1179 du-

703 1229 877 1281 bitant
913 1228 1268 1281 indictionem
1304 1241 1412 1294 pne
1453 1240 1558 1279 tera
1586 1224 1928 1278 Antiochena
1966 1217 2274 1282 admittere,

703 1337 806 1388 qua
842 1319 1210 1388 Theophanes
1248 1320 1435 1381 utitur,
1465 1320 1593 1372 licet
1640 1317 1962 1387 profiteatur
2004 1327 2061 1366 se
2113 1325 2274 1364 teram

701 1410 825 1463 Julii
855 1407 1092 1464 Africani
1126 1410 1539 1479 adhibere(57).
1574 1409 1699 1461 Mihi
1729 1418 1907 1460 tamen
1939 1415 2275 1473 compertum

701 1513 784 1558 est
814 1519 974 1555 ieram
1001 1504 1288 1570 aliquoties
1319 1512 1462 1555 recte
1489 1501 1741 1571 proferri.
1779 1515 1899 1552 cum
1945 1509 2172 1551 erronea
2197 1493 2277 1546 in-

701 1595 963 1656 dictione,
1002 1595 1236 1663 exempli
1270 1609 1433 1648 causa
1466 1596 1531 1647 ad
1560 1610 1651 1648 an.
1699 1592 1860 1654 6255,
1890 1601 1947 1644 ut
1973 1603 2034 1644 ex
2067 1588 2277 1656 adjecta

700 1689 923 1758 eclipsis
965 1688 1295 1742 indicatione
1359 1689 1709 1742 manifestum
1758 1696 1860 1740 est.
1892 1685 2047 1738 Patet
2077 1681 2278 1736 nihilo-

702 1779 883 1832 minus
914 1785 1060 1832 recte
1096 1781 1294 1850 egisse,
1325 1781 1414 1845 qui
1450 1780 1776 1832 indictiones
1822 1775 2115 1829 universim
2144 1788 2279 1842 prte-

703 1869 964 1921 tulerunt.
998 1869 1079 1922 Ad
1134 1870 1278 1923 hunc
1310 1870 1473 1939 igitur
1504 1885 1705 1921 annum
1743 1866 1884 1920 62239
1915 1865 2277 1932 Theophanes

701 1960 1056 2012 indicuonem
1126 1961 1301 2029 signat
1358 1962 1442 2012 his
1493 1959 1676 2011 verbis
1738 1956 1853 2026 (58)
1891 1972 1904 2010 :
1947 1955 2058 2008 Hoc
2114 1969 2279 2017 anno,

701 2050 908 2104 mensis
963 2049 1214 2104 Octobris
1262 2052 1348 2103 die
1395 2059 1571 2116 sexto,
1621 2049 1918 2103 indictione
1976 2058 2122 2102 sexta
2171 2057 2274 2100 etc.

701 2140 900 2196 Verum
935 2145 1049 2197 hac
1084 2144 1306 2196 indictio
1335 2157 1456 2197 cum
1492 2158 1635 2196 anno
1667 2142 1806 2196 6259
1842 2157 1963 2194 :PI‘ZB
1995 2138 2282 2193 mundana:

703 2250 811 2287 non
846 2237 1161 2298 concordat,
1197 2251 1318 2287 cum
1351 2251 1415 2288 ex
1451 2237 1633 2305 regula
1671 2233 1728 2286 S.
1762 2232 1977 2286 Maximi
2007 2231 2280 2302 (ὤκει-κ

703 2327 953 2382 addenda
996 2329 1066 2381 sit
1103 2328 1303 2388 unitas,
1337 2329 1462 2380 dein
1495 2328 1762 2381 divisione
1789 2326 2035 2380 instituta
2070 2341 2165 2393 per
2191 2322 2277 2389 15,

701 2426 846 2489 quod
904 2419 1170 2488 reliquum
1225 2430 1329 2483 est,
1384 2419 1738 2473 indictiouem
1802 2415 2014 2471 eﬂicere
2062 2415 2275 2469 debeat.

699 2509 869 2563 Porro
898 2512 996 2564 hac
1020 2510 1277 2565 methodo
1309 2513 1395 2565 hic
1418 2526 1524 2563 non
1553 2526 1668 2573 sex,
1694 2511 1787 2563 sed
1806 2513 2043 2578 quinque
2073 2515 2279 2560 tantum

698 2603 1032 2657 obtinemus.
1071 2604 1434 2658 Nibilominus
1484 2605 1843 2659 indictionem
1892 2602 1979 2657 hic
2012 2612 2157 2656 recte
2187 2601 2281 2654 ad-

699 2693 889 2755 scribi,
922 2692 1126 2760 duplici
1157 2693 1240 2746 via
1278 2695 1544 2746 lirmatur.
1579 2692 1784 2754 Primo,
1813 2691 1938 2760 quia
1990 2687 2280 2759 Theopha-

699 2795 798 2833 nes
854 2784 918 2834 ad
969 2797 1172 2834 annum
1231 2794 1599 2851 sequentem,
1659 2782 1960 2835 indictione
2009 2779 2274 2847 septima,

697 2871 891 2925 scribit
925 2873 1062 2927 diem
1097 2889 1109 2926 ι
1147 2874 1350 2942 Aprilis
1387 2873 1553 2927 fuisse
1601 2873 1743 2925 diem
1775 2870 1992 2925 Sabbati
2034 2869 2180 2939 (60);
2213 2883 2278 2923 ex

697 2978 806 3032 quo
834 2966 1186 3020 manifestum
1239 2976 1361 3027 est,
1400 2965 1749 3021 indictionem
1801 2965 1946 3019 illam
1990 2966 2277 3032 septimam

698 3065 845 3108 recte
879 3057 1148 3119 adscribi;
1184 3073 1312 3126 ergo
1354 3068 1405 3110 et
1428 3060 1492 3110 ad
1525 3058 1918 3124 praecedentem
1949 3067 2094 3110 recte
2126 3061 2278 3108 sexta

698 3145 968 3214 adscripta
1001 3154 1104 3199 est.
1136 3145 1401 3200 Prwterea
1429 3147 1493 3199 ad
1523 3147 1661 3198 hanc
1686 3146 2041 3198 indictionem
2071 3155 2277 3198 sextam

699 3237 878 3304 signat
913 3235 1279 3305 Theophanes
1320 3252 1521 3290 annum
1549 3238 1786 3305 primum
1814 3236 2072 3306 Stephani
2100 3251 2273 3307 papm;

698 3329 846 3396 atqui
887 3343 1078 3398 reapse
1114 3329 1430 3397 Stephanus
1461 3329 1549 3395 lli,
1588 3331 1691 3385 hac
1738 3331 2060 3394 indictione,
2093 3344 2279 3384 mense

694 3421 938 3489 Augusto
987 3423 1193 3474 electus
1244 3431 1328 3473 est
1367 3421 1500 3488 (6|).
1549 3423 1638 3472 Sic
1689 3423 1920 3474 stabilita
1983 3421 2282 3473 indictione

696 3526 801 3580 qua
829 3524 1020 3579 passus
1053 3523 1135 3562 est
1167 3509 1222 3561 S.
1258 3512 1502 3563 Andreas
1556 3510 1608 3562 in
1649 3510 1787 3564 Crisi
1838 3526 1935 3579 pro
1963 3527 2069 3580 qm;
2103 3510 2280 3567 'l'heo-

699 3604 906 3671 phanes
939 3601 1154 3654 Petrum
1191 3602 1255 3654 de
1303 3602 1615 3656 Blachernis
1645 3603 1802 3667 dixit,
1839 3603 1998 3657 facile
2047 3606 2160 3675 ipse
2185 3619 2281 3658 an-

698 3707 802 3744 nus
855 3693 1087 3746 eruitur.
1136 3693 1348 3747 Etenim
1405 3696 1457 3745 in
1515 3696 1661 3746 Actis
1733 3695 1934 3746 nostris
1985 3697 2277 3762 prioribus,

699 3787 1018 3853 martyrium
1068 3785 1360 3852 contigisse
1403 3783 1598 3836 dicitur
1643 3784 1728 3837 die
1789 3802 1854 3837 xx
1905 3784 2170 3851 Octobris,
2212 3802 2275 3840 ex

697 3889 812 3943 quo
843 3875 1017 3943 palam
1059 3873 1114 3926 fit
1147 3874 1275 3926 illud
1312 3889 1455 3927 anno
1487 3875 1586 3928 767
1615 3874 1940 3944 alligendum
1970 3890 2108 3932 esse.

766 3967 855 4022 ‘20.
914 3970 1102 4019 Annus
1135 3967 1373 4034 martyrii
1415 3967 1472 4018 S.
1513 3967 1738 4022 Andreae
1784 3968 1837 4020 in
1868 3968 2005 4024 Crisi
2051 3985 2157 4022 uno
2203 3979 2278 4022 te-

699 4074 836 4113 nore
865 4075 989 4113 cum
1023 4058 1116 4112 illo
1166 4073 1274 4127 quo
1305 4073 1496 4127 passus
1548 4069 1632 4113 est
1682 4061 1736 4114 S.
1798 4062 1997 4117 Petrus
2052 4063 2118 4115 de
2152 4061 2274 4116 Bla-

706 4150 947 4216 chernis,
984 4153 1406 4204 constituendus
1440 4151 1562 4215 fuit,
1595 4153 1717 4205 licet
1763 4153 2023 4206 nonnulla
2056 4154 2122 4207 de
2183 4138 2278 4222 po:-

702 4245 934 4296 steriore
991 4253 1183 4294 sancto
1243 4242 1466 4295 dicenda
1517 4244 1810 4314 supersint.
1869 4244 2077 4314 Corpus
2133 4247 2272 4314 ejus,

703 4339 989 4401 postquam
1027 4331 1080 4384 in
1115 4331 1265 4385 citco
1325 4331 1445 4386 Divi
1503 4333 1789 4389 Mamantis
1831 4334 2009 4406 ﬂagris
2053 4336 2277 4390 interfe-

701 4434 821 4478 ctus
881 4435 984 4489 est,
1037 4425 1431 4492 projiciendum
1493 4436 1609 4479 erat
1665 4431 1718 4480 in
1760 4427 2019 4482 ﬂuentum
2090 4437 2274 4500 (supra

707 4531 858 4570 num.
901 4516 966 4570 M
997 4521 1176 4585 seqq.)
1206 4517 1264 4569 ἐν
1296 4517 1371 4587 τῷ
1408 4519 1666 4586 ῥεύματι,
1703 4530 1762 4571 ut
1787 4521 2148 4589 Theophanes
2199 4523 2275 4574 lo-

2379 674 2484 719 tem
2525 674 2741 734 pontem
2797 665 2962 720 fuisse
3015 664 3301 719 duodecim
3355 665 3649 720 fornicibus
3699 680 3954 722 constano

2382 766 2519 818 tem;
2559 758 2741 810 multae
2774 758 2916 811 enim
2971 772 3122 824 aqua:
3165 772 3229 810 eo
3278 756 3602 812 deﬂuebant.
3661 759 3953 830 Theopha-

2379 863 2477 901 nes
2508 850 2692 918 igitur,
2729 866 2848 902 cum
2891 849 2958 904 de
3002 848 3208 903 ﬂuento
3256 850 3614 904 determinato
3677 855 3951 921 loquatur,

2380 949 2438 994 ut
2467 950 2612 1009 patet
2640 956 2702 994 ex
2732 942 2943 1010 adjecto
2977 943 3208 996 articulo
3253 943 3351 1011 τῷ,
3388 943 3484 998 has
3526 959 3696 1013 aquas
3747 951 3812 998 ad
3870 946 3956 1000 Di-

2380 1050 2507 1086 vum
2538 1033 2861 1087 Mamantem
2896 1034 3182 1106 designat;
3221 1036 3322 1089 nisi
3379 1036 3519 1091 forte
3557 1039 3742 1092 sinum
3792 1039 3957 1092 Cera-

2384 1125 2582 1191 tinum,
2619 1127 2708 1194 qui
2737 1142 2802 1180 ex
2837 1127 3078 1196 Bosporo
3108 1144 3299 1183 versus
3344 1128 3696 1184 Occidentem
3743 1147 3803 1184 se
3839 1148 3958 1199 por-

2383 1216 2526 1286 rigit,
2563 1218 2796 1272 voluerit
2842 1219 3170 1289 significare.
3231 1220 3306 1273 Ita
3343 1221 3674 1276 intellexisse
3728 1222 3954 1279 Goarius

2381 1311 2612 1375 videtur,
2665 1310 2757 1379 qui
2811 1311 2970 1364 vertit
3010 1309 3276 1364 ﬂuentum
3334 1314 3500 1366 maris
3561 1314 3715 1382 (63):
3773 1333 3952 1368 verum

2383 1400 2561 1470 ῥεῦμα
2609 1400 2674 1454 de
2723 1400 2900 1454 ﬂuviis
2931 1416 3230 1470 eorumque
3257 1401 3456 1468 impetu
3503 1404 3720 1466 dicitur,
3753 1422 3860 1458 non
3894 1407 3955 1460 de

2382 1496 2506 1547 sinu
2537 1495 2735 1558 maris;
2793 1510 2970 1563 neque
3024 1496 3213 1558 etiam,
3252 1498 3296 1552 si
3348 1497 3489 1550 sinui
3547 1497 3809 1552 Ceratino
3861 1501 3956 1553 hoc

2383 1599 2581 1639 nomen
2622 1586 2763 1655 apud
2802 1586 3130 1656 Byzantinos
3187 1592 3482 1659 scriptores
3534 1592 3843 1661 obtigisset,
3907 1592 3955 1647 id

2381 1678 2638 1749 Gyllium,
2680 1679 2944 1748 Cangium
2993 1680 3128 1750 (64),
3184 1681 3428 1750 aliosque
3481 1682 3730 1754 fugisset.
3788 1683 3956 1737 Porro

2381 1770 2539 1824 dotet
2577 1768 2807 1839 Gyllius,
2840 1771 3103 1838 templum
3134 1780 3188 1824 et
3218 1771 3425 1824 circum
3479 1771 3592 1824 Divi
3643 1773 3954 1836 Mamantis,

2387 1865 2460 1917 uti
2495 1874 2546 1919 et
2585 1866 2842 1933 palatium
2879 1866 2944 1919 ab
2977 1880 3041 1919 eo
3076 1865 3309 1928 dictum,
3361 1867 3463 1920 sita
3520 1867 3689 1920 fuisse
3731 1867 3787 1919 in
3840 1867 3958 1919 Bla-

2387 1956 2632 2022 chernis,
2686 1968 2836 2010 extra
2903 1972 3089 2012 muros
3147 1957 3381 2012 civitatis
3445 1957 3579 2028 (65).
3647 1959 3960 2012 Blacbernae

2385 2051 2530 2100 enim
2564 2048 2770 2100 audivit
2798 2049 2982 2102 omnis
3011 2049 3178 2117 regio,
3213 2065 3333 2116 qua:
3360 2048 3502 2101 inter
3531 2049 3791 2118 angulum
3822 2047 3960 2117 Cpo-

2386 2139 2452 2192 lis
2487 2139 2883 2193 occidentalem
2919 2147 2972 2192 et
3033 2140 3213 2191 sinum
3272 2138 3584 2193 Ccratinum
3637 2141 3811 2210 jacet,
3855 2155 3958 2208 quo

2384 2233 2505 2285 sinu
2535 2232 2727 2284 civitas
2760 2245 2788 2283 a
2836 2230 3227 2300 Septentrione
3283 2230 3585 2296 clauditur;
3650 2232 3742 2286 hic
3797 2233 3956 2285 etiam

2383 2324 2652 2379 decimam
2705 2336 2952 2391 quartam
3009 2322 3190 2392 Cpolis
3258 2323 3531 2392 regionem
3596 2323 3765 2378 fuisse
3816 2325 3957 2377 idem

2383 2416 2586 2486 Gyllius
2615 2416 2918 2473 constituit.
2961 2416 3035 2470 De
3060 2416 3194 2470 locis
3230 2415 3336 2469 illis
3367 2415 3519 2484 plura
3567 2416 3770 2470 videsis
3818 2417 3959 2485 apud

2383 2506 2819 2575 Papebrochium
2857 2506 2923 2559 ad
2953 2507 3092 2559 diem
3122 2522 3211 2560 xvt
3244 2506 3363 2559 Maii
3415 2505 3524 2574 (66)
3586 2512 3642 2560 et.
3701 2506 3757 2559 in
3825 2521 3960 2576 pra-

2385 2599 2533 2653 claro
2559 2613 2724 2667 opere
2759 2597 2946 2668 Cangii
2997 2600 3140 2667 quod
3182 2598 3365 2668 Cpolis
3407 2599 3716 2654 Christiana
3768 2597 3962 2652 inscri-

2384 2691 2530 2746 bitur
2558 2691 2696 2761 (67).

2448 2782 2536 2834 21.
2576 2781 2888 2848 Emporium
2943 2779 3217 2840 Leucadii,
3251 2778 3304 2830 in
3334 2792 3443 2847 quo
3497 2791 3718 2830 sorores
3767 2775 3828 2830 S.
3859 2774 3960 2830 Pe.

2387 2871 2452 2922 tri
2486 2870 2552 2922 de
2584 2864 2905 2920 Blaehernis
2958 2867 3077 2934 ejus
3125 2882 3322 2936 corpus
3380 2867 3736 2936 sepelierunt,
3779 2867 3962 2921 diver-

2386 2977 2505 3015 sum
2539 2973 2646 3014 non
2670 2970 2755 3013 est
2786 2975 2814 3012 a
2849 2960 2968 3014 loco
3006 2975 3168 3029 quem
3206 2961 3491 3031 Dionysius
3528 2960 3863 3032 Byzantinus
3905 2963 3956 3014 in

2380 3053 2593 3122 Anaplo
2621 3051 2845 3121 BOSpori
2883 3052 3002 3122 (68)
3041 3053 3330 3124 Lycadium
3388 3057 3829 3122 promontorium
3877 3055 3958 3106 di-

2383 3146 2473 3209 cit,
2501 3156 2727 3217 eratquc
2762 3148 2815 3200 in
2846 3147 3027 3201 littore
3073 3146 3324 3200 orientali
3376 3145 3626 3213 Bospori,
3682 3160 3791 3197 non
3838 3162 3958 3214 pro-

2382 3240 2468 3293 cul
2504 3256 2532 3293 a
2563 3239 2884 3312 Chrysopoli
2915 3241 3102 3293 situm.
3132 3238 3359 3289 Constat
3390 3237 3441 3289 id
3473 3237 3668 3292 iterum
3696 3253 3762 3290 ex
3787 3236 3959 3290 Chro-

2386 3335 2527 3386 nicis
2567 3335 2852 3402 Symeonis
2893 3332 3129 3401 Magistri
3160 3329 3292 3400 (69),
3319 3327 3529 3400 Georgii
3557 3331 3813 3385 monachi
3839 3333 3952 3403 ¹(⁸70)

2387 3433 2442 3478 et
2475 3425 2870 3479 continuatoris
2901 3424 3154 3494 anonymi
3184 3422 3531 3493 Theophanis
3565 3424 3701 3493 (7i).
3757 3427 3956 3495 Empo-

2387 3516 2451 3570 rii
2485 3527 2666 3570 autem
2701 3517 2946 3580 nomine,
2979 3516 3120 3584 quod
3146 3516 3280 3569 locis
3305 3515 3368 3568 ad
3402 3529 3548 3568 mare
3581 3515 3699 3567 sitis
3735 3519 3956 3584 potissi-

2385 3623 2531 3661 mum
2564 3608 2728 3658 tribui
2768 3617 2954 3659 notum
2983 3615 3084 3668 est,
3117 3622 3225 3659 non
3255 3606 3547 3674 improprie
3603 3607 3692 3658 hic
3731 3607 3955 3676 insigni-

2391 3708 2502 3752 tur.
2546 3698 2715 3751 Porro
2745 3698 2893 3751 locus
2937 3697 3078 3751 idem
3113 3698 3354 3760 omnino,
3391 3698 3660 3765 siquidem
3696 3701 3763 3751 ad
3805 3717 3955 3753 cum-

2386 3789 2506 3842 dem
2544 3805 2743 3841 annum
2793 3787 2987 3841 similia
3024 3786 3225 3856 ubique
3266 3789 3331 3841 de
3381 3802 3444 3840 eo
3490 3793 3888 3848 memorantur.
3931 3808 3957 3844 a

2391 3879 2662 3949 Symeone
2691 3889 2743 3931 et
2773 3875 2986 3931 Joanne
3013 3876 3244 3947 Scylitza
3292 3876 3603 3934 Leucatium
3637 3882 3792 3936 audit
3828 3882 3955 3952 (79.),

2381 3987 2410 4024 a
2445 3972 2657 4025 czeteris
2682 3986 2814 4024 vero
2843 3971 3140 4034 Leucates;
3175 3955 3525 4040 quamobrem
3570 3973 3862 4029 manifeste
3893 3975 3956 4029 de

2384 4079 2450 4118 eo
2487 4065 2566 4133 agi
2603 4065 2841 4129 videtur,
2870 4064 2937 4117 ad
2978 4057 3119 4116 diem
3153 4079 3281 4117 χχιιι
3311 4062 3460 4130 Julii,
3495 4066 3584 4120 ubi
3616 4067 3685 4120 de
3717 4067 3778 4121 S.
3807 4070 3955 4123 Anna

2381 4158 2440 4208 ὲν
2477 4156 2555 4224 τῷ
2589 4157 2846 4226 Actiacam
2876 4155 3064 4208 Pinius
3117 4167 3301 4208 noster
3363 4158 3581 4212 disserit
3637 4161 3776 4231 (75).
3832 4163 3959 4217 Pro-

2390 4248 2720 4302 niontorium
2763 4249 2908 4301 enim
2968 4247 3230 4301 Leucatas
3283 4248 3365 4300 vel
3426 4248 3726 4304 Leucactas
3791 4270 3956 4323 prope

2384 4343 2756 4398 Nicomediam
2789 4342 2844 4396 in
2877 4340 3149 4411 Bithynia,
3178 4348 3232 4395 ut
3258 4350 3450 4396 caetera
3477 4344 3713 4407 mittam,
3741 4348 3956 4419 longius

2390 4451 2418 4488 a
2449 4435 2599 4503 Cpoli
2629 4435 2880 4487 dissitum
2909 4426 3031 4497 fuit,
3060 4447 3222 4502 quam
3272 4442 3326 4486 ut
3368 4434 3493 4488 illuc
3549 4433 3608 4489 8.
3675 4437 3836 4493 Anna
3893 4443 3952 4494 ad

2385 4527 2769 4594 imperatorem
2806 4524 3064 4577 Basilium
3111 4525 3480 4590 Macedonem,
3525 4543 3554 4580 a
3597 4545 3708 4598 quo
3757 4533 3955 4587 dicitur

706 4609 913 4674 quitur,
944 4611 1038 4660 sed
1070 4609 1190 4675 ejus
1219 4623 1431 4662 sorores
1462 4610 1634 4677 ipsum
1685 4613 1994 4677 clterentes,
2041 4614 2094 4667 in
2133 4613 2273 4666 Leu-
2307 4625 2349 4678 ι)
2386 4617 2436 4670 in
2476 4631 2730 4683 sponsam
2767 4616 3128 4685 expostulata,
3158 4631 3215 4670 se
3242 4617 3536 4674 conferret.
3567 4618 3738 4676 Nobis
3773 4635 3952 4679 autem

702 4703 870 4755 cadtte
906 4713 1152 4771 emporio
1182 4702 1474 4770 sepulturae
1512 4705 1864 4761 mandarunt.
1897 4705 2064 4769 Quale
2107 4707 2271 4761 fuerit

702 4797 852 4849 istud
907 4795 1199 4857 ﬂucntutn,
1259 4796 1416 4849 facile
1465 4798 1734 4867 colligitur
1789 4814 1852 4850 ex
1898 4799 2270 4868 'l‘opographia

698 4886 984 4955 Cpolitana
1038 4888 1182 4942 Petri
1219 4887 1402 4959 Gyllii,
1435 4893 1574 4958 apud
1606 4905 1764 4959 quem
1822 4891 1914 4944 lib.
1965 4907 2011 4944 l\'
2062 4908 2180 4961 cap.
2216 4907 2265 4943 vi

705 4983 815 5034 haec
841 4982 1093 5050 leguntur
1126 4981 1236 5050 (62)
1276 4997 1289 5032 :
1327 4980 1443 5035 Non
1481 4983 1720 5035 historici
1776 4983 1952 5043 modo,
1989 4983 2081 5036 sed
2105 4984 2264 5036 etiam

770 5119 882 5186 (57)
921 5118 1197 5182 Petavius,
1233 5120 1302 5172 De
1336 5119 1580 5175 doctrina
1621 5129 1946 5188 temporum,
1977 5118 2052 5174 Ad
2083 5126 2269 5175 aucta-

697 5187 862 5259 rium,
897 5199 1028 5259 etc.,
1062 5191 1155 5241 lib.
1203 5205 1318 5251 vtu,
1346 5207 1464 5259 cap.
1503 5210 1514 5245 l
1560 5202 1611 5244 et
1647 5187 1743 5254 ιη.
1792 5200 1828 5242 t.
1876 5191 1957 5253 Ill,
1989 5208 2039 5258 p.
2086 5192 2184 5246 153
2220 5202 2270 5246 et

697 5258 784 5312 '15.
819 5259 961 5311 Edil.
995 5258 1290 5326 Andwerp.
1322 5258 1780 5327 (Anistelodann).

767 5329 880 5400 (bis)
915 5328 1192 5400 Theoph.,
1218 5332 1320 5400 loc.
1352 5331 1470 5393 cit.,
1501 5347 1548 5400 p.
1579 5332 1701 5385 681.

766 5397 880 5472 (fit?)
909 5399 1182 5472 Petavius,
1221 5399 1322 5472 loc.
1357 5403 1474 5466 cit.,
1503 5397 1624 5469 cap.
1663 5419 1710 5460 v,
1749 5419 1802 5472 p,
1849 5404 1970 5457 16!.

768 5466 880 5541 (QQ)
914 5468 1195 5541 Theoph”
1229 5469 1331 5541 loc.
1365 5472 1484 5535 cit.,
1517 5466 1581 5541 p.'
1606 5472 1730 5524 686.

769 5537 880 5608 (6i)
911 5536 1178 5591 Baronius
1200 5551 1252 5592 et
1283 5540 1494 5608 l’agius,
1519 5536 1585 5594 ad
1620 5559 1706 5595 an.
1737 5545 1862 5608 7.68,
1904 5557 2051 5599 num.
2087 5549 2131 5599 Ι.

696 5605 886 5730 διὲιῦἓ)
917 5609 1155 5663 Gronovi
1190 5605 1459 5680 Antiquit.
1486 5610 1682 5674 Grece,
1727 5626 1764 5668 ι.
1793 5605 1877 5678 Vl,
1917 5618 2019 5669 col.
2055 5619 2193 5671 3323
2223 5615 2291 5668 ct'

769 5691 858 5732 ου.

771 5744 889 5822 (65)
919 5747 1152 5822 TheOph
1187 5790 1200 5814 ,
1237 5750 1342 5806 loc.
1372 5755 1490 5818 cit.,
1517 5769 1570 5822 p.
1606 5752 1731 5808 667.

768 5818 875 5898 (6/!)
913 5819 1025 5898 (_lfr.
1066 5818 1613 5898 tatiietiﬁlossai-iutn
1642 5825 1884 5880 Graecum
1913 5828 1973 5880 \'°
2006 5827 2202 5898 ῥεῦμα.

770 5890 880 5958 (65)
922 5890 979 5944 L.
1012 5909 1086 5958 c.,
1119 5895 1224 5948 col.
1255 5894 1390 5947 5322
1419 5904 1473 5947 et
1505 5909 1653 5963 seqq.

2382 4724 2488 4763 non
2526 4709 2715 4763 inutile
2758 4709 2929 4762 visum
2957 4718 3058 4772 est,
3087 4709 3248 4763 situm
3281 4710 3518 4780 Emporii
3574 4714 3740 4774 illius,
3803 4720 3954 4789 cujus

2388 4804 2708 4871 frequenter
2738 4801 3013 4872 Byzantini
3039 4803 3333 4871 scriptores
3364 4803 3685 4869 meminere,
3731 4805 3824 4862 hic
3861 4825 3952 4863 ac-

2383 4902 2571 4945 curate
2607 4891 2905 4960 assignare.
2939 4891 3201 4945 Addimus
3242 4891 3436 4956 solum,
3471 4893 3524 4948 in
3574 4907 3842 4964 quantum
3892 4916 3951 4953 ex

2377 4984 2573 5056 Gyllio,
2606 4984 2812 5053 Cangio
2838 4993 2892 5036 et
2920 4984 3137 5037 erudito
3164 4985 3470 5054 geographo
3503 4985 3790 5044 Hammcrs
3814 4993 3947 5061 (74),

2447 5121 2557 5192 (66)
2590 5120 2651 5192 Τ.
2688 5118 2750 5173 Ill
2782 5118 2926 5180 Maii,
2956 5134 3009 5192 p_.
3051 5117 3176 5192 625.

2445 5189 2560 5262 ('67)
2594 5191 2825 5265 Lib._tv,
2863 5206 2914 5259 p.
2945 5189 3032 5252 83,
3071 5206 3128 5243 n.
3155 5190 3208 5254 6,
3237 5198 3292 5242 et
3337 5207 3389 5261 p.
3430 5191 3548 5260 174,
3582 5209 3636 5247 ιι.
3676 5195 3747 5262 3;
3776 5195 3875 5253 lib.
3914 5218 3949 5265 ι,

2841 5325 3103 5395 Gronov”
3151 5330 3256 5385 loc.
3305 5332 3426 5397 cit.,
3472 5331 3576 5386 col.
3627 5334 3766 5392 δῖοι
3820 5340 3857 5396 d
3903 5356 3952 5397 et

2379 5406 2516 5462 5205
2549 5406 2603 5458 d.

2453 5478 2564 5543 (69)
2597 5472 2697 5527 Ed.
2731 5471 2929 5535 Bonn.,
2955 5487 3009 5541 p.
3034 5470 3158 5543 721.

2450 5542 2560 5612 (7'0)
2596 5543 2694 5596 Ed.
2718 5544 2910 5605 Bonn.,
2943 5559 2996 5612 p.
3034 5542 3159 5596 877.

2449 5616 2558 5685 (71)
2729 5615 2926 5675 Bonn.,
2959 5629 3010 5681 p.
3044 5612 3174 5685 584.

2454 5683 2565 5761 (72)
2596 5683 2835 5753 Cangius
2864 5687 2914 5736 in
2949 5683 3092 5735 notis
3120 5683 3184 5734 ad
3220 5684 3413 5743 Zonar.
3463 5689 3568 5745 Ed.
3592 5690 3770 5748 Paris.
3806 5704 3847 5748 ι.
3887 5697 3950 5761 ll,

2381 5777 2433 5830 p.
2465 5757 2551 5813 98.

2453 5830 2566 5897 (75)
2589 5826 2651 5879 Τ.
2688 5825 2726 5879 V
2753 5823 2902 5886 Julii,
2931 5839 2980 5891 p.
3011 5824 3131 5897 486.

2451 5895 2561 5968 (7t)
2604 5898 2904 5961 Hammers,
2928 5895 3130 5964 tlpolis.
3162 5897 3339 5954 Pesth.
3383 5901 3542 5966 l82'2,
3577 5919 3627 5973 p.
3659 5907 3788 5966 298.
