4136 6506
204 445 220 509 1
236 443 338 506 097

1286 432 1460 493 VITA
1506 431 1565 490 S.
1600 430 1928 491 ANDRE/E
1965 429 2041 488 ΙΝ
2084 428 2309 488 CRlSI.

3299 425 3434 490 1098

196 569 312 606 rem
349 554 564 621 assequi
606 551 901 622 potuimus,
933 547 1310 602 collocandum
1373 547 1502 601 illud
1551 562 1672 604 esse
1715 546 1766 598 in
1798 552 1842 606 Α
1870 545 2018 611 Julii,
2053 561 2218 607 anno,
2257 554 2315 600 ut
2355 543 2588 606 videtur,
2619 538 2740 596 771.
2779 540 2997 611 Reliqua
3046 556 3164 610 quae
3202 541 3269 598 ad
3311 556 3435 598 eum

199 643 321 697 loco
361 644 452 711 qui
527 643 685 698 hodie
751 640 987 696 Keurlus
1043 639 1264 704 dicitur,
1328 639 1577 708 iacetque
1631 638 1772 689 inter

197 731 528 786 Kaudlisehe
564 743 617 786 et
651 732 886 795 Anatoli,
950 731 1234 785 etduabus
1286 728 1401 782 fere
1460 728 1630 786 leucis
1677 728 1773 780 ho-

200 823 365 876 rariis
401 833 552 876 trans
584 822 883 891 Bosporum
917 837 944 874 a
976 820 1128 889 Cpoli
1163 821 1348 873 distat.

274 907 366 961 22.
399 907 474 961 De
534 908 591 962 S.
646 908 849 961 Joanne
900 906 1150 975 praefecto
1209 904 1526 959 monasterii
1590 905 1775 958 Mona-

197 998 350 1067 grize,
388 1003 480 1066 qui
518 1009 760 1066 tempore
804 995 1195 1066 persecutionis
1241 994 1690 1064 Copronvmiaua:
1721 994 1774 1046 in

197 1104 359 1142 sacco
395 1089 659 1151 inclusus,
700 1090 752 1140 in
790 1103 934 1140 mare
979 1087 1263 1140 demersus
1309 1095 1412 1148 est,
1459 1102 1628 1154 pauca
1685 1087 1776 1137 ha-

198 1179 291 1233 bet
317 1180 382 1233 ad
416 1181 559 1234 diem
588 1197 648 1234 JV
677 1178 819 1232 Junii
867 1177 1247 1231 Henschenius
1297 1185 1483 1229 noster
1515 1177 1647 1246 (7’5),
1688 1191 1775 1229 ea-

195 1285 301 1338 que
334 1272 531 1326 iterum
563 1287 627 1324 ex
664 1269 973 1338 Synaxariis
1015 1284 1043 1322 a
1093 1267 1363 1321 Chillletio
1399 1268 1635 1334 acceptis
1681 1267 1775 1320 de—

199 1362 422 1430 promit.
459 1361 722 1416 Joannem
757 1360 901 1413 hunc
938 1361 1008 1412 ita
1055 1360 1292 1413 celebrat
1352 1356 1410 1411 S.
1467 1358 1778 1428 Stephanus

197 1451 250 1504 in
287 1467 512 1506 carcere
546 1453 808 1520 praetorii.
847 1464 1132 1520 postquam
1167 1453 1230 1505 de
1265 1450 1324 1504 S.
1367 1449 1527 1504 Petro
1552 1452 1618 1504 de
1659 1447 1777 1502 Bla-

194 1543 420 1595 chernis
458 1540 622 1597 verba
661 1543 865 1597 fecerat
904 1561 916 1596 :
954 1543 1232 1596 Imitemur
1278 1551 1333 1596 et
1382 1541 1472 1612 qui
1503 1558 1624 1596 eum
1653 1544 1775 1609 (Pe-

195 1635 362 1695 trum)
408 1640 628 1683 secutus
654 1640 756 1692 est,
793 1629 1058 1683 Joannem
1089 1631 1330 1683 divinum
1375 1630 1527 1682 illum
1576 1627 1777 1681 amoeni

196 1721 521 1771 monasterii
572 1719 858 1788 Monagrite
911 1720 1244 1787 praelectum,
1297 1732 1456 1784 quem
1517 1726 1778 1786 tyrannus

195 1809 498 1877 imperator
530 1809 941 1878 (Copronymus)
983 1807 1262 1877 tyrannice
1296 1808 1772 1876 comprehensum,

1877 646 2148 707 spectant,
2185 637 2237 690 in
2271 636 2421 690 Actis
2458 636 2659 689 nostris
2700 635 2766 688 ad
2798 635 3000 688 dictum
3032 634 3171 688 diem
3196 651 3443 704 quaeran—

1879 737 1986 780 tur.
2015 725 2125 779 Nos
2153 726 2238 779 hie
2270 725 2441 778 solum
2472 740 2500 778 a
2530 725 2694 778 Paulo
2718 740 2780 776 ex
2827 725 3006 788 Creta,
3041 725 3106 778 de
3131 738 3237 794 quo
3279 741 3440 795 supra

1877 831 2033 870 num.
2074 816 2131 869 11
2175 826 2228 869 et
2290 831 2469 885 seqq.,
2526 831 2649 868 eum
2688 815 3026 885 distinguere
3082 815 3440 881 intendimus,

1880 903 2005 957 dein
2041 903 2242 971 aliquid
2264 903 2330 957 de
2355 919 2498 956 anno
2533 905 2769 973 martyrii
2805 904 3147 958 emendatius
3175 905 3442 974 proferre.

1882 993 2144 1048 Refertur
2179 996 2231 1048 in
2257 996 2405 1049 Actis
2431 997 2570 1065 ejus,
2615 997 2715 1050 122
2747 998 2905 1049 annis
2951 1007 3074 1066 post
3113 998 3444 1065 passionem,

1883 1087 2215 1141 revelatione
2245 1086 2383 1140 facta
2419 1088 2658 1141 Antonio
2712 1087 2926 1141 Cauleae
2967 1087 3282 1156 patriarcha:
3309 1087 3447 1156 Cpo-

1880 1178 2070 1243 litano,
2099 1179 2218 1247 ejus
2271 1195 2481 1232 sacrum
2539 1193 2740 1248 corpus
2801 1178 3113 1232 honoriﬁca:
3158 1179 3447 1248 sepulturae

1880 1271 2032 1338 Cpoli
2072 1271 2123 1323 in
2155 1271 2482 1325 monasterio
2507 1269 2745 1338 Caiumte
2782 1271 3035 1323 traditum
3086 1270 3273 1334 fuisse,
3304 1270 3448 1326 unde

1881 1361 2010 1414 illud
2051 1360 2241 1415 Veneti
2283 1377 2427 1414 anno
2464 1361 2602 1413 1222
2631 1372 2962 1431 acceperunt
3005 1370 3060 1414 ct
3106 1361 3245 1415 forte
3274 1377 3448 1430 usque

1882 1453 1936 1506 in
1969 1453 2290 1507 hodiernam
2331 1453 2468 1506 diem
2533 1463 2834 1506 asservant.
2883 1453 3315 1508 Demonstratum
3366 1463 3450 1508 est

1882 1555 2062 1599 autem
2115 1547 2181 1600 ab
2249 1544 2595 1600 llenschenio
2667 1545 2959 1598 Antonium
3023 1545 3275 1598 Cauleam
3337 1560 3446 1599 non

1880 1653 2026 1691 anno
2066 1639 2190 1702 888,
2243 1649 2300 1691 ut
2358 1649 2516 1695 antca
2572 1637 2913 1697 credebatur,
2949 1636 3044 1690 sed
3104 1636 3207 1689 895
3256 1637 3449 1691 sedere

1879 1729 2110 1797 coepisse
2150 1729 2300 1798 (81);
2334 1744 2399 1782 ex
2445 1743 2553 1796 quo
2602 1743 2850 1789 numero,
2907 1728 2950 1780 si
3006 1727 3109 1781 122
3163 1728 3450 1782 demantur

1880 1821 2081 1875 residui
2123 1830 2284 1874 erunt
2335 1820 2459 1872 771.
2513 1817 2713 1872 Verum
2783 1818 2972 1873 Pinius
3055 1821 3448 1874 corrcetionem

195 1899 342 1966 quod
412 1898 615 1952 Christi
680 1899 905 1966 ejusque
959 1896 1144 1950 Matris
1207 1897 1497 1966 imaginem
1546 1897 1772 1965 pedibus

1885 1913 2215 1968 Henschenii
2263 1929 2423 1983 quam
2461 1912 2654 1982 Pagius
2719 1911 2917 1981 aliique
2966 1927 3156 1966 omnes
3214 1914 3445 1982 amplexi

195 1990 519 2042 (‘ouculcare
554 1997 832 2049 reuuerat,
908 2002 1069 2041 sacco
1114 1987 1355 2051 inclusit,
1412 2003 1646 2057 eumque
1706 1987 1772 2040 ad

194 2077 476 2146 ingentem
536 2079 772 2148 lapidem
835 2079 1110 2146 alligatum
1159 2080 1214 2132 in
1283 2078 1551 2148 profundo
1610 2079 1773 2132 maris

194 2169 536 2236 praelocavit.
576 2170 714 2235 Quid
768 2170 1079 2241 hujusmodi
1131 2180 1306 2224 morte
1351 2170 1642 2223 acerbius?
1675 2168 1774 2223 Ve-

198 2272 344 2321 rum,
388 2274 453 2312 eo
508 2262 884 2330 gloriosiorem
935 2276 1189 2314 coronam
1254 2261 1456 2330 prabet
1503 2261 1639 2329 (76).
1694 2259 1770 2313 Ex

199 2355 421 2422 quibus,
464 2355 625 2408 sicuti
672 2365 725 2409 et
774 2372 837 2409 ex
870 2355 1273 2425 chronologicis
1305 2353 1775 2407 observationibus

201 2445 303 2497 sub
332 2460 485 2498 num.
546 2447 609 2498 17
649 2447 845 2510 allatis,
901 2457 1046 2498 recte
1100 2446 1371 2500 deducere
1422 2445 1575 2498 nobis
1625 2443 1773 2497 vide-

201 2551 346 2598 mur,
388 2535 445 2588 S.
476 2535 739 2589 Joannem
801 2536 1173 2606 l-legumenum
1228 2536 1544 2590 monasterii
1595 2535 1778 2589 Mona—

203 2628 331 2696 grite
362 2629 449 2680 die
480 2643 548 2682 tv.
587 2625 758 2692 Junii,
811 2644 953 2679 anno
991 2627 1116 2690 761,
1180 2627 1371 2678 eodem
1422 2627 1627 2679 scilicet
1666 2640 1774 2692 quo

205 2719 262 2771 S.
302 2720 517 2783 Petrus,
570 2719 812 2790 martyrii
865 2720 1078 2789 palman
1131 2726 1386 2788 adeptum
1438 2732 1577 2770 esse.
1618 2717 1772 2785 Apud

203 2810 616 2865 llensehenium
652 2813 869 2881 quidem
908 2813 1129 2875 dicitur,
1167 2827 1275 2865 non
1336 2809 1626 2880 Monagria:
1681 2810 1773 2864 sed

204 2900 493 2970 Dlenagria:
552 2904 879 2969 praelectus;
923 2920 1112 2956 verum
1171 2903 1300 2957 illud
1364 2920 1428 2957 ex
1478 2919 1776 2957 amanuen-

202 2993 342 3046 sium
376 2994 530 3062 lapsu
568 2992 768 3046 factum
797 3007 916 3046 esse
941 2994 1247 3056 coniicitur,
1293 3008 1416 3044 cum
1456 3006 1520 3044 ex
1541 3002 1775 3061 quatuor

201 3099 334 3139 mss.
366 3087 646 3140 codicibus
669 3100 814 3153 quos
873 3084 986 3138 Jac.
1022 3083 1190 3155 Lopin
1247 3099 1304 3138 se
1336 3083 1631 3138 contulisse
1694 3092 1775 3135 tc-

1877 2015 2006 2060 sunt
2036 2006 2173 2076 (82),
2210 2021 2315 2059 non
2349 2014 2653 2070 assecutus,
2689 2020 2810 2058 cum
2839 2003 3071 2058 Barouio
3113 2021 3311 2060 annum
3345 2007 3448 2062 888

1878 2113 2109 2152 erronee
2164 2097 2391 2151 retinuit
2445 2096 2579 2165 (83).
2641 2096 2873 2150 Proinde
2928 2111 3128 2148 annum
3175 2112 3281 2150 non
3322 2097 3445 2160 771,

1876 2189 1970 2243 scd
2001 2189 2103 2242 766
2135 2189 2392 2258 martyrio
2430 2188 2486 2242 S.
2530 2188 2676 2242 Pauli
2732 2188 3121 2258 assignaverat.
3175 2190 3332 2244 Nunc
3381 2206 3447 2245 ex

1860 2281 2018 2334 ‘serie
2050 2296 2212 2349 quam
2257 2279 2559 2349 sequimur,
2591 2278 2912 2333 devenimus
2958 2280 3022 2333 ad
3067 2278 3123 2332 S.
3175 2280 3447 2334 Andream

1880 2373 1933 2424 in
1970 2371 2128 2434 Crisi,
2167 2387 2325 2440 quem
2364 2370 2450 2424 die
2483 2386 2549 2423 xx
2597 2368 2848 2424 Octobris
2892 2369 3019 2422 anni
3072 2369 3174 2422 767
3225 2385 3443 2440 passum

1879 2477 2020 2526 esse,
2053 2477 2215 2531 supra
2250 2478 2402 2515 num.
2454 2462 2519 2515 18
2545 2477 2660 2530 seq.
2708 2462 3113 2526 adstruximus;
3148 2477 3334 2515 verum
3365 2477 3448 2516 re-

1878 2555 2132 2618 servatis,
2165 2569 2284 2624 qua:
2311 2553 2376 2608 de
2407 2569 2472 2608 eo
2514 2554 2723 2622 reliqua
2756 2562 2903 2618 sunt,
2936 2553 3000 2606 ad
3028 2552 3053 2622 ᾗ
3102 2541 3442 2622 sequentem,

1873 2647 1981 2718 jam
2020 2648 2210 2716 paucis
2245 2648 2386 2702 diem
2443 2663 2612 2701 xxviii
2679 2646 2919 2715 ejusdem
2974 2646 3178 2700 mensis
3225 2648 3444 2717 attingi—

1876 2753 2018 2791 mus.
2057 2737 2172 2792 Jam
2203 2739 2407 2790 dictum
2435 2745 2517 2790 est
2552 2753 2713 2804 supra
2749 2752 2903 2790 num.
2936 2737 2988 2802 7,
3042 2737 3131 2790 illo
3163 2737 3250 2791 die
3291 2753 3318 2792 a
3355 2755 3449 2792 ve-

1878 2830 2198 2884 tustissimis
2229 2827 2532 2900 Eclogadiis
2570 2842 2663 2880 seu
2699 2826 3014 2895 illeiiologiis
3057 2827 3314 2883 colendos
3361 2829 3448 2882 in-

1878 2923 1983 2977 dici
2039 2921 2097 2976 S.
2152 2921 2512 2991 Stephanum,
2573 2920 2790 2974 Petrum
2847 2919 2933 2987 (de
2980 2917 3312 2980 Blachernis)
3395 2933 3451 2976 ex.

1877 3014 2148 3068 Andream
2184 3013 2280 3085 (in.
2315 3011 2499 3080 Crisi).
2547 3009 2600 3063 ln
2637 3009 2836 3080 Typico
2895 3008 2953 3062 S.
3006 3007 3159 3062 Saba:
3222 3009 3449 3078 aliisque

1880 3103 2058 3167 fastis,
2099 3104 2279 3172 prodit
2313 3103 2415 3156 hoc
2454 3103 2644 3156 eodem
2678 3102 2765 3156 die
2799 3099 2855 3155 S.
2889 3100 3198 3170 Stephanus
3231 3100 3448 3156 Sabaita

208 3188 385 3230 statur
421 3181 560 3250 (77),
587 3189 697 3232 tum
731 3194 794 3232 ex
829 3179 946 3248 ipso
974 3177 1335 3248 Metaphraste
1367 3176 1459 3246 qui
1505 3177 1645 3245 apud
1670 3175 1774 3228 Su-

1881 3211 2152 3251 canonum
2189 3195 2441 3264 scriptor,
2497 3195 2563 3248 de
2603 3209 2709 3263 quo
2749 3193 2858 3263 agit
2896 3209 3068 3246 canon
3120 3193 3446 3248 Nemeorum

204 3269 344 3321 rium
380 3271 444 3322 ad
485 3272 628 3324 diem
660 3286 824 3323 xxvnt
871 3269 1164 3323 Novembr.
1223 3270 1478 3322 similiter
1531 3269 1721 3323 scribit
1760 3285 1773 3320 :

202 3364 598 3416 monasterium
637 3362 944 3429 Monagriae.
977 3361 1091 3412 Non
1117 3361 1281 3428 igitur
1305 3361 1584 3412 veritatem
1617 3361 1776 3427 plane

202 3468 424 3506 omnem
490 3454 894 3523 Papebrochius
954 3455 1288 3520 assequitur,
1324 3452 1452 3504 dum
1509 3451 1559 3502 iu
1615 3451 1776 3519 hujus

205 3547 524 3600 monasterii
584 3546 1050 3613 nuncupationem
1101 3544 1328 3614 inquirit
1384 3541 1534 3614 (78);
1588 3542 1777 3598 verisi-

203 3639 334 3692 mile
369 3648 549 3692 tamen
580 3648 662 3692 est
694 3639 826 3690 illud
856 3638 910 3690 in
976 3639 1096 3702 ista,
1131 3653 1292 3706 quam
1349 3636 1503 3696 dicit,
1555 3635 1775 3704 regione

201 3726 455 3799 Sigriana
493 3731 657 3782 situm
690 3727 878 3788 fuisse,
908 3729 1056 3795 quia,
1101 3737 1152 3780 ut
1198 3725 1321 3779 alibi
1375 3721 1607 3777 adstruit
1639 3722 1774 3792 (79),

202 3821 275 3872 ibi
308 3819 543 3888 plurima
579 3816 908 3868 monasteria
937 3816 1196 3868 exstitere
1228 3829 1428 3868 nomen
1464 3828 1573 3867 non
1622 3813 1777 3866 valde

203 3909 480 3963 diversum
537 3916 851 3970 consecuta,
891 3915 1122 3960 uterant
1175 3921 1293 3974 qua:
1331 3904 1486 3958 Parvi
1545 3904 1674 3974 Agri
1723 3912 1777 3955 et

204 3999 382 4070 Magni
429 4001 554 4069 Agri
599 4002 937 4055 dicebantur.
986 4000 1256 4054 Praeterea
1321 3997 1364 4052 si
1427 3996 1554 4048 illud
1609 4008 1777 4064 prope

201 4090 414 4161 Cpolim
469 4095 680 4158 luisset,
722 4111 830 4148 non
884 4094 1199 4146 dubitamus
1233 4089 1364 4159 quin
1415 4085 1668 4157 Cangius,
1701 4095 1778 4139 tot

204 4189 506 4258 scriptores
537 4188 713 4240 editos
736 4197 787 4239 et
821 4201 951 4239 mss.
991 4183 1298 4236 incredibili
1344 4179 1618 4249 diligentia
1658 4191 1780 4246 per-

207 4291 506 4345 scrutatus,
538 4281 679 4349 ejus,
723 4280 774 4331 in
805 4296 900 4332 sua
945 4273 1418 4342 Constantinopoli
1473 4269 1779 4325 Christiana

204 4373 454 4424 notitiam
485 4371 814 4426 tradidisset.

277 4485 455 4540 23.1u
489 4482 729 4538 indiculo
779 4492 1071 4550 martyrum
1127 4482 1195 4533 de
1257 4477 1457 4548 quibus
1496 4474 1584 4529 hic
1618 4487 1778 4544 agere

1880 3303 2035 3342 novae
2066 3288 2346 3350 editionis,
2380 3302 2407 3339 a
2449 3286 2737 3340 Theodoro
2769 3283 2972 3354 Grapto
3003 3284 3193 3339 Nicaea:
3243 3297 3449 3342 metro—

1877 3379 2042 3447 polita
2090 3377 2201 3442 (81)
2240 3377 2605 3444 conscriptus.
2653 3375 2710 3428 1n
2763 3375 3061 3444 Synaxario
3118 3376 3446 3432 Nemeorum

1881 3469 1972 3523 hie
2006 3469 2317 3538 Stephanus
2352 3468 2554 3522 dicitur
2578 3469 2868 3538 episcopus
2913 3466 3082 3522 fuisse
3128 3478 3182 3524 et
3209 3477 3451 3523 certasse

1880 3570 2069 3613 contra
2129 3560 2400 3621 haereses;
2440 3557 2493 3610 in
2544 3556 2842 3625 Meuologio
2897 3556 3077 3610 Sirleti
3136 3567 3194 3610 ut
3245 3568 3450 3629 martyr

1878 3651 2241 3703 annuntiatur
2272 3649 2410 3717 (85).
2460 3647 2583 3703 Haec
2632 3655 2813 3701 autem
2869 3662 2969 3702 nec
3025 3647 3302 3717 Stephano
3351 3648 3450 3703 Sa-

1880 3741 2040 3796 baitaa
2076 3742 2229 3811 quia
2262 3741 2556 3795 Theodoro
2601 3740 2804 3810 Grapto
2857 3741 3183 3809 celebratur,
3227 3757 3329 3796 nec
3373 3744 3451 3798 a1-

1881 3835 1980 3888 teri
2045 3833 2375 3902 homonymo
2420 3831 2607 3886 itidem
2657 3830 2912 3894 Sabaitze,
2973 3831 3128 3900 cujus
3191 3833 3447 3902 praeclara

1879 3929 2008 3980 Acta
2045 3924 2234 3978 Pinius
2264 3926 2552 3978 illustravit
2580 3925 2646 3978 ad
2690 3941 2787 3979 sui
2810 3922 2956 3990 Julii,
2987 3925 3278 3980 convenire
3313 3941 3446 3997 pos-

1881 4027 2006 4072 sunt
2039 4018 2174 4087 (86).
2213 4016 2554 4085 Quapropter
2585 4016 2818 4084 conjicio
2851 4018 2939 4070 hic
2964 4018 3045 4086 agi
3078 4019 3143 4071 de
3170 4018 3448 4088 Stephano

1883 4112 1996 4172 illo,
2023 4110 2174 4178 quia
2205 4109 2550 4177 Copronymo
2603 4107 2655 4159 in
2707 4104 3010 4176 Sugdaaam,
3065 4105 3263 4160 Maesia:
3306 4108 3445 4161 infe-

1883 4200 2041 4253 rioris
2074 4208 2281 4265 partem
2327 4198 2460 4266 (87),
2492 4197 2696 4263 ejectus
2730 4206 2814 4248 est
2868 4195 3007 4263 (88),
3061 4195 3249 4250 eodem
3308 4195 3448 4252 forte

1880 4292 1973 4362 qui
2011 4289 2202 4359 viginti
2266 4287 2379 4343 fere
2427 4298 2550 4359 post
2601 4287 2791 4349 annis.
2851 4288 2904 4340 in
2945 4289 3172 4343 concilio
3233 4287 3448 4346 Nicaeno

1884 4382 2012 4437 anni
2047 4381 2153 4435 787
2193 4379 2560 4449 subscripsit:
2596 4381 2864 4448 Στέφανος
2896 4379 3110 4444 ἀνάξιος
3153 4379 3448 4446 ἐπίσκοπος

1884 4472 2166 4537 Σουγδὰων
2202 4470 2336 4538 (89).
2378 4469 2482 4523 Sed
2517 4471 2582 4524 de
2619 4471 2700 4523 his
2745 4471 2939 4521 iterum
2990 4469 3057 4522 ad
3118 4485 3285 4524 xxvnt
3343 4470 3447 4527 0c-

206 4579 365 4631 nobis
395 4577 787 4646 assumpsimus
845 4549 1026 4644 (supra
1080 4587 1232 4627 num.
1287 4571 1399 4634 11),
1450 4578 1505 4622 et
1544 4563 1599 4620 in
1667 4578 1774 4633 quo
1809 4549 1851 4603 Ῐ)
1884 4563 2075 4618 tobris.

205 4673 450 4727 ordinem
515 4672 781 4727 mensium
845 4682 1030 4722 sumus
1095 4665 1293 4726 secuti,
1334 4670 1453 4732 post
1504 4661 1772 4716 Joannem

205 4764 496 4836 Monagriae
575 4755 1210 4833 Hegumenum,prodit
1277 4751 1333 4807 S.
1400 4749 1595 4804 Paulus
1663 4747 1774 4801 No-

213 4875 334 4920 vus,
368 4857 573 4911 militiae
599 4857 729 4919 dux,
767 4853 890 4908 dein
928 4851 1230 4904 monachus
1262 4859 1315 4901 ut
1346 4863 1408 4899 ex
1457 4840 1772 4915 quibusdam

208 4953 550 5005 documentis
582 4957 807 5017 apparet
838 4945 976 5014 (80),
1019 4944 1235 4998 demum
1304 4949 1505 5009 martyr
1558 4935 1644 4987 die
1687 4947 1774 4983 vni

280 5109 391 5179 (75)
425 5109 489 5164 Τ.
526 5107 734 5172 IJunii,
771 5123 824 5177 p.
864 5105 985 5159 102.

277 5175 388 5248 (76)
417 5181 673 5234 Analecta
700 5175 906 5240 Graeca,
939 5192 991 5246 p.
1020 5175 1142 5228 507‘.

276 5251 390 5318 (77)
429 5253 560 5302 Ibid.
601 5251 653 5302 in
679 5248 924 5318 praefata.

278 5317 388 5390 (78)
418 5319 479 5390 '1‘.
505 5322 519 5370 1
542 5318 718 5390 Junii,
745 5335 795 5386 ι).
824 5317 947 5390 402.

278 5385 390 5461 (79)
417 5389 482 5461 Τ.
510 5385 776 5461 1_1_b_1artii,
813 5385 1024 5461 p.315,
1045 5403 1100 5441 ιι.
1118 5385 1189 5461 λε.

277 5449 387 5530 (80)
422 5459 486 5514 Τ.
521 5457 564 5514 11
588 5458 739 5530 Julii,
779 5449 832 5526 p'.
863 5457 986 5518 036,
1021 5471 1074 5530 tr.
1110 5458 1164 5509 2.
1198 5455 1288 5530 Cir
1313 5453 1542 5515 Mentha,
1578 5459 1630 5503 et
1667 5449 1773 5502 Me-

208 5523 485 5599 nologium
520 5527 704 5582 Basilii
733 5523 798 5599 ad
825 5543 987 5582 sunt
1020 5523 1310 5599 Novembr.

279 5590 393 5671 (δῖ)
424 5600 488 5671 71³.
524 5602 564 5653 1.
595 5597 829 5671 Augnde
855 5597 1151 5668 patriarch.
1182 5595 1408 5664 Cpolit.,
1435 5610 1486 5664 p.
1515 5590 1635 5644 115.

273 5665 387 5740 (se;
420 5670 583 5740 ipsa,
601 5685 666 5740 _n.
689 5665 820 5719 sea.

276 5734 390 5812 (ea)
429 5737 491 5793 τ.
526 5737 815 5812 1|Ju1ii,p_.
848 5737 1057 5812 span.
1086 5734 1168 5789 10.

274 5801 385 5882 ('84)
420 5811 682 5878 Lequien,
709 5801 901 5861 oriens
933 5809 1158 5868 Christ.,
1195 5818 1230 5860 t.
1265 5805 1353 5868 Ill,
1382 5805 1487 5860 col.
1517 5805 1656 5861 339'.
1687 5801 1778 5857 Cir

528 5911 795 5969 Ριιτιιοι..
829 5909 938 5965 Gtt.
974 5907 1144 5970 CXV.

1947 4654 2035 4710 24.
2085 4653 2202 4708 Jam
2258 4652 2324 4707 ad
2379 4651 2860 4708 celebratissimum
2915 4653 3076 4707 totius
3112 4655 3446 4722 persecutio-

1882 4753 1964 4806 nis
1982 4749 2427 4820 Copronymiana:
2450 4755 2742 4816 martyrem
2776 4743 3111 4814 Stephanum
3141 4745 3444 4806 Juniorem.

1878 4844 1968 4912 qui
2010 4854 2173 4892 xxvnt
2219 4837 2539 4890 Novembris
2577 4837 2794 4900 colitur,
2829 4836 3166 4890 devenimus.
3201 4836 3297 4891 [lic
3347 4853 3444 4892 au-

1880 4947 1988 4990 tem
2043 4933 2176 4988 satis
2222 4935 2324 4988 erit
2375 4929 2732 4987 chronotaxin
2776 4929 3085 5000 posterioris
3123 4931 3290 5000 partis
3329 4933 3449 5001 ejus

1878 5100 2134 5155 Chronic.
2164 5096 2468 5168 Symeonis.
2498 5096 2636 5168 Edit.
2663 5093 2861 5168 Bono”
2896 5108 2948 5168 pA.
2978 5092 3101 5148 643.

1954 5170 2067 5237 (85)
2101 5161 2265 5223 Ωιι-ἰ.
2303 5167 2369 5221 ιιι
2403 5165 2551 5224 Julii.
2590 5180 2642 5234 p.
2670 5164 2793 5228 525,
2826 5178 2881 5224 n.
2919 5161 2972 5216 9.

1951 5242 2060 5307 (86)
2097 5239 2253 5297 Ibid..
2286 5253 2342 5290 n.
2380 5238 2411 5290 8
2436 5246 2638 5307 etseq.

1951 5301 2062 5376 187)
2098 5308 2381 5368 Cellarius,
2417 5316 2453 5359 t.
2479 5375 2482 5376 ν
2505 5301 2712 5376 1,νεύ11.
2754 5303 2906 5367 1775,
2949 5319 3001 5371 p.
3041 5302 3159 5360 498.
3193 5301 3285 5359 Οτι·
3311 5304 3445 5358 Acta

1882 5381 1959 5436 SS
1990 5422 2003 5440 .
2037 5375 2075 5434 t.
2109 5377 2145 5428 V
2184 5377 2348 5432 Junii.
2379 5393 2430 5446 Ρ.
2464 5375 2590 5428 ἓ-Π.

1950 5452 2060 5517 (881
2091 5449 2311 5507 Menam,
2345 5441 2587 5517 Veneriis
2622 5444 2785 5517 1813,
2821 5443 2884 5517 ad
2924 5459 3106 5517 sagitt
3127 5441 3442 5517 Novembr.,

1881 5539 1931 5591 p.
1959 5513 2087 5575 211.
2117 5517 2474 5591 Menologium
2510 5515 2709 5581 Basilii,
2747 5513 2937 5569 Urbini
2974 5513 3130 5578 1727,
3160 5515 3227 5568 ad
3259 5518 3442 5570 eumd.

1879 5589 2068 5647 diem.
2091 5608 2141 5647 ιι.
2169 5589 2295 5643 217.

1953 5609 2068 5736 ξῗῶ
2091 5608 2504 5736 {alibi-Cone“.
2532 5665 2571 5708 1..
2610 5653 2722 5716 vn,
2756 5653 2945 5736 super
2979 5653 3162 5736 ego}
3188 5655 3246 5736 _b,
3282 5654 3349 5736 ta
3381 5670 3447 5718 c,

1880 5723 2122 5792 Coietus,
2155 5728 2768 5797 Illyricumsacnim,t._
2790 5723 2920 5788 Vltl,
2951 5739 3006 5793 p.
3038 5723 3159 5786 126;
3187 5725 3448 5793 Lequien,

1881 5804 2073 5859 Oriens
2106 5795 2334 5855 Christ..
2362 5807 2402 5850 t.
2433 5796 2474 5860 1,
2503 5798 2605 5852 col.
2643 5795 2797 5848 1229.

3133 5887 3205 5948 35
