  <div class='ocr_page' id='page_1' title='image "/cluster/home/n/w/nwhite01/storage/ocr_20150623/115/uva.x004215515/611.png"; bbox 0 0 4136 6462; ppageno 0'>
   <div class='ocr_carea' id='block_1_1' title="bbox 729 405 864 471">
    <p class='ocr_par' dir='ltr' id='par_1_1' title="bbox 729 405 864 471">
     <span class='ocr_line' id='line_1_1' title="bbox 729 405 864 471; baseline 0.022 -5"><span class='ocrx_word' id='word_1_1' title='bbox 729 405 864 471; x_wconf 80' lang='grc'><strong>1099</strong></span> 
     </span>
    </p>
   </div>
   <div class='ocr_carea' id='block_1_2' title="bbox 1998 397 2671 458">
    <p class='ocr_par' dir='ltr' id='par_1_2' title="bbox 1998 397 2671 458">
     <span class='ocr_line' id='line_1_2' title="bbox 1998 397 2671 458; baseline 0 -1"><span class='ocrx_word' id='word_1_2' title='bbox 1998 398 2275 458; x_wconf 73' lang='lat' dir='ltr'><strong>MENSIS</strong></span> <span class='ocrx_word' id='word_1_3' title='bbox 2315 397 2671 457; x_wconf 76' lang='lat' dir='ltr'><strong>OCTOBER.</strong></span> 
     </span>
    </p>
   </div>
   <div class='ocr_carea' id='block_1_3' title="bbox 3849 401 3983 467">
    <p class='ocr_par' dir='ltr' id='par_1_3' title="bbox 3849 401 3983 467">
     <span class='ocr_line' id='line_1_3' title="bbox 3849 401 3983 467; baseline 0.022 -3"><span class='ocrx_word' id='word_1_4' title='bbox 3849 401 3983 467; x_wconf 74' lang='lat'><strong>1160</strong></span> 
     </span>
    </p>
   </div>
   <div class='ocr_carea' id='block_1_4' title="bbox 719 513 3985 587">
    <p class='ocr_par' dir='ltr' id='par_1_4' title="bbox 719 513 3985 587">
     <span class='ocr_line' id='line_1_4' title="bbox 719 513 3985 587; baseline -0.002 -10"><span class='ocrx_word' id='word_1_5' title='bbox 719 527 865 585; x_wconf 68' lang='lat' dir='ltr'><strong>vim,</strong></span> <span class='ocrx_word' id='word_1_6' title='bbox 900 535 1001 587; x_wconf 86' lang='lat' dir='ltr'><strong>qua</strong></span> <span class='ocrx_word' id='word_1_7' title='bbox 1037 519 1235 587; x_wconf 75' lang='lat' dir='ltr'><strong>saepius</strong></span> <span class='ocrx_word' id='word_1_8' title='bbox 1269 518 1322 570; x_wconf 92' lang='lat' dir='ltr'><strong>in</strong></span> <span class='ocrx_word' id='word_1_9' title='bbox 1372 517 1475 571; x_wconf 86' lang='lat' dir='ltr'><strong>hoc</strong></span> <span class='ocrx_word' id='word_1_10' title='bbox 1501 515 1904 570; x_wconf 79' lang='lat' dir='ltr'><strong>Commentario</strong></span> <span class='ocrx_word' id='word_1_11' title='bbox 1948 516 2054 568; x_wconf 82' lang='lat' dir='ltr'><strong>nixi</strong></span> <span class='ocrx_word' id='word_1_12' title='bbox 2084 530 2294 574; x_wconf 81' lang='lat' dir='ltr'><strong>sumus,</strong></span> <span class='ocrx_word' id='word_1_13' title='bbox 2326 529 2372 582; x_wconf 65' lang='grc' dir='ltr'><strong>Α</strong></span> <span class='ocrx_word' id='word_1_14' title='bbox 2406 513 2653 565; x_wconf 77' lang='lat' dir='ltr'><strong>undecim</strong></span> <span class='ocrx_word' id='word_1_15' title='bbox 2684 526 2899 565; x_wconf 87' lang='lat' dir='ltr'><strong>carcere</strong></span> <span class='ocrx_word' id='word_1_16' title='bbox 2937 517 3171 582; x_wconf 62' lang='lat' dir='ltr'><strong>praetorii</strong></span> <span class='ocrx_word' id='word_1_17' title='bbox 3228 518 3444 580; x_wconf 85' lang='lat' dir='ltr'><strong>mansit,</strong></span> <span class='ocrx_word' id='word_1_18' title='bbox 3479 517 3605 572; x_wconf 82' lang='lat' dir='ltr'><strong>inde</strong></span> <span class='ocrx_word' id='word_1_19' title='bbox 3657 517 3985 572; x_wconf 73' lang='lat' dir='ltr'><strong>conficimus</strong></span> 
     </span>
    </p>
   </div>
   <div class='ocr_carea' id='block_1_5' title="bbox 720 606 2293 678">
    <p class='ocr_par' dir='ltr' id='par_1_5' title="bbox 720 606 2293 678">
     <span class='ocr_line' id='line_1_5' title="bbox 720 606 2293 678; baseline -0.006 -10"><span class='ocrx_word' id='word_1_20' title='bbox 720 612 954 668; x_wconf 86' lang='lat' dir='ltr'><strong>breviter</strong></span> <span class='ocrx_word' id='word_1_21' title='bbox 1016 609 1280 663; x_wconf 82' lang='lat' dir='ltr'><strong>stabilire.</strong></span> <span class='ocrx_word' id='word_1_22' title='bbox 1335 609 1506 662; x_wconf 71' lang='lat' dir='ltr'><strong>Natus</strong></span> <span class='ocrx_word' id='word_1_23' title='bbox 1553 618 1638 661; x_wconf 86' lang='lat' dir='ltr'><strong>est</strong></span> <span class='ocrx_word' id='word_1_24' title='bbox 1687 607 1743 660; x_wconf 86' lang='lat' dir='ltr'><strong>S.</strong></span> <span class='ocrx_word' id='word_1_25' title='bbox 1783 606 2092 678; x_wconf 77' lang='lat' dir='ltr'><strong>Stephanus</strong></span> <span class='ocrx_word' id='word_1_26' title='bbox 2141 609 2293 675; x_wconf 91' lang='lat' dir='ltr'><strong>Cpoli</strong></span> 
     </span>
    </p>
   </div>
   <div class='ocr_carea' id='block_1_6' title="bbox 727 700 2291 772">
    <p class='ocr_par' dir='ltr' id='par_1_6' title="bbox 727 700 2291 772">
     <span class='ocr_line' id='line_1_6' title="bbox 727 700 2291 772; baseline -0.006 -13"><span class='ocrx_word' id='word_1_27' title='bbox 727 720 870 759; x_wconf 86' lang='lat' dir='ltr'><strong>anno</strong></span> <span class='ocrx_word' id='word_1_28' title='bbox 910 703 1032 763; x_wconf 78' lang='grc'>715,</span> <span class='ocrx_word' id='word_1_29' title='bbox 1067 712 1182 772; x_wconf 83' lang='lat' dir='ltr'><strong>post</strong></span> <span class='ocrx_word' id='word_1_30' title='bbox 1214 701 1618 755; x_wconf 73' lang='lat' dir='ltr'><strong>ordinationem</strong></span> <span class='ocrx_word' id='word_1_31' title='bbox 1671 700 1725 754; x_wconf 93' lang='lat' dir='ltr'><strong>S.</strong></span> <span class='ocrx_word' id='word_1_32' title='bbox 1765 701 2016 754; x_wconf 82' lang='lat' dir='ltr'><strong>Germani</strong></span> <span class='ocrx_word' id='word_1_33' title='bbox 2061 704 2291 770; x_wconf 80' lang='lat' dir='ltr'><strong>patriar-</strong></span> 
     </span>
    </p>
   </div>
   <div class='ocr_carea' id='block_1_7' title="bbox 722 795 2293 865">
    <p class='ocr_par' dir='ltr' id='par_1_7' title="bbox 722 795 2293 865">
     <span class='ocr_line' id='line_1_7' title="bbox 722 795 2293 865; baseline -0.002 -16"><span class='ocrx_word' id='word_1_34' title='bbox 722 798 837 852; x_wconf 76' lang='lat' dir='ltr'><strong>cha:</strong></span> <span class='ocrx_word' id='word_1_35' title='bbox 887 795 1018 863; x_wconf 86' lang='grc'><strong>(90),</strong></span> <span class='ocrx_word' id='word_1_36' title='bbox 1059 811 1176 863; x_wconf 71' lang='lat' dir='ltr'><strong>quae</strong></span> <span class='ocrx_word' id='word_1_37' title='bbox 1237 795 1461 864; x_wconf 81' lang='lat' dir='ltr'><strong>contigit</strong></span> <span class='ocrx_word' id='word_1_38' title='bbox 1522 795 1607 848; x_wconf 91' lang='lat' dir='ltr'><strong>die</strong></span> <span class='ocrx_word' id='word_1_39' title='bbox 1651 813 1702 848; x_wconf 76' lang='grc' dir='ltr'><strong>χι</strong></span> <span class='ocrx_word' id='word_1_40' title='bbox 1769 796 1995 865; x_wconf 77' lang='lat' dir='ltr'><strong>Augusti</strong></span> <span class='ocrx_word' id='word_1_41' title='bbox 2052 795 2293 864; x_wconf 89' lang='lat' dir='ltr'><strong>ejusdem</strong></span> 
     </span>
    </p>
   </div>
   <div class='ocr_carea' id='block_1_8' title="bbox 725 886 2291 955">
    <p class='ocr_par' dir='ltr' id='par_1_8' title="bbox 725 886 2291 955">
     <span class='ocr_line' id='line_1_8' title="bbox 725 886 2291 955; baseline 0 -15"><span class='ocrx_word' id='word_1_42' title='bbox 725 887 848 940; x_wconf 88' lang='lat' dir='ltr'><strong>anni</strong></span> <span class='ocrx_word' id='word_1_43' title='bbox 879 887 1010 955; x_wconf 86' lang='lat'><strong>(9!).</strong></span> <span class='ocrx_word' id='word_1_44' title='bbox 1047 886 1319 940; x_wconf 86' lang='lat' dir='ltr'><strong>Deductus</strong></span> <span class='ocrx_word' id='word_1_45' title='bbox 1346 894 1424 937; x_wconf 88' lang='lat' dir='ltr'><strong>est</strong></span> <span class='ocrx_word' id='word_1_46' title='bbox 1460 900 1487 938; x_wconf 88' lang='lat' dir='ltr'><strong>a</strong></span> <span class='ocrx_word' id='word_1_47' title='bbox 1519 886 1854 953; x_wconf 87' lang='lat' dir='ltr'><strong>parentibus,</strong></span> <span class='ocrx_word' id='word_1_48' title='bbox 1879 887 2030 939; x_wconf 84' lang='lat' dir='ltr'><strong>valde</strong></span> <span class='ocrx_word' id='word_1_49' title='bbox 2056 887 2291 954; x_wconf 84' lang='lat' dir='ltr'><strong>juvenis,</strong></span> 
     </span>
    </p>
   </div>
   <div class='ocr_carea' id='block_1_9' title="bbox 723 967 2296 1039">
    <p class='ocr_par' dir='ltr' id='par_1_9' title="bbox 723 967 2296 1039">
     <span class='ocr_line' id='line_1_9' title="bbox 723 967 2296 1039; baseline -0.003 -6"><span class='ocrx_word' id='word_1_50' title='bbox 723 981 788 1034; x_wconf 85' lang='lat' dir='ltr'><strong>ad</strong></span> <span class='ocrx_word' id='word_1_51' title='bbox 815 979 1078 1032; x_wconf 76' lang='lat' dir='ltr'><strong>Joannem</strong></span> <span class='ocrx_word' id='word_1_52' title='bbox 1106 967 1487 1030; x_wconf 80' lang='lat' dir='ltr'><strong>anachoretam</strong></span> <span class='ocrx_word' id='word_1_53' title='bbox 1522 977 1722 1030; x_wconf 90' lang='lat' dir='ltr'><strong>montis</strong></span> <span class='ocrx_word' id='word_1_54' title='bbox 1758 975 1812 1030; x_wconf 89' lang='lat' dir='ltr'><strong>S.</strong></span> <span class='ocrx_word' id='word_1_55' title='bbox 1851 979 2130 1039; x_wconf 72' lang='lat' dir='ltr'><strong>Auxentii,</strong></span> <span class='ocrx_word' id='word_1_56' title='bbox 2161 994 2188 1030; x_wconf 87' lang='lat' dir='ltr'><strong>e</strong></span> <span class='ocrx_word' id='word_1_57' title='bbox 2214 993 2296 1029; x_wconf 88' lang='lat' dir='ltr'><strong>re-</strong></span> 
     </span>
    </p>
   </div>
   <div class='ocr_carea' id='block_1_10' title="bbox 724 1069 2291 1140">
    <p class='ocr_par' dir='ltr' id='par_1_10' title="bbox 724 1069 2291 1140">
     <span class='ocr_line' id='line_1_10' title="bbox 724 1069 2291 1140; baseline -0.001 -18"><span class='ocrx_word' id='word_1_58' title='bbox 724 1073 880 1140; x_wconf 74' lang='lat' dir='ltr'><strong>gione</strong></span> <span class='ocrx_word' id='word_1_59' title='bbox 911 1069 1114 1137; x_wconf 83' lang='lat' dir='ltr'><strong>Cpolis,</strong></span> <span class='ocrx_word' id='word_1_60' title='bbox 1145 1069 1210 1122; x_wconf 87' lang='lat' dir='ltr'><strong>ad</strong></span> <span class='ocrx_word' id='word_1_61' title='bbox 1235 1071 1412 1122; x_wconf 90' lang='lat' dir='ltr'><strong>sinuin</strong></span> <span class='ocrx_word' id='word_1_62' title='bbox 1451 1069 1779 1122; x_wconf 64' lang='lat' dir='ltr'><strong>Nicomediae</strong></span> <span class='ocrx_word' id='word_1_63' title='bbox 1816 1069 1923 1129; x_wconf 81' lang='lat' dir='ltr'><strong>siti,</strong></span> <span class='ocrx_word' id='word_1_64' title='bbox 1955 1071 2005 1122; x_wconf 90' lang='lat' dir='ltr'><strong>in</strong></span> <span class='ocrx_word' id='word_1_65' title='bbox 2035 1084 2143 1137; x_wconf 87' lang='lat' dir='ltr'><strong>quo</strong></span> <span class='ocrx_word' id='word_1_66' title='bbox 2171 1085 2291 1121; x_wconf 87' lang='lat' dir='ltr'><strong>cum</strong></span> 
     </span>
    </p>
   </div>
   <div class='ocr_carea' id='block_1_11' title="bbox 725 1158 2294 1227">
    <p class='ocr_par' dir='ltr' id='par_1_11' title="bbox 725 1158 2294 1227">
     <span class='ocr_line' id='line_1_11' title="bbox 725 1158 2294 1227; baseline -0.001 -15"><span class='ocrx_word' id='word_1_67' title='bbox 725 1163 817 1215; x_wconf 89' lang='lat' dir='ltr'><strong>diu</strong></span> <span class='ocrx_word' id='word_1_68' title='bbox 853 1161 1094 1223; x_wconf 86' lang='lat' dir='ltr'><strong>vixisset,</strong></span> <span class='ocrx_word' id='word_1_69' title='bbox 1126 1173 1270 1211; x_wconf 90' lang='lat' dir='ltr'><strong>anno</strong></span> <span class='ocrx_word' id='word_1_70' title='bbox 1299 1158 1555 1211; x_wconf 62' lang='lat' dir='ltr'><strong>mutis/.2</strong></span> <span class='ocrx_word' id='word_1_71' title='bbox 1589 1159 1723 1226; x_wconf 75' lang='lat'><strong>(9&#39;2),</strong></span> <span class='ocrx_word' id='word_1_72' title='bbox 1754 1159 1958 1211; x_wconf 77' lang='lat' dir='ltr'><strong>Christi</strong></span> <span class='ocrx_word' id='word_1_73' title='bbox 2007 1160 2160 1227; x_wconf 89' lang='lat' dir='ltr'><strong>proin</strong></span> <span class='ocrx_word' id='word_1_74' title='bbox 2195 1159 2294 1211; x_wconf 83' lang='grc'>756</span> 
     </span>
    </p>
   </div>
   <div class='ocr_carea' id='block_1_12' title="bbox 718 1253 2292 1322">
    <p class='ocr_par' dir='ltr' id='par_1_12' title="bbox 718 1253 2292 1322">
     <span class='ocr_line' id='line_1_12' title="bbox 718 1253 2292 1322; baseline -0.002 -14"><span class='ocrx_word' id='word_1_75' title='bbox 718 1263 814 1308; x_wconf 85' lang='lat' dir='ltr'><strong>aut</strong></span> <span class='ocrx_word' id='word_1_76' title='bbox 843 1254 966 1316; x_wconf 75' lang='lat'><strong>757,</strong></span> <span class='ocrx_word' id='word_1_77' title='bbox 998 1253 1061 1306; x_wconf 90' lang='lat' dir='ltr'><strong>ad</strong></span> <span class='ocrx_word' id='word_1_78' title='bbox 1083 1253 1255 1321; x_wconf 92' lang='lat' dir='ltr'><strong>ipsum</strong></span> <span class='ocrx_word' id='word_1_79' title='bbox 1293 1267 1552 1305; x_wconf 78' lang='lat' dir='ltr'><strong>cacumen</strong></span> <span class='ocrx_word' id='word_1_80' title='bbox 1584 1257 1778 1305; x_wconf 89' lang='lat' dir='ltr'><strong>montis</strong></span> <span class='ocrx_word' id='word_1_81' title='bbox 1801 1255 1852 1304; x_wconf 91' lang='lat' dir='ltr'><strong>in</strong></span> <span class='ocrx_word' id='word_1_82' title='bbox 1885 1254 2292 1322; x_wconf 74' lang='lat' dir='ltr'><strong>anguiissimam</strong></span> 
     </span>
    </p>
   </div>
   <div class='ocr_carea' id='block_1_13' title="bbox 717 1344 2294 1414">
    <p class='ocr_par' dir='ltr' id='par_1_13' title="bbox 717 1344 2294 1414">
     <span class='ocr_line' id='line_1_13' title="bbox 717 1344 2294 1414; baseline -0.003 -13"><span class='ocrx_word' id='word_1_83' title='bbox 717 1346 964 1401; x_wconf 85' lang='lat' dir='ltr'><strong>cellulam</strong></span> <span class='ocrx_word' id='word_1_84' title='bbox 1017 1361 1074 1398; x_wconf 84' lang='lat' dir='ltr'><strong>se</strong></span> <span class='ocrx_word' id='word_1_85' title='bbox 1139 1345 1390 1398; x_wconf 76' lang='lat' dir='ltr'><strong>contulit.</strong></span> <span class='ocrx_word' id='word_1_86' title='bbox 1443 1344 1655 1396; x_wconf 78' lang='lat' dir='ltr'><strong>interea</strong></span> <span class='ocrx_word' id='word_1_87' title='bbox 1717 1344 2091 1414; x_wconf 71' lang='lat' dir='ltr'><strong>Copronyinus</strong></span> <span class='ocrx_word' id='word_1_88' title='bbox 2150 1360 2294 1396; x_wconf 84' lang='lat' dir='ltr'><strong>anno</strong></span> 
     </span>
    </p>
   </div>
   <div class='ocr_carea' id='block_1_14' title="bbox 722 1435 2295 1505">
    <p class='ocr_par' dir='ltr' id='par_1_14' title="bbox 722 1435 2295 1505">
     <span class='ocr_line' id='line_1_14' title="bbox 722 1435 2295 1505; baseline -0.001 -14"><span class='ocrx_word' id='word_1_89' title='bbox 722 1437 824 1491; x_wconf 67' lang='lat'><strong>754</strong></span> <span class='ocrx_word' id='word_1_90' title='bbox 867 1437 978 1504; x_wconf 82' lang='lat'><strong>(95)</strong></span> <span class='ocrx_word' id='word_1_91' title='bbox 1029 1435 1295 1505; x_wconf 83' lang='lat' dir='ltr'><strong>synodum</strong></span> <span class='ocrx_word' id='word_1_92' title='bbox 1339 1436 1776 1489; x_wconf 81' lang='lat' dir='ltr'><strong>iconoelastieam</strong></span> <span class='ocrx_word' id='word_1_93' title='bbox 1819 1445 2093 1504; x_wconf 78' lang='lat' dir='ltr'><strong>coegerat,</strong></span> <span class='ocrx_word' id='word_1_94' title='bbox 2140 1438 2295 1503; x_wconf 81' lang='lat' dir='ltr'><strong>cujus</strong></span> 
     </span>
    </p>
   </div>
   <div class='ocr_carea' id='block_1_15' title="bbox 723 1526 2296 1597">
    <p class='ocr_par' dir='ltr' id='par_1_15' title="bbox 723 1526 2296 1597">
     <span class='ocr_line' id='line_1_15' title="bbox 723 1526 2296 1597; baseline -0.002 -14"><span class='ocrx_word' id='word_1_95' title='bbox 723 1530 936 1583; x_wconf 87' lang='lat' dir='ltr'><strong>decreta</strong></span> <span class='ocrx_word' id='word_1_96' title='bbox 976 1529 1086 1597; x_wconf 87' lang='lat' dir='ltr'><strong>ipse</strong></span> <span class='ocrx_word' id='word_1_97' title='bbox 1112 1529 1368 1594; x_wconf 84' lang='lat' dir='ltr'><strong>deinceps</strong></span> <span class='ocrx_word' id='word_1_98' title='bbox 1398 1530 1779 1597; x_wconf 77' lang='lat' dir='ltr'><strong>propugnavit,</strong></span> <span class='ocrx_word' id='word_1_99' title='bbox 1805 1543 2075 1596; x_wconf 86' lang='lat' dir='ltr'><strong>quamque</strong></span> <span class='ocrx_word' id='word_1_100' title='bbox 2106 1544 2133 1579; x_wconf 93' lang='lat' dir='ltr'><strong>a</strong></span> <span class='ocrx_word' id='word_1_101' title='bbox 2153 1526 2296 1580; x_wconf 90' lang='lat' dir='ltr'><strong>Con-</strong></span> 
     </span>
    </p>
   </div>
   <div class='ocr_carea' id='block_1_16' title="bbox 723 1619 2293 1687">
    <p class='ocr_par' dir='ltr' id='par_1_16' title="bbox 723 1619 2293 1687">
     <span class='ocr_line' id='line_1_16' title="bbox 723 1619 2293 1687; baseline 0 -15"><span class='ocrx_word' id='word_1_102' title='bbox 723 1621 961 1673; x_wconf 84' lang='lat' dir='ltr'><strong>stantino</strong></span> <span class='ocrx_word' id='word_1_103' title='bbox 1029 1619 1564 1687; x_wconf 80' lang='lat' dir='ltr'><strong>pseudopatriarcha,</strong></span> <span class='ocrx_word' id='word_1_104' title='bbox 1628 1628 1916 1686; x_wconf 75' lang='lat' dir='ltr'><strong>antequam</strong></span> <span class='ocrx_word' id='word_1_105' title='bbox 1963 1635 2084 1672; x_wconf 89' lang='lat' dir='ltr'><strong>cum</strong></span> <span class='ocrx_word' id='word_1_106' title='bbox 2134 1619 2293 1672; x_wconf 91' lang='lat' dir='ltr'><strong>morti</strong></span> 
     </span>
    </p>
   </div>
   <div class='ocr_carea' id='block_1_17' title="bbox 725 1708 2288 1777">
    <p class='ocr_par' dir='ltr' id='par_1_17' title="bbox 725 1708 2288 1777">
     <span class='ocr_line' id='line_1_17' title="bbox 725 1708 2288 1777; baseline -0.004 -13"><span class='ocrx_word' id='word_1_107' title='bbox 725 1710 982 1773; x_wconf 87' lang='lat' dir='ltr'><strong>traderet,</strong></span> <span class='ocrx_word' id='word_1_108' title='bbox 1026 1724 1168 1761; x_wconf 90' lang='lat' dir='ltr'><strong>anno</strong></span> <span class='ocrx_word' id='word_1_109' title='bbox 1207 1709 1308 1761; x_wconf 83' lang='lat'><strong>768</strong></span> <span class='ocrx_word' id='word_1_110' title='bbox 1356 1708 1552 1760; x_wconf 90' lang='lat' dir='ltr'><strong>iterum</strong></span> <span class='ocrx_word' id='word_1_111' title='bbox 1602 1709 1886 1777; x_wconf 77' lang='lat' dir='ltr'><strong>approbari</strong></span> <span class='ocrx_word' id='word_1_112' title='bbox 1936 1711 2104 1762; x_wconf 78' lang='lat' dir='ltr'><strong>voluit</strong></span> <span class='ocrx_word' id='word_1_113' title='bbox 2158 1709 2288 1775; x_wconf 68' lang='grc'><strong>(94).</strong></span> 
     </span>
    </p>
   </div>
   <div class='ocr_carea' id='block_1_18' title="bbox 721 1797 2290 1869">
    <p class='ocr_par' dir='ltr' id='par_1_18' title="bbox 721 1797 2290 1869">
     <span class='ocr_line' id='line_1_18' title="bbox 721 1797 2290 1869; baseline -0.003 -15"><span class='ocrx_word' id='word_1_114' title='bbox 721 1799 891 1869; x_wconf 80' lang='lat' dir='ltr'><strong>Hujus</strong></span> <span class='ocrx_word' id='word_1_115' title='bbox 926 1799 1272 1853; x_wconf 86' lang='lat' dir='ltr'><strong>conciliabuli</strong></span> <span class='ocrx_word' id='word_1_116' title='bbox 1309 1797 1525 1851; x_wconf 87' lang='lat' dir='ltr'><strong>decreta</strong></span> <span class='ocrx_word' id='word_1_117' title='bbox 1553 1813 1694 1850; x_wconf 87' lang='lat' dir='ltr'><strong>anno</strong></span> <span class='ocrx_word' id='word_1_118' title='bbox 1721 1801 1822 1850; x_wconf 75' lang='grc'>765</span> <span class='ocrx_word' id='word_1_119' title='bbox 1853 1800 1916 1850; x_wconf 83' lang='lat' dir='ltr'><strong>ad</strong></span> <span class='ocrx_word' id='word_1_120' title='bbox 1953 1799 2008 1850; x_wconf 88' lang='lat' dir='ltr'><strong>S.</strong></span> <span class='ocrx_word' id='word_1_121' title='bbox 2037 1799 2290 1850; x_wconf 77' lang='lat' dir='ltr'><strong>Auxent‘ii</strong></span> 
     </span>
    </p>
   </div>
   <div class='ocr_carea' id='block_1_19' title="bbox 726 1876 2368 1959">
    <p class='ocr_par' dir='ltr' id='par_1_19' title="bbox 726 1876 2368 1959">
     <span class='ocr_line' id='line_1_19' title="bbox 726 1876 2368 1959; baseline -0.001 -16"><span class='ocrx_word' id='word_1_122' title='bbox 726 1901 960 1943; x_wconf 87' lang='lat' dir='ltr'><strong>montem</strong></span> <span class='ocrx_word' id='word_1_123' title='bbox 989 1891 1128 1943; x_wconf 84' lang='lat' dir='ltr'><strong>idem</strong></span> <span class='ocrx_word' id='word_1_124' title='bbox 1162 1889 1456 1959; x_wconf 84' lang='lat' dir='ltr'><strong>imperator</strong></span> <span class='ocrx_word' id='word_1_125' title='bbox 1487 1891 1648 1958; x_wconf 82' lang='lat' dir='ltr'><strong>jussit</strong></span> <span class='ocrx_word' id='word_1_126' title='bbox 1677 1888 1899 1949; x_wconf 82' lang='lat' dir='ltr'><strong>del&#39;erri,</strong></span> <span class='ocrx_word' id='word_1_127' title='bbox 1927 1900 1978 1942; x_wconf 91' lang='lat' dir='ltr'><strong>ut</strong></span> <span class='ocrx_word' id='word_1_128' title='bbox 2016 1907 2040 1940; x_wconf 86' lang='lat' dir='ltr'><strong>a</strong></span> <span class='ocrx_word' id='word_1_129' title='bbox 2078 1891 2135 1941; x_wconf 87' lang='lat' dir='ltr'><strong>S.</strong></span> <span class='ocrx_word' id='word_1_130' title='bbox 2170 1890 2294 1942; x_wconf 77' lang='lat' dir='ltr'><strong>Ste-</strong></span> <span class='ocrx_word' id='word_1_131' title='bbox 2331 1876 2368 1931; x_wconf 71' lang='grc' dir='ltr'><strong>Β</strong></span> 
     </span>
    </p>
   </div>
   <div class='ocr_carea' id='block_1_20' title="bbox 719 1979 2296 2053">
    <p class='ocr_par' dir='ltr' id='par_1_20' title="bbox 719 1979 2296 2053">
     <span class='ocr_line' id='line_1_20' title="bbox 719 1979 2296 2053; baseline -0.004 -17"><span class='ocrx_word' id='word_1_132' title='bbox 719 1982 902 2053; x_wconf 85' lang='lat' dir='ltr'><strong>pbano</strong></span> <span class='ocrx_word' id='word_1_133' title='bbox 932 1981 1408 2034; x_wconf 83' lang='lat' dir='ltr'><strong>subscriberentur</strong></span> <span class='ocrx_word' id='word_1_134' title='bbox 1437 1981 1573 2050; x_wconf 78' lang='grc'><strong>(95).</strong></span> <span class='ocrx_word' id='word_1_135' title='bbox 1606 1979 1655 2033; x_wconf 82' lang='lat' dir='ltr'><strong>is</strong></span> <span class='ocrx_word' id='word_1_136' title='bbox 1689 1996 1836 2042; x_wconf 86' lang='lat' dir='ltr'><strong>vero,</strong></span> <span class='ocrx_word' id='word_1_137' title='bbox 1872 1996 1994 2033; x_wconf 91' lang='lat' dir='ltr'><strong>cum</strong></span> <span class='ocrx_word' id='word_1_138' title='bbox 2031 1981 2080 2033; x_wconf 89' lang='lat' dir='ltr'><strong>id</strong></span> <span class='ocrx_word' id='word_1_139' title='bbox 2117 1982 2296 2032; x_wconf 79' lang='lat' dir='ltr'><strong>facere</strong></span> 
     </span>
    </p>
   </div>
   <div class='ocr_carea' id='block_1_21' title="bbox 721 2074 2298 2137">
    <p class='ocr_par' dir='ltr' id='par_1_21' title="bbox 721 2074 2298 2137">
     <span class='ocr_line' id='line_1_21' title="bbox 721 2074 2298 2137; baseline -0.002 -9"><span class='ocrx_word' id='word_1_140' title='bbox 721 2081 1010 2137; x_wconf 85' lang='lat' dir='ltr'><strong>renuisset,</strong></span> <span class='ocrx_word' id='word_1_141' title='bbox 1040 2075 1105 2127; x_wconf 86' lang='lat' dir='ltr'><strong>ad</strong></span> <span class='ocrx_word' id='word_1_142' title='bbox 1136 2074 1194 2126; x_wconf 89' lang='lat' dir='ltr'><strong>S.</strong></span> <span class='ocrx_word' id='word_1_143' title='bbox 1222 2074 1476 2126; x_wconf 84' lang='lat' dir='ltr'><strong>Auxentii</strong></span> <span class='ocrx_word' id='word_1_144' title='bbox 1526 2075 1898 2127; x_wconf 71' lang='lat' dir='ltr'><strong>eretneterium</strong></span> <span class='ocrx_word' id='word_1_145' title='bbox 1932 2082 2078 2125; x_wconf 83' lang='lat' dir='ltr'><strong>arcte</strong></span> <span class='ocrx_word' id='word_1_146' title='bbox 2112 2082 2298 2125; x_wconf 90' lang='lat' dir='ltr'><strong>custo-</strong></span> 
     </span>
    </p>
   </div>
   <div class='ocr_carea' id='block_1_22' title="bbox 720 2163 2296 2234">
    <p class='ocr_par' dir='ltr' id='par_1_22' title="bbox 720 2163 2296 2234">
     <span class='ocr_line' id='line_1_22' title="bbox 720 2163 2296 2234; baseline -0.003 -13"><span class='ocrx_word' id='word_1_147' title='bbox 720 2169 888 2229; x_wconf 86' lang='lat' dir='ltr'><strong>ditus,</strong></span> <span class='ocrx_word' id='word_1_148' title='bbox 933 2168 1017 2220; x_wconf 87' lang='lat' dir='ltr'><strong>die</strong></span> <span class='ocrx_word' id='word_1_149' title='bbox 1064 2167 1315 2234; x_wconf 85' lang='lat' dir='ltr'><strong>septimo,</strong></span> <span class='ocrx_word' id='word_1_150' title='bbox 1371 2165 1497 2218; x_wconf 92' lang='lat' dir='ltr'><strong>dum</strong></span> <span class='ocrx_word' id='word_1_151' title='bbox 1553 2163 1800 2234; x_wconf 75' lang='lat' dir='ltr'><strong>Bulgaris</strong></span> <span class='ocrx_word' id='word_1_152' title='bbox 1846 2165 2047 2218; x_wconf 90' lang='lat' dir='ltr'><strong>bellum</strong></span> <span class='ocrx_word' id='word_1_153' title='bbox 2096 2165 2296 2217; x_wconf 82' lang='lat' dir='ltr'><strong>inl&#39;erre</strong></span> 
     </span>
    </p>
   </div>
   <div class='ocr_carea' id='block_1_23' title="bbox 721 2253 2292 2327">
    <p class='ocr_par' dir='ltr' id='par_1_23' title="bbox 721 2253 2292 2327">
     <span class='ocr_line' id='line_1_23' title="bbox 721 2253 2292 2327; baseline -0.002 -19"><span class='ocrx_word' id='word_1_154' title='bbox 721 2261 1015 2327; x_wconf 80' lang='lat' dir='ltr'><strong>imperator</strong></span> <span class='ocrx_word' id='word_1_155' title='bbox 1040 2257 1250 2318; x_wconf 83' lang='lat' dir='ltr'><strong>debuit,</strong></span> <span class='ocrx_word' id='word_1_156' title='bbox 1279 2257 1537 2310; x_wconf 87' lang='lat' dir='ltr'><strong>liberatus</strong></span> <span class='ocrx_word' id='word_1_157' title='bbox 1570 2265 1653 2308; x_wconf 76' lang='lat' dir='ltr'><strong>est</strong></span> <span class='ocrx_word' id='word_1_158' title='bbox 1687 2254 1819 2324; x_wconf 75' lang='lat'><strong>(96).</strong></span> <span class='ocrx_word' id='word_1_159' title='bbox 1859 2254 2025 2306; x_wconf 83' lang='lat' dir='ltr'><strong>Porro</strong></span> <span class='ocrx_word' id='word_1_160' title='bbox 2076 2255 2127 2305; x_wconf 94' lang='lat' dir='ltr'><strong>in</strong></span> <span class='ocrx_word' id='word_1_161' title='bbox 2169 2253 2292 2306; x_wconf 86' lang='lat' dir='ltr'><strong>Bul-</strong></span> 
     </span>
    </p>
   </div>
   <div class='ocr_carea' id='block_1_24' title="bbox 722 2341 2298 2414">
    <p class='ocr_par' dir='ltr' id='par_1_24' title="bbox 722 2341 2298 2414">
     <span class='ocr_line' id='line_1_24' title="bbox 722 2341 2298 2414; baseline -0.003 -16"><span class='ocrx_word' id='word_1_162' title='bbox 722 2360 877 2414; x_wconf 78' lang='lat' dir='ltr'><strong>garos</strong></span> <span class='ocrx_word' id='word_1_163' title='bbox 932 2346 1203 2413; x_wconf 83' lang='lat' dir='ltr'><strong>profectus</strong></span> <span class='ocrx_word' id='word_1_164' title='bbox 1237 2355 1319 2397; x_wconf 82' lang='lat' dir='ltr'><strong>est</strong></span> <span class='ocrx_word' id='word_1_165' title='bbox 1352 2344 1733 2412; x_wconf 77' lang='lat' dir='ltr'><strong>Copronyinus</strong></span> <span class='ocrx_word' id='word_1_166' title='bbox 1779 2345 1864 2395; x_wconf 86' lang='lat' dir='ltr'><strong>die</strong></span> <span class='ocrx_word' id='word_1_167' title='bbox 1906 2357 2009 2394; x_wconf 82' lang='lat' dir='ltr'><strong>xvii</strong></span> <span class='ocrx_word' id='word_1_168' title='bbox 2039 2341 2208 2402; x_wconf 80' lang='lat' dir='ltr'><strong>Junii,</strong></span> <span class='ocrx_word' id='word_1_169' title='bbox 2244 2352 2298 2394; x_wconf 86' lang='lat' dir='ltr'><strong>et</strong></span> 
     </span>
    </p>
   </div>
   <div class='ocr_carea' id='block_1_25' title="bbox 718 2434 2298 2504">
    <p class='ocr_par' dir='ltr' id='par_1_25' title="bbox 718 2434 2298 2504">
     <span class='ocr_line' id='line_1_25' title="bbox 718 2434 2298 2504; baseline -0.003 -14"><span class='ocrx_word' id='word_1_170' title='bbox 718 2437 806 2491; x_wconf 91' lang='lat' dir='ltr'><strong>die</strong></span> <span class='ocrx_word' id='word_1_171' title='bbox 833 2452 934 2489; x_wconf 79' lang='lat' dir='ltr'><strong>xxx</strong></span> <span class='ocrx_word' id='word_1_172' title='bbox 971 2435 1214 2504; x_wconf 87' lang='lat' dir='ltr'><strong>ejusdem</strong></span> <span class='ocrx_word' id='word_1_173' title='bbox 1265 2435 1489 2494; x_wconf 82' lang='lat' dir='ltr'><strong>mensis,</strong></span> <span class='ocrx_word' id='word_1_174' title='bbox 1519 2434 1649 2488; x_wconf 77' lang='lat' dir='ltr'><strong>feria</strong></span> <span class='ocrx_word' id='word_1_175' title='bbox 1684 2451 1734 2498; x_wconf 79' lang='grc' dir='ltr'><strong>ν,</strong></span> <span class='ocrx_word' id='word_1_176' title='bbox 1778 2435 2081 2487; x_wconf 84' lang='lat' dir='ltr'><strong>indictione</strong></span> <span class='ocrx_word' id='word_1_177' title='bbox 2130 2449 2166 2496; x_wconf 85' lang='grc' dir='ltr'><strong>ι,</strong></span> <span class='ocrx_word' id='word_1_178' title='bbox 2203 2446 2298 2485; x_wconf 89' lang='lat' dir='ltr'><strong>eos</strong></span> 
     </span>
    </p>
   </div>
   <div class='ocr_carea' id='block_1_26' title="bbox 722 2526 2298 2600">
    <p class='ocr_par' dir='ltr' id='par_1_26' title="bbox 722 2526 2298 2600">
     <span class='ocr_line' id='line_1_26' title="bbox 722 2526 2298 2600; baseline -0.002 -17"><span class='ocrx_word' id='word_1_179' title='bbox 722 2531 907 2600; x_wconf 66' lang='lat' dir='ltr'><strong>praalio</strong></span> <span class='ocrx_word' id='word_1_180' title='bbox 943 2530 1140 2582; x_wconf 82' lang='lat' dir='ltr'><strong>devicit</strong></span> <span class='ocrx_word' id='word_1_181' title='bbox 1178 2527 1316 2596; x_wconf 74' lang='lat'><strong>(97);</strong></span> <span class='ocrx_word' id='word_1_182' title='bbox 1344 2544 1407 2579; x_wconf 84' lang='lat' dir='ltr'><strong>ex</strong></span> <span class='ocrx_word' id='word_1_183' title='bbox 1444 2543 1547 2595; x_wconf 80' lang='lat' dir='ltr'><strong>qua</strong></span> <span class='ocrx_word' id='word_1_184' title='bbox 1582 2528 1896 2580; x_wconf 74' lang='lat' dir='ltr'><strong>iudieiionis</strong></span> <span class='ocrx_word' id='word_1_185' title='bbox 1945 2535 1997 2578; x_wconf 86' lang='lat' dir='ltr'><strong>et</strong></span> <span class='ocrx_word' id='word_1_186' title='bbox 2023 2526 2170 2579; x_wconf 76' lang='lat' dir='ltr'><strong>feria:</strong></span> <span class='ocrx_word' id='word_1_187' title='bbox 2217 2528 2298 2580; x_wconf 82' lang='lat' dir='ltr'><strong>in-</strong></span> 
     </span>
    </p>
   </div>
   <div class='ocr_carea' id='block_1_27' title="bbox 722 2619 2294 2689">
    <p class='ocr_par' dir='ltr' id='par_1_27' title="bbox 722 2619 2294 2689">
     <span class='ocr_line' id='line_1_27' title="bbox 722 2619 2294 2689; baseline -0.002 -12"><span class='ocrx_word' id='word_1_188' title='bbox 722 2624 993 2676; x_wconf 84' lang='lat' dir='ltr'><strong>dicatione</strong></span> <span class='ocrx_word' id='word_1_189' title='bbox 1023 2621 1387 2672; x_wconf 83' lang='lat' dir='ltr'><strong>certissimum</strong></span> <span class='ocrx_word' id='word_1_190' title='bbox 1432 2629 1514 2671; x_wconf 84' lang='lat' dir='ltr'><strong>est</strong></span> <span class='ocrx_word' id='word_1_191' title='bbox 1543 2634 1603 2672; x_wconf 84' lang='lat' dir='ltr'><strong>ea</strong></span> <span class='ocrx_word' id='word_1_192' title='bbox 1641 2619 1932 2687; x_wconf 74' lang='lat' dir='ltr'><strong>contigisse</strong></span> <span class='ocrx_word' id='word_1_193' title='bbox 1955 2634 2294 2689; x_wconf 84' lang='lat' dir='ltr'><strong>anno,quein</strong></span> 
     </span>
    </p>
   </div>
   <div class='ocr_carea' id='block_1_28' title="bbox 724 2711 1335 2784">
    <p class='ocr_par' dir='ltr' id='par_1_28' title="bbox 724 2711 1335 2784">
     <span class='ocr_line' id='line_1_28' title="bbox 724 2711 1335 2784; baseline -0.013 -14"><span class='ocrx_word' id='word_1_194' title='bbox 724 2730 886 2784; x_wconf 82' lang='lat' dir='ltr'><strong>supra</strong></span> <span class='ocrx_word' id='word_1_195' title='bbox 915 2713 1181 2776; x_wconf 77' lang='lat' dir='ltr'><strong>dicebam,</strong></span> <span class='ocrx_word' id='word_1_196' title='bbox 1213 2711 1335 2764; x_wconf 82' lang='lat'><strong>765.</strong></span> 
     </span>
    </p>
   </div>
   <div class='ocr_carea' id='block_1_29' title="bbox 792 2800 2296 2873">
    <p class='ocr_par' dir='ltr' id='par_1_29' title="bbox 792 2800 2296 2873">
     <span class='ocr_line' id='line_1_29' title="bbox 792 2800 2296 2873; baseline -0.001 -14"><span class='ocrx_word' id='word_1_197' title='bbox 792 2807 882 2860; x_wconf 73' lang='lat'><strong>‘25.</strong></span> <span class='ocrx_word' id='word_1_198' title='bbox 943 2805 1073 2858; x_wconf 91' lang='lat' dir='ltr'><strong>Dein</strong></span> <span class='ocrx_word' id='word_1_199' title='bbox 1109 2821 1135 2857; x_wconf 84' lang='lat' dir='ltr'><strong>a</strong></span> <span class='ocrx_word' id='word_1_200' title='bbox 1178 2804 1350 2856; x_wconf 86' lang='lat' dir='ltr'><strong>reditu</strong></span> <span class='ocrx_word' id='word_1_201' title='bbox 1416 2803 1750 2872; x_wconf 82' lang='lat' dir='ltr'><strong>imperatoris</strong></span> <span class='ocrx_word' id='word_1_202' title='bbox 1809 2802 2043 2873; x_wconf 81' lang='lat' dir='ltr'><strong>Cpolim,</strong></span> <span class='ocrx_word' id='word_1_203' title='bbox 2112 2800 2296 2872; x_wconf 77' lang='lat' dir='ltr'><strong>paucis</strong></span> 
     </span>
    </p>
   </div>
   <div class='ocr_carea' id='block_1_30' title="bbox 728 2893 2295 2963">
    <p class='ocr_par' dir='ltr' id='par_1_30' title="bbox 728 2893 2295 2963">
     <span class='ocr_line' id='line_1_30' title="bbox 728 2893 2295 2963; baseline -0.003 -11"><span class='ocrx_word' id='word_1_204' title='bbox 728 2897 1015 2952; x_wconf 83' lang='lat' dir='ltr'><strong>eventibus</strong></span> <span class='ocrx_word' id='word_1_205' title='bbox 1042 2894 1362 2963; x_wconf 84' lang='lat' dir='ltr'><strong>interjectis,</strong></span> <span class='ocrx_word' id='word_1_206' title='bbox 1394 2894 1618 2946; x_wconf 80' lang='lat' dir='ltr'><strong>incenso</strong></span> <span class='ocrx_word' id='word_1_207' title='bbox 1647 2893 1702 2946; x_wconf 90' lang='lat' dir='ltr'><strong>S.</strong></span> <span class='ocrx_word' id='word_1_208' title='bbox 1741 2895 1996 2945; x_wconf 80' lang='lat' dir='ltr'><strong>Anxentii</strong></span> <span class='ocrx_word' id='word_1_209' title='bbox 2025 2902 2295 2947; x_wconf 83' lang='lat' dir='ltr'><strong>monaste-</strong></span> 
     </span>
    </p>
   </div>
   <div class='ocr_carea' id='block_1_31' title="bbox 727 2984 2298 3054">
    <p class='ocr_par' dir='ltr' id='par_1_31' title="bbox 727 2984 2298 3054">
     <span class='ocr_line' id='line_1_31' title="bbox 727 2984 2298 3054; baseline 0 -15"><span class='ocrx_word' id='word_1_210' title='bbox 727 2988 807 3040; x_wconf 88' lang='lat' dir='ltr'><strong>rio</strong></span> <span class='ocrx_word' id='word_1_211' title='bbox 844 2986 952 3054; x_wconf 82' lang='grc'><strong>(98)</strong></span> <span class='ocrx_word' id='word_1_212' title='bbox 991 2984 1048 3038; x_wconf 88' lang='lat' dir='ltr'><strong>S.</strong></span> <span class='ocrx_word' id='word_1_213' title='bbox 1073 2984 1382 3052; x_wconf 80' lang='lat' dir='ltr'><strong>Stephanus</strong></span> <span class='ocrx_word' id='word_1_214' title='bbox 1405 2999 1433 3036; x_wconf 89' lang='lat' dir='ltr'><strong>e</strong></span> <span class='ocrx_word' id='word_1_215' title='bbox 1462 2985 1676 3047; x_wconf 70' lang='lat' dir='ltr'><strong>tugurio</strong></span> <span class='ocrx_word' id='word_1_216' title='bbox 1711 2998 1811 3036; x_wconf 89' lang='lat' dir='ltr'><strong>suo</strong></span> <span class='ocrx_word' id='word_1_217' title='bbox 1847 2997 2018 3051; x_wconf 83' lang='lat' dir='ltr'><strong>usque</strong></span> <span class='ocrx_word' id='word_1_218' title='bbox 2051 2986 2114 3038; x_wconf 89' lang='lat' dir='ltr'><strong>ad</strong></span> <span class='ocrx_word' id='word_1_219' title='bbox 2149 3001 2298 3040; x_wconf 83' lang='lat' dir='ltr'><strong>mare</strong></span> 
     </span>
    </p>
   </div>
   <div class='ocr_carea' id='block_1_32' title="bbox 724 3073 2297 3147">
    <p class='ocr_par' dir='ltr' id='par_1_32' title="bbox 724 3073 2297 3147">
     <span class='ocr_line' id='line_1_32' title="bbox 724 3073 2297 3147; baseline -0.003 -15"><span class='ocrx_word' id='word_1_220' title='bbox 724 3087 1030 3147; x_wconf 80' lang='lat' dir='ltr'><strong>pertractus</strong></span> <span class='ocrx_word' id='word_1_221' title='bbox 1063 3085 1164 3135; x_wconf 85' lang='lat' dir='ltr'><strong>cst.</strong></span> <span class='ocrx_word' id='word_1_222' title='bbox 1201 3073 1381 3143; x_wconf 90' lang='lat' dir='ltr'><strong>ibique</strong></span> <span class='ocrx_word' id='word_1_223' title='bbox 1417 3075 1681 3126; x_wconf 82' lang='lat' dir='ltr'><strong>navicqu</strong></span> <span class='ocrx_word' id='word_1_224' title='bbox 1712 3074 1998 3142; x_wconf 88' lang='lat' dir='ltr'><strong>impositus</strong></span> <span class='ocrx_word' id='word_1_225' title='bbox 2030 3085 2083 3129; x_wconf 90' lang='lat' dir='ltr'><strong>et</strong></span> <span class='ocrx_word' id='word_1_226' title='bbox 2127 3076 2297 3147; x_wconf 79' lang='lat' dir='ltr'><strong>Chry-</strong></span> 
     </span>
    </p>
   </div>
   <div class='ocr_carea' id='block_1_33' title="bbox 716 3165 2294 3236">
    <p class='ocr_par' dir='ltr' id='par_1_33' title="bbox 716 3165 2294 3236">
     <span class='ocr_line' id='line_1_33' title="bbox 716 3165 2294 3236; baseline -0.003 -12"><span class='ocrx_word' id='word_1_227' title='bbox 716 3170 949 3234; x_wconf 77' lang='lat' dir='ltr'><strong>sopolim</strong></span> <span class='ocrx_word' id='word_1_228' title='bbox 1002 3169 1068 3221; x_wconf 90' lang='lat' dir='ltr'><strong>ad</strong></span> <span class='ocrx_word' id='word_1_229' title='bbox 1127 3166 1408 3236; x_wconf 77' lang='lat' dir='ltr'><strong>Philippici</strong></span> <span class='ocrx_word' id='word_1_230' title='bbox 1453 3166 1846 3219; x_wconf 82' lang='lat' dir='ltr'><strong>monasterium</strong></span> <span class='ocrx_word' id='word_1_231' title='bbox 1909 3167 2118 3220; x_wconf 87' lang='lat' dir='ltr'><strong>delatus</strong></span> <span class='ocrx_word' id='word_1_232' title='bbox 2162 3165 2294 3234; x_wconf 80' lang='lat'><strong>(99),</strong></span> 
     </span>
    </p>
   </div>
   <div class='ocr_carea' id='block_1_34' title="bbox 725 3255 2296 3332">
    <p class='ocr_par' dir='ltr' id='par_1_34' title="bbox 725 3255 2296 3332">
     <span class='ocr_line' id='line_1_34' title="bbox 725 3255 2296 3332; baseline -0.005 -16"><span class='ocrx_word' id='word_1_233' title='bbox 725 3270 1006 3332; x_wconf 87' lang='lat' dir='ltr'><strong>postquam</strong></span> <span class='ocrx_word' id='word_1_234' title='bbox 1064 3259 1180 3312; x_wconf 90' lang='lat' dir='ltr'><strong>dies</strong></span> <span class='ocrx_word' id='word_1_235' title='bbox 1225 3273 1333 3310; x_wconf 79' lang='lat' dir='ltr'><strong>xvtt</strong></span> <span class='ocrx_word' id='word_1_236' title='bbox 1377 3258 1485 3310; x_wconf 82' lang='lat' dir='ltr'><strong>illic</strong></span> <span class='ocrx_word' id='word_1_237' title='bbox 1533 3260 1890 3325; x_wconf 65' lang='lat' dir='ltr'><strong>transegerat,</strong></span> <span class='ocrx_word' id='word_1_238' title='bbox 1940 3257 2005 3308; x_wconf 87' lang='lat' dir='ltr'><strong>ad</strong></span> <span class='ocrx_word' id='word_1_239' title='bbox 2065 3255 2296 3308; x_wconf 85' lang='lat' dir='ltr'><strong>insulam</strong></span> 
     </span>
    </p>
   </div>
   <div class='ocr_carea' id='block_1_35' title="bbox 723 3348 2299 3416">
    <p class='ocr_par' dir='ltr' id='par_1_35' title="bbox 723 3348 2299 3416">
     <span class='ocr_line' id='line_1_35' title="bbox 723 3348 2299 3416; baseline -0.003 -10"><span class='ocrx_word' id='word_1_240' title='bbox 723 3353 1130 3406; x_wconf 74' lang='lat' dir='ltr'><strong>Proconnesum</strong></span> <span class='ocrx_word' id='word_1_241' title='bbox 1156 3351 1209 3401; x_wconf 91' lang='lat' dir='ltr'><strong>in</strong></span> <span class='ocrx_word' id='word_1_242' title='bbox 1238 3349 1486 3400; x_wconf 78' lang='lat' dir='ltr'><strong>exsilium</strong></span> <span class='ocrx_word' id='word_1_243' title='bbox 1510 3351 1706 3400; x_wconf 89' lang='lat' dir='ltr'><strong>missus</strong></span> <span class='ocrx_word' id='word_1_244' title='bbox 1738 3355 1818 3400; x_wconf 90' lang='lat' dir='ltr'><strong>est</strong></span> <span class='ocrx_word' id='word_1_245' title='bbox 1849 3348 2299 3416; x_wconf 80' lang='lat' dir='ltr'><strong>(lOO).Quouiam</strong></span> 
     </span>
    </p>
   </div>
   <div class='ocr_carea' id='block_1_36' title="bbox 725 3437 2302 3504">
    <p class='ocr_par' dir='ltr' id='par_1_36' title="bbox 725 3437 2302 3504">
     <span class='ocr_line' id='line_1_36' title="bbox 725 3437 2302 3504; baseline -0.003 -6"><span class='ocrx_word' id='word_1_246' title='bbox 725 3457 856 3498; x_wconf 77' lang='lat' dir='ltr'><strong>vero</strong></span> <span class='ocrx_word' id='word_1_247' title='bbox 895 3443 1092 3495; x_wconf 92' lang='lat' dir='ltr'><strong>dicitur</strong></span> <span class='ocrx_word' id='word_1_248' title='bbox 1114 3439 1210 3500; x_wconf 88' lang='lat' dir='ltr'><strong>ibi,</strong></span> <span class='ocrx_word' id='word_1_249' title='bbox 1239 3437 1393 3490; x_wconf 91' lang='lat' dir='ltr'><strong>initio</strong></span> <span class='ocrx_word' id='word_1_250' title='bbox 1417 3451 1563 3504; x_wconf 69' lang='lat' dir='ltr'><strong>paene</strong></span> <span class='ocrx_word' id='word_1_251' title='bbox 1584 3438 1758 3492; x_wconf 80' lang='lat' dir='ltr'><strong>exsilii</strong></span> <span class='ocrx_word' id='word_1_252' title='bbox 1793 3439 1897 3501; x_wconf 86' lang='lat' dir='ltr'><strong>sui,</strong></span> <span class='ocrx_word' id='word_1_253' title='bbox 1922 3454 2063 3493; x_wconf 90' lang='lat' dir='ltr'><strong>anno</strong></span> <span class='ocrx_word' id='word_1_254' title='bbox 2090 3443 2155 3494; x_wconf 70' lang='grc'><strong>41)</strong></span> <span class='ocrx_word' id='word_1_255' title='bbox 2174 3451 2302 3493; x_wconf 64' lang='grc' dir='ltr'><strong>άτιδ-</strong></span> 
     </span>
    </p>
   </div>
   <div class='ocr_carea' id='block_1_37' title="bbox 726 3531 2302 3592">
    <p class='ocr_par' dir='ltr' id='par_1_37' title="bbox 726 3531 2302 3592">
     <span class='ocr_line' id='line_1_37' title="bbox 726 3531 2302 3592; baseline -0.007 0"><span class='ocrx_word' id='word_1_256' title='bbox 726 3538 795 3592; x_wconf 78' lang='lat' dir='ltr'><strong>tis</strong></span> <span class='ocrx_word' id='word_1_257' title='bbox 826 3534 1207 3592; x_wconf 84' lang='lat' dir='ltr'><strong>domunculam</strong></span> <span class='ocrx_word' id='word_1_258' title='bbox 1241 3535 1292 3584; x_wconf 92' lang='lat' dir='ltr'><strong>in</strong></span> <span class='ocrx_word' id='word_1_259' title='bbox 1345 3531 1610 3584; x_wconf 70' lang='lat' dir='ltr'><strong>columnae</strong></span> <span class='ocrx_word' id='word_1_260' title='bbox 1652 3533 1879 3585; x_wconf 78' lang='lat' dir='ltr'><strong>formam</strong></span> <span class='ocrx_word' id='word_1_261' title='bbox 1919 3547 1945 3583; x_wconf 85' lang='lat' dir='ltr'><strong>a</strong></span> <span class='ocrx_word' id='word_1_262' title='bbox 1992 3549 2049 3583; x_wconf 87' lang='lat' dir='ltr'><strong>se</strong></span> <span class='ocrx_word' id='word_1_263' title='bbox 2088 3543 2302 3583; x_wconf 74' lang='lat' dir='ltr'><strong>exstru-</strong></span> 
     </span>
    </p>
   </div>
   <div class='ocr_carea' id='block_1_38' title="bbox 724 3623 2300 3694">
    <p class='ocr_par' dir='ltr' id='par_1_38' title="bbox 724 3623 2300 3694">
     <span class='ocr_line' id='line_1_38' title="bbox 724 3623 2300 3694; baseline -0.006 -11"><span class='ocrx_word' id='word_1_264' title='bbox 724 3640 886 3689; x_wconf 78' lang='lat' dir='ltr'><strong>Ctam,</strong></span> <span class='ocrx_word' id='word_1_265' title='bbox 937 3629 1241 3694; x_wconf 77' lang='lat' dir='ltr'><strong>ingressum</strong></span> <span class='ocrx_word' id='word_1_266' title='bbox 1278 3637 1396 3673; x_wconf 71' lang='lat' dir='ltr'><strong>esse</strong></span> <span class='ocrx_word' id='word_1_267' title='bbox 1426 3623 1606 3689; x_wconf 80' lang='grc'><strong>(101),</strong></span> <span class='ocrx_word' id='word_1_268' title='bbox 1666 3623 1710 3673; x_wconf 83' lang='lat' dir='ltr'><strong>si</strong></span> <span class='ocrx_word' id='word_1_269' title='bbox 1741 3623 2149 3675; x_wconf 88' lang='lat' dir='ltr'><strong>meminerimus</strong></span> <span class='ocrx_word' id='word_1_270' title='bbox 2178 3639 2300 3675; x_wconf 80' lang='lat' dir='ltr'><strong>enni</strong></span> 
     </span>
    </p>
   </div>
   <div class='ocr_carea' id='block_1_39' title="bbox 727 3713 2301 3786">
    <p class='ocr_par' dir='ltr' id='par_1_39' title="bbox 727 3713 2301 3786">
     <span class='ocr_line' id='line_1_39' title="bbox 727 3713 2301 3786; baseline -0.003 -14"><span class='ocrx_word' id='word_1_271' title='bbox 727 3733 873 3774; x_wconf 79' lang='lat' dir='ltr'><strong>anno</strong></span> <span class='ocrx_word' id='word_1_272' title='bbox 900 3717 1000 3772; x_wconf 81' lang='grc'>715</span> <span class='ocrx_word' id='word_1_273' title='bbox 1033 3724 1153 3786; x_wconf 85' lang='lat' dir='ltr'><strong>post</strong></span> <span class='ocrx_word' id='word_1_274' title='bbox 1191 3730 1242 3768; x_wconf 82' lang='lat' dir='ltr'><strong>xi</strong></span> <span class='ocrx_word' id='word_1_275' title='bbox 1270 3713 1494 3784; x_wconf 74' lang='lat' dir='ltr'><strong>Augusti</strong></span> <span class='ocrx_word' id='word_1_276' title='bbox 1537 3728 1655 3767; x_wconf 82' lang='lat' dir='ltr'><strong>esse</strong></span> <span class='ocrx_word' id='word_1_277' title='bbox 1703 3724 1912 3777; x_wconf 88' lang='lat' dir='ltr'><strong>natum,</strong></span> <span class='ocrx_word' id='word_1_278' title='bbox 1953 3717 2222 3768; x_wconf 78' lang='lat' dir='ltr'><strong>constabit</strong></span> <span class='ocrx_word' id='word_1_279' title='bbox 2252 3716 2301 3767; x_wconf 89' lang='lat' dir='ltr'><strong>id</strong></span> 
     </span>
    </p>
   </div>
   <div class='ocr_carea' id='block_1_40' title="bbox 729 3806 2301 3864">
    <p class='ocr_par' dir='ltr' id='par_1_40' title="bbox 729 3806 2301 3864">
     <span class='ocr_line' id='line_1_40' title="bbox 729 3806 2301 3864; baseline -0.003 -1"><span class='ocrx_word' id='word_1_280' title='bbox 729 3811 987 3864; x_wconf 83' lang='lat' dir='ltr'><strong>accidisse</strong></span> <span class='ocrx_word' id='word_1_281' title='bbox 1021 3823 1166 3860; x_wconf 90' lang='lat' dir='ltr'><strong>anno</strong></span> <span class='ocrx_word' id='word_1_282' title='bbox 1214 3807 1316 3857; x_wconf 76' lang='lat'><strong>763</strong></span> <span class='ocrx_word' id='word_1_283' title='bbox 1364 3814 1616 3864; x_wconf 80' lang='lat' dir='ltr'><strong>exeunte,</strong></span> <span class='ocrx_word' id='word_1_284' title='bbox 1651 3815 1743 3857; x_wconf 84' lang='lat' dir='ltr'><strong>aut</strong></span> <span class='ocrx_word' id='word_1_285' title='bbox 1778 3815 2031 3857; x_wconf 88' lang='lat' dir='ltr'><strong>currente</strong></span> <span class='ocrx_word' id='word_1_286' title='bbox 2066 3806 2185 3859; x_wconf 84' lang='grc'>76-1.</span> <span class='ocrx_word' id='word_1_287' title='bbox 2226 3806 2301 3858; x_wconf 67' lang='lat' dir='ltr'><strong>lix</strong></span> 
     </span>
    </p>
   </div>
   <div class='ocr_carea' id='block_1_41' title="bbox 729 3893 2298 3966">
    <p class='ocr_par' dir='ltr' id='par_1_41' title="bbox 729 3893 2298 3966">
     <span class='ocr_line' id='line_1_41' title="bbox 729 3893 2298 3966; baseline -0.003 -14"><span class='ocrx_word' id='word_1_288' title='bbox 729 3902 925 3966; x_wconf 88' lang='lat' dir='ltr'><strong>quibus</strong></span> <span class='ocrx_word' id='word_1_289' title='bbox 956 3913 1073 3965; x_wconf 67' lang='lat' dir='ltr'><strong>quae</strong></span> <span class='ocrx_word' id='word_1_290' title='bbox 1115 3911 1265 3947; x_wconf 89' lang='lat' dir='ltr'><strong>num.</strong></span> <span class='ocrx_word' id='word_1_291' title='bbox 1309 3893 1376 3946; x_wconf 71' lang='grc'><strong>21</strong></span> <span class='ocrx_word' id='word_1_292' title='bbox 1403 3895 1685 3946; x_wconf 78' lang='lat' dir='ltr'><strong>attulimus</strong></span> <span class='ocrx_word' id='word_1_293' title='bbox 1720 3895 1784 3948; x_wconf 90' lang='lat' dir='ltr'><strong>de</strong></span> <span class='ocrx_word' id='word_1_294' title='bbox 1808 3912 1951 3948; x_wconf 86' lang='lat' dir='ltr'><strong>anno</strong></span> <span class='ocrx_word' id='word_1_295' title='bbox 1979 3896 2080 3950; x_wconf 75' lang='lat'><strong>765</strong></span> <span class='ocrx_word' id='word_1_296' title='bbox 2107 3899 2298 3950; x_wconf 69' lang='lat' dir='ltr'><strong>ilel&#39;ltltl</strong></span> 
     </span>
    </p>
   </div>
   <div class='ocr_carea' id='block_1_42' title="bbox 731 3987 2303 4054">
    <p class='ocr_par' dir='ltr' id='par_1_42' title="bbox 731 3987 2303 4054">
     <span class='ocr_line' id='line_1_42' title="bbox 731 3987 2303 4054; baseline -0.003 -11"><span class='ocrx_word' id='word_1_297' title='bbox 731 3990 1138 4044; x_wconf 73' lang='lat' dir='ltr'><strong>confirmantur.</strong></span> <span class='ocrx_word' id='word_1_298' title='bbox 1164 3987 1394 4039; x_wconf 74' lang='lat' dir='ltr'><strong>Rursum</strong></span> <span class='ocrx_word' id='word_1_299' title='bbox 1433 3987 1660 4039; x_wconf 75' lang='lat' dir='ltr'><strong>traditur</strong></span> <span class='ocrx_word' id='word_1_300' title='bbox 1686 3988 1736 4038; x_wconf 90' lang='lat' dir='ltr'><strong>in</strong></span> <span class='ocrx_word' id='word_1_301' title='bbox 1767 4003 1885 4054; x_wconf 73' lang='lat' dir='ltr'><strong>ejus</strong></span> <span class='ocrx_word' id='word_1_302' title='bbox 1915 3988 2038 4050; x_wconf 75' lang='lat' dir='ltr'><strong>vita,</strong></span> <span class='ocrx_word' id='word_1_303' title='bbox 2061 3991 2303 4041; x_wconf 80' lang='lat' dir='ltr'><strong>secundo</strong></span> 
     </span>
    </p>
   </div>
   <div class='ocr_carea' id='block_1_43' title="bbox 733 4075 2304 4140">
    <p class='ocr_par' dir='ltr' id='par_1_43' title="bbox 733 4075 2304 4140">
     <span class='ocr_line' id='line_1_43' title="bbox 733 4075 2304 4140; baseline -0.002 -6"><span class='ocrx_word' id='word_1_304' title='bbox 733 4081 906 4134; x_wconf 78' lang='lat' dir='ltr'><strong>exsilii</strong></span> <span class='ocrx_word' id='word_1_305' title='bbox 971 4093 1135 4138; x_wconf 88' lang='lat' dir='ltr'><strong>anno,</strong></span> <span class='ocrx_word' id='word_1_306' title='bbox 1187 4078 1235 4128; x_wconf 88' lang='lat' dir='ltr'><strong>id</strong></span> <span class='ocrx_word' id='word_1_307' title='bbox 1295 4085 1376 4126; x_wconf 85' lang='lat' dir='ltr'><strong>est</strong></span> <span class='ocrx_word' id='word_1_308' title='bbox 1419 4076 1518 4127; x_wconf 77' lang='lat'><strong>765</strong></span> <span class='ocrx_word' id='word_1_309' title='bbox 1571 4085 1661 4126; x_wconf 87' lang='lat' dir='ltr'><strong>aut</strong></span> <span class='ocrx_word' id='word_1_310' title='bbox 1708 4075 1825 4140; x_wconf 82' lang='lat'><strong>766,</strong></span> <span class='ocrx_word' id='word_1_311' title='bbox 1883 4089 2107 4132; x_wconf 85' lang='lat' dir='ltr'><strong>matrem</strong></span> <span class='ocrx_word' id='word_1_312' title='bbox 2162 4080 2304 4132; x_wconf 82' lang='lat' dir='ltr'><strong>illius</strong></span> 
     </span>
    </p>
   </div>
   <div class='ocr_carea' id='block_1_44' title="bbox 736 4167 2300 4239">
    <p class='ocr_par' dir='ltr' id='par_1_44' title="bbox 736 4167 2300 4239">
     <span class='ocr_line' id='line_1_44' title="bbox 736 4167 2300 4239; baseline 0.003 -15"><span class='ocrx_word' id='word_1_313' title='bbox 736 4173 931 4225; x_wconf 73' lang='lat' dir='ltr'><strong>obiisse</strong></span> <span class='ocrx_word' id='word_1_314' title='bbox 975 4171 1142 4239; x_wconf 74' lang='lat'><strong>(:02),</strong></span> <span class='ocrx_word' id='word_1_315' title='bbox 1177 4167 1409 4236; x_wconf 85' lang='lat' dir='ltr'><strong>denique</strong></span> <span class='ocrx_word' id='word_1_316' title='bbox 1452 4169 1723 4222; x_wconf 92' lang='lat' dir='ltr'><strong>nonnullis</strong></span> <span class='ocrx_word' id='word_1_317' title='bbox 1781 4169 1939 4223; x_wconf 83' lang='lat' dir='ltr'><strong>rebus</strong></span> <span class='ocrx_word' id='word_1_318' title='bbox 1985 4173 2300 4239; x_wconf 78' lang='lat' dir='ltr'><strong>interjectis,</strong></span> 
     </span>
    </p>
   </div>
   <div class='ocr_carea' id='block_1_45' title="bbox 735 4261 2301 4333">
    <p class='ocr_par' dir='ltr' id='par_1_45' title="bbox 735 4261 2301 4333">
     <span class='ocr_line' id='line_1_45' title="bbox 735 4261 2301 4333; baseline -0.001 -16"><span class='ocrx_word' id='word_1_319' title='bbox 735 4263 942 4333; x_wconf 85' lang='lat' dir='ltr'><strong>Cpolini</strong></span> <span class='ocrx_word' id='word_1_320' title='bbox 978 4277 1096 4316; x_wconf 88' lang='lat' dir='ltr'><strong>eum</strong></span> <span class='ocrx_word' id='word_1_321' title='bbox 1130 4271 1436 4314; x_wconf 76' lang='lat' dir='ltr'><strong>revocatum</strong></span> <span class='ocrx_word' id='word_1_322' title='bbox 1471 4263 1655 4313; x_wconf 76' lang='lat' dir='ltr'><strong>fuisse.</strong></span> <span class='ocrx_word' id='word_1_323' title='bbox 1699 4261 1753 4311; x_wconf 87' lang='lat' dir='ltr'><strong>in</strong></span> <span class='ocrx_word' id='word_1_324' title='bbox 1786 4277 1888 4328; x_wconf 81' lang='lat' dir='ltr'><strong>qua</strong></span> <span class='ocrx_word' id='word_1_325' title='bbox 1916 4262 2153 4326; x_wconf 85' lang='lat' dir='ltr'><strong>civitate,</strong></span> <span class='ocrx_word' id='word_1_326' title='bbox 2185 4266 2301 4316; x_wconf 81' lang='lat' dir='ltr'><strong>die-</strong></span> 
     </span>
    </p>
   </div>
   <div class='ocr_carea' id='block_1_46' title="bbox 737 4353 2300 4426">
    <p class='ocr_par' dir='ltr' id='par_1_46' title="bbox 737 4353 2300 4426">
     <span class='ocr_line' id='line_1_46' title="bbox 737 4353 2300 4426; baseline -0.003 -16"><span class='ocrx_word' id='word_1_327' title='bbox 737 4360 833 4410; x_wconf 86' lang='lat' dir='ltr'><strong>bus</strong></span> <span class='ocrx_word' id='word_1_328' title='bbox 858 4358 1059 4426; x_wconf 86' lang='lat' dir='ltr'><strong>aliquot</strong></span> <span class='ocrx_word' id='word_1_329' title='bbox 1083 4369 1302 4408; x_wconf 80' lang='lat' dir='ltr'><strong>carcere</strong></span> <span class='ocrx_word' id='word_1_330' title='bbox 1338 4353 1533 4406; x_wconf 70' lang='lat' dir='ltr'><strong>Phiala:</strong></span> <span class='ocrx_word' id='word_1_331' title='bbox 1561 4353 1810 4406; x_wconf 73' lang='lat' dir='ltr'><strong>detentits</strong></span> <span class='ocrx_word' id='word_1_332' title='bbox 1843 4353 2009 4422; x_wconf 74' lang='lat' dir='ltr'><strong>(l03),</strong></span> <span class='ocrx_word' id='word_1_333' title='bbox 2039 4371 2160 4408; x_wconf 90' lang='lat' dir='ltr'><strong>cum</strong></span> <span class='ocrx_word' id='word_1_334' title='bbox 2200 4357 2300 4408; x_wconf 87' lang='lat' dir='ltr'><strong>iin-</strong></span> 
     </span>
    </p>
   </div>
   <div class='ocr_carea' id='block_1_47' title="bbox 733 4445 2302 4516">
    <p class='ocr_par' dir='ltr' id='par_1_47' title="bbox 733 4445 2302 4516">
     <span class='ocr_line' id='line_1_47' title="bbox 733 4445 2302 4516; baseline -0.001 -14"><span class='ocrx_word' id='word_1_335' title='bbox 733 4460 1036 4516; x_wconf 86' lang='lat' dir='ltr'><strong>peratorcm</strong></span> <span class='ocrx_word' id='word_1_336' title='bbox 1085 4446 1298 4516; x_wconf 89' lang='lat' dir='ltr'><strong>publice</strong></span> <span class='ocrx_word' id='word_1_337' title='bbox 1343 4445 1627 4514; x_wconf 75' lang='lat' dir='ltr'><strong>argiiisset,</strong></span> <span class='ocrx_word' id='word_1_338' title='bbox 1660 4462 1754 4515; x_wconf 82' lang='lat' dir='ltr'><strong>per</strong></span> <span class='ocrx_word' id='word_1_339' title='bbox 1804 4446 2050 4501; x_wconf 77' lang='lat' dir='ltr'><strong>undet-un</strong></span> <span class='ocrx_word' id='word_1_340' title='bbox 2089 4463 2302 4502; x_wconf 81' lang='lat' dir='ltr'><strong>menses</strong></span> 
     </span>
    </p>
   </div>
   <div class='ocr_carea' id='block_1_48' title="bbox 2399 609 3982 679">
    <p class='ocr_par' dir='ltr' id='par_1_48' title="bbox 2399 609 3982 679">
     <span class='ocr_line' id='line_1_48' title="bbox 2399 609 3982 679; baseline 0.004 -16"><span class='ocrx_word' id='word_1_341' title='bbox 2399 627 2518 663; x_wconf 86' lang='lat' dir='ltr'><strong>eum</strong></span> <span class='ocrx_word' id='word_1_342' title='bbox 2553 613 2651 662; x_wconf 81' lang='lat' dir='ltr'><strong>sub</strong></span> <span class='ocrx_word' id='word_1_343' title='bbox 2697 609 2858 661; x_wconf 79' lang='lat' dir='ltr'><strong>tinem</strong></span> <span class='ocrx_word' id='word_1_344' title='bbox 2911 611 3036 661; x_wconf 89' lang='lat' dir='ltr'><strong>anni</strong></span> <span class='ocrx_word' id='word_1_345' title='bbox 3088 609 3188 663; x_wconf 85' lang='lat'><strong>766</strong></span> <span class='ocrx_word' id='word_1_346' title='bbox 3220 612 3424 679; x_wconf 85' lang='lat' dir='ltr'><strong>Cpotim</strong></span> <span class='ocrx_word' id='word_1_347' title='bbox 3464 625 3749 666; x_wconf 86' lang='lat' dir='ltr'><strong>revectnm</strong></span> <span class='ocrx_word' id='word_1_348' title='bbox 3796 611 3982 670; x_wconf 74' lang='lat' dir='ltr'><strong>fuisse.</strong></span> 
     </span>
    </p>
   </div>
   <div class='ocr_carea' id='block_1_49' title="bbox 2398 701 3981 770">
    <p class='ocr_par' dir='ltr' id='par_1_49' title="bbox 2398 701 3981 770">
     <span class='ocr_line' id='line_1_49' title="bbox 2398 701 3981 770; baseline 0 -14"><span class='ocrx_word' id='word_1_349' title='bbox 2398 706 2454 756; x_wconf 85' lang='lat' dir='ltr'><strong>et</strong></span> <span class='ocrx_word' id='word_1_350' title='bbox 2481 712 2883 770; x_wconf 87' lang='lat' dir='ltr'><strong>consequenter</strong></span> <span class='ocrx_word' id='word_1_351' title='bbox 2911 713 3020 756; x_wconf 88' lang='lat' dir='ltr'><strong>tres</strong></span> <span class='ocrx_word' id='word_1_352' title='bbox 3054 701 3169 755; x_wconf 76' lang='lat' dir='ltr'><strong>fere</strong></span> <span class='ocrx_word' id='word_1_353' title='bbox 3201 719 3376 757; x_wconf 90' lang='lat' dir='ltr'><strong>annos</strong></span> <span class='ocrx_word' id='word_1_354' title='bbox 3410 706 3611 760; x_wconf 77' lang='lat' dir='ltr'><strong>vixisse</strong></span> <span class='ocrx_word' id='word_1_355' title='bbox 3643 705 3895 759; x_wconf 78' lang='lat' dir='ltr'><strong>exsulem</strong></span> <span class='ocrx_word' id='word_1_356' title='bbox 3932 709 3981 756; x_wconf 89' lang='lat' dir='ltr'><strong>in</strong></span> 
     </span>
    </p>
   </div>
   <div class='ocr_carea' id='block_1_50' title="bbox 2400 792 3985 857">
    <p class='ocr_par' dir='ltr' id='par_1_50' title="bbox 2400 792 3985 857">
     <span class='ocr_line' id='line_1_50' title="bbox 2400 792 3985 857; baseline 0.002 -12"><span class='ocrx_word' id='word_1_357' title='bbox 2400 793 2762 848; x_wconf 77' lang='lat' dir='ltr'><strong>Proeunneso.</strong></span> <span class='ocrx_word' id='word_1_358' title='bbox 2803 792 3085 857; x_wconf 83' lang='lat' dir='ltr'><strong>Quocirca.</strong></span> <span class='ocrx_word' id='word_1_359' title='bbox 3117 795 3205 848; x_wconf 88' lang='lat' dir='ltr'><strong>ubi</strong></span> <span class='ocrx_word' id='word_1_360' title='bbox 3248 797 3313 849; x_wconf 88' lang='lat' dir='ltr'><strong>de</strong></span> <span class='ocrx_word' id='word_1_361' title='bbox 3357 796 3514 850; x_wconf 84' lang='lat' dir='ltr'><strong>Petro</strong></span> <span class='ocrx_word' id='word_1_362' title='bbox 3547 800 3613 850; x_wconf 81' lang='lat' dir='ltr'><strong>de</strong></span> <span class='ocrx_word' id='word_1_363' title='bbox 3665 797 3985 851; x_wconf 79' lang='lat' dir='ltr'><strong>Blachernis</strong></span> 
     </span>
    </p>
   </div>
   <div class='ocr_carea' id='block_1_51' title="bbox 2399 883 3982 957">
    <p class='ocr_par' dir='ltr' id='par_1_51' title="bbox 2399 883 3982 957">
     <span class='ocr_line' id='line_1_51' title="bbox 2399 883 3982 957; baseline 0.001 -20"><span class='ocrx_word' id='word_1_364' title='bbox 2399 883 2611 954; x_wconf 75' lang='lat' dir='ltr'><strong>egimus</strong></span> <span class='ocrx_word' id='word_1_365' title='bbox 2639 889 2823 952; x_wconf 70' lang='lat' dir='ltr'><strong>(supra</strong></span> <span class='ocrx_word' id='word_1_366' title='bbox 2858 903 3005 938; x_wconf 93' lang='lat' dir='ltr'><strong>num.</strong></span> <span class='ocrx_word' id='word_1_367' title='bbox 3045 888 3146 954; x_wconf 81' lang='grc'><strong>15),</strong></span> <span class='ocrx_word' id='word_1_368' title='bbox 3180 887 3269 955; x_wconf 92' lang='lat' dir='ltr'><strong>qui</strong></span> <span class='ocrx_word' id='word_1_369' title='bbox 3320 904 3463 940; x_wconf 89' lang='lat' dir='ltr'><strong>anno</strong></span> <span class='ocrx_word' id='word_1_370' title='bbox 3507 891 3598 942; x_wconf 82' lang='lat' dir='ltr'><strong>76l</strong></span> <span class='ocrx_word' id='word_1_371' title='bbox 3647 905 3850 957; x_wconf 85' lang='lat' dir='ltr'><strong>passus</strong></span> <span class='ocrx_word' id='word_1_372' title='bbox 3881 899 3982 950; x_wconf 91' lang='lat' dir='ltr'><strong>est,</strong></span> 
     </span>
    </p>
   </div>
   <div class='ocr_carea' id='block_1_52' title="bbox 2399 977 3985 1048">
    <p class='ocr_par' dir='ltr' id='par_1_52' title="bbox 2399 977 3985 1048">
     <span class='ocr_line' id='line_1_52' title="bbox 2399 977 3985 1048; baseline 0 -18"><span class='ocrx_word' id='word_1_373' title='bbox 2399 977 2597 1030; x_wconf 89' lang='lat' dir='ltr'><strong>tnerito</strong></span> <span class='ocrx_word' id='word_1_374' title='bbox 2629 977 2866 1030; x_wconf 77' lang='lat' dir='ltr'><strong>diximus</strong></span> <span class='ocrx_word' id='word_1_375' title='bbox 2904 980 3022 1046; x_wconf 84' lang='lat' dir='ltr'><strong>ejus</strong></span> <span class='ocrx_word' id='word_1_376' title='bbox 3059 985 3374 1048; x_wconf 78' lang='lat' dir='ltr'><strong>martyrium</strong></span> <span class='ocrx_word' id='word_1_377' title='bbox 3417 979 3472 1033; x_wconf 88' lang='lat' dir='ltr'><strong>S.</strong></span> <span class='ocrx_word' id='word_1_378' title='bbox 3507 980 3799 1048; x_wconf 81' lang='lat' dir='ltr'><strong>Stephano</strong></span> <span class='ocrx_word' id='word_1_379' title='bbox 3831 984 3985 1033; x_wconf 84' lang='lat' dir='ltr'><strong>inno-</strong></span> 
     </span>
    </p>
   </div>
   <div class='ocr_carea' id='block_1_53' title="bbox 2399 1069 3986 1138">
    <p class='ocr_par' dir='ltr' id='par_1_53' title="bbox 2399 1069 3986 1138">
     <span class='ocr_line' id='line_1_53' title="bbox 2399 1069 3986 1138; baseline 0 -17"><span class='ocrx_word' id='word_1_380' title='bbox 2399 1078 2603 1121; x_wconf 88' lang='lat' dir='ltr'><strong>tescere</strong></span> <span class='ocrx_word' id='word_1_381' title='bbox 2637 1069 2875 1136; x_wconf 84' lang='lat' dir='ltr'><strong>potuisse</strong></span> <span class='ocrx_word' id='word_1_382' title='bbox 2910 1079 2962 1122; x_wconf 87' lang='lat' dir='ltr'><strong>et</strong></span> <span class='ocrx_word' id='word_1_383' title='bbox 2994 1070 3060 1121; x_wconf 91' lang='lat' dir='ltr'><strong>ab</strong></span> <span class='ocrx_word' id='word_1_384' title='bbox 3090 1086 3170 1138; x_wconf 85' lang='lat' dir='ltr'><strong>eo,</strong></span> <span class='ocrx_word' id='word_1_385' title='bbox 3211 1088 3299 1124; x_wconf 85' lang='lat' dir='ltr'><strong>sex</strong></span> <span class='ocrx_word' id='word_1_386' title='bbox 3336 1074 3494 1124; x_wconf 87' lang='lat' dir='ltr'><strong>annis</strong></span> <span class='ocrx_word' id='word_1_387' title='bbox 3527 1072 3755 1138; x_wconf 75' lang='lat' dir='ltr'><strong>elapsis,</strong></span> <span class='ocrx_word' id='word_1_388' title='bbox 3788 1075 3841 1123; x_wconf 88' lang='lat' dir='ltr'><strong>in</strong></span> <span class='ocrx_word' id='word_1_389' title='bbox 3865 1088 3986 1124; x_wconf 78' lang='lat' dir='ltr'><strong>car-</strong></span> 
     </span>
    </p>
   </div>
   <div class='ocr_carea' id='block_1_54' title="bbox 2397 1161 3984 1232">
    <p class='ocr_par' dir='ltr' id='par_1_54' title="bbox 2397 1161 3984 1232">
     <span class='ocr_line' id='line_1_54' title="bbox 2397 1161 3984 1232; baseline 0.001 -20"><span class='ocrx_word' id='word_1_390' title='bbox 2397 1175 2520 1212; x_wconf 81' lang='lat' dir='ltr'><strong>cere</strong></span> <span class='ocrx_word' id='word_1_391' title='bbox 2547 1161 2780 1226; x_wconf 77' lang='lat' dir='ltr'><strong>pra-torti</strong></span> <span class='ocrx_word' id='word_1_392' title='bbox 2807 1163 3051 1224; x_wconf 74' lang='lat' dir='ltr'><strong>narrari;</strong></span> <span class='ocrx_word' id='word_1_393' title='bbox 3077 1173 3126 1215; x_wconf 84' lang='lat' dir='ltr'><strong>at</strong></span> <span class='ocrx_word' id='word_1_394' title='bbox 3159 1177 3262 1214; x_wconf 89' lang='lat' dir='ltr'><strong>non</strong></span> <span class='ocrx_word' id='word_1_395' title='bbox 3297 1163 3419 1215; x_wconf 91' lang='lat' dir='ltr'><strong>item</strong></span> <span class='ocrx_word' id='word_1_396' title='bbox 3443 1164 3767 1232; x_wconf 61' lang='lat' dir='ltr'><strong>n&#39;iartyrium</strong></span> <span class='ocrx_word' id='word_1_397' title='bbox 3795 1162 3854 1214; x_wconf 89' lang='lat' dir='ltr'><strong>S.</strong></span> <span class='ocrx_word' id='word_1_398' title='bbox 3881 1166 3984 1214; x_wconf 74' lang='lat' dir='ltr'><strong>An-</strong></span> 
     </span>
    </p>
   </div>
   <div class='ocr_carea' id='block_1_55' title="bbox 2397 1251 3983 1321">
    <p class='ocr_par' dir='ltr' id='par_1_55' title="bbox 2397 1251 3983 1321">
     <span class='ocr_line' id='line_1_55' title="bbox 2397 1251 3983 1321; baseline 0.003 -18"><span class='ocrx_word' id='word_1_399' title='bbox 2397 1251 2537 1303; x_wconf 66' lang='lat' dir='ltr'><strong>dFCLB</strong></span> <span class='ocrx_word' id='word_1_400' title='bbox 2569 1252 2620 1303; x_wconf 90' lang='lat' dir='ltr'><strong>in</strong></span> <span class='ocrx_word' id='word_1_401' title='bbox 2660 1251 2821 1315; x_wconf 89' lang='lat' dir='ltr'><strong>Crisi,</strong></span> <span class='ocrx_word' id='word_1_402' title='bbox 2861 1253 3006 1321; x_wconf 85' lang='lat' dir='ltr'><strong>quod</strong></span> <span class='ocrx_word' id='word_1_403' title='bbox 3036 1269 3101 1305; x_wconf 83' lang='lat' dir='ltr'><strong>xx</strong></span> <span class='ocrx_word' id='word_1_404' title='bbox 3138 1255 3385 1306; x_wconf 85' lang='lat' dir='ltr'><strong>Uctobris</strong></span> <span class='ocrx_word' id='word_1_405' title='bbox 3417 1257 3542 1308; x_wconf 89' lang='lat' dir='ltr'><strong>anni</strong></span> <span class='ocrx_word' id='word_1_406' title='bbox 3584 1255 3687 1306; x_wconf 69' lang='lat'><strong>767</strong></span> <span class='ocrx_word' id='word_1_407' title='bbox 3723 1256 3983 1320; x_wconf 61' lang='lat' dir='ltr'><strong>contigit:</strong></span> 
     </span>
    </p>
   </div>
   <div class='ocr_carea' id='block_1_56' title="bbox 2400 1343 3985 1414">
    <p class='ocr_par' dir='ltr' id='par_1_56' title="bbox 2400 1343 3985 1414">
     <span class='ocr_line' id='line_1_56' title="bbox 2400 1343 3985 1414; baseline 0.001 -18"><span class='ocrx_word' id='word_1_408' title='bbox 2400 1352 2509 1396; x_wconf 92' lang='lat' dir='ltr'><strong>tum</strong></span> <span class='ocrx_word' id='word_1_409' title='bbox 2536 1343 2689 1400; x_wconf 79' lang='lat' dir='ltr'><strong>enim</strong></span> <span class='ocrx_word' id='word_1_410' title='bbox 2717 1344 3037 1409; x_wconf 84' lang='lat' dir='ltr'><strong>jamdudum</strong></span> <span class='ocrx_word' id='word_1_411' title='bbox 3070 1344 3126 1396; x_wconf 85' lang='lat' dir='ltr'><strong>S.</strong></span> <span class='ocrx_word' id='word_1_412' title='bbox 3163 1345 3473 1414; x_wconf 77' lang='lat' dir='ltr'><strong>Stephanus</strong></span> <span class='ocrx_word' id='word_1_413' title='bbox 3505 1351 3554 1398; x_wconf 85' lang='lat' dir='ltr'><strong>in</strong></span> <span class='ocrx_word' id='word_1_414' title='bbox 3583 1346 3737 1399; x_wconf 83' lang='lat' dir='ltr'><strong>dicto</strong></span> <span class='ocrx_word' id='word_1_415' title='bbox 3765 1360 3985 1398; x_wconf 81' lang='lat' dir='ltr'><strong>carcere</strong></span> 
     </span>
    </p>
   </div>
   <div class='ocr_carea' id='block_1_57' title="bbox 2397 1436 3984 1507">
    <p class='ocr_par' dir='ltr' id='par_1_57' title="bbox 2397 1436 3984 1507">
     <span class='ocr_line' id='line_1_57' title="bbox 2397 1436 3984 1507; baseline 0 -19"><span class='ocrx_word' id='word_1_416' title='bbox 2397 1436 2760 1496; x_wconf 83' lang='lat' dir='ltr'><strong>detinebatur,</strong></span> <span class='ocrx_word' id='word_1_417' title='bbox 2811 1452 2934 1489; x_wconf 71' lang='lat' dir='ltr'><strong>mox</strong></span> <span class='ocrx_word' id='word_1_418' title='bbox 2992 1438 3104 1505; x_wconf 89' lang='lat' dir='ltr'><strong>ipse</strong></span> <span class='ocrx_word' id='word_1_419' title='bbox 3149 1438 3212 1490; x_wconf 85' lang='lat' dir='ltr'><strong>ad</strong></span> <span class='ocrx_word' id='word_1_420' title='bbox 3263 1439 3507 1490; x_wconf 77' lang='lat' dir='ltr'><strong>eamdem</strong></span> <span class='ocrx_word' id='word_1_421' title='bbox 3563 1443 3803 1507; x_wconf 87' lang='lat' dir='ltr'><strong>palmam</strong></span> <span class='ocrx_word' id='word_1_422' title='bbox 3849 1440 3984 1490; x_wconf 80' lang='lat' dir='ltr'><strong>arri-</strong></span> 
     </span>
    </p>
   </div>
   <div class='ocr_carea' id='block_1_58' title="bbox 2400 1527 3986 1596">
    <p class='ocr_par' dir='ltr' id='par_1_58' title="bbox 2400 1527 3986 1596">
     <span class='ocr_line' id='line_1_58' title="bbox 2400 1527 3986 1596; baseline 0.001 -18"><span class='ocrx_word' id='word_1_423' title='bbox 2400 1527 2674 1595; x_wconf 84' lang='lat' dir='ltr'><strong>piendam,</strong></span> <span class='ocrx_word' id='word_1_424' title='bbox 2722 1529 2848 1580; x_wconf 88' lang='lat' dir='ltr'><strong>inde</strong></span> <span class='ocrx_word' id='word_1_425' title='bbox 2896 1530 3158 1580; x_wconf 90' lang='lat' dir='ltr'><strong>exiturus.</strong></span> <span class='ocrx_word' id='word_1_426' title='bbox 3215 1528 3470 1589; x_wconf 76' lang='lat' dir='ltr'><strong>Rursum,</strong></span> <span class='ocrx_word' id='word_1_427' title='bbox 3521 1545 3584 1581; x_wconf 76' lang='lat' dir='ltr'><strong>ex</strong></span> <span class='ocrx_word' id='word_1_428' title='bbox 3617 1530 3814 1582; x_wconf 82' lang='lat' dir='ltr'><strong>iisdem</strong></span> <span class='ocrx_word' id='word_1_429' title='bbox 3871 1542 3986 1596; x_wconf 64' lang='lat' dir='ltr'><strong>qua</strong></span> 
     </span>
    </p>
   </div>
   <div class='ocr_carea' id='block_1_59' title="bbox 2399 1618 3984 1688">
    <p class='ocr_par' dir='ltr' id='par_1_59' title="bbox 2399 1618 3984 1688">
     <span class='ocr_line' id='line_1_59' title="bbox 2399 1618 3984 1688; baseline 0.001 -14"><span class='ocrx_word' id='word_1_430' title='bbox 2399 1619 2745 1682; x_wconf 84' lang='lat' dir='ltr'><strong>deduximus,</strong></span> <span class='ocrx_word' id='word_1_431' title='bbox 2797 1619 3085 1672; x_wconf 83' lang='lat' dir='ltr'><strong>coniicitur</strong></span> <span class='ocrx_word' id='word_1_432' title='bbox 3138 1618 3194 1672; x_wconf 91' lang='lat' dir='ltr'><strong>S.</strong></span> <span class='ocrx_word' id='word_1_433' title='bbox 3251 1619 3586 1688; x_wconf 85' lang='lat' dir='ltr'><strong>Stephanum</strong></span> <span class='ocrx_word' id='word_1_434' title='bbox 3644 1631 3728 1673; x_wconf 88' lang='lat' dir='ltr'><strong>ter</strong></span> <span class='ocrx_word' id='word_1_435' title='bbox 3767 1620 3984 1688; x_wconf 70' lang='lat' dir='ltr'><strong>publica</strong></span> 
     </span>
    </p>
   </div>
   <div class='ocr_carea' id='block_1_60' title="bbox 2400 1698 3982 1780">
    <p class='ocr_par' dir='ltr' id='par_1_60' title="bbox 2400 1698 3982 1780">
     <span class='ocr_line' id='line_1_60' title="bbox 2400 1698 3982 1780; baseline -0.002 -18"><span class='ocrx_word' id='word_1_436' title='bbox 2400 1711 2686 1780; x_wconf 82' lang='lat' dir='ltr'><strong>prodiisse,</strong></span> <span class='ocrx_word' id='word_1_437' title='bbox 2735 1718 2787 1762; x_wconf 86' lang='lat' dir='ltr'><strong>et</strong></span> <span class='ocrx_word' id='word_1_438' title='bbox 2835 1698 3126 1762; x_wconf 71' lang='lat' dir='ltr'><strong>crudeliter</strong></span> <span class='ocrx_word' id='word_1_439' title='bbox 3174 1710 3337 1763; x_wconf 78' lang='lat' dir='ltr'><strong>fuisse</strong></span> <span class='ocrx_word' id='word_1_440' title='bbox 3385 1710 3602 1777; x_wconf 70' lang='lat' dir='ltr'><strong>ligatum</strong></span> <span class='ocrx_word' id='word_1_441' title='bbox 3656 1724 3719 1761; x_wconf 86' lang='lat' dir='ltr'><strong>ac</strong></span> <span class='ocrx_word' id='word_1_442' title='bbox 3770 1721 3982 1776; x_wconf 78' lang='lat' dir='ltr'><strong>pertra-</strong></span> 
     </span>
    </p>
   </div>
   <div class='ocr_carea' id='block_1_61' title="bbox 2398 1801 3987 1862">
    <p class='ocr_par' dir='ltr' id='par_1_61' title="bbox 2398 1801 3987 1862">
     <span class='ocr_line' id='line_1_61' title="bbox 2398 1801 3987 1862; baseline -0.003 -5"><span class='ocrx_word' id='word_1_443' title='bbox 2398 1813 2564 1862; x_wconf 88' lang='lat' dir='ltr'><strong>clum,</strong></span> <span class='ocrx_word' id='word_1_444' title='bbox 2602 1801 2803 1855; x_wconf 87' lang='lat' dir='ltr'><strong>ultimis</strong></span> <span class='ocrx_word' id='word_1_445' title='bbox 2845 1803 3056 1856; x_wconf 81' lang='lat' dir='ltr'><strong>scilicet</strong></span> <span class='ocrx_word' id='word_1_446' title='bbox 3103 1803 3380 1855; x_wconf 69' lang='lat' dir='ltr'><strong>mensibus</strong></span> <span class='ocrx_word' id='word_1_447' title='bbox 3418 1818 3684 1853; x_wconf 90' lang='lat' dir='ltr'><strong>annorum</strong></span> <span class='ocrx_word' id='word_1_448' title='bbox 3719 1803 3850 1860; x_wconf 80' lang='lat'><strong>765.</strong></span> <span class='ocrx_word' id='word_1_449' title='bbox 3886 1802 3987 1852; x_wconf 59' lang='lat'><strong>766</strong></span> 
     </span>
    </p>
   </div>
   <div class='ocr_carea' id='block_1_62' title="bbox 2399 1893 3986 1962">
    <p class='ocr_par' dir='ltr' id='par_1_62' title="bbox 2399 1893 3986 1962">
     <span class='ocr_line' id='line_1_62' title="bbox 2399 1893 3986 1962; baseline -0.001 -14"><span class='ocrx_word' id='word_1_450' title='bbox 2399 1906 2452 1948; x_wconf 87' lang='lat' dir='ltr'><strong>et</strong></span> <span class='ocrx_word' id='word_1_451' title='bbox 2477 1896 2576 1947; x_wconf 78' lang='lat'><strong>767</strong></span> <span class='ocrx_word' id='word_1_452' title='bbox 2609 1895 2780 1962; x_wconf 76' lang='lat' dir='ltr'><strong>(lU7).</strong></span> <span class='ocrx_word' id='word_1_453' title='bbox 2831 1896 3010 1962; x_wconf 85' lang='lat' dir='ltr'><strong>Atque</strong></span> <span class='ocrx_word' id='word_1_454' title='bbox 3042 1895 3236 1948; x_wconf 87' lang='lat' dir='ltr'><strong>exinde</strong></span> <span class='ocrx_word' id='word_1_455' title='bbox 3269 1894 3465 1947; x_wconf 82' lang='lat' dir='ltr'><strong>factum</strong></span> <span class='ocrx_word' id='word_1_456' title='bbox 3505 1905 3609 1955; x_wconf 87' lang='lat' dir='ltr'><strong>est,</strong></span> <span class='ocrx_word' id='word_1_457' title='bbox 3638 1907 3696 1946; x_wconf 91' lang='lat' dir='ltr'><strong>ut</strong></span> <span class='ocrx_word' id='word_1_458' title='bbox 3733 1904 3853 1945; x_wconf 90' lang='lat' dir='ltr'><strong>tum</strong></span> <span class='ocrx_word' id='word_1_459' title='bbox 3899 1893 3986 1946; x_wconf 57' lang='lat' dir='ltr'><strong>Si-</strong></span> 
     </span>
    </p>
   </div>
   <div class='ocr_carea' id='block_1_63' title="bbox 2401 1981 3983 2050">
    <p class='ocr_par' dir='ltr' id='par_1_63' title="bbox 2401 1981 3983 2050">
     <span class='ocr_line' id='line_1_63' title="bbox 2401 1981 3983 2050; baseline -0.002 -15"><span class='ocrx_word' id='word_1_460' title='bbox 2401 1984 2672 2050; x_wconf 84' lang='lat' dir='ltr'><strong>cephorus</strong></span> <span class='ocrx_word' id='word_1_461' title='bbox 2700 1983 2749 2034; x_wconf 91' lang='lat' dir='ltr'><strong>in</strong></span> <span class='ocrx_word' id='word_1_462' title='bbox 2783 1981 3060 2034; x_wconf 83' lang='lat' dir='ltr'><strong>Breviario</strong></span> <span class='ocrx_word' id='word_1_463' title='bbox 3097 1981 3265 2049; x_wconf 82' lang='lat' dir='ltr'><strong>(lOS),</strong></span> <span class='ocrx_word' id='word_1_464' title='bbox 3300 1992 3410 2034; x_wconf 90' lang='lat' dir='ltr'><strong>tum</strong></span> <span class='ocrx_word' id='word_1_465' title='bbox 3444 1982 3815 2050; x_wconf 82' lang='lat' dir='ltr'><strong>Theophanes</strong></span> <span class='ocrx_word' id='word_1_466' title='bbox 3843 1981 3983 2049; x_wconf 82' lang='grc'><strong>(109)</strong></span> 
     </span>
    </p>
   </div>
   <div class='ocr_carea' id='block_1_64' title="bbox 2401 2073 3987 2143">
    <p class='ocr_par' dir='ltr' id='par_1_64' title="bbox 2401 2073 3987 2143">
     <span class='ocr_line' id='line_1_64' title="bbox 2401 2073 3987 2143; baseline 0.002 -18"><span class='ocrx_word' id='word_1_467' title='bbox 2401 2074 2694 2142; x_wconf 73' lang='lat' dir='ltr'><strong>anticipate</strong></span> <span class='ocrx_word' id='word_1_468' title='bbox 2728 2085 2782 2127; x_wconf 89' lang='lat' dir='ltr'><strong>et</strong></span> <span class='ocrx_word' id='word_1_469' title='bbox 2810 2073 3034 2127; x_wconf 78' lang='lat' dir='ltr'><strong>confuse</strong></span> <span class='ocrx_word' id='word_1_470' title='bbox 3067 2075 3247 2127; x_wconf 83' lang='lat' dir='ltr'><strong>omnia</strong></span> <span class='ocrx_word' id='word_1_471' title='bbox 3301 2077 3675 2139; x_wconf 86' lang='lat' dir='ltr'><strong>narraverint,</strong></span> <span class='ocrx_word' id='word_1_472' title='bbox 3707 2089 3811 2127; x_wconf 84' lang='lat' dir='ltr'><strong>nec</strong></span> <span class='ocrx_word' id='word_1_473' title='bbox 3851 2087 3987 2143; x_wconf 78' lang='lat' dir='ltr'><strong>opus</strong></span> 
     </span>
    </p>
   </div>
   <div class='ocr_carea' id='block_1_65' title="bbox 2401 2165 3980 2233">
    <p class='ocr_par' dir='ltr' id='par_1_65' title="bbox 2401 2165 3980 2233">
     <span class='ocr_line' id='line_1_65' title="bbox 2401 2165 3980 2233; baseline -0.003 -14"><span class='ocrx_word' id='word_1_474' title='bbox 2401 2175 2485 2219; x_wconf 86' lang='lat' dir='ltr'><strong>est</strong></span> <span class='ocrx_word' id='word_1_475' title='bbox 2528 2181 2650 2218; x_wconf 85' lang='lat' dir='ltr'><strong>cum</strong></span> <span class='ocrx_word' id='word_1_476' title='bbox 2693 2165 2855 2232; x_wconf 75' lang='lat' dir='ltr'><strong>Pagio</strong></span> <span class='ocrx_word' id='word_1_477' title='bbox 2888 2166 3034 2232; x_wconf 85' lang='grc'><strong>(110)</strong></span> <span class='ocrx_word' id='word_1_478' title='bbox 3088 2165 3140 2218; x_wconf 90' lang='lat' dir='ltr'><strong>in</strong></span> <span class='ocrx_word' id='word_1_479' title='bbox 3189 2165 3346 2217; x_wconf 83' lang='lat' dir='ltr'><strong>aliain</strong></span> <span class='ocrx_word' id='word_1_480' title='bbox 3407 2180 3624 2217; x_wconf 84' lang='lat' dir='ltr'><strong>causam</strong></span> <span class='ocrx_word' id='word_1_481' title='bbox 3676 2166 3980 2233; x_wconf 82' lang='lat' dir='ltr'><strong>inquirere.</strong></span> 
     </span>
    </p>
   </div>
   <div class='ocr_carea' id='block_1_66' title="bbox 2402 2255 3986 2326">
    <p class='ocr_par' dir='ltr' id='par_1_66' title="bbox 2402 2255 3986 2326">
     <span class='ocr_line' id='line_1_66' title="bbox 2402 2255 3986 2326; baseline -0.001 -15"><span class='ocrx_word' id='word_1_482' title='bbox 2402 2258 2566 2311; x_wconf 84' lang='lat' dir='ltr'><strong>Porro</strong></span> <span class='ocrx_word' id='word_1_483' title='bbox 2595 2259 2707 2310; x_wconf 61' lang='lat' dir='ltr'><strong>haec</strong></span> <span class='ocrx_word' id='word_1_484' title='bbox 2737 2256 3090 2326; x_wconf 84' lang='lat' dir='ltr'><strong>Theophanis</strong></span> <span class='ocrx_word' id='word_1_485' title='bbox 3138 2257 3374 2309; x_wconf 83' lang='lat' dir='ltr'><strong>narratio</strong></span> <span class='ocrx_word' id='word_1_486' title='bbox 3409 2255 3698 2309; x_wconf 69' lang='lat' dir='ltr'><strong>liaronimn</strong></span> <span class='ocrx_word' id='word_1_487' title='bbox 3737 2259 3986 2326; x_wconf 74' lang='lat' dir='ltr'><strong>aliusque</strong></span> 
     </span>
    </p>
   </div>
   <div class='ocr_carea' id='block_1_67' title="bbox 2401 2346 3986 2417">
    <p class='ocr_par' dir='ltr' id='par_1_67' title="bbox 2401 2346 3986 2417">
     <span class='ocr_line' id='line_1_67' title="bbox 2401 2346 3986 2417; baseline 0 -18"><span class='ocrx_word' id='word_1_488' title='bbox 2401 2347 2692 2413; x_wconf 83' lang='lat' dir='ltr'><strong>aliquando</strong></span> <span class='ocrx_word' id='word_1_489' title='bbox 2723 2346 2773 2398; x_wconf 91' lang='lat' dir='ltr'><strong>in</strong></span> <span class='ocrx_word' id='word_1_490' title='bbox 2806 2361 3068 2410; x_wconf 83' lang='lat' dir='ltr'><strong>errorem,</strong></span> <span class='ocrx_word' id='word_1_491' title='bbox 3095 2349 3161 2400; x_wconf 83' lang='lat' dir='ltr'><strong>de</strong></span> <span class='ocrx_word' id='word_1_492' title='bbox 3212 2361 3354 2399; x_wconf 79' lang='lat' dir='ltr'><strong>anno</strong></span> <span class='ocrx_word' id='word_1_493' title='bbox 3406 2349 3591 2400; x_wconf 83' lang='lat' dir='ltr'><strong>mortis</strong></span> <span class='ocrx_word' id='word_1_494' title='bbox 3627 2346 3684 2401; x_wconf 83' lang='lat' dir='ltr'><strong>S.</strong></span> <span class='ocrx_word' id='word_1_495' title='bbox 3720 2346 3986 2417; x_wconf 69' lang='lat' dir='ltr'><strong>Stephani</strong></span> 
     </span>
    </p>
   </div>
   <div class='ocr_carea' id='block_1_68' title="bbox 2403 2437 3049 2492">
    <p class='ocr_par' dir='ltr' id='par_1_68' title="bbox 2403 2437 3049 2492">
     <span class='ocr_line' id='line_1_68' title="bbox 2403 2437 3049 2492; baseline 0.003 -4"><span class='ocrx_word' id='word_1_496' title='bbox 2403 2437 2790 2490; x_wconf 84' lang='lat' dir='ltr'><strong>constituendo</strong></span> <span class='ocrx_word' id='word_1_497' title='bbox 2814 2438 3049 2492; x_wconf 78' lang='lat' dir='ltr'><strong>induxit.</strong></span> 
     </span>
    </p>
   </div>
   <div class='ocr_carea' id='block_1_69' title="bbox 2463 2549 3986 2621">
    <p class='ocr_par' dir='ltr' id='par_1_69' title="bbox 2463 2549 3986 2621">
     <span class='ocr_line' id='line_1_69' title="bbox 2463 2549 3986 2621; baseline 0.001 -18"><span class='ocrx_word' id='word_1_498' title='bbox 2463 2550 2550 2603; x_wconf 70' lang='grc'>26.</span> <span class='ocrx_word' id='word_1_499' title='bbox 2586 2549 2735 2605; x_wconf 83' lang='lat' dir='ltr'><strong>Nunc</strong></span> <span class='ocrx_word' id='word_1_500' title='bbox 2791 2561 2971 2605; x_wconf 83' lang='lat' dir='ltr'><strong>autem</strong></span> <span class='ocrx_word' id='word_1_501' title='bbox 3020 2553 3270 2621; x_wconf 83' lang='lat' dir='ltr'><strong>quoniam</strong></span> <span class='ocrx_word' id='word_1_502' title='bbox 3330 2553 3602 2621; x_wconf 83' lang='lat' dir='ltr'><strong>inquisitio</strong></span> <span class='ocrx_word' id='word_1_503' title='bbox 3661 2553 3764 2606; x_wconf 87' lang='lat' dir='ltr'><strong>ista</strong></span> <span class='ocrx_word' id='word_1_504' title='bbox 3810 2554 3864 2603; x_wconf 89' lang='lat' dir='ltr'><strong>in</strong></span> <span class='ocrx_word' id='word_1_505' title='bbox 3905 2553 3986 2604; x_wconf 75' lang='lat' dir='ltr'><strong>hi-</strong></span> 
     </span>
    </p>
   </div>
   <div class='ocr_carea' id='block_1_70' title="bbox 2401 2643 3987 2712">
    <p class='ocr_par' dir='ltr' id='par_1_70' title="bbox 2401 2643 3987 2712">
     <span class='ocr_line' id='line_1_70' title="bbox 2401 2643 3987 2712; baseline -0.002 -16"><span class='ocrx_word' id='word_1_506' title='bbox 2401 2645 2622 2696; x_wconf 87' lang='lat' dir='ltr'><strong>storiam</strong></span> <span class='ocrx_word' id='word_1_507' title='bbox 2648 2657 2699 2696; x_wconf 86' lang='lat' dir='ltr'><strong>et</strong></span> <span class='ocrx_word' id='word_1_508' title='bbox 2725 2644 3129 2712; x_wconf 79' lang='lat' dir='ltr'><strong>chronologiani</strong></span> <span class='ocrx_word' id='word_1_509' title='bbox 3170 2644 3562 2710; x_wconf 72' lang='lat' dir='ltr'><strong>persecutionis</strong></span> <span class='ocrx_word' id='word_1_510' title='bbox 3588 2643 3987 2697; x_wconf 70' lang='lat' dir='ltr'><strong>iconoclastiea</strong></span> 
     </span>
    </p>
   </div>
   <div class='ocr_carea' id='block_1_71' title="bbox 2403 2729 3987 2798">
    <p class='ocr_par' dir='ltr' id='par_1_71' title="bbox 2403 2729 3987 2798">
     <span class='ocr_line' id='line_1_71' title="bbox 2403 2729 3987 2798; baseline -0.006 -14"><span class='ocrx_word' id='word_1_511' title='bbox 2403 2733 2681 2792; x_wconf 68' lang='lat' dir='ltr'><strong>secundae,</strong></span> <span class='ocrx_word' id='word_1_512' title='bbox 2718 2732 2978 2798; x_wconf 84' lang='lat' dir='ltr'><strong>prolixior</strong></span> <span class='ocrx_word' id='word_1_513' title='bbox 3014 2731 3152 2782; x_wconf 78' lang='lat' dir='ltr'><strong>facta</strong></span> <span class='ocrx_word' id='word_1_514' title='bbox 3172 2740 3271 2790; x_wconf 87' lang='lat' dir='ltr'><strong>est,</strong></span> <span class='ocrx_word' id='word_1_515' title='bbox 3309 2744 3469 2797; x_wconf 84' lang='lat' dir='ltr'><strong>quam</strong></span> <span class='ocrx_word' id='word_1_516' title='bbox 3497 2730 3546 2781; x_wconf 94' lang='lat' dir='ltr'><strong>id</strong></span> <span class='ocrx_word' id='word_1_517' title='bbox 3591 2729 3835 2796; x_wconf 86' lang='lat' dir='ltr'><strong>primum</strong></span> <span class='ocrx_word' id='word_1_518' title='bbox 3875 2731 3987 2779; x_wconf 62' lang='lat' dir='ltr'><strong>exi-</strong></span> 
     </span>
    </p>
   </div>
   <div class='ocr_carea' id='block_1_72' title="bbox 2403 2821 3984 2888">
    <p class='ocr_par' dir='ltr' id='par_1_72' title="bbox 2403 2821 3984 2888">
     <span class='ocr_line' id='line_1_72' title="bbox 2403 2821 3984 2888; baseline -0.004 -14"><span class='ocrx_word' id='word_1_519' title='bbox 2403 2821 2780 2884; x_wconf 78' lang='lat' dir='ltr'><strong>stimabamus,</strong></span> <span class='ocrx_word' id='word_1_520' title='bbox 2815 2823 2946 2873; x_wconf 85' lang='lat' dir='ltr'><strong>utile</strong></span> <span class='ocrx_word' id='word_1_521' title='bbox 2990 2821 3241 2874; x_wconf 83' lang='lat' dir='ltr'><strong>duximus</strong></span> <span class='ocrx_word' id='word_1_522' title='bbox 3287 2835 3428 2880; x_wconf 87' lang='lat' dir='ltr'><strong>eam,</strong></span> <span class='ocrx_word' id='word_1_523' title='bbox 3460 2822 3607 2888; x_wconf 88' lang='lat' dir='ltr'><strong>juxta</strong></span> <span class='ocrx_word' id='word_1_524' title='bbox 3652 2822 3856 2872; x_wconf 77' lang='lat' dir='ltr'><strong>seriem</strong></span> <span class='ocrx_word' id='word_1_525' title='bbox 3887 2834 3984 2870; x_wconf 81' lang='lat' dir='ltr'><strong>an-</strong></span> 
     </span>
    </p>
   </div>
   <div class='ocr_carea' id='block_1_73' title="bbox 2403 2909 3983 2981">
    <p class='ocr_par' dir='ltr' id='par_1_73' title="bbox 2403 2909 3983 2981">
     <span class='ocr_line' id='line_1_73' title="bbox 2403 2909 3983 2981; baseline -0.006 -14"><span class='ocrx_word' id='word_1_526' title='bbox 2403 2928 2620 2975; x_wconf 92' lang='lat' dir='ltr'><strong>norum,</strong></span> <span class='ocrx_word' id='word_1_527' title='bbox 2651 2913 2736 2967; x_wconf 92' lang='lat' dir='ltr'><strong>hic</strong></span> <span class='ocrx_word' id='word_1_528' title='bbox 2783 2913 3104 2981; x_wconf 85' lang='lat' dir='ltr'><strong>compendio</strong></span> <span class='ocrx_word' id='word_1_529' title='bbox 3157 2913 3436 2972; x_wconf 81' lang='lat' dir='ltr'><strong>exhibere,</strong></span> <span class='ocrx_word' id='word_1_530' title='bbox 3487 2912 3688 2964; x_wconf 75' lang='lat' dir='ltr'><strong>additis</strong></span> <span class='ocrx_word' id='word_1_531' title='bbox 3741 2909 3983 2962; x_wconf 77' lang='lat' dir='ltr'><strong>numeris</strong></span> 
     </span>
    </p>
   </div>
   <div class='ocr_carea' id='block_1_74' title="bbox 2403 3003 3815 3074">
    <p class='ocr_par' dir='ltr' id='par_1_74' title="bbox 2403 3003 3815 3074">
     <span class='ocr_line' id='line_1_74' title="bbox 2403 3003 3815 3074; baseline -0.008 -12"><span class='ocrx_word' id='word_1_532' title='bbox 2403 3003 2815 3068; x_wconf 83' lang='lat' dir='ltr'><strong>COmmcutarii,</strong></span> <span class='ocrx_word' id='word_1_533' title='bbox 2845 3008 2912 3058; x_wconf 80' lang='lat' dir='ltr'><strong>ad</strong></span> <span class='ocrx_word' id='word_1_534' title='bbox 2944 3021 3080 3074; x_wconf 85' lang='lat' dir='ltr'><strong>quos</strong></span> <span class='ocrx_word' id='word_1_535' title='bbox 3112 3005 3178 3058; x_wconf 90' lang='lat' dir='ltr'><strong>de</strong></span> <span class='ocrx_word' id='word_1_536' title='bbox 3211 3003 3439 3073; x_wconf 79' lang='lat' dir='ltr'><strong>singulis</strong></span> <span class='ocrx_word' id='word_1_537' title='bbox 3474 3013 3654 3059; x_wconf 73' lang='lat' dir='ltr'><strong>aetum</strong></span> <span class='ocrx_word' id='word_1_538' title='bbox 3680 3010 3766 3053; x_wconf 87' lang='lat' dir='ltr'><strong>est</strong></span> <span class='ocrx_word' id='word_1_539' title='bbox 3802 3016 3815 3050; x_wconf 89' lang='lat'><strong>:</strong></span> 
     </span>
    </p>
   </div>
   <div class='ocr_carea' id='block_1_75' title="bbox 2472 3109 3982 3183">
    <p class='ocr_par' dir='ltr' id='par_1_75' title="bbox 2472 3109 3982 3183">
     <span class='ocr_line' id='line_1_75' title="bbox 2472 3109 3982 3183; baseline -0.007 -13"><span class='ocrx_word' id='word_1_540' title='bbox 2472 3121 2630 3170; x_wconf 76' lang='lat' dir='ltr'><strong>Anno</strong></span> <span class='ocrx_word' id='word_1_541' title='bbox 2654 3117 2782 3175; x_wconf 84' lang='grc'>761,</span> <span class='ocrx_word' id='word_1_542' title='bbox 2820 3131 2904 3168; x_wconf 79' lang='lat' dir='ltr'><strong>xvi</strong></span> <span class='ocrx_word' id='word_1_543' title='bbox 2959 3115 3103 3179; x_wconf 79' lang='lat' dir='ltr'><strong>Maii,</strong></span> <span class='ocrx_word' id='word_1_544' title='bbox 3135 3115 3314 3183; x_wconf 87' lang='lat' dir='ltr'><strong>passio</strong></span> <span class='ocrx_word' id='word_1_545' title='bbox 3341 3112 3398 3165; x_wconf 87' lang='lat' dir='ltr'><strong>S.</strong></span> <span class='ocrx_word' id='word_1_546' title='bbox 3447 3112 3588 3164; x_wconf 83' lang='lat' dir='ltr'><strong>Petri</strong></span> <span class='ocrx_word' id='word_1_547' title='bbox 3621 3111 3688 3163; x_wconf 90' lang='lat' dir='ltr'><strong>de</strong></span> <span class='ocrx_word' id='word_1_548' title='bbox 3728 3109 3982 3164; x_wconf 64' lang='lat' dir='ltr'><strong>Blachero</strong></span> 
     </span>
    </p>
   </div>
   <div class='ocr_carea' id='block_1_76' title="bbox 2327 3207 3032 3277">
    <p class='ocr_par' dir='ltr' id='par_1_76' title="bbox 2327 3207 3032 3277">
     <span class='ocr_line' id='line_1_76' title="bbox 2327 3207 3032 3277; baseline -0.004 -14"><span class='ocrx_word' id='word_1_549' title='bbox 2327 3209 2369 3272; x_wconf 87' lang='lat' dir='ltr'><strong><em>C</em></strong></span> <span class='ocrx_word' id='word_1_550' title='bbox 2403 3210 2510 3263; x_wconf 90' lang='lat' dir='ltr'><strong>nis.</strong></span> <span class='ocrx_word' id='word_1_551' title='bbox 2541 3207 2713 3277; x_wconf 83' lang='lat' dir='ltr'><strong>Supra</strong></span> <span class='ocrx_word' id='word_1_552' title='bbox 2749 3223 2902 3259; x_wconf 92' lang='lat' dir='ltr'><strong>num.</strong></span> <span class='ocrx_word' id='word_1_553' title='bbox 2947 3207 3032 3260; x_wconf 84' lang='grc'><strong>17.</strong></span> 
     </span>
    </p>
   </div>
   <div class='ocr_carea' id='block_1_77' title="bbox 2474 3293 3979 3368">
    <p class='ocr_par' dir='ltr' id='par_1_77' title="bbox 2474 3293 3979 3368">
     <span class='ocr_line' id='line_1_77' title="bbox 2474 3293 3979 3368; baseline -0.006 -13"><span class='ocrx_word' id='word_1_554' title='bbox 2474 3301 2673 3355; x_wconf 84' lang='lat' dir='ltr'><strong>Eodem</strong></span> <span class='ocrx_word' id='word_1_555' title='bbox 2725 3315 2888 3365; x_wconf 87' lang='lat' dir='ltr'><strong>anno,</strong></span> <span class='ocrx_word' id='word_1_556' title='bbox 2943 3317 2994 3354; x_wconf 85' lang='lat' dir='ltr'><strong>iv</strong></span> <span class='ocrx_word' id='word_1_557' title='bbox 3033 3299 3200 3361; x_wconf 84' lang='lat' dir='ltr'><strong>Junii,</strong></span> <span class='ocrx_word' id='word_1_558' title='bbox 3237 3299 3415 3368; x_wconf 75' lang='lat' dir='ltr'><strong>passio</strong></span> <span class='ocrx_word' id='word_1_559' title='bbox 3457 3296 3512 3350; x_wconf 91' lang='lat' dir='ltr'><strong>S.</strong></span> <span class='ocrx_word' id='word_1_560' title='bbox 3547 3294 3778 3350; x_wconf 79' lang='lat' dir='ltr'><strong>Joannis</strong></span> <span class='ocrx_word' id='word_1_561' title='bbox 3813 3293 3979 3364; x_wconf 67' lang='lat' dir='ltr'><strong>Heguo</strong></span> 
     </span>
    </p>
   </div>
   <div class='ocr_carea' id='block_1_78' title="bbox 2404 3389 3548 3461">
    <p class='ocr_par' dir='ltr' id='par_1_78' title="bbox 2404 3389 3548 3461">
     <span class='ocr_line' id='line_1_78' title="bbox 2404 3389 3548 3461; baseline -0.003 -16"><span class='ocrx_word' id='word_1_562' title='bbox 2404 3395 2548 3447; x_wconf 90' lang='lat' dir='ltr'><strong>meni</strong></span> <span class='ocrx_word' id='word_1_563' title='bbox 2584 3393 2897 3446; x_wconf 87' lang='lat' dir='ltr'><strong>monasterii</strong></span> <span class='ocrx_word' id='word_1_564' title='bbox 2935 3393 3240 3461; x_wconf 67' lang='lat' dir='ltr'><strong>Monagriae,</strong></span> <span class='ocrx_word' id='word_1_565' title='bbox 3275 3406 3424 3443; x_wconf 92' lang='lat' dir='ltr'><strong>num.</strong></span> <span class='ocrx_word' id='word_1_566' title='bbox 3459 3389 3548 3443; x_wconf 72' lang='lat'><strong>2&#39;2.</strong></span> 
     </span>
    </p>
   </div>
   <div class='ocr_carea' id='block_1_79' title="bbox 2478 3499 3976 3570">
    <p class='ocr_par' dir='ltr' id='par_1_79' title="bbox 2478 3499 3976 3570">
     <span class='ocr_line' id='line_1_79' title="bbox 2478 3499 3976 3570; baseline -0.005 -14"><span class='ocrx_word' id='word_1_567' title='bbox 2478 3506 2632 3556; x_wconf 85' lang='lat' dir='ltr'><strong>Anno</strong></span> <span class='ocrx_word' id='word_1_568' title='bbox 2670 3504 2770 3554; x_wconf 79' lang='lat'><strong>7615</strong></span> <span class='ocrx_word' id='word_1_569' title='bbox 2807 3505 2872 3555; x_wconf 84' lang='lat' dir='ltr'><strong>ad</strong></span> <span class='ocrx_word' id='word_1_570' title='bbox 2923 3503 3081 3554; x_wconf 81' lang='lat' dir='ltr'><strong>ﬁnem</strong></span> <span class='ocrx_word' id='word_1_571' title='bbox 3135 3512 3410 3570; x_wconf 75' lang='lat' dir='ltr'><strong>vergente,</strong></span> <span class='ocrx_word' id='word_1_572' title='bbox 3440 3502 3495 3552; x_wconf 91' lang='lat' dir='ltr'><strong>S.</strong></span> <span class='ocrx_word' id='word_1_573' title='bbox 3541 3500 3858 3566; x_wconf 82' lang='lat' dir='ltr'><strong>Stephanus</strong></span> <span class='ocrx_word' id='word_1_574' title='bbox 3885 3499 3976 3551; x_wconf 82' lang='lat' dir='ltr'><strong>Ju-</strong></span> 
     </span>
    </p>
   </div>
   <div class='ocr_carea' id='block_1_80' title="bbox 2406 3590 3978 3656">
    <p class='ocr_par' dir='ltr' id='par_1_80' title="bbox 2406 3590 3978 3656">
     <span class='ocr_line' id='line_1_80' title="bbox 2406 3590 3978 3656; baseline -0.005 -11"><span class='ocrx_word' id='word_1_575' title='bbox 2406 3594 2526 3646; x_wconf 89' lang='lat' dir='ltr'><strong>nior</strong></span> <span class='ocrx_word' id='word_1_576' title='bbox 2577 3609 2639 3644; x_wconf 75' lang='lat' dir='ltr'><strong>ex</strong></span> <span class='ocrx_word' id='word_1_577' title='bbox 2692 3592 2960 3656; x_wconf 69' lang='lat' dir='ltr'><strong>tuguriolo</strong></span> <span class='ocrx_word' id='word_1_578' title='bbox 3019 3592 3218 3644; x_wconf 89' lang='lat' dir='ltr'><strong>montis</strong></span> <span class='ocrx_word' id='word_1_579' title='bbox 3273 3590 3526 3643; x_wconf 77' lang='lat' dir='ltr'><strong>Auxentii</strong></span> <span class='ocrx_word' id='word_1_580' title='bbox 3575 3591 3885 3642; x_wconf 81' lang='lat' dir='ltr'><strong>abstractus</strong></span> <span class='ocrx_word' id='word_1_581' title='bbox 3933 3599 3978 3638; x_wconf 80' lang='lat' dir='ltr'><strong>et</strong></span> 
     </span>
    </p>
   </div>
   <div class='ocr_carea' id='block_1_81' title="bbox 2407 3679 3976 3753">
    <p class='ocr_par' dir='ltr' id='par_1_81' title="bbox 2407 3679 3976 3753">
     <span class='ocr_line' id='line_1_81' title="bbox 2407 3679 3976 3753; baseline -0.004 -17"><span class='ocrx_word' id='word_1_582' title='bbox 2407 3685 2538 3737; x_wconf 86' lang='lat' dir='ltr'><strong>mari</strong></span> <span class='ocrx_word' id='word_1_583' title='bbox 2582 3683 2958 3753; x_wconf 62' lang='lat' dir='ltr'><strong>Chrysoiiolim</strong></span> <span class='ocrx_word' id='word_1_584' title='bbox 2986 3687 3261 3746; x_wconf 81' lang='lat' dir='ltr'><strong>devectus,</strong></span> <span class='ocrx_word' id='word_1_585' title='bbox 3296 3699 3416 3736; x_wconf 90' lang='lat' dir='ltr'><strong>mox</strong></span> <span class='ocrx_word' id='word_1_586' title='bbox 3465 3682 3518 3733; x_wconf 86' lang='lat' dir='ltr'><strong>in</strong></span> <span class='ocrx_word' id='word_1_587' title='bbox 3575 3679 3976 3734; x_wconf 81' lang='lat' dir='ltr'><strong>l’roconnesurn</strong></span> 
     </span>
    </p>
   </div>
   <div class='ocr_carea' id='block_1_82' title="bbox 2406 3775 3283 3844">
    <p class='ocr_par' dir='ltr' id='par_1_82' title="bbox 2406 3775 3283 3844">
     <span class='ocr_line' id='line_1_82' title="bbox 2406 3775 3283 3844; baseline 0 -16"><span class='ocrx_word' id='word_1_588' title='bbox 2406 3777 2556 3831; x_wconf 85' lang='lat' dir='ltr'><strong>exsul</strong></span> <span class='ocrx_word' id='word_1_589' title='bbox 2593 3777 2847 3837; x_wconf 88' lang='lat' dir='ltr'><strong>mittitur,</strong></span> <span class='ocrx_word' id='word_1_590' title='bbox 2885 3792 3034 3828; x_wconf 90' lang='lat' dir='ltr'><strong>num.</strong></span> <span class='ocrx_word' id='word_1_591' title='bbox 3072 3775 3140 3828; x_wconf 61' lang='lat'><strong>‘21</strong></span> <span class='ocrx_word' id='word_1_592' title='bbox 3168 3792 3283 3844; x_wconf 76' lang='lat' dir='ltr'><strong>seq.</strong></span> 
     </span>
    </p>
   </div>
   <div class='ocr_carea' id='block_1_83' title="bbox 2473 3863 3978 3936">
    <p class='ocr_par' dir='ltr' id='par_1_83' title="bbox 2473 3863 3978 3936">
     <span class='ocr_line' id='line_1_83' title="bbox 2473 3863 3978 3936; baseline -0.007 -12"><span class='ocrx_word' id='word_1_593' title='bbox 2473 3871 2629 3924; x_wconf 75' lang='lat' dir='ltr'><strong>Anno</strong></span> <span class='ocrx_word' id='word_1_594' title='bbox 2660 3866 2779 3927; x_wconf 69' lang='grc'>766,</span> <span class='ocrx_word' id='word_1_595' title='bbox 2818 3871 2918 3920; x_wconf 87' lang='lat' dir='ltr'><strong>sub</strong></span> <span class='ocrx_word' id='word_1_596' title='bbox 2953 3870 3134 3926; x_wconf 83' lang='lat' dir='ltr'><strong>linem,</strong></span> <span class='ocrx_word' id='word_1_597' title='bbox 3170 3866 3224 3920; x_wconf 90' lang='lat' dir='ltr'><strong>S.</strong></span> <span class='ocrx_word' id='word_1_598' title='bbox 3263 3867 3570 3936; x_wconf 79' lang='lat' dir='ltr'><strong>Stephanus</strong></span> <span class='ocrx_word' id='word_1_599' title='bbox 3613 3863 3808 3920; x_wconf 80' lang='lat' dir='ltr'><strong>Junior</strong></span> <span class='ocrx_word' id='word_1_600' title='bbox 3844 3864 3978 3934; x_wconf 83' lang='lat' dir='ltr'><strong>Cpo-</strong></span> 
     </span>
    </p>
   </div>
   <div class='ocr_carea' id='block_1_84' title="bbox 2407 3956 3978 4026">
    <p class='ocr_par' dir='ltr' id='par_1_84' title="bbox 2407 3956 3978 4026">
     <span class='ocr_line' id='line_1_84' title="bbox 2407 3956 3978 4026; baseline -0.004 -12"><span class='ocrx_word' id='word_1_601' title='bbox 2407 3963 2496 4014; x_wconf 92' lang='lat' dir='ltr'><strong>lim</strong></span> <span class='ocrx_word' id='word_1_602' title='bbox 2534 3963 2723 4023; x_wconf 85' lang='lat' dir='ltr'><strong>redux,</strong></span> <span class='ocrx_word' id='word_1_603' title='bbox 2761 3961 2966 4012; x_wconf 80' lang='lat' dir='ltr'><strong>carceri</strong></span> <span class='ocrx_word' id='word_1_604' title='bbox 2998 3961 3248 4014; x_wconf 67' lang='lat' dir='ltr'><strong>traditur.</strong></span> <span class='ocrx_word' id='word_1_605' title='bbox 3277 3961 3507 4026; x_wconf 85' lang='lat' dir='ltr'><strong>primum</strong></span> <span class='ocrx_word' id='word_1_606' title='bbox 3544 3956 3747 4010; x_wconf 73' lang='lat' dir='ltr'><strong>Phiala:</strong></span> <span class='ocrx_word' id='word_1_607' title='bbox 3782 3960 3978 4026; x_wconf 73' lang='lat' dir='ltr'><strong>aliqum</strong></span> 
     </span>
    </p>
   </div>
   <div class='ocr_carea' id='block_1_85' title="bbox 2407 4048 3384 4114">
    <p class='ocr_par' dir='ltr' id='par_1_85' title="bbox 2407 4048 3384 4114">
     <span class='ocr_line' id='line_1_85' title="bbox 2407 4048 3384 4114; baseline -0.004 -13"><span class='ocrx_word' id='word_1_608' title='bbox 2407 4054 2545 4114; x_wconf 85' lang='lat' dir='ltr'><strong>dies,</strong></span> <span class='ocrx_word' id='word_1_609' title='bbox 2585 4051 2784 4102; x_wconf 85' lang='lat' dir='ltr'><strong>deinde</strong></span> <span class='ocrx_word' id='word_1_610' title='bbox 2819 4049 3078 4114; x_wconf 71' lang='lat' dir='ltr'><strong>praztorii,</strong></span> <span class='ocrx_word' id='word_1_611' title='bbox 3117 4062 3268 4098; x_wconf 89' lang='lat' dir='ltr'><strong>num.</strong></span> <span class='ocrx_word' id='word_1_612' title='bbox 3296 4048 3384 4098; x_wconf 67' lang='grc'>25.</span> 
     </span>
    </p>
   </div>
   <div class='ocr_carea' id='block_1_86' title="bbox 2467 4135 3979 4208">
    <p class='ocr_par' dir='ltr' id='par_1_86' title="bbox 2467 4135 3979 4208">
     <span class='ocr_line' id='line_1_86' title="bbox 2467 4135 3979 4208; baseline -0.005 -11"><span class='ocrx_word' id='word_1_613' title='bbox 2467 4143 2669 4197; x_wconf 79' lang='lat' dir='ltr'><strong>Eodem</strong></span> <span class='ocrx_word' id='word_1_614' title='bbox 2725 4155 2872 4194; x_wconf 90' lang='lat' dir='ltr'><strong>anno</strong></span> <span class='ocrx_word' id='word_1_615' title='bbox 2904 4141 3280 4208; x_wconf 71' lang='lat' dir='ltr'><strong>Copronynius</strong></span> <span class='ocrx_word' id='word_1_616' title='bbox 3317 4151 3506 4191; x_wconf 83' lang='lat' dir='ltr'><strong>omnes</strong></span> <span class='ocrx_word' id='word_1_617' title='bbox 3547 4136 3800 4189; x_wconf 87' lang='lat' dir='ltr'><strong>subditos</strong></span> <span class='ocrx_word' id='word_1_618' title='bbox 3843 4135 3979 4203; x_wconf 76' lang='lat' dir='ltr'><strong>jura-</strong></span> 
     </span>
    </p>
   </div>
   <div class='ocr_carea' id='block_1_87' title="bbox 2407 4227 3983 4304">
    <p class='ocr_par' dir='ltr' id='par_1_87' title="bbox 2407 4227 3983 4304">
     <span class='ocr_line' id='line_1_87' title="bbox 2407 4227 3983 4304; baseline -0.004 -15"><span class='ocrx_word' id='word_1_619' title='bbox 2407 4248 2649 4290; x_wconf 90' lang='lat' dir='ltr'><strong>mentum</strong></span> <span class='ocrx_word' id='word_1_620' title='bbox 2685 4244 2940 4304; x_wconf 67' lang='lat' dir='ltr'><strong>priestare</strong></span> <span class='ocrx_word' id='word_1_621' title='bbox 2973 4227 3146 4303; x_wconf 80' lang='lat' dir='ltr'><strong>jubet,</strong></span> <span class='ocrx_word' id='word_1_622' title='bbox 3182 4248 3238 4285; x_wconf 82' lang='lat' dir='ltr'><strong>se</strong></span> <span class='ocrx_word' id='word_1_623' title='bbox 3265 4232 3588 4301; x_wconf 69' lang='lat' dir='ltr'><strong>imaginibus</strong></span> <span class='ocrx_word' id='word_1_624' title='bbox 3622 4235 3793 4284; x_wconf 79' lang='lat' dir='ltr'><strong>Sacris</strong></span> <span class='ocrx_word' id='word_1_625' title='bbox 3831 4243 3983 4283; x_wconf 79' lang='lat' dir='ltr'><strong>vene-</strong></span> 
     </span>
    </p>
   </div>
   <div class='ocr_carea' id='block_1_88' title="bbox 2410 4325 3505 4388">
    <p class='ocr_par' dir='ltr' id='par_1_88' title="bbox 2410 4325 3505 4388">
     <span class='ocr_line' id='line_1_88' title="bbox 2410 4325 3505 4388; baseline -0.005 -8"><span class='ocrx_word' id='word_1_626' title='bbox 2410 4328 2672 4380; x_wconf 78' lang='lat' dir='ltr'><strong>rationem</strong></span> <span class='ocrx_word' id='word_1_627' title='bbox 2702 4342 2806 4380; x_wconf 92' lang='lat' dir='ltr'><strong>non</strong></span> <span class='ocrx_word' id='word_1_628' title='bbox 2844 4328 3207 4388; x_wconf 82' lang='lat' dir='ltr'><strong>exhibituros,</strong></span> <span class='ocrx_word' id='word_1_629' title='bbox 3234 4342 3385 4378; x_wconf 88' lang='lat' dir='ltr'><strong>num.</strong></span> <span class='ocrx_word' id='word_1_630' title='bbox 3423 4325 3505 4378; x_wconf 70' lang='grc'><strong>12.</strong></span> 
     </span>
    </p>
   </div>
   <div class='ocr_carea' id='block_1_89' title="bbox 2474 4432 3986 4505">
    <p class='ocr_par' dir='ltr' id='par_1_89' title="bbox 2474 4432 3986 4505">
     <span class='ocr_line' id='line_1_89' title="bbox 2474 4432 3986 4505; baseline -0.001 -17"><span class='ocrx_word' id='word_1_631' title='bbox 2474 4438 2632 4489; x_wconf 82' lang='grc' dir='ltr'>Αηηο</span> <span class='ocrx_word' id='word_1_632' title='bbox 2657 4435 2758 4488; x_wconf 83' lang='grc'><strong>767</strong></span> <span class='ocrx_word' id='word_1_633' title='bbox 2789 4432 3160 4505; x_wconf 60' lang='lat' dir='ltr'><strong>Copronvnins</strong></span> <span class='ocrx_word' id='word_1_634' title='bbox 3193 4435 3471 4504; x_wconf 58' lang='lat' dir='ltr'><strong>prafectos</strong></span> <span class='ocrx_word' id='word_1_635' title='bbox 3495 4433 3909 4488; x_wconf 78' lang='lat' dir='ltr'><strong>crudelissimos</strong></span> <span class='ocrx_word' id='word_1_636' title='bbox 3927 4434 3986 4488; x_wconf 80' lang='lat' dir='ltr'><strong>ad</strong></span> 
     </span>
    </p>
   </div>
   <div class='ocr_carea' id='block_1_90' title="bbox 735 4525 2298 4608">
    <p class='ocr_par' dir='ltr' id='par_1_90' title="bbox 735 4539 2298 4608">
     <span class='ocr_line' id='line_1_90' title="bbox 735 4539 2298 4608; baseline -0.001 -13"><span class='ocrx_word' id='word_1_637' title='bbox 735 4544 983 4608; x_wconf 68' lang='lat' dir='ltr'><strong>praetorio</strong></span> <span class='ocrx_word' id='word_1_638' title='bbox 1028 4541 1400 4592; x_wconf 74' lang='lat' dir='ltr'><strong>incartei&#39;atur</strong></span> <span class='ocrx_word' id='word_1_639' title='bbox 1448 4539 1593 4605; x_wconf 77' lang='grc'><strong>(101)</strong></span> <span class='ocrx_word' id='word_1_640' title='bbox 1637 4548 1691 4590; x_wconf 90' lang='lat' dir='ltr'><strong>et</strong></span> <span class='ocrx_word' id='word_1_641' title='bbox 1723 4539 1938 4590; x_wconf 89' lang='lat' dir='ltr'><strong>demum</strong></span> <span class='ocrx_word' id='word_1_642' title='bbox 1979 4556 2120 4593; x_wconf 84' lang='lat' dir='ltr'><strong>anno</strong></span> <span class='ocrx_word' id='word_1_643' title='bbox 2177 4553 2298 4595; x_wconf 75' lang='lat' dir='ltr'><strong>teta-</strong></span> 
     </span>
    </p>
   </div>
   <div class='ocr_carea' id='block_1_91' title="bbox 2401 4525 3250 4608">
    <p class='ocr_par' dir='ltr' id='par_1_91' title="bbox 2413 4525 3250 4597">
     <span class='ocr_line' id='line_1_91' title="bbox 2413 4525 3250 4597; baseline 0 -19"><span class='ocrx_word' id='word_1_644' title='bbox 2413 4527 2719 4597; x_wconf 79' lang='lat' dir='ltr'><strong>provinctas</strong></span> <span class='ocrx_word' id='word_1_645' title='bbox 2753 4525 2937 4588; x_wconf 86' lang='lat' dir='ltr'><strong>mittit,</strong></span> <span class='ocrx_word' id='word_1_646' title='bbox 2973 4542 3123 4578; x_wconf 89' lang='lat' dir='ltr'><strong>tium.</strong></span> <span class='ocrx_word' id='word_1_647' title='bbox 3168 4527 3250 4578; x_wconf 69' lang='lat'><strong>12.</strong></span> 
     </span>
    </p>
   </div>
   <div class='ocr_carea' id='block_1_92' title="bbox 736 4627 2301 4696">
    <p class='ocr_par' dir='ltr' id='par_1_92' title="bbox 736 4627 2301 4696">
     <span class='ocr_line' id='line_1_92' title="bbox 736 4627 2301 4696; baseline 0.001 -15"><span class='ocrx_word' id='word_1_648' title='bbox 736 4633 803 4684; x_wconf 72' lang='lat' dir='ltr'><strong>tis</strong></span> <span class='ocrx_word' id='word_1_649' title='bbox 838 4632 923 4692; x_wconf 70' lang='lat'><strong>55,</strong></span> <span class='ocrx_word' id='word_1_650' title='bbox 952 4631 1037 4683; x_wconf 81' lang='lat' dir='ltr'><strong>die</strong></span> <span class='ocrx_word' id='word_1_651' title='bbox 1063 4642 1228 4682; x_wconf 73' lang='lat' dir='ltr'><strong>xxvltt</strong></span> <span class='ocrx_word' id='word_1_652' title='bbox 1277 4627 1599 4680; x_wconf 68' lang='lat' dir='ltr'><strong>Novembris</strong></span> <span class='ocrx_word' id='word_1_653' title='bbox 1629 4628 1796 4693; x_wconf 76' lang='grc'><strong>(105),</strong></span> <span class='ocrx_word' id='word_1_654' title='bbox 1830 4629 1956 4679; x_wconf 81' lang='lat' dir='ltr'><strong>anni</strong></span> <span class='ocrx_word' id='word_1_655' title='bbox 1995 4634 2146 4696; x_wconf 84' lang='lat' dir='ltr'><strong>proin</strong></span> <span class='ocrx_word' id='word_1_656' title='bbox 2178 4633 2301 4692; x_wconf 63' lang='lat'><strong>76?,</strong></span> 
     </span>
    </p>
   </div>
   <div class='ocr_carea' id='block_1_93' title="bbox 738 4718 2306 4797">
    <p class='ocr_par' dir='ltr' id='par_1_93' title="bbox 738 4718 2306 4797">
     <span class='ocr_line' id='line_1_93' title="bbox 738 4718 2306 4797; baseline -0.001 -21"><span class='ocrx_word' id='word_1_657' title='bbox 738 4726 974 4797; x_wconf 82' lang='lat' dir='ltr'><strong>martyrii</strong></span> <span class='ocrx_word' id='word_1_658' title='bbox 1025 4737 1283 4777; x_wconf 81' lang='lat' dir='ltr'><strong>coronam</strong></span> <span class='ocrx_word' id='word_1_659' title='bbox 1337 4721 1545 4788; x_wconf 73' lang='lat' dir='ltr'><strong>aettepit</strong></span> <span class='ocrx_word' id='word_1_660' title='bbox 1582 4718 1753 4786; x_wconf 86' lang='grc'><strong>(106).</strong></span> <span class='ocrx_word' id='word_1_661' title='bbox 1804 4722 1936 4772; x_wconf 74' lang='lat' dir='ltr'><strong>Cum</strong></span> <span class='ocrx_word' id='word_1_662' title='bbox 1983 4724 2129 4774; x_wconf 82' lang='lat' dir='ltr'><strong>enim</strong></span> <span class='ocrx_word' id='word_1_663' title='bbox 2164 4737 2306 4776; x_wconf 91' lang='lat' dir='ltr'><strong>anno</strong></span> 
     </span>
    </p>
   </div>
   <div class='ocr_carea' id='block_1_94' title="bbox 737 4811 2303 4879">
    <p class='ocr_par' dir='ltr' id='par_1_94' title="bbox 737 4811 2303 4879">
     <span class='ocr_line' id='line_1_94' title="bbox 737 4811 2303 4879; baseline -0.004 -9"><span class='ocrx_word' id='word_1_664' title='bbox 737 4817 835 4870; x_wconf 81' lang='grc'><strong>715</strong></span> <span class='ocrx_word' id='word_1_665' title='bbox 865 4818 934 4870; x_wconf 82' lang='lat' dir='ltr'><strong>sit</strong></span> <span class='ocrx_word' id='word_1_666' title='bbox 967 4815 1019 4868; x_wconf 92' lang='lat' dir='ltr'><strong>in</strong></span> <span class='ocrx_word' id='word_1_667' title='bbox 1051 4815 1225 4868; x_wconf 89' lang='lat' dir='ltr'><strong>lucem</strong></span> <span class='ocrx_word' id='word_1_668' title='bbox 1258 4811 1457 4876; x_wconf 85' lang='lat' dir='ltr'><strong>editus,</strong></span> <span class='ocrx_word' id='word_1_669' title='bbox 1494 4819 1637 4879; x_wconf 87' lang='lat' dir='ltr'><strong>patet</strong></span> <span class='ocrx_word' id='word_1_670' title='bbox 1669 4825 1790 4863; x_wconf 88' lang='lat' dir='ltr'><strong>eum</strong></span> <span class='ocrx_word' id='word_1_671' title='bbox 1825 4811 1968 4864; x_wconf 82' lang='lat' dir='ltr'><strong>dicto</strong></span> <span class='ocrx_word' id='word_1_672' title='bbox 2007 4827 2151 4865; x_wconf 87' lang='lat' dir='ltr'><strong>anno</strong></span> <span class='ocrx_word' id='word_1_673' title='bbox 2182 4812 2303 4873; x_wconf 88' lang='lat'><strong>767,</strong></span> 
     </span>
    </p>
   </div>
   <div class='ocr_carea' id='block_1_95' title="bbox 739 4901 2304 4972">
    <p class='ocr_par' dir='ltr' id='par_1_95' title="bbox 739 4901 2304 4972">
     <span class='ocr_line' id='line_1_95' title="bbox 739 4901 2304 4972; baseline -0.003 -10"><span class='ocrx_word' id='word_1_674' title='bbox 739 4925 941 4963; x_wconf 83' lang='lat' dir='ltr'><strong>annum</strong></span> <span class='ocrx_word' id='word_1_675' title='bbox 977 4907 1151 4962; x_wconf 65' lang='lat' dir='ltr'><strong>atatis</strong></span> <span class='ocrx_word' id='word_1_676' title='bbox 1204 4906 1272 4956; x_wconf 77' lang='lat'><strong>53</strong></span> <span class='ocrx_word' id='word_1_677' title='bbox 1294 4919 1410 4956; x_wconf 77' lang='lat' dir='ltr'><strong>esse</strong></span> <span class='ocrx_word' id='word_1_678' title='bbox 1439 4906 1765 4972; x_wconf 71' lang='lat' dir='ltr'><strong>ingressum.</strong></span> <span class='ocrx_word' id='word_1_679' title='bbox 1801 4901 1986 4962; x_wconf 81' lang='lat' dir='ltr'><strong>Porro,</strong></span> <span class='ocrx_word' id='word_1_680' title='bbox 2022 4907 2061 4955; x_wconf 87' lang='lat' dir='ltr'><strong>si</strong></span> <span class='ocrx_word' id='word_1_681' title='bbox 2094 4921 2304 4964; x_wconf 70' lang='lat' dir='ltr'><strong>nienses</strong></span> 
     </span>
    </p>
   </div>
   <div class='ocr_carea' id='block_1_96' title="bbox 805 5060 1886 5135">
    <p class='ocr_par' dir='ltr' id='par_1_96' title="bbox 805 5060 1886 5135">
     <span class='ocr_line' id='line_1_96' title="bbox 805 5060 1886 5135; baseline -0.008 -15"><span class='ocrx_word' id='word_1_682' title='bbox 805 5069 914 5135; x_wconf 85' lang='lat'><strong>(90)</strong></span> <span class='ocrx_word' id='word_1_683' title='bbox 944 5068 1198 5118; x_wconf 80' lang='lat' dir='ltr'><strong>Analecta</strong></span> <span class='ocrx_word' id='word_1_684' title='bbox 1235 5077 1423 5133; x_wconf 59' lang='lat' dir='ltr'><strong>grata,</strong></span> <span class='ocrx_word' id='word_1_685' title='bbox 1460 5077 1510 5135; x_wconf 84' lang='grc' dir='ltr'><strong>ρ.</strong></span> <span class='ocrx_word' id='word_1_686' title='bbox 1549 5061 1654 5135; x_wconf 55' lang='lat' dir='ltr'><strong>407a</strong></span> <span class='ocrx_word' id='word_1_687' title='bbox 1683 5073 1734 5114; x_wconf 86' lang='lat' dir='ltr'><strong>et</strong></span> <span class='ocrx_word' id='word_1_688' title='bbox 1767 5060 1886 5114; x_wconf 70' lang='grc'><strong>101.</strong></span> 
     </span>
    </p>
   </div>
   <div class='ocr_carea' id='block_1_97' title="bbox 804 5133 2301 5206">
    <p class='ocr_par' dir='ltr' id='par_1_97' title="bbox 804 5133 2301 5206">
     <span class='ocr_line' id='line_1_97' title="bbox 804 5133 2301 5206; baseline -0.003 -17"><span class='ocrx_word' id='word_1_689' title='bbox 804 5133 915 5206; x_wconf 79' lang='grc'><strong>(91)</strong></span> <span class='ocrx_word' id='word_1_690' title='bbox 950 5141 1141 5202; x_wconf 70' lang='lat' dir='ltr'><strong>Pugnis</strong></span> <span class='ocrx_word' id='word_1_691' title='bbox 1167 5137 1232 5206; x_wconf 80' lang='lat' dir='ltr'><strong>ad</strong></span> <span class='ocrx_word' id='word_1_692' title='bbox 1265 5152 1355 5185; x_wconf 86' lang='lat' dir='ltr'><strong>an.</strong></span> <span class='ocrx_word' id='word_1_693' title='bbox 1553 5148 1606 5185; x_wconf 85' lang='lat' dir='ltr'><strong>ti.</strong></span> <span class='ocrx_word' id='word_1_694' title='bbox 1633 5133 1752 5206; x_wconf 69' lang='lat' dir='ltr'><strong>2_et</strong></span> <span class='ocrx_word' id='word_1_695' title='bbox 1784 5135 1844 5185; x_wconf 84' lang='lat' dir='ltr'><strong>ad</strong></span> <span class='ocrx_word' id='word_1_696' title='bbox 1876 5150 1963 5185; x_wconf 82' lang='lat' dir='ltr'><strong>an.</strong></span> <span class='ocrx_word' id='word_1_697' title='bbox 2009 5137 2126 5186; x_wconf 85' lang='lat'><strong>766.</strong></span> <span class='ocrx_word' id='word_1_698' title='bbox 2171 5151 2222 5187; x_wconf 90' lang='lat' dir='ltr'><strong>n.</strong></span> <span class='ocrx_word' id='word_1_699' title='bbox 2250 5142 2301 5192; x_wconf 70' lang='grc' dir='ltr'><strong>ει,</strong></span> 
     </span>
    </p>
   </div>
   <div class='ocr_carea' id='block_1_98' title="bbox 737 5201 1742 5270">
    <p class='ocr_par' dir='ltr' id='par_1_98' title="bbox 737 5201 1742 5270">
     <span class='ocr_line' id='line_1_98' title="bbox 737 5201 1742 5270; baseline -0.011 -7"><span class='ocrx_word' id='word_1_700' title='bbox 737 5201 827 5262; x_wconf 69' lang='lat' dir='ltr'><strong>cn</strong></span> <span class='ocrx_word' id='word_1_701' title='bbox 862 5201 1122 5260; x_wconf 67' lang='lat' dir='ltr'><strong>Analecta</strong></span> <span class='ocrx_word' id='word_1_702' title='bbox 1149 5204 1268 5264; x_wconf 66' lang='grc' dir='ltr'>υτ..</span> <span class='ocrx_word' id='word_1_703' title='bbox 1300 5220 1351 5270; x_wconf 84' lang='lat' dir='ltr'><strong>p.</strong></span> <span class='ocrx_word' id='word_1_704' title='bbox 1393 5205 1496 5255; x_wconf 78' lang='lat' dir='ltr'><strong>l05</strong></span> <span class='ocrx_word' id='word_1_705' title='bbox 1527 5213 1580 5254; x_wconf 83' lang='lat' dir='ltr'><strong>et</strong></span> <span class='ocrx_word' id='word_1_706' title='bbox 1618 5201 1742 5254; x_wconf 63' lang='grc'>406.</span> 
     </span>
    </p>
   </div>
   <div class='ocr_carea' id='block_1_99' title="bbox 808 5273 1839 5344">
    <p class='ocr_par' dir='ltr' id='par_1_99' title="bbox 808 5273 1839 5344">
     <span class='ocr_line' id='line_1_99' title="bbox 808 5273 1839 5344; baseline -0.011 -12"><span class='ocrx_word' id='word_1_707' title='bbox 808 5278 919 5344; x_wconf 69' lang='lat'><strong>(92)</strong></span> <span class='ocrx_word' id='word_1_708' title='bbox 956 5277 1216 5330; x_wconf 76' lang='lat' dir='ltr'><strong>Analecta</strong></span> <span class='ocrx_word' id='word_1_709' title='bbox 1251 5273 1368 5334; x_wconf 56' lang='lat' dir='ltr'><strong>(in,</strong></span> <span class='ocrx_word' id='word_1_710' title='bbox 1412 5290 1460 5339; x_wconf 90' lang='lat' dir='ltr'><strong>p.</strong></span> <span class='ocrx_word' id='word_1_711' title='bbox 1503 5274 1606 5326; x_wconf 64' lang='lat'><strong>4&#39;23</strong></span> <span class='ocrx_word' id='word_1_712' title='bbox 1639 5285 1691 5324; x_wconf 91' lang='lat' dir='ltr'><strong>et</strong></span> <span class='ocrx_word' id='word_1_713' title='bbox 1715 5285 1839 5344; x_wconf 80' lang='lat' dir='ltr'><strong>seq.</strong></span> 
     </span>
    </p>
   </div>
   <div class='ocr_carea' id='block_1_100' title="bbox 807 5341 2302 5414">
    <p class='ocr_par' dir='ltr' id='par_1_100' title="bbox 807 5341 2302 5414">
     <span class='ocr_line' id='line_1_100' title="bbox 807 5341 2302 5414; baseline -0.005 -12"><span class='ocrx_word' id='word_1_714' title='bbox 807 5341 918 5414; x_wconf 81' lang='grc'><strong>(95)</strong></span> <span class='ocrx_word' id='word_1_715' title='bbox 943 5347 1188 5412; x_wconf 71' lang='grc' dir='ltr'><strong>ἰ’ὴεορὴ.</strong></span> <span class='ocrx_word' id='word_1_716' title='bbox 1219 5345 1321 5395; x_wconf 85' lang='lat' dir='ltr'><strong>loc.</strong></span> <span class='ocrx_word' id='word_1_717' title='bbox 1346 5348 1459 5407; x_wconf 82' lang='lat' dir='ltr'><strong>eit.,</strong></span> <span class='ocrx_word' id='word_1_718' title='bbox 1489 5359 1534 5410; x_wconf 88' lang='lat' dir='ltr'><strong>p.</strong></span> <span class='ocrx_word' id='word_1_719' title='bbox 1566 5343 1902 5405; x_wconf 61' lang='lat' dir='ltr'><strong>659.1’agins</strong></span> <span class='ocrx_word' id='word_1_720' title='bbox 1930 5341 1993 5392; x_wconf 83' lang='lat' dir='ltr'><strong>ad</strong></span> <span class='ocrx_word' id='word_1_721' title='bbox 2028 5357 2146 5393; x_wconf 81' lang='lat' dir='ltr'><strong>ann.</strong></span> <span class='ocrx_word' id='word_1_722' title='bbox 2183 5344 2302 5403; x_wconf 74' lang='grc'><strong>754,</strong></span> 
     </span>
    </p>
   </div>
   <div class='ocr_carea' id='block_1_101' title="bbox 737 5421 913 5472">
    <p class='ocr_par' dir='ltr' id='par_1_101' title="bbox 737 5421 913 5472">
     <span class='ocr_line' id='line_1_101' title="bbox 737 5421 913 5472; baseline -0.011 0"><span class='ocrx_word' id='word_1_723' title='bbox 737 5436 788 5472; x_wconf 91' lang='lat' dir='ltr'><strong>n.</strong></span> <span class='ocrx_word' id='word_1_724' title='bbox 825 5421 913 5472; x_wconf 84' lang='lat'><strong>10.</strong></span> 
     </span>
    </p>
   </div>
   <div class='ocr_carea' id='block_1_102' title="bbox 809 5484 1542 5557">
    <p class='ocr_par' dir='ltr' id='par_1_102' title="bbox 809 5484 1542 5557">
     <span class='ocr_line' id='line_1_102' title="bbox 809 5484 1542 5557; baseline -0.011 -14"><span class='ocrx_word' id='word_1_725' title='bbox 809 5490 917 5557; x_wconf 69' lang='grc'><strong>(94)</strong></span> <span class='ocrx_word' id='word_1_726' title='bbox 945 5485 1291 5557; x_wconf 38' lang='lat' dir='ltr'><strong>Theophani.)</strong></span> <span class='ocrx_word' id='word_1_727' title='bbox 1326 5503 1378 5550; x_wconf 85' lang='lat' dir='ltr'><strong>p.</strong></span> <span class='ocrx_word' id='word_1_728' title='bbox 1419 5484 1542 5557; x_wconf 76' lang='lat'><strong>685.</strong></span> 
     </span>
    </p>
   </div>
   <div class='ocr_carea' id='block_1_103' title="bbox 807 5554 1805 5625">
    <p class='ocr_par' dir='ltr' id='par_1_103' title="bbox 807 5554 1805 5625">
     <span class='ocr_line' id='line_1_103' title="bbox 807 5554 1805 5625; baseline -0.003 -16"><span class='ocrx_word' id='word_1_729' title='bbox 807 5554 919 5622; x_wconf 61' lang='grc' dir='ltr'><strong>ςυδ)</strong></span> <span class='ocrx_word' id='word_1_730' title='bbox 954 5558 1211 5609; x_wconf 66' lang='lat' dir='ltr'><strong>Analecta</strong></span> <span class='ocrx_word' id='word_1_731' title='bbox 1232 5554 1350 5616; x_wconf 69' lang='lat' dir='ltr'><strong>GL,</strong></span> <span class='ocrx_word' id='word_1_732' title='bbox 1381 5575 1430 5625; x_wconf 87' lang='lat' dir='ltr'><strong>p.</strong></span> <span class='ocrx_word' id='word_1_733' title='bbox 1464 5555 1562 5608; x_wconf 65' lang='grc'><strong>457</strong></span> <span class='ocrx_word' id='word_1_734' title='bbox 1598 5563 1650 5608; x_wconf 88' lang='lat' dir='ltr'><strong>et</strong></span> <span class='ocrx_word' id='word_1_735' title='bbox 1683 5554 1805 5606; x_wconf 66' lang='grc'>477.</span> 
     </span>
    </p>
   </div>
   <div class='ocr_carea' id='block_1_104' title="bbox 807 5626 1353 5695">
    <p class='ocr_par' dir='ltr' id='par_1_104' title="bbox 807 5626 1353 5695">
     <span class='ocr_line' id='line_1_104' title="bbox 807 5626 1353 5695; baseline -0.004 -15"><span class='ocrx_word' id='word_1_736' title='bbox 807 5631 919 5695; x_wconf 77' lang='grc'><strong>(116)</strong></span> <span class='ocrx_word' id='word_1_737' title='bbox 949 5626 1102 5686; x_wconf 82' lang='lat' dir='ltr'><strong>lbid.,</strong></span> <span class='ocrx_word' id='word_1_738' title='bbox 1143 5644 1196 5693; x_wconf 88' lang='lat' dir='ltr'><strong>p.</strong></span> <span class='ocrx_word' id='word_1_739' title='bbox 1233 5627 1353 5678; x_wconf 58' lang='grc'><strong>460.</strong></span> 
     </span>
    </p>
   </div>
   <div class='ocr_carea' id='block_1_105' title="bbox 809 5695 1954 5766">
    <p class='ocr_par' dir='ltr' id='par_1_105' title="bbox 809 5695 1954 5766">
     <span class='ocr_line' id='line_1_105' title="bbox 809 5695 1954 5766; baseline -0.008 -13"><span class='ocrx_word' id='word_1_740' title='bbox 809 5703 921 5766; x_wconf 70' lang='lat'><strong>(97)</strong></span> <span class='ocrx_word' id='word_1_741' title='bbox 957 5695 1203 5763; x_wconf 78' lang='lat' dir='ltr'><strong>&#39;l‘licoph.</strong></span> <span class='ocrx_word' id='word_1_742' title='bbox 1239 5695 1339 5766; x_wconf 83' lang='lat' dir='ltr'><strong>loc.</strong></span> <span class='ocrx_word' id='word_1_743' title='bbox 1375 5701 1490 5759; x_wconf 81' lang='lat' dir='ltr'><strong>eit.,</strong></span> <span class='ocrx_word' id='word_1_744' title='bbox 1529 5714 1578 5763; x_wconf 85' lang='lat' dir='ltr'><strong>p.</strong></span> <span class='ocrx_word' id='word_1_745' title='bbox 1621 5695 1722 5747; x_wconf 74' lang='lat'><strong>6&#39;07</strong></span> <span class='ocrx_word' id='word_1_746' title='bbox 1755 5703 1806 5744; x_wconf 81' lang='lat' dir='ltr'><strong>et</strong></span> <span class='ocrx_word' id='word_1_747' title='bbox 1843 5709 1954 5755; x_wconf 80' lang='lat' dir='ltr'><strong>Seq.</strong></span> 
     </span>
    </p>
   </div>
   <div class='ocr_carea' id='block_1_106' title="bbox 811 5765 1598 5838">
    <p class='ocr_par' dir='ltr' id='par_1_106' title="bbox 811 5765 1598 5838">
     <span class='ocr_line' id='line_1_106' title="bbox 811 5765 1598 5838; baseline -0.009 -17"><span class='ocrx_word' id='word_1_748' title='bbox 811 5765 918 5838; x_wconf 76' lang='lat'><strong>(98)</strong></span> <span class='ocrx_word' id='word_1_749' title='bbox 953 5767 1212 5838; x_wconf 67' lang='lat' dir='ltr'><strong>Analecta</strong></span> <span class='ocrx_word' id='word_1_750' title='bbox 1244 5765 1358 5838; x_wconf 45' lang='lat' dir='ltr'><strong>tam,</strong></span> <span class='ocrx_word' id='word_1_751' title='bbox 1393 5785 1442 5837; x_wconf 77' lang='grc' dir='ltr'><strong>ι».</strong></span> <span class='ocrx_word' id='word_1_752' title='bbox 1476 5771 1598 5819; x_wconf 61' lang='lat'><strong>4‘15.</strong></span> 
     </span>
    </p>
   </div>
   <div class='ocr_carea' id='block_1_107' title="bbox 809 5833 1351 5910">
    <p class='ocr_par' dir='ltr' id='par_1_107' title="bbox 809 5833 1351 5910">
     <span class='ocr_line' id='line_1_107' title="bbox 809 5833 1351 5910; baseline -0.002 -19"><span class='ocrx_word' id='word_1_753' title='bbox 809 5833 921 5910; x_wconf 60' lang='grc'><strong>(99)</strong></span> <span class='ocrx_word' id='word_1_754' title='bbox 952 5837 1104 5898; x_wconf 77' lang='lat' dir='ltr'><strong>lbid.,</strong></span> <span class='ocrx_word' id='word_1_755' title='bbox 1142 5853 1193 5904; x_wconf 85' lang='lat' dir='ltr'><strong>p.</strong></span> <span class='ocrx_word' id='word_1_756' title='bbox 1231 5833 1351 5890; x_wconf 68' lang='grc'>476.</span> 
     </span>
    </p>
   </div>
   <div class='ocr_carea' id='block_1_108' title="bbox 2475 4630 3983 4704">
    <p class='ocr_par' dir='ltr' id='par_1_108' title="bbox 2475 4630 3983 4704">
     <span class='ocr_line' id='line_1_108' title="bbox 2475 4630 3983 4704; baseline -0.009 -9"><span class='ocrx_word' id='word_1_757' title='bbox 2475 4643 2673 4695; x_wconf 81' lang='lat' dir='ltr'><strong>Eodem</strong></span> <span class='ocrx_word' id='word_1_758' title='bbox 2701 4657 2862 4704; x_wconf 82' lang='lat' dir='ltr'><strong>anno,</strong></span> <span class='ocrx_word' id='word_1_759' title='bbox 2895 4656 3004 4693; x_wconf 86' lang='lat' dir='ltr'><strong>xvii</strong></span> <span class='ocrx_word' id='word_1_760' title='bbox 3038 4635 3218 4690; x_wconf 76' lang='lat' dir='ltr'><strong>Martii</strong></span> <span class='ocrx_word' id='word_1_761' title='bbox 3251 4634 3430 4703; x_wconf 80' lang='lat' dir='ltr'><strong>passio</strong></span> <span class='ocrx_word' id='word_1_762' title='bbox 3471 4630 3527 4686; x_wconf 93' lang='lat' dir='ltr'><strong>S.</strong></span> <span class='ocrx_word' id='word_1_763' title='bbox 3566 4630 3716 4684; x_wconf 82' lang='lat' dir='ltr'><strong>Pauli</strong></span> <span class='ocrx_word' id='word_1_764' title='bbox 3743 4633 3983 4684; x_wconf 84' lang='lat' dir='ltr'><strong>monachi</strong></span> 
     </span>
    </p>
   </div>
   <div class='ocr_carea' id='block_1_109' title="bbox 2415 4725 3984 4798">
    <p class='ocr_par' dir='ltr' id='par_1_109' title="bbox 2415 4725 3984 4798">
     <span class='ocr_line' id='line_1_109' title="bbox 2415 4725 3984 4798; baseline -0.01 -10"><span class='ocrx_word' id='word_1_765' title='bbox 2415 4735 2466 4788; x_wconf 87' lang='lat' dir='ltr'><strong>in</strong></span> <span class='ocrx_word' id='word_1_766' title='bbox 2489 4735 2786 4795; x_wconf 82' lang='lat' dir='ltr'><strong>Creta,sub</strong></span> <span class='ocrx_word' id='word_1_767' title='bbox 2811 4732 3146 4798; x_wconf 81' lang='lat' dir='ltr'><strong>Theophane</strong></span> <span class='ocrx_word' id='word_1_768' title='bbox 3175 4727 3468 4794; x_wconf 63' lang='lat' dir='ltr'><strong>Lardotyro</strong></span> <span class='ocrx_word' id='word_1_769' title='bbox 3499 4725 3691 4778; x_wconf 68' lang='lat' dir='ltr'><strong>insula:</strong></span> <span class='ocrx_word' id='word_1_770' title='bbox 3725 4725 3984 4794; x_wconf 74' lang='lat' dir='ltr'><strong>pta:fe¢to</strong></span> 
     </span>
    </p>
   </div>
   <div class='ocr_carea' id='block_1_110' title="bbox 2414 4823 2680 4874">
    <p class='ocr_par' dir='ltr' id='par_1_110' title="bbox 2414 4823 2680 4874">
     <span class='ocr_line' id='line_1_110' title="bbox 2414 4823 2680 4874; baseline -0.008 0"><span class='ocrx_word' id='word_1_771' title='bbox 2414 4839 2560 4874; x_wconf 86' lang='lat' dir='ltr'><strong>num.</strong></span> <span class='ocrx_word' id='word_1_772' title='bbox 2600 4823 2680 4873; x_wconf 72' lang='lat' dir='ltr'><strong>l2.</strong></span> 
     </span>
    </p>
   </div>
   <div class='ocr_carea' id='block_1_111' title="bbox 2484 4904 3981 4978">
    <p class='ocr_par' dir='ltr' id='par_1_111' title="bbox 2484 4904 3981 4978">
     <span class='ocr_line' id='line_1_111' title="bbox 2484 4904 3981 4978; baseline -0.002 -17"><span class='ocrx_word' id='word_1_773' title='bbox 2484 4914 2679 4968; x_wconf 80' lang='lat' dir='ltr'><strong>Eodem</strong></span> <span class='ocrx_word' id='word_1_774' title='bbox 2734 4926 2898 4976; x_wconf 85' lang='lat' dir='ltr'><strong>anno,</strong></span> <span class='ocrx_word' id='word_1_775' title='bbox 2967 4925 3053 4962; x_wconf 61' lang='grc' dir='ltr'><strong>λιι</strong></span> <span class='ocrx_word' id='word_1_776' title='bbox 3115 4910 3333 4978; x_wconf 80' lang='lat' dir='ltr'><strong>Aprilis,</strong></span> <span class='ocrx_word' id='word_1_777' title='bbox 3388 4904 3660 4962; x_wconf 67' lang='lat' dir='ltr'><strong>invaditur</strong></span> <span class='ocrx_word' id='word_1_778' title='bbox 3719 4919 3981 4960; x_wconf 76' lang='lat' dir='ltr'><strong>monaste-</strong></span> 
     </span>
    </p>
   </div>
   <div class='ocr_carea' id='block_1_112' title="bbox 2487 5064 3073 5134">
    <p class='ocr_par' dir='ltr' id='par_1_112' title="bbox 2487 5064 3073 5134">
     <span class='ocr_line' id='line_1_112' title="bbox 2487 5064 3073 5134; baseline 0.003 -20"><span class='ocrx_word' id='word_1_779' title='bbox 2487 5066 2628 5131; x_wconf 79' lang='lat' dir='ltr'><strong>(lllO)</strong></span> <span class='ocrx_word' id='word_1_780' title='bbox 2664 5064 2821 5129; x_wconf 85' lang='lat' dir='ltr'><strong>lbid.,</strong></span> <span class='ocrx_word' id='word_1_781' title='bbox 2857 5085 2909 5134; x_wconf 75' lang='grc' dir='ltr'><strong>μ.</strong></span> <span class='ocrx_word' id='word_1_782' title='bbox 2950 5066 3073 5117; x_wconf 69' lang='grc'><strong>485.</strong></span> 
     </span>
    </p>
   </div>
   <div class='ocr_carea' id='block_1_113' title="bbox 2485 5137 3078 5203">
    <p class='ocr_par' dir='ltr' id='par_1_113' title="bbox 2485 5137 3078 5203">
     <span class='ocr_line' id='line_1_113' title="bbox 2485 5137 3078 5203; baseline -0.002 -16"><span class='ocrx_word' id='word_1_783' title='bbox 2485 5139 2629 5203; x_wconf 67' lang='lat' dir='ltr'><strong>(tot;</strong></span> <span class='ocrx_word' id='word_1_784' title='bbox 2663 5137 2825 5198; x_wconf 82' lang='lat' dir='ltr'><strong>lbid.,</strong></span> <span class='ocrx_word' id='word_1_785' title='bbox 2863 5153 2914 5203; x_wconf 79' lang='grc' dir='ltr'><strong>ι».</strong></span> <span class='ocrx_word' id='word_1_786' title='bbox 2955 5137 3078 5187; x_wconf 63' lang='lat' dir='ltr'><strong>tas.</strong></span> 
     </span>
    </p>
   </div>
   <div class='ocr_carea' id='block_1_114' title="bbox 2485 5203 3071 5273">
    <p class='ocr_par' dir='ltr' id='par_1_114' title="bbox 2485 5203 3071 5273">
     <span class='ocr_line' id='line_1_114' title="bbox 2485 5203 3071 5273; baseline -0.002 -15"><span class='ocrx_word' id='word_1_787' title='bbox 2485 5210 2630 5264; x_wconf 61' lang='grc'><strong>(102)</strong></span> <span class='ocrx_word' id='word_1_788' title='bbox 2665 5203 2822 5266; x_wconf 75' lang='lat' dir='ltr'><strong>lbid.,</strong></span> <span class='ocrx_word' id='word_1_789' title='bbox 2854 5222 2905 5273; x_wconf 90' lang='lat' dir='ltr'><strong>p.</strong></span> <span class='ocrx_word' id='word_1_790' title='bbox 2947 5206 3071 5258; x_wconf 68' lang='grc'><strong>495.</strong></span> 
     </span>
    </p>
   </div>
   <div class='ocr_carea' id='block_1_115' title="bbox 2485 5276 3057 5344">
    <p class='ocr_par' dir='ltr' id='par_1_115' title="bbox 2485 5276 3057 5344">
     <span class='ocr_line' id='line_1_115' title="bbox 2485 5276 3057 5344; baseline -0.007 -15"><span class='ocrx_word' id='word_1_791' title='bbox 2485 5279 2628 5344; x_wconf 67' lang='grc' dir='ltr'><strong>(ωδ)</strong></span> <span class='ocrx_word' id='word_1_792' title='bbox 2659 5278 2818 5339; x_wconf 76' lang='lat' dir='ltr'><strong>lbid.,</strong></span> <span class='ocrx_word' id='word_1_793' title='bbox 2847 5293 2897 5344; x_wconf 88' lang='lat' dir='ltr'><strong>p.</strong></span> <span class='ocrx_word' id='word_1_794' title='bbox 2935 5276 3057 5328; x_wconf 60' lang='lat'><strong>2.95.</strong></span> 
     </span>
    </p>
   </div>
   <div class='ocr_carea' id='block_1_116' title="bbox 2489 5347 3295 5415">
    <p class='ocr_par' dir='ltr' id='par_1_116' title="bbox 2489 5347 3295 5415">
     <span class='ocr_line' id='line_1_116' title="bbox 2489 5347 3295 5415; baseline 0.007 -18"><span class='ocrx_word' id='word_1_795' title='bbox 2489 5348 2634 5414; x_wconf 70' lang='lat' dir='ltr'><strong>ilU&#39;i)</strong></span> <span class='ocrx_word' id='word_1_796' title='bbox 2670 5348 2824 5408; x_wconf 91' lang='lat' dir='ltr'><strong>lbid.,</strong></span> <span class='ocrx_word' id='word_1_797' title='bbox 2861 5363 2913 5415; x_wconf 87' lang='lat' dir='ltr'><strong>p.</strong></span> <span class='ocrx_word' id='word_1_798' title='bbox 2952 5347 3052 5398; x_wconf 70' lang='grc'><strong>199</strong></span> <span class='ocrx_word' id='word_1_799' title='bbox 3084 5355 3136 5400; x_wconf 90' lang='lat' dir='ltr'><strong>et</strong></span> <span class='ocrx_word' id='word_1_800' title='bbox 3170 5347 3295 5404; x_wconf 75' lang='grc'><strong>503.</strong></span> 
     </span>
    </p>
   </div>
   <div class='ocr_carea' id='block_1_117' title="bbox 2486 5415 3065 5485">
    <p class='ocr_par' dir='ltr' id='par_1_117' title="bbox 2486 5415 3065 5485">
     <span class='ocr_line' id='line_1_117' title="bbox 2486 5415 3065 5485; baseline 0 -18"><span class='ocrx_word' id='word_1_801' title='bbox 2486 5419 2630 5485; x_wconf 59' lang='lat' dir='ltr'><strong>(lilii)</strong></span> <span class='ocrx_word' id='word_1_802' title='bbox 2663 5415 2822 5477; x_wconf 81' lang='lat' dir='ltr'><strong>lbid.,</strong></span> <span class='ocrx_word' id='word_1_803' title='bbox 2859 5435 2909 5483; x_wconf 91' lang='lat' dir='ltr'><strong>p.</strong></span> <span class='ocrx_word' id='word_1_804' title='bbox 2943 5417 3065 5468; x_wconf 68' lang='lat'><strong>52!.</strong></span> 
     </span>
    </p>
   </div>
   <div class='ocr_carea' id='block_1_118' title="bbox 2482 5486 3490 5555">
    <p class='ocr_par' dir='ltr' id='par_1_118' title="bbox 2482 5486 3490 5555">
     <span class='ocr_line' id='line_1_118' title="bbox 2482 5486 3490 5555; baseline 0.007 -18"><span class='ocrx_word' id='word_1_805' title='bbox 2482 5490 2625 5551; x_wconf 79' lang='grc' dir='ltr'><strong>(ΙΟῦ)</strong></span> <span class='ocrx_word' id='word_1_806' title='bbox 2652 5487 2741 5537; x_wconf 82' lang='lat' dir='ltr'><strong>Cir</strong></span> <span class='ocrx_word' id='word_1_807' title='bbox 2769 5487 2960 5555; x_wconf 64' lang='lat' dir='ltr'><strong>Pagius</strong></span> <span class='ocrx_word' id='word_1_808' title='bbox 2987 5489 3049 5539; x_wconf 80' lang='lat' dir='ltr'><strong>ad</strong></span> <span class='ocrx_word' id='word_1_809' title='bbox 3079 5504 3166 5541; x_wconf 87' lang='lat' dir='ltr'><strong>an.</strong></span> <span class='ocrx_word' id='word_1_810' title='bbox 3204 5486 3324 5547; x_wconf 77' lang='lat'><strong>766,</strong></span> <span class='ocrx_word' id='word_1_811' title='bbox 3357 5501 3410 5539; x_wconf 92' lang='lat' dir='ltr'><strong>n.</strong></span> <span class='ocrx_word' id='word_1_812' title='bbox 3436 5492 3490 5546; x_wconf 73' lang='lat'><strong>9..</strong></span> 
     </span>
    </p>
   </div>
   <div class='ocr_carea' id='block_1_119' title="bbox 2488 5557 3704 5627">
    <p class='ocr_par' dir='ltr' id='par_1_119' title="bbox 2488 5557 3704 5627">
     <span class='ocr_line' id='line_1_119' title="bbox 2488 5557 3704 5627; baseline 0.002 -19"><span class='ocrx_word' id='word_1_813' title='bbox 2488 5557 2636 5626; x_wconf 82' lang='grc'><strong>(107)</strong></span> <span class='ocrx_word' id='word_1_814' title='bbox 2669 5560 2926 5627; x_wconf 80' lang='lat' dir='ltr'><strong>_Analecta</strong></span> <span class='ocrx_word' id='word_1_815' title='bbox 2964 5557 3081 5621; x_wconf 57' lang='lat' dir='ltr'><strong>(ita,</strong></span> <span class='ocrx_word' id='word_1_816' title='bbox 3117 5577 3164 5627; x_wconf 85' lang='lat' dir='ltr'><strong>p.</strong></span> <span class='ocrx_word' id='word_1_817' title='bbox 3205 5558 3328 5621; x_wconf 64' lang='grc'><strong>475,</strong></span> <span class='ocrx_word' id='word_1_818' title='bbox 3354 5559 3456 5614; x_wconf 70' lang='lat'><strong>499</strong></span> <span class='ocrx_word' id='word_1_819' title='bbox 3489 5572 3538 5611; x_wconf 86' lang='lat' dir='ltr'><strong>et</strong></span> <span class='ocrx_word' id='word_1_820' title='bbox 3574 5559 3704 5615; x_wconf 74' lang='lat'><strong>5|8.</strong></span> 
     </span>
    </p>
   </div>
   <div class='ocr_carea' id='block_1_120' title="bbox 2484 5622 3250 5696">
    <p class='ocr_par' dir='ltr' id='par_1_120' title="bbox 2484 5622 3250 5696">
     <span class='ocr_line' id='line_1_120' title="bbox 2484 5622 3250 5696; baseline 0.004 -18"><span class='ocrx_word' id='word_1_821' title='bbox 2484 5622 2629 5694; x_wconf 70' lang='lat' dir='ltr'><strong>(lOn)</strong></span> <span class='ocrx_word' id='word_1_822' title='bbox 2665 5622 2806 5682; x_wconf 76' lang='lat' dir='ltr'><strong>Edit.</strong></span> <span class='ocrx_word' id='word_1_823' title='bbox 2841 5629 3034 5684; x_wconf 85' lang='lat' dir='ltr'><strong>Bonn..</strong></span> <span class='ocrx_word' id='word_1_824' title='bbox 3070 5622 3128 5696; x_wconf 60' lang='grc' dir='ltr'><strong>ρ.</strong></span> <span class='ocrx_word' id='word_1_825' title='bbox 3165 5632 3250 5681; x_wconf 65' lang='lat' dir='ltr'><strong>ill.</strong></span> 
     </span>
    </p>
   </div>
   <div class='ocr_carea' id='block_1_121' title="bbox 2481 5696 3292 5761">
    <p class='ocr_par' dir='ltr' id='par_1_121' title="bbox 2481 5696 3292 5761">
     <span class='ocr_line' id='line_1_121' title="bbox 2481 5696 3292 5761; baseline 0.012 -16"><span class='ocrx_word' id='word_1_826' title='bbox 2481 5696 2622 5761; x_wconf 74' lang='grc'><strong>(109)</strong></span> <span class='ocrx_word' id='word_1_827' title='bbox 2654 5702 2773 5748; x_wconf 74' lang='lat' dir='ltr'><strong>Lut‘.</strong></span> <span class='ocrx_word' id='word_1_828' title='bbox 2809 5707 2925 5756; x_wconf 59' lang='lat'><strong>(11.,</strong></span> <span class='ocrx_word' id='word_1_829' title='bbox 2957 5698 3058 5749; x_wconf 70' lang='grc'>671</span> <span class='ocrx_word' id='word_1_830' title='bbox 3089 5711 3139 5750; x_wconf 86' lang='lat' dir='ltr'><strong>et</strong></span> <span class='ocrx_word' id='word_1_831' title='bbox 3171 5702 3292 5756; x_wconf 54' lang='grc'>681.</span> 
     </span>
    </p>
   </div>
   <div class='ocr_carea' id='block_1_122' title="bbox 2487 5766 3493 5835">
    <p class='ocr_par' dir='ltr' id='par_1_122' title="bbox 2487 5766 3493 5835">
     <span class='ocr_line' id='line_1_122' title="bbox 2487 5766 3493 5835; baseline 0.01 -16"><span class='ocrx_word' id='word_1_832' title='bbox 2487 5771 2633 5835; x_wconf 66' lang='lat' dir='ltr'><strong>(lit);</strong></span> <span class='ocrx_word' id='word_1_833' title='bbox 2672 5766 2860 5835; x_wconf 73' lang='lat' dir='ltr'><strong>Pagius</strong></span> <span class='ocrx_word' id='word_1_834' title='bbox 2887 5774 3062 5822; x_wconf 73' lang='lat' dir='ltr'><strong>oden.</strong></span> <span class='ocrx_word' id='word_1_835' title='bbox 3105 5769 3223 5832; x_wconf 75' lang='lat'><strong>765,</strong></span> <span class='ocrx_word' id='word_1_836' title='bbox 3261 5788 3406 5827; x_wconf 89' lang='lat' dir='ltr'><strong>num.</strong></span> <span class='ocrx_word' id='word_1_837' title='bbox 3451 5777 3493 5828; x_wconf 88' lang='grc'><strong>1.</strong></span> 
     </span>
    </p>
   </div>
  </div>
