  <div class='ocr_page' id='page_1' title='image "/cluster/home/n/w/nwhite01/storage/ocr_20150623/115/uva.x004215515/613.png"; bbox 0 0 4136 6474; ppageno 0'>
   <div class='ocr_carea' id='block_1_1' title="bbox 739 430 881 496">
    <p class='ocr_par' dir='ltr' id='par_1_1' title="bbox 739 430 881 496">
     <span class='ocr_line' id='line_1_1' title="bbox 739 430 881 496; baseline 0 0"><span class='ocrx_word' id='word_1_1' title='bbox 739 430 881 496; x_wconf 82' lang='grc'>1103</span> 
     </span>
    </p>
   </div>
   <div class='ocr_carea' id='block_1_2' title="bbox 2028 425 2699 487">
    <p class='ocr_par' dir='ltr' id='par_1_2' title="bbox 2028 425 2699 487">
     <span class='ocr_line' id='line_1_2' title="bbox 2028 425 2699 487; baseline -0.003 0"><span class='ocrx_word' id='word_1_2' title='bbox 2028 426 2304 487; x_wconf 73' lang='lat' dir='ltr'><strong>MENSIS</strong></span> <span class='ocrx_word' id='word_1_3' title='bbox 2335 425 2699 485; x_wconf 80' lang='lat' dir='ltr'><strong>OCTOBER.</strong></span> 
     </span>
    </p>
   </div>
   <div class='ocr_carea' id='block_1_3' title="bbox 3886 423 4013 486">
    <p class='ocr_par' dir='ltr' id='par_1_3' title="bbox 3886 423 4013 486">
     <span class='ocr_line' id='line_1_3' title="bbox 3886 423 4013 486; baseline -0.039 0"><span class='ocrx_word' id='word_1_4' title='bbox 3886 423 4013 486; x_wconf 69' lang='lat' dir='ltr'><strong>llOl</strong></span> 
     </span>
    </p>
   </div>
   <div class='ocr_carea' id='block_1_4' title="bbox 754 543 4013 620">
    <p class='ocr_par' dir='ltr' id='par_1_4' title="bbox 754 543 4013 620">
     <span class='ocr_line' id='line_1_4' title="bbox 754 543 4013 620; baseline -0.002 -18"><span class='ocrx_word' id='word_1_5' title='bbox 754 565 914 602; x_wconf 80' lang='lat' dir='ltr'><strong>mean</strong></span> <span class='ocrx_word' id='word_1_6' title='bbox 968 548 1274 620; x_wconf 74' lang='lat' dir='ltr'><strong>stylitarum</strong></span> <span class='ocrx_word' id='word_1_7' title='bbox 1332 548 1727 616; x_wconf 74' lang='lat' dir='ltr'><strong>antesignanus</strong></span> <span class='ocrx_word' id='word_1_8' title='bbox 1787 547 1982 600; x_wconf 86' lang='lat' dir='ltr'><strong>colitur</strong></span> <span class='ocrx_word' id='word_1_9' title='bbox 2041 545 2210 615; x_wconf 66' lang='grc'>(121),</span> <span class='ocrx_word' id='word_1_10' title='bbox 2281 552 2331 597; x_wconf 88' lang='lat' dir='ltr'><strong>et</strong></span> <span class='ocrx_word' id='word_1_11' title='bbox 2362 565 2404 611; x_wconf 67' lang='grc' dir='ltr'><strong>Α</strong></span> <span class='ocrx_word' id='word_1_12' title='bbox 2437 544 2594 596; x_wconf 78' lang='lat' dir='ltr'><strong>situm</strong></span> <span class='ocrx_word' id='word_1_13' title='bbox 2626 543 2813 608; x_wconf 81' lang='lat' dir='ltr'><strong>fuisse,</strong></span> <span class='ocrx_word' id='word_1_14' title='bbox 2846 553 3056 598; x_wconf 84' lang='lat' dir='ltr'><strong>constat</strong></span> <span class='ocrx_word' id='word_1_15' title='bbox 3094 560 3159 599; x_wconf 86' lang='lat' dir='ltr'><strong>ex</strong></span> <span class='ocrx_word' id='word_1_16' title='bbox 3190 544 3359 616; x_wconf 75' lang='lat' dir='ltr'><strong>Gyllio</strong></span> <span class='ocrx_word' id='word_1_17' title='bbox 3383 556 3437 599; x_wconf 88' lang='lat' dir='ltr'><strong>ct</strong></span> <span class='ocrx_word' id='word_1_18' title='bbox 3465 544 3670 614; x_wconf 80' lang='lat' dir='ltr'><strong>Cangio</strong></span> <span class='ocrx_word' id='word_1_19' title='bbox 3704 557 3850 612; x_wconf 88' lang='lat' dir='ltr'><strong>quos</strong></span> <span class='ocrx_word' id='word_1_20' title='bbox 3867 558 3922 595; x_wconf 93' lang='lat' dir='ltr'><strong>n.</strong></span> <span class='ocrx_word' id='word_1_21' title='bbox 3951 544 4013 598; x_wconf 72' lang='lat'><strong>20</strong></span> 
     </span>
    </p>
   </div>
   <div class='ocr_carea' id='block_1_5' title="bbox 750 637 2314 708">
    <p class='ocr_par' dir='ltr' id='par_1_5' title="bbox 750 637 2314 708">
     <span class='ocr_line' id='line_1_5' title="bbox 750 637 2314 708; baseline -0.001 -15"><span class='ocrx_word' id='word_1_22' title='bbox 750 641 870 695; x_wconf 87' lang='lat' dir='ltr'><strong>aliis</strong></span> <span class='ocrx_word' id='word_1_23' title='bbox 901 640 1034 695; x_wconf 89' lang='lat' dir='ltr'><strong>locis</strong></span> <span class='ocrx_word' id='word_1_24' title='bbox 1063 640 1332 708; x_wconf 84' lang='lat' dir='ltr'><strong>plurimis.</strong></span> <span class='ocrx_word' id='word_1_25' title='bbox 1365 639 1448 693; x_wconf 85' lang='lat' dir='ltr'><strong>Cl.</strong></span> <span class='ocrx_word' id='word_1_26' title='bbox 1480 639 1535 693; x_wconf 86' lang='grc' dir='ltr'>Β.</span> <span class='ocrx_word' id='word_1_27' title='bbox 1580 639 1740 702; x_wconf 86' lang='lat' dir='ltr'><strong>Hase,</strong></span> <span class='ocrx_word' id='word_1_28' title='bbox 1774 641 1853 692; x_wconf 85' lang='lat' dir='ltr'><strong>vir</strong></span> <span class='ocrx_word' id='word_1_29' title='bbox 1888 637 2085 692; x_wconf 60' lang='lat' dir='ltr'><strong>Graeca</strong></span> <span class='ocrx_word' id='word_1_30' title='bbox 2135 637 2314 691; x_wconf 87' lang='lat' dir='ltr'><strong>erudi-</strong></span> 
     </span>
    </p>
   </div>
   <div class='ocr_carea' id='block_1_6' title="bbox 739 727 2312 797">
    <p class='ocr_par' dir='ltr' id='par_1_6' title="bbox 739 727 2312 797">
     <span class='ocr_line' id='line_1_6' title="bbox 739 727 2312 797; baseline -0.003 -10"><span class='ocrx_word' id='word_1_31' title='bbox 739 734 906 787; x_wconf 91' lang='lat' dir='ltr'><strong>tionis</strong></span> <span class='ocrx_word' id='word_1_32' title='bbox 933 733 1198 794; x_wconf 63' lang='lat' dir='ltr'><strong>maxime,</strong></span> <span class='ocrx_word' id='word_1_33' title='bbox 1223 732 1276 785; x_wconf 91' lang='lat' dir='ltr'><strong>in</strong></span> <span class='ocrx_word' id='word_1_34' title='bbox 1300 734 1442 786; x_wconf 89' lang='lat' dir='ltr'><strong>notis</strong></span> <span class='ocrx_word' id='word_1_35' title='bbox 1465 735 1529 786; x_wconf 88' lang='lat' dir='ltr'><strong>ad</strong></span> <span class='ocrx_word' id='word_1_36' title='bbox 1562 731 1800 784; x_wconf 83' lang='lat' dir='ltr'><strong>Leonem</strong></span> <span class='ocrx_word' id='word_1_37' title='bbox 1828 727 2118 783; x_wconf 78' lang='lat' dir='ltr'><strong>Diaronum</strong></span> <span class='ocrx_word' id='word_1_38' title='bbox 2142 729 2312 797; x_wconf 65' lang='grc'>(122),</span> 
     </span>
    </p>
   </div>
   <div class='ocr_carea' id='block_1_7' title="bbox 738 822 2318 894">
    <p class='ocr_par' dir='ltr' id='par_1_7' title="bbox 738 822 2318 894">
     <span class='ocr_line' id='line_1_7' title="bbox 738 822 2318 894; baseline -0.003 -15"><span class='ocrx_word' id='word_1_39' title='bbox 738 825 997 879; x_wconf 87' lang='lat' dir='ltr'><strong>observat</strong></span> <span class='ocrx_word' id='word_1_40' title='bbox 1037 825 1249 894; x_wconf 71' lang='lat' dir='ltr'><strong>stylitas</strong></span> <span class='ocrx_word' id='word_1_41' title='bbox 1277 839 1448 892; x_wconf 89' lang='lat' dir='ltr'><strong>usque</strong></span> <span class='ocrx_word' id='word_1_42' title='bbox 1487 824 1552 876; x_wconf 88' lang='lat' dir='ltr'><strong>ad</strong></span> <span class='ocrx_word' id='word_1_43' title='bbox 1591 823 1841 876; x_wconf 74' lang='lat' dir='ltr'><strong>saeculum</strong></span> <span class='ocrx_word' id='word_1_44' title='bbox 1884 838 1955 875; x_wconf 77' lang='lat' dir='ltr'><strong>xu</strong></span> <span class='ocrx_word' id='word_1_45' title='bbox 1995 823 2046 874; x_wconf 93' lang='lat' dir='ltr'><strong>in</strong></span> <span class='ocrx_word' id='word_1_46' title='bbox 2097 822 2318 876; x_wconf 89' lang='lat' dir='ltr'><strong>Oriente</strong></span> 
     </span>
    </p>
   </div>
   <div class='ocr_carea' id='block_1_8' title="bbox 738 913 2319 985">
    <p class='ocr_par' dir='ltr' id='par_1_8' title="bbox 738 913 2319 985">
     <span class='ocr_line' id='line_1_8' title="bbox 738 913 2319 985; baseline -0.003 -17"><span class='ocrx_word' id='word_1_47' title='bbox 738 916 1084 985; x_wconf 87' lang='lat' dir='ltr'><strong>perdurasse,</strong></span> <span class='ocrx_word' id='word_1_48' title='bbox 1123 914 1533 982; x_wconf 78' lang='lat' dir='ltr'><strong>Papehrdchius</strong></span> <span class='ocrx_word' id='word_1_49' title='bbox 1611 927 1740 966; x_wconf 75' lang='lat' dir='ltr'><strong>vero</strong></span> <span class='ocrx_word' id='word_1_50' title='bbox 1795 913 2159 981; x_wconf 75' lang='lat' dir='ltr'><strong>deprehendit</strong></span> <span class='ocrx_word' id='word_1_51' title='bbox 2225 929 2319 965; x_wconf 71' lang='lat' dir='ltr'><strong>eo.</strong></span> 
     </span>
    </p>
   </div>
   <div class='ocr_carea' id='block_1_9' title="bbox 739 1004 2319 1074">
    <p class='ocr_par' dir='ltr' id='par_1_9' title="bbox 739 1004 2319 1074">
     <span class='ocr_line' id='line_1_9' title="bbox 739 1004 2319 1074; baseline -0.003 -14"><span class='ocrx_word' id='word_1_52' title='bbox 739 1009 983 1061; x_wconf 89' lang='lat' dir='ltr'><strong>rumdem</strong></span> <span class='ocrx_word' id='word_1_53' title='bbox 1046 1009 1355 1060; x_wconf 87' lang='lat' dir='ltr'><strong>institutum</strong></span> <span class='ocrx_word' id='word_1_54' title='bbox 1418 1007 1558 1074; x_wconf 86' lang='lat' dir='ltr'><strong>apud</strong></span> <span class='ocrx_word' id='word_1_55' title='bbox 1610 1006 1895 1060; x_wconf 78' lang='lat' dir='ltr'><strong>Ruthenos</strong></span> <span class='ocrx_word' id='word_1_56' title='bbox 1952 1005 2187 1074; x_wconf 71' lang='lat' dir='ltr'><strong>viguisse</strong></span> <span class='ocrx_word' id='word_1_57' title='bbox 2254 1004 2319 1055; x_wconf 89' lang='lat' dir='ltr'><strong>ad</strong></span> 
     </span>
    </p>
   </div>
   <div class='ocr_carea' id='block_1_10' title="bbox 739 1099 1520 1168">
    <p class='ocr_par' dir='ltr' id='par_1_10' title="bbox 739 1099 1520 1168">
     <span class='ocr_line' id='line_1_10' title="bbox 739 1099 1520 1168; baseline -0.004 -14"><span class='ocrx_word' id='word_1_58' title='bbox 739 1115 833 1154; x_wconf 83' lang='lat' dir='ltr'><strong>sua</strong></span> <span class='ocrx_word' id='word_1_59' title='bbox 871 1114 1040 1168; x_wconf 88' lang='lat' dir='ltr'><strong>usque</strong></span> <span class='ocrx_word' id='word_1_60' title='bbox 1070 1109 1312 1167; x_wconf 90' lang='lat' dir='ltr'><strong>tempora</strong></span> <span class='ocrx_word' id='word_1_61' title='bbox 1346 1099 1520 1168; x_wconf 72' lang='grc'>(125).</span> 
     </span>
    </p>
   </div>
   <div class='ocr_carea' id='block_1_11' title="bbox 810 1187 2320 1257">
    <p class='ocr_par' dir='ltr' id='par_1_11' title="bbox 810 1187 2320 1257">
     <span class='ocr_line' id='line_1_11' title="bbox 810 1187 2320 1257; baseline -0.003 -14"><span class='ocrx_word' id='word_1_62' title='bbox 810 1189 900 1244; x_wconf 75' lang='grc'><strong>29.</strong></span> <span class='ocrx_word' id='word_1_63' title='bbox 959 1190 1146 1250; x_wconf 88' lang='lat' dir='ltr'><strong>Porro,</strong></span> <span class='ocrx_word' id='word_1_64' title='bbox 1195 1189 1238 1242; x_wconf 88' lang='lat' dir='ltr'><strong>si</strong></span> <span class='ocrx_word' id='word_1_65' title='bbox 1319 1189 1604 1257; x_wconf 70' lang='lat' dir='ltr'><strong>styhticam</strong></span> <span class='ocrx_word' id='word_1_66' title='bbox 1677 1189 1838 1240; x_wconf 88' lang='lat' dir='ltr'><strong>vitam</strong></span> <span class='ocrx_word' id='word_1_67' title='bbox 1913 1187 1968 1239; x_wconf 97' lang='grc'><strong>5.</strong></span> <span class='ocrx_word' id='word_1_68' title='bbox 2050 1187 2320 1241; x_wconf 73' lang='lat' dir='ltr'><strong>Andream</strong></span> 
     </span>
    </p>
   </div>
   <div class='ocr_carea' id='block_1_12' title="bbox 739 1280 2318 1351">
    <p class='ocr_par' dir='ltr' id='par_1_12' title="bbox 739 1280 2318 1351">
     <span class='ocr_line' id='line_1_12' title="bbox 739 1280 2318 1351; baseline -0.001 -17"><span class='ocrx_word' id='word_1_69' title='bbox 739 1282 1044 1351; x_wconf 80' lang='lat' dir='ltr'><strong>amplexum</strong></span> <span class='ocrx_word' id='word_1_70' title='bbox 1073 1296 1192 1334; x_wconf 92' lang='lat' dir='ltr'><strong>esse</strong></span> <span class='ocrx_word' id='word_1_71' title='bbox 1226 1281 1406 1334; x_wconf 90' lang='lat' dir='ltr'><strong>minus</strong></span> <span class='ocrx_word' id='word_1_72' title='bbox 1440 1280 1666 1334; x_wconf 78' lang='lat' dir='ltr'><strong>evidens</strong></span> <span class='ocrx_word' id='word_1_73' title='bbox 1714 1290 1817 1344; x_wconf 87' lang='lat' dir='ltr'><strong>cst,</strong></span> <span class='ocrx_word' id='word_1_74' title='bbox 1866 1292 2012 1335; x_wconf 87' lang='lat' dir='ltr'><strong>certe</strong></span> <span class='ocrx_word' id='word_1_75' title='bbox 2044 1282 2167 1333; x_wconf 80' lang='lat' dir='ltr'><strong>eum</strong></span> <span class='ocrx_word' id='word_1_76' title='bbox 2204 1297 2318 1333; x_wconf 84' lang='lat' dir='ltr'><strong>mo-</strong></span> 
     </span>
    </p>
   </div>
   <div class='ocr_carea' id='block_1_13' title="bbox 740 1372 2319 1432">
    <p class='ocr_par' dir='ltr' id='par_1_13' title="bbox 740 1372 2319 1432">
     <span class='ocr_line' id='line_1_13' title="bbox 740 1372 2319 1432; baseline 0 -8"><span class='ocrx_word' id='word_1_77' title='bbox 740 1375 973 1426; x_wconf 89' lang='lat' dir='ltr'><strong>nachum</strong></span> <span class='ocrx_word' id='word_1_78' title='bbox 1007 1372 1086 1425; x_wconf 91' lang='lat' dir='ltr'><strong>vel</strong></span> <span class='ocrx_word' id='word_1_79' title='bbox 1137 1373 1523 1424; x_wconf 81' lang='lat' dir='ltr'><strong>anachoretam</strong></span> <span class='ocrx_word' id='word_1_80' title='bbox 1581 1372 1766 1432; x_wconf 87' lang='lat' dir='ltr'><strong>luisse.</strong></span> <span class='ocrx_word' id='word_1_81' title='bbox 1816 1389 1977 1426; x_wconf 89' lang='lat' dir='ltr'><strong>nemo</strong></span> <span class='ocrx_word' id='word_1_82' title='bbox 2025 1373 2319 1425; x_wconf 85' lang='lat' dir='ltr'><strong>dubitabit.</strong></span> 
     </span>
    </p>
   </div>
   <div class='ocr_carea' id='block_1_14' title="bbox 739 1459 2323 1524">
    <p class='ocr_par' dir='ltr' id='par_1_14' title="bbox 739 1459 2323 1524">
     <span class='ocr_line' id='line_1_14' title="bbox 739 1459 2323 1524; baseline -0.001 -9"><span class='ocrx_word' id='word_1_83' title='bbox 739 1461 1030 1516; x_wconf 86' lang='lat' dir='ltr'><strong>Pertnultis</strong></span> <span class='ocrx_word' id='word_1_84' title='bbox 1069 1459 1122 1514; x_wconf 90' lang='lat' dir='ltr'><strong>id</strong></span> <span class='ocrx_word' id='word_1_85' title='bbox 1167 1459 1496 1514; x_wconf 73' lang='lat' dir='ltr'><strong>testimoniis</strong></span> <span class='ocrx_word' id='word_1_86' title='bbox 1521 1460 1824 1520; x_wconf 82' lang='lat' dir='ltr'><strong>adstruere.</strong></span> <span class='ocrx_word' id='word_1_87' title='bbox 1881 1461 2059 1524; x_wconf 79' lang='lat' dir='ltr'><strong>facile,</strong></span> <span class='ocrx_word' id='word_1_88' title='bbox 2109 1463 2201 1514; x_wconf 88' lang='lat' dir='ltr'><strong>sed</strong></span> <span class='ocrx_word' id='word_1_89' title='bbox 2235 1477 2323 1514; x_wconf 86' lang='lat' dir='ltr'><strong>su-</strong></span> 
     </span>
    </p>
   </div>
   <div class='ocr_carea' id='block_1_15' title="bbox 741 1552 2320 1625">
    <p class='ocr_par' dir='ltr' id='par_1_15' title="bbox 741 1552 2320 1625">
     <span class='ocr_line' id='line_1_15' title="bbox 741 1552 2320 1625; baseline -0.001 -15"><span class='ocrx_word' id='word_1_90' title='bbox 741 1569 1134 1625; x_wconf 84' lang='lat' dir='ltr'><strong>pervacaneum</strong></span> <span class='ocrx_word' id='word_1_91' title='bbox 1180 1552 1354 1607; x_wconf 83' lang='lat' dir='ltr'><strong>l‘oret:</strong></span> <span class='ocrx_word' id='word_1_92' title='bbox 1383 1569 1482 1607; x_wconf 91' lang='lat' dir='ltr'><strong>nec</strong></span> <span class='ocrx_word' id='word_1_93' title='bbox 1529 1555 1677 1607; x_wconf 82' lang='lat' dir='ltr'><strong>aliud</strong></span> <span class='ocrx_word' id='word_1_94' title='bbox 1725 1555 1812 1607; x_wconf 89' lang='lat' dir='ltr'><strong>hic</strong></span> <span class='ocrx_word' id='word_1_95' title='bbox 1847 1554 2125 1608; x_wconf 76' lang='lat' dir='ltr'><strong>allerimus</strong></span> <span class='ocrx_word' id='word_1_96' title='bbox 2162 1571 2320 1623; x_wconf 85' lang='lat' dir='ltr'><strong>quant</strong></span> 
     </span>
    </p>
   </div>
   <div class='ocr_carea' id='block_1_16' title="bbox 740 1646 2322 1714">
    <p class='ocr_par' dir='ltr' id='par_1_16' title="bbox 740 1646 2322 1714">
     <span class='ocr_line' id='line_1_16' title="bbox 740 1646 2322 1714; baseline -0.001 -14"><span class='ocrx_word' id='word_1_97' title='bbox 740 1662 1001 1700; x_wconf 87' lang='lat' dir='ltr'><strong>canonem</strong></span> <span class='ocrx_word' id='word_1_98' title='bbox 1034 1646 1142 1714; x_wconf 84' lang='lat' dir='ltr'><strong>jam</strong></span> <span class='ocrx_word' id='word_1_99' title='bbox 1191 1646 1489 1708; x_wconf 84' lang='lat' dir='ltr'><strong>laudatum,</strong></span> <span class='ocrx_word' id='word_1_100' title='bbox 1537 1655 1665 1698; x_wconf 86' lang='lat' dir='ltr'><strong>ante</strong></span> <span class='ocrx_word' id='word_1_101' title='bbox 1704 1646 1941 1699; x_wconf 88' lang='lat' dir='ltr'><strong>medium</strong></span> <span class='ocrx_word' id='word_1_102' title='bbox 1976 1647 2236 1699; x_wconf 64' lang='lat' dir='ltr'><strong>saeculum</strong></span> <span class='ocrx_word' id='word_1_103' title='bbox 2273 1663 2322 1699; x_wconf 78' lang='lat' dir='ltr'><strong>ix</strong></span> 
     </span>
    </p>
   </div>
   <div class='ocr_carea' id='block_1_17' title="bbox 739 1737 2326 1807">
    <p class='ocr_par' dir='ltr' id='par_1_17' title="bbox 739 1737 2326 1807">
     <span class='ocr_line' id='line_1_17' title="bbox 739 1737 2326 1807; baseline -0.001 -15"><span class='ocrx_word' id='word_1_104' title='bbox 739 1755 768 1792; x_wconf 72' lang='grc' dir='ltr'>ει</span> <span class='ocrx_word' id='word_1_105' title='bbox 825 1737 884 1791; x_wconf 89' lang='lat' dir='ltr'><strong>S.</strong></span> <span class='ocrx_word' id='word_1_106' title='bbox 934 1737 1172 1806; x_wconf 82' lang='lat' dir='ltr'><strong>Josepho</strong></span> <span class='ocrx_word' id='word_1_107' title='bbox 1212 1738 1578 1806; x_wconf 74' lang='lat' dir='ltr'><strong>conscriptum</strong></span> <span class='ocrx_word' id='word_1_108' title='bbox 1618 1737 1788 1805; x_wconf 73' lang='lat' dir='ltr'><strong>(l2l).</strong></span> <span class='ocrx_word' id='word_1_109' title='bbox 1843 1737 1914 1790; x_wconf 90' lang='lat' dir='ltr'><strong>lbi</strong></span> <span class='ocrx_word' id='word_1_110' title='bbox 1983 1738 2167 1807; x_wconf 79' lang='lat' dir='ltr'><strong>igitur,</strong></span> <span class='ocrx_word' id='word_1_111' title='bbox 2224 1739 2326 1790; x_wconf 80' lang='lat' dir='ltr'><strong>ode</strong></span> 
     </span>
    </p>
   </div>
   <div class='ocr_carea' id='block_1_18' title="bbox 740 1828 2323 1900">
    <p class='ocr_par' dir='ltr' id='par_1_18' title="bbox 740 1828 2323 1900">
     <span class='ocr_line' id='line_1_18' title="bbox 740 1828 2323 1900; baseline -0.001 -18"><span class='ocrx_word' id='word_1_112' title='bbox 740 1831 933 1900; x_wconf 88' lang='lat' dir='ltr'><strong>prima,</strong></span> <span class='ocrx_word' id='word_1_113' title='bbox 958 1830 1193 1898; x_wconf 81' lang='lat' dir='ltr'><strong>trepario</strong></span> <span class='ocrx_word' id='word_1_114' title='bbox 1226 1828 1404 1893; x_wconf 75' lang='lat' dir='ltr'><strong>tertio,</strong></span> <span class='ocrx_word' id='word_1_115' title='bbox 1469 1828 1727 1881; x_wconf 88' lang='lat' dir='ltr'><strong>Sanctum</strong></span> <span class='ocrx_word' id='word_1_116' title='bbox 1759 1847 1785 1879; x_wconf 89' lang='lat' dir='ltr'><strong>a</strong></span> <span class='ocrx_word' id='word_1_117' title='bbox 1811 1829 2094 1896; x_wconf 72' lang='lat' dir='ltr'><strong>iuventute</strong></span> <span class='ocrx_word' id='word_1_118' title='bbox 2110 1839 2323 1896; x_wconf 82' lang='lat' dir='ltr'><strong>captum</strong></span> 
     </span>
    </p>
   </div>
   <div class='ocr_carea' id='block_1_19' title="bbox 2418 637 4014 707">
    <p class='ocr_par' dir='ltr' id='par_1_19' title="bbox 2418 637 4014 707">
     <span class='ocr_line' id='line_1_19' title="bbox 2418 637 4014 707; baseline 0.001 -17"><span class='ocrx_word' id='word_1_119' title='bbox 2418 639 2766 698; x_wconf 73' lang='lat' dir='ltr'><strong>adduximus.</strong></span> <span class='ocrx_word' id='word_1_120' title='bbox 2800 649 2853 692; x_wconf 83' lang='lat' dir='ltr'><strong>ct</strong></span> <span class='ocrx_word' id='word_1_121' title='bbox 2886 654 3009 692; x_wconf 80' lang='lat' dir='ltr'><strong>cum</strong></span> <span class='ocrx_word' id='word_1_122' title='bbox 3047 640 3255 707; x_wconf 73' lang='lat' dir='ltr'><strong>(Ipolim</strong></span> <span class='ocrx_word' id='word_1_123' title='bbox 3290 655 3354 693; x_wconf 77' lang='lat' dir='ltr'><strong>ex</strong></span> <span class='ocrx_word' id='word_1_124' title='bbox 3395 649 3549 706; x_wconf 87' lang='lat' dir='ltr'><strong>portu</strong></span> <span class='ocrx_word' id='word_1_125' title='bbox 3584 637 4014 692; x_wconf 66' lang='lat' dir='ltr'><strong>advenientibus</strong></span> 
     </span>
    </p>
   </div>
   <div class='ocr_carea' id='block_1_20' title="bbox 2419 730 4014 799">
    <p class='ocr_par' dir='ltr' id='par_1_20' title="bbox 2419 730 4014 799">
     <span class='ocr_line' id='line_1_20' title="bbox 2419 730 4014 799; baseline -0.001 -16"><span class='ocrx_word' id='word_1_126' title='bbox 2419 731 2554 783; x_wconf 82' lang='lat' dir='ltr'><strong>ultra</strong></span> <span class='ocrx_word' id='word_1_127' title='bbox 2581 731 2767 783; x_wconf 82' lang='lat' dir='ltr'><strong>urbem</strong></span> <span class='ocrx_word' id='word_1_128' title='bbox 2799 741 2964 792; x_wconf 88' lang='lat' dir='ltr'><strong>esset,</strong></span> <span class='ocrx_word' id='word_1_129' title='bbox 2994 730 3114 785; x_wconf 88' lang='lat' dir='ltr'><strong>ideo</strong></span> <span class='ocrx_word' id='word_1_130' title='bbox 3146 733 3198 786; x_wconf 87' lang='lat' dir='ltr'><strong>iii</strong></span> <span class='ocrx_word' id='word_1_131' title='bbox 3227 733 3374 785; x_wconf 81' lang='lat' dir='ltr'><strong>Actis</strong></span> <span class='ocrx_word' id='word_1_132' title='bbox 3403 731 3676 799; x_wconf 82' lang='lat' dir='ltr'><strong>prioribus</strong></span> <span class='ocrx_word' id='word_1_133' title='bbox 3712 731 3765 782; x_wconf 94' lang='lat' dir='ltr'><strong>in</strong></span> <span class='ocrx_word' id='word_1_134' title='bbox 3790 745 4014 798; x_wconf 57' lang='lat' dir='ltr'><strong>synaxa-</strong></span> 
     </span>
    </p>
   </div>
   <div class='ocr_carea' id='block_1_21' title="bbox 2423 821 4014 895">
    <p class='ocr_par' dir='ltr' id='par_1_21' title="bbox 2423 821 4014 895">
     <span class='ocr_line' id='line_1_21' title="bbox 2423 821 4014 895; baseline -0.002 -19"><span class='ocrx_word' id='word_1_135' title='bbox 2423 826 2504 876; x_wconf 91' lang='lat' dir='ltr'><strong>rio</strong></span> <span class='ocrx_word' id='word_1_136' title='bbox 2538 822 2950 884; x_wconf 81' lang='lat' dir='ltr'><strong>Mediolaueusi,</strong></span> <span class='ocrx_word' id='word_1_137' title='bbox 2997 829 3136 892; x_wconf 89' lang='lat' dir='ltr'><strong>quod</strong></span> <span class='ocrx_word' id='word_1_138' title='bbox 3181 825 3206 895; x_wconf 85' lang='lat'><strong>§</strong></span> <span class='ocrx_word' id='word_1_139' title='bbox 3241 842 3252 877; x_wconf 88' lang='lat' dir='ltr'><strong>t</strong></span> <span class='ocrx_word' id='word_1_140' title='bbox 3286 842 3544 878; x_wconf 78' lang='lat' dir='ltr'><strong>excusttut</strong></span> <span class='ocrx_word' id='word_1_141' title='bbox 3579 835 3688 883; x_wconf 86' lang='lat' dir='ltr'><strong>est,</strong></span> <span class='ocrx_word' id='word_1_142' title='bbox 3725 836 3782 876; x_wconf 92' lang='lat' dir='ltr'><strong>et</strong></span> <span class='ocrx_word' id='word_1_143' title='bbox 3817 825 3870 873; x_wconf 91' lang='lat' dir='ltr'><strong>in</strong></span> <span class='ocrx_word' id='word_1_144' title='bbox 3901 821 4014 874; x_wconf 86' lang='lat' dir='ltr'><strong>Sir-</strong></span> 
     </span>
    </p>
   </div>
   <div class='ocr_carea' id='block_1_22' title="bbox 2426 915 4011 983">
    <p class='ocr_par' dir='ltr' id='par_1_22' title="bbox 2426 915 4011 983">
     <span class='ocr_line' id='line_1_22' title="bbox 2426 915 4011 983; baseline 0 -17"><span class='ocrx_word' id='word_1_145' title='bbox 2426 915 2720 966; x_wconf 91' lang='lat' dir='ltr'><strong>mondiano</strong></span> <span class='ocrx_word' id='word_1_146' title='bbox 2744 930 2871 977; x_wconf 89' lang='lat' dir='ltr'><strong>ms.,</strong></span> <span class='ocrx_word' id='word_1_147' title='bbox 2900 916 3156 981; x_wconf 83' lang='lat' dir='ltr'><strong>palatium</strong></span> <span class='ocrx_word' id='word_1_148' title='bbox 3184 919 3291 970; x_wconf 80' lang='lat' dir='ltr'><strong>divi</strong></span> <span class='ocrx_word' id='word_1_149' title='bbox 3321 917 3602 969; x_wconf 84' lang='lat' dir='ltr'><strong>Mamantis</strong></span> <span class='ocrx_word' id='word_1_150' title='bbox 3634 917 3816 983; x_wconf 74' lang='grc' dir='ltr'><strong>πέραν</strong></span> <span class='ocrx_word' id='word_1_151' title='bbox 3853 916 4011 968; x_wconf 89' lang='lat' dir='ltr'><strong>situm</strong></span> 
     </span>
    </p>
   </div>
   <div class='ocr_carea' id='block_1_23' title="bbox 2421 1003 4009 1075">
    <p class='ocr_par' dir='ltr' id='par_1_23' title="bbox 2421 1003 4009 1075">
     <span class='ocr_line' id='line_1_23' title="bbox 2421 1003 4009 1075; baseline 0.001 -21"><span class='ocrx_word' id='word_1_152' title='bbox 2421 1003 2721 1061; x_wconf 81' lang='lat' dir='ltr'><strong>dicitur.‘id</strong></span> <span class='ocrx_word' id='word_1_153' title='bbox 2747 1015 2848 1063; x_wconf 81' lang='lat' dir='ltr'><strong>cst.</strong></span> <span class='ocrx_word' id='word_1_154' title='bbox 2873 1004 3008 1056; x_wconf 83' lang='lat' dir='ltr'><strong>ultra</strong></span> <span class='ocrx_word' id='word_1_155' title='bbox 3044 1008 3249 1059; x_wconf 84' lang='lat' dir='ltr'><strong>urbem.</strong></span> <span class='ocrx_word' id='word_1_156' title='bbox 3282 1005 3421 1060; x_wconf 89' lang='lat' dir='ltr'><strong>ldcrn</strong></span> <span class='ocrx_word' id='word_1_157' title='bbox 3455 1008 3718 1075; x_wconf 77' lang='lat' dir='ltr'><strong>palatium</strong></span> <span class='ocrx_word' id='word_1_158' title='bbox 3755 1003 4009 1072; x_wconf 74' lang='lat' dir='ltr'><strong>Symeoni</strong></span> 
     </span>
    </p>
   </div>
   <div class='ocr_carea' id='block_1_24' title="bbox 2423 1093 4010 1164">
    <p class='ocr_par' dir='ltr' id='par_1_24' title="bbox 2423 1093 4010 1164">
     <span class='ocr_line' id='line_1_24' title="bbox 2423 1093 4010 1164; baseline 0.001 -20"><span class='ocrx_word' id='word_1_159' title='bbox 2423 1093 2800 1160; x_wconf 72' lang='lat' dir='ltr'><strong>Metaphrastze</strong></span> <span class='ocrx_word' id='word_1_160' title='bbox 2827 1097 2914 1162; x_wconf 85' lang='lat' dir='ltr'><strong>qui</strong></span> <span class='ocrx_word' id='word_1_161' title='bbox 2938 1093 3084 1161; x_wconf 79' lang='lat' dir='ltr'><strong>Cpoli</strong></span> <span class='ocrx_word' id='word_1_162' title='bbox 3111 1097 3362 1164; x_wconf 75' lang='lat' dir='ltr'><strong>degebat,</strong></span> <span class='ocrx_word' id='word_1_163' title='bbox 3383 1101 3433 1149; x_wconf 89' lang='lat' dir='ltr'><strong>in</strong></span> <span class='ocrx_word' id='word_1_164' title='bbox 3465 1101 3610 1148; x_wconf 82' lang='lat' dir='ltr'><strong>Actis</strong></span> <span class='ocrx_word' id='word_1_165' title='bbox 3648 1112 3804 1148; x_wconf 88' lang='lat' dir='ltr'><strong>num.</strong></span> <span class='ocrx_word' id='word_1_166' title='bbox 3830 1096 3884 1149; x_wconf 87' lang='lat'><strong>6.</strong></span> <span class='ocrx_word' id='word_1_167' title='bbox 3912 1111 4010 1146; x_wconf 88' lang='lat' dir='ltr'><strong>non</strong></span> 
     </span>
    </p>
   </div>
   <div class='ocr_carea' id='block_1_25' title="bbox 2423 1188 4010 1254">
    <p class='ocr_par' dir='ltr' id='par_1_25' title="bbox 2423 1188 4010 1254">
     <span class='ocr_line' id='line_1_25' title="bbox 2423 1188 4010 1254; baseline -0.002 -14"><span class='ocrx_word' id='word_1_168' title='bbox 2423 1189 2585 1247; x_wconf 87' lang='lat' dir='ltr'><strong>ultra,</strong></span> <span class='ocrx_word' id='word_1_169' title='bbox 2620 1188 2710 1240; x_wconf 84' lang='lat' dir='ltr'><strong>sed</strong></span> <span class='ocrx_word' id='word_1_170' title='bbox 2742 1197 2866 1240; x_wconf 80' lang='lat' dir='ltr'><strong>ante</strong></span> <span class='ocrx_word' id='word_1_171' title='bbox 2912 1189 3099 1240; x_wconf 82' lang='lat' dir='ltr'><strong>Urbem</strong></span> <span class='ocrx_word' id='word_1_172' title='bbox 3155 1189 3384 1252; x_wconf 87' lang='lat' dir='ltr'><strong>dicitur;</strong></span> <span class='ocrx_word' id='word_1_173' title='bbox 3424 1191 3644 1240; x_wconf 85' lang='lat' dir='ltr'><strong>demum</strong></span> <span class='ocrx_word' id='word_1_174' title='bbox 3687 1188 3929 1254; x_wconf 78' lang='lat' dir='ltr'><strong>Cangins</strong></span> <span class='ocrx_word' id='word_1_175' title='bbox 3966 1189 4010 1237; x_wconf 89' lang='lat' dir='ltr'><strong>in</strong></span> 
     </span>
    </p>
   </div>
   <div class='ocr_carea' id='block_1_26' title="bbox 2422 1275 4010 1344">
    <p class='ocr_par' dir='ltr' id='par_1_26' title="bbox 2422 1275 4010 1344">
     <span class='ocr_line' id='line_1_26' title="bbox 2422 1275 4010 1344; baseline -0.001 -16"><span class='ocrx_word' id='word_1_176' title='bbox 2422 1277 2696 1329; x_wconf 84' lang='lat' dir='ltr'><strong>Chronico</strong></span> <span class='ocrx_word' id='word_1_177' title='bbox 2734 1275 2931 1328; x_wconf 75' lang='lat' dir='ltr'><strong>l’ascali</strong></span> <span class='ocrx_word' id='word_1_178' title='bbox 2963 1279 3111 1344; x_wconf 72' lang='lat' dir='ltr'><strong>(l‘29)</strong></span> <span class='ocrx_word' id='word_1_179' title='bbox 3142 1283 3312 1344; x_wconf 69' lang='grc' dir='ltr'><strong>πέραν</strong></span> <span class='ocrx_word' id='word_1_180' title='bbox 3335 1280 3489 1331; x_wconf 77' lang='lat' dir='ltr'><strong>vertit</strong></span> <span class='ocrx_word' id='word_1_181' title='bbox 3517 1295 3530 1330; x_wconf 88' lang='lat'><strong>:</strong></span> <span class='ocrx_word' id='word_1_182' title='bbox 3568 1293 3760 1330; x_wconf 86' lang='lat' dir='ltr'><strong>versus</strong></span> <span class='ocrx_word' id='word_1_183' title='bbox 3793 1279 4010 1337; x_wconf 80' lang='lat' dir='ltr'><strong>fretum,</strong></span> 
     </span>
    </p>
   </div>
   <div class='ocr_carea' id='block_1_27' title="bbox 2423 1371 4010 1439">
    <p class='ocr_par' dir='ltr' id='par_1_27' title="bbox 2423 1371 4010 1439">
     <span class='ocr_line' id='line_1_27' title="bbox 2423 1371 4010 1439; baseline -0.001 -17"><span class='ocrx_word' id='word_1_184' title='bbox 2423 1371 2688 1437; x_wconf 80' lang='lat' dir='ltr'><strong>siquidem</strong></span> <span class='ocrx_word' id='word_1_185' title='bbox 2720 1371 2862 1422; x_wconf 81' lang='lat' dir='ltr'><strong>aedes</strong></span> <span class='ocrx_word' id='word_1_186' title='bbox 2890 1372 2945 1422; x_wconf 87' lang='grc'><strong>5.</strong></span> <span class='ocrx_word' id='word_1_187' title='bbox 2979 1372 3267 1423; x_wconf 80' lang='lat' dir='ltr'><strong>Mamantis</strong></span> <span class='ocrx_word' id='word_1_188' title='bbox 3291 1373 3354 1424; x_wconf 88' lang='lat' dir='ltr'><strong>de</strong></span> <span class='ocrx_word' id='word_1_189' title='bbox 3386 1388 3492 1439; x_wconf 91' lang='lat' dir='ltr'><strong>quo</strong></span> <span class='ocrx_word' id='word_1_190' title='bbox 3529 1372 3628 1424; x_wconf 89' lang='lat' dir='ltr'><strong>hoc</strong></span> <span class='ocrx_word' id='word_1_191' title='bbox 3656 1373 3782 1424; x_wconf 91' lang='lat' dir='ltr'><strong>loco</strong></span> <span class='ocrx_word' id='word_1_192' title='bbox 3814 1384 4010 1430; x_wconf 84' lang='lat' dir='ltr'><strong>sermo.</strong></span> 
     </span>
    </p>
   </div>
   <div class='ocr_carea' id='block_1_28' title="bbox 2427 1460 3688 1531">
    <p class='ocr_par' dir='ltr' id='par_1_28' title="bbox 2427 1460 3688 1531">
     <span class='ocr_line' id='line_1_28' title="bbox 2427 1460 3688 1531; baseline 0.001 -16"><span class='ocrx_word' id='word_1_193' title='bbox 2427 1463 2565 1515; x_wconf 78' lang='lat' dir='ltr'><strong>freto</strong></span> <span class='ocrx_word' id='word_1_194' title='bbox 2594 1460 2821 1531; x_wconf 71' lang='lat' dir='ltr'><strong>Sycazno</strong></span> <span class='ocrx_word' id='word_1_195' title='bbox 2854 1479 2947 1515; x_wconf 89' lang='lat' dir='ltr'><strong>seu</strong></span> <span class='ocrx_word' id='word_1_196' title='bbox 2982 1463 3240 1516; x_wconf 84' lang='lat' dir='ltr'><strong>Ceratiuo</strong></span> <span class='ocrx_word' id='word_1_197' title='bbox 3272 1468 3511 1531; x_wconf 73' lang='lat' dir='ltr'><strong>proxima</strong></span> <span class='ocrx_word' id='word_1_198' title='bbox 3549 1474 3688 1517; x_wconf 82' lang='lat' dir='ltr'><strong>erat.</strong></span> 
     </span>
    </p>
   </div>
   <div class='ocr_carea' id='block_1_29' title="bbox 2497 1552 4009 1622">
    <p class='ocr_par' dir='ltr' id='par_1_29' title="bbox 2497 1552 4009 1622">
     <span class='ocr_line' id='line_1_29' title="bbox 2497 1552 4009 1622; baseline -0.003 -14"><span class='ocrx_word' id='word_1_199' title='bbox 2497 1552 2585 1608; x_wconf 78' lang='lat'><strong>51.</strong></span> <span class='ocrx_word' id='word_1_200' title='bbox 2643 1555 2699 1608; x_wconf 86' lang='grc'><strong>5.</strong></span> <span class='ocrx_word' id='word_1_201' title='bbox 2733 1555 2997 1617; x_wconf 82' lang='lat' dir='ltr'><strong>Andreas,</strong></span> <span class='ocrx_word' id='word_1_202' title='bbox 3027 1570 3147 1607; x_wconf 89' lang='lat' dir='ltr'><strong>cum</strong></span> <span class='ocrx_word' id='word_1_203' title='bbox 3180 1554 3521 1622; x_wconf 78' lang='lat' dir='ltr'><strong>Copronytno</strong></span> <span class='ocrx_word' id='word_1_204' title='bbox 3547 1556 3793 1611; x_wconf 76' lang='lat' dir='ltr'><strong>iurarem</strong></span> <span class='ocrx_word' id='word_1_205' title='bbox 3860 1567 4009 1605; x_wconf 81' lang='lat' dir='ltr'><strong>suum</strong></span> 
     </span>
    </p>
   </div>
   <div class='ocr_carea' id='block_1_30' title="bbox 2428 1641 4014 1711">
    <p class='ocr_par' dir='ltr' id='par_1_30' title="bbox 2428 1641 4014 1711">
     <span class='ocr_line' id='line_1_30' title="bbox 2428 1641 4014 1711; baseline 0 -17"><span class='ocrx_word' id='word_1_206' title='bbox 2428 1641 2480 1694; x_wconf 86' lang='lat' dir='ltr'><strong>in</strong></span> <span class='ocrx_word' id='word_1_207' title='bbox 2552 1641 2815 1711; x_wconf 77' lang='lat' dir='ltr'><strong>imagines</strong></span> <span class='ocrx_word' id='word_1_208' title='bbox 2896 1653 3076 1694; x_wconf 85' lang='lat' dir='ltr'><strong>sacras</strong></span> <span class='ocrx_word' id='word_1_209' title='bbox 3153 1657 3448 1708; x_wconf 84' lang='lat' dir='ltr'><strong>earumque</strong></span> <span class='ocrx_word' id='word_1_210' title='bbox 3513 1644 3759 1693; x_wconf 80' lang='lat' dir='ltr'><strong>cultores</strong></span> <span class='ocrx_word' id='word_1_211' title='bbox 3821 1657 4014 1706; x_wconf 67' lang='lat' dir='ltr'><strong>expro-</strong></span> 
     </span>
    </p>
   </div>
   <div class='ocr_carea' id='block_1_31' title="bbox 2427 1731 4015 1800">
    <p class='ocr_par' dir='ltr' id='par_1_31' title="bbox 2427 1731 4015 1800">
     <span class='ocr_line' id='line_1_31' title="bbox 2427 1731 4015 1800; baseline -0.001 -16"><span class='ocrx_word' id='word_1_212' title='bbox 2427 1733 2656 1795; x_wconf 86' lang='lat' dir='ltr'><strong>brasset,</strong></span> <span class='ocrx_word' id='word_1_213' title='bbox 2699 1733 2841 1785; x_wconf 83' lang='lat' dir='ltr'><strong>varia</strong></span> <span class='ocrx_word' id='word_1_214' title='bbox 2891 1746 3206 1800; x_wconf 80' lang='lat' dir='ltr'><strong>perpeSsus,</strong></span> <span class='ocrx_word' id='word_1_215' title='bbox 3242 1742 3296 1783; x_wconf 91' lang='lat' dir='ltr'><strong>ut</strong></span> <span class='ocrx_word' id='word_1_216' title='bbox 3336 1736 3387 1784; x_wconf 90' lang='lat' dir='ltr'><strong>in</strong></span> <span class='ocrx_word' id='word_1_217' title='bbox 3433 1731 3581 1785; x_wconf 86' lang='lat' dir='ltr'><strong>Actis</strong></span> <span class='ocrx_word' id='word_1_218' title='bbox 3638 1731 3903 1792; x_wconf 77' lang='lat' dir='ltr'><strong>refertur,</strong></span> <span class='ocrx_word' id='word_1_219' title='bbox 3931 1733 4015 1783; x_wconf 87' lang='lat' dir='ltr'><strong>de-</strong></span> 
     </span>
    </p>
   </div>
   <div class='ocr_carea' id='block_1_32' title="bbox 2432 1823 4012 1892">
    <p class='ocr_par' dir='ltr' id='par_1_32' title="bbox 2432 1823 4012 1892">
     <span class='ocr_line' id='line_1_32' title="bbox 2432 1823 4012 1892; baseline 0.001 -18"><span class='ocrx_word' id='word_1_220' title='bbox 2432 1839 2574 1876; x_wconf 90' lang='lat' dir='ltr'><strong>mum</strong></span> <span class='ocrx_word' id='word_1_221' title='bbox 2614 1825 2665 1876; x_wconf 91' lang='lat' dir='ltr'><strong>in</strong></span> <span class='ocrx_word' id='word_1_222' title='bbox 2693 1837 2899 1877; x_wconf 90' lang='lat' dir='ltr'><strong>arctum</strong></span> <span class='ocrx_word' id='word_1_223' title='bbox 2938 1823 3252 1892; x_wconf 72' lang='lat' dir='ltr'><strong>foedumque</strong></span> <span class='ocrx_word' id='word_1_224' title='bbox 3289 1838 3562 1877; x_wconf 80' lang='lat' dir='ltr'><strong>carcerem</strong></span> <span class='ocrx_word' id='word_1_225' title='bbox 3594 1826 3888 1892; x_wconf 82' lang='lat' dir='ltr'><strong>c0njectus</strong></span> <span class='ocrx_word' id='word_1_226' title='bbox 3918 1833 4012 1876; x_wconf 85' lang='lat' dir='ltr'><strong>est.</strong></span> 
     </span>
    </p>
   </div>
   <div class='ocr_carea' id='block_1_33' title="bbox 740 1899 4015 1990">
    <p class='ocr_par' dir='ltr' id='par_1_33' title="bbox 740 1899 4015 1990">
     <span class='ocr_line' id='line_1_33' title="bbox 740 1899 4015 1990; baseline -0.002 -18"><span class='ocrx_word' id='word_1_227' title='bbox 740 1921 1014 1974; x_wconf 86' lang='lat' dir='ltr'><strong>desiderio</strong></span> <span class='ocrx_word' id='word_1_228' title='bbox 1046 1919 1271 1983; x_wconf 86' lang='lat' dir='ltr'><strong>Christi,</strong></span> <span class='ocrx_word' id='word_1_229' title='bbox 1306 1918 1553 1972; x_wconf 63' lang='lat' dir='ltr'><strong>laelattter</strong></span> <span class='ocrx_word' id='word_1_230' title='bbox 1591 1934 1808 1972; x_wconf 86' lang='lat' dir='ltr'><strong>crucem</strong></span> <span class='ocrx_word' id='word_1_231' title='bbox 1845 1918 2036 1988; x_wconf 82' lang='lat' dir='ltr'><strong>suique</strong></span> <span class='ocrx_word' id='word_1_232' title='bbox 2087 1920 2323 1990; x_wconf 76' lang='lat' dir='ltr'><strong>abnega-</strong></span> <span class='ocrx_word' id='word_1_233' title='bbox 2359 1899 2397 1952; x_wconf 65' lang='grc' dir='ltr'><strong>Β</strong></span> <span class='ocrx_word' id='word_1_234' title='bbox 2431 1916 2584 1968; x_wconf 83' lang='lat' dir='ltr'><strong>Hunc</strong></span> <span class='ocrx_word' id='word_1_235' title='bbox 2639 1930 2747 1967; x_wconf 88' lang='lat' dir='ltr'><strong>non</strong></span> <span class='ocrx_word' id='word_1_236' title='bbox 2805 1924 3008 1968; x_wconf 71' lang='lat' dir='ltr'><strong>temere</strong></span> <span class='ocrx_word' id='word_1_237' title='bbox 3066 1929 3338 1967; x_wconf 80' lang='lat' dir='ltr'><strong>carcerem</strong></span> <span class='ocrx_word' id='word_1_238' title='bbox 3391 1911 3589 1968; x_wconf 74' lang='lat' dir='ltr'><strong>Phiala:</strong></span> <span class='ocrx_word' id='word_1_239' title='bbox 3655 1930 3756 1967; x_wconf 89' lang='lat' dir='ltr'><strong>seu</strong></span> <span class='ocrx_word' id='word_1_240' title='bbox 3834 1913 4015 1966; x_wconf 83' lang='lat' dir='ltr'><strong>Fontis</strong></span> 
     </span>
    </p>
   </div>
   <div class='ocr_carea' id='block_1_34' title="bbox 742 2011 2320 2080">
    <p class='ocr_par' dir='ltr' id='par_1_34' title="bbox 742 2011 2320 2080">
     <span class='ocr_line' id='line_1_34' title="bbox 742 2011 2320 2080; baseline -0.001 -14"><span class='ocrx_word' id='word_1_241' title='bbox 742 2012 943 2066; x_wconf 87' lang='lat' dir='ltr'><strong>tionem</strong></span> <span class='ocrx_word' id='word_1_242' title='bbox 971 2011 1276 2079; x_wconf 78' lang='lat' dir='ltr'><strong>amplexum</strong></span> <span class='ocrx_word' id='word_1_243' title='bbox 1311 2025 1428 2066; x_wconf 80' lang='lat' dir='ltr'><strong>esse</strong></span> <span class='ocrx_word' id='word_1_244' title='bbox 1463 2011 1592 2064; x_wconf 82' lang='lat' dir='ltr'><strong>dicit</strong></span> <span class='ocrx_word' id='word_1_245' title='bbox 1623 2027 1635 2076; x_wconf 91' lang='lat'><strong>;</strong></span> <span class='ocrx_word' id='word_1_246' title='bbox 1667 2013 1767 2064; x_wconf 86' lang='lat' dir='ltr'><strong>ode</strong></span> <span class='ocrx_word' id='word_1_247' title='bbox 1793 2026 1916 2066; x_wconf 83' lang='lat' dir='ltr'><strong>vero</strong></span> <span class='ocrx_word' id='word_1_248' title='bbox 1945 2027 2106 2076; x_wconf 84' lang='lat' dir='ltr'><strong>nona,</strong></span> <span class='ocrx_word' id='word_1_249' title='bbox 2140 2022 2320 2080; x_wconf 85' lang='lat' dir='ltr'><strong>tropa-</strong></span> 
     </span>
    </p>
   </div>
   <div class='ocr_carea' id='block_1_35' title="bbox 743 2104 2322 2166">
    <p class='ocr_par' dir='ltr' id='par_1_35' title="bbox 743 2104 2322 2166">
     <span class='ocr_line' id='line_1_35' title="bbox 743 2104 2322 2166; baseline 0 -9"><span class='ocrx_word' id='word_1_250' title='bbox 743 2107 823 2160; x_wconf 89' lang='lat' dir='ltr'><strong>rio</strong></span> <span class='ocrx_word' id='word_1_251' title='bbox 846 2106 1109 2166; x_wconf 79' lang='lat' dir='ltr'><strong>secundo,</strong></span> <span class='ocrx_word' id='word_1_252' title='bbox 1147 2119 1268 2156; x_wconf 91' lang='lat' dir='ltr'><strong>eum</strong></span> <span class='ocrx_word' id='word_1_253' title='bbox 1298 2104 1711 2161; x_wconf 88' lang='lat' dir='ltr'><strong>monachorum.</strong></span> <span class='ocrx_word' id='word_1_254' title='bbox 1750 2105 1830 2157; x_wconf 82' lang='lat' dir='ltr'><strong>vel</strong></span> <span class='ocrx_word' id='word_1_255' title='bbox 1872 2108 2322 2158; x_wconf 88' lang='lat' dir='ltr'><strong>anachoretaruut</strong></span> 
     </span>
    </p>
   </div>
   <div class='ocr_carea' id='block_1_36' title="bbox 735 2192 2327 2266">
    <p class='ocr_par' dir='ltr' id='par_1_36' title="bbox 735 2192 2327 2266">
     <span class='ocr_line' id='line_1_36' title="bbox 735 2192 2327 2266; baseline 0.002 -20"><span class='ocrx_word' id='word_1_256' title='bbox 735 2198 910 2250; x_wconf 85' lang='lat' dir='ltr'><strong>decus</strong></span> <span class='ocrx_word' id='word_1_257' title='bbox 935 2195 1170 2263; x_wconf 80' lang='lat' dir='ltr'><strong>appellat</strong></span> <span class='ocrx_word' id='word_1_258' title='bbox 1200 2192 1597 2258; x_wconf 69' lang='grc' dir='ltr'><strong>εΜτινςιξδντων</strong></span> <span class='ocrx_word' id='word_1_259' title='bbox 1629 2195 2083 2265; x_wconf 66' lang='grc' dir='ltr'><strong>ἐγκαλλώπισμα.</strong></span> <span class='ocrx_word' id='word_1_260' title='bbox 2109 2196 2164 2248; x_wconf 91' lang='lat' dir='ltr'><strong>ltt</strong></span> <span class='ocrx_word' id='word_1_261' title='bbox 2190 2212 2327 2266; x_wconf 77' lang='lat' dir='ltr'><strong>qut)-</strong></span> 
     </span>
    </p>
   </div>
   <div class='ocr_carea' id='block_1_37' title="bbox 742 2283 2330 2356">
    <p class='ocr_par' dir='ltr' id='par_1_37' title="bbox 742 2283 2330 2356">
     <span class='ocr_line' id='line_1_37' title="bbox 742 2283 2330 2356; baseline 0.001 -18"><span class='ocrx_word' id='word_1_262' title='bbox 742 2288 864 2339; x_wconf 90' lang='lat' dir='ltr'><strong>dam</strong></span> <span class='ocrx_word' id='word_1_263' title='bbox 891 2285 1190 2354; x_wconf 73' lang='lat' dir='ltr'><strong>Menologio</strong></span> <span class='ocrx_word' id='word_1_264' title='bbox 1226 2283 1443 2338; x_wconf 86' lang='lat' dir='ltr'><strong>Moscho</strong></span> <span class='ocrx_word' id='word_1_265' title='bbox 1473 2301 1596 2348; x_wconf 87' lang='lat' dir='ltr'><strong>ms.,</strong></span> <span class='ocrx_word' id='word_1_266' title='bbox 1628 2288 1738 2349; x_wconf 86' lang='lat' dir='ltr'><strong>cui,</strong></span> <span class='ocrx_word' id='word_1_267' title='bbox 1773 2290 1848 2340; x_wconf 86' lang='lat' dir='ltr'><strong>uti</strong></span> <span class='ocrx_word' id='word_1_268' title='bbox 1888 2297 1941 2342; x_wconf 85' lang='lat' dir='ltr'><strong>et</strong></span> <span class='ocrx_word' id='word_1_269' title='bbox 1973 2289 2168 2342; x_wconf 83' lang='lat' dir='ltr'><strong>tabulis</strong></span> <span class='ocrx_word' id='word_1_270' title='bbox 2196 2289 2330 2356; x_wconf 64' lang='lat' dir='ltr'><strong>ligu-</strong></span> 
     </span>
    </p>
   </div>
   <div class='ocr_carea' id='block_1_38' title="bbox 747 2374 2328 2447">
    <p class='ocr_par' dir='ltr' id='par_1_38' title="bbox 747 2374 2328 2447">
     <span class='ocr_line' id='line_1_38' title="bbox 747 2374 2328 2447; baseline 0.003 -19"><span class='ocrx_word' id='word_1_271' title='bbox 747 2378 878 2429; x_wconf 88' lang='lat' dir='ltr'><strong>ratis</strong></span> <span class='ocrx_word' id='word_1_272' title='bbox 915 2376 982 2429; x_wconf 91' lang='lat' dir='ltr'><strong>de</strong></span> <span class='ocrx_word' id='word_1_273' title='bbox 1026 2377 1222 2443; x_wconf 90' lang='lat' dir='ltr'><strong>quibus</strong></span> <span class='ocrx_word' id='word_1_274' title='bbox 1249 2390 1398 2426; x_wconf 91' lang='lat' dir='ltr'><strong>num.</strong></span> <span class='ocrx_word' id='word_1_275' title='bbox 1435 2374 1489 2436; x_wconf 65' lang='lat'><strong>“2,</strong></span> <span class='ocrx_word' id='word_1_276' title='bbox 1546 2375 1712 2429; x_wconf 86' lang='lat' dir='ltr'><strong>lidere</strong></span> <span class='ocrx_word' id='word_1_277' title='bbox 1748 2391 1963 2445; x_wconf 86' lang='lat' dir='ltr'><strong>semper</strong></span> <span class='ocrx_word' id='word_1_278' title='bbox 1993 2394 2098 2430; x_wconf 91' lang='lat' dir='ltr'><strong>non</strong></span> <span class='ocrx_word' id='word_1_279' title='bbox 2138 2394 2328 2447; x_wconf 82' lang='lat' dir='ltr'><strong>possu-</strong></span> 
     </span>
    </p>
   </div>
   <div class='ocr_carea' id='block_1_39' title="bbox 747 2463 2327 2536">
    <p class='ocr_par' dir='ltr' id='par_1_39' title="bbox 747 2463 2327 2536">
     <span class='ocr_line' id='line_1_39' title="bbox 747 2463 2327 2536; baseline 0.001 -17"><span class='ocrx_word' id='word_1_280' title='bbox 747 2481 888 2528; x_wconf 86' lang='lat' dir='ltr'><strong>mus,</strong></span> <span class='ocrx_word' id='word_1_281' title='bbox 925 2476 1269 2535; x_wconf 84' lang='lat' dir='ltr'><strong>nuucupatur</strong></span> <span class='ocrx_word' id='word_1_282' title='bbox 1395 2467 1642 2518; x_wconf 81' lang='lat' dir='ltr'><strong>Andreas</strong></span> <span class='ocrx_word' id='word_1_283' title='bbox 1666 2463 2055 2535; x_wconf 79' lang='lat' dir='ltr'><strong>Hieromartyr,</strong></span> <span class='ocrx_word' id='word_1_284' title='bbox 2087 2468 2229 2536; x_wconf 89' lang='lat' dir='ltr'><strong>quod</strong></span> <span class='ocrx_word' id='word_1_285' title='bbox 2261 2468 2327 2521; x_wconf 89' lang='lat' dir='ltr'><strong>de</strong></span> 
     </span>
    </p>
   </div>
   <div class='ocr_carea' id='block_1_40' title="bbox 744 2557 2324 2628">
    <p class='ocr_par' dir='ltr' id='par_1_40' title="bbox 744 2557 2324 2628">
     <span class='ocr_line' id='line_1_40' title="bbox 744 2557 2324 2628; baseline -0.001 -16"><span class='ocrx_word' id='word_1_286' title='bbox 744 2559 1074 2627; x_wconf 76' lang='lat' dir='ltr'><strong>martyribus</strong></span> <span class='ocrx_word' id='word_1_287' title='bbox 1111 2558 1439 2626; x_wconf 74' lang='lat' dir='ltr'><strong>presbyteris</strong></span> <span class='ocrx_word' id='word_1_288' title='bbox 1472 2558 1645 2609; x_wconf 91' lang='lat' dir='ltr'><strong>solum</strong></span> <span class='ocrx_word' id='word_1_289' title='bbox 1675 2557 1801 2621; x_wconf 90' lang='lat' dir='ltr'><strong>dici,</strong></span> <span class='ocrx_word' id='word_1_290' title='bbox 1833 2558 1884 2610; x_wconf 90' lang='lat' dir='ltr'><strong>in</strong></span> <span class='ocrx_word' id='word_1_291' title='bbox 1919 2568 2197 2628; x_wconf 89' lang='lat' dir='ltr'><strong>comperto</strong></span> <span class='ocrx_word' id='word_1_292' title='bbox 2222 2567 2324 2623; x_wconf 89' lang='lat' dir='ltr'><strong>est;</strong></span> 
     </span>
    </p>
   </div>
   <div class='ocr_carea' id='block_1_41' title="bbox 754 2645 2331 2718">
    <p class='ocr_par' dir='ltr' id='par_1_41' title="bbox 754 2645 2331 2718">
     <span class='ocr_line' id='line_1_41' title="bbox 754 2645 2331 2718; baseline 0.002 -19"><span class='ocrx_word' id='word_1_293' title='bbox 754 2663 939 2700; x_wconf 78' lang='lat' dir='ltr'><strong>\erum</strong></span> <span class='ocrx_word' id='word_1_294' title='bbox 974 2647 1026 2699; x_wconf 86' lang='lat' dir='ltr'><strong>iit</strong></span> <span class='ocrx_word' id='word_1_295' title='bbox 1060 2648 1314 2699; x_wconf 84' lang='lat' dir='ltr'><strong>omnibus</strong></span> <span class='ocrx_word' id='word_1_296' title='bbox 1358 2645 1478 2698; x_wconf 87' lang='lat' dir='ltr'><strong>aliis</strong></span> <span class='ocrx_word' id='word_1_297' title='bbox 1527 2656 1584 2699; x_wconf 91' lang='lat' dir='ltr'><strong>ttt</strong></span> <span class='ocrx_word' id='word_1_298' title='bbox 1620 2646 2009 2718; x_wconf 73' lang='lat' dir='ltr'><strong>Hosromartyr,</strong></span> <span class='ocrx_word' id='word_1_299' title='bbox 2039 2649 2090 2700; x_wconf 88' lang='lat' dir='ltr'><strong>id</strong></span> <span class='ocrx_word' id='word_1_300' title='bbox 2131 2657 2236 2710; x_wconf 89' lang='lat' dir='ltr'><strong>est,</strong></span> <span class='ocrx_word' id='word_1_301' title='bbox 2273 2658 2331 2702; x_wconf 88' lang='lat' dir='ltr'><strong>ut</strong></span> 
     </span>
    </p>
   </div>
   <div class='ocr_carea' id='block_1_42' title="bbox 745 2736 2328 2806">
    <p class='ocr_par' dir='ltr' id='par_1_42' title="bbox 745 2736 2328 2806">
     <span class='ocr_line' id='line_1_42' title="bbox 745 2736 2328 2806; baseline 0.001 -17"><span class='ocrx_word' id='word_1_302' title='bbox 745 2739 1045 2790; x_wconf 80' lang='lat' dir='ltr'><strong>monachus</strong></span> <span class='ocrx_word' id='word_1_303' title='bbox 1083 2749 1132 2790; x_wconf 85' lang='lat' dir='ltr'><strong>et</strong></span> <span class='ocrx_word' id='word_1_304' title='bbox 1159 2747 1378 2806; x_wconf 83' lang='lat' dir='ltr'><strong>martyr,</strong></span> <span class='ocrx_word' id='word_1_305' title='bbox 1419 2738 1738 2805; x_wconf 83' lang='lat' dir='ltr'><strong>proponitur</strong></span> <span class='ocrx_word' id='word_1_306' title='bbox 1773 2736 1944 2805; x_wconf 73' lang='lat'><strong>(19.5).</strong></span> <span class='ocrx_word' id='word_1_307' title='bbox 1971 2738 2022 2790; x_wconf 93' lang='lat' dir='ltr'><strong>ln</strong></span> <span class='ocrx_word' id='word_1_308' title='bbox 2056 2738 2328 2791; x_wconf 80' lang='lat' dir='ltr'><strong>Sirmondi</strong></span> 
     </span>
    </p>
   </div>
   <div class='ocr_carea' id='block_1_43' title="bbox 746 2823 2328 2896">
    <p class='ocr_par' dir='ltr' id='par_1_43' title="bbox 746 2823 2328 2896">
     <span class='ocr_line' id='line_1_43' title="bbox 746 2823 2328 2896; baseline 0 -17"><span class='ocrx_word' id='word_1_309' title='bbox 746 2827 1096 2896; x_wconf 75' lang='lat' dir='ltr'><strong>Synaxarista</strong></span> <span class='ocrx_word' id='word_1_310' title='bbox 1141 2841 1266 2887; x_wconf 90' lang='lat' dir='ltr'><strong>ms.,</strong></span> <span class='ocrx_word' id='word_1_311' title='bbox 1325 2839 1484 2892; x_wconf 84' lang='lat' dir='ltr'><strong>quem</strong></span> <span class='ocrx_word' id='word_1_312' title='bbox 1544 2823 1766 2877; x_wconf 74' lang='lat' dir='ltr'><strong>Parisiis</strong></span> <span class='ocrx_word' id='word_1_313' title='bbox 1814 2827 2128 2879; x_wconf 83' lang='lat' dir='ltr'><strong>decessores</strong></span> <span class='ocrx_word' id='word_1_314' title='bbox 2159 2827 2328 2879; x_wconf 82' lang='lat' dir='ltr'><strong>nostri</strong></span> 
     </span>
    </p>
   </div>
   <div class='ocr_carea' id='block_1_44' title="bbox 747 2915 2331 2987">
    <p class='ocr_par' dir='ltr' id='par_1_44' title="bbox 747 2915 2331 2987">
     <span class='ocr_line' id='line_1_44' title="bbox 747 2915 2331 2987; baseline -0.003 -15"><span class='ocrx_word' id='word_1_315' title='bbox 747 2920 875 2973; x_wconf 89' lang='lat' dir='ltr'><strong>olim</strong></span> <span class='ocrx_word' id='word_1_316' title='bbox 921 2928 1274 2986; x_wconf 84' lang='lat' dir='ltr'><strong>acceperunt,</strong></span> <span class='ocrx_word' id='word_1_317' title='bbox 1301 2918 1497 2969; x_wconf 84' lang='lat' dir='ltr'><strong>dieitur</strong></span> <span class='ocrx_word' id='word_1_318' title='bbox 1537 2919 1589 2966; x_wconf 91' lang='lat' dir='ltr'><strong>in</strong></span> <span class='ocrx_word' id='word_1_319' title='bbox 1638 2915 1796 2967; x_wconf 80' lang='lat' dir='ltr'><strong>Creta</strong></span> <span class='ocrx_word' id='word_1_320' title='bbox 1841 2917 1937 2985; x_wconf 62' lang='grc' dir='ltr'><strong>τὴν</strong></span> <span class='ocrx_word' id='word_1_321' title='bbox 1972 2921 2182 2987; x_wconf 63' lang='grc' dir='ltr'><strong>μςνῄρη</strong></span> <span class='ocrx_word' id='word_1_322' title='bbox 2219 2917 2331 2984; x_wconf 77' lang='grc' dir='ltr'>βίον</span> 
     </span>
    </p>
   </div>
   <div class='ocr_carea' id='block_1_45' title="bbox 754 3007 2331 3078">
    <p class='ocr_par' dir='ltr' id='par_1_45' title="bbox 754 3007 2331 3078">
     <span class='ocr_line' id='line_1_45' title="bbox 754 3007 2331 3078; baseline 0.001 -19"><span class='ocrx_word' id='word_1_323' title='bbox 754 3009 1181 3078; x_wconf 69' lang='grc' dir='ltr'><strong>μετεσχὸμενος,</strong></span> <span class='ocrx_word' id='word_1_324' title='bbox 1215 3023 1278 3059; x_wconf 81' lang='lat' dir='ltr'><strong>ex</strong></span> <span class='ocrx_word' id='word_1_325' title='bbox 1304 3007 1500 3074; x_wconf 76' lang='lat' dir='ltr'><strong>quibus</strong></span> <span class='ocrx_word' id='word_1_326' title='bbox 1534 3007 1762 3074; x_wconf 82' lang='lat' dir='ltr'><strong>aliisque</strong></span> <span class='ocrx_word' id='word_1_327' title='bbox 1796 3009 2063 3061; x_wconf 83' lang='lat' dir='ltr'><strong>similibus</strong></span> <span class='ocrx_word' id='word_1_328' title='bbox 2096 3009 2331 3078; x_wconf 83' lang='lat' dir='ltr'><strong>appella-</strong></span> 
     </span>
    </p>
   </div>
   <div class='ocr_carea' id='block_1_46' title="bbox 749 3095 2332 3166">
    <p class='ocr_par' dir='ltr' id='par_1_46' title="bbox 749 3095 2332 3166">
     <span class='ocr_line' id='line_1_46' title="bbox 749 3095 2332 3166; baseline 0 -14"><span class='ocrx_word' id='word_1_329' title='bbox 749 3100 1008 3163; x_wconf 74' lang='lat' dir='ltr'><strong>tionibus,</strong></span> <span class='ocrx_word' id='word_1_330' title='bbox 1045 3095 1100 3150; x_wconf 92' lang='lat' dir='ltr'><strong>S.</strong></span> <span class='ocrx_word' id='word_1_331' title='bbox 1142 3099 1385 3150; x_wconf 74' lang='lat' dir='ltr'><strong>Andreas</strong></span> <span class='ocrx_word' id='word_1_332' title='bbox 1421 3097 1603 3166; x_wconf 88' lang='lat' dir='ltr'><strong>potius</strong></span> <span class='ocrx_word' id='word_1_333' title='bbox 1653 3103 1982 3151; x_wconf 75' lang='lat' dir='ltr'><strong>anachoreta</strong></span> <span class='ocrx_word' id='word_1_334' title='bbox 2028 3104 2106 3152; x_wconf 89' lang='lat' dir='ltr'><strong>vel</strong></span> <span class='ocrx_word' id='word_1_335' title='bbox 2144 3100 2332 3154; x_wconf 84' lang='lat' dir='ltr'><strong>solita-</strong></span> 
     </span>
    </p>
   </div>
   <div class='ocr_carea' id='block_1_47' title="bbox 749 3188 2328 3258">
    <p class='ocr_par' dir='ltr' id='par_1_47' title="bbox 749 3188 2328 3258">
     <span class='ocr_line' id='line_1_47' title="bbox 749 3188 2328 3258; baseline -0.003 -14"><span class='ocrx_word' id='word_1_336' title='bbox 749 3191 881 3248; x_wconf 79' lang='lat' dir='ltr'><strong>rius,</strong></span> <span class='ocrx_word' id='word_1_337' title='bbox 910 3205 1066 3258; x_wconf 84' lang='lat' dir='ltr'><strong>quam</strong></span> <span class='ocrx_word' id='word_1_338' title='bbox 1104 3194 1402 3240; x_wconf 81' lang='lat' dir='ltr'><strong>monachus</strong></span> <span class='ocrx_word' id='word_1_339' title='bbox 1442 3203 1535 3239; x_wconf 86' lang='lat' dir='ltr'><strong>seu</strong></span> <span class='ocrx_word' id='word_1_340' title='bbox 1585 3189 1855 3242; x_wconf 70' lang='lat' dir='ltr'><strong>ctenobita</strong></span> <span class='ocrx_word' id='word_1_341' title='bbox 1893 3188 2060 3242; x_wconf 78' lang='lat' dir='ltr'><strong>fuisse</strong></span> <span class='ocrx_word' id='word_1_342' title='bbox 2097 3190 2328 3242; x_wconf 81' lang='lat' dir='ltr'><strong>videtur.</strong></span> 
     </span>
    </p>
   </div>
   <div class='ocr_carea' id='block_1_48' title="bbox 749 3277 2327 3350">
    <p class='ocr_par' dir='ltr' id='par_1_48' title="bbox 749 3277 2327 3350">
     <span class='ocr_line' id='line_1_48' title="bbox 749 3277 2327 3350; baseline -0.004 -13"><span class='ocrx_word' id='word_1_343' title='bbox 749 3277 1069 3350; x_wconf 77' lang='lat' dir='ltr'><strong>Huiusmodi</strong></span> <span class='ocrx_word' id='word_1_344' title='bbox 1119 3286 1299 3331; x_wconf 84' lang='lat' dir='ltr'><strong>autem</strong></span> <span class='ocrx_word' id='word_1_345' title='bbox 1342 3279 1700 3330; x_wconf 80' lang='lat' dir='ltr'><strong>anachoretas</strong></span> <span class='ocrx_word' id='word_1_346' title='bbox 1745 3293 1850 3330; x_wconf 92' lang='lat' dir='ltr'><strong>non</strong></span> <span class='ocrx_word' id='word_1_347' title='bbox 1885 3282 2044 3330; x_wconf 83' lang='lat' dir='ltr'><strong>rudes</strong></span> <span class='ocrx_word' id='word_1_348' title='bbox 2080 3280 2327 3332; x_wconf 81' lang='lat' dir='ltr'><strong>homines</strong></span> 
     </span>
    </p>
   </div>
   <div class='ocr_carea' id='block_1_49' title="bbox 747 3367 2324 3438">
    <p class='ocr_par' dir='ltr' id='par_1_49' title="bbox 747 3367 2324 3438">
     <span class='ocr_line' id='line_1_49' title="bbox 747 3367 2324 3438; baseline -0.002 -12"><span class='ocrx_word' id='word_1_349' title='bbox 747 3372 934 3434; x_wconf 79' lang='lat' dir='ltr'><strong>fuisse,</strong></span> <span class='ocrx_word' id='word_1_350' title='bbox 967 3371 1060 3423; x_wconf 89' lang='lat' dir='ltr'><strong>sed</strong></span> <span class='ocrx_word' id='word_1_351' title='bbox 1097 3370 1417 3438; x_wconf 80' lang='lat' dir='ltr'><strong>plerumque</strong></span> <span class='ocrx_word' id='word_1_352' title='bbox 1454 3367 1756 3419; x_wconf 79' lang='lat' dir='ltr'><strong>doctrinam</strong></span> <span class='ocrx_word' id='word_1_353' title='bbox 1787 3382 1996 3420; x_wconf 81' lang='lat' dir='ltr'><strong>sacram</strong></span> <span class='ocrx_word' id='word_1_354' title='bbox 2032 3369 2161 3422; x_wconf 82' lang='lat' dir='ltr'><strong>satis</strong></span> <span class='ocrx_word' id='word_1_355' title='bbox 2187 3371 2324 3424; x_wconf 83' lang='lat' dir='ltr'><strong>bene</strong></span> 
     </span>
    </p>
   </div>
   <div class='ocr_carea' id='block_1_50' title="bbox 747 3449 2324 3532">
    <p class='ocr_par' dir='ltr' id='par_1_50' title="bbox 747 3449 2324 3532">
     <span class='ocr_line' id='line_1_50' title="bbox 747 3449 2324 3532; baseline -0.001 -14"><span class='ocrx_word' id='word_1_356' title='bbox 747 3468 990 3525; x_wconf 83' lang='lat' dir='ltr'><strong>edoctos,</strong></span> <span class='ocrx_word' id='word_1_357' title='bbox 1036 3477 1101 3514; x_wconf 72' lang='lat' dir='ltr'><strong>ex</strong></span> <span class='ocrx_word' id='word_1_358' title='bbox 1164 3460 1311 3512; x_wconf 78' lang='lat' dir='ltr'><strong>Actis</strong></span> <span class='ocrx_word' id='word_1_359' title='bbox 1364 3456 1421 3511; x_wconf 92' lang='lat' dir='ltr'><strong>S.</strong></span> <span class='ocrx_word' id='word_1_360' title='bbox 1479 3458 1740 3528; x_wconf 73' lang='lat' dir='ltr'><strong>Stephani</strong></span> <span class='ocrx_word' id='word_1_361' title='bbox 1783 3459 2042 3528; x_wconf 85' lang='lat' dir='ltr'><strong>Juuioris,</strong></span> <span class='ocrx_word' id='word_1_362' title='bbox 2093 3449 2324 3532; x_wconf 85' lang='lat' dir='ltr'><strong>aliisque</strong></span> 
     </span>
    </p>
   </div>
   <div class='ocr_carea' id='block_1_51' title="bbox 749 3553 1739 3621">
    <p class='ocr_par' dir='ltr' id='par_1_51' title="bbox 749 3553 1739 3621">
     <span class='ocr_line' id='line_1_51' title="bbox 749 3553 1739 3621; baseline -0.01 -10"><span class='ocrx_word' id='word_1_363' title='bbox 749 3554 1118 3611; x_wconf 73' lang='lat' dir='ltr'><strong>monumentis</strong></span> <span class='ocrx_word' id='word_1_364' title='bbox 1147 3553 1302 3606; x_wconf 80' lang='lat' dir='ltr'><strong>facile</strong></span> <span class='ocrx_word' id='word_1_365' title='bbox 1329 3564 1513 3621; x_wconf 78' lang='lat' dir='ltr'><strong>posset</strong></span> <span class='ocrx_word' id='word_1_366' title='bbox 1540 3553 1739 3604; x_wconf 83' lang='lat' dir='ltr'><strong>evinci.</strong></span> 
     </span>
    </p>
   </div>
   <div class='ocr_carea' id='block_1_52' title="bbox 820 3646 2327 3721">
    <p class='ocr_par' dir='ltr' id='par_1_52' title="bbox 820 3646 2327 3721">
     <span class='ocr_line' id='line_1_52' title="bbox 820 3646 2327 3721; baseline 0 -17"><span class='ocrx_word' id='word_1_367' title='bbox 820 3650 1058 3705; x_wconf 70' lang='lat' dir='ltr'><strong>50.1am</strong></span> <span class='ocrx_word' id='word_1_368' title='bbox 1106 3646 1416 3702; x_wconf 84' lang='lat' dir='ltr'><strong>accedimus</strong></span> <span class='ocrx_word' id='word_1_369' title='bbox 1464 3648 1529 3699; x_wconf 82' lang='lat' dir='ltr'><strong>ad</strong></span> <span class='ocrx_word' id='word_1_370' title='bbox 1584 3663 1644 3699; x_wconf 83' lang='lat' dir='ltr'><strong>ea</strong></span> <span class='ocrx_word' id='word_1_371' title='bbox 1679 3663 1796 3715; x_wconf 72' lang='lat' dir='ltr'><strong>qua:</strong></span> <span class='ocrx_word' id='word_1_372' title='bbox 1830 3646 1884 3702; x_wconf 97' lang='grc'><strong>5.</strong></span> <span class='ocrx_word' id='word_1_373' title='bbox 1910 3649 2154 3705; x_wconf 86' lang='lat' dir='ltr'><strong>Andreas</strong></span> <span class='ocrx_word' id='word_1_374' title='bbox 2174 3649 2327 3721; x_wconf 90' lang='lat' dir='ltr'><strong>Cpoli</strong></span> 
     </span>
    </p>
   </div>
   <div class='ocr_carea' id='block_1_53' title="bbox 749 3739 2323 3813">
    <p class='ocr_par' dir='ltr' id='par_1_53' title="bbox 749 3739 2323 3813">
     <span class='ocr_line' id='line_1_53' title="bbox 749 3739 2323 3813; baseline -0.001 -17"><span class='ocrx_word' id='word_1_375' title='bbox 749 3743 934 3813; x_wconf 76' lang='lat' dir='ltr'><strong>gessit.</strong></span> <span class='ocrx_word' id='word_1_376' title='bbox 967 3743 1101 3793; x_wconf 87' lang='lat' dir='ltr'><strong>Acta</strong></span> <span class='ocrx_word' id='word_1_377' title='bbox 1148 3740 1351 3807; x_wconf 83' lang='lat' dir='ltr'><strong>priora,</strong></span> <span class='ocrx_word' id='word_1_378' title='bbox 1407 3753 1560 3790; x_wconf 88' lang='lat' dir='ltr'><strong>num.</strong></span> <span class='ocrx_word' id='word_1_379' title='bbox 1599 3739 1650 3799; x_wconf 85' lang='lat'><strong>6,</strong></span> <span class='ocrx_word' id='word_1_380' title='bbox 1689 3745 1812 3791; x_wconf 90' lang='lat' dir='ltr'><strong>dum</strong></span> <span class='ocrx_word' id='word_1_381' title='bbox 1864 3743 1982 3808; x_wconf 78' lang='lat' dir='ltr'><strong>ejus</strong></span> <span class='ocrx_word' id='word_1_382' title='bbox 2033 3745 2323 3796; x_wconf 83' lang='lat' dir='ltr'><strong>adventum</strong></span> 
     </span>
    </p>
   </div>
   <div class='ocr_carea' id='block_1_54' title="bbox 751 3830 2324 3906">
    <p class='ocr_par' dir='ltr' id='par_1_54' title="bbox 751 3830 2324 3906">
     <span class='ocr_line' id='line_1_54' title="bbox 751 3830 2324 3906; baseline -0.001 -15"><span class='ocrx_word' id='word_1_383' title='bbox 751 3836 904 3906; x_wconf 88' lang='lat' dir='ltr'><strong>Cpoli</strong></span> <span class='ocrx_word' id='word_1_384' title='bbox 940 3841 1214 3896; x_wconf 87' lang='lat' dir='ltr'><strong>enarrant,</strong></span> <span class='ocrx_word' id='word_1_385' title='bbox 1260 3845 1380 3882; x_wconf 90' lang='lat' dir='ltr'><strong>curn</strong></span> <span class='ocrx_word' id='word_1_386' title='bbox 1421 3830 1608 3884; x_wconf 82' lang='lat' dir='ltr'><strong>dicunt</strong></span> <span class='ocrx_word' id='word_1_387' title='bbox 1643 3832 1833 3901; x_wconf 62' lang='lat' dir='ltr'><strong>Hylam</strong></span> <span class='ocrx_word' id='word_1_388' title='bbox 1887 3836 2182 3904; x_wconf 85' lang='lat' dir='ltr'><strong>appulisse,</strong></span> <span class='ocrx_word' id='word_1_389' title='bbox 2216 3851 2324 3889; x_wconf 85' lang='lat' dir='ltr'><strong>non</strong></span> 
     </span>
    </p>
   </div>
   <div class='ocr_carea' id='block_1_55' title="bbox 755 3916 2326 3995">
    <p class='ocr_par' dir='ltr' id='par_1_55' title="bbox 755 3916 2326 3995">
     <span class='ocr_line' id='line_1_55' title="bbox 755 3916 2326 3995; baseline 0 -16"><span class='ocrx_word' id='word_1_390' title='bbox 755 3926 1090 3995; x_wconf 73' lang='lat' dir='ltr'><strong>Byzantium,</strong></span> <span class='ocrx_word' id='word_1_391' title='bbox 1117 3932 1211 3976; x_wconf 87' lang='lat' dir='ltr'><strong>aut</strong></span> <span class='ocrx_word' id='word_1_392' title='bbox 1253 3916 1460 3990; x_wconf 80' lang='lat' dir='ltr'><strong>Cpolim</strong></span> <span class='ocrx_word' id='word_1_393' title='bbox 1495 3941 1505 3973; x_wconf 90' lang='lat'><strong>:</strong></span> <span class='ocrx_word' id='word_1_394' title='bbox 1544 3923 1654 3992; x_wconf 72' lang='grc' dir='ltr'><strong>Τὴν</strong></span> <span class='ocrx_word' id='word_1_395' title='bbox 1694 3924 1870 3985; x_wconf 67' lang='grc' dir='ltr'><strong>Βυζαν</strong></span> <span class='ocrx_word' id='word_1_396' title='bbox 1916 3929 2326 3993; x_wconf 52' lang='lat' dir='ltr'><strong>nminem.</strong></span> 
     </span>
    </p>
   </div>
   <div class='ocr_carea' id='block_1_56' title="bbox 756 4012 2329 4086">
    <p class='ocr_par' dir='ltr' id='par_1_56' title="bbox 756 4012 2329 4086">
     <span class='ocr_line' id='line_1_56' title="bbox 756 4012 2329 4086; baseline 0 -16"><span class='ocrx_word' id='word_1_397' title='bbox 756 4017 962 4070; x_wconf 74' lang='lat' dir='ltr'><strong>Nomen</strong></span> <span class='ocrx_word' id='word_1_398' title='bbox 995 4015 1133 4067; x_wconf 85' lang='lat' dir='ltr'><strong>istud</strong></span> <span class='ocrx_word' id='word_1_399' title='bbox 1171 4027 1270 4065; x_wconf 87' lang='lat' dir='ltr'><strong>nec</strong></span> <span class='ocrx_word' id='word_1_400' title='bbox 1305 4013 1446 4064; x_wconf 85' lang='lat' dir='ltr'><strong>inter</strong></span> <span class='ocrx_word' id='word_1_401' title='bbox 1471 4012 1617 4063; x_wconf 89' lang='lat' dir='ltr'><strong>ttrbis</strong></span> <span class='ocrx_word' id='word_1_402' title='bbox 1651 4024 1859 4080; x_wconf 88' lang='lat' dir='ltr'><strong>portus,</strong></span> <span class='ocrx_word' id='word_1_403' title='bbox 1890 4017 1941 4066; x_wconf 91' lang='lat' dir='ltr'><strong>itt</strong></span> <span class='ocrx_word' id='word_1_404' title='bbox 1969 4017 2153 4085; x_wconf 75' lang='lat' dir='ltr'><strong>Caugit</strong></span> <span class='ocrx_word' id='word_1_405' title='bbox 2177 4017 2329 4086; x_wconf 85' lang='lat' dir='ltr'><strong>Cpoli</strong></span> 
     </span>
    </p>
   </div>
   <div class='ocr_carea' id='block_1_57' title="bbox 755 4101 2328 4176">
    <p class='ocr_par' dir='ltr' id='par_1_57' title="bbox 755 4101 2328 4176">
     <span class='ocr_line' id='line_1_57' title="bbox 755 4101 2328 4176; baseline -0.001 -15"><span class='ocrx_word' id='word_1_406' title='bbox 755 4105 1062 4161; x_wconf 85' lang='lat' dir='ltr'><strong>Christiana</strong></span> <span class='ocrx_word' id='word_1_407' title='bbox 1092 4103 1412 4172; x_wconf 89' lang='lat' dir='ltr'><strong>reperimus,</strong></span> <span class='ocrx_word' id='word_1_408' title='bbox 1441 4115 1543 4155; x_wconf 84' lang='lat' dir='ltr'><strong>nec</strong></span> <span class='ocrx_word' id='word_1_409' title='bbox 1582 4101 1649 4154; x_wconf 87' lang='lat' dir='ltr'><strong>ab</strong></span> <span class='ocrx_word' id='word_1_410' title='bbox 1683 4103 1788 4155; x_wconf 91' lang='lat' dir='ltr'><strong>ullo</strong></span> <span class='ocrx_word' id='word_1_411' title='bbox 1819 4105 2328 4176; x_wconf 83' lang='lat' dir='ltr'><strong>scriptoredeCpoli</strong></span> 
     </span>
    </p>
   </div>
   <div class='ocr_carea' id='block_1_58' title="bbox 758 4190 2330 4268">
    <p class='ocr_par' dir='ltr' id='par_1_58' title="bbox 758 4190 2330 4268">
     <span class='ocr_line' id='line_1_58' title="bbox 758 4190 2330 4268; baseline 0.001 -18"><span class='ocrx_word' id='word_1_412' title='bbox 758 4197 963 4252; x_wconf 85' lang='lat' dir='ltr'><strong>dictum</strong></span> <span class='ocrx_word' id='word_1_413' title='bbox 1013 4197 1179 4250; x_wconf 78' lang='lat' dir='ltr'><strong>fuisse</strong></span> <span class='ocrx_word' id='word_1_414' title='bbox 1233 4195 1484 4247; x_wconf 78' lang='lat' dir='ltr'><strong>vidimus.</strong></span> <span class='ocrx_word' id='word_1_415' title='bbox 1519 4190 1726 4263; x_wconf 79' lang='lat' dir='ltr'><strong>Gyllius</strong></span> <span class='ocrx_word' id='word_1_416' title='bbox 1775 4199 1960 4249; x_wconf 81' lang='lat' dir='ltr'><strong>scribit</strong></span> <span class='ocrx_word' id='word_1_417' title='bbox 1995 4198 2060 4250; x_wconf 81' lang='lat' dir='ltr'><strong>de</strong></span> <span class='ocrx_word' id='word_1_418' title='bbox 2097 4196 2330 4268; x_wconf 81' lang='lat' dir='ltr'><strong>Barbysa</strong></span> 
     </span>
    </p>
   </div>
   <div class='ocr_carea' id='block_1_59' title="bbox 759 4283 2328 4359">
    <p class='ocr_par' dir='ltr' id='par_1_59' title="bbox 759 4283 2328 4359">
     <span class='ocr_line' id='line_1_59' title="bbox 759 4283 2328 4359; baseline -0.001 -13"><span class='ocrx_word' id='word_1_419' title='bbox 759 4292 918 4346; x_wconf 74' lang='lat' dir='ltr'><strong>‘luvio</strong></span> <span class='ocrx_word' id='word_1_420' title='bbox 969 4302 1136 4359; x_wconf 85' lang='lat' dir='ltr'><strong>prope</strong></span> <span class='ocrx_word' id='word_1_421' title='bbox 1179 4283 1386 4356; x_wconf 82' lang='lat' dir='ltr'><strong>Cpolim</strong></span> <span class='ocrx_word' id='word_1_422' title='bbox 1420 4285 1586 4356; x_wconf 69' lang='grc'>(126),</span> <span class='ocrx_word' id='word_1_423' title='bbox 1619 4285 1854 4339; x_wconf 83' lang='lat' dir='ltr'><strong>Ortelius</strong></span> <span class='ocrx_word' id='word_1_424' title='bbox 1888 4287 2034 4355; x_wconf 72' lang='lat' dir='ltr'><strong>(l2?)</strong></span> <span class='ocrx_word' id='word_1_425' title='bbox 2074 4291 2139 4344; x_wconf 87' lang='lat' dir='ltr'><strong>de</strong></span> <span class='ocrx_word' id='word_1_426' title='bbox 2185 4289 2328 4352; x_wconf 84' lang='lat' dir='ltr'><strong>Bisa.</strong></span> 
     </span>
    </p>
   </div>
   <div class='ocr_carea' id='block_1_60' title="bbox 763 4375 2336 4452">
    <p class='ocr_par' dir='ltr' id='par_1_60' title="bbox 763 4375 2336 4452">
     <span class='ocr_line' id='line_1_60' title="bbox 763 4375 2336 4452; baseline -0.003 -13"><span class='ocrx_word' id='word_1_427' title='bbox 763 4385 940 4452; x_wconf 78' lang='lat' dir='ltr'><strong>Bizya,</strong></span> <span class='ocrx_word' id='word_1_428' title='bbox 985 4381 1112 4433; x_wconf 81' lang='lat' dir='ltr'><strong>Bizo</strong></span> <span class='ocrx_word' id='word_1_429' title='bbox 1148 4378 1392 4432; x_wconf 79' lang='lat' dir='ltr'><strong>Thracia:</strong></span> <span class='ocrx_word' id='word_1_430' title='bbox 1435 4389 1489 4430; x_wconf 85' lang='lat' dir='ltr'><strong>et</strong></span> <span class='ocrx_word' id='word_1_431' title='bbox 1521 4375 1722 4431; x_wconf 70' lang='lat' dir='ltr'><strong>Mmsia:</strong></span> <span class='ocrx_word' id='word_1_432' title='bbox 1753 4377 1999 4439; x_wconf 80' lang='lat' dir='ltr'><strong>urbibus,</strong></span> <span class='ocrx_word' id='word_1_433' title='bbox 2040 4381 2132 4433; x_wconf 88' lang='lat' dir='ltr'><strong>sed</strong></span> <span class='ocrx_word' id='word_1_434' title='bbox 2159 4382 2222 4434; x_wconf 90' lang='lat' dir='ltr'><strong>de</strong></span> <span class='ocrx_word' id='word_1_435' title='bbox 2253 4383 2336 4436; x_wconf 87' lang='lat' dir='ltr'><strong>his</strong></span> 
     </span>
    </p>
   </div>
   <div class='ocr_carea' id='block_1_61' title="bbox 759 4469 2334 4543">
    <p class='ocr_par' dir='ltr' id='par_1_61' title="bbox 759 4469 2334 4543">
     <span class='ocr_line' id='line_1_61' title="bbox 759 4469 2334 4543; baseline -0.004 -11"><span class='ocrx_word' id='word_1_436' title='bbox 759 4478 1011 4532; x_wconf 79' lang='lat' dir='ltr'><strong>omnibus</strong></span> <span class='ocrx_word' id='word_1_437' title='bbox 1043 4477 1127 4526; x_wconf 90' lang='lat' dir='ltr'><strong>hic</strong></span> <span class='ocrx_word' id='word_1_438' title='bbox 1159 4475 1239 4543; x_wconf 72' lang='lat' dir='ltr'><strong>agi</strong></span> <span class='ocrx_word' id='word_1_439' title='bbox 1269 4487 1374 4525; x_wconf 83' lang='lat' dir='ltr'><strong>non</strong></span> <span class='ocrx_word' id='word_1_440' title='bbox 1413 4479 1612 4540; x_wconf 86' lang='lat' dir='ltr'><strong>potest.</strong></span> <span class='ocrx_word' id='word_1_441' title='bbox 1648 4469 1724 4522; x_wconf 80' lang='lat' dir='ltr'><strong>Ex</strong></span> <span class='ocrx_word' id='word_1_442' title='bbox 1761 4471 1845 4523; x_wconf 88' lang='lat' dir='ltr'><strong>his</strong></span> <span class='ocrx_word' id='word_1_443' title='bbox 1867 4481 2047 4525; x_wconf 87' lang='lat' dir='ltr'><strong>autem</strong></span> <span class='ocrx_word' id='word_1_444' title='bbox 2072 4473 2184 4543; x_wconf 85' lang='lat' dir='ltr'><strong>jam</strong></span> <span class='ocrx_word' id='word_1_445' title='bbox 2207 4487 2334 4543; x_wconf 87' lang='lat' dir='ltr'><strong>pro-</strong></span> 
     </span>
    </p>
   </div>
   <div class='ocr_carea' id='block_1_62' title="bbox 2428 2003 4012 2072">
    <p class='ocr_par' dir='ltr' id='par_1_62' title="bbox 2428 2003 4012 2072">
     <span class='ocr_line' id='line_1_62' title="bbox 2428 2003 4012 2072; baseline -0.003 -14"><span class='ocrx_word' id='word_1_446' title='bbox 2428 2007 2594 2058; x_wconf 77' lang='lat' dir='ltr'><strong>l&#39;uisse</strong></span> <span class='ocrx_word' id='word_1_447' title='bbox 2637 2006 2861 2068; x_wconf 73' lang='lat' dir='ltr'><strong>dixeris,</strong></span> <span class='ocrx_word' id='word_1_448' title='bbox 2903 2007 3063 2072; x_wconf 88' lang='lat' dir='ltr'><strong>cujus</strong></span> <span class='ocrx_word' id='word_1_449' title='bbox 3123 2005 3376 2072; x_wconf 77' lang='lat' dir='ltr'><strong>frequens</strong></span> <span class='ocrx_word' id='word_1_450' title='bbox 3431 2006 3632 2057; x_wconf 82' lang='lat' dir='ltr'><strong>mentio</strong></span> <span class='ocrx_word' id='word_1_451' title='bbox 3688 2007 3743 2056; x_wconf 89' lang='lat' dir='ltr'><strong>in</strong></span> <span class='ocrx_word' id='word_1_452' title='bbox 3783 2006 3934 2057; x_wconf 80' lang='lat' dir='ltr'><strong>Actis</strong></span> <span class='ocrx_word' id='word_1_453' title='bbox 3962 2003 4012 2056; x_wconf 92' lang='grc'><strong>5.</strong></span> 
     </span>
    </p>
   </div>
   <div class='ocr_carea' id='block_1_63' title="bbox 2430 2098 4014 2167">
    <p class='ocr_par' dir='ltr' id='par_1_63' title="bbox 2430 2098 4014 2167">
     <span class='ocr_line' id='line_1_63' title="bbox 2430 2098 4014 2167; baseline -0.001 -15"><span class='ocrx_word' id='word_1_454' title='bbox 2430 2098 2711 2167; x_wconf 75' lang='lat' dir='ltr'><strong>Stephani,</strong></span> <span class='ocrx_word' id='word_1_455' title='bbox 2737 2115 3006 2167; x_wconf 85' lang='lat' dir='ltr'><strong>quemque</strong></span> <span class='ocrx_word' id='word_1_456' title='bbox 3037 2115 3101 2152; x_wconf 83' lang='lat' dir='ltr'><strong>ex</strong></span> <span class='ocrx_word' id='word_1_457' title='bbox 3139 2100 3332 2151; x_wconf 82' lang='lat' dir='ltr'><strong>iisdem</strong></span> <span class='ocrx_word' id='word_1_458' title='bbox 3359 2115 3464 2150; x_wconf 87' lang='lat' dir='ltr'><strong>non</strong></span> <span class='ocrx_word' id='word_1_459' title='bbox 3501 2100 3687 2166; x_wconf 90' lang='lat' dir='ltr'><strong>procul</strong></span> <span class='ocrx_word' id='word_1_460' title='bbox 3720 2101 3790 2150; x_wconf 91' lang='lat' dir='ltr'><strong>ab</strong></span> <span class='ocrx_word' id='word_1_461' title='bbox 3823 2101 4014 2166; x_wconf 78' lang='lat' dir='ltr'><strong>Hippo-</strong></span> 
     </span>
    </p>
   </div>
   <div class='ocr_carea' id='block_1_64' title="bbox 2428 2191 4012 2262">
    <p class='ocr_par' dir='ltr' id='par_1_64' title="bbox 2428 2191 4012 2262">
     <span class='ocr_line' id='line_1_64' title="bbox 2428 2191 4012 2262; baseline -0.003 -17"><span class='ocrx_word' id='word_1_462' title='bbox 2428 2193 2660 2254; x_wconf 87' lang='lat' dir='ltr'><strong>dromio,</strong></span> <span class='ocrx_word' id='word_1_463' title='bbox 2698 2192 3104 2262; x_wconf 67' lang='lat' dir='ltr'><strong>martyriorum,</strong></span> <span class='ocrx_word' id='word_1_464' title='bbox 3137 2192 3187 2242; x_wconf 89' lang='lat' dir='ltr'><strong>itt</strong></span> <span class='ocrx_word' id='word_1_465' title='bbox 3217 2191 3317 2244; x_wconf 78' lang='lat' dir='ltr'><strong>hac</strong></span> <span class='ocrx_word' id='word_1_466' title='bbox 3347 2191 3755 2257; x_wconf 83' lang='lat' dir='ltr'><strong>persecutione.</strong></span> <span class='ocrx_word' id='word_1_467' title='bbox 3793 2195 4012 2241; x_wconf 83' lang='lat' dir='ltr'><strong>ordina-</strong></span> 
     </span>
    </p>
   </div>
   <div class='ocr_carea' id='block_1_65' title="bbox 2430 2281 4014 2355">
    <p class='ocr_par' dir='ltr' id='par_1_65' title="bbox 2430 2281 4014 2355">
     <span class='ocr_line' id='line_1_65' title="bbox 2430 2281 4014 2355; baseline -0.003 -19"><span class='ocrx_word' id='word_1_468' title='bbox 2430 2286 2510 2336; x_wconf 92' lang='lat' dir='ltr'><strong>rio</strong></span> <span class='ocrx_word' id='word_1_469' title='bbox 2552 2285 2784 2344; x_wconf 84' lang='lat' dir='ltr'><strong>theatro,</strong></span> <span class='ocrx_word' id='word_1_470' title='bbox 2819 2293 3007 2338; x_wconf 82' lang='lat' dir='ltr'><strong>Sllllm.</strong></span> <span class='ocrx_word' id='word_1_471' title='bbox 3041 2298 3104 2334; x_wconf 91' lang='lat' dir='ltr'><strong>ac</strong></span> <span class='ocrx_word' id='word_1_472' title='bbox 3132 2283 3285 2335; x_wconf 83' lang='lat' dir='ltr'><strong>valde</strong></span> <span class='ocrx_word' id='word_1_473' title='bbox 3337 2281 3584 2335; x_wconf 88' lang='lat' dir='ltr'><strong>tetricum</strong></span> <span class='ocrx_word' id='word_1_474' title='bbox 3640 2282 3815 2355; x_wconf 77' lang='lat' dir='ltr'><strong>luisse</strong></span> <span class='ocrx_word' id='word_1_475' title='bbox 3853 2296 4014 2349; x_wconf 84' lang='lat' dir='ltr'><strong>appa-</strong></span> 
     </span>
    </p>
   </div>
   <div class='ocr_carea' id='block_1_66' title="bbox 2432 2372 4014 2441">
    <p class='ocr_par' dir='ltr' id='par_1_66' title="bbox 2432 2372 4014 2441">
     <span class='ocr_line' id='line_1_66' title="bbox 2432 2372 4014 2441; baseline -0.004 -13"><span class='ocrx_word' id='word_1_476' title='bbox 2432 2386 2512 2428; x_wconf 88' lang='lat' dir='ltr'><strong>ret</strong></span> <span class='ocrx_word' id='word_1_477' title='bbox 2551 2374 2722 2441; x_wconf 72' lang='grc'>(150).</span> <span class='ocrx_word' id='word_1_478' title='bbox 2764 2372 3157 2441; x_wconf 76' lang='lat' dir='ltr'><strong>Metaphrastes</strong></span> <span class='ocrx_word' id='word_1_479' title='bbox 3199 2373 3285 2425; x_wconf 88' lang='lat' dir='ltr'><strong>hic</strong></span> <span class='ocrx_word' id='word_1_480' title='bbox 3341 2374 3577 2424; x_wconf 83' lang='lat' dir='ltr'><strong>insinuat</strong></span> <span class='ocrx_word' id='word_1_481' title='bbox 3630 2373 3684 2425; x_wconf 87' lang='grc'><strong>5.</strong></span> <span class='ocrx_word' id='word_1_482' title='bbox 3745 2375 4014 2425; x_wconf 81' lang='lat' dir='ltr'><strong>Andream</strong></span> 
     </span>
    </p>
   </div>
   <div class='ocr_carea' id='block_1_67' title="bbox 2429 2463 4016 2535">
    <p class='ocr_par' dir='ltr' id='par_1_67' title="bbox 2429 2463 4016 2535">
     <span class='ocr_line' id='line_1_67' title="bbox 2429 2463 4016 2535; baseline -0.002 -17"><span class='ocrx_word' id='word_1_483' title='bbox 2429 2467 2609 2535; x_wconf 81' lang='lat' dir='ltr'><strong>plures</strong></span> <span class='ocrx_word' id='word_1_484' title='bbox 2645 2466 2761 2518; x_wconf 90' lang='lat' dir='ltr'><strong>dies</strong></span> <span class='ocrx_word' id='word_1_485' title='bbox 2790 2468 2840 2516; x_wconf 88' lang='lat' dir='ltr'><strong>itt</strong></span> <span class='ocrx_word' id='word_1_486' title='bbox 2875 2478 3094 2516; x_wconf 86' lang='lat' dir='ltr'><strong>carcere</strong></span> <span class='ocrx_word' id='word_1_487' title='bbox 3127 2463 3452 2531; x_wconf 79' lang='lat' dir='ltr'><strong>transegisse</strong></span> <span class='ocrx_word' id='word_1_488' title='bbox 3476 2473 3528 2514; x_wconf 91' lang='lat' dir='ltr'><strong>et</strong></span> <span class='ocrx_word' id='word_1_489' title='bbox 3553 2466 3736 2515; x_wconf 87' lang='lat' dir='ltr'><strong>socios</strong></span> <span class='ocrx_word' id='word_1_490' title='bbox 3775 2465 4016 2528; x_wconf 79' lang='lat' dir='ltr'><strong>captivos</strong></span> 
     </span>
    </p>
   </div>
   <div class='ocr_carea' id='block_1_68' title="bbox 2429 2555 4016 2622">
    <p class='ocr_par' dir='ltr' id='par_1_68' title="bbox 2429 2555 4016 2622">
     <span class='ocr_line' id='line_1_68' title="bbox 2429 2555 4016 2622; baseline -0.006 -10"><span class='ocrx_word' id='word_1_491' title='bbox 2429 2559 2820 2618; x_wconf 79' lang='lat' dir='ltr'><strong>conﬁrmasse;</strong></span> <span class='ocrx_word' id='word_1_492' title='bbox 2858 2556 2942 2608; x_wconf 92' lang='lat' dir='ltr'><strong>cui</strong></span> <span class='ocrx_word' id='word_1_493' title='bbox 2973 2556 3106 2607; x_wconf 88' lang='lat' dir='ltr'><strong>Acta</strong></span> <span class='ocrx_word' id='word_1_494' title='bbox 3129 2557 3306 2622; x_wconf 85' lang='lat' dir='ltr'><strong>priora</strong></span> <span class='ocrx_word' id='word_1_495' title='bbox 3331 2555 3710 2607; x_wconf 81' lang='lat' dir='ltr'><strong>contradicere</strong></span> <span class='ocrx_word' id='word_1_496' title='bbox 3743 2555 4016 2616; x_wconf 70' lang='lat' dir='ltr'><strong>videntur,</strong></span> 
     </span>
    </p>
   </div>
   <div class='ocr_carea' id='block_1_69' title="bbox 2430 2647 4019 2714">
    <p class='ocr_par' dir='ltr' id='par_1_69' title="bbox 2430 2647 4019 2714">
     <span class='ocr_line' id='line_1_69' title="bbox 2430 2647 4019 2714; baseline -0.007 -10"><span class='ocrx_word' id='word_1_497' title='bbox 2430 2659 2484 2704; x_wconf 92' lang='lat' dir='ltr'><strong>et</strong></span> <span class='ocrx_word' id='word_1_498' title='bbox 2512 2650 2799 2702; x_wconf 80' lang='lat' dir='ltr'><strong>manifeste</strong></span> <span class='ocrx_word' id='word_1_499' title='bbox 2835 2647 3162 2701; x_wconf 74' lang='lat' dir='ltr'><strong>contradicit</strong></span> <span class='ocrx_word' id='word_1_500' title='bbox 3197 2649 3537 2714; x_wconf 80' lang='lat' dir='ltr'><strong>synaxarium</strong></span> <span class='ocrx_word' id='word_1_501' title='bbox 3583 2660 3650 2696; x_wconf 74' lang='lat' dir='ltr'><strong>ex</strong></span> <span class='ocrx_word' id='word_1_502' title='bbox 3688 2647 3756 2696; x_wconf 93' lang='lat' dir='ltr'><strong>iis</strong></span> <span class='ocrx_word' id='word_1_503' title='bbox 3806 2651 4019 2696; x_wconf 82' lang='lat' dir='ltr'><strong>contra-</strong></span> 
     </span>
    </p>
   </div>
   <div class='ocr_carea' id='block_1_70' title="bbox 2431 2735 4016 2805">
    <p class='ocr_par' dir='ltr' id='par_1_70' title="bbox 2431 2735 4016 2805">
     <span class='ocr_line' id='line_1_70' title="bbox 2431 2735 4016 2805; baseline -0.005 -10"><span class='ocrx_word' id='word_1_504' title='bbox 2431 2752 2598 2802; x_wconf 81' lang='lat' dir='ltr'><strong>ctum,</strong></span> <span class='ocrx_word' id='word_1_505' title='bbox 2632 2752 2682 2794; x_wconf 93' lang='lat' dir='ltr'><strong>et</strong></span> <span class='ocrx_word' id='word_1_506' title='bbox 2731 2755 2883 2792; x_wconf 90' lang='lat' dir='ltr'><strong>num.</strong></span> <span class='ocrx_word' id='word_1_507' title='bbox 2917 2738 2950 2790; x_wconf 82' lang='grc'><strong>5</strong></span> <span class='ocrx_word' id='word_1_508' title='bbox 2985 2740 3272 2790; x_wconf 79' lang='lat' dir='ltr'><strong>recitatum</strong></span> <span class='ocrx_word' id='word_1_509' title='bbox 3304 2753 3315 2797; x_wconf 85' lang='lat'>;</span> <span class='ocrx_word' id='word_1_510' title='bbox 3353 2751 3476 2787; x_wconf 86' lang='lat' dir='ltr'><strong>nam</strong></span> <span class='ocrx_word' id='word_1_511' title='bbox 3530 2737 3600 2789; x_wconf 84' lang='lat' dir='ltr'><strong>ibi</strong></span> <span class='ocrx_word' id='word_1_512' title='bbox 3637 2748 3861 2802; x_wconf 77' lang='lat' dir='ltr'><strong>postera</strong></span> <span class='ocrx_word' id='word_1_513' title='bbox 3917 2735 4016 2805; x_wconf 81' lang='lat' dir='ltr'><strong>jam</strong></span> 
     </span>
    </p>
   </div>
   <div class='ocr_carea' id='block_1_71' title="bbox 2431 2829 4015 2898">
    <p class='ocr_par' dir='ltr' id='par_1_71' title="bbox 2431 2829 4015 2898">
     <span class='ocr_line' id='line_1_71' title="bbox 2431 2829 4015 2898; baseline -0.005 -13"><span class='ocrx_word' id='word_1_514' title='bbox 2431 2833 2542 2892; x_wconf 84' lang='lat' dir='ltr'><strong>die.</strong></span> <span class='ocrx_word' id='word_1_515' title='bbox 2579 2847 2763 2885; x_wconf 87' lang='lat' dir='ltr'><strong>coram</strong></span> <span class='ocrx_word' id='word_1_516' title='bbox 2819 2830 3165 2898; x_wconf 70' lang='lat' dir='ltr'><strong>Copronytno</strong></span> <span class='ocrx_word' id='word_1_517' title='bbox 3219 2829 3416 2881; x_wconf 88' lang='lat' dir='ltr'><strong>iterum</strong></span> <span class='ocrx_word' id='word_1_518' title='bbox 3473 2843 3797 2896; x_wconf 75' lang='lat' dir='ltr'><strong>apparuisse</strong></span> <span class='ocrx_word' id='word_1_519' title='bbox 3831 2830 4015 2882; x_wconf 76' lang='lat' dir='ltr'><strong>fertur.</strong></span> 
     </span>
    </p>
   </div>
   <div class='ocr_carea' id='block_1_72' title="bbox 2433 2918 4017 2994">
    <p class='ocr_par' dir='ltr' id='par_1_72' title="bbox 2433 2918 4017 2994">
     <span class='ocr_line' id='line_1_72' title="bbox 2433 2918 4017 2994; baseline -0.003 -19"><span class='ocrx_word' id='word_1_520' title='bbox 2433 2923 2573 2994; x_wconf 89' lang='lat' dir='ltr'><strong>quod</strong></span> <span class='ocrx_word' id='word_1_521' title='bbox 2607 2924 2732 2975; x_wconf 90' lang='lat' dir='ltr'><strong>item</strong></span> <span class='ocrx_word' id='word_1_522' title='bbox 2767 2921 3128 2991; x_wconf 68' lang='lat' dir='ltr'><strong>synaxaristes</strong></span> <span class='ocrx_word' id='word_1_523' title='bbox 3157 2919 3480 2973; x_wconf 67' lang='lat' dir='ltr'><strong>Nemeorum</strong></span> <span class='ocrx_word' id='word_1_524' title='bbox 3508 2921 3728 2978; x_wconf 82' lang='lat' dir='ltr'><strong>asserit,</strong></span> <span class='ocrx_word' id='word_1_525' title='bbox 3775 2918 3829 2969; x_wconf 84' lang='lat' dir='ltr'><strong>in</strong></span> <span class='ocrx_word' id='word_1_526' title='bbox 3869 2919 4017 2971; x_wconf 64' lang='lat' dir='ltr'><strong>caele-</strong></span> 
     </span>
    </p>
   </div>
   <div class='ocr_carea' id='block_1_73' title="bbox 2433 3008 4017 3079">
    <p class='ocr_par' dir='ltr' id='par_1_73' title="bbox 2433 3008 4017 3079">
     <span class='ocr_line' id='line_1_73' title="bbox 2433 3008 4017 3079; baseline -0.006 -12"><span class='ocrx_word' id='word_1_527' title='bbox 2433 3017 2506 3067; x_wconf 88' lang='lat' dir='ltr'><strong>ris</strong></span> <span class='ocrx_word' id='word_1_528' title='bbox 2546 3013 2802 3066; x_wconf 86' lang='lat' dir='ltr'><strong>omnibus</strong></span> <span class='ocrx_word' id='word_1_529' title='bbox 2857 3011 2991 3079; x_wconf 80' lang='lat' dir='ltr'><strong>ipsis</strong></span> <span class='ocrx_word' id='word_1_530' title='bbox 3039 3009 3418 3077; x_wconf 74' lang='lat' dir='ltr'><strong>Metaphrastae</strong></span> <span class='ocrx_word' id='word_1_531' title='bbox 3458 3009 3640 3060; x_wconf 83' lang='lat' dir='ltr'><strong>verbis</strong></span> <span class='ocrx_word' id='word_1_532' title='bbox 3693 3008 3932 3060; x_wconf 90' lang='lat' dir='ltr'><strong>locutus.</strong></span> <span class='ocrx_word' id='word_1_533' title='bbox 3969 3008 4017 3058; x_wconf 92' lang='lat' dir='ltr'><strong>In</strong></span> 
     </span>
    </p>
   </div>
   <div class='ocr_carea' id='block_1_74' title="bbox 2436 3099 4016 3166">
    <p class='ocr_par' dir='ltr' id='par_1_74' title="bbox 2436 3099 4016 3166">
     <span class='ocr_line' id='line_1_74' title="bbox 2436 3099 4016 3166; baseline -0.004 -8"><span class='ocrx_word' id='word_1_534' title='bbox 2436 3104 2627 3158; x_wconf 88' lang='lat' dir='ltr'><strong>iisdem</strong></span> <span class='ocrx_word' id='word_1_535' title='bbox 2663 3103 2879 3156; x_wconf 75' lang='lat' dir='ltr'><strong>Menaeis</strong></span> <span class='ocrx_word' id='word_1_536' title='bbox 2915 3102 3154 3156; x_wconf 69' lang='lat' dir='ltr'><strong>escusis.</strong></span> <span class='ocrx_word' id='word_1_537' title='bbox 3183 3102 3248 3152; x_wconf 91' lang='lat' dir='ltr'><strong>ad</strong></span> <span class='ocrx_word' id='word_1_538' title='bbox 3283 3116 3447 3152; x_wconf 73' lang='lat' dir='ltr'><strong>xxviii</strong></span> <span class='ocrx_word' id='word_1_539' title='bbox 3485 3100 3818 3152; x_wconf 75' lang='lat' dir='ltr'><strong>Novembris</strong></span> <span class='ocrx_word' id='word_1_540' title='bbox 3857 3099 4016 3166; x_wconf 68' lang='lat' dir='ltr'><strong>tlSl),</strong></span> 
     </span>
    </p>
   </div>
   <div class='ocr_carea' id='block_1_75' title="bbox 2440 3191 4015 3260">
    <p class='ocr_par' dir='ltr' id='par_1_75' title="bbox 2440 3191 4015 3260">
     <span class='ocr_line' id='line_1_75' title="bbox 2440 3191 4015 3260; baseline -0.006 -13"><span class='ocrx_word' id='word_1_541' title='bbox 2440 3197 2528 3249; x_wconf 92' lang='lat' dir='ltr'><strong>ubi</strong></span> <span class='ocrx_word' id='word_1_542' title='bbox 2555 3196 2621 3248; x_wconf 83' lang='lat' dir='ltr'><strong>de</strong></span> <span class='ocrx_word' id='word_1_543' title='bbox 2657 3195 2712 3246; x_wconf 89' lang='grc'><strong>5.</strong></span> <span class='ocrx_word' id='word_1_544' title='bbox 2747 3193 3024 3260; x_wconf 86' lang='lat' dir='ltr'><strong>Stephano</strong></span> <span class='ocrx_word' id='word_1_545' title='bbox 3044 3191 3244 3243; x_wconf 83' lang='lat' dir='ltr'><strong>dicitur</strong></span> <span class='ocrx_word' id='word_1_546' title='bbox 3266 3206 3389 3243; x_wconf 92' lang='lat' dir='ltr'><strong>eum</strong></span> <span class='ocrx_word' id='word_1_547' title='bbox 3432 3193 3482 3241; x_wconf 88' lang='lat' dir='ltr'><strong>in</strong></span> <span class='ocrx_word' id='word_1_548' title='bbox 3522 3205 3746 3244; x_wconf 82' lang='lat' dir='ltr'><strong>carcere</strong></span> <span class='ocrx_word' id='word_1_549' title='bbox 3784 3191 4015 3257; x_wconf 59' lang='grc' dir='ltr'><strong>ιιι-πιοτξὴ</strong></span> 
     </span>
    </p>
   </div>
   <div class='ocr_carea' id='block_1_76' title="bbox 2434 3280 4016 3344">
    <p class='ocr_par' dir='ltr' id='par_1_76' title="bbox 2434 3280 4016 3344">
     <span class='ocr_line' id='line_1_76' title="bbox 2434 3280 4016 3344; baseline -0.004 -4"><span class='ocrx_word' id='word_1_550' title='bbox 2434 3289 2600 3341; x_wconf 79' lang='lat' dir='ltr'><strong>fuisse</strong></span> <span class='ocrx_word' id='word_1_551' title='bbox 2617 3286 2918 3344; x_wconf 85' lang='lat' dir='ltr'><strong>detentum.</strong></span> <span class='ocrx_word' id='word_1_552' title='bbox 2943 3283 3159 3336; x_wconf 87' lang='lat' dir='ltr'><strong>additur</strong></span> <span class='ocrx_word' id='word_1_553' title='bbox 3182 3298 3306 3336; x_wconf 86' lang='lat' dir='ltr'><strong>eum</strong></span> <span class='ocrx_word' id='word_1_554' title='bbox 3331 3283 3398 3334; x_wconf 87' lang='lat' dir='ltr'><strong>ibi</strong></span> <span class='ocrx_word' id='word_1_555' title='bbox 3427 3280 3645 3334; x_wconf 80' lang='lat' dir='ltr'><strong>Petrum</strong></span> <span class='ocrx_word' id='word_1_556' title='bbox 3673 3291 3726 3334; x_wconf 89' lang='lat' dir='ltr'><strong>et</strong></span> <span class='ocrx_word' id='word_1_557' title='bbox 3750 3283 4016 3335; x_wconf 81' lang='lat' dir='ltr'><strong>Andream</strong></span> 
     </span>
    </p>
   </div>
   <div class='ocr_carea' id='block_1_77' title="bbox 2438 3377 4017 3448">
    <p class='ocr_par' dir='ltr' id='par_1_77' title="bbox 2438 3377 4017 3448">
     <span class='ocr_line' id='line_1_77' title="bbox 2438 3377 4017 3448; baseline -0.003 -16"><span class='ocrx_word' id='word_1_558' title='bbox 2438 3379 2730 3448; x_wconf 81' lang='lat' dir='ltr'><strong>repetisse,</strong></span> <span class='ocrx_word' id='word_1_559' title='bbox 2766 3393 2952 3429; x_wconf 87' lang='lat' dir='ltr'><strong>verum</strong></span> <span class='ocrx_word' id='word_1_560' title='bbox 3009 3377 3135 3429; x_wconf 90' lang='lat' dir='ltr'><strong>illud</strong></span> <span class='ocrx_word' id='word_1_561' title='bbox 3181 3377 3460 3429; x_wconf 79' lang='lat' dir='ltr'><strong>evidenter</strong></span> <span class='ocrx_word' id='word_1_562' title='bbox 3506 3390 3798 3428; x_wconf 84' lang='lat' dir='ltr'><strong>erroneum</strong></span> <span class='ocrx_word' id='word_1_563' title='bbox 3837 3388 3939 3439; x_wconf 79' lang='lat' dir='ltr'><strong>esr,</strong></span> <span class='ocrx_word' id='word_1_564' title='bbox 3972 3384 4017 3428; x_wconf 82' lang='lat' dir='ltr'><strong>et</strong></span> 
     </span>
    </p>
   </div>
   <div class='ocr_carea' id='block_1_78' title="bbox 2437 3461 4016 3534">
    <p class='ocr_par' dir='ltr' id='par_1_78' title="bbox 2437 3461 4016 3534">
     <span class='ocr_line' id='line_1_78' title="bbox 2437 3461 4016 3534; baseline -0.005 -10"><span class='ocrx_word' id='word_1_565' title='bbox 2437 3487 2498 3525; x_wconf 76' lang='lat' dir='ltr'><strong>ex</strong></span> <span class='ocrx_word' id='word_1_566' title='bbox 2535 3471 2673 3523; x_wconf 85' lang='lat' dir='ltr'><strong>male</strong></span> <span class='ocrx_word' id='word_1_567' title='bbox 2703 3468 2978 3522; x_wconf 89' lang='lat' dir='ltr'><strong>intellecto</strong></span> <span class='ocrx_word' id='word_1_568' title='bbox 3011 3466 3314 3534; x_wconf 60' lang='lat' dir='ltr'><strong>Menelogio</strong></span> <span class='ocrx_word' id='word_1_569' title='bbox 3342 3461 3614 3518; x_wconf 82' lang='lat' dir='ltr'><strong>Basiliano</strong></span> <span class='ocrx_word' id='word_1_570' title='bbox 3648 3465 3928 3532; x_wconf 80' lang='lat' dir='ltr'><strong>proﬂuxit.</strong></span> <span class='ocrx_word' id='word_1_571' title='bbox 3966 3465 4016 3516; x_wconf 89' lang='lat' dir='ltr'><strong>ln</strong></span> 
     </span>
    </p>
   </div>
   <div class='ocr_carea' id='block_1_79' title="bbox 2439 3557 4016 3630">
    <p class='ocr_par' dir='ltr' id='par_1_79' title="bbox 2439 3557 4016 3630">
     <span class='ocr_line' id='line_1_79' title="bbox 2439 3557 4016 3630; baseline -0.003 -16"><span class='ocrx_word' id='word_1_572' title='bbox 2439 3563 2601 3630; x_wconf 82' lang='lat' dir='ltr'><strong>hujus</strong></span> <span class='ocrx_word' id='word_1_573' title='bbox 2628 3560 2931 3630; x_wconf 71' lang='lat' dir='ltr'><strong>synaxario,</strong></span> <span class='ocrx_word' id='word_1_574' title='bbox 2964 3560 3030 3611; x_wconf 89' lang='lat' dir='ltr'><strong>ad</strong></span> <span class='ocrx_word' id='word_1_575' title='bbox 3081 3559 3329 3610; x_wconf 85' lang='lat' dir='ltr'><strong>eumdem</strong></span> <span class='ocrx_word' id='word_1_576' title='bbox 3378 3557 3540 3619; x_wconf 81' lang='lat' dir='ltr'><strong>diem,</strong></span> <span class='ocrx_word' id='word_1_577' title='bbox 3586 3557 3778 3610; x_wconf 81' lang='lat' dir='ltr'><strong>titulus</strong></span> <span class='ocrx_word' id='word_1_578' title='bbox 3813 3560 3970 3610; x_wconf 75' lang='lat' dir='ltr'><strong>habet</strong></span> <span class='ocrx_word' id='word_1_579' title='bbox 4003 3573 4016 3610; x_wconf 85' lang='lat'>:</span> 
     </span>
    </p>
   </div>
   <div class='ocr_carea' id='block_1_80' title="bbox 2437 3645 4018 3719">
    <p class='ocr_par' dir='ltr' id='par_1_80' title="bbox 2437 3645 4018 3719">
     <span class='ocr_line' id='line_1_80' title="bbox 2437 3645 4018 3719; baseline -0.004 -14"><span class='ocrx_word' id='word_1_580' title='bbox 2437 3651 2725 3712; x_wconf 84' lang='lat' dir='ltr'><strong>Certamen</strong></span> <span class='ocrx_word' id='word_1_581' title='bbox 2768 3649 2822 3704; x_wconf 88' lang='grc'><strong>5.</strong></span> <span class='ocrx_word' id='word_1_582' title='bbox 2859 3648 3120 3719; x_wconf 73' lang='lat' dir='ltr'><strong>Stephani</strong></span> <span class='ocrx_word' id='word_1_583' title='bbox 3161 3645 3405 3701; x_wconf 85' lang='lat' dir='ltr'><strong>Junioris</strong></span> <span class='ocrx_word' id='word_1_584' title='bbox 3451 3649 3702 3702; x_wconf 83' lang='lat' dir='ltr'><strong>monachi</strong></span> <span class='ocrx_word' id='word_1_585' title='bbox 3735 3660 3791 3702; x_wconf 89' lang='lat' dir='ltr'><strong>et</strong></span> <span class='ocrx_word' id='word_1_586' title='bbox 3827 3660 4018 3718; x_wconf 75' lang='lat' dir='ltr'><strong>marty-</strong></span> 
     </span>
    </p>
   </div>
   <div class='ocr_carea' id='block_1_81' title="bbox 2438 3741 4016 3813">
    <p class='ocr_par' dir='ltr' id='par_1_81' title="bbox 2438 3741 4016 3813">
     <span class='ocr_line' id='line_1_81' title="bbox 2438 3741 4016 3813; baseline -0.001 -16"><span class='ocrx_word' id='word_1_587' title='bbox 2438 3745 2536 3806; x_wconf 85' lang='lat' dir='ltr'><strong>ris,</strong></span> <span class='ocrx_word' id='word_1_588' title='bbox 2581 3753 2632 3797; x_wconf 85' lang='lat' dir='ltr'><strong>et</strong></span> <span class='ocrx_word' id='word_1_589' title='bbox 2675 3745 2767 3813; x_wconf 85' lang='lat' dir='ltr'><strong>qui</strong></span> <span class='ocrx_word' id='word_1_590' title='bbox 2814 3759 2936 3795; x_wconf 93' lang='lat' dir='ltr'><strong>cum</strong></span> <span class='ocrx_word' id='word_1_591' title='bbox 2982 3759 3047 3797; x_wconf 86' lang='lat' dir='ltr'><strong>eo</strong></span> <span class='ocrx_word' id='word_1_592' title='bbox 3096 3744 3236 3812; x_wconf 88' lang='lat' dir='ltr'><strong>passi</strong></span> <span class='ocrx_word' id='word_1_593' title='bbox 3285 3752 3433 3805; x_wconf 82' lang='lat' dir='ltr'><strong>sunt,</strong></span> <span class='ocrx_word' id='word_1_594' title='bbox 3486 3741 3628 3797; x_wconf 80' lang='lat' dir='ltr'><strong>Petri</strong></span> <span class='ocrx_word' id='word_1_595' title='bbox 3681 3753 3738 3796; x_wconf 86' lang='lat' dir='ltr'><strong>et</strong></span> <span class='ocrx_word' id='word_1_596' title='bbox 3774 3745 4016 3797; x_wconf 72' lang='lat' dir='ltr'><strong>Andreae.</strong></span> 
     </span>
    </p>
   </div>
   <div class='ocr_carea' id='block_1_82' title="bbox 2438 3833 4014 3903">
    <p class='ocr_par' dir='ltr' id='par_1_82' title="bbox 2438 3833 4014 3903">
     <span class='ocr_line' id='line_1_82' title="bbox 2438 3833 4014 3903; baseline -0.003 -13"><span class='ocrx_word' id='word_1_597' title='bbox 2438 3836 2572 3889; x_wconf 84' lang='lat' dir='ltr'><strong>Dein</strong></span> <span class='ocrx_word' id='word_1_598' title='bbox 2609 3835 2664 3887; x_wconf 87' lang='grc'><strong>5.</strong></span> <span class='ocrx_word' id='word_1_599' title='bbox 2710 3834 2956 3888; x_wconf 81' lang='lat' dir='ltr'><strong>Andreas</strong></span> <span class='ocrx_word' id='word_1_600' title='bbox 2987 3834 3203 3903; x_wconf 82' lang='lat' dir='ltr'><strong>quidem</strong></span> <span class='ocrx_word' id='word_1_601' title='bbox 3233 3833 3432 3887; x_wconf 81' lang='lat' dir='ltr'><strong>dicitur</strong></span> <span class='ocrx_word' id='word_1_602' title='bbox 3465 3834 3772 3887; x_wconf 84' lang='lat' dir='ltr'><strong>monachus</strong></span> <span class='ocrx_word' id='word_1_603' title='bbox 3811 3835 3972 3889; x_wconf 80' lang='lat' dir='ltr'><strong>fuisse</strong></span> <span class='ocrx_word' id='word_1_604' title='bbox 4003 3852 4014 3886; x_wconf 89' lang='lat'>:</span> 
     </span>
    </p>
   </div>
   <div class='ocr_carea' id='block_1_83' title="bbox 2435 3925 4016 3992">
    <p class='ocr_par' dir='ltr' id='par_1_83' title="bbox 2435 3925 4016 3992">
     <span class='ocr_line' id='line_1_83' title="bbox 2435 3925 4016 3992; baseline -0.004 -11"><span class='ocrx_word' id='word_1_605' title='bbox 2435 3931 2462 3981; x_wconf 76' lang='grc'>6</span> <span class='ocrx_word' id='word_1_606' title='bbox 2495 3930 2658 3990; x_wconf 69' lang='grc' dir='ltr'>ὅσιος,</span> <span class='ocrx_word' id='word_1_607' title='bbox 2697 3928 2789 3981; x_wconf 89' lang='lat' dir='ltr'><strong>sed</strong></span> <span class='ocrx_word' id='word_1_608' title='bbox 2818 3927 2874 3978; x_wconf 87' lang='grc'><strong>5.</strong></span> <span class='ocrx_word' id='word_1_609' title='bbox 2907 3927 3100 3980; x_wconf 86' lang='lat' dir='ltr'><strong>Petrus</strong></span> <span class='ocrx_word' id='word_1_610' title='bbox 3130 3931 3357 3977; x_wconf 83' lang='lat' dir='ltr'><strong>vocatur</strong></span> <span class='ocrx_word' id='word_1_611' title='bbox 3391 3925 3714 3992; x_wconf 76' lang='lat' dir='ltr'><strong>simpliciter</strong></span> <span class='ocrx_word' id='word_1_612' title='bbox 3743 3944 3754 3977; x_wconf 88' lang='lat'>:</span> <span class='ocrx_word' id='word_1_613' title='bbox 3790 3927 3817 3977; x_wconf 79' lang='grc' dir='ltr'><strong>ὀ</strong></span> <span class='ocrx_word' id='word_1_614' title='bbox 3849 3927 4016 3992; x_wconf 77' lang='grc' dir='ltr'><strong>ἆγιος,</strong></span> 
     </span>
    </p>
   </div>
   <div class='ocr_carea' id='block_1_84' title="bbox 2442 4018 4019 4085">
    <p class='ocr_par' dir='ltr' id='par_1_84' title="bbox 2442 4018 4019 4085">
     <span class='ocr_line' id='line_1_84' title="bbox 2442 4018 4019 4085; baseline -0.006 -11"><span class='ocrx_word' id='word_1_615' title='bbox 2442 4032 2494 4074; x_wconf 87' lang='lat' dir='ltr'><strong>et</strong></span> <span class='ocrx_word' id='word_1_616' title='bbox 2525 4023 2791 4072; x_wconf 80' lang='lat' dir='ltr'><strong>enarratis</strong></span> <span class='ocrx_word' id='word_1_617' title='bbox 2813 4019 3052 4071; x_wconf 88' lang='lat' dir='ltr'><strong>breviter</strong></span> <span class='ocrx_word' id='word_1_618' title='bbox 3085 4018 3365 4070; x_wconf 83' lang='lat' dir='ltr'><strong>amborum</strong></span> <span class='ocrx_word' id='word_1_619' title='bbox 3408 4020 3701 4085; x_wconf 75' lang='lat' dir='ltr'><strong>martyriis,</strong></span> <span class='ocrx_word' id='word_1_620' title='bbox 3739 4021 3901 4071; x_wconf 73' lang='lat' dir='ltr'><strong>siculi</strong></span> <span class='ocrx_word' id='word_1_621' title='bbox 3936 4035 4019 4071; x_wconf 74' lang='lat' dir='ltr'><strong>su.</strong></span> 
     </span>
    </p>
   </div>
   <div class='ocr_carea' id='block_1_85' title="bbox 2442 4104 4017 4178">
    <p class='ocr_par' dir='ltr' id='par_1_85' title="bbox 2442 4104 4017 4178">
     <span class='ocr_line' id='line_1_85' title="bbox 2442 4104 4017 4178; baseline -0.003 -17"><span class='ocrx_word' id='word_1_622' title='bbox 2442 4125 2533 4178; x_wconf 88' lang='lat' dir='ltr'><strong>pra</strong></span> <span class='ocrx_word' id='word_1_623' title='bbox 2561 4119 2615 4160; x_wconf 87' lang='lat' dir='ltr'><strong>et</strong></span> <span class='ocrx_word' id='word_1_624' title='bbox 2660 4110 2712 4160; x_wconf 90' lang='lat' dir='ltr'><strong>in</strong></span> <span class='ocrx_word' id='word_1_625' title='bbox 2765 4107 2914 4160; x_wconf 90' lang='lat' dir='ltr'><strong>Actis</strong></span> <span class='ocrx_word' id='word_1_626' title='bbox 2960 4106 3363 4168; x_wconf 86' lang='lat' dir='ltr'><strong>describuntur,</strong></span> <span class='ocrx_word' id='word_1_627' title='bbox 3399 4105 3464 4157; x_wconf 90' lang='lat' dir='ltr'><strong>de</strong></span> <span class='ocrx_word' id='word_1_628' title='bbox 3494 4104 3551 4156; x_wconf 87' lang='grc'><strong>5.</strong></span> <span class='ocrx_word' id='word_1_629' title='bbox 3592 4105 3755 4159; x_wconf 81' lang='lat' dir='ltr'><strong>Petro</strong></span> <span class='ocrx_word' id='word_1_630' title='bbox 3781 4108 4017 4169; x_wconf 85' lang='lat' dir='ltr'><strong>additur,</strong></span> 
     </span>
    </p>
   </div>
   <div class='ocr_carea' id='block_1_86' title="bbox 2443 4193 4021 4264">
    <p class='ocr_par' dir='ltr' id='par_1_86' title="bbox 2443 4193 4021 4264">
     <span class='ocr_line' id='line_1_86' title="bbox 2443 4193 4021 4264; baseline 0.001 -14"><span class='ocrx_word' id='word_1_631' title='bbox 2443 4211 2566 4251; x_wconf 89' lang='lat' dir='ltr'><strong>eum</strong></span> <span class='ocrx_word' id='word_1_632' title='bbox 2592 4197 2743 4264; x_wconf 87' lang='lat' dir='ltr'><strong>prius</strong></span> <span class='ocrx_word' id='word_1_633' title='bbox 2783 4211 3003 4252; x_wconf 85' lang='lat' dir='ltr'><strong>carcere</strong></span> <span class='ocrx_word' id='word_1_634' title='bbox 3053 4196 3331 4250; x_wconf 83' lang='lat' dir='ltr'><strong>detentum</strong></span> <span class='ocrx_word' id='word_1_635' title='bbox 3386 4193 3554 4247; x_wconf 84' lang='lat' dir='ltr'><strong>luisse</strong></span> <span class='ocrx_word' id='word_1_636' title='bbox 3611 4195 3742 4260; x_wconf 67' lang='grc' dir='ltr'>(ριν.</span> <span class='ocrx_word' id='word_1_637' title='bbox 3777 4200 4021 4251; x_wconf 76' lang='lat' dir='ltr'><strong>num.15</strong></span> 
     </span>
    </p>
   </div>
   <div class='ocr_carea' id='block_1_87' title="bbox 2443 4289 2822 4358">
    <p class='ocr_par' dir='ltr' id='par_1_87' title="bbox 2443 4289 2822 4358">
     <span class='ocr_line' id='line_1_87' title="bbox 2443 4289 2822 4358; baseline 0.003 -17"><span class='ocrx_word' id='word_1_638' title='bbox 2443 4289 2587 4341; x_wconf 86' lang='lat' dir='ltr'><strong>circa</strong></span> <span class='ocrx_word' id='word_1_639' title='bbox 2619 4289 2822 4358; x_wconf 88' lang='lat' dir='ltr'><strong>linem).</strong></span> 
     </span>
    </p>
   </div>
   <div class='ocr_carea' id='block_1_88' title="bbox 2519 4395 4018 4466">
    <p class='ocr_par' dir='ltr' id='par_1_88' title="bbox 2519 4395 4018 4466">
     <span class='ocr_line' id='line_1_88' title="bbox 2519 4395 4018 4466; baseline 0 -18"><span class='ocrx_word' id='word_1_640' title='bbox 2519 4395 2848 4456; x_wconf 70' lang='lat' dir='ltr'><strong>52.0uibus</strong></span> <span class='ocrx_word' id='word_1_641' title='bbox 2923 4412 3028 4449; x_wconf 83' lang='lat' dir='ltr'><strong>non</strong></span> <span class='ocrx_word' id='word_1_642' title='bbox 3091 4405 3345 4449; x_wconf 85' lang='lat' dir='ltr'><strong>accurate</strong></span> <span class='ocrx_word' id='word_1_643' title='bbox 3417 4395 3675 4450; x_wconf 87' lang='lat' dir='ltr'><strong>discussis</strong></span> <span class='ocrx_word' id='word_1_644' title='bbox 3737 4409 3834 4450; x_wconf 79' lang='lat' dir='ltr'><strong>aut</strong></span> <span class='ocrx_word' id='word_1_645' title='bbox 3876 4400 4018 4466; x_wconf 76' lang='lat' dir='ltr'><strong>juxta</strong></span> 
     </span>
    </p>
   </div>
   <div class='ocr_carea' id='block_1_89' title="bbox 2445 4485 4018 4556">
    <p class='ocr_par' dir='ltr' id='par_1_89' title="bbox 2445 4485 4018 4556">
     <span class='ocr_line' id='line_1_89' title="bbox 2445 4485 4018 4556; baseline 0.001 -18"><span class='ocrx_word' id='word_1_646' title='bbox 2445 4487 2577 4538; x_wconf 81' lang='lat' dir='ltr'><strong>Acta</strong></span> <span class='ocrx_word' id='word_1_647' title='bbox 2606 4487 2915 4539; x_wconf 89' lang='lat' dir='ltr'><strong>authentica</strong></span> <span class='ocrx_word' id='word_1_648' title='bbox 2944 4486 3266 4550; x_wconf 86' lang='lat' dir='ltr'><strong>emendatis,</strong></span> <span class='ocrx_word' id='word_1_649' title='bbox 3295 4489 3663 4556; x_wconf 76' lang='lat' dir='ltr'><strong>synaxaristes</strong></span> <span class='ocrx_word' id='word_1_650' title='bbox 3696 4485 4018 4541; x_wconf 65' lang='lat' dir='ltr'><strong>Menaeorum</strong></span> 
     </span>
    </p>
   </div>
   <div class='ocr_carea' id='block_1_90' title="bbox 761 4563 4016 4644">
    <p class='ocr_par' dir='ltr' id='par_1_90' title="bbox 761 4563 4016 4644">
     <span class='ocr_line' id='line_1_90' title="bbox 761 4563 4016 4644; baseline 0.002 -20"><span class='ocrx_word' id='word_1_651' title='bbox 761 4586 888 4624; x_wconf 92' lang='lat' dir='ltr'><strong>num</strong></span> <span class='ocrx_word' id='word_1_652' title='bbox 918 4579 995 4624; x_wconf 84' lang='lat' dir='ltr'><strong>e5t</strong></span> <span class='ocrx_word' id='word_1_653' title='bbox 1027 4567 1269 4636; x_wconf 82' lang='lat' dir='ltr'><strong>judicare</strong></span> <span class='ocrx_word' id='word_1_654' title='bbox 1302 4565 1414 4617; x_wconf 74' lang='lat' dir='ltr'><strong>haec</strong></span> <span class='ocrx_word' id='word_1_655' title='bbox 1447 4564 1580 4617; x_wconf 83' lang='lat' dir='ltr'><strong>Acta</strong></span> <span class='ocrx_word' id='word_1_656' title='bbox 1616 4563 1792 4630; x_wconf 89' lang='lat' dir='ltr'><strong>priora</strong></span> <span class='ocrx_word' id='word_1_657' title='bbox 1827 4563 1978 4633; x_wconf 91' lang='lat' dir='ltr'><strong>Cpoli</strong></span> <span class='ocrx_word' id='word_1_658' title='bbox 2022 4581 2130 4621; x_wconf 90' lang='lat' dir='ltr'><strong>non</strong></span> <span class='ocrx_word' id='word_1_659' title='bbox 2166 4568 2334 4624; x_wconf 82' lang='lat' dir='ltr'><strong>fuisse</strong></span> <span class='ocrx_word' id='word_1_660' title='bbox 2363 4583 2414 4644; x_wconf 82' lang='lat' dir='ltr'><strong><em>D</em></strong></span> <span class='ocrx_word' id='word_1_661' title='bbox 2442 4578 2704 4633; x_wconf 85' lang='lat' dir='ltr'><strong>discernit</strong></span> <span class='ocrx_word' id='word_1_662' title='bbox 2742 4577 3101 4638; x_wconf 83' lang='lat' dir='ltr'><strong>a_monacbis</strong></span> <span class='ocrx_word' id='word_1_663' title='bbox 3151 4577 3209 4631; x_wconf 85' lang='grc'><strong>5.</strong></span> <span class='ocrx_word' id='word_1_664' title='bbox 3261 4576 3478 4630; x_wconf 87' lang='lat' dir='ltr'><strong>Petrum</strong></span> <span class='ocrx_word' id='word_1_665' title='bbox 3523 4585 3575 4630; x_wconf 88' lang='lat' dir='ltr'><strong>et</strong></span> <span class='ocrx_word' id='word_1_666' title='bbox 3623 4576 3681 4628; x_wconf 87' lang='lat' dir='ltr'><strong>S.</strong></span> <span class='ocrx_word' id='word_1_667' title='bbox 3735 4579 4016 4639; x_wconf 86' lang='lat' dir='ltr'><strong>Andream.</strong></span> 
     </span>
    </p>
   </div>
   <div class='ocr_carea' id='block_1_91' title="bbox 761 4655 2335 4734">
    <p class='ocr_par' dir='ltr' id='par_1_91' title="bbox 761 4655 2335 4734">
     <span class='ocr_line' id='line_1_91' title="bbox 761 4655 2335 4734; baseline -0.001 -16"><span class='ocrx_word' id='word_1_668' title='bbox 761 4668 985 4734; x_wconf 83' lang='lat' dir='ltr'><strong>scripta,</strong></span> <span class='ocrx_word' id='word_1_669' title='bbox 1015 4662 1158 4729; x_wconf 88' lang='lat' dir='ltr'><strong>quod</strong></span> <span class='ocrx_word' id='word_1_670' title='bbox 1198 4663 1390 4711; x_wconf 86' lang='lat' dir='ltr'><strong>iterum</strong></span> <span class='ocrx_word' id='word_1_671' title='bbox 1429 4671 1492 4710; x_wconf 76' lang='lat' dir='ltr'><strong>ex</strong></span> <span class='ocrx_word' id='word_1_672' title='bbox 1543 4655 1683 4708; x_wconf 88' lang='lat' dir='ltr'><strong>inl&#39;ra</strong></span> <span class='ocrx_word' id='word_1_673' title='bbox 1714 4655 1958 4710; x_wconf 86' lang='lat' dir='ltr'><strong>dicendis</strong></span> <span class='ocrx_word' id='word_1_674' title='bbox 1988 4674 2126 4727; x_wconf 90' lang='lat' dir='ltr'><strong>pene</strong></span> <span class='ocrx_word' id='word_1_675' title='bbox 2159 4662 2335 4715; x_wconf 85' lang='lat' dir='ltr'><strong>mani-</strong></span> 
     </span>
    </p>
   </div>
   <div class='ocr_carea' id='block_1_92' title="bbox 763 4748 2339 4818">
    <p class='ocr_par' dir='ltr' id='par_1_92' title="bbox 763 4748 2339 4818">
     <span class='ocr_line' id='line_1_92' title="bbox 763 4748 2339 4818; baseline -0.003 -8"><span class='ocrx_word' id='word_1_676' title='bbox 763 4758 958 4810; x_wconf 77' lang='lat' dir='ltr'><strong>festum</strong></span> <span class='ocrx_word' id='word_1_677' title='bbox 996 4756 1106 4808; x_wconf 91' lang='lat' dir='ltr'><strong>lict.</strong></span> <span class='ocrx_word' id='word_1_678' title='bbox 1136 4751 1303 4805; x_wconf 84' lang='lat' dir='ltr'><strong>Porro</strong></span> <span class='ocrx_word' id='word_1_679' title='bbox 1328 4764 1450 4804; x_wconf 89' lang='lat' dir='ltr'><strong>cum</strong></span> <span class='ocrx_word' id='word_1_680' title='bbox 1482 4748 1538 4803; x_wconf 91' lang='grc'><strong>5.</strong></span> <span class='ocrx_word' id='word_1_681' title='bbox 1571 4748 1818 4802; x_wconf 88' lang='lat' dir='ltr'><strong>Andreas</strong></span> <span class='ocrx_word' id='word_1_682' title='bbox 1850 4751 2056 4818; x_wconf 76' lang='lat' dir='ltr'><strong>Cpolim</strong></span> <span class='ocrx_word' id='word_1_683' title='bbox 2088 4753 2339 4806; x_wconf 79' lang='lat' dir='ltr'><strong>advenis-</strong></span> 
     </span>
    </p>
   </div>
   <div class='ocr_carea' id='block_1_93' title="bbox 762 4837 2340 4912">
    <p class='ocr_par' dir='ltr' id='par_1_93' title="bbox 762 4837 2340 4912">
     <span class='ocr_line' id='line_1_93' title="bbox 762 4837 2340 4912; baseline -0.004 -12"><span class='ocrx_word' id='word_1_684' title='bbox 762 4858 866 4912; x_wconf 69' lang='lat' dir='ltr'><strong>set,</strong></span> <span class='ocrx_word' id='word_1_685' title='bbox 902 4847 1042 4898; x_wconf 88' lang='lat' dir='ltr'><strong>illico</strong></span> <span class='ocrx_word' id='word_1_686' title='bbox 1075 4845 1140 4900; x_wconf 85' lang='lat' dir='ltr'><strong>ad</strong></span> <span class='ocrx_word' id='word_1_687' title='bbox 1182 4841 1443 4911; x_wconf 78' lang='lat' dir='ltr'><strong>palatium</strong></span> <span class='ocrx_word' id='word_1_688' title='bbox 1477 4840 1621 4908; x_wconf 89' lang='lat' dir='ltr'><strong>quod</strong></span> <span class='ocrx_word' id='word_1_689' title='bbox 1651 4857 1678 4891; x_wconf 91' lang='lat' dir='ltr'><strong>a</strong></span> <span class='ocrx_word' id='word_1_690' title='bbox 1725 4837 1782 4894; x_wconf 91' lang='lat' dir='ltr'><strong>S.</strong></span> <span class='ocrx_word' id='word_1_691' title='bbox 1819 4837 2088 4894; x_wconf 77' lang='lat' dir='ltr'><strong>Mamante</strong></span> <span class='ocrx_word' id='word_1_692' title='bbox 2127 4856 2340 4894; x_wconf 87' lang='lat' dir='ltr'><strong>nuncu-</strong></span> 
     </span>
    </p>
   </div>
   <div class='ocr_carea' id='block_1_94' title="bbox 767 4931 2340 5009">
    <p class='ocr_par' dir='ltr' id='par_1_94' title="bbox 767 4931 2340 5009">
     <span class='ocr_line' id='line_1_94' title="bbox 767 4931 2340 5009; baseline -0.003 -16"><span class='ocrx_word' id='word_1_693' title='bbox 767 4953 944 5009; x_wconf 87' lang='lat' dir='ltr'><strong>patur,</strong></span> <span class='ocrx_word' id='word_1_694' title='bbox 994 4952 1050 4992; x_wconf 87' lang='lat' dir='ltr'><strong>se</strong></span> <span class='ocrx_word' id='word_1_695' title='bbox 1100 4934 1352 4995; x_wconf 89' lang='lat' dir='ltr'><strong>contulit,</strong></span> <span class='ocrx_word' id='word_1_696' title='bbox 1385 4931 1533 5002; x_wconf 87' lang='lat' dir='ltr'><strong>quod</strong></span> <span class='ocrx_word' id='word_1_697' title='bbox 1567 4933 1635 4984; x_wconf 85' lang='lat' dir='ltr'><strong>ibi</strong></span> <span class='ocrx_word' id='word_1_698' title='bbox 1685 4935 1978 4999; x_wconf 84' lang='lat' dir='ltr'><strong>imperator</strong></span> <span class='ocrx_word' id='word_1_699' title='bbox 2018 4933 2255 5002; x_wconf 72' lang='lat' dir='ltr'><strong>degeret,</strong></span> <span class='ocrx_word' id='word_1_700' title='bbox 2287 4944 2340 4988; x_wconf 90' lang='lat' dir='ltr'><strong>ct</strong></span> 
     </span>
    </p>
   </div>
   <div class='ocr_carea' id='block_1_95' title="bbox 763 5023 2336 5098">
    <p class='ocr_par' dir='ltr' id='par_1_95' title="bbox 763 5023 2336 5098">
     <span class='ocr_line' id='line_1_95' title="bbox 763 5023 2336 5098; baseline -0.004 -14"><span class='ocrx_word' id='word_1_701' title='bbox 763 5035 1021 5084; x_wconf 81' lang='lat' dir='ltr'><strong>continua</strong></span> <span class='ocrx_word' id='word_1_702' title='bbox 1054 5029 1434 5098; x_wconf 82' lang='lat' dir='ltr'><strong>martyriorum</strong></span> <span class='ocrx_word' id='word_1_703' title='bbox 1467 5023 1777 5094; x_wconf 82' lang='lat' dir='ltr'><strong>spectacula</strong></span> <span class='ocrx_word' id='word_1_704' title='bbox 1805 5023 1856 5077; x_wconf 91' lang='lat' dir='ltr'><strong>in</strong></span> <span class='ocrx_word' id='word_1_705' title='bbox 1889 5024 2173 5093; x_wconf 70' lang='lat' dir='ltr'><strong>adiacente</strong></span> <span class='ocrx_word' id='word_1_706' title='bbox 2205 5025 2336 5095; x_wconf 83' lang='lat' dir='ltr'><strong>Hip-</strong></span> 
     </span>
    </p>
   </div>
   <div class='ocr_carea' id='block_1_96' title="bbox 770 5118 2340 5192">
    <p class='ocr_par' dir='ltr' id='par_1_96' title="bbox 770 5118 2340 5192">
     <span class='ocr_line' id='line_1_96' title="bbox 770 5118 2340 5192; baseline -0.003 -15"><span class='ocrx_word' id='word_1_707' title='bbox 770 5121 1049 5192; x_wconf 88' lang='lat' dir='ltr'><strong>podromio</strong></span> <span class='ocrx_word' id='word_1_708' title='bbox 1083 5121 1228 5189; x_wconf 60' lang='lat'><strong>0‘28)</strong></span> <span class='ocrx_word' id='word_1_709' title='bbox 1257 5120 1568 5172; x_wconf 89' lang='lat' dir='ltr'><strong>ederentur.</strong></span> <span class='ocrx_word' id='word_1_710' title='bbox 1609 5118 1871 5170; x_wconf 83' lang='lat' dir='ltr'><strong>Palatium</strong></span> <span class='ocrx_word' id='word_1_711' title='bbox 1898 5119 2029 5171; x_wconf 86' lang='lat' dir='ltr'><strong>illud</strong></span> <span class='ocrx_word' id='word_1_712' title='bbox 2063 5130 2213 5173; x_wconf 84' lang='lat' dir='ltr'><strong>extra</strong></span> <span class='ocrx_word' id='word_1_713' title='bbox 2249 5136 2340 5172; x_wconf 85' lang='lat' dir='ltr'><strong>ur-</strong></span> 
     </span>
    </p>
   </div>
   <div class='ocr_carea' id='block_1_97' title="bbox 768 5210 2339 5282">
    <p class='ocr_par' dir='ltr' id='par_1_97' title="bbox 768 5210 2339 5282">
     <span class='ocr_line' id='line_1_97' title="bbox 768 5210 2339 5282; baseline -0.005 -10"><span class='ocrx_word' id='word_1_714' title='bbox 768 5221 911 5277; x_wconf 86' lang='lat' dir='ltr'><strong>bem.</strong></span> <span class='ocrx_word' id='word_1_715' title='bbox 946 5217 1286 5271; x_wconf 84' lang='lat' dir='ltr'><strong>occidentem</strong></span> <span class='ocrx_word' id='word_1_716' title='bbox 1329 5226 1538 5277; x_wconf 86' lang='lat' dir='ltr'><strong>versus,</strong></span> <span class='ocrx_word' id='word_1_717' title='bbox 1568 5211 1623 5264; x_wconf 91' lang='lat' dir='ltr'><strong>in</strong></span> <span class='ocrx_word' id='word_1_718' title='bbox 1655 5210 1862 5264; x_wconf 87' lang='lat' dir='ltr'><strong>decima</strong></span> <span class='ocrx_word' id='word_1_719' title='bbox 1898 5223 2088 5278; x_wconf 80' lang='lat' dir='ltr'><strong>quarta</strong></span> <span class='ocrx_word' id='word_1_720' title='bbox 2122 5214 2339 5282; x_wconf 74' lang='lat' dir='ltr'><strong>regione</strong></span> 
     </span>
    </p>
   </div>
   <div class='ocr_carea' id='block_1_98' title="bbox 843 5367 2337 5447">
    <p class='ocr_par' dir='ltr' id='par_1_98' title="bbox 843 5367 2337 5447">
     <span class='ocr_line' id='line_1_98' title="bbox 843 5367 2337 5447; baseline -0.003 -17"><span class='ocrx_word' id='word_1_721' title='bbox 843 5371 1072 5447; x_wconf 59' lang='lat' dir='ltr'><strong>(WHT.</strong></span> <span class='ocrx_word' id='word_1_722' title='bbox 1111 5373 1130 5429; x_wconf 85' lang='grc' dir='ltr'><strong>Ι</strong></span> <span class='ocrx_word' id='word_1_723' title='bbox 1163 5377 1411 5435; x_wconf 82' lang='lat' dir='ltr'><strong>Januar.,</strong></span> <span class='ocrx_word' id='word_1_724' title='bbox 1445 5385 1500 5441; x_wconf 90' lang='lat' dir='ltr'><strong>p.</strong></span> <span class='ocrx_word' id='word_1_725' title='bbox 1532 5371 1671 5437; x_wconf 70' lang='lat'><strong>262;</strong></span> <span class='ocrx_word' id='word_1_726' title='bbox 1702 5369 1782 5426; x_wconf 84' lang='lat' dir='ltr'><strong>cfr</strong></span> <span class='ocrx_word' id='word_1_727' title='bbox 1805 5381 1841 5425; x_wconf 88' lang='lat' dir='ltr'><strong>t.</strong></span> <span class='ocrx_word' id='word_1_728' title='bbox 1881 5369 1920 5424; x_wconf 95' lang='lat' dir='ltr'><strong>ll</strong></span> <span class='ocrx_word' id='word_1_729' title='bbox 1949 5367 2134 5433; x_wconf 84' lang='lat' dir='ltr'><strong>Febr.,</strong></span> <span class='ocrx_word' id='word_1_730' title='bbox 2169 5389 2220 5442; x_wconf 90' lang='lat' dir='ltr'><strong>p.</strong></span> <span class='ocrx_word' id='word_1_731' title='bbox 2249 5374 2337 5436; x_wconf 85' lang='lat'><strong>9|,</strong></span> 
     </span>
    </p>
   </div>
   <div class='ocr_carea' id='block_1_99' title="bbox 772 5447 2337 5595">
    <p class='ocr_par' dir='ltr' id='par_1_99' title="bbox 772 5447 2337 5595">
     <span class='ocr_line' id='line_1_99' title="bbox 772 5447 2337 5595; baseline 0.001 -29"><span class='ocrx_word' id='word_1_732' title='bbox 772 5447 989 5595; x_wconf 39' lang='lat' dir='ltr'><strong>&quot;riga;</strong></span> <span class='ocrx_word' id='word_1_733' title='bbox 1013 5514 1150 5567; x_wconf 76' lang='lat' dir='ltr'><strong>Edit.</strong></span> <span class='ocrx_word' id='word_1_734' title='bbox 1185 5512 1355 5578; x_wconf 77' lang='lat' dir='ltr'><strong>Paris,</strong></span> <span class='ocrx_word' id='word_1_735' title='bbox 1392 5529 1444 5584; x_wconf 89' lang='lat' dir='ltr'><strong>p.</strong></span> <span class='ocrx_word' id='word_1_736' title='bbox 1476 5511 1614 5578; x_wconf 72' lang='lat'><strong>263;</strong></span> <span class='ocrx_word' id='word_1_737' title='bbox 1652 5511 1726 5566; x_wconf 77' lang='lat' dir='ltr'><strong>cl&#39;r</strong></span> <span class='ocrx_word' id='word_1_738' title='bbox 1752 5521 1789 5565; x_wconf 90' lang='lat' dir='ltr'><strong>t.</strong></span> <span class='ocrx_word' id='word_1_739' title='bbox 1823 5512 1865 5564; x_wconf 89' lang='lat' dir='ltr'><strong>ll</strong></span> <span class='ocrx_word' id='word_1_740' title='bbox 1898 5510 2049 5576; x_wconf 61' lang='lat' dir='ltr'><strong>Feb,</strong></span> <span class='ocrx_word' id='word_1_741' title='bbox 2087 5514 2185 5568; x_wconf 86' lang='lat' dir='ltr'><strong>loc.</strong></span> <span class='ocrx_word' id='word_1_742' title='bbox 2220 5513 2337 5575; x_wconf 82' lang='lat' dir='ltr'><strong>cit..</strong></span> 
     </span>
    </p>
   </div>
   <div class='ocr_carea' id='block_1_100' title="bbox 766 5599 1618 5723">
    <p class='ocr_par' dir='ltr' id='par_1_100' title="bbox 766 5599 1618 5723">
     <span class='ocr_line' id='line_1_100' title="bbox 766 5599 1618 5723; baseline -0.008 -12"><span class='ocrx_word' id='word_1_743' title='bbox 766 5599 991 5723; x_wconf 35' lang='lat' dir='ltr'><strong>belli?»</strong></span> <span class='ocrx_word' id='word_1_744' title='bbox 1024 5653 1126 5708; x_wconf 86' lang='lat' dir='ltr'><strong>T.l</strong></span> <span class='ocrx_word' id='word_1_745' title='bbox 1167 5652 1314 5715; x_wconf 78' lang='lat' dir='ltr'><strong>Maii,</strong></span> <span class='ocrx_word' id='word_1_746' title='bbox 1346 5669 1396 5722; x_wconf 89' lang='lat' dir='ltr'><strong>p.</strong></span> <span class='ocrx_word' id='word_1_747' title='bbox 1435 5671 1618 5709; x_wconf 69' lang='lat' dir='ltr'><strong>xxrtit.</strong></span> 
     </span>
    </p>
   </div>
   <div class='ocr_carea' id='block_1_101' title="bbox 839 5724 1804 5795">
    <p class='ocr_par' dir='ltr' id='par_1_101' title="bbox 839 5724 1804 5795">
     <span class='ocr_line' id='line_1_101' title="bbox 839 5724 1804 5795; baseline -0.001 -16"><span class='ocrx_word' id='word_1_748' title='bbox 839 5728 984 5795; x_wconf 65' lang='grc'>(121)</span> <span class='ocrx_word' id='word_1_749' title='bbox 1016 5725 1078 5780; x_wconf 85' lang='grc' dir='ltr'>Τ.</span> <span class='ocrx_word' id='word_1_750' title='bbox 1110 5728 1122 5779; x_wconf 94' lang='grc' dir='ltr'><strong>Ι</strong></span> <span class='ocrx_word' id='word_1_751' title='bbox 1153 5724 1348 5795; x_wconf 84' lang='lat' dir='ltr'><strong>April.,</strong></span> <span class='ocrx_word' id='word_1_752' title='bbox 1383 5742 1434 5792; x_wconf 87' lang='lat' dir='ltr'><strong>p.</strong></span> <span class='ocrx_word' id='word_1_753' title='bbox 1465 5727 1591 5788; x_wconf 69' lang='lat'><strong>269,</strong></span> <span class='ocrx_word' id='word_1_754' title='bbox 1629 5742 1684 5779; x_wconf 90' lang='lat' dir='ltr'><strong>n.</strong></span> <span class='ocrx_word' id='word_1_755' title='bbox 1722 5726 1804 5779; x_wconf 82' lang='grc'>15.</span> 
     </span>
    </p>
   </div>
   <div class='ocr_carea' id='block_1_102' title="bbox 840 5792 2263 5867">
    <p class='ocr_par' dir='ltr' id='par_1_102' title="bbox 840 5792 2263 5867">
     <span class='ocr_line' id='line_1_102' title="bbox 840 5792 2263 5867; baseline 0.001 -19"><span class='ocrx_word' id='word_1_756' title='bbox 840 5792 1094 5865; x_wconf 66' lang='grc' dir='ltr'>(125)(ὶ1ι</span> <span class='ocrx_word' id='word_1_757' title='bbox 1123 5807 1160 5850; x_wconf 83' lang='grc' dir='ltr'><strong>ι.</strong></span> <span class='ocrx_word' id='word_1_758' title='bbox 1191 5797 1206 5848; x_wconf 91' lang='grc' dir='ltr'><strong>Ι</strong></span> <span class='ocrx_word' id='word_1_759' title='bbox 1238 5792 1469 5867; x_wconf 67' lang='lat' dir='ltr'><strong>.llaii,_p.</strong></span> <span class='ocrx_word' id='word_1_760' title='bbox 1491 5813 1590 5859; x_wconf 85' lang='lat' dir='ltr'><strong>vn;</strong></span> <span class='ocrx_word' id='word_1_761' title='bbox 1621 5811 1675 5852; x_wconf 83' lang='lat' dir='ltr'><strong>et</strong></span> <span class='ocrx_word' id='word_1_762' title='bbox 1709 5813 1893 5866; x_wconf 81' lang='lat' dir='ltr'><strong>supra,</strong></span> <span class='ocrx_word' id='word_1_763' title='bbox 1921 5799 1946 5867; x_wconf 60' lang='grc' dir='ltr'>ᾗ</span> <span class='ocrx_word' id='word_1_764' title='bbox 1978 5813 2012 5859; x_wconf 82' lang='grc' dir='ltr'>ι,</span> <span class='ocrx_word' id='word_1_765' title='bbox 2041 5800 2263 5865; x_wconf 78' lang='lat' dir='ltr'><strong>passim.</strong></span> 
     </span>
    </p>
   </div>
   <div class='ocr_carea' id='block_1_103' title="bbox 836 5863 2334 5938">
    <p class='ocr_par' dir='ltr' id='par_1_103' title="bbox 836 5863 2334 5938">
     <span class='ocr_line' id='line_1_103' title="bbox 836 5863 2334 5938; baseline 0 -19"><span class='ocrx_word' id='word_1_766' title='bbox 836 5863 986 5937; x_wconf 69' lang='grc'>(126)</span> <span class='ocrx_word' id='word_1_767' title='bbox 1024 5867 1094 5921; x_wconf 86' lang='lat' dir='ltr'><strong>De</strong></span> <span class='ocrx_word' id='word_1_768' title='bbox 1124 5867 1363 5936; x_wconf 86' lang='lat' dir='ltr'><strong>Bosporo</strong></span> <span class='ocrx_word' id='word_1_769' title='bbox 1383 5863 1636 5927; x_wconf 87' lang='lat' dir='ltr'><strong>Thracio,</strong></span> <span class='ocrx_word' id='word_1_770' title='bbox 1664 5863 1800 5935; x_wconf 81' lang='lat' dir='ltr'><strong>apud</strong></span> <span class='ocrx_word' id='word_1_771' title='bbox 1834 5863 2087 5923; x_wconf 50' lang='lat' dir='ltr'><strong>Gro&#39;noﬁn</strong></span> <span class='ocrx_word' id='word_1_772' title='bbox 2117 5871 2334 5938; x_wconf 74' lang='lat' dir='ltr'><strong>Antiqq.</strong></span> 
     </span>
    </p>
   </div>
   <div class='ocr_carea' id='block_1_104' title="bbox 2443 4672 4014 4742">
    <p class='ocr_par' dir='ltr' id='par_1_104' title="bbox 2443 4672 4014 4742">
     <span class='ocr_line' id='line_1_104' title="bbox 2443 4672 4014 4742; baseline 0.001 -17"><span class='ocrx_word' id='word_1_773' title='bbox 2443 4673 2689 4742; x_wconf 87' lang='lat' dir='ltr'><strong>quamvis</strong></span> <span class='ocrx_word' id='word_1_774' title='bbox 2721 4680 2906 4741; x_wconf 86' lang='lat' dir='ltr'><strong>aperte</strong></span> <span class='ocrx_word' id='word_1_775' title='bbox 2931 4686 3036 4724; x_wconf 92' lang='lat' dir='ltr'><strong>non</strong></span> <span class='ocrx_word' id='word_1_776' title='bbox 3073 4672 3213 4724; x_wconf 76' lang='lat' dir='ltr'><strong>dicat</strong></span> <span class='ocrx_word' id='word_1_777' title='bbox 3241 4687 3335 4725; x_wconf 90' lang='lat' dir='ltr'><strong>eos</strong></span> <span class='ocrx_word' id='word_1_778' title='bbox 3371 4673 3668 4728; x_wconf 88' lang='lat' dir='ltr'><strong>monachos</strong></span> <span class='ocrx_word' id='word_1_779' title='bbox 3700 4688 3811 4726; x_wconf 91' lang='lat' dir='ltr'><strong>non</strong></span> <span class='ocrx_word' id='word_1_780' title='bbox 3841 4673 4014 4737; x_wconf 80' lang='lat' dir='ltr'><strong>fuisse;</strong></span> 
     </span>
    </p>
   </div>
   <div class='ocr_carea' id='block_1_105' title="bbox 2443 4761 4014 4835">
    <p class='ocr_par' dir='ltr' id='par_1_105' title="bbox 2443 4761 4014 4835">
     <span class='ocr_line' id='line_1_105' title="bbox 2443 4761 4014 4835; baseline 0 -19"><span class='ocrx_word' id='word_1_781' title='bbox 2443 4773 2498 4816; x_wconf 90' lang='lat' dir='ltr'><strong>et</strong></span> <span class='ocrx_word' id='word_1_782' title='bbox 2545 4761 2735 4814; x_wconf 89' lang='lat' dir='ltr'><strong>itidem</strong></span> <span class='ocrx_word' id='word_1_783' title='bbox 2791 4770 3068 4814; x_wconf 88' lang='lat' dir='ltr'><strong>trecentos</strong></span> <span class='ocrx_word' id='word_1_784' title='bbox 3099 4768 3152 4812; x_wconf 77' lang='lat' dir='ltr'><strong>et</strong></span> <span class='ocrx_word' id='word_1_785' title='bbox 3187 4763 3537 4834; x_wconf 80' lang='lat' dir='ltr'><strong>quadraginta</strong></span> <span class='ocrx_word' id='word_1_786' title='bbox 3585 4765 3726 4818; x_wconf 86' lang='lat' dir='ltr'><strong>duos</strong></span> <span class='ocrx_word' id='word_1_787' title='bbox 3759 4774 4014 4835; x_wconf 82' lang='lat' dir='ltr'><strong>captivos,</strong></span> 
     </span>
    </p>
   </div>
   <div class='ocr_carea' id='block_1_106' title="bbox 2443 4850 4014 4922">
    <p class='ocr_par' dir='ltr' id='par_1_106' title="bbox 2443 4850 4014 4922">
     <span class='ocr_line' id='line_1_106' title="bbox 2443 4850 4014 4922; baseline -0.001 -20"><span class='ocrx_word' id='word_1_788' title='bbox 2443 4853 2644 4922; x_wconf 88' lang='lat' dir='ltr'><strong>quibus</strong></span> <span class='ocrx_word' id='word_1_789' title='bbox 2674 4851 2731 4903; x_wconf 88' lang='grc'><strong>5.</strong></span> <span class='ocrx_word' id='word_1_790' title='bbox 2771 4850 3084 4917; x_wconf 87' lang='lat' dir='ltr'><strong>Stephanus</strong></span> <span class='ocrx_word' id='word_1_791' title='bbox 3123 4850 3174 4903; x_wconf 91' lang='lat' dir='ltr'><strong>itt</strong></span> <span class='ocrx_word' id='word_1_792' title='bbox 3207 4855 3460 4921; x_wconf 75' lang='lat' dir='ltr'><strong>praetorio</strong></span> <span class='ocrx_word' id='word_1_793' title='bbox 3503 4853 3802 4922; x_wconf 83' lang='lat' dir='ltr'><strong>adjunctus</strong></span> <span class='ocrx_word' id='word_1_794' title='bbox 3833 4865 3934 4914; x_wconf 84' lang='lat' dir='ltr'><strong>est,</strong></span> <span class='ocrx_word' id='word_1_795' title='bbox 3971 4856 4014 4902; x_wconf 90' lang='lat' dir='ltr'><strong>in</strong></span> 
     </span>
    </p>
   </div>
   <div class='ocr_carea' id='block_1_107' title="bbox 2445 4943 4012 5013">
    <p class='ocr_par' dir='ltr' id='par_1_107' title="bbox 2445 4943 4012 5013">
     <span class='ocr_line' id='line_1_107' title="bbox 2445 4943 4012 5013; baseline -0.002 -16"><span class='ocrx_word' id='word_1_796' title='bbox 2445 4943 2744 4999; x_wconf 86' lang='lat' dir='ltr'><strong>monachos</strong></span> <span class='ocrx_word' id='word_1_797' title='bbox 2808 4951 2861 4996; x_wconf 89' lang='lat' dir='ltr'><strong>et</strong></span> <span class='ocrx_word' id='word_1_798' title='bbox 2918 4944 3053 4998; x_wconf 87' lang='lat' dir='ltr'><strong>alios</strong></span> <span class='ocrx_word' id='word_1_799' title='bbox 3109 4945 3444 5013; x_wconf 73' lang='lat' dir='ltr'><strong>distinguere</strong></span> <span class='ocrx_word' id='word_1_800' title='bbox 3501 4947 3744 4999; x_wconf 86' lang='lat' dir='ltr'><strong>videtur.</strong></span> <span class='ocrx_word' id='word_1_801' title='bbox 3805 4943 4012 5006; x_wconf 86' lang='lat' dir='ltr'><strong>Verum,</strong></span> 
     </span>
    </p>
   </div>
   <div class='ocr_carea' id='block_1_108' title="bbox 2447 5037 4013 5109">
    <p class='ocr_par' dir='ltr' id='par_1_108' title="bbox 2447 5037 4013 5109">
     <span class='ocr_line' id='line_1_108' title="bbox 2447 5037 4013 5109; baseline -0.001 -19"><span class='ocrx_word' id='word_1_802' title='bbox 2447 5048 2552 5095; x_wconf 86' lang='lat' dir='ltr'><strong>tam</strong></span> <span class='ocrx_word' id='word_1_803' title='bbox 2588 5037 2863 5094; x_wconf 86' lang='lat' dir='ltr'><strong>distinctio</strong></span> <span class='ocrx_word' id='word_1_804' title='bbox 2913 5038 3035 5104; x_wconf 88' lang='lat' dir='ltr'><strong>ista,</strong></span> <span class='ocrx_word' id='word_1_805' title='bbox 3063 5056 3220 5109; x_wconf 83' lang='lat' dir='ltr'><strong>quam</strong></span> <span class='ocrx_word' id='word_1_806' title='bbox 3274 5037 3561 5109; x_wconf 70' lang='lat' dir='ltr'><strong>praesentia</strong></span> <span class='ocrx_word' id='word_1_807' title='bbox 3606 5038 3665 5092; x_wconf 82' lang='lat' dir='ltr'><strong>S.</strong></span> <span class='ocrx_word' id='word_1_808' title='bbox 3709 5039 3940 5095; x_wconf 67' lang='lat' dir='ltr'><strong>Andra:</strong></span> <span class='ocrx_word' id='word_1_809' title='bbox 3970 5041 4013 5088; x_wconf 89' lang='lat' dir='ltr'><strong>in</strong></span> 
     </span>
    </p>
   </div>
   <div class='ocr_carea' id='block_1_109' title="bbox 2446 5130 4014 5201">
    <p class='ocr_par' dir='ltr' id='par_1_109' title="bbox 2446 5130 4014 5201">
     <span class='ocr_line' id='line_1_109' title="bbox 2446 5130 4014 5201; baseline -0.004 -16"><span class='ocrx_word' id='word_1_810' title='bbox 2446 5145 2669 5185; x_wconf 84' lang='lat' dir='ltr'><strong>carcere</strong></span> <span class='ocrx_word' id='word_1_811' title='bbox 2700 5133 2939 5200; x_wconf 68' lang='lat' dir='ltr'><strong>praetorii</strong></span> <span class='ocrx_word' id='word_1_812' title='bbox 2973 5149 3097 5186; x_wconf 86' lang='lat' dir='ltr'><strong>cum</strong></span> <span class='ocrx_word' id='word_1_813' title='bbox 3127 5132 3182 5184; x_wconf 91' lang='lat' dir='ltr'><strong>S.</strong></span> <span class='ocrx_word' id='word_1_814' title='bbox 3213 5131 3514 5200; x_wconf 83' lang='lat' dir='ltr'><strong>Stephano,</strong></span> <span class='ocrx_word' id='word_1_815' title='bbox 3551 5147 3616 5186; x_wconf 78' lang='lat' dir='ltr'><strong>ex</strong></span> <span class='ocrx_word' id='word_1_816' title='bbox 3651 5133 3920 5201; x_wconf 84' lang='lat' dir='ltr'><strong>scriptore</strong></span> <span class='ocrx_word' id='word_1_817' title='bbox 3946 5130 4014 5180; x_wconf 76' lang='lat' dir='ltr'><strong>di-</strong></span> 
     </span>
    </p>
   </div>
   <div class='ocr_carea' id='block_1_110' title="bbox 2447 5219 4012 5294">
    <p class='ocr_par' dir='ltr' id='par_1_110' title="bbox 2447 5219 4012 5294">
     <span class='ocr_line' id='line_1_110' title="bbox 2447 5219 4012 5294; baseline 0.001 -20"><span class='ocrx_word' id='word_1_818' title='bbox 2447 5222 2801 5293; x_wconf 66' lang='lat' dir='ltr'><strong>ligentissimo</strong></span> <span class='ocrx_word' id='word_1_819' title='bbox 2841 5235 2896 5276; x_wconf 89' lang='lat' dir='ltr'><strong>et</strong></span> <span class='ocrx_word' id='word_1_820' title='bbox 2953 5239 3134 5278; x_wconf 69' lang='lat' dir='ltr'><strong>coaevo</strong></span> <span class='ocrx_word' id='word_1_821' title='bbox 3178 5223 3455 5293; x_wconf 85' lang='lat' dir='ltr'><strong>Stephano</strong></span> <span class='ocrx_word' id='word_1_822' title='bbox 3503 5223 3765 5287; x_wconf 83' lang='lat' dir='ltr'><strong>Diacono,</strong></span> <span class='ocrx_word' id='word_1_823' title='bbox 3801 5222 3892 5294; x_wconf 88' lang='lat' dir='ltr'><strong>qui</strong></span> <span class='ocrx_word' id='word_1_824' title='bbox 3920 5219 4012 5275; x_wconf 66' lang='grc' dir='ltr'>ω</span> 
     </span>
    </p>
   </div>
   <div class='ocr_carea' id='block_1_111' title="bbox 2445 5379 3168 5443">
    <p class='ocr_par' dir='ltr' id='par_1_111' title="bbox 2445 5379 3168 5443">
     <span class='ocr_line' id='line_1_111' title="bbox 2445 5379 3168 5443; baseline -0.001 -7"><span class='ocrx_word' id='word_1_825' title='bbox 2445 5383 2635 5443; x_wconf 64' lang='lat' dir='ltr'><strong>Gneo,</strong></span> <span class='ocrx_word' id='word_1_826' title='bbox 2663 5392 2700 5435; x_wconf 89' lang='lat' dir='ltr'><strong>t.</strong></span> <span class='ocrx_word' id='word_1_827' title='bbox 2734 5379 2844 5439; x_wconf 80' lang='grc' dir='ltr'><strong>νη.</strong></span> <span class='ocrx_word' id='word_1_828' title='bbox 2879 5384 2982 5436; x_wconf 85' lang='lat' dir='ltr'><strong>col.</strong></span> <span class='ocrx_word' id='word_1_829' title='bbox 3011 5383 3168 5438; x_wconf 70' lang='lat' dir='ltr'><strong>Sl‘ls.</strong></span> 
     </span>
    </p>
   </div>
   <div class='ocr_carea' id='block_1_112' title="bbox 2447 5451 4005 5574">
    <p class='ocr_par' dir='ltr' id='par_1_112' title="bbox 2447 5451 4005 5574">
     <span class='ocr_line' id='line_1_112' title="bbox 2447 5451 4005 5574; baseline -0.015 -49"><span class='ocrx_word' id='word_1_830' title='bbox 2447 5452 2662 5574; x_wconf 36' lang='lat' dir='ltr'><strong>male”)</strong></span> <span class='ocrx_word' id='word_1_831' title='bbox 2695 5451 2878 5504; x_wconf 62' lang='grc' dir='ltr'><strong>θηεΙεί</strong></span> <span class='ocrx_word' id='word_1_832' title='bbox 2931 5454 3246 5509; x_wconf 87' lang='lat' dir='ltr'><strong>Thesaurus</strong></span> <span class='ocrx_word' id='word_1_833' title='bbox 3300 5452 3716 5525; x_wconf 73' lang='lat' dir='ltr'><strong>geographicus.</strong></span> <span class='ocrx_word' id='word_1_834' title='bbox 3759 5452 4005 5517; x_wconf 76' lang='lat' dir='ltr'><strong>Antrcrp.</strong></span> 
     </span>
    </p>
   </div>
   <div class='ocr_carea' id='block_1_113' title="bbox 2479 5539 2601 5575">
    <p class='ocr_par' dir='ltr' id='par_1_113' title="bbox 2479 5539 2601 5575">
     <span class='ocr_line' id='line_1_113' title="bbox 2479 5539 2601 5575; baseline 0 -3"><span class='ocrx_word' id='word_1_835' title='bbox 2479 5539 2601 5575; x_wconf 69' lang='grc' dir='ltr'>δυο.</span> 
     </span>
    </p>
   </div>
   <div class='ocr_carea' id='block_1_114' title="bbox 2518 5587 4004 5696">
    <p class='ocr_par' dir='ltr' id='par_1_114' title="bbox 2518 5587 4004 5696">
     <span class='ocr_line' id='line_1_114' title="bbox 2518 5587 4004 5696; baseline 0.003 -54"><span class='ocrx_word' id='word_1_836' title='bbox 2518 5593 2683 5696; x_wconf 36' lang='lat'><strong>$208.)&quot;</strong></span> <span class='ocrx_word' id='word_1_837' title='bbox 2724 5591 3384 5696; x_wconf 41' lang='lat' dir='ltr'><strong>T‘h&#39;epiilif‘rt&#39;.iclpcfmcit”</strong></span> <span class='ocrx_word' id='word_1_838' title='bbox 3437 5608 3491 5662; x_wconf 92' lang='lat' dir='ltr'><strong>p.</strong></span> <span class='ocrx_word' id='word_1_839' title='bbox 3539 5588 3663 5650; x_wconf 83' lang='lat'><strong>667,</strong></span> <span class='ocrx_word' id='word_1_840' title='bbox 3725 5587 3851 5651; x_wconf 77' lang='lat'><strong>676.</strong></span> <span class='ocrx_word' id='word_1_841' title='bbox 3896 5587 4004 5647; x_wconf 77' lang='lat'><strong>677.</strong></span> 
     </span>
    </p>
   </div>
   <div class='ocr_carea' id='block_1_115' title="bbox 2443 5661 3279 5723">
    <p class='ocr_par' dir='ltr' id='par_1_115' title="bbox 2443 5661 3279 5723">
     <span class='ocr_line' id='line_1_115' title="bbox 2443 5661 3279 5723; baseline 0.001 -9"><span class='ocrx_word' id='word_1_842' title='bbox 2443 5661 2568 5720; x_wconf 75' lang='lat'><strong>682,</strong></span> <span class='ocrx_word' id='word_1_843' title='bbox 2601 5673 2729 5723; x_wconf 83' lang='lat' dir='ltr'><strong>ete.,</strong></span> <span class='ocrx_word' id='word_1_844' title='bbox 2763 5672 2814 5713; x_wconf 84' lang='lat' dir='ltr'><strong>et</strong></span> <span class='ocrx_word' id='word_1_845' title='bbox 2847 5664 2898 5712; x_wconf 91' lang='lat' dir='ltr'><strong>in</strong></span> <span class='ocrx_word' id='word_1_846' title='bbox 2935 5663 3086 5714; x_wconf 82' lang='lat' dir='ltr'><strong>Actis</strong></span> <span class='ocrx_word' id='word_1_847' title='bbox 3117 5662 3279 5715; x_wconf 81' lang='lat' dir='ltr'><strong>iul&#39;ra.</strong></span> 
     </span>
    </p>
   </div>
   <div class='ocr_carea' id='block_1_116' title="bbox 2514 5731 3306 5800">
    <p class='ocr_par' dir='ltr' id='par_1_116' title="bbox 2514 5731 3306 5800">
     <span class='ocr_line' id='line_1_116' title="bbox 2514 5731 3306 5800; baseline 0.008 -19"><span class='ocrx_word' id='word_1_848' title='bbox 2514 5731 2837 5799; x_wconf 64' lang='lat' dir='ltr'><strong>(129)1&#39;3rlit.</strong></span> <span class='ocrx_word' id='word_1_849' title='bbox 2865 5731 3150 5800; x_wconf 66' lang='lat' dir='ltr'><strong>Bonn.,,p.</strong></span> <span class='ocrx_word' id='word_1_850' title='bbox 3183 5733 3306 5786; x_wconf 67' lang='lat'><strong>598.</strong></span> 
     </span>
    </p>
   </div>
   <div class='ocr_carea' id='block_1_117' title="bbox 2517 5800 3942 5873">
    <p class='ocr_par' dir='ltr' id='par_1_117' title="bbox 2517 5800 3942 5873">
     <span class='ocr_line' id='line_1_117' title="bbox 2517 5800 3942 5873; baseline 0.001 -22"><span class='ocrx_word' id='word_1_851' title='bbox 2517 5803 2662 5873; x_wconf 53' lang='grc'>(150)</span> <span class='ocrx_word' id='word_1_852' title='bbox 2697 5801 2858 5873; x_wconf 73' lang='lat' dir='ltr'><strong>Anal.</strong></span> <span class='ocrx_word' id='word_1_853' title='bbox 2889 5817 3074 5869; x_wconf 51' lang='lat' dir='ltr'><strong>graec”</strong></span> <span class='ocrx_word' id='word_1_854' title='bbox 3110 5819 3159 5870; x_wconf 80' lang='grc' dir='ltr'>ρ.</span> <span class='ocrx_word' id='word_1_855' title='bbox 3188 5803 3311 5860; x_wconf 72' lang='grc'><strong>466.</strong></span> <span class='ocrx_word' id='word_1_856' title='bbox 3346 5803 3445 5858; x_wconf 69' lang='grc'><strong>407</strong></span> <span class='ocrx_word' id='word_1_857' title='bbox 3471 5813 3524 5856; x_wconf 84' lang='lat' dir='ltr'><strong>et</strong></span> <span class='ocrx_word' id='word_1_858' title='bbox 3555 5817 3708 5873; x_wconf 80' lang='lat' dir='ltr'><strong>seqq.</strong></span> <span class='ocrx_word' id='word_1_859' title='bbox 3742 5813 3796 5856; x_wconf 85' lang='lat' dir='ltr'><strong>et</strong></span> <span class='ocrx_word' id='word_1_860' title='bbox 3831 5800 3942 5854; x_wconf 67' lang='grc'><strong>499.</strong></span> 
     </span>
    </p>
   </div>
   <div class='ocr_carea' id='block_1_118' title="bbox 2510 5871 3340 5940">
    <p class='ocr_par' dir='ltr' id='par_1_118' title="bbox 2510 5871 3340 5940">
     <span class='ocr_line' id='line_1_118' title="bbox 2510 5871 3340 5940; baseline 0.002 -20"><span class='ocrx_word' id='word_1_861' title='bbox 2510 5872 2654 5940; x_wconf 66' lang='grc'>(131)</span> <span class='ocrx_word' id='word_1_862' title='bbox 2691 5871 2928 5924; x_wconf 77' lang='lat' dir='ltr'><strong>Vettetiis</strong></span> <span class='ocrx_word' id='word_1_863' title='bbox 2967 5873 3116 5938; x_wconf 64' lang='grc'>1843,</span> <span class='ocrx_word' id='word_1_864' title='bbox 3145 5889 3194 5940; x_wconf 86' lang='lat' dir='ltr'><strong>p.</strong></span> <span class='ocrx_word' id='word_1_865' title='bbox 3221 5873 3340 5925; x_wconf 70' lang='grc'>210.</span> 
     </span>
    </p>
   </div>
  </div>
