4136 6510
188 459 327 524 1105

1290 462 1471 524 νιΤΑ
1511 463 1571 521 8.
1619 459 1956 520 ΑΝΟΗΕπΕ
2003 460 2079 518 ΙΝ
2122 462 2355 522 CRlSi.

3316 464 3463 530 1106

183 572 304 627 illos
330 571 581 642 captivos
623 586 818 628 omnes
851 572 1144 628 monachos
1176 571 1345 627 fuisse
1376 570 1579 625 diserte
1610 584 1762 624 asse.
1790 566 1841 627 A
1868 570 2228 625 illustrantur.
2265 568 2374 624 Bos
2433 570 2647 625 scilicet
2685 585 2781 625 seu
2832 569 3006 626 forum
3050 572 3228 638 Bovis,
3258 590 3457 632 nomen

183 666 275 726 rit,
306 662 408 718 nec
452 664 624 719 ullum
673 663 894 719 Petrum
947 674 1039 719 aut
1067 664 1339 719 Andream
1386 674 1501 717 tum
1549 674 1772 715 carcere

180 752 489 818 detentum,
523 753 613 806 vel
678 755 885 809 socium
940 754 1186 822 quemvis
1219 769 1341 808 cum
1394 752 1455 805 S.
1494 748 1773 819 Stephano

183 844 721 915 suppliciotraditum
739 846 1359 915 commemorat,corrigi
1382 843 1769 911 debent(t32l.

183 938 241 995 Id
269 940 467 993 iterum
499 949 727 1009 apparet
765 955 830 994 ex
881 954 1093 994 canone
1136 940 1191 995 S.
1228 939 1514 1009 Stephani,
1569 938 1623 991 io
1660 936 1772 991 Me-

182 1032 315 1087 naeis
359 1032 426 1086 ad
477 1044 646 1087 xxviii
693 1030 1038 1094 Novembris,
1073 1032 1162 1102 qui
1210 1049 1385 1087 canon
1450 1031 1771 1099 scriptorem

181 1124 402 1194 prafert
430 1126 684 1180 eumdem
722 1125 779 1178 S.
832 1124 1161 1193 Jowphum,
1196 1127 1284 1195 qui
1319 1125 1375 1180 8.
1416 1124 1647 1178 Aodrea:
1679 1138 1773 1176 ca-

181 1231 382 1270 tionem
419 1219 769 1272 concinnavit
798 1233 858 1271 ac
891 1232 1094 1271 nomen
1130 1219 1181 1271 in
1226 1218 1429 1271 ultimae
1461 1217 1577 1270 οδε
1614 1232 1772 1270 acro-

182 1312 416 1367 stichide
450 1313 664 1382 signare
709 1312 1023 1377 consuevit,
1071 1326 1344 1381 quemque
1380 1327 1541 1365 nosse
1576 1310 1776 1380 poterit

181 1396 382 1454 Lector
415 1416 477 1454 ex
520 1401 667 1455 Actis
700 1417 726 1455 a
770 1399 1147 1469 Papebrochio
1173 1402 1334 1457 editis
1382 1402 1446 1457 ad
1497 1404 1640 1457 diem
1669 1412 1775 1456 ter-

185 1488 317 1541 tium
351 1489 546 1555 Aprilis
581 1490 747 1558 (t'53).
775 1491 829 1544 In
861 1491 962 1544 hoc
992 1508 1230 1553 canone,
1278 1492 1381 1548 ode
1406 1490 1459 1557 6,
1490 1492 1650 1547 etiam
1682 1508 1774 1546 ce-

184 1578 465 1633 lebrantur
520 1580 578 1635 8.
631 1581 830 1639 Paulus
890 1601 1056 1653 quem
1114 1584 1439 1640 Cretensem
1502 1586 1772 1651 diximus,

187 1669 286 1723 SS.
338 1682 605 1745 martyres
656 1674 906 1743 Ephesini
953 1678 1026 1733 38
1075 1678 1215 1748 (cfr.
1250 1694 1410 1748 supra
1458 1697 1610 1733 num.
1661 1679 1772 1749 13),

186 1757 245 1813 8.
293 1759 486 1815 Petrus
538 1764 606 1818 de
660 1764 1003 1828 Blachernis,
1050 1769 1242 1821 eodem
1284 1770 1476 1823 ordine
1526 1770 1771 1833 omnino,

184 1861 360 1918 eoque
398 1852 501 1906 illis
541 1854 781 1925 martyrii
824 1871 1025 1924 genere
1061 1857 1285 1923 tributo,
1320 1874 1428 1923 quo
1473 1860 1614 1929 apud
1653 1860 1776 1916 Ste-

184 1941 431 2011 phanum
487 1945 783 2002 Diaconum
849 1948 1253 2018 insigniuntur.
1318 1950 1777 2023 Hymnographus

186 2031 354 2105 igitur
384 2038 441 2091 8.
475 2036 737 2108 Stephani
776 2041 909 2095 Acta
942 2043 1182 2113 genuina
1218 2045 1647 2115 perlustravcrit,
1681 2049 1774 2103 sed

188 2141 297 2182 non
346 2131 477 2185 item
526 2135 894 2202 synaxaristes
948 2135 1327 2202 Menaeorum;
1377 2138 1537 2207 idque
1588 2140 1671 2194 vel
1710 2157 1776 2196 eo

190 2222 445 2278 evincere
471 2241 775 2293 possemus.
806 2232 950 2294 quod
993 2227 1113 2296 ejus
1146 2244 1345 2298 corpus
1376 2230 1427 2285 iu
1476 2247 1624 2286 mare
1653 2249 1780 2303 pro-

185 2311 397 2385 jectum
450 2315 617 2372 fuisse
663 2318 883 2377 referat,
920 2319 980 2370 ὲν
1018 2320 1097 2389 τῷ
1128 2321 1379 2388 πελάγει.
1414 2339 1537 2379 cmn
1580 2325 1631 2379 in
1680 2325 1779 2381 Pe-

191 2402 328 2472 lagia
350 2406 638 2461 dicendum
678 2409 891 2464 fuisset.
917 2410 1093 2479 Atque
1122 2412 1213 2467 hic
1233 2414 1397 2467 etiam
1420 2416 1775 2479 advertimus,

192 2496 333 2561 quod
362 2496 565 2549 dudum
593 2497 705 2565 jam
733 2496 1138 2568 Papebrochius
1168 2503 1381 2557 monuit
1402 2504 1570 2572 (154),
1590 2505 1780 2561 ()fticia

195 2592 249 2638 et
286 2599 526 2639 canones
576 2586 901 2643 Nemeorum
964 2592 1285 2661 plerumque
1332 2598 1630 2664 synaxariis
1660 2614 1781 2652 esse

198 2677 371 2732 multo
404 2680 713 2749 antiquiora
764 2692 818 2736 et
855 2685 1187 2753 probatiora.
1236 2686 1406 2740 Porro
1453 2689 1631 2756 prodit
1664 2692 1783 2760 qui-

195 2765 347 2826 dem.
390 2768 442 2820 in
502 2774 695 2826 eodem
736 2772 951 2840 Iosephi
1004 2790 1213 2831 canone
1261 2778 1328 2832 de
1371 2776 1428 2833 S.
1482 2778 1781 2849 Stephano,

195 2853 363 2907 etiam
423 2858 668 2914 Andreas
732 2876 972 2933 martyr,
1025 2868 1120 2921 sed
1171 2877 1326 2923 extra
1397 2873 1592 2925 seriem
1640 2873 1780 2927 illam

197 2961 361 3016 quam
403 2962 467 3001 ex
517 2949 575 3019 S.
632 2952 892 3021 Stephani
956 2956 1107 3012 Actis
1157 2971 1472 3029 excerptam
1526 2964 1780 3029 diximus,

199 3036 317 3092 Ode
368 3053 563 3107 nempe
604 3050 816 3105 octava,
849 3046 1088 3113 trepario
1130 3047 1313 3112 tertio;
1364 3063 1538 3116 neque
1569 3051 1784 3104 additur

199 3149 325 3187 cum
359 3150 481 3188 cum
504 3136 560 3188 8.
589 3136 865 3205 Stephano
898 3138 950 3192 in
987 3155 1207 3196 carcere
1242 3142 1475 3207 przetorii
1510 3152 1781 3197 versatum

1876 662 2232 717 mutuabatur
2259 678 2290 717 a
2318 664 2538 718 camino
2571 679 2724 719 teneo
2763 664 2816 719 in
2865 664 3090 720 formam
3122 668 3277 724 bovis
3321 686 3460 726 con-

1873 754 2022 819 ﬂato,
2056 754 2109 808 in
2143 770 2252 824 quo
2292 764 2449 810 ustus
2498 754 2672 810 fertur
2705 755 2765 810 S.
2797 758 3028 826 Antipas
3052 770 3273 830 martyr,
3306 765 3462 817 aute-

1873 862 2033 917 qoam
2080 845 2344 917 Pergamo
2388 846 2600 917 Cpolim
2649 864 2679 902 a
2723 846 3035 907 Theodosio
3072 868 3269 922 magno
3316 864 3464 909 esset

1874 940 2155 998 advectus,
2185 939 2460 1013 quiquein
2484 939 2588 995 hoc
2617 938 2733 995 foro
2760 943 3059 997 eminebat.
3088 945 3161 999 De
3192 948 3293 1000 hoc
3316 962 3463 1001 mar-

1878 1031 2000 1102 tyrii
2033 1030 2401 1085 instrumento
2437 1032 2652 1100 egregie
2683 1034 2924 1104 disputat
2954 1035 3242 1092 Morcellus
3276 1048 3465 1095 noster

1880 1124 1932 1179 in
1982 1123 2317 1179 doctissimis
2369 1121 2799 1180 Commentariis
2837 1127 3038 1191 quibus
3080 1128 3466 1187 Kaiendarium

1879 1232 2039 1270 suum
2088 1215 2432 1284 (Zpolitanum
2462 1219 2749 1273 exornavit
2784 1219 2957 1289 (155).
2989 1222 3250 1291 Capiebat
3288 1235 3470 1281 autem

1882 1306 2058 1360 forum
2103 1305 2267 1359 Bovis
2312 1308 2608 1362 undecima
2658 1310 2828 1381 regio,
2884 1328 2994 1367 non
3046 1317 3234 1384 procul
3272 1332 3301 1371 a
3339 1317 3479 1373 freto

1878 1396 2138 1465 Ceratino
2188 1393 2408 1457 dissita,
2459 1413 2563 1452 nec
2615 1416 2645 1454 a
2699 1411 2850 1470 porta
2902 1403 3356 1473 Blachernarum,
3390 1410 3478 1464 ubi

1880 1484 2034 1541 inuiti
2087 1486 2410 1541 habitabant
2463 1488 2768 1556 piscatores
2805 1491 2975 1561 (156).
3026 1493 3097 1548 De
3134 1494 3279 1551 Bove
3325 1499 3477 1568 plura

1878 1580 2043 1633 etiam
2070 1578 2348 1647 congessit
2389 1578 2521 1632 olim
2544 1579 2949 1649 Papehrochius
2979 1584 3148 1654 (157).
3191 1585 3265 1640 Ex
3291 1602 3358 1641 eo
3382 1604 3481 1642 au-

1880 1680 1989 1726 tem
2014 1669 2158 1740 quod
2194 1670 2262 1723 ibi
2301 1669 2485 1724 forum
2510 1669 2683 1725 fuisse
2707 1672 2940 1735 dicatur,
2972 1675 3129 1732 facile
3164 1679 3479 1751 intelligitur

1878 1761 2021 1832 quod
2068 1762 2122 1815 in
2169 1759 2319 1814 Actis
2364 1761 2571 1814 nostris
2616 1762 2883 1832 scriptum
2931 1774 3016 1819 est
3050 1782 3201 1820 num.
3237 1767 3326 1831 15,
3361 1780 3478 1823 tru-

1884 1856 2165 1912 colentum
2221 1853 2372 1907 illum
2430 1853 2760 1922 piscatorem
2820 1856 3071 1922 hastam,
3124 1873 3191 1912 ex
3252 1860 3480 1917 macello

1882 1951 2118 2022 quodam
2195 1950 2267 2005 ibi
2333 1956 2648 2015 arreptam,
2698 1950 3043 2004 adhibuisse.
3102 1951 3480 2009 Conferendus

1881 2044 2042 2099 etiam
2067 2043 2385 2112 Anonymus
2411 2038 2851 2095 Combefisianus
2890 2041 3063 2110 (l58).
3099 2042 3188 2110 qui
3224 2058 3291 2097 ex
3334 2044 3477 2102 Bove

1866 2149 2034 2201 aeneo
2074 2146 2326 2186 nummos
2361 2146 2525 2185 cusos
2568 2128 2644 2183 ‘ab
2690 2129 2941 2185 Heraclio
2976 2132 3159 2196 refert,
3197 2143 3255 2187 ut
3298 2135 3371 2189 ita
3405 2138 3472 2190 ad

1881 2224 2210 2296 Coprooymi
2249 2238 2419 2292 usque
2449 2231 2692 2290 tempora
2728 2221 2831 2275 Bos
2859 2236 2967 2277 non
2999 2227 3368 2292 permansisse
3396 2229 3473 2280 vi-

1883 2320 2096 2382 deatur,
2130 2317 2223 2371 sed
2255 2316 2429 2370 solum
2484 2330 2683 2369 nomen
2718 2314 2834 2370 foro
2879 2316 3130 2372 inditum.
3160 2317 3337 2373 Locus
3381 2321 3472 2377 ille

1884 2408 2241 2474 foedissimus,
2278 2408 2330 2462 in
2364 2422 2525 2476 quem
2552 2406 2611 2461 8.
2646 2406 2894 2462 Andreas
2921 2409 3198 2478 proiectus
3230 2410 3349 2474 fuit,
3374 2409 3474 2465 Pe-

1884 2502 2008 2572 lagii
2066 2499 2429 2570 sepulcretum
2478 2509 2583 2559 est,
2618 2499 2763 2569 quod
2816 2499 2980 2553 etiam
3032 2498 3091 2554 S.
3125 2498 3466 2568 Stephanum

1883 2592 2162 2648 Juniorem
2203 2590 2482 2656 excepisse
2507 2598 2739 2643 testatur
2784 2588 3129 2658 Nicephorus
3164 2592 3216 2644 in
3248 2591 3474 2646 Brevia-

1887 2687 1992 2747 rio,
2015 2693 2070 2738 et
2097 2700 2160 2737 ex
2194 2684 2312 2753 ejus
2338 2682 2488 2736 Actis
2517 2683 2580 2735 ad
2609 2682 2753 2736 diem
2790 2697 2954 2735 xxviii
3004 2680 3271 2736 Novemb.
3306 2684 3475 2751 pluri-

1886 2776 1989 2831 bus
2020 2774 2407 2828 declarabitur.
2456 2773 2535 2826 En
2582 2769 2872 2840 Nicephori
2926 2770 3088 2825 verba
3135 2769 3357 2825 Petavio
3392 2773 3474 2826 in-

1891 2876 2172 2937 terprete:
2215 2866 2257 2916 A
2311 2864 2511 2932 palatio
2561 2864 2625 2916 ad
2654 2862 2816 2916 Bovis
2858 2876 3031 2930 usque
3077 2861 3255 2915 forum
3302 2873 3473 2917 attra-

1890 2971 2060 3021 ctum,
2116 2958 2426 3012 miserrime
2481 2955 2914 3024 discerpserunt.
2967 2953 3136 3021 Cujus
3184 2969 3381 3023 corpus
3417 2955 3470 3008 in

1890 3068 2012 3106 eum
2049 3053 2224 3105 locum
2270 3067 2429 3120 quem
2466 3048 2664 3119 Pelagii
2712 3045 2960 3113 sepulcra
3011 3048 3316 3102 nominant.
3350 3057 3473 3100 tan-

1889 3156 2049 3206 quam
2102 3140 2328 3192 malefici
2383 3140 2665 3206 cujusdam
2710 3138 3005 3203 abjiciuut;
3041 3136 3167 3190 illuc
3225 3140 3369 3190 enim
3418 3147 3474 3191 et

200 3238 344 3283 esse,
377 3226 468 3278 sed
501 3228 687 3292 paucis
715 3230 918 3295 verbis,
946 3234 1110 3286 unico
1139 3232 1406 3303 Tropario
1428 3235 1554 3299 isto,
1585 3245 1783 3306 marty-
1814 3248 1857 3306 ο
1890 3230 2244 3303 profanorum
2280 3229 2561 3298 gentilium
2597 3237 2652 3282 et
2677 3242 2865 3282 eorum
2894 3228 2983 3295 qui
3015 3228 3234 3296 capitali
3261 3228 3473 3295 suppli-

201 3313 342 3368 rittm
374 3318 427 3368 in
464 3317 609 3369 hunc
631 3320 850 3372 modum
884 3324 1177 3388 exponitur
1212 3342 1224 3377 :
1266 3325 1499 3378 Fortiter
1529 3342 1786 3392 persecu-

201 3408 304 3461 tori
358 3412 644 3469 resistcns,
671 3409 851 3463 divina
907 3411 1176 3479 sapientia
1212 3416 1476 3483 praeditus
1517 3417 1783 3479 Andreas,

200 3500 428 3569 flagellis
461 3502 784 3569 percutitur,
815 3502 1180 3559 etiminaoem
1216 3519 1446 3562 mortem
1476 3506 1656 3574 justus
1691 3523 1788 3576 pa-

204 3592 355 3654 titur,
390 3593 502 3657 jam
532 3594 791 3650 accinens
816 3594 1044 3652 Domino
1075 3599 1297 3654 Christo
1334 3602 1387 3655 in
1424 3602 1637 3656 saecula.
1669 3601 1785 3655 Non

204 3687 383 3752 potuit
426 3686 607 3753 itaque
653 3685 926 3756 Josephus
962 3689 1439 3762 Hymnographus,
1492 3693 1582 3761 qui
1633 3692 1787 3761 Cpoli

204 3778 458 3846 degebat,
491 3779 812 3845 patriarcha?
849 3780 1036 3850 lgnatii
1070 3782 1467 3856 Sceu0phylax,
1497 3784 1586 3839 ubi
1631 3784 1698 3839 de
1729 3783 1785 3837 8.

208 3869 511 3936 Stephano,
547 3871 808 3938 primario
853 3875 1015 3930 totius
1056 3880 1455 3941 persecutionis
1514 3862 1793 3947 Caprony-

207 3961 407 4014 miame
448 3972 683 4032 martyre
712 3964 922 4032 agebat.
961 3968 1125 4021 etiam
1183 3968 1240 4023 S.
1288 3972 1516 4026 Andreae
1567 3972 1617 4024 in
1651 3969 1791 4025 Crisi

206 4066 317 4105 non
348 4053 684 4116 meminisse,
730 4054 856 4109 licet
897 4055 947 4111 io
984 4059 1139 4113 Actis
1188 4059 1245 4113 8.
1283 4059 1549 4128 Stephani
1584 4080 1703 4134 qua
1736 4065 1789 4118 in

208 4160 423 4199 canone
448 4160 548 4199 suo
575 4157 796 4203 secutus
830 4150 1066 4215 videtur,
1101 4153 1167 4206 de
1186 4168 1252 4207 eo
1289 4156 1494 4210 mentio
1533 4174 1640 4210 non
1679 4156 1791 4211 fiat.

210 4238 265 4293 Id
294 4239 492 4295 iterum
534 4239 739 4308 patebit
785 4255 852 4294 ex
884 4242 1141 4298 laudibus
1171 4246 1373 4314 quibus
1424 4246 1481 4301 S.
1517 4249 1790 4303 Andream

208 4331 453 4385 cumulat
486 4332 538 4381 iu
561 4344 771 4384 canone
799 4348 961 4401 quem
992 4337 1064 4391 de
1100 4336 1219 4406 ipso
1246 4340 1617 4403 concinnavit,
1647 4348 1701 4394 et
1731 4357 1793 4395 ex

206 4436 316 4489 quo
342 4418 570 4474 inferius
602 4422 827 4486 plurima
860 4428 1218 4494 proferimus.

279 4513 370 4569 33.
437 4512 677 4567 Eductus
748 4524 830 4570 est
891 4514 947 4571 S.
998 4522 1248 4575 Andreas
1305 4538 1335 4574 e
1388 4539 1608 4579 carcere
1673 4540 1793 4589 suo,

1892 3325 1976 3376 cio
2000 3321 2239 3375 damnati
2275 3328 2481 3382 essent,
2525 3318 2784 3372 cadavera
2835 3316 3267 3385 deportabantur
3295 3318 3469 3384 (139).

1847 3461 1851 3464 .
1893 3412 2285 3478 Metaphrastes
2326 3423 2477 3462 num.
2510 3408 2608 3471 15,
2641 3417 2695 3461 et
2738 3408 3101 3477 synaxaristes
3143 3408 3471 3462 Nemeorum

1892 3504 1949 3560 S.
1977 3503 2245 3557 Andream
2272 3502 2322 3553 in
2351 3500 2527 3554 locum
2553 3495 2919 3554 malehcorum
2940 3499 3241 3571 projectum
3262 3498 3471 3556 dicunt.

1893 3605 1949 3651 et
2002 3596 2143 3648 inter
2193 3606 2480 3661 corporum
2540 3591 2849 3660 congeriem
2925 3599 3230 3656 repertum;
3284 3605 3471 3644 verum

1894 3687 2259 3753 Theophanes
2282 3693 2466 3753 aperte
2497 3682 2708 3750 Pelagia
2733 3680 2931 3733 indicat
2963 3681 3147 3748 (supra
3179 3696 3331 3733 uttm.
3360 3680 3473 3749 H).

1894 3778 2003 3835 Cur
2046 3786 2228 3830 autem
2267 3776 2453 3829 eadem
2501 3773 2748 3842 sepulcra
2794 3788 2900 3826 non
2931 3770 3151 3843 Pelagii,
3186 3772 3279 3827 sed
3318 3772 3475 3851 ξυιυς

1896 3873 2014 3942 giie,
2061 3869 2159 3935 τῆς
2208 3868 2369 3932 ἁγίαις
2409 3865 2694 3929 Heloria;
2728 3862 2796 3918 ab
2843 3864 3114 3932 aliquibus
3155 3863 3294 3917 dicta
3340 3862 3475 3922 sint,

1895 3961 2182 4029 diligenter
2230 3956 2451 4025 inquirit
2501 3955 2808 4025 Janoingus
2854 3955 2907 4008 in
2956 3956 3109 4010 Actis
3155 3954 3209 4009 8.
3249 3954 3476 4024 Pelagia:

1898 4048 2251 4104 Antiocheua:
2305 4045 2482 4118 (H0),
2527 4062 2626 4101 nec
2685 4045 3103 4115 explicationem
3152 4044 3361 4113 Cangii,
3408 4045 3477 4100 ad

1899 4153 2103 4203 calcem
2134 4146 2425 4201 Annalium
2469 4144 2695 4197 Zonarae
2737 4143 3008 4205 traditam,
3053 4140 3261 4195 admitti
3295 4154 3473 4209 posse,

1903 4249 2049 4294 recte
2082 4238 2282 4292 ibidem
2310 4235 2538 4292 evicisse
2562 4236 2794 4289 videtur.

2041 4350 2067 4421 §
2100 4347 2187 4405 IV.
2217 4348 2274 4403 S.
2312 4349 2533 4401 Andra:
2577 4348 2834 4421 reliquia',
2881 4346 3162 4405 miracula,
3194 4345 3335 4399 locus

2535 4417 2841 4486 sepulturte.

1976 4538 2065 4593 δι.
2092 4517 2302 4604 Corpus
2334 4531 2393 4586 8.
2433 4529 2661 4584 Andreae
2689 4527 2743 4580 iu
2772 4524 2999 4597 Pelagiis
3029 4539 3125 4595 per
3154 4523 3478 4579 miraculum

206 4620 368 4670 ειυεηι
402 4605 599 4659 ΡΜΜΞ
634 4605 799 4660 Ῑυίεεθ
824 4611 1202 4666 νθτοδῖηὶίίίυε
1225 4613 1490 4676 ἀίκίῐηυεο
1519 4617 1584 4670 3d
1617 4616 1788 4684 ἰπηρε-
1819 4615 1872 4674 Ῑ)
1903 4639 2171 4699 repertum
2206 4642 2265 4677 ac
2297 4642 2325 4677 a
2364 4622 2573 4676 cateris
2600 4621 2916 4678 discretum,
2938 4632 2963 4667 a
2994 4618 3096 4684 piis
3127 4617 3254 4668 viris
3288 4615 3479 4669 inloco

210 4709 469 4759 ratorem,
508 4710 562 4751 et
585 4713 765 4752 coram
804 4714 869 4754 eo
907 4701 1208 4771 imaginum
1246 4705 1650 4761 venerationem
1690 4708 1790 4762 itc-

209 4807 329 4844 rum
366 4790 628 4843 audacter
660 4791 848 4852 tuitus.
883 4808 911 4845 a
952 4793 1161 4863 palatio
1194 4796 1252 4850 8.
1290 4795 1576 4855 Mamantis
1615 4799 1667 4851 in
1700 4814 1792 4851 ur-

209 4882 332 4938 bem
389 4880 632 4950 pertrahi
684 4884 904 4952 jubelur
935 4889 1015 4953 (in
1076 4890 1249 4951 Actis,
1286 4907 1436 4945 num.
1488 4893 1551 4945 H
1584 4901 1639 4946 et
1682 4891 1792 4960 15).

210 4991 444 5044 cumque
476 4976 542 5030 ad
570 4976 741 5031 forum
770 4974 926 5032 Bovis
957 4984 1329 5049 pervenisset,
1362 4997 1561 5037 terram
1599 4984 1799 5052 ubique

212 5069 445 5136 irrigans
462 5082 676 5130 cruore,
706 5068 777 5121 ibi
800 5083 827 5121 a
849 5069 1126 5137 piscatore
1142 5073 1377 5141 quodam
1403 5075 1539 5143 pede
1575 5076 1798 5131 dextero

210 5162 475 5223 abscisso,
524 5162 758 5214 animam
807 5161 913 5217 Deo
962 5161 1211 5223 tradidit.
1264 5164 1419 5230 Quod
1473 5182 1597 5224 cum
1637 5168 1805 5223 vidis-

210 5262 354 5312 sent.
400 5252 492 5323 qui
547 5267 670 5307 cum
722 5254 1040 5349 trahebapt,
1105 5256 1158 5308 in
1210 5258 1389 5311 locum
1438 5257 1798 5315 foedissimum

211 5346 462 5403 exanime
527 5361 727 5415 corpus
783 5346 1094 5418 projeéere.
1160 5353 1285 5406 Haec
1321 5370 1382 5407 ex
1444 5356 1804 5422 sequentibus

285 5532 434 5599 {132)
465 5531 616 5584 Aoal.
642 5529 846 5593 Graec,
967 5532 1068 5585 501)
1100 5545 1149 5584 et
1178 5533 1301 5587 Sl'i'.

285 5602 438 5636 ,ιτ-ιι
472 5600 513 5636 φ
577 5604 718 5636 ,ιω-,ι
800 5619 832 5636 ..
913 5599 980 5636 eo

284 5602 438 5661 MSS)
472 5600 534 5654 Τ.
572 5604 769 5668 ,λιιι-ιι..
800 5599 1002 5668 p.268.

290 5672 440 5751 (154)
477 5670 541 5723 'I‘.
590 5670 654 5727 Ill
701 5672 887 5733 .\|art.,
943 5692 993 5744 p.
1045 5674 1141 5727 165
1182 5684 1245 5727 et
1279 5684 1315 5729 t.
1355 5676 1369 5728 1
1416 5678 1587 5737 Junii,
1626 5696 1675 5751 p.
1719 5680 1800 5746 l7,

215 5745 442 5874 “dies;
472 5810 537 5863 τ.
574 5810 636 5872 ιι,
665 5832 717 5880 ι).
755 5814 843 5866 83)".

289 5879 443 5947 (136)
476 5878 685 5946 Cyllius
719 5881 954 5950 Topogr.
995 5878 1171 5949 CpoL.
1210 5884 1299 5935 lib.
1338 5902 1391 5950 tt,
1430 5902 1552 5955 cap.
1584 5910 1641 5944 ιι.

1905 4729 2093 4774 sancto
2122 4714 2294 4770 Crisis
2321 4711 2629 4782 depositum
2662 4716 2781 4768 est;
2816 4715 2977 4775 atque
3015 4707 3116 4758 hoc
3162 4704 3380 4772 quidem
3412 4719 3477 4759 ex

1907 4809 2076 4871 Actis,
2108 4818 2167 4862 ut
2206 4806 2379 4870 aiunt,
2428 4799 2808 4871 aocpigraphis
2852 4812 3003 4850 num.
3061 4794 3143 4857 16,
3171 4794 3478 4861 insequenti

1909 4913 2069 4958 nocte
2103 4902 2302 4955 factum
2353 4902 2475 4950 e’Sse
2510 4894 2742 4947 videtur.
2780 4889 3097 4943 Miraculum
3133 4896 3313 4941 tamen
3343 4902 3482 4955 pra-

1911 4997 2153 5054 citatum,
2182 4992 2324 5063 quod
2359 4987 2752 5057 hletaphrastes
2773 4993 2829 5037 et
2855 4981 3052 5036 Menaea
3095 4994 3291 5032 excusa
3340 4978 3485 5031 refe-

1913 5100 2058 5149 runt,
2089 5089 2141 5139 in
2174 5085 2364 5139 iisdem
2414 5082 2561 5135 Aetis
2605 5095 2712 5132 non
2746 5082 3046 5141 comparet,
3082 5072 3173 5125 sed
3220 5076 3480 5125 omittunt

1915 5190 2144 5240 tantum,
2174 5193 2235 5231 ac
2268 5176 2399 5228 nihil
2429 5174 2709 5226 dissonum
2738 5167 2945 5220 addunt
2976 5164 3117 5233 quod
3156 5177 3275 5215 cum
3310 5160 3483 5214 Meta-

1914 5273 2132 5343 phrastc
2165 5266 2415 5336 componi
2446 5279 2552 5317 non
2590 5260 2782 5331 possit.
2803 5258 2868 5311 Et
2902 5258 3017 5309 haec
3043 5265 3124 5308 est
3155 5252 3321 5305 altera
3343 5251 3482 5304 ratio

1914 5380 2012 5418 cur
2056 5361 2185 5415 Acta
2227 5361 2311 5412 illa
2359 5356 2509 5425 Cpoli
2554 5354 2751 5425 scripta
2800 5366 2907 5403 non
2963 5347 3128 5401 fuisse
3172 5344 3482 5401 videantur,

1984 5539 2221 5606 (βυτ.
2262 5536 2345 5591 vn
2391 5536 2534 5605 mp.
2571 5553 2620 5603 ρ.
2670 5535 2757 5596 δε,
2809 5550 2838 5584 n
2921 5533 2981 5583 ιε».
3032 5540 3152 5583 ett.
3194 5527 3233 5580 ιι
3283 5526 3476 5595 Αρτί1.,

1919 5612 2224 5685 rint??-
2301 5678 2311 5685 .
2398 5676 2495 5685 ._
2575 5676 2605 5685 ..

1992 5683 2136 5751 (iam
2166 5678 2429 5751 Manipul.
2458 5676 2679 5751 αρσια..
2716 5691 2769 5751 p_.
2802 5673 2889 5725 eo.

1992 5739 2137 5818 {139)
2166 5751 2223 5803 p,
2256 5739 2333 5802 ω’
2372 5748 2426 5806 d,
2460 5739 2590 5802 adit.
2637 5739 2822 5803 Paris;
2862 5745 2941 5797 cfr
2990 5742 3247 5795 Analecta
3270 5739 3478 5804 Graeca,

1918 5841 1970 5896 p.
2000 5825 2099 5878 519
2123 5821 2356 5896 et_5‘2_(_l._
2444 5889 2471 5896 ἡ.
2624 5884 2636 5896 .
2658 5885 2717 5896 ﬂ
2863 5887 2869 5894 .

1996 5896 2136 5961 (tdoi
2174 5890 2237 5942 T.
2264 5890 2301 5943 ll
2331 5888 2493 5949 Junii,
2530 5903 2577 5956 ρ.
2618 5884 2742 5951 159,
2778 5902 2831 5939 ιι.
2860 5883 2927 5939 ‘25
2956 5892 3005 5935 et
3034 5896 3184 5949 seqq.
