4136 6470
736 433 865 495 1107

738 639 1188 711 Hymnographns
1220 656 1362 694 anno
1386 640 1487 696 8H
1513 641 1625 710 jam
1661 643 1811 710 Cpoli
1840 643 2140 696 sacerdotio
2175 643 2298 695 fun-

736 747 866 803 gens
901 732 1151 802 (HI),ac
1180 733 1375 786 smeulo
1398 734 1641 801 sequenti
1678 732 2069 803 Metaphrastes
2096 736 2300 805 magni-

736 828 836 879 ﬁce
886 826 1169 886 extollunt,
1223 825 1427 878 nullum
1474 841 1535 879 ea
1590 837 2035 888 commemorent,
2087 838 2179 881 aut
2234 827 2301 881 de

738 915 842 968 illis
881 930 948 967 ne
997 915 1217 968 verbum
1258 916 1474 982 quidem
1522 916 1813 982 proferant.
1874 915 1925 968 Si
1976 924 2117 968 enim
2152 916 2299 985 Cpoli

737 1008 973 1073 scriptor
1013 1006 1266 1059 Actorum
1318 1007 1577 1076 degisset,
1610 1024 1712 1059 non
1763 1024 1827 1060 eo
1872 1008 2029 1062 modo
2072 1010 2302 1075 patroci-

738 1100 887 1152 nium
924 1098 977 1151 S.
1028 1099 1256 1152 Andreae
1316 1099 1417 1152 sibi
1462 1109 1785 1167 apprecatns
1838 1100 1998 1156 foret.
2031 1101 2134 1153 tale
2175 1101 2302 1155 illud

736 1207 937 1260 rogans
990 1192 1216 1253 scilicet,
1268 1192 1423 1260 quale
1470 1192 1520 1244 id
1576 1193 1933 1259 experiuntur
1983 1193 2071 1258 qui
2122 1194 2306 1246 colunt

736 1286 882 1336 tuam
945 1298 1152 1335 sacram
1208 1280 1525 1335 memoriam
1583 1290 1636 1335 et
1686 1278 1919 1334 loculum
1956 1282 2303 1349 reliquiarum

736 1379 950 1429 tuarum
988 1384 1337 1427 venerantur.
1374 1372 1525 1426 Nunc
1552 1388 1615 1425 ex
1643 1372 1865 1427 Canone
1896 1372 1950 1426 S.
1985 1372 2207 1441 Josephi
2246 1388 2306 1426 ea

736 1464 1058 1516 exhibemus
1095 1476 1214 1529 qum
1244 1460 1299 1515 S.
1337 1462 1565 1515 Andreae
1597 1459 1856 1513 miracula
1889 1458 2305 1522 commendant;

736 1555 831 1608 sed
854 1554 1091 1607 ultimam
1111 1552 1278 1607 Odam
1309 1552 1394 1605 cui
1422 1551 1886 1622 hymnographus,
1913 1550 1964 1603 in
1995 1560 2308 1619 perpetuam

738 1648 1107 1701 venerationis
1154 1662 1260 1699 sua:
1314 1646 1652 1708 memoriam,
1699 1662 1897 1699 nomen
1952 1661 2046 1713 per
2086 1646 2311 1698 acrosti-

738 1740 956 1793 chldem
1006 1742 1247 1791 intexere
1280 1738 1476 1800 suevit,
1506 1738 1770 1802 integram
1803 1738 2086 1802 vertimus,
2123 1738 2309 1790 eadem

740 1829 1104 1885 acrostichide
1136 1838 1371 1882 servata.
1404 1828 1721 1882 Advenisse
1772 1827 1934 1879 etiam
1981 1828 2199 1896 juverit,
2237 1827 2311 1881 uti

740 1931 1031 1989 postrema:
1063 1920 1188 1975 huic
1223 1921 1368 1983 Odac,
1399 1919 1471 1972 ita
1506 1920 1717 1973 czeteris
1742 1918 1995 1971 omnibus
2041 1934 2307 1972 annexum
2345 1901 2389 1959 Β

742 2029 864 2068 esse
901 2012 1257 2067 Theotocium
1298 2028 1393 2066 seu
1430 2011 1755 2065 versiculum
1798 2010 1854 2063 in
1894 2012 2154 2063 honorem
2190 2010 2316 2064 Dei-

742 2122 908 2174 parte,
942 2105 1084 2173 quod
1129 2105 1234 2171 jam
1288 2114 1414 2158 ante
1460 2102 1760 2171 Josephnm
1818 2102 2097 2155 factitabat
2143 2100 2316 2155 Theo-

744 2198 975 2265 phanes,
1007 2196 1203 2265 aliique
1234 2195 1625 2265 hymnographi
1657 2194 1830 2248 Graeci
1858 2213 1869 2259 ;
1903 2205 1956 2247 ut
1989 2194 2057 2247 ita
2098 2194 2315 2259 planum

750 2289 839 2341 fiat
862 2297 1064 2356 quanta
1097 2286 1293 2351 Grieci,
1331 2303 1356 2337 a
1396 2287 1633 2339 Romana
1680 2290 1807 2340 sede
1840 2288 2071 2339 necdqu
2102 2287 2317 2347 divulsi,

748 2386 967 2446 quanta.
997 2377 1239 2444 inquam,
1283 2378 1333 2428 in
1367 2377 1423 2431 Β.
1463 2376 1734 2445 Virginem
1791 2378 2076 2430 devotione
2119 2376 2322 2443 pollue-

751 2471 882 2523 rint.
945 2468 1018 2521 Ex
1071 2468 1155 2523 his
1199 2468 1439 2522 Canticis
1490 2479 1804 2535 excerptum
1866 2478 1947 2522 est
2000 2468 2319 2538 opusculum

751 2559 1165 2628 Wangnerecltii
1223 2560 1389 2613 nostri
1441 2560 1523 2612 cui
1582 2561 1820 2614 titulus:
1859 2559 2035 2615 Pietas
2085 2560 2320 2614 Mariana

751 2652 1087 2713 Graecorum,
1120 2662 1174 2705 et
1197 2651 1493 2707 Maraccius
1517 2667 1673 2705 suum
1698 2652 1909 2707 Mariale
1936 2669 1996 2706 ex
2033 2654 2191 2707 unius
2213 2654 2322 2706 fere

756 2741 813 2792 S.
845 2738 1069 2809 Joseplii
1119 2740 1351 2810 hymnis,
1382 2742 1484 2796 etsi
1536 2742 1785 2810 permulti
1816 2744 1990 2797 adhuc
2041 2744 2320 2797 inbiblio-

757 2833 928 2885 thecis
978 2834 1330 2902 manuscripti
1377 2833 1722 2895 delitescunt,
1767 2836 2096 2888 concinnare
2127 2836 2320 2903 potuit.

754 2924 844 2977 55.
896 2923 1111 2976 Sanitas
1140 2940 1205 2977 ex
1250 2936 1301 2978 te
1345 2927 1457 2979 sive
1492 2927 1611 2978 vivo
1642 2927 1840 2989 adhuc,
1874 2928 1986 2979 sive
2030 2927 2140 2992 jam
2183 2942 2325 2977 mor-

832 3028 947 3083 tuo,
975 3028 1228 3087 tanquam
1270 3034 1332 3072 es
1367 3020 1513 3072 fonte
1568 3021 1618 3071 in
1653 3030 1881 3085 ingratos
1926 3019 2127 3081 deﬁuit,
2164 3019 2323 3073 verbo

827 3107 1013 3160 divino
1042 3118 1256 3176 potens,
1292 3119 1473 3159 sancte
1508 3109 1744 3173 Andrea,
1776 3108 1863 3177 qui
1902 3108 2122 3177 spiritus
2147 3108 2323 3176 impu-

2020 431 2301 490 MENSIS
2341 430 2677 495 OC'l‘OBER

733 551 880 616 quod
939 548 1145 602 scilicet
1196 564 1259 602 ex
1311 556 1388 602 tot
1433 548 1728 609 miraculis,
1779 566 1896 618 quae
1934 550 1991 602 S.
2029 549 2301 618 Josephus
2332 551 2376 605 Α

3839 434 3966 498 1108

2477 555 2567 621 qui
2613 572 2640 606 a
2696 554 2913 607 Christo
2948 554 3056 607 Deo
3112 562 3299 606 nostro
3350 552 3693 605 curationum
3738 550 3965 619 gratiam

2472 648 2682 702 cmlitus
2710 646 2979 715 accepisti.
3008 643 3115 700 Ode
3154 644 3207 708 8,
3234 650 3302 700 tr.
3335 645 3388 699 3.

3092 758 3199 812 Ode
3237 759 3288 811 9.

2404 852 2553 912 Ideo.
2609 852 2769 907 Pater
2825 863 3029 913 sancte,
3083 866 3246 905 cursu
3299 860 3391 903 tuo
3453 858 3861 908 consummato,
3920 854 3971 898 et

2475 944 2777 997 orthodoxa
2812 942 2913 996 ﬁde
2945 942 3263 995 intemerate
3294 950 3523 1002 servata,
3578 938 3707 1006 quia
3758 935 3970 989 certastl

2477 1036 2735 1105 legitime,
2774 1049 3030 1088 coronam
3072 1033 3342 1092 duplicent
3399 1031 3637 1097 desuper
3685 1025 3970 1093 accepisti,

2479 1136 2535 1179 nt
2579 1136 2779 1195 martyr
2810 1125 3063 1185 invictus,
3100 1134 3157 1176 ut
3188 1133 3363 1175 asceta
3393 1121 3660 1190 egregius.

2407 1217 2752 1273 Oderiferum
2789 1226 2846 1269 ut
2899 1212 3095 1277 lilium,
3157 1225 3213 1266 ut
3270 1229 3413 1278 rosa,
3466 1212 3651 1274 Pater,
3720 1209 3777 1262 in
3821 1216 3973 1275 prato

2478 1309 2676 1363 divinze
2714 1323 2959 1361 asccseos
2993 1304 3247 1368 floruisti,
3279 1313 3335 1356 ut
3363 1304 3565 1356 cedrus
3612 1313 3785 1353 suave
3818 1297 3974 1350 redo-

2483 1401 2585 1458 les.
2622 1410 2915 1468 martyrum
2959 1397 3300 1465 splendorem
3349 1395 3602 1463 adeptus,
3653 1392 3821 1445 beate
3875 1390 3979 1441 Anc

2482 1494 2633 1555 drea,
2664 1491 3049 1546 monachorum
3085 1490 3277 1543 decus.

2412 1586 2592 1655 Signis
2624 1594 2673 1638 et
2719 1583 2983 1650 portentis
3037 1581 3235 1634 merito
3280 1577 3529 1638 celebris,
3582 1577 3831 1629 omnium
3884 1573 3977 1625 sub

2486 1678 2659 1733 oculis
2694 1673 3088 1729 indissolubilis
3138 1686 3347 1733 manes,
3391 1670 3547 1722 beate
3594 1668 3840 1729 Andrea,
3896 1666 3978 1733 qui

2488 1780 2725 1824 mentem
2756 1769 3031 1820 illuminas
3091 1765 3193 1818 ﬁde
3240 1762 3450 1816 ardenti
3494 1758 3816 1815 adeuntium
3854 1770 3902 1810 te
3932 1767 3980 1809 et

2487 1862 2874 1933 gratulantium
2909 1858 3027 1911 tibi.

2420 1956 2557 2009 Ecce
2610 1955 2753 2008 diem
2805 1952 3055 2005 festivum
3098 1957 3150 2002 et
3184 1957 3425 2002 sanctam
3495 1943 3983 2007 snavissimamque

2486 2048 2801 2102 memoriam
2836 2053 2982 2096 tuam
3019 2042 3360 2095 celebrantes
3411 2039 3593 2101 hodie,
3650 2037 3771 2097 tibi,
3805 2036 3981 2097 Pater,

2484 2156 2608 2193 cum
2644 2136 2838 2191 ﬁducia
2872 2135 3167 2187 clamamus
3206 2132 3423 2186 :Sacris
3473 2131 3537 2184 ad
3573 2129 3744 2183 Deum
3801 2142 3984 2195 preca—

2489 2230 2728 2285 tionibus
2758 2227 2885 2288 tuis,
2921 2225 2986 2278 ab
3018 2224 3163 2277 omni
3188 2223 3563 2277 vicissitudine
3595 2221 3722 2275 vita:
3753 2219 3983 2272 liberare

2491 2334 2590 2372 nos
2628 2316 2886 2387 digneris.

3027 2428 3377 2482 Theol‘acium.

2422 2545 2723 2618 Phosphori
2782 2545 2920 2606 veri,
2985 2543 3077 2612 qui
3132 2542 3315 2596 lumen
3391 2540 3511 2593 tulit
3586 2538 3641 2589 in
3727 2534 3989 2587 mundum

2490 2640 2779 2710 splendore
2813 2636 3062 2696 Deitatis,
3090 2646 3144 2687 et
3178 2631 3497 2702 ignorantiae
3534 2627 3792 2680 tenebras
3845 2624 3991 2691 fuga-

2498 2731 2571 2782 vit
2596 2730 2649 2781 in
2679 2742 2878 2787 :evum,
2924 2725 3127 2775 viscera
3161 2732 3272 2782 tua,
3332 2717 3641 2773 castissima
3680 2716 3868 2787 Virgo,
3903 2717 3991 2769 ba-

2501 2817 2797 2872 bitacnlum
2832 2815 2973 2868 facta
3012 2823 3168 2875 sunt;
3205 2812 3322 2865 ideo
3354 2811 3719 2878 gloriﬁcamus
3753 2821 3826 2864 te.

2501 2908 2589 2961 36.
2655 2905 2749 2958 Hic
2801 2902 3149 2957 exscribenda
3200 2902 3379 2956 forent
3449 2900 3832 2969 Metaphrastae
3881 2915 3991 2951 ver-

2428 3002 2517 3065 ba,
2572 3000 2766 3069 quibus
2838 3008 3085 3060 testatur,
3120 3012 3221 3049 suo
3278 2996 3441 3047 etiam
3502 3005 3779 3061 tempore,
3828 2992 3993 3043 nemi-

2430 3108 2554 3147 nem
2618 3093 2810 3146 morbo
2870 3101 2964 3144 aut
3028 3088 3169 3141 malo
3228 3087 3592 3154 qualicunque
3661 3095 3990 3151 correptum,

824 3214 914 3253 ros
942 3175 1181 3268 depellis,
1222 3210 1274 3253 et
1318 3200 1558 3253 Creatori
1593 3210 1684 3252 tuo
1713 3175 1971 3251 incvlamas
2008 3217 2020 3252 :
2054 3198 2132 3251 Tu
2180 3175 2326 3251 solus
2353 3224 2398 3286 Ο
2435 3184 2619 3237 Sancti
2655 3184 2922 3235 tumulum
2953 3181 3149 3233 adiisse
3180 3179 3308 3247 quin
3344 3177 3643 3228 remedium
3700 3175 3837 3286 inde;
3857 3187 3992 3277 retu-

827 3305 1070 3356 sanctus,
1104 3294 1349 3347 Domine.
1380 3293 1485 3348 Ode
1519 3294 1572 3356 5,
1602 3296 1836 3364 lropario
1864 3294 1914 3349 ἓ.

762 3382 939 3439 Suave
986 3385 1218 3453 spirans.
1255 3388 1420 3440 odore
1465 3388 1748 3451 virtutum,
1780 3388 1868 3441 ubi
1919 3403 2063 3441 nunc
2094 3386 2244 3456 jaces
2273 3388 2325 3441 in

834 3480 1103 3547 sepulcro.
1155 3480 1312 3533 Pater
1355 3490 1559 3543 sancte,
1598 3480 1801 3532 vultum
1850 3479 2090 3532 laetiﬁcas
2141 3495 2327 3532 eorum

834 3570 924 3637 qui
959 3570 1249 3625 conﬁdenti
1283 3572 1444 3626 corde
1468 3572 1541 3625 Te
1572 3570 1917 3625 adeunt.0de
1938 3572 1970 3622 4
2001 3580 2134 3635 trop.
2169 3569 2222 3620 2.

763 3657 980 3712 Peccati
1036 3661 1288 3713 tenebras
1336 3658 1693 3717 abhorruisti.
1746 3657 1924 3719 Pater,
1982 3666 2035 3710 et
2089 3656 2332 3713 libidinis

837 3764 1032 3816 expers
1059 3760 1115 3803 ut
1154 3751 1372 3803 lucerna
1431 3750 1776 3814 Splenduisti,
1822 3750 1910 3818 qui
1972 3750 2036 3804 ad
2082 3760 2329 3806 sanctum

840 3838 1107 3890 tumulum
1162 3848 1311 3891 tuum
1360 3837 1684 3891 accedentes
1745 3838 2035 3906 splendore
2098 3840 2333 3892 curatio-

842 3946 992 3988 num.
1026 3929 1134 3982 Deo
1161 3931 1343 3991 dante,
1386 3931 1673 3983 illuminas.
1712 3932 1840 3983 Ode.
1872 3932 1924 3995 5,
1961 3941 2028 3983 tr.
2070 3930 2115 3982 l.

772 4024 863 4077 Dei
899 4018 1272 4077 habitaculum
1302 4024 1475 4076 factus
1504 4038 1582 4083 es,
1616 4022 1792 4083 Pater,
1822 4023 1913 4091 qui
1942 4035 2126 4077 sancte
2154 4023 2331 4078 vixisti

840 4124 890 4167 et
940 4115 1190 4183 pugnasti
1233 4113 1481 4177 fortiter;
1525 4128 1671 4167 nunc
1714 4130 1840 4169 vero
1883 4118 1933 4168 in
1981 4126 2333 4170 monumento

837 4205 1008 4270 jaces,
1060 4205 1241 4256 salvus
1291 4212 1344 4255 et
1405 4199 1815 4267 indissolubilis,
1875 4213 2196 4259 cunctorum
2236 4205 2343 4260 sol-

848 4311 978 4351 vens
1016 4297 1231 4351 morbos
1270 4296 1525 4351 ﬁdelium.
1558 4296 1665 4351 Ode
1698 4298 1752 4361 5,
1786 4306 1850 4349 tr.
1882 4297 1932 4350 2.

772 4388 837 4441 Ut
872 4389 1049 4458 magni
1086 4388 1247 4457 pretii
1302 4389 1591 4442 thesaurus
1628 4389 2003 4455 absconditus,
2055 4388 2226 4444 oculis
2274 4390 2334 4444 ﬁ-

848 4481 1073 4541 delium,
1115 4480 1294 4541 Pater,
1341 4479 1665 4532 manifestus
1694 4477 1869 4532 factus
1896 4494 1976 4541 es,
2007 4490 2061 4532 et
2098 4481 2330 4533 miracu-

843 4572 907 4623 lis
946 4571 1085 4623 ditas
1112 4584 1301 4624 omnes
1328 4571 1417 4639 qui
1454 4570 1641 4623 colunt
1675 4578 1746 4623 te.
1778 4569 1883 4624 Ode
1910 4570 1961 4634 6,
1992 4579 2060 4622 tr.
2092 4570 2143 4623 5.

772 4660 1008 4730 Spiritus
1041 4671 1165 4715 tuus
1200 4662 1381 4716 divina
1425 4662 1917 4715 communicatione
1966 4660 2333 4728 praefulgidus,

846 4753 1112 4806 mirabilis
1172 4753 1409 4811 Andrea.
1466 4751 1675 4803 stellam
1730 4749 1957 4800 lucidam
2024 4749 2232 4801 cunctis
2289 4760 2338 4805 te

843 4843 1110 4899 exhibuit.
1154 4853 1207 4896 et
1254 4842 1453 4910 ubique
1522 4826 1799 4893 miraculis
1855 4840 2093 4896 iilustras
2156 4839 2339 4895 ﬁdeles

844 4935 1215 4990 collaudantcs
1252 4946 1321 4988 te.
1356 4934 1461 4987 Ode
1497 4936 1547 4996 '7,
1579 4943 1648 4986 tr.
1679 4935 1727 4985 5.

776 5027 973 5080 Contra
1010 5027 1288 5079 Christum
1344 5024 1395 5077 in
1449 5025 1652 5076 rabiem
1711 5023 1941 5090 abrepti,
1979 5031 2033 5076 nt
2072 5023 2195 5076 ferae
2246 5025 2339 5078 be-

846 5120 961 5172 sliaa
1006 5128 1055 5170 te
1090 5118 1343 5171 trucidari
1392 5119 1710 5185 jusserunt;
1750 5130 1913 5182 quare
1967 5126 2243 5184 reptantes
2286 5128 2341 5171 et

848 5212 1121 5260 credentes
1185 5219 1235 5262 te
1301 5210 1351 5260 in
1428 5207 1743 5259 barathrum
1806 5208 2172 5275 projecernnt,
2248 5212 2339 5277 qui

854 5300 925 5351 ita
959 5299 1194 5351 veritatis
1232 5300 1549 5351 manifestus
1580 5310 1779 5366 martyr
1834 5298 2005 5355 factus
2035 5315 2113 5353 es.
2151 5300 2261 5354 Ode
2288 5304 2340 5367 8,

855 5398 922 5438 tr.
954 5388 1009 5438 ‘2.

793 5477 1056 5544 Prodigiis
1077 5478 1279 5537 ﬁdeles,
1316 5488 1568 5543 tanquam
1604 5478 1824 5548 fluento,
1854 5480 2062 5546 irrigas,
2090 5492 2139 5532 et
2169 5482 2341 5549 fugas,

870 5569 948 5617 vir
992 5571 1164 5629 beate,
1203 5570 1456 5636 nequitiie
1502 5568 1745 5634 spiritus,
1777 5578 1829 5619 et
1874 5573 2155 5636 languores
2185 5574 2345 5634 tollis,

893 5764 1033 5825 lli-ll
1060 5763 1119 5817 τ.
1156 5763 1173 5819 1
1211 5764 1399 5831 April..
1426 5762 1622 5831 p.7269,
1655 5776 1707 5831 n.
1751 5758 1830 5831 15.

906 5835 1044 5905 μη)
1077 5830 1387 5906 Pacbymer.
1417 5841 1454 5883 t.
1489 5830 1552 5891 ll,
1586 5846 1638 5899 p.
1669 5830 1731 5879 53
1766 5830 1810 5879 cl.
1832 5840 1878 5878 et
1904 5830 2023 5880 606.

2436 3276 2595 3341 lcrit;
2628 3274 2720 3344 qui
2779 3272 2932 3343 Cpoli
2978 3273 3180 3343 degens
3236 3271 3308 3325 ita
3364 3270 3591 3323 ﬁdenter
3642 3283 3753 3321 non
3815 3266 3995 3319 fuisset

2434 3369 2691 3425 concives
2760 3366 3048 3426 allocutus,
3111 3363 3214 3417 nisi
3290 3360 3672 3429 frequentibus
3724 3357 3997 3410 miraculis

2436 3462 2493 3515 S.
2544 3463 2791 3513 Andreas
2845 3459 3083 3511 ﬁdelium
3139 3456 3393 3523 pietatem
3443 3460 3868 3503 remunerasset.
3904 3448 3999 3501 Ve-

2435 3568 2578 3611 rum.
2618 3552 2701 3604 his
2744 3549 2943 3610 missis,
2973 3560 3094 3599 cum
3134 3544 3184 3595 in
3220 3542 3365 3595 Actis
3392 3542 3508 3609 ejus
3538 3556 3592 3591 n.
3644 3539 3707 3590 l7
3747 3539 3849 3606 legi
3886 3553 3999 3604 pes-

2436 3646 2566 3711 sint,
2596 3645 2662 3698 de
2702 3641 2871 3695 Crisis
2928 3639 3047 3694 loco
3078 3636 3165 3691 cui
3222 3649 3436 3690 sacrum
3491 3634 3685 3701 pignus
3733 3630 3996 3683 creditum

2434 3745 2535 3799 est,
2573 3734 2817 3805 quaedam
2857 3730 3183 3803 proferenda
3237 3738 3384 3783 sunt.
3420 3726 3476 3781 In
3530 3727 3679 3778 Actis
3733 3724 3995 3791 utrisque.

2434 3833 2527 3886 sed
2563 3832 2613 3883 in
2652 3827 3079 3896 Metaphrastrcis
3124 3825 3405 3882 disertius,
3444 3821 3594 3874 locus
3646 3819 3739 3872 ille
3784 3827 3999 3870 sanctus

2436 3923 2657 3976 dicitur.
2707 3918 2831 3971 Fuit
2892 3918 2963 3970 ibi
3009 3915 3214 3970 scilicet
3264 3911 3678 3970 monasterium,
3727 3909 3817 3960 cui
3866 3924 4001 3962 anno

2435 4014 2650 4067 circiter
2712 4011 2869 4072 1:281,
2924 4024 2990 4061 ex
3049 4004 3257 4060 Possini
3319 4002 3488 4054 nostri
3549 3998 3762 4051 calculo
3834 3998 4002 4078 (ΗΞ).

2438 4104 2679 4159 llaulena
2730 4100 3209 4155 Protovestiarissa
3245 4092 3588 4165 peramplam
3641 4099 3697 4142 et
3750 4088 3999 4157 exquisiti

2438 4195 2652 4251 artiﬁcii
2688 4193 2861 4247 aedem
2917 4190 3137 4257 adjecit.
3173 4188 3315 4243 Alibi
3358 4200 3486 4239 vero
3527 4183 3910 4253 Pachymetes,
3942 4195 3999 4231 ex

2438 4289 2687 4358 ejusdem
2720 4283 2932 4361 Possini
2964 4281 3438 4347 interpretatione,
3470 4278 3541 4330 ita
3573 4275 3688 4330 fere
3717 4274 3957 4343 loquitur
3986 4288 3997 4323 :

2438 4380 2646 4435 abdidit
2681 4391 2737 4430 sc
2770 4373 3060 4444 Gregorius
3102 4370 3407 4439 patriarcha
3453 4367 3505 4419 in
3557 4367 3999 4418 monasteriolum

2440 4472 2688 4528 Aristinie
2718 4468 2944 4527 dictum,
2974 4462 3286 4531 contiguum
3320 4457 3651 4512 monasterio
3690 4457 3748 4508 S.
3783 4457 4001 4509 Andreie

2369 4535 2497 4617 Din
2554 4561 2718 4623 Crisi,
2754 4559 3007 4615 viciniam
3065 4555 3118 4609 in
3179 4554 3300 4612 talis
3349 4550 3558 4606 delectu
3618 4547 3722 4601 loci
3778 4562 4003 4610 sequi-ns

2441 4652 2941 4709 Protovestiarissae
2966 4647 3241 4702 Raulaznze
3280 4647 3330 4698 in
3366 4659 3430 4697 eo
3457 4642 3514 4696 S.
3559 4642 3793 4694 Andreze
3825 4654 4002 4692 mona-

2443 4748 2612 4801 sterio
2674 4743 2920 4812 degentis
2961 4756 2987 4794 a
3043 4756 3147 4805 qua
3198 4738 3427 4805 benigne
3482 4733 3771 4788 fovebatur
3836 4730 3999 4796 (llfil.

2443 4840 2581 4895 Num
2622 4839 2783 4907 igitur
2828 4835 2898 4888 ob
2943 4834 3195 4886 viciniam
3256 4829 3511 4883 utriusvis
3553 4829 3782 4882 istorum
3826 4841 4003 4879 mona-

2443 4932 2740 4986 steriornm
2773 4927 2940 4980 Crisis
2961 4926 3112 4978 locus
3136 4932 3375 4982 sanctus,
3395 4918 3657 4989 jam'inde
3689 4928 3885 4979 octavo
3912 4933 4000 4970 sr-

2443 5023 2565 5077 cnlo
2594 5024 2734 5075 dicta
2764 5018 2854 5083 sit,
2890 5014 3102 5069 deﬁniri
3140 5028 3246 5066 non
3281 5018 3492 5080 potest;
3553 5024 3656 5062 nos
3718 5008 3883 5061 aliam
3927 5024 4010 5074 θρα

2448 5111 2763 5182 pellationis
2828 5121 3044 5161 causam
3123 5119 3231 5158 non
3302 5100 3625 5154 deteximus.
3704 5099 3877 5151 Porro
3946 5111 4000 5150 es

2448 5207 2626 5275 priore
2656 5199 3008 5273 Pachyiueris
3038 5197 3270 5265 allegato
3300 5195 3419 5247 loco
3456 5192 3554 5246 disr
3578 5192 3740 5252 imus,
3802 5188 4004 5240 Ranlz-

2448 5312 2591 5358 nam,
2632 5294 2886 5348 feminam
2920 5288 3100 5341 multis
3135 5285 3278 5339 tertii
3318 5282 3512 5337 decimi
3545 5280 3731 5333 saeculi
3786 5278 4005 5346 scripto-

2449 5388 2596 5441 ribus
2627 5383 2978 5443 celebratam,
3013 5379 3069 5430 S.
3101 5379 3328 5431 Andreae
3369 5370 3720 5443 magniﬁcum
3752 5366 4001 5436 templum

2449 5477 2772 5535 EttScilaSSP;
2809 5473 2893 5525 cui
2942 5470 3206 5522 Maximus
3259 5464 3527 5534 Planudes
3566 5460 3897 5524 monachus,
3924 5459 4001 5529 qui

2454 5577 2564 5615 tum
2596 5563 2851 5628 temporis
2883 5560 3093 5612 vivebat
3125 5558 3272 5624 (IN)
3308 5564 3360 5607 et
3387 5570 3449 5607 ex
3500 5553 3825 5619 biographis
3859 5552 4004 5605 inno-

2534 5752 2672 5824 U-lS)
2712 5756 2831 5824 Loc.
2871 5760 2964 5811 cit.
3001 5771 3050 5824 ρ.
3094 5760 3158 5815 89
3184 5768 3232 5804 e.

2532 5816 2682 5891 (Mli)
2716 5816 3053 5893 Pachym.,'l.
3088 5836 3133 5872 c.
3166 5836 3217 5888 p.
3258 5816 3355 5870 166
3382 5832 3427 5872 c.
