4136 6514
146 483 285 549 1133

1502 471 1679 531 νιΤΑ
1715 470 1776 530 S.
1816 469 2049 530 LUC/li.

3257 463 3394 530 1134

145 618 261 673 ριον
297 596 528 666 βεϐαιοῖ.
563 593 710 665 Πλὴν
741 591 879 645 ἀλλὰ
917 591 1013 658 τῆς
1052 589 1199 651 θείας
1246 589 1461 659 ὁμιλίας
1492 589 1719 659 ταύτης,

1838 598 2129 643 τιιιηιαηιεη
2187 600 2305 656 quae
2378 585 2475 639 fuit
2548 584 2714 655 hujus
2764 582 2962 639 divina
3015 583 3395 640 collocationis

141 695 195 747 τί
229 694 287 745 τὸ
329 689 632 760 γεώργιονς
668 684 785 755 Πῦρ
839 685 940 754 ήδη
991 682 1133 736 θεῖον
1177 684 1298 744 ταῖς
1345 681 1548 734 τούτων
1594 684 1725 734 ἁνα-

142 784 352 853 λάμπει
395 782 619 850 ψυχαῖς·
669 779 764 830 καὶ
825 775 923 838 τῆς
984 773 1197 843 ἡμέρας
1257 772 1382 843 ἄρτι
1442 771 1723 838 κλινάσης,

148 879 326 944 μεῖναι
372 875 469 926 σὺν
518 873 703 932 αὐτοῖς
740 869 832 920 τὸν
870 866 1154 935 Δεσπότην
1207 863 1627 932 παρεϐιάσαντο.
1668 863 1726 913 Ὀ

143 969 219 1032 δὲ,
245 966 468 1019 πλείονα
500 965 599 1034 τὴν
639 958 970 1028 θεογνωσξαν
1022 958 1211 1019 αὐτοῖς
1265 956 1494 1008 ἐνθεῖναι
1546 955 1728 1025 βουλό-

150 1077 328 1131 μενος,
358 1059 419 1110 οῦ
465 1058 697 1124 συνέστη
735 1054 896 1123 μόνον
931 1049 1143 1116 ἁπλῶς,
1171 1048 1306 1102 ἀλλὰ
1346 1050 1440 1101 καὶ
1485 1052 1551 1117 τῇ
1589 1065 1724 1117 τροις

146 1150 285 1219 πέζῃ
320 1145 849 1214 συγκατακλίνεται’
876 1144 941 1211 τῇ
986 1158 1042 1193 τε
1075 1138 1170 1192 τοῦ
1205 1139 1370 1206 ἄρτου
1417 1138 1606 1190 κλάσει
1638 1132 1727 1191 οῦ-

145 1258 254 1303 τος,
286 1243 491 1300 ἐκεῖνος
524 1240 552 1291 ὁ
578 1237 876 1305 τριήμερος
926 1230 1067 1286 εἶναι
1107 1231 1300 1299 νεκρὸς
1332 1230 1724 1298 ἁκριὸἑστερον

143 1332 493 1404 γνωρισθεὶς,
514 1330 665 1389 τέλος
693 1326 869 1397 ᾤχετο
890 1323 1070 1378 λαϐὼν
1103 1324 1286 1377 αὐτῶν
1322 1326 1500 1376 πᾶσαν
1532 1320 1723 1386 αἴσθη-

149 1443 253 1486 σιν,
277 1423 630 1493 βεϐαιοτέραν
662 1417 835 1478 οὕτως
864 1417 1049 1479 αὐτοῖς
1100 1414 1199 1484 τὴν
1238 1416 1300 1466 ἐκ
1352 1412 1459 1465 τῶν
1515 1410 1724 1479 νεκρῶν

146 1519 443 1567 ἀνάστασιν
475 1511 874 1581 ἐργασάμενος.

218 1604 291 1655 E’.
332 1600 610 1654 Ἐντεῦθεν
629 1600 721 1652 καὶ
750 1598 847 1667 τῆς
891 1596 985 1649 τοῦ
1029 1597 1283 1665 Σωτῆρος
1326 1596 1463 1666 πρὸς
1497 1593 1728 1665 οὐρανὸν

147 1693 488 1765 ἀναλήψεως,
514 1693 604 1745 καὶ
632 1691 732 1761 τῆς
751 1690 842 1743 τοῦ
878 1689 1146 1756 παναγίου
1174 1687 1499 1755 Πνεῦματος
1524 1687 1732 1739 ἐκεῖθεν

150 1782 565 1852 ἐπιφοιτήσεως,
609 1772 760 1841 οὗτος
800 1782 907 1839 τοῖς
935 1777 1143 1828 δώδεκα
1171 1771 1618 1843 κεκοινωνηκὼς,
1636 1776 1734 1841 τῆς

148 1874 321 1942 αὐτῆς
355 1890 412 1925 τε
453 1870 762 1940 πληρωθεὶς
815 1870 1042 1938 χάριτος
1095 1868 1186 1919 καὶ
1244 1866 1576 1935 δυνάμεως,
1627 1866 1734 1917 τῶν

1829 680 2182 750 agricolatio?
2238 680 2377 751 Ignis
2408 677 2625 733 divinus
2685 678 2789 742 iam
2836 677 2895 730 in
2957 675 3154 731 horum
3198 678 3397 732 animis

1829 775 2055 839 relucet,
2116 773 2337 842 jamque
2400 772 2488 826 die
2549 769 2854 825 declinante
2915 784 3139 824 manere
3207 784 3397 823 secum

1830 867 2115 921 Dominum
2151 868 2549 935 quodammodo
2579 873 2895 935 coegerunt.
2920 861 3087 917 Porro
3109 850 3246 932 ipse,
3280 879 3393 916 ma-

1823 960 1929 1028 jori
1973 959 2063 1032 Dei
2091 959 2403 1027 cognitione
2428 958 2550 1011 illos
2585 956 2768 1009 aﬂlare
2792 958 3001 1017 volens,
3054 970 3162 1007 non
3221 955 3394 1009 solum

1829 1051 2035 1121 vulgari
2065 1050 2226 1104 modo
2252 1064 2580 1119 congressus
2613 1058 2722 1114 est,
2758 1047 3120 1101 verumetiam
3147 1046 3212 1100 ad
3248 1061 3405 1099 men-

1830 1155 1947 1193 sam
2004 1155 2111 1194 una
2160 1138 2451 1201 recumbit,
2514 1137 2783 1206 panisque
2837 1135 3104 1189 fractione
3160 1134 3408 1188 exactius

1830 1234 2050 1300 agnitus
2074 1240 2157 1287 est
2191 1231 2281 1285 hic
2338 1230 2480 1284 idem
2515 1229 2608 1298 qui
2669 1229 2850 1283 triduo
2902 1236 3150 1282 mortuus
3204 1228 3403 1288 fuerat.

1834 1324 2056 1376 tandem
2081 1323 2349 1392 disparuit
2368 1322 2517 1375 nullo
2542 1336 2732 1375 eorum
2763 1334 2924 1375 sensu
2955 1322 3005 1373 id
3030 1319 3363 1388 percipieute
3388 1336 3404 1383 ;

1833 1411 2029 1465 elIeeta
2093 1412 2196 1465 hoc
2255 1411 2417 1465 modo
2470 1411 2525 1464 in
2586 1410 2667 1465 eis
2712 1408 2938 1464 lirmiori
3001 1410 3405 1465 resurrectione

1836 1507 2205 1557 mortuorum.

1914 1594 1972 1647 ν.
2004 1594 2268 1649 Praeter-ea
2306 1612 2334 1649 a
2364 1595 2662 1650 Salvatoris
2690 1596 2741 1648 in
2764 1595 2960 1650 caelum
3028 1596 3407 1663 assumptione

1839 1702 1903 1741 ac
1931 1686 2257 1741 sanctissimi
2280 1685 2513 1754 Spiritus
2532 1688 2657 1741 inde
2684 1688 3059 1753 descensione,
3088 1689 3173 1744 hic
3199 1689 3411 1743 duode-

1838 1780 1946 1833 cim
1989 1779 2247 1847 apostolis
2285 1779 2584 1832 associatus
2631 1789 2685 1833 et
2723 1780 2914 1832 eadem
2956 1783 3124 1848 gratia
3185 1796 3247 1834 ac
3310 1797 3407 1849 po-

1844 1880 2038 1926 testate
2083 1874 2342 1941 repletus.
2404 1870 2661 1926 Gentium
2712 1884 3010 1941 praeceptor
3069 1864 3408 1942 designatur.

149 1962 319 2014 ἐθνῶν
346 1960 664 2022 διδάσκαλος
692 1960 1100 2019 ἀναδείκνυται,
1138 1955 1406 2023 θεολογῶν
1439 1956 1502 2008 τὸ
1533 1956 1631 2026 τῆς
1662 1957 1734 2007 οξ-

1839 1964 2027 2017 divino
2063 1964 2225 2018 modo
2268 1964 2469 2018 docens
2497 1964 2924 2032 dispensationis
2977 1962 3319 2034 mysterium.
3358 1976 3413 2017 et

150 2055 411 2123 κονομίας
468 2054 790 2123 μυστήριον,
847 2052 942 2102 καὶ
1014 2050 1245 2112 πολλοὺς
1294 2051 1375 2111 είς
1432 2049 1734 2117 ἐπίγνωσιν

150 2148 244 2201 τοῦ
281 2147 643 2217 πεποιηκότος
677 2149 740 2197 ἐκ
788 2143 885 2212 τῆς
939 2142 1161 2211 ἀπάτης
1218 2141 1582 2211 χειραγωγῶν
1639 2142 1735 2193 καὶ

150 2239 369 2291 τελειῶν
403 2238 482 2306 τῷ
528 2235 891 2305 βαπτίσματι.
946 2232 1180 2300 Ἔτρεχε
1231 2232 1330 2299 μὲν
1393 2232 1503 2297 γὰρ
1535 2235 1562 2283 ὁ
1591 2229 1734 2291 θεῖος

154 2328 314 2395 οὗτος
352 2330 567 2390 Λουκᾶς
616 2325 897 2395 πανταχοῦ
939 2324 1279 2394 διασπείρων
1326 2323 1387 2376 τὸ
1441 2325 1733 2394 κήρυγμα,

154 2427 251 2477 καὶ
280 2427 345 2493 τῇ
379 2421 486 2474 τῶν
516 2421 691 2488 λόγων
725 2421 938 2489 σαγήνῃ
988 2418 1115 2478 τοὺς
1147 2417 1365 2479 πλείους
1394 2418 1458 2469 ὲκ
1489 2418 1588 2486 τῆς
1639 2415 1733 2470 τοῦ

153 2510 319 2584 βυθοῦ
367 2512 645 2580 ἀγνωσίας
699 2512 998 2580 προσάγων
1031 2508 1170 2579 Θεῷ,
1209 2508 1546 2562 κακοπαθῶν
1594 2508 1736 2578 ὑπὲρ

152 2606 245 2660 τοῦ
279 2592 639 2674 Εὑαγγελίου,
672 2608 785 2666 τοῖς
810 2603 1207 2670 πονηροτάτοις
1248 2601 1519 2669 Ἑλλήνων
1540 2603 1618 2661 είς
1651 2600 1739 2652 λό-

153 2717 284 2779 γους
320 2700 540 2768 χωρῶν,
573 2695 744 2749 πολλὰ
769 2695 837 2746 τά
887 2695 1123 2762 δυσχερῆ
1178 2694 1549 2762 ὑφιστάμενος
1596 2694 1736 2745 κατὰ

154 2794 281 2861 γῆν,
327 2791 469 2845 κατὰ
504 2788 801 2851 θάλατταν,
833 2785 977 2839 κατὰ
1015 2785 1222 2847 πόλεις.
1277 2783 1525 2855 Ἔρημός
1586 2780 1736 2850 αὐτῷ

155 2886 308 2952 φίλον
368 2884 565 2950 ἔδαφος
615 2880 953 2948 ὠνομάζετο,
1015 2878 1176 2947 μόνον
1202 2878 1253 2929 ετ
1294 2894 1447 2941 τινας
1496 2880 1554 2928 ἓν
1598 2878 1736 2946 αὐτῇ

152 2976 274 3045 Θεῷ
327 2978 703 3045 προσαγαγεῖν
740 2972 912 3041 εὖροι,
967 2972 1058 3023 καὶ
1103 2970 1420 3040 μεταθεῖναι
1462 2970 1599 3039 πρὸς
1638 2970 1738 3039 τὴν

152 3068 456 3120 ιὸσέϐειαν.

226 3162 319 3226 (ζ’.
346 3158 505 3213 Ἐπεὶ
527 3159 581 3212 δὲ
603 3159 695 3210 καί
716 3155 950 3219 Παῦλος,
972 3155 1080 3207 τῶν
1097 3154 1359 3225 οὐρανίων
1375 3154 1603 3225 ὲπιὸἡσε
1615 3156 1735 3208 σθαι

1842 2057 2044 2110 multos
2065 2057 2128 2110 ad
2156 2055 2434 2110 Creatoris
2470 2057 2837 2124 cognitionem
2872 2071 2935 2109 ex
2972 2072 3159 2111 errore
3222 2073 3412 2111 manu-

1840 2149 2049 2202 ducens
2073 2164 2136 2201 ac
2166 2150 2487 2217 baptismate
2513 2163 2860 2202 consecratis.
2906 2148 3186 2217 Siquidem
3219 2166 3411 2205 curre-

1840 2239 1932 2291 bat
2007 2240 2227 2291 divinns
2307 2239 2395 2291 hic
2480 2237 2653 2291 Lucas
2713 2240 3155 2307 praedicationem
3213 2243 3412 2311 ubique

1838 2330 2257 2390 disseminans.
2332 2338 2389 2383 et
2447 2346 2756 2384 sermonum
2825 2348 3020 2401 sagena
3104 2333 3286 2401 plures
3347 2350 3412 2387 ex

1840 2424 2112 2492 profunda
2146 2424 2455 2494 ignorantia
2483 2423 2548 2477 ad
2578 2423 2747 2477 Deum
2781 2424 3089 2478 adducebat
3123 2442 3135 2478 :
3180 2424 3410 2480 al‘llictus

1840 2531 1941 2586 pro
1965 2516 2277 2586 Evangelio,
2304 2532 2425 2568 cum
2450 2516 2518 2570 ad
2550 2516 2822 2585 pessimos
2853 2517 3073 2572 Gnecos
3107 2520 3172 2571 ad
3237 2520 3412 2573 disse-

1840 2607 2131 2659 minandos
2165 2619 2447 2658 sermones
2486 2608 2788 2667 accederet.
2820 2609 2986 2660 multa
3020 2624 3211 2677 aspera
3242 2610 3414 2663 susti-

1840 2696 2006 2749 nebat
2041 2696 2287 2759 interra,
2348 2695 2399 2748 in
2460 2696 2616 2759 mari,
2674 2696 2725 2748 in
2779 2696 3008 2768 singulis
3073 2699 3407 2754 civitatibus.

1839 2785 2122 2841 Desertum
2150 2787 2428 2841 dicebatur
2490 2789 2537 2842 ei
2579 2790 2813 2843 amicum
2861 2791 3057 2852 solum,
3115 2791 3413 2847 dummodo

1839 2879 2049 2949 aliquos
2100 2880 2153 2931 in
2196 2894 2261 2933 eo
2318 2880 2591 2935 inveniret
2645 2898 2782 2950 quos
2835 2882 2944 2937 Deo
3009 2884 3305 2939 adduceret
3345 2902 3410 2940 ac

1841 2973 2162 3030 transferret
2194 2973 2260 3027 ad
2299 2974 2575 3042 pietatem.

1916 3157 2003 3210 Vl.
2043 3158 2139 3210 Ubi
2171 3169 2350 3212 autem
2380 3170 2434 3212 et
2464 3159 2663 3215 Paulus
2692 3163 2932 3215 cmlestia
2984 3167 3413 3231 conscendisset.

157 3254 401 3323 μέλλων,
449 3250 821 3305 κατοπτεῦσαί
854 3265 911 3301 τε
944 3248 1039 3301 καὶ
1095 3247 1331 3319 κηρύξαι
1392 3248 1607 3320 τρανῶς
1638 3252 1734 3319 τὴν

1844 3257 1903 3301 ut
1931 3247 2235 3303 intueretur
2271 3251 2553 3303 veritatem
2595 3262 2650 3304 et
2686 3263 2873 3321 aperte
2895 3268 3015 3307 eam
3076 3257 3414 3324 pradicaret,

156 3344 444 3413 αλήθειαν,
468 3346 527 3396 τὸ
564 3346 661 3413 τῆς
694 3341 909 3413 ἀπάτης
948 3341 1141 3402 σκότος
1172 3340 1464 3393 ἀποϐαλὼν
1496 3344 1561 3411 τῇ
1593 3342 1739 3394 εὐσε-

155 3438 280 3490 6εία
324 3438 602 3501 συνέθετο,
632 3436 724 3490 καὶ⁵
754 3437 832 3503 τῷ
876 3432 1021 3503 χορῷ
1058 3431 1448 3501 συνηριθμεῖτο
1472 3434 1584 3482 τῶν
1627 3450 1734 3499 μαι

154 3528 361 3599 θητῶν,
386 3526 767 3593 συνοδοιπόρος
794 3522 942 3591 αὐτῷ
981 3521 1195 3583 Λουκᾶς
1243 3520 1570 3575 καθίσταται
1602 3540 1737 3576 παν-

156 3618 327 3691 ταχοῦ
358 3621 454 3673 καὶ
490 3618 851 3687 συνέκδημος,
875 3616 1102 3684 ἀγώνων
1132 3615 1240 3667 τῶν
1275 3615 1418 3685 ὑπὲρ
1451 3615 1739 3681 εὐσεὸείας

154 3716 320 3785 ἐρῶν,
371 3718 466 3767 καὶ
517 3711 606 3765 διὰ
664 3710 822 3763 τοῦτο
878 3708 1142 3780 τηλικῷδε
1196 3709 1462 3772 συντάξας
1542 3710 1738 3762 ἑαυτδν

156 3807 493 3878 στρατιώτῃ,
528 3806 689 3874 μέχρι
716 3820 771 3856 τε
798 3802 1011 3870 δεσμῶν
1051 3800 1125 3862 ὼς
1161 3798 1472 3869 κακοῦργος
1531 3815 1737 3867 συγκα-

154 3900 418 3955 κοπαθῶν
451 3897 619 3962 αὐτῷ,
648 3897 741 3948 καὶ
764 3895 862 3958 τὰς
892 3895 991 3965 τῆς
1021 3892 1355 3961 θεογνωσίας
1392 3897 1626 3956 ἀκτῖνας
1659 3895 1740 3957 είς

153 3997 222 4046 τὰ
265 3992 486 4059 πέρατα
549 3988 975 4056 συνεκπέμπων.
1023 3986 1167 4037 οὕτω
1208 3986 1607 4055 συναρμοσθεὶς
1646 3989 1738 4039 καὶ

152 4081 484 4145 οἰκειωθεὶς,
543 4080 640 4135 καὶ
692 4081 833 4132 κατά
888 4079 1067 4131 πάντα
1128 4078 1534 4146 κεχαρισμένος
1590 4075 1738 4147 αὐτῷ

156 4176 483 4247 γενόμενος,
508 4174 647 4228 ὥστε
671 4172 766 4224 τὸν
793 4168 1028 4231 Παῦλον,
1059 4166 1448 4220 ἐπιστέλλοντα
1500 4169 1611 4229 τοῖς
1648 4186 1739 4219 πι-

156 4269 329 4329 στοῖς,
374 4265 662 4333 ἀγαπητὸν
710 4257 976 4330 πολλαχοῦ
1019 4260 1112 4310 τὸν
1163 4259 1377 4311 Λουκᾶν
1425 4258 1735 4327 ὀνομάζειν.

159 4360 261 4424 Ὃς
292 4360 399 4412 ἀπό
430 4375 491 4410 τε
532 4353 889 4425 Ἰερουσαλὴμ
914 4354 1024 4415 ,καὶ
1071 4353 1256 4420 κύκλῳ
1305 4353 1467 4422 μέχρι
1497 4352 1592 4406 τοῦ
1642 4351 1739 4405 Ἰ).-

156 4450 391 4521 λυρικοῦ
424 4448 489 4499 τὸ
525 4445 857 4513 Εὑαγγέλιον
910 4445 1009 4496 συν
1061 4443 1235 4508 τούτῳ
1274 4441 1648 4510 πληρῶν,ἁπό
1679 4458 1735 4492 τε

169 4543 437 4603 ἰουδαίας
478 4538 607 4610 ἄχρι
658 4538 877 4609 Ῥώμης
913 4536 1063 4603 αὐτῷ
1114 4535 1602 4605 συνδεσμοῦμενος,
1628 4536 1737 4587 τῶν

154 4634 343 4689 αὐτῶν
371 4634 576 4698 κόπων,
597 4633 705 4685 τῶν
726 4630 907 4684 αὐτῶν
936 4628 1189 4697 θλίψεων,
1216 4629 1324 4681 τῶν
1358 4630 1535 4681 αὐτῶν
1560 4646 1738 4681 κεκοι-

155 4730 370 4797 νώνηκε
409 4725 704 4793 ναυαγίων,
737 4724 1081 4790 συμμέτοχος
1128 4721 1468 4791 ἀναφανῆναι
1517 4722 1734 4784 παντως

155 4824 255 4876 καὶ
285 4820 396 4874 τῶν
422 4822 515 4872 ἰπὶ
549 4817 809 4877 τοιούτοις
850 4816 1029 4877 πόνοις
1078 4818 1357 4884 στεφάνων
1396 4814 1733 4884 βουλόμενος.

158 4912 322 4968 Οῦτω
350 4909 639 4979 τοιγαροῦν
663 4908 969 4973 πολυτελῶς
1014 4910 1109 4960 σὺν
1152 4908 1229 4976 τῷ
1286 4908 1480 4978 Παύλῳ
1527 4908 1588 4959 τὸ
1640 4907 1733 4959 τοῦ

158 5008 524 5078 κηρύγματος
559 5005 1047 5074 ἐμπορευσάμενος
1079 5003 1472 5060 τάλαντον,καὶ
1500 5000 1737 5054 τοσαῦτα

157 5096 502 5171 παραγαγὼν
520 5101 613 5147 καὶ
633 5096 972 5164 σαγηνεύσας
992 5094 1114 5161 ἔθνη
1130 5096 1193 5163 τῇ
1214 5095 1480 5163 εὐσεϐείᾳ,
1496 5096 1592 5162 τῆς
1607 5093 1736 5162 ὅλης

155 5195 253 5249 τοῦ
273 5191 603 5246 διδασκάλου
626 5188 938 5254 οἰκονομίας
963 5190 990 5239 ὀ
1014 5184 1290 5254 καὶφιλῶν
1306 5186 1379 5254 τῷ
1400 5188 1511 5237 em
1539 5191 1630 5236 καὶ
1649 5203 1737 5252 an-

156 5288 422 5357 λούμενος
456 5284 724 5353 μαθητὴς,
775 5280 1095 5350 ίερογράιρος
1129 5278 1263 5347 ὁμοῦ
1296 5280 1386 5329 καὶ
1437 5279 1732 5347 Εὑαγγελι-

159 5384 293 5452 στῆς
320 5378 619 5436 δείκνυται,
652 5374 745 5426 ἆτε
778 5374 872 5425 καὶ
901 5371 1159 5441 πρότερον
1211 5370 1730 5439 παρηκολουθηκὼς,

158 5479 254 5528 καὶ
287 5471 440 5543 παρὰ
474 5467 582 5520 τῶν
612 5468 862 5537 ἁπαρχῆς
887 5462 1169 5532 ὑπηρετῶν
1194 5464 1360 5517 ταῦτα
1382 5465 1731 5534 γνωρισθεὶς,

154 5568 190 5637 ἢ
226 5567 323 5618 καὶ
389 5562 843 5633 μυσταγωγηθεις
894 5558 1115 5608 ἄνωθεν.
1170 5556 1239 5605 ’1ο
1270 5559 1373 5627 γὰρ
1406 5559 1496 5610 τοῦ
1529 5572 1737 5624 νυμφο-

159 5657 353 5711 στόλου
409 5650 649 5719 Γαῆριὴλ
702 5652 833 5718 πρὸς
866 5650 962 5718 τὴν
998 5646 1268 5717 Παρθένον
1324 5643 1477 5709 οὗτος
1524 5647 1737 5715 μυστή-

158 5768 278 5826 ριον
313 5744 614 5807 ἀνετάξατο
646 5745 673 5794 6
703 5739 1125 5808 Εὑαγγελιστὴς,
1152 5741 1245 5790 τοῦ
1282 5740 1475 5808 κοινὴν
1507 5740 1739 5805 εὐαγγε,

158 5839 462 5910 λισαμένου
517 5836 592 5906 τῷ
646 5835 831 5906 κόσμῳ
888 5835 1081 5903 χαράν.
1146 5828 1315 5895 υῦτος
1360 5836 1453 5884 καὶ
1506 5833 1606 5898 τὴν
1641 5831 1738 5883 τοῦ

161 5927 406 6005 Χριστοῦ
437 5929 687 5997 γέννησιν
718 5927 957 5998 ὶναργῶς
1012 5924 1351 5995 ὁιεχάραξεν,
1387 5922 1583 5994 ὥσπερ
1612 5921 1739 5991 ἄρτι

1843 3357 1905 3396 ac
1936 3341 2168 3412 abiectis
2190 3343 2397 3397 erroris
2426 3343 2667 3397 tenebris
2703 3347 2915 3400 veritati
2975 3347 3312 3414 adhaesisset,
3360 3361 3413 3403 et

1843 3438 2013 3490 choro
2048 3437 2437 3507 discipulorum
2469 3448 2871 3492 annumeratus
2902 3449 3071 3502 esset,
3109 3441 3283 3495 Lucas
3312 3443 3410 3511 ipsi

1842 3528 2024 3581 socius
2064 3528 2275 3581 itineris
2306 3528 2503 3595 ubique
2537 3529 2888 3583 constituitur
2927 3546 2989 3585 ac
3024 3533 3415 3604 peregrinatio-

1843 3617 1932 3672 nis
1962 3632 2166 3679 comes,
2208 3619 2505 3671 certamina
2532 3633 2629 3687 pro
2663 3622 2865 3687 pietate
2893 3634 3178 3691 exoptans,
3231 3635 3287 3679 et
3344 3630 3415 3680 ob

1845 3711 1897 3763 id
1941 3727 1999 3765 se
2028 3711 2333 3779 liujusmodi
2360 3711 2699 3781 coniungens
2751 3713 2929 3780 militi,
2956 3724 3010 3769 et
3035 3732 3141 3769 una
3168 3733 3294 3771 cum
3350 3735 3417 3772 eo

1844 3816 2013 3871 usque
2038 3804 2104 3855 ad
2134 3801 2346 3855 vincula
2379 3804 2608 3856 alilictus
2656 3806 2809 3872 quasi
2864 3808 3167 3873 maleﬁcus,
3225 3810 3424 3863 simul-

1841 3910 1949 3964 que
1978 3894 2303 3965 cognitionis
2356 3894 2535 3950 radios
2589 3896 2658 3950 ad
2711 3897 2846 3951 ﬁnes
2898 3909 3059 3955 terra:
3116 3903 3416 3957 emittens:

1841 3987 1978 4040 adeo
2010 3988 2113 4054 ipsi
2150 3987 2449 4040 conformis
2473 4002 2536 4039 ac
2563 3988 2918 4052 domesticus.
2973 4002 3026 4045 et
3084 4008 3181 4061 per
3233 3996 3417 4050 omnia

1840 4089 2023 4149 gratus
2056 4080 2305 4138 ell‘ectus.
2344 4090 2403 4132 ut
2450 4076 2649 4134 Paulus
2696 4082 2941 4136 scribens
3001 4084 3249 4140 fidelibus
3314 4086 3416 4140 Lu-

1842 4186 1962 4225 cam
2003 4172 2319 4242 frequenter
2351 4174 2941 4230 nominaretdilectum
2980 4195 2993 4231 :
3023 4180 3112 4247 qui
3134 4178 3203 4232 ab
3226 4180 3420 4234 Hiero-

1842 4263 2068 4334 solymis
2146 4272 2200 4317 et
2279 4263 2872 4334 eircumadjaeentibus
2948 4268 3080 4323 locis
3150 4270 3419 4341 Illyricum

1842 4369 2014 4424 usque
2051 4368 2160 4409 una
2192 4370 2316 4409 cum
2354 4357 2469 4425 ipso
2512 4356 2761 4425 implevit
2817 4359 3171 4429 Evangelium
3216 4379 3231 4415 :
3289 4373 3343 4416 et
3390 4380 3419 4417 a

1838 4448 2022 4503 Judzea
2067 4449 2293 4501 Romam
2328 4461 2497 4514 usque
2530 4463 2634 4501 una
2667 4463 2789 4502 cum
2814 4465 2880 4504 eo
2930 4451 3171 4516 Vinctus.
3210 4455 3416 4510 eisdem

1842 4537 2139 4599 laboribus.
2169 4537 2378 4592 eisdem
2421 4535 2825 4605 aﬂ’lietionibus,
2904 4543 3107 4600 eisdem
3174 4562 3415 4602 commu-

1773 4649 1816 4704 ι)
1845 4628 2052 4681 nicavit
2077 4627 2399 4699 naufragiis,
2434 4629 2624 4682 volens
2654 4631 2878 4683 omnino
2908 4636 3181 4702 particeps
3234 4638 3419 4690 decla-

1839 4723 1945 4777 rari
1979 4724 2147 4778 etiam
2174 4736 2499 4775 coronarum
2539 4730 2760 4790 prepter
2786 4722 2881 4777 hos
2908 4722 3121 4779 labores
3144 4727 3416 4798 recipien-

1839 4818 2057 4872 darum.
2093 4817 2169 4871 lta
2199 4828 2329 4884 ergo
2352 4813 2442 4867 ubi
2467 4814 2631 4869 variis
2670 4815 2849 4870 modis
2884 4816 2936 4869 in
2969 4818 3173 4873 talento
3221 4823 3418 4888 praedi.

1839 4910 2073 4965 cationis
2092 4908 2253 4963 simul
2281 4922 2404 4961 cum
2462 4906 2629 4961 Paulo
2675 4909 2981 4977 negotiatus
3026 4920 3191 4972 esset.
3249 4923 3415 4983 atque

1844 5015 1925 5059 tot
1953 5013 2145 5073 gentes
2174 5000 2486 5053 adduxisset
2537 5016 2599 5053 ac
2673 5000 2959 5056 irretiisset
3005 5002 3068 5057 ad
3137 5006 3415 5074 pietatem.

1847 5096 2014 5149 totius
2052 5091 2474 5162 dispensationis
2508 5094 2863 5162 praeceptoris
2925 5104 2980 5147 et
3037 5110 3164 5150 vere
3205 5108 3417 5151 aniator

1845 5198 1906 5243 et
1952 5194 2165 5240 amatus
2225 5184 2546 5251 discipulus,
2638 5197 2808 5238 sacrae
2876 5185 3107 5253 scriptor
3174 5186 3413 5242 historiae

1843 5277 2006 5331 simul
2048 5285 2102 5329 et
2149 5270 2493 5342 Evangelista
2544 5277 2873 5340 ostenditur,
2927 5286 2987 5329 ut
3015 5276 3107 5345 qui
3153 5286 3209 5332 et
3262 5279 3414 5349 prius

1842 5378 2127 5425 assecutus
2155 5376 2326 5429 esset,
2367 5375 2421 5423 et
2468 5369 2536 5421 ab
2592 5369 2676 5421 his
2723 5369 2813 5438 qui
2862 5368 2929 5421 ab
2988 5369 3142 5423 initio
3183 5371 3415 5427 ministri

1842 5465 2061 5519 fuerant
2108 5462 2221 5515 haec
2278 5459 2640 5530 cognovisset,
2689 5472 2785 5514 aut
2844 5462 3007 5515 etiam
3061 5477 3297 5531 superne
3358 5464 3413 5519 in

1842 5557 2015 5612 sacris
2062 5555 2291 5609 edoctus
2352 5562 2521 5607 esset.
2582 5552 2863 5622 Siquidem
2930 5554 3017 5608 ιιίο
3084 5555 3415 5627 evangelista

1843 5647 2161 5718 mysterium
2198 5644 2431 5698 retexuit
2458 5643 2725 5698 Gabrielis
2767 5646 3125 5715 paranymphi
3179 5648 3416 5702 delatum

1842 5740 1910 5792 ad
1941 5736 2219 5806 Virginem
2278 5734 2371 5805 qui
2402 5750 2750 5788 communem
2810 5737 3013 5791 mtmdo
3057 5739 3284 5807 gratiam
3326 5753 3421 5793 an-

1844 5833 2211 5889 nuntiaverat.
2250 5828 2346 5883 Hic
2375 5830 2538 5882 etiam
2575 5828 2774 5882 Christi
2834 5830 3176 5885 nativitatem
3234 5840 3421 5899 aperte

1844 5928 2089 5984 exaravit
2124 5967 2136 5990 ,
2194 5936 2450 5993 tanquam
2498 5935 2689 5977 recens
2744 5923 2794 5973 in
2860 5923 3090 5993 prasepi
3146 5923 3417 5994 iacentem
