4136 6488
753 451 886 516 1135

745 566 1125 627 manifestans,
1185 576 1237 620 et
1299 566 1492 621 (θερίας
1554 582 1613 620 ac
1682 576 1946 636 pastores,

745 673 1020 727 praecones
1072 659 1293 729 angelos
1349 659 1684 714 deseribens.
1740 659 1838 714 Hic
1907 661 2204 713 sententias
2250 675 2312 714 ac

745 752 1018 805 doctrinas
1041 766 1259 804 omnem
1301 761 1534 805 mentem
1583 751 1934 813 excedentes,
1996 754 2110 806 veri
2152 753 2311 806 simul

743 857 804 896 ac
864 843 1077 896 honesti
1142 859 1325 898 amore
1403 844 1795 908 manifestavit,
1848 860 2027 898 rerum
2093 844 2309 898 veritati

743 952 1054 990 sermonum
1091 937 1481 1004 ingenuitatem
1522 937 1916 1000 contmiscens,
1966 946 2023 990 ut
2069 946 2121 990 et
2158 952 2312 990 men-

745 1028 813 1082 tis
856 1030 1012 1081 simul
1055 1045 1119 1084 ac
1166 1030 1360 1098 linguae
1410 1030 1661 1082 virtutem
1715 1028 1784 1082 ob
1817 1031 2002 1082 oculos
2060 1040 2309 1097 poneret.

743 1120 797 1174 In
832 1121 1104 1190 parabolis
1134 1137 1350 1191 quoque
1393 1122 1672 1176 doctrinas
1730 1123 1995 1176 salutares
2056 1124 2310 1185 retexuit,

744 1210 797 1265 in
861 1214 963 1268 hoc
1005 1214 1166 1267 etiam
1219 1217 1490 1282 copiosior
1538 1215 1771 1269 caeteris.
1840 1216 2014 1282 thue
2077 1214 2314 1268 breviter

743 1306 941 1366 dicam,
979 1306 1434 1374 quemadmodum
1471 1304 1628 1359 Verbi
1661 1306 1982 1359 descensum
2013 1305 2064 1358 in
2114 1316 2310 1360 terram

741 1398 974 1453 dilucide
1012 1399 1457 1468 cognoscendum
1493 1399 1663 1459 dedit,
1703 1400 1774 1452 ita
1814 1407 1868 1451 et
1904 1413 2191 1453 ascensum
2256 1399 2307 1451 in

741 1490 926 1551 cmlos,
986 1498 1041 1542 et
1085 1489 1319 1542 reditum
1380 1489 1443 1542 ad
1495 1490 1752 1543 thronum
1815 1500 2123 1558 paternum,
2171 1493 2312 1544 sicut

741 1579 1006 1650 quispiam
1035 1596 1064 1633 e
1092 1581 1229 1633 emlo
1263 1580 1507 1645 veniens,
1544 1580 1926 1634 manifestavit.
1967 1580 2078 1634 Hoc
2119 1592 2301 1635 autem

742 1674 884 1726 inter
911 1683 1105 1726 caetera
1135 1672 1494 1742 gratissimum
1523 1682 1605 1726 est
1647 1672 1790 1740 quod
1852 1672 2028 1740 ipsum
2094 1688 2308 1742 quoque

743 1775 924 1835 typum
993 1775 1282 1832 assumpta
1353 1765 1706 1819 humanitatis
1790 1763 1993 1818 Christi
2057 1766 2185 1830 mei,
2249 1784 2312 1822 ac

741 1856 953 1926 signum
986 1856 1102 1924 ejus
1171 1871 1289 1923 qua:
1330 1855 1482 1908 illum
1537 1864 1823 1924 pepererat
1883 1863 1936 1907 et
1972 1864 2305 1925 assumptam

2030 454 2311 515 MENSIS
2352 454 2715 515 OCTOBER.

2023 566 2312 636 gaudiiqtle
2344 574 2386 631 Α
2420 564 2671 636 κείμενον
2701 568 2767 638 τῆ
2807 568 2985 640 φάτνῃ
3027 569 3411 639 παραδεικνὺς,
3435 570 3526 622 καὶ
3556 573 3885 640 σπᾶργανα,
3913 579 3998 625 καὶ

3867 462 3999 528 1136

2418 660 2709 728 ποιμένας,
2742 662 2990 724 καὶτοὺς
3035 663 3136 731 τῆς
3188 664 3363 731 χαρᾶς
3418 664 3667 733 κήρυκας
3724 665 3996 728 ἀγγέλους

2417 754 2863 824 συνεπιγράφων.
2907 747 3076 817 Οὗτος
3116 755 3214 817 τὰς
3258 757 3438 808 πάντα
3492 756 3617 808 νοῦν
3653 757 3997 826 6122962120-

2419 844 2588 912 μένας
2625 845 3078 914 παραδοξοποιίας
3109 846 3414 915 φιλαληθῶς
3445 865 3504 899 τε
3541 848 3678 916 ὁμοῦ
3719 852 3818 901 καὶ
3848 850 3996 918 cptio-

2415 936 2595 998 κάλως
2628 937 2880 1006 ἐδήλωσε,
2925 939 3264 1006 πραγμάτων
3327 938 3552 1008 ἀληθεία
3612 940 3794 1005 λόγων
3849 941 3998 1007 εὐγέ-

2416 1042 2563 1077 νειαν
2588 1027 2950 1095 συγκεράσας,
2980 1027 3068 1079 ἵνα
3104 1027 3197 1078 καὶ
3227 1027 3450 1096 γνώμης
3478 1029 3590 1096 ἅμα
3623 1030 3718 1081 καὶ
3753 1029 3996 1099 γλώττης

2416 1117 2617 1186 ἀρετὴν
2667 1119 3015 1188 παραστήσῃ.
3049 1118 3138 1170 Ἑν
3187 1119 3524 1185 παραϐολαῖς
3551 1137 3610 1172 τε
3643 1121 3996 1180 διδασκαλίας

2418 1208 2806 1276 σωτηριώδεις,
2867 1211 2968 1262 κάν
3028 1208 3204 1279 τούτῳ
3260 1209 3571 1264 τῶνᾶλλων
3629 1214 3990 1276 πλεονεκτῶν,

2417 1297 2738 1367 ὲξυφὴνατο.
2796 1300 2904 1351 Καὶ
2979 1299 3272 1353 συνελόντα
3339 1305 3541 1369 φάναι,
3603 1304 3867 1373 καθάπερ
3909 1307 3996 1374 τὴν

2415 1389 2506 1440 ἐπὶ
2557 1389 2660 1458 γῆς
2721 1389 2944 1443 κάθοδον
2988 1391 3082 1443 τοῦ
3141 1392 3315 1459 Λόγου
3374 1397 3588 1463 τρανῶς
3659 1393 3992 1465 ἐγνώρισεν,

2415 1479 2560 1532 οὕτω
2606 1482 2700 1534 καὶ
2750 1483 2848 1551 τὴν
2909 1486 2988 1546 εξς
3034 1484 3294 1552 ούρανδν,
3335 1485 3522 1539 ἄνοδον
3583 1487 3682 1540 καὶ
3733 1488 3876 1557 πρὸς
3915 1489 3995 1540 τὸν

2416 1572 2669 1641 πατρῷον
2724 1571 2912 1641 θρόνον
2971 1575 3248 1640 ἐπάνοδον,
3303 1573 3391 1629 οἷά
3422 1595 3503 1640 τις
3545 1580 3700 1650 ἥκων
3739 1580 3801 1644 ἐξ
3837 1583 3993 1652 ούρα-

2416 1663 2507 1716 νοῦ
2583 1664 2935 1732 διεσάφησεν.
2995 1666 3059 1716 Ὃ
3109 1666 3162 1718 δὲ
3219 1667 3328 1719 τῶν
3389 1670 3563 1722 ἄλλων
3619 1674 3744 1724 ἐστὶ
3823 1674 3999 1743 χαριέο

2417 1759 2733 1818 στατον,ὃτι
2771 1758 2861 1809 καί
2893 1758 3059 1811 αὑτὸν
3107 1759 3198 1811 τὸν
3255 1759 3350 1812 τοῦ
3401 1762 3850 1832 προσλήμματος
3907 1767 3990 1817 τοῦ

2417 1848 2551 1913 ἐμοῦ
2584 1848 2818 1918 Χριστοῦ
2851 1849 3046 1910 τύπον,
3083 1853 3174 1904 τὸν
3229 1868 3290 1905 τε
3346 1852 3444 1922 τῆς
3499 1854 3670 1907 αὑτὸν
3729 1858 3993 1926 τεκούσης

741 1949 1134 2002 humanitatem
1168 1949 1416 2005 dederat.
1452 1949 1660 2015 primus
1712 1946 1800 2000 hic
1857 1962 1979 2001 cera
2027 1964 2092 2002 ac
2140 1949 2310 2003 linea-

2419 1939 2512 1990 καὶ
2545 1939 2736 2008 δούσης
2767 1940 2825 1990 τὸ
2855 1939 3196 2010 πρόσλημμα
3225 1944 3574 2013 χαρακτῆρα,
3630 1946 3858 2010 πρῶτος
3907 1943 3993 2000 οὗ·

739 2038 939 2093 mentis
1003 2039 1257 2108 tingens.
1315 2047 1372 2090 ut
1415 2037 1478 2090 ad
1539 2037 1650 2090 hzec
1713 2052 1884 2105 usque
1933 2048 2214 2107 tempora,
2253 2039 2306 2091 in

741 2129 973 2199 imagine
1014 2129 1427 2190 honorarcntur,
1461 2127 1681 2180 tradidit
1707 2137 1965 2196 tanquam
2006 2144 2114 2183 non
2177 2130 2310 2184 satis

739 2234 856 2273 esse
886 2219 1229 2282 existimans,
1264 2219 1368 2271 nisi
1400 2219 1562 2271 etiam
1591 2234 1687 2287 per
1709 2211 2004 2289 imaginem
2028 2237 2090 2274 ac
2125 2229 2307 2291 typum

741 2319 1053 2364 versaretur
1081 2324 1204 2361 cum
1241 2309 1322 2362 his
1353 2323 1488 2377 quos
1515 2309 1871 2373 desiderabat,
1910 2313 2053 2382 quod
2091 2311 2308 2368 ferven-

741 2402 936 2457 tissitni
969 2402 1170 2456 amoris
1197 2403 1412 2472 signum
1449 2412 1552 2456 est.
1599 2401 1785 2471 Neque
1817 2405 1867 2458 id
1905 2405 2102 2469 solum,
2133 2406 2225 2459 sed
2256 2415 2310 2460 et

741 2495 994 2549 fidelibus
1034 2494 1287 2547 omnibus
1317 2493 1627 2562 Christique
1651 2495 1986 2550 amatoribus
2021 2496 2135 2550 haec
2190 2513 2309 2566 quae

741 2588 974 2642 maxima
1005 2595 1162 2642 erant
1185 2587 1420 2658 gratiose
1453 2589 1696 2642 donavit.

815 2679 919 2734 Vll.
971 2681 1041 2734 At
1070 2697 1178 2734 non
1212 2682 1264 2735 in
1308 2681 1392 2735 his
1430 2682 1560 2736 solis
1598 2681 1775 2736 Lucas
1815 2682 2040 2753 gratiam
2071 2683 2310 2754 Spiritus

739 2787 858 2842 quae
881 2774 933 2826 in
956 2789 1014 2826 se
1027 2783 1143 2827 erat
1159 2774 1470 2838 coarctavit,
1493 2789 1668 2842 neque
1687 2775 1751 2828 ad
1770 2775 1941 2828 solum
1962 2776 2308 2847 Evangelium

743 2864 828 2916 hic
859 2863 1263 2918 ministrantem
1290 2862 1478 2916 habuit
1527 2861 1782 2933 linguam,
1839 2863 1936 2917 sed
1987 2873 2107 2933 post
2149 2863 2308 2918 finem
2352 2856 2355 2857 ⁷

741 2955 1123 3008 miraculorum
1165 2954 1391 3018 Christi,
1443 2953 1605 3008 etiam
1669 2957 2040 3023 apostolorum
2086 2955 2311 3024 exponit

740 3046 987 3100 actiones
1016 3065 1030 3112 ;
1059 3057 1112 3099 et
1147 3049 1378 3114 primum
1413 3046 1648 3099 divinam
1684 3044 1981 3099 Salvatoris
2027 3048 2079 3100 in
2112 3048 2308 3101 coelum

741 3141 1175 3208 assumptionem
1215 3155 1228 3190 :
1259 3138 1455 3192 deinde
1483 3152 1647 3206 super
1682 3137 1827 3207 ipsos
1855 3139 1906 3190 iu
1944 3138 2083 3207 ignis
2112 3139 2309 3208 linguis

742 3232 977 3301 Spiritus
1011 3232 1336 3286 descensum
1371 3231 1617 3285 {dehinc
1663 3232 1735 3285 ita
1782 3231 2039 3300 Stephani
2102 3233 2308 3301 lapida-

2417 2047 2507 2091 τος
2538 2030 2692 2099 κηρῷ
2736 2031 2828 2082 καὶ
2869 2029 3125 2099 χρώμασι
3172 2033 3368 2102 βάψας,
3418 2036 3474 2087 ἐν
3507 2036 3680 2088 εικόνι
3736 2041 3994 2106 τιμᾶσθαι

2420 2124 2582 2194 μέχρι
2611 2125 2701 2176 καὶ
2724 2122 2816 2176 νῦν
2842 2123 3246 2193 παραδέδωκεν,
3266 2124 3452 2196 ὥσπερ
3485 2127 3586 2179 οὐκ
3612 2128 3824 2196 ἀρκοῦν
3865 2127 3995 2183 εἶναι

2419 2216 2675 2284 νομίζων,
2705 2217 2750 2267 εί
2788 2215 2863 2284 μὴ
2906 2217 3000 2268 καὶ
3030 2215 3098 2268 δι’
3127 2216 3337 2279 εἰκόνος
3380 2219 3471 2271 καὶ
3504 2219 3684 2272 τύπου
3732 2223 3994 2290 ἐντυγχα-

2419 2323 2496 2359 νει
2535 2309 2647 2369 τοῖς
2678 2307 3058 2378 ποθουμένοις,
3087 2308 3224 2378 ὅπερ
3265 2309 3446 2376 φιλίας
3482 2311 3840 2383 θερμοτάτης
3889 2318 3994 2367 ἐστὶ

2417 2402 2717 2471 τεκμήριον
2753 2417 2765 2430 ·
2793 2401 2852 2454 ού
2884 2401 3042 2470 μόνον
3067 2400 3146 2462 δὲ,
3181 2400 3315 2453 ἀλλὰ
3361 2404 3451 2454 καὶ
3486 2408 3702 2467 πιστοῖς
3739 2407 3876 2459 πᾶσι
3908 2407 3996 2458 καὶ

2418 2491 2787 2560 φιλοχρίστοις
2819 2491 2888 2543 τὰ
2923 2491 3157 2561 μέγιστα
3191 2492 3572 2564 χαριζόμενος.

2487 2671 2562 2728 Z'.
2608 2671 2746 2727 Ἀλλ’
2783 2673 2882 2726 οὐκ
2937 2673 2994 2725 ὲν
3030 2671 3244 2735 τούτοις
3307 2673 3490 2743 μόνοις
3537 2675 3761 2741 Λουκᾶς
3812 2680 3910 2750 τὴν
3944 2681 3996 2732 ἒν

2417 2766 2564 2838 αὐτῷ
2590 2768 2750 2836 χάριν
2784 2765 2874 2818 τοῦ
2915 2765 3231 2832 Πνεύματος
3273 2767 3675 2836 περιέγραψεν,
3709 2769 3834 2822 οὐδε
3863 2771 3996 2841 πρὸς

2421 2859 2582 2928 μόνον
2629 2859 2840 2920 ἐκεῖνος
2896 2856 2956 2909 τδ
3007 2857 3345 2924 Εύαγγέλιον
3391 2857 3667 2929 ὑπουργὸν
3713 2859 3844 2931 ἔσχε
3903 2864 3996 2934 τὴν

2417 2949 2689 3019 γλῶτταν,
2742 2949 2880 3003 ἀλλὰ
2924 2948 3060 3018 πρὸς
3106 2948 3184 3020 τῷ
3239 2949 3382 3003 τέλει
3437 2951 3547 3003 τῶν
3611 2951 3710 3005 τοῦ
3759 2955 3996 3024 Χριστοῦ

2418 3041 2712 3111 θαυμάτων
2761 3041 2981 3104 καὶτὰς
3014 3040 3124 3092 τῶν
3171 3043 3483 3095 ἀποστόλων
3533 3043 3817 3097 ἐκτίθεται
3855 3048 3994 3117 πρά-

2418 3135 2529 3201 ξεις
2555 3152 2568 3164 ·
2623 3137 2716 3186 καὶ
2777 3134 2971 3203 πρῶτά
3025 3150 3088 3200 γε
3137 3136 3236 3204 τὴν
3270 3135 3418 3189 θείαν
3454 3138 3590 3207 πρὸς
3631 3137 3870 3207 ούρανὺν
3903 3141 3994 3194 τοῦ

2418 3226 2671 3296 Σωτῆρος
2738 3224 3029 3295 ἀνάληψιν,
3061 3219 3181 3278 εἶτα
3240 3227 3329 3279 ἐπ’
3380 3227 3580 3291 αὐτοὺς
3625 3232 3683 3281 ὲν
3741 3232 3997 3301 πυρίναις

742 3327 970 3390 tionem,
996 3323 1147 3378 Pauli
1175 3324 1612 3386 conversionem,
1653 3340 1850 3391 nempe
1889 3340 1983 3392 per
2032 3323 2308 3378 Christum

2415 3319 2689 3385 γλώσσαις
2737 3318 2830 3369 τοῦ
2884 3317 3197 3384 Πνεύματος
3236 3320 3460 3372 κάθοδον
3488 3333 3501 3346 ⁸
3530 3315 3631 3373 εἶθ’
3687 3321 3836 3375 οὕτω
3900 3326 3995 3395 τὴν

740 3420 937 3472 factam
969 3417 1036 3470 de
1068 3414 1223 3471 caelis
1252 3416 1613 3476 vocationem,
1651 3424 1704 3468 et
1743 3415 2027 3470 transitum
2061 3431 2087 3467 a
2135 3416 2309 3468 littera

737 3509 804 3562 ad
847 3507 1098 3576 spiritum
1137 3525 1149 3560 :
1180 3507 1340 3574 hujus
1372 3507 1426 3559 in
1461 3506 1686 3574 singulis
1719 3507 1851 3561 locis
1888 3507 2097 3560 vincula
2122 3546 2137 3571 ,
2195 3523 2312 3560 car—

737 3614 913 3663 ceres,
949 3600 1151 3667 plagas,
1186 3597 1598 3664 ﬂagellationcs,
1645 3600 1824 3653 varias
1875 3599 2116 3669 gentium
2181 3599 2312 3650 insi-

737 3694 883 3759 dias;
912 3692 1187 3762 quomodo
1218 3691 1286 3744 ab
1320 3691 1702 3761 Hierosolymis
1738 3691 1958 3742 Romam
1987 3691 2309 3758 pervenerit,

738 3786 953 3839 labores
984 3785 1039 3838 in
1075 3783 1234 3844 mari,
1265 3781 1604 3844 afllictiones,
1645 3782 1904 3852 pericula,
1951 3782 2308 3844 calamitates,

737 3873 1065 3943 naufragia:
1095 3888 1331 3940 quorum
1371 3888 1480 3923 non
1523 3881 1798 3939 spectator
1839 3882 2069 3934 tantum,
2115 3874 2210 3924 sed
2259 3881 2311 3925 et

739 3964 1011 4033 parliceps
1045 3962 1268 4017 fuerat:
1300 3969 1462 4031 atque
1509 3960 1578 4015 ob
1612 3961 1663 4015 id
1703 3961 1932 4032 diligens
1991 3973 2072 4016 est
2117 3963 2309 4016 horum

735 4065 1046 4111 enarrator.
1082 4054 1187 4108 Sed
1214 4053 1382 4109 Paulo
1411 4052 1630 4123 quidem
1672 4051 1857 4108 Romae
1912 4054 2122 4117 relicto,
2187 4070 2309 4108 rur-

736 4166 856 4204 sum
906 4151 992 4204 hic
1021 4149 1088 4203 ad
1125 4146 1406 4201 Orientem
1453 4147 1704 4210 discedit,
1769 4155 2042 4215 totamque
2092 4147 2308 4216 Libyam

736 4255 1068 4311 percurrens
1102 4239 1156 4292 in
1184 4236 1477 4307 Egyptutn
1510 4237 1759 4305 pervenit
1791 4257 1803 4291 :
1831 4245 2027 4290 etcum
2062 4239 2309 4306 superio-

738 4348 852 4387 rem
883 4330 1160 4386 Thebaida
1186 4330 1326 4383 intra
1359 4344 1511 4382 suam
1541 4328 1846 4382 doctrinam
1890 4329 2205 4396 recepisset,
2250 4346 2311 4386 ac

738 4425 805 4478 ad
844 4422 1163 4494 Magistrqu
1192 4436 1291 4490 per
1327 4419 1676 4490 Evangelium
1719 4419 2054 4487 adduxisset,
2093 4421 2286 4476 inferio

739 4531 852 4570 rem
878 4513 1155 4568 Thebaida
1183 4523 1392 4581 septem
1415 4522 1695 4580 portarum
1748 4513 2022 4567 civitatein
2079 4515 2307 4580 accedit,

2413 3407 2507 3465 τοῦ
2554 3409 2826 3477 Στεφάνου
2862 3409 3213 3475 κατάλευσιν,
3247 3411 3343 3480 τὴν
3377 3409 3471 3463 τοῦ
3511 3414 3730 3466 Παύλου
3768 3417 3996 3483 μεταδο-

2413 3501 2532 3571 λὴν,
2563 3501 2661 3570 τὴν
2698 3501 2755 3565 ἐξ
2779 3503 3024 3572 οὐρανῶν
3056 3520 3197 3572 φημι
3226 3503 3313 3557 διά
3355 3505 3596 3574 Χριστοῦ
3647 3507 3875 3576 κλῆσιν,
3907 3513 3996 3564 καὶ

2413 3593 2510 3659 τὴν
2551 3594 2657 3644 ἀπὸ
2694 3593 2790 3644 τοῦ
2818 3596 3144 3662 γράμματος
3177 3597 3270 3646 ἐπὶ
3317 3597 3376 3648 τδ
3402 3599 3621 3668 πνεῦμα
3676 3602 3993 3669 μετάθεσιν·

2415 3685 2481 3736 τα
2530 3683 2670 3737 κατὰ
2704 3684 2870 3736 τόπον
2908 3683 3101 3736 τούτου
3161 3685 3358 3753 δεσμὰ,
3407 3689 3502 3748 τὰς
3573 3690 3851 3754 φυλακὰς,
3899 3693 3995 3756 τάς

2415 3777 2650 3846 πληγάς,
2682 3777 2808 3840 τους
2876 3777 3226 3847 ραϐδισμοίλς,
3253 3779 3352 3842 τὰς
3384 3777 3493 3831 τῶν
3523 3779 3696 3832 ἐθνῶν
3730 3781 3992 3852 πολυτρὸο

2416 3884 2548 3930 πους
2577 3868 2889 3929 ἐπιϐουλὰς,
2915 3870 3011 3938 τὴν
3052 3870 3109 3934 ἐξ
3157 3869 3550 3940 Ἰεροσολύμων
3590 3873 3685 3924 ἐπὶ
3713 3873 3814 3944 τὴν
3857 3875 3990 3926 Ῥώ·

2416 3974 2525 4026 μην
2565 3957 2771 4025 ἄφιξιν,
2804 3958 2927 4019 τοὺς
2969 3958 3108 4011 κατά
3150 3957 3420 4010 θάλατταν
3481 3962 3704 4026 πόνους,
3729 3963 3831 4026 τὰς
3880 3962 3988 4016 θλί-

2412 4052 2554 4121 ψεις,
2597 4055 2722 4115 τοὺς
2781 4052 3083 4118 κινδύνους,
3114 4053 3214 4116 τάς
3279 4053 3590 4124 συμφορὰς,
3619 4056 3687 4107 τὰ
3735 4059 3992 4126 ναυάγια.

2416 4140 2513 4198 Ὧν
2551 4146 2613 4197 ού
2652 4145 2850 4214 θεατὴς
2906 4147 3087 4213 μόνον,
3137 4146 3273 4199 ἀλλὰ
3325 4149 3419 4199 καὶ
3468 4148 3728 4211 κοινωνὸς
3761 4143 3834 4218 ἦν
3859 4164 3872 4179 ⁸
3903 4153 3994 4203 καὶ

2412 4238 2500 4290 διὰ
2553 4236 2714 4290 τοῦτο
2751 4241 2842 4289 καὶ
2897 4239 3131 4308 ἀκριϐὴς
3193 4240 3410 4292 πάντων
3465 4239 3764 4309 ἐξηγητής.
3838 4243 3993 4297 Ἀλλά

2415 4327 2622 4380 Παῦλον
2657 4328 2754 4396 μὲν
2800 4331 2855 4380 ἐν
2917 4327 3102 4398 Ῥώμῃ
3134 4328 3470 4394 καταλιπὼν,
3504 4331 3640 4400 πρὸς
3673 4331 3793 4384 "Em
3831 4335 3987 4387 πάλιν

2412 4413 2562 4483 οὗτος
2601 4420 2848 4491 ἀπαίρει,
2870 4422 2997 4491 ὅλην
3035 4439 3093 4474 τε
3137 4421 3347 4492 Λιϐύην
3409 4423 3874 4493 διαδραμὼν’τοῑς
3905 4429 3987 4478 ἐπ’

2412 4510 2690 4578 Αἰγύπτου
2714 4512 2967 4578 ἐπιδημεῖ
2990 4528 3004 4540 ⁸
3033 4514 3127 4565 καὶ
3156 4513 3254 4583 τὴν
3284 4513 3395 4566 ἄνω
3420 4514 3798 4584 Θηὸαἲδα’τῆς
3830 4518 3988 4570 αὑτοῦ

741 4610 794 4662 in
829 4622 932 4677 qua
967 4609 1128 4660 etiam
1160 4602 1406 4672 pontifex
1432 4619 1494 4658 ac
1526 4614 1712 4674 pastor
1744 4619 1771 4657 a
1799 4603 2001 4673 Spiritu
2037 4607 2310 4672 prreponi-

2415 4601 2766 4665 διδασκαλίας
2806 4605 2940 4655 εἴσω
2992 4603 3193 4670 λαϐὼν,
3220 4605 3300 4677 τῷ
3338 4604 3647 4677 διδασκάλῳ
3681 4625 3740 4660 τε
3778 4609 3865 4661 διὰ
3894 4609 3985 4662 τοῦ

743 4702 853 4751 tur.
918 4697 1121 4750 Slatuis
1171 4695 1509 4765 impurisque
1583 4698 1891 4750 daemonum
1948 4697 2190 4752 delubris
2257 4697 2312 4751 in

743 4798 944 4846 terram
974 4791 1202 4858 deiectis
1241 4791 1313 4858 (id
1346 4791 1490 4842 enim
1517 4790 1696 4842 studio
1729 4791 1830 4842 sibi
1864 4799 2002 4853 erat,
2036 4802 2094 4843 ut
2155 4807 2310 4845 erro-

743 4898 855 4937 rem
885 4884 1008 4937 totis
1040 4882 1183 4952 quod
1221 4881 1370 4934 aiunt
1404 4881 1628 4951 pedibus
1659 4880 1952 4951 fugientem
1976 4882 2313 4936 demonstra-

742 4977 866 5043 ret),
925 4991 1076 5029 sacra
1141 4974 1340 5042 templa
1394 4984 1583 5027 contra
1644 4973 1743 5026 soli
1792 4973 1898 5027 Deo
1953 4975 2153 5042 erigit,
2207 4976 2316 5028 eis-

739 5080 846 5134 que
889 5066 978 5134 qui
1038 5065 1090 5118 in
1163 5062 1447 5131 profundis
1504 5064 1823 5129 ignorantiae
1876 5063 2114 5115 tenebris
2163 5072 2313 5116 tene-

741 5158 958 5217 bantur,
987 5169 1083 5223 per
1115 5152 1468 5222 Evangelium
1501 5151 1568 5205 ad
1608 5150 1699 5206 Dei
1734 5151 2098 5220 cognitionem
2157 5166 2312 5222 rege-

741 5251 964 5324 neratis,
999 5249 1135 5302 lueis
1168 5246 1306 5300 filios
1329 5244 1464 5298 efﬁci
1493 5253 1668 5300 curat.

2417 4697 2750 4764 Εὑαγγελίου
2778 4698 3167 4767 προσαγαγὼν,
3187 4701 3252 4769 τῇ
3288 4699 3439 4753 κάτω
3463 4701 3694 4771 Θηϐαΐδι
3726 4705 3794 4771 τῇ
3827 4705 3988 4756 ἑπτα·

2411 4787 2564 4857 πύλῳ
2629 4789 2934 4856 ἐφίσταται,
3008 4787 3095 4856 ἐφ’
3225 4792 3318 4843 καὶ
3373 4792 3665 4861 ἀρχιερευς
3719 4794 3827 4845 ὑπὸ
3901 4796 3987 4848 τοῦ

2413 4880 2727 4947 Πνεύματος
2766 4881 2862 4934 καὶ
2899 4883 3106 4952 ποιμὴν
3149 4883 3582 4952 προχειριςεται.
3613 4884 3914 4957 Ὶδρύματα
3937 4888 3986 4941 δὲ

2414 4973 2508 5026 καὶ
2541 4977 2742 5040 τεμένη
2776 4975 2948 5040 μιαρά
2973 4974 3243 5043 δαιμόνων
3290 4978 3368 5036 εἰς
3409 4975 3604 5044 ἔδαφος
3656 4982 3989 5041 κατασείσας

2412 5064 2591 5136 (τοῦτο
2646 5065 2754 5135 γὰρ
2789 5069 2818 5133 ἡ
2850 5065 3055 5134 σπουδὴ
3094 5065 3168 5135 τῷ
3198 5067 3375 5138 ἀνδρὶ,
3427 5070 3648 5139 ἀπάτην
3713 5072 3826 5141 ὅλῳ
3873 5073 3989 5124 ποδὶ

2411 5158 2718 5228 φεύγουσαν
2775 5157 3097 5227 ἀποδεῖξαι),
3155 5161 3332 5229 ίερους
3359 5162 3432 5230 τῷ
3466 5163 3612 5232 μόνῳ
3672 5162 3798 5231 Θεῷ
3839 5164 3989 5221 ναοὺς

2408 5250 2787 5321 ἀντανίστησι.
2830 5253 2921 5304 καὶ
2952 5254 3075 5314 τοὺς
3108 5254 3211 5305 ὑπὸ
3241 5252 3396 5322 βαθεῖ
3425 5255 3604 5323 σκότῳ
3637 5256 3738 5325 τῆς
3773 5258 3991 5326 ἀγνοίας

742 5342 1158 5411 κατεχομένους,
1208 5339 1297 5390 διὰ
1362 5339 1453 5391 τοῦ
1517 5338 1850 5405 Εύαγγελίου
1916 5339 2052 5408 πρὸς
2141 5339 2470 5412 θεογνωσίαν
2533 5345 2927 5412 ἀναγεννήσας,
2988 5345 3136 5407 υἱοὺς
3215 5346 3426 5415 ἡμέρας
3503 5345 3767 5412 γενέσθαι
3830 5363 3992 5419 παρα,

740 5437 1012 5499 σκευάζει.

813 5525 951 5579 Vlll.
986 5524 1300 5595 Hujusmodi
1322 5523 1482 5592 igitur
1510 5523 1778 5577 fructibus
1799 5523 2056 5593 magistro
2091 5525 2305 5586 oblatis,

741 5620 1015 5690 impietate
1044 5619 1109 5672 dc
1146 5616 1322 5670 medio
1351 5618 1584 5679 sublata,
1621 5618 1820 5670 erectis
1881 5617 2120 5685 templis,
2173 5618 2307 5672 alta-

741 5718 889 5768 ribus
945 5711 1196 5765 stabilitis
1252 5727 1314 5764 ac
1355 5711 1709 5770 consecratis,
1742 5719 1795 5762 ct
1848 5711 1899 5762 in
1960 5711 2042 5763 bis
2083 5711 2306 5780 presby-

740 5808 869 5862 teris
896 5823 957 5860 ac
987 5803 1228 5860 diaconis
1252 5806 1381 5871 apud
1432 5804 1717 5858 credentes
1773 5807 1989 5867 creatis,
2041 5814 2304 5874 rectaeque

740 5900 859 5955 fidei
893 5896 1246 5968 prciiuitionc
1283 5896 1409 5965 ipsis
1440 5896 1672 5952 tradita:
1724 5904 1778 5949 et
1813 5911 1953 5950 nunc
2002 5895 2217 5965 quidem
2277 5911 2303 5948 a

2481 5526 2563 5581 Il'.
2587 5527 2743 5580 Τοιού
2754 5544 2873 5588 τους
2884 5543 3037 5594 τοιγα
3048 5526 3171 5596 ρούν
3188 5527 3263 5596 τῷ
3279 5526 3585 5597 διδασκάλῳ
3605 5533 3988 5599 προσενεγκὼν

2408 5623 2531 5679 τοὺς
2568 5619 2834 5686 καρποὺς,
2884 5621 2947 5668 ἐκ
3002 5620 3168 5686 μέσου
3202 5634 3259 5667 τε
3290 5616 3515 5684 θέμενος
3567 5619 3671 5687 τὴν
3712 5618 3988 5687 ἀσέϐειαν,

2409 5714 2566 5773 ναοὺς
2596 5713 2906 5780 ἀνεγείρας,
2937 5695 3302 5778 θυσιαστήρια
3336 5707 3675 5779 πηξάμενος,
3697 5712 3801 5765 καὶ
3829 5717 3987 5770 ταῦτα

2410 5801 2778 5871 καθιερώσας,
2811 5803 2904 5853 καί
2955 5801 3057 5852 ὑπὸ
3086 5799 3194 5851 τῶν
3228 5804 3643 5853 πιστευσάντων
3689 5807 3984 5870 πρεσῦυτέ·

2414 5911 2537 5964 ρους
2579 5895 2671 5946 κοιλ⁵
2701 5894 2976 5955 διακόνους
3009 5894 3065 5944 ἐν
3091 5891 3302 5957 τούτοις
3329 5891 3753 5962 χειροτονήσας,
3791 5900 3885 5951 καὶ
3911 5896 3985 5945 τιν
