4136 6514
134 475 271 539 1137

1486 472 1658 533 VITA
1702 472 1761 529 S.
1806 471 2044 535 LUC/ﬁ.

3258 471 3390 537 1138

136 594 237 661 τῆς
280 594 445 664 ὀρθῆς
484 594 716 656 πίστεως
756 595 876 665 ὅρον
918 595 1099 656 αὐτοῖς
1137 591 1434 663 παραδοὺς,
1472 590 1567 643 καὶ
1618 588 1712 641 νῦν

1833 588 2036 645 Veteris
2070 591 2426 650 lnstrumenti
2450 595 2720 664 scriptura
2754 594 3035 649 adducens
3057 593 3388 654 testimonia.

140 684 243 752 μὲν
273 685 383 737 ἀπὸ
411 685 512 755 τῆς
546 686 788 749 Παλαιᾶς
819 687 1079 756 παράγων
1120 686 1157 737 Γ
1163 684 1362 753 ραφῆς,
1394 683 1486 736 νῦν
1527 682 1583 736 δὲ
1615 682 1707 748 ἀφ’

139 768 315 844 οὗπερ
367 769 524 840 οὗτος
580 777 878 843 ἀνετάξατο
947 777 1282 845 Εύαγγελίου
1335 776 1711 846 διερμηνεύων

139 867 326 929 αὐτοῖς
354 866 423 918 τὰ
462 869 592 937 περὶ
640 867 900 935 Χριστοῦ,
934 870 1031 921 καὶ
1082 868 1298 933 δεικνὺς
1328 870 1427 940 τὴν
1469 870 1711 923 Παλαιὰν

139 958 207 1023 τῇ
244 954 361 1026 Νέᾳ
398 957 544 1022 μάλα
597 958 1017 1026 συμϐαίνουσαν,
1055 961 1149 1013 καὶ
1179 960 1312 1013 Θεὸν
1366 961 1465 1016 ἕνα
1499 963 1592 1014 καὶ
1624 962 1714 1015 τὸν

144 1044 314 1096 αὑτὸν
375 1047 545 1117 αὑτήν
583 1065 639 1101 τε
684 1050 941 1117 κάκείνην
994 1051 1457 1122 νομοθετήσαντα,
1501 1054 1715 1123 πλήρης

143 1136 373 1205 ἡμερῶν
404 1138 503 1207 ἤδη
536 1139 847 1210 γενόμενος,
876 1142 933 1193 ὲν
965 1143 1157 1214 εἰρήνῃ
1197 1144 1333 1213 πρὸς
1382 1144 1472 1197 τὸν
1503 1146 1603 1209 τῆς
1640 1149 1718 1198 εί-

148 1227 323 1297 ρήνης
360 1228 581 1283 ἀναλύει
608 1230 763 1295 Θεὸν,
783 1232 871 1285 τὸν
902 1235 1029 1303 χοῦν
1068 1236 1167 1303 μὲν
1205 1235 1488 1289 ἀπολιπὼν
1514 1236 1588 1307 τῷ
1611 1237 1716 1307 χοῖ,

143 1319 247 1389 τὴν
284 1321 339 1374 δὲ
373 1321 549 1393 ψυχὴν
585 1327 702 1387 ταῖς
742 1329 927 1396 χερσὶν
955 1327 1048 1379 τοῦ
1078 1327 1369 1392 δεδωκότος
1406 1331 1721 1402 ὲμπαραϐἐ-

149 1427 334 1474 μενος,
361 1415 477 1466 ἐκεί
503 1417 922 1486 μεταφοιτήσας,
948 1417 1073 1471 ἔνθα
1101 1419 1134 1488 ἠ
1165 1419 1273 1472 τῶν
1297 1420 1514 1483 ζώντων
1542 1422 1718 1491 χώρα,

146 1503 280 1555 ἔνθα
311 1500 441 1574 ἦχος
469 1506 858 1578 ἑορταζόντων,
882 1509 1009 1564 ἔνθα
1037 1511 1482 1584 εὐφραινομένων
1507 1516 1721 1569 πάντων

146 1596 180 1663 ἡ
224 1596 500 1652 κατοικία.

218 1687 262 1738 Θ
286 1730 297 1741 .
330 1688 565 1744 Τοιαῦτα
612 1691 718 1744 τῶν
754 1695 894 1765 ὑπὲρ
930 1697 1209 1761 εὐσεϐείας
1237 1698 1414 1753 ἄθλων
1445 1702 1537 1754 τοῦ
1592 1703 1725 1759 ἀπο-

148 1777 341 1831 στόλου
379 1783 448 1834 τὰ
487 1783 824 1852 διηγήματα.
876 1790 970 1839 καὶ
1023 1789 1182 1842 τοῦτο
1236 1792 1388 1857 τέλος
1427 1796 1577 1865 αύτῷ
1616 1797 1723 1850 τῶν

144 1869 295 1938 ὑπὲρ
332 1871 570 1940 Χριστοῦ
606 1875 903 1942 καμάτων
938 1870 1013 1931 ὧν
1048 1882 1141 1934 καὶ
1186 1884 1281 1936 νῦν
1316 1890 1373 1938 ὲν
1402 1887 1723 1954 ἀγαλλιάσει

146 1958 358 2028 θερίζει
414 1961 482 2014 τὰ
535 1962 846 2035 δράγματα,
878 1969 954 2032 ὡς
994 1976 1130 2041 μετά
1172 1976 1386 2030 Παύλου
1431 1943 1527 2031 καὶ
1564 1943 1727 2036 αὐτὸν
1756 1943 1802 2001 Β

143 2049 411 2104 δύνασθαι
453 2054 633 2122 λέγειν
670 2074 685 2090 ο
722 2080 740 2113 ι
785 2062 892 2116 Τὸν
924 2066 1114 2132 ἀγῶνα
1172 2071 1262 2123 τὸν
1308 2073 1472 2126 καλὸν
1525 2074 1728 2145 ἠγώνι-

148 2157 316 2238 σμαι,
360 2144 452 2197 τὸν
491 2147 694 2219 δρόμον
731 2154 1013 2223 τετέλεκα,
1050 2158 1149 2230 τὴν
1189 2162 1373 2215 πίστιν
1424 2144 1724 2238 τετήρηκα,

144 2231 336 2329 spici;
362 2237 451 2290 τὸν
472 2241 568 2308 τῆς
603 2244 951 2317 δικαιοσύνης
978 2252 1247 2319 στέφανον
1286 2231 1671 2329 ἀποκείμενον.

148 2326 453 2421 Πλὴνᾼὰλν
511 2334 805 2390 ἀκόλουθον
856 2336 1013 2408 οἶμαι
1053 2344 1266 2409 τούτοις
1324 2326 1727 2421 ἐπιμνησθῆναι

144 2421 239 2472 καὶ
260 2418 382 2475 ὅθεν
409 2424 497 2494 δὴ,
527 2429 618 2478 καὶ
640 2429 809 2493 ὅπως,
843 2434 936 2486 καὶ
964 2435 1051 2501 ἐρ’
1076 2438 1182 2506 ὅτῳ
1213 2440 1319 2506 ἄρα
1350 2442 1457 2493 τῶν
1497 2445 1725 2514 χρόνων,

142 2514 204 2604 τὸ
247 2514 393 2585 ίερὲσν
454 2519 620 2572 αὐτοῦ
661 2520 913 2590 λείψανον
972 2527 1029 2592 ἐξ
1077 2527 1303 2598 ’Λχαϊας
1338 2534 1725 2604 ἀνακομισθὲν,

144 2601 220 2703 ὡς
286 2606 519 2703 τιηοεῑον
546 2608 943 2703 θησαύρισμα,
977 2619 1040 2688 τῇ
1080 2617 1310 2692 λαμπρᾷ
1363 2625 1461 2677 καὶ
1494 2601 1728 2694 βασιλίδι.

141 2699 254 2744 τῶν
297 2699 502 2753 πόλεων
530 2702 860 2762 ἀποδίδοται.

218 2782 275 2839 I'.
305 2786 454 2883 Arﬁat
489 2789 598 2843 ἀπὸ
623 2791 716 2844 τοῦ
756 2795 983 2865 Σιρμίου
1018 2804 1150 2857 ποτε
1207 2807 1344 2876 πρὸς
1378 2807 1474 2862 τὸν
1514 2812 1730 2883 Ἴστρον

149 2880 527 2944 Κωνστάντιος
562 2884 590 2935 ό
622 2885 1031 2946 Κωνσταντίνου
1077 2896 1174 2953 τοῦ
1240 2901 1503 2969 Μεγάλου
1577 2880 1726 2972 παῖς,

145 2974 333 3072 τρίτος
358 2975 411 3029 δὲ
454 2978 575 3072 καθ’
603 2980 819 3048 ἡλικίαν
853 2985 962 3037 τῶν
992 2987 1261 3057 ἀδελφῶν.
1287 2996 1396 3047 Καὶ
1416 3000 1556 3066 πρὸς
1591 3002 1728 3072 αὐτῇ

147 3069 212 3162 τῇ
245 3067 382 3162 ὄχθη
420 3070 514 3124 τοῦ
552 3074 771 3162 ¹Ἴστρου
811 3080 1002 3149 χρόνον
1049 3083 1111 3137 οὐ
1136 3056 1139 3057 ν
1166 3084 1375 3155 βραχὺν
1428 3056 1731 3162 capt-nom:

144 3158 496 3229 δευσάμενος.
540 3157 703 3234 ἤκουε
744 3172 869 3233 τοὺς
906 3175 1080 3243 πέραν
1115 3177 1211 3231 τοῦ
1256 3180 1472 3251 Ἰστρου
1516 3185 1731 3256 Βαρϐά-

1818 700 1968 738 nunc
1993 699 2121 739 vero
2161 686 2229 741 ah
2259 701 2325 741 eo
2358 687 2502 756 quod
2544 688 2659 759 ipse
2700 697 3052 743 contexuerat
3103 683 3395 754 Evangelia

1821 777 2193 846 interpretans
2252 778 2383 848 ipsis
2443 795 2503 833 ea
2564 796 2686 850 quae
2740 780 2807 834 de
2861 778 3076 833 Christo
3115 786 3394 838 erant,et

1819 871 2117 924 ostendens
2146 870 2313 926 Vetus
2355 872 2779 926 lnstrumentum
2824 872 3047 925 omnino
3094 883 3391 923 consonum

1821 976 1944 1016 esse
1975 962 2145 1022 Novo.
2177 978 2450 1033 unumque
2477 972 2533 1016 et
2562 963 2812 1018 eumdem
2853 977 2973 1017 esse
3012 959 3181 1014 Deum
3227 960 3315 1027 qui
3342 968 3391 1012 et

1826 1053 1929 1109 hoc
1961 1065 2015 1109 et
2044 1055 2173 1108 illud
2199 1065 2484 1119 statuerat,
2515 1057 2708 1125 plenus
2729 1056 2836 1123 iam
2884 1054 3094 1108 dierum
3143 1051 3393 1113 eﬂ‘ectus,

1826 1147 1969 1203 redit
1991 1148 2043 1200 in
2083 1162 2213 1217 pace
2243 1148 2310 1200 ad
2338 1148 2505 1201 Deum
2536 1148 2708 1216 pacis,
2735 1148 2956 1215 pulvere
2991 1144 3211 1213 quidem
3270 1144 3394 1212 pul-

1828 1241 1941 1294 veri
1998 1238 2209 1300 relicto.
2268 1240 2446 1292 anima
2506 1256 2636 1294 vero
2709 1241 2764 1293 in
2818 1239 3068 1293 manibus
3123 1240 3242 1304 eius
3302 1235 3395 1303 qui

1827 1333 2049 1387 dederat
2084 1331 2459 1387 commendata
2492 1349 2504 1387 :
2545 1332 2671 1385 illuc
2696 1329 2971 1385 transiens
3007 1328 3096 1383 ubi
3134 1328 3284 1397 regio
3312 1338 3396 1383 est

1828 1423 2146 1484 viventium,
2185 1422 2277 1477 ubi
2297 1438 2465 1477 sonus
2497 1422 2633 1476 fest'a
2660 1421 3080 1487 celebrantium,
3114 1421 3201 1475 ubi
3239 1421 3396 1474 inha-

1832 1514 2021 1569 bitatio
2054 1524 2137 1569 est
2166 1515 2407 1567 omnium
2451 1514 2775 1570 latantium.

1900 1692 1995 1747 IX.
2043 1691 2362 1761 llujusmodi
2419 1700 2546 1747 sunt
2601 1690 2960 1746 certaminum
3009 1688 3238 1759 apostoli
3302 1704 3398 1759 pro

1832 1785 2031 1855 pietate
2059 1785 2402 1839 narrationes
2444 1800 2458 1838 :
2499 1782 2581 1837 hic
2607 1782 2706 1837 fuit
2732 1782 2831 1851 ipsi
2875 1780 2997 1835 linis
3024 1779 3267 1833 laborum
3304 1795 3400 1847 pro

1832 1876 2054 1933 Christo
2099 1891 2510 1946 perpessorum,
2569 1890 2802 1944 quorum
2870 1874 3032 1928 etiam
3097 1870 3400 1939 manipulOs

1832 1984 1979 2024 nunc
2019 1970 2173 2024 metit
2206 1968 2260 2023 in
2289 1969 2496 2032 laetitia,
2556 1968 2629 2023 ita
2664 1976 2727 2023 ut
2779 1968 2951 2035 possit
3011 1977 3065 2021 et
3123 1967 3237 2035 ipse
3276 1981 3397 2020 cum

1829 2063 2000 2117 Paulo
2018 2063 2239 2116 dicere:
2281 2081 2298 2113 ι
2328 2062 2533 2116 Βοηυιη
2567 2072 2848 2115 certamen
2897 2060 3123 2124 certavi,
3174 2074 3396 2113 cursum

1829 2153 2204 2211 consummavi
2227 2194 2241 2216 ,
2276 2153 2435 2207 fidem
2456 2152 2667 2206 servavi
2698 2193 2713 2217 ,
2768 2162 2989 2221 propter
3018 2167 3139 2221 quae
3166 2151 3399 2220 reposita

1830 2252 1914 2298 est
1948 2242 2079 2297 mihi
2107 2242 2549 2312 coronajustitiae
2584 2244 2624 2296 ⁸.
2652 2260 2669 2293 ι
2703 2243 3082 2298 Verumtamen
3138 2242 3223 2295 his
3260 2256 3403 2295 nunc

1830 2348 2173 2402 consequens
2198 2348 2318 2387 esse
2354 2332 2547 2401 opinor
2596 2332 2929 2386 mentionem
3000 2330 3180 2383 facere
3232 2329 3400 2389 unde.

1831 2434 1884 2478 et
1946 2425 2239 2493 quomodo,
2300 2424 2571 2492 quibusve
2631 2437 2763 2476 sane
2823 2421 3159 2490 temporibus
3232 2436 3399 2473 sacrae

1833 2516 1994 2585 hujus
2016 2516 2256 2586 reliquiae
2283 2532 2348 2570 ex
2396 2514 2620 2580 Achaia,
2693 2514 2862 2569 veluti
2903 2512 3120 2568 divinus
3180 2513 3399 2583 quidam

1834 2612 2120 2662 thesaurus
2162 2618 2451 2677 reportatae
2482 2608 2613 2671 sint.
2652 2606 2880 2662 etclam
2910 2621 2971 2661 ac
3002 2607 3161 2677 regiae
3196 2605 3399 2659 civitati

1834 2695 2074 2751 redditae.

1906 2811 1971 2868 Χ.
2007 2812 2301 2868 Transibat
2324 2812 2597 2882 quondam
2629 2828 2657 2867 a
2693 2810 2893 2865 Sirmio
2914 2810 2988 2865 ad
3018 2810 3212 2864 Istrum
3262 2808 3404 2864 Con-

1835 2908 2087 2971 stantius,
2142 2907 2482 2961 Constantini
2537 2904 2711 2976 Magni
2791 2903 2954 2968 (ilius,
3025 2903 3121 2956 sed
3171 2902 3399 2956 fratrum

1838 3000 2031 3056 tertius
2064 3043 2078 3066 ,
2112 3010 2273 3067 atque
2302 2999 2368 3053 ad
2402 3000 2543 3054 hanc
2571 3000 2691 3053 lstri
2730 2998 2902 3067 ripam
2932 3012 3042 3049 non
3076 2996 3234 3064 longo
3268 3002 3406 3048 lem-

1837 3110 1967 3163 pore
2027 3102 2465 3153 eastrametatus,
2519 3091 2731 3145 audivit
2787 3089 3055 3143 Barbaros
3113 3087 3206 3156 qui
3265 3088 3401 3140 ultra

1838 3189 2031 3243 Istrum
2069 3195 2227 3239 erant
2258 3184 2610 3240 conﬂicturos
2634 3198 2757 3238 cum
2799 3180 3171 3235 Romanorum
3198 3177 3401 3248 princi-

151 3268 273 3348 ρους
347 3254 563 3324 μέλλειν
615 3258 1033 3329 ἐπιστρατεύειν
1085 3273 1150 3335 τῇ
1202 3271 1499 3340 Ῥωμαίων
1562 3254 1727 3348 ἀρχῇ.

1840 3290 1967 3348 patu
1994 3297 2006 3333 :
2039 3287 2094 3332 et
2126 3277 2239 3346 ipse
2271 3275 2570 3329 formidans
2599 3289 2665 3327 ne
2687 3275 2815 3342 (ιιιίιΙ
2837 3273 2961 3326 mali
2991 3274 3042 3324 in
3072 3286 3171 3324 suo
3200 3269 3406 3337 princi-

152 3346 259 3440 imi.
312 3348 341 3399 δ
383 3348 485 3419 μὲν
546 3351 865 3424 ὑποπτήξας
927 3360 999 3430 μή
1040 3378 1091 3415 τι
1133 3364 1302 3419 κακὸν
1341 3367 1399 3420 ὲν
1446 3372 1516 3440 τῇ
1561 3346 1727 3425 αῦτοῦ

149 3437 415 3506 δράσωσι,
442 3444 579 3513 πρὸς
615 3446 712 3516 τὴν
756 3449 976 3528 Θρᾴκην
1002 3454 1161 3518 εὐθὺς
1191 3458 1287 3509 καὶ
1326 3459 1385 3511 τὸ
1433 3437 1731 3527 Βυζάντιον

150 3535 408 3604 ἠλαυνεν.
440 3539 527 3591 Ἐν
563 3541 803 3613 Ὀδρυσῴ
856 3544 910 3596 δὲ
942 3548 1126 3616 χωρίῳ
1161 3550 1552 3620 καταλαϐόντι,
1603 3556 1729 3611 ἔνθα

153 3632 310 3685 πόλιν
373 3635 651 3703 Ἀδριανὸς
688 3641 715 3692 ὁ
778 3641 1063 3710 Ῥωμαίων
1110 3641 1369 3714 βασιλεὺς
1409 3646 1730 3721 ἀναστήσας

150 3727 249 3794 τὴν
280 3726 477 3781 ἑαυτοῦ
506 3735 879 3801 προσηγορίαν
910 3736 987 3805 τῷ
1010 3737 1162 3806 τόπῳ
1214 3739 1439 3799 δέδωκε.
1468 3746 1728 3811 πρόσεισί

146 3835 230 3881 τις
261 3819 371 3872 τῶν
406 3822 722 3879 ἐπισκόπων
758 3825 834 3890 ὥς
863 3844 912 3879 τι
939 3828 1182 3898 κομίζων
1221 3830 1395 3902 δῶρον
1433 3835 1590 3906 αὐτῷ
1632 3857 1731 3909 χα-

147 3912 458 3983 ριέστατον,
504 3918 610 3969 τῶν
669 3918 763 3972 τοῦ
840 3921 1076 3993 Χριστοῦ
1136 3924 1397 3992 μαθητῶν
1470 3927 1727 4000 Ἀνδρίου

149 4008 243 4059 καὶ
278 4008 468 4063 Λουκᾶ
504 4012 563 4062 ὲν
616 4012 806 4082 ’Δχαῖξι
834 4016 1100 4082 τετάφοαι
1129 4015 1352 4085 μηνύων
1376 4018 1443 4069 τὰ
1475 4021 1728 4089 σώματα.

161 4097 220 4149 '0
273 4098 332 4150 δὲ
382 4099 526 4171 ἥσθη
562 4119 619 4155 τε
657 4104 720 4172 τῇ
753 4102 1007 4174 ἀγγελία,
1033 4104 1127 4156 καὶ
1179 4105 1471 4175 Ἀρτέμιον
1501 4105 1545 4178 ᾧ
1588 4112 1734 4182 μάλα

140 4194 376 4261 νιχρῆτο,
398 4198 493 4248 καὶ
520 4196 581 4249 ὃν
619 4196 715 4267 τῆς
754 4198 901 4268 πρὸς
946 4198 1185 4269 Χριστὸν
1215 4201 1437 4272 ἀγάπης
1477 4205 1594 4277 ᾔδει
1624 4208 1739 4261 διά-

150 4303 325 4357 πυρον
358 4286 593 4355 ἐραστὴν
628 4292 923 4357 (μαρτυρεῖ
954 4290 1042 4342 τὸν
1081 4290 1265 4343 ἔνθεον
1312 4294 1505 4347 τούτου
1559 4299 1737 4367 ἔρωτα

147 4376 228 4444 τῷ
264 4375 443 4445 ἀνδρὶ,
472 4377 501 4428 ὁ
543 4375 633 4425 ἐπὶ
662 4377 773 4427 τῶν
797 4376 1003 4444 καιρῶν
1060 4380 1347 4437 Ίουλιανοῦ
1388 4383 1476 4437 δια
1501 4387 1735 4458 Χριστὸν

148 4462 315 4531 ἆθλος
340 4470 437 4521 καὶ
474 4465 772 4537 κίνδυνος)⁶
801 4467 988 4520 τοῦτον
1034 4470 1165 4537 γοῦν
1205 4472 1295 4524 τὸν
1341 4473 1486 4527 οὕτω
1537 4479 1737 4548 θερμὸν

151 4557 296 4627 ὑπὲρ
327 4557 612 4619 εὐσεϐείας
652 4556 880 4609 πνέοντα
911 4557 1063 4625 φίλον
1126 4560 1413 4629 Ἀρτέμιον
1458 4565 1593 4634 πρὸς
1635 4570 1735 4638 τὴν

148 4650 259 4703 τῶν
296 4650 516 4703 σεπτῶν
544 4650 876 4721 ἀνακομιδὴν
912 4652 1176 4719 σωμάτων
1210 4654 1408 4708 αὐτίκα
1433 4656 1725 4726 ἐκπέμπει.

150 4742 264 4793 Καὶ
311 4740 424 4809 γὰρ
457 4739 520 4808 δὴ
571 4741 666 4791 καὶ
716 4733 869 4803 οὗτος
898 4736 964 4811 ἦν
1004 4744 1376 4806 Κωνσταντιος
1410 4746 1475 4799 τά
1507 4765 1563 4801 τε
1595 4749 1733 4802 ἄλλα

153 4834 403 4904 μέτριος,
425 4833 515 4885 τόν
542 4851 598 4884 τε
622 4833 820 4902 τρόπον
844 4834 1112 4902 ἐπιεικὴς,
1133 4837 1225 4887 καὶ
1249 4836 1426 4905 πολλῷ
1450 4855 1511 4904 γε
1534 4841 1729 4911 κομιδῆ

147 4925 230 4995 τῷ
262 4926 398 4995 περὶ
436 4924 536 4992 τὴν
574 4924 681 4975 τῶν
723 4923 1028 4992 ἐκκλησιῶν
1075 4927 1364 4997 οἰκοδομὴν
1402 4928 1565 4997 ἔρωτι
1599 4933 1731 4983 κάτ-

147 5032 295 5085 οχος.
339 5012 620 5068 Ἐντεῦθεν
655 5011 748 5065 καὶ
780 5014 912 5081 πρὸς
943 5017 1009 5083 τῇ
1044 5015 1136 5068 τοῦ
1161 5021 1362 5085 πατρδς
1393 5020 1556 5072 αὑτοῦ
1580 5021 1729 5074 πέλει

152 5108 287 5178 περὶ
321 5106 415 5159 τὸν
455 5106 666 5159 ἐκείνου
724 5108 893 5175 τάφον
946 5104 1037 5159 οἷα
1093 5108 1263 5177 γέρας
1318 5111 1601 5174 ἀποδιδοὺς
1659 5115 1736 5184 τῷ

152 5200 350 5267 πατρὶ,
382 5198 511 5251 ναὸν
537 5198 595 5262 ἐξ
634 5201 813 5253 αὐτῶν
849 5200 1126 5267 κρηπίδων
1157 5201 1429 5269 οἰκοδομεῖ
1457 5205 1733 5273 μέγιστον.

152 5286 228 5345 Οὒ
264 5293 332 5362 δὴ
385 5292 480 5344 καὶ
540 5292 828 5359 Ἀρτεμίου
872 5292 940 5344 τὰ
976 5293 1083 5345 τῶν
1118 5294 1279 5364 ἱερῶν
1337 5295 1645 5349 ἀποστόλων
1677 5298 1737 5363 ἐξ

164 5383 392 5451 ’Λχαῖας
453 5382 881 5450 ἀνακομίσαντος
935 5382 1182 5451 λείψανα,
1222 5387 1279 5439 ἐν
1311 5386 1459 5456 αύτῷ
1496 5386 1571 5457 τῷ
1607 5387 1734 5458 Θιίῳ

153 5470 537 5541 Θυσιαστηρίῳ
562 5471 656 5540 τῆς
682 5473 831 5544 ίερᾶς
858 5473 1136 5544 τραπέζης
1164 5476 1441 5539 κατέθετο,
1479 5479 1727 5550 Ἀνδρέου

158 5564 258 5631 μὲν
284 5565 390 5634 τῆς
430 5565 688 5633 Πατρέων
729 5564 951 5630 πόλεως,
992 5571 1175 5622 Λουκᾶ
1288 5572 1350 5623 ἐκ
1402 5572 1594 5643 Θηόὼν
1632 5573 1729 5641 τῆς

158 5656 427 5718 Βοιωτίας
463 5657 894 5725 μετενεχθέντος.
929 5661 1108 5731 Βραχῦ
1140 5663 1198 5714 τὸ
1226 5665 1279 5714 ἐν
1324 5666 1472 5733 μέσῳ
1501 5666 1591 5717 καὶ
1643 5666 1733 5715 Τι-

231 5867 254 5902 ⁸
283 5864 326 5922 ΙΙ
360 5865 501 5922 Tim.
538 5881 610 5930 tv,
643 5867 692 5929 7,
735 5867 786 5920 8.

1836 3379 1963 3441 patu
1990 3369 2251 3432 facerent,
2286 3367 2576 3422 confestim
2644 3368 2709 3421 ad
2765 3365 3052 3419 Thraciam
3086 3379 3149 3418 ac
3200 3362 3407 3433 Byzan-

1838 3465 1971 3518 tium
1998 3460 2281 3531 equitavit.
2320 3461 2563 3529 (Zumque
2619 3458 2684 3511 ad
2729 3458 3007 3526 regionem
3049 3455 3401 3525 Odrysiorum

1836 3554 2194 3626 pervenisset,
2228 3555 2317 3610 ubi
2348 3554 2620 3608 Adrianus
2674 3549 3040 3604 Romanorum
3081 3548 3402 3615 imperator,

1834 3656 2109 3705 exstructa
2139 3646 2380 3708 civitate,
2442 3647 2524 3698 sui
2577 3642 2994 3714 appellationem
3055 3642 3177 3692 loco
3232 3638 3405 3696 dedit,

1833 3734 2045 3808 accedit
2076 3737 2140 3792 ad
2173 3753 2297 3792 eum
2341 3735 2557 3807 quidam
2605 3733 2911 3804 episcopus.
2968 3730 3129 3785 veluti
3200 3729 3401 3806 donum

1833 3829 2105 3900 quoddam
2162 3828 2259 3897 ipsi
2311 3827 2672 3899 gratissimum
2722 3823 2996 3881 deferens,
3045 3821 3276 3876 Δηὼ-οε
3343 3836 3406 3875 ac

1836 3922 1996 3978 Lucae
2040 3920 2243 3976 Christi
2282 3970 2285 3971 ν
2329 3917 2718 3987 discipulorum
2768 3930 2993 3983 corpora
3044 3914 3293 3968 indicans
3351 3912 3404 3965 in

1837 4018 2039 4074 Achaia
2081 4032 2201 4073 esse
2260 4013 2492 4085 sepulta.
2565 4010 2731 4065 Porro
2802 4009 2893 4064 ille
2950 4016 3005 4061 et
3073 4006 3266 4061 nuntio
3311 4019 3405 4073 ga-

1839 4109 1987 4162 visus
2047 4118 2169 4172 est,
2227 4117 2279 4159 ct
2330 4100 2633 4158 Artemium
2685 4115 2792 4168 quo
2844 4097 3075 4151 maxime
3131 4096 3404 4152 utebatur.

1839 4211 1892 4257 et
1946 4216 2105 4272 quem
2170 4197 2382 4254 sciebat
2421 4194 2687 4250 fervidum
2762 4199 3059 4245 amatorem
3123 4187 3408 4241 charitatis

1838 4309 1969 4363 erga
2024 4292 2302 4344 Christum
2372 4289 2697 4358 (attestatur
2754 4282 2871 4335 viro
2940 4280 3184 4332 divinum
3244 4275 3407 4344 hujus

1842 4398 2113 4445 amorem,
2133 4391 2435 4443 certamen,
2456 4392 2519 4430 ac
2546 4374 2841 4446 periculum
2876 4371 3211 4435 temporibus
3233 4367 3403 4423 Julia-

1838 4476 1892 4528 ni
1929 4484 2145 4542 propter
2174 4472 2452 4524 Christum
2486 4466 2818 4534 susceptum)
2851 4479 2866 4525 ;
2904 4463 3047 4515 hunc
3092 4476 3221 4529 ergo
3255 4468 3403 4513 tanto

1841 4568 2055 4623 fervore
2086 4579 2183 4633 pro
2217 4563 2419 4633 pietate
2467 4563 2763 4630 spirantem
2818 4555 3051 4610 amicum
3104 4552 3404 4607 Artemium

1839 4661 1906 4715 ad
1936 4659 2297 4727 pretiosorum
2341 4667 2630 4721 corporum
2686 4649 3056 4702 reductioncm
3113 4643 3401 4699 confestim

1839 4749 2057 4806 emittit.
2083 4748 2296 4800 Etenim
2328 4753 2444 4799 erat
2468 4742 2555 4797 hic
2580 4740 2932 4795 Constantius
2969 4745 3023 4791 et
3076 4736 3133 4790 iu
3192 4736 3403 4789 exteris

1839 4840 2176 4899 moderatus,
2198 4848 2251 4890 et
2282 4836 2526 4889 moribus
2550 4833 2696 4887 mitis
2718 4845 2781 4885 ac
2800 4828 3099 4891 modestus,
3127 4839 3178 4882 et
3207 4841 3401 4896 magno

1837 4931 2129 4987 admodum
2160 4928 2303 4982 circa
2357 4925 2707 4978 ecclesiarum
2747 4919 3158 4974 aedificationem
3215 4933 3401 4974 amore

1836 5035 2153 5093 occupatus.
2216 5020 2373 5076 Unde
2430 5019 2591 5074 etiam
2649 5018 2714 5072 ad
2771 5015 2940 5085 patris
2993 5015 3075 5067 sui
3128 5014 3398 5067 civitatem

1836 5115 1980 5170 circa
2011 5113 2157 5166 illius
2190 5114 2525 5181 sepulcrum.
2561 5108 2727 5163 veluti
2765 5107 2997 5161 reddens
3036 5104 3173 5174 patri
3230 5104 3403 5157 honoo

1838 5220 1973 5268 rem,
2038 5204 2297 5273 templum
2350 5201 2418 5254 ab
2484 5200 2617 5269 ipsis
2675 5196 3044 5252 fundamentis
3107 5194 3399 5249 maximum

1834 5291 2087 5357 aediﬁcat,
2132 5291 2184 5344 in
2226 5306 2332 5359 quo
2382 5289 2566 5349 etiam,
2644 5286 2733 5340 ubi
2782 5286 3059 5339 Artemius
3121 5297 3399 5337 sacrorum

1835 5386 2205 5456 apostolorum
2257 5382 2509 5451 reliquias
2537 5396 2601 5435 cx
2636 5377 2832 5433 Achaia
2866 5376 3159 5441 retulisset,
3195 5375 3247 5427 in
3284 5373 3399 5443 ipso

1836 5476 2021 5532 divino
2047 5476 2202 5531 altari
2234 5492 2400 5530 sacrae
2424 5488 2626 5527 mensa:
2653 5470 2899 5539 reposuit
2936 5486 2948 5521 :
2992 5468 3222 5523 Andreae
3283 5466 3401 5532 qui-

1838 5570 1961 5626 dem
1991 5586 2020 5625 e
2048 5570 2267 5624 civitate
2301 5568 2637 5628 Patreorum,
2664 5561 2825 5618 Luca:
2848 5569 3030 5616 autem
3075 5575 3139 5613 ex
3204 5557 3403 5613 Thebis

1842 5662 2063 5718 Boeotiae
2102 5661 2379 5715 translatis
2412 5656 2750 5728 corporibus.
2820 5655 2895 5710 Ac
2960 5651 3106 5706 brevi
3164 5662 3403 5719 tempore
