4136 6526
919 631 1310 643 *ιο-,καθ

1365 465 1827 526 MARTYRIUM
1871 468 1931 529 S.
1972 469 2176 530 VARI.

3261 462 3395 528 1142

162 629 3370 665 ww

1458 794 2085 879 ΜΑΡΤΥΡΙΟΝ

374 987 720 1122 ΤΟΥ
852 985 1369 1124 ΑΓΙΟΥ
1493 996 2397 1128 ΜΑΡΤΥΡΟΣ
2511 988 3189 1126 ΟΥΑΡΟΥ

1409 1233 1538 1284 ΚΑΙ
1585 1233 1727 1285 mv
1774 1233 2166 1303 ΣΥΝΑΥΤῼ.

744 1555 1905 1719 MABTYRIUM
2041 1565 2198 1721 S.
2349 1560 2807 1716 VARI

1377 1831 1481 1891 ΕΤ
1525 1833 1937 1896 SOCIORUM
1995 1836 2204 1898 EJUS.

654 1993 846 2049 (Latine
876 1993 1003 2055 apud
1025 1991 1222 2042 Surium
1256 1998 1314 2044 ad
1340 1978 1472 2044 diem
1502 1994 1555 2043 19
1581 1994 1841 2054 Octobris;
1869 1996 2042 2046 Graece
2065 2011 2126 2047 ex
2157 2000 2266 2048 cod.
2305 2012 2394 2048 ms.
2440 1997 2596 2048 Paris.
2641 2013 2688 2048 η.
2728 1998 2890 2059 1480.)

229 2319 308 2374 A'.
356 2317 701 2382 Μαξιμιανοῦ
765 2319 858 2371 τοῦ
907 2322 1177 2387 τυράννου
1221 2325 1281 2376 τὸ
1335 2324 1592 2388 δυσσεϐὲς
1641 2325 1743 2378 ἀνὰ
1774 2331 1817 2386 Α

164 2413 356 2465 πᾶσαν
401 2411 590 2480 σχεδον
626 2409 723 2480 τὴν
781 2412 1109 2481 οἰκουμένην
1148 2415 1397 2476 ἐκδόντος
1441 2417 1737 2484 διάταγμα,

159 2503 478 2574 πέμψαντος
497 2503 554 2557 δὲ
591 2503 685 2557 καὶ
712 2507 816 2566 τοῖς
844 2506 963 2558 κατ’
989 2506 1263 2572 Αἴγυπτον
1291 2506 1576 2577 ἄρχουσιν,
1599 2508 1674 2570 ῶς
1706 2509 1738 2578 ῆ

157 2599 371 2654 πάντας
401 2596 526 2658 τοὺς
563 2595 621 2646 ἐν
655 2591 791 2670 αὖτῇ
818 2597 1182 2664 Χριστιανοὺς
1212 2597 1320 2650 τῶν
1360 2599 1573 2668 μιαρῶν
1603 2599 1740 2650 ἁπο-

159 2686 407 2750 γενεσθαι
439 2685 662 2751 θυσιῶν,
703 2690 796 2740 καὶ
813 2690 911 2758 τὴν
945 2691 1151 2742 ἑαυτῶν
1182 2690 1510 2756 ἐξόμνυσθαι
1536 2689 1740 2757 πίστιν,

159 2778 192 2846 ἢ
223 2776 497 2837 ποικῖλαις
526 2778 779 2830 κολάσετι
811 2783 902 2832 καὶ
931 2780 1187 2849 βασάνοις
1210 2784 1304 2835 τοῦ
1339 2783 1442 2854 ζῇν
1472 2784 1745 2837 ἀπαλλατ-

157 2868 372 2920 mem
421 2869 516 2920 καὶ
548 2869 758 2922 πολλῶν
801 2871 894 2921 ἐπὶ
934 2871 1110 2942 τούτῳ
1163 2876 1370 2926 πιστῶν
1407 2876 1740 2942 συλληφθέν-

157 2975 286 3020 των,
322 2960 544 3012 καὶτῶν
571 2961 670 3029 μὲν
699 2961 790 3013 τὸν
817 2962 955 3031 ὑπὲρ
979 2963 1217 3032 Χριστοῦ
1250 2964 1482 3018 θάνατον
1505 2964 1744 3027 εὐκλεῶς

161 3052 650 3120 ἀπενεγκαμὲνων,
729 3053 837 3105 τῶν
906 3053 964 3107 δὲ
1027 3056 1268 3123 εἱρκταῖς
1351 3058 1446 3108 καὶ
1526 3056 1745 3124 δεσμοῖς

159 3143 699 3211 παραπεμφθέντων,
757 3144 900 3212 λιμῷ
947 3163 1004 3197 τε
1059 3147 1150 3199 καὶ
1205 3147 1344 3215 δίψει
1385 3145 1744 3212 πιεζομένων,

159 3233 301 3302 ἀνήρ
357 3251 441 3297 τις
508 3233 600 3285 τοῦ
661 3235 963 3300 καταλόγου
1023 3236 1358 3300 Αἰγυπτίων,
1409 3234 1604 3287 πολλοῦ
1647 3235 1745 3304 μὲν

158 3326 310 3389 ἄξιος
341 3326 694 3393 Μαξιμιανῷ,
719 3327 913 3379 πολλοῦ
949 3327 1122 3380 δὲκαὶ
1149 3328 1228 3400 τῷ
1268 3327 1432 3381 αὑτοῦ
1472 3327 1742 3398 στρατεύο

161 3436 316 3486 ματι,
341 3419 572 3488 φοῦερὸς
619 3421 722 3489 οὐχ
748 3420 951 3489 ἥκιστα
985 3421 1288 3491 πολεμίοις,
1317 3421 1525 3494 Οῠαρος
1553 3423 1744 3492 ὄνομα,

155 3512 218 3563 το
252 3514 411 3579 γένος
445 3514 737 3582 ἐπίσημος,
767 3512 862 3582 τὴν
892 3514 1050 3578 δόξαν
1080 3515 1461 3584 περίῦλεπτος,
1483 3516 1581 3584 τὴν
1615 3517 1744 3583 ἁρε-

157 3600 257 3670 τὴν
296 3603 643 3671 περιϐόητος,
684 3604 860 3671 λάθρα
893 3606 1090 3656 ὁπόσαι
1145 3604 1338 3668 νύκτες
1370 3607 1429 3657 το
1463 3606 1746 3676 δεσμωτή-

1919 2327 1962 2382 1.
1997 2327 2130 2383 Cum
2152 2328 2514 2397 Maximianus
2547 2340 2810 2392 tyrannus
2839 2343 2936 2399 per
2959 2341 3269 2381 universum
3303 2327 3416 2382 fere

1843 2421 2030 2473 orbem
2061 2430 2217 2473 terrae
2253 2421 2473 2482 impium
2494 2421 2756 2475 edidisset
2778 2421 3035 2480 edictum,
3069 2417 3415 2484 misissetque

1843 2510 2006 2564 etiam
2040 2510 2104 2564 ad
2152 2510 2432 2576 prresides,
2479 2511 2566 2576 qui
2621 2519 2774 2564 erant
2823 2509 2876 2561 in
2927 2505 3180 2576 Egypto,
3237 2514 3297 2558 ut
3331 2506 3416 2558 vel

1842 2616 2034 2655 omnes
2067 2604 2116 2654 in
2139 2618 2204 2656 ea
2225 2605 2553 2660 cxsistentes
2569 2600 2863 2658 Christiani
2881 2599 3209 2654 exsecranda
3237 2607 3420 2668 gusta-

1845 2700 1968 2746 rent
1995 2693 2259 2746 sacrificia
2297 2704 2349 2746 et
2384 2711 2534 2747 suam
2566 2695 2882 2762 abjurarent
2919 2691 3100 2752 fidem,
3146 2690 3228 2743 vel
3259 2688 3423 2740 rariis

1849 2786 2128 2837 tormentis
2157 2793 2211 2836 et
2241 2784 2520 2852 suppliciis
2557 2784 2663 2837 vita
2699 2782 2780 2836 eis
2822 2781 3153 2834 adimeretur
3181 2794 3195 2841 ;
3228 2786 3282 2830 et
3312 2778 3414 2829 hac

1844 2875 1911 2928 de
1943 2889 2108 2928 causa
2142 2874 2297 2928 multi
2327 2874 2513 2929 ﬁdeles
2551 2873 2787 2927 fuissent
2813 2866 3221 2938 comprehensi.
3253 2876 3308 2920 et
3331 2864 3422 2920 alii

1845 2968 2065 3034 quidem
2100 2982 2199 3035 pro
2228 2967 2446 3021 Christo
2478 2976 2701 3019 mortem
2737 2965 2968 3033 gloriose
3013 2960 3424 3022 sustinuissent,

1845 3057 1932 3110 alii
1966 3066 2146 3109 autem
2186 3057 2239 3108 in
2279 3071 2531 3109 carceres
2579 3065 2634 3109 et
2673 3055 2888 3107 vincula
2939 3051 3171 3121 conjecti
3219 3055 3424 3105 essent.

1845 3149 2095 3217 fameque
2135 3157 2190 3200 et
2236 3147 2325 3201 siti
2373 3154 2754 3215 premerentur
2789 3161 2801 3197 :
2847 3143 2930 3196 \‘ir
2979 3144 3199 3212 quidam
3233 3157 3298 3196 ex
3327 3155 3426 3194 nu-

1847 3256 1998 3295 mero
2038 3239 2272 3294 militum
2312 3237 2710 3308 (Egyptiorum,
2739 3237 2828 3304 qui
2873 3235 2924 3288 in
2968 3249 3162 3304 magno
3207 3232 3424 3302 quidem

1846 3343 1964 3386 erat
2019 3333 2196 3401 pretio
2255 3331 2398 3399 apud
2455 3328 2867 3392 Maximianum,
2937 3335 2991 3380 et
3045 3325 3188 3394 apud
3251 3325 3424 3393 ipsum

1847 3425 2167 3484 exercitum,
2198 3433 2317 3478 erat
2349 3433 2532 3475 autem
2584 3421 2844 3474 terribilis
2893 3419 3166 3479 hosubus,
3205 3417 3428 3471 nom-ine

1848 3515 2046 3580 Varus,
2087 3531 2292 3585 genere
2324 3514 2575 3585 insignis,
2603 3512 2773 3584 gloria
2811 3511 3164 3580 conspicuus,
3209 3521 3274 3561 ac
3318 3507 3430 3560 vir-

1849 3619 1962 3662 tute
2010 3608 2209 3660 clarus.
2268 3607 2316 3659 ls
2363 3608 2500 3660 clam
2561 3605 2787 3675 singulis
2844 3590 3096 3658 noctibus
3149 3611 3427 3656 carcerem

159 3707 278 3760 ριον
307 3690 516 3754 εἰσιὼν,
546 3691 705 3745 τοῦτο
731 3692 827 3762 μὲν
857 3693 1174 3764 ἐπιμελείας
1195 3695 1347 3766 ἠξίου
1379 3696 1502 3758 τοὺς
1525 3697 1746 3764 ἄνδρας,

1853 3705 2182 3775 ingrediens,
2215 3704 2410 3774 partim
2440 3701 2658 3773 quidem
2685 3715 2779 3755 eos
2829 3699 3076 3760 curabat.
3123 3697 3216 3767 qui
3271 3705 3429 3750 erant

153 3783 319 3834 τοῦτο
347 3781 404 3835 δὲ
441 3783 535 3836 καὶ
568 3785 708 3855 ὑπὲρ
740 3787 936 3839 ἑαυτοῦ
964 3786 1221 3854 εὔχεσθαι
1256 3789 1580 3856 παρεκάλει,
1606 3789 1747 3842 ὥστε

155 3874 250 3928 τὸν
282 3876 399 3929 ἴσον
430 3876 658 3938 ἐκείνοις
686 3878 779 3928 καὶ
814 3876 974 3928 αὑτὸν
1017 3876 1206 3942 ἀγῶνα
1234 3877 1476 3935 τελέσαι.
1518 3877 1747 3931 Ἐδεδοὶ-

158 3983 249 4019 κει
284 3967 395 4034 γὰρ
449 3966 530 4017 ἔτι
585 3967 882 4036 κατάδηλος
943 3968 1198 4035 γενέσθαι
1233 3971 1292 4023 τὸ
1323 3971 1511 4034 σέϐας,
1547 3972 1634 4024 διὰ
1690 3972 1749 4023 τὸ

155 4059 291 4120 τοὺς
320 4057 667 4123 ὑπασπιστὰς
696 4061 791 4130 τῆς
820 4059 1075 4124 ἀσεϐείας
1121 4062 1300 4130 φόνιόν
1325 4080 1375 4114 τι
1409 4065 1589 4115 πνέειν
1609 4065 1748 4118 κατὰ

155 4151 270 4205 τῶν
292 4149 662 4203 εὐσεϐούντων
697 4151 789 4204 καὶ
822 4152 1066 4220 μανικὸν,
1099 4154 1192 4206 καὶ
1217 4152 1308 4216 οὓς
1337 4153 1404 4206 ἂν
1439 4154 1751 4223 φωράσειαν

157 4242 550 4312 Χριστιανοὺς,
579 4244 702 4304 τοὺς
739 4243 838 4311 μὲν
876 4245 1028 4313 πυρὶ,
1061 4247 1186 4307 τοὺς
1213 4244 1268 4297 δὲ
1326 4243 1596 4317 θαλάσσῃ,
1625 4247 1750 4311 τοῦς

150 4336 213 4388 δὲ
251 4334 349 4387 καὶ
387 4331 577 4396 ἄλλαις
618 4333 869 4403 βασάνοις
905 4338 1001 4389 καὶ
1033 4336 1250 4408 θανάτῳ
1284 4341 1659 4410 παραδιδόναι.

231 4427 306 4480 B'.
351 4425 510 4480 Ἐπεὶ
539 4426 630 4481 οῦν
665 4428 980 4500 ἀνηγγέλθη
1001 4429 1078 4500 τῷ
1107 4431 1332 4500 ἄρχοντι
1378 4432 1455 4496 ὡς
1485 4433 1578 4485 καί
1605 4448 1749 4496 τινες

151 4521 271 4572 τῶν
317 4519 418 4590 τὴν
481 4520 688 4591 ἔρημον
739 4523 1032 4584 οἰκούντων
1092 4523 1301 4575 πιστῶν
1341 4525 1446 4576 ύπὺ
1497 4526 1608 4577 τῶν
1654 4527 1752 4596 τῆς

153 4611 421 4675 ἀσεϐείας
454 4612 748 4681 ὑπηρετῶν
798 4612 1234 4684 συνελήφθησαν,
1257 4615 1442 4686 ἡσθεὶς
1483 4619 1547 4686 τῇ
1576 4619 1750 4686 ἀγγε-

154 4703 272 4774 λίᾳ,
291 4705 520 4766 τούτους
545 4704 640 4773 μὲν
657 4703 796 4757 κατά
819 4705 878 4758 τὸ
909 4708 1083 4775 παρὸν
1108 4708 1167 4761 ὲν
1189 4710 1424 4775 ἀσφαλεῖ
1445 4712 1508 4780 τῇ
1541 4711 1753 4782 φρουρᾷ

158 4796 626 4865 κατακλεισθῆναι
659 4797 891 4862 κελεύει,
915 4802 982 4852 τὰ
1003 4799 1059 4852 δὲ
1084 4801 1192 4854 τῶν
1215 4800 1493 4856 κολάσεων
1518 4802 1748 4872 ὄργανα,

157 4893 226 4958 τῇ
263 4889 536 4960 ὑστεραία
565 4891 1008 4962 εὐτρεπισθῆναι,
1043 4894 1136 4946 καὶ
1175 4893 1372 4958 αὐτοὺς
1434 4895 1750 4964 εἰσαχθῆναι

157 4981 302 5052 πρὸς
326 4981 429 5052 τὴν
469 4977 732 5044 ἐξέτασιν.
777 4985 870 5048 Ei;
923 4977 1038 5037 ὦτα
1068 4985 1358 5055 τοιγαροῦν
1383 4987 1459 5057 τῷ
1495 4987 1749 5057 μακαρίῳ

1853 3796 1905 3847 in
1965 3795 2248 3848 vinculis:
2287 3795 2481 3862 partim
2537 3803 2716 3845 autem
2789 3807 2884 3845 eos
2947 3790 3170 3858 rogabat
3213 3795 3272 3842 ut
3330 3801 3430 3856 pro

1852 3888 1971 3956 ipso
1999 3895 2240 3951 orarent,
2278 3901 2385 3956 quo
2423 3899 2600 3955 teque,
2631 3895 2790 3954 atque
2815 3883 2940 3954 ipsi.
2987 3886 3263 3935 certamen
3297 3893 3423 3947 per-

1851 3989 2053 4048 ageret.
2096 3976 2346 4032 Timebat
2407 3979 2552 4031 enim
2606 3977 2781 4030 adhuc
2830 3989 2985 4027 suam
3034 3973 3244 4040 aperire
3303 3969 3429 4031 relic

1853 4065 2090 4134 gionem,
2139 4068 2285 4134 quod
2333 4066 2595 4120 satellites
2632 4065 2923 4130 impietatis
2961 4061 3163 4115 caedem
3195 4067 3250 4112 et
3282 4059 3430 4111 furo-

1853 4171 1967 4218 rem
2000 4156 2276 4225 spirarent
2335 4158 2601 4211 adversus
2651 4156 2791 4225 pios,
2827 4163 2880 4207 et
2929 4166 3068 4221 quos
3124 4150 3433 4219 deprehen-

1853 4249 2064 4304 dissent
2095 4249 2464 4313 Christianos,
2501 4249 2638 4302 alios
2665 4247 2886 4315 quidem
2917 4245 3048 4316 igni,
3085 4242 3220 4298 alios
3246 4243 3431 4296 autem

1852 4343 1976 4394 aliis
2010 4342 2302 4397 tormentis
2336 4353 2390 4396 et
2429 4341 2584 4396 morti
2618 4341 2918 4394 traderent.
3421 4407 3425 4412 _

1926 4434 1992 4489 ll.
2019 4433 2156 4490 Cum
2182 4443 2364 4489 autem
2397 4433 2609 4503 praesidi
2639 4431 2830 4485 fuisset
2858 4428 3226 4485 renuntiatum
3285 4425 3432 4494 quod

1852 4529 2072 4598 quidam
2105 4543 2172 4582 ex
2199 4526 2475 4587 ﬁdelibus,
2505 4524 2597 4596 qui
2630 4523 2952 4578 habitabant
3004 4522 3059 4575 in
3114 4518 3430 4579 solitudine,

1853 4619 2234 4689 comprehensi
2285 4619 2502 4673 fuerant
2533 4633 2561 4669 a
2613 4616 2877 4669 ministris
2924 4611 3239 4682 impietatis.
3290 4625 3435 4663 nun-

1857 4713 1930 4766 tio
1971 4713 2203 4774 laetatus,
2235 4725 2330 4764 eos
2363 4709 2580 4779 quidem
2609 4708 2764 4778 jubet
2808 4707 2862 4760 in
2905 4702 3188 4773 prasentia
3232 4699 3434 4755 includi

1855 4804 1910 4857 in
1950 4811 2063 4856 tuta
2096 4801 2387 4862 custodia,
2436 4799 2522 4852 dic
2561 4807 2740 4850 autem
2793 4791 3039 4860 sequenti
3094 4791 3269 4858 parari
3319 4799 3434 4842 tor-

1854 4900 2057 4955 menta,
2110 4899 2165 4944 et
2223 4891 2368 4958 ipsos
2422 4886 2695 4942 introduci
2745 4883 2810 4939 ad
2872 4882 3175 4937 habendam
3233 4880 3301 4934 de
3353 4880 3434 4933 eis

1853 4985 2232 5053 quaestionem.
2270 4982 2404 5037 Cum
2441 4995 2527 5034 res
2558 4994 2686 5048 ergo
2715 4975 2956 5030 venisset
2991 4973 3064 5026 ad.
3089 4983 3251 5025 aures
3292 4969 3433 5024 beati

158 5074 364 5143 Οὐάρῳ
415 5073 478 5126 τὸ
517 5075 744 5144 πρᾶγμα
800 5077 1092 5147 χωρῆσαν,
1141 5079 1401 5148 χρήματα
1446 5081 1558 5140 τοῖς
1612 5056 1744 5147 προ-

1850 5072 2000 5136 Vari,
2063 5072 2288 5140 pecunia
2343 5072 2463 5125 data
2519 5070 2587 5124 iis
2635 5067 2725 5139 qui
2801 5073 3073 5135 praeerant
3140 5062 3434 5124 custodiat,

157 5165 368 5219 (στῶσι
399 5165 499 5233 τῆς
531 5165 782 5235 φυλακῆς
812 5168 1135 5238 παρασχὼν,
1165 5170 1358 5232 νυκτὸς
1389 5170 1580 5222 εἴσεισι
1613 5169 1748 5239 πρὸς

157 5260 288 5316 τοὺς
329 5255 555 5325 ἄνδρας,
586 5260 678 5311 καὶ
706 5258 821 5310 λύει
861 5261 958 5328 μὲν
1004 5261 1201 5324 αὐτοὺς
1236 5261 1344 5312 τῶν
1383 5262 1621 5330 δεσμῶν.
1653 5265 1748 5314 ἐκ·

158 5350 353 5403 σάλλει
387 5348 571 5401 δὲκαὶ
613 5352 739 5412 τοὺς
805 5352 972 5415 πόδας
1033 5353 1130 5405 τοῦ
1195 5352 1378 5418 ξύλου.
1437 5354 1750 5422 Θεραπείας

156 5443 426 5508 ἀξιώσας,
453 5443 546 5495 καὶ
575 5446 781 5515 τροφῆς
816 5447 1108 5514 μετασχεὶν
1155 5447 1581 5514 παρασκευάσας
1619 5447 1748 5515 παρ’

157 5533 288 5596 ὅλας
336 5535 482 5587 ὀκτὼ
542 5534 758 5606 ἡμέρας
818 5537 1036 5600 ἀσίτους
1091 5539 1192 5608 ἤδη
1246 5538 1748 5609 διαμεμενηκοτας,

160 5625 346 5678 πεσὼν
377 5625 647 5694 ἐλιπάρει,
675 5629 880 5697 Δέομαι
905 5629 1079 5697 ὑμῶν,
1115 5629 1312 5696 λέγων,
1345 5631 1560 5698 γνήσιοι
1585 5629 1749 5697 θερά·

163 5731 359 5775 ποντες
394 5714 490 5766 τοῦ
531 5715 791 5784 Χριστοῦ,
837 5717 974 5788 ὑπὲρ
1015 5717 1149 5785 ἐμοῦ
1185 5715 1274 5768 τον
1309 5716 1442 5770 Θεὸν
1475 5716 1750 5769 ἱκετεῦσαι

164 5807 264 5874 τῆς
295 5804 468 5871 αὐτῆς
504 5804 631 5873 ύμῖν
660 5807 894 5872 ἀξιῶσαι
948 5812 1039 5861 καὶ
1070 5810 1136 5876 μὲ
1170 5808 1387 5879 μερίδος
1418 5811 1514 5862 καὶ
1566 5809 1752 5863 δοῦναι

168 5916 259 5966 μοι
292 5895 589 5968 καρτερίαν
642 5900 775 5969 πρὸς
805 5901 872 5953 τὰ
901 5902 1067 5954 δεινά.
1113 5901 1306 5965 Δοῦλος
1363 5903 1470 5973 γάρ
1514 5903 1632 5972 εἰμι
1663 5905 1756 5956 καὶ

1848 5178 2014 5221 noctu
2051 5164 2116 5217 ad
2173 5177 2270 5216 eos
2326 5161 2650 5232 ingreditur,
2691 5166 2746 5214 et
2803 5173 2898 5213 eos
2934 5155 3153 5224 quidem
3201 5152 3360 5207 solvit
3404 5167 3434 5206 e

1849 5256 2102 5316 vinculis.
2164 5255 2330 5325 pedes
2369 5262 2552 5306 autem
2614 5267 2644 5305 e
2677 5251 2834 5318 cippo
2891 5255 3132 5300 amovet.
3187 5244 3435 5312 Cumque.

1851 5363 1946 5402 eos
1971 5355 2243 5407 curasset,
2275 5355 2327 5398 et
2362 5353 2424 5397 ut
2466 5345 2646 5398 cibum
2703 5347 2985 5396 sumerent
3020 5337 3309 5400 eﬂecisscl,
3341 5336 3432 5403 qui

1853 5449 1999 5494 totos
2025 5449 2148 5493 octo
2201 5438 2319 5490 dies
2350 5436 2461 5505 jam
2512 5433 2685 5504 jejuni
2759 5439 3092 5492 manserant,
3145 5427 3436 5498 procidens

1853 5534 2030 5596 humi,
2065 5530 2384 5586 obsecrabat
2419 5547 2432 5581 :
2480 5527 2631 5596 Rogo
2672 5540 2789 5588 vos,
2843 5525 3057 5587 diteus,
3100 5522 3337 5592 germani
3373 5533 3437 5575 ac

1854 5622 2052 5680 sinceri
2096 5622 2300 5677 Christi
2328 5618 2536 5681 famuli,
2571 5616 2680 5671 Deo
2710 5630 2807 5685 pro
2859 5630 2946 5668 me
2994 5613 3326 5682 supplicate,
3380 5621 3436 5662 ut

1856 5732 1942 5770 me
1976 5729 2196 5786 quoque
2227 5712 2439 5775 eadem,
2466 5726 2570 5780 qua
2609 5723 2724 5771 vos,
2761 5717 2912 5774 parte
2959 5705 3231 5775 dignetur,
3264 5710 3318 5756 et
3345 5701 3443 5754 ad-

1857 5825 2049 5863 versus
2082 5808 2220 5862 mala
2253 5816 2308 5860 et
2339 5819 2530 5875 aspera
2575 5802 2668 5856 det
2701 5799 2834 5854 mihi
2880 5795 3273 5851 fortitudinem.
3303 5792 3436 5848 Nam

1869 5919 1967 5973 ego
2024 5915 2239 5971 quoque
2285 5911 2404 5952 sum
2440 5911 2631 5954 servus
2691 5891 2912 5957 Christi,
2963 5898 3016 5944 et
3052 5890 3170 5958 ejus
3225 5893 3452 5942 sancto-
