4136 6464
720 395 857 456 1143

718 529 838 567 rum
877 531 888 566 ἶ

720 605 924 659 servitia
974 620 1062 660 me
1113 607 1378 661 volentem
1437 607 1654 676 prodire
1728 607 1778 659 in
1832 605 2068 659 medium
2133 603 2300 658 abdu-

719 707 871 760 cunt,
905 705 959 751 et
1007 699 1253 752 timorem
1314 700 1600 754 incutiunt.
1659 699 1819 755 Orate
1867 714 1994 769 ergo
2049 711 2144 766 pro
2178 713 2296 761 me,

721 791 894 848 sancti
933 800 1221 862 martyres,
1252 801 1426 845 orate.
1467 792 1573 845 Vos
1615 792 1759 845 enim
1811 807 1931 845 cras
1985 792 2036 843 in
2072 788 2298 842 Domino

721 882 1256 935 consummabimini.
1297 881 1376 935 Ad
1425 881 1538 934 ha-c
1571 883 1739 935 sancti
1781 899 1792 934 :
1839 879 2027 945 Nemo,
2058 881 2228 940 aiunt,
2267 895 2299 931 o

723 975 891 1027 frater
944 973 1104 1036 Vare,
1149 981 1329 1039 potest
1382 982 1584 1027 metere
1642 974 1692 1026 in
1754 973 2135 1032 exsultatione,
2195 969 2296 1024 nisi

722 1067 873 1135 prius
905 1066 959 1118 in
994 1065 1245 1135 lacrymis
1291 1067 1500 1119 semina
1556 1065 1835 1134 dejecerit,
1880 1074 1933 1117 et
1997 1065 2086 1132 qui
2121 1064 2173 1116 in
2222 1063 2299 1117 eis

726 1156 1051 1227 spargendis
1076 1157 1480 1225 suscipiuntur,
1514 1156 1732 1209 labores
1762 1155 2106 1209 sustinuerit.
2135 1155 2298 1209 Simi-

723 1247 849 1302 liter
904 1258 1089 1301 autem
1144 1247 1348 1301 athleta
1408 1262 1625 1316 quoque
1681 1261 1786 1299 non
1839 1254 2149 1310 coronatur,
2194 1245 2294 1298 nisi

725 1339 885 1407 prius
917 1338 1157 1410 legitime
1194 1340 1507 1394 certaverit.
1565 1339 1811 1409 Agedum
1857 1355 2004 1408 ergo,
2038 1354 2070 1392 o
2110 1338 2294 1402 frater,

723 1431 800 1486 sis
844 1431 1002 1485 nobis
1037 1446 1224 1485 comes
1251 1431 1479 1496 itineris,
1510 1440 1564 1485 et
1593 1430 1869 1501 perfectus
1897 1429 2049 1481 miles
2075 1427 2295 1482 Chrisri.

723 1522 1004 1577 "abemus
1033 1523 1179 1577 enim
1208 1524 1355 1576 illum
1404 1523 1607 1594 ipsum,
1658 1539 1757 1592 pro
1791 1537 1898 1591 quo
1947 1521 2293 1590 suscipimus,

725 1629 828 1669 nos
882 1614 1119 1684 benigne
1159 1631 1189 1670 e
1249 1616 1464 1686 superis
1498 1615 1904 1680 defendentem,
1965 1621 2020 1668 et
2066 1613 2299 1667 latenter

726 1706 887 1760 nobis
919 1723 1177 1778 magnum
1224 1709 1559 1777 praebentem
1605 1707 1891 1762 auxilium.
1941 1705 2157 1758 Sanctis
2186 1703 2300 1756 haec

725 1799 1059 1864 dicentibus,
1101 1801 1326 1854 veniunt
1358 1801 1579 1870 quidam
1612 1801 1835 1862 milites,
1861 1797 2060 1865 quibus
2086 1795 2296 1864 iussum

2006 395 2286 454 MENSIS
2329 391 2695 452 OCTOBER.

941 514 1037 571 sed
1067 515 1212 567 varia
1270 523 1322 568 et
1372 516 1564 569 acerba
1637 513 1905 584 supplicia
1963 523 2016 567 et
2061 512 2301 578 iudicum

2427 510 2567 572 ιὺτος
2620 505 2857 578 Χριστοῦ
2913 503 3006 557 καὶ
3049 502 3154 554 τᾶν
3191 498 3351 552 αὑτοῦ
3407 494 3761 565 ἁγίωνοάλλὰ
3821 511 3893 558 με
3940 493 3997 543 τὸ

3855 371 3994 439 1144

2408 601 2652 653 ποικίλον
2696 599 2792 651 καὶ
2849 594 3120 664 αὐστηρὸν
3175 593 3283 644 τῶν
3343 589 3640 648 κολάσεων,
3669 588 3766 640 καὶ
3799 586 3860 638 τδ
3890 584 3996 636 τῶν

2406 694 2682 748 δικαστῶν
2714 690 2940 759 ἀπηνὲς,
2967 689 3042 749 εἰς
3088 687 3249 756 μέσον
3282 684 3506 749 ἀγαγεῖν
3540 678 3780 748 ἐμαυτὸν
3812 675 4001 744 βουλέ-

2411 805 2593 857 μενον,
2649 785 2851 850 ἀπάγει
2897 782 2989 832 καὶ
3018 778 3219 832 δειλίαν
3273 773 3566 840 ἐντίθησιν,
3595 768 3834 834 εὖξασθε
3889 781 3995 818 τοιὸ

2407 878 2610 949 γαροῦν
2635 876 2770 944 ὑπὲρ
2794 872 2946 940 ἐμοῦ,
2970 871 3110 938 ἅγιοι
3138 871 3430 939 μάρτυρες.
3472 863 3727 929 εῦΞασθε.
3751 860 3869 930 Τὴν
3906 860 3996 910 αἱ·

2411 988 2521 1039 ριον
2578 969 2686 1036 γάρ
2737 969 2890 1036 ὑμεῖς
2918 967 2974 1016 ὲν
3006 961 3194 1030 Κυρίῳ
3241 956 3571 1012 τελειοῦσθε.
3619 953 3769 1022 Πρὸς
3823 949 3997 1005 ταῦτα

2406 1068 2454 1119 οἱ
2509 1065 2675 1130 ἅγιοι,
2721 1059 2933 1122 Οὐδεὶς,
2967 1055 3186 1121 ἁδελφὲ,
3216 1053 3402 1121 φασὶν,
3431 1047 3634 1118 Οὔαρε,
3675 1045 3922 1114 θερίζειν
3948 1049 3999 1094 ἐν

2407 1153 2724 1222 ἀγαλλιάσει
2796 1146 3108 1210 δύναται,εί
3149 1143 3225 1214 μὴ
3273 1140 3541 1210 χειμῶνος
3605 1135 3886 1207 πρότερον
3935 1138 3996 1184 τὰ

2409 1245 2704 1314 σπέρματα
2732 1239 3013 1307 καταϐάλῃ
3045 1239 3138 1290 καὶ
3182 1237 3289 1286 τῶν
3339 1231 3427 1285 ἐπ’
3462 1231 3645 1290 αὑτοῖς
3694 1227 4002 1292 ἀνάσχηται

2404 1313 3033 1403 πόνων.ῐ1αραπλησίως
3068 1328 3126 1380 δὲ
3171 1327 3266 1378 καὶ
3316 1323 3554 1392 ἀθλητὴς
3588 1321 3648 1372 οὑ
3693 1313 3998 1384 στεφανοῦ--

2406 1446 2518 1491 ται,
2549 1429 2596 1478 εί
2635 1426 2708 1494 μὴ
2738 1425 2998 1492 πρότερον
3022 1419 3271 1488 νομίμως
3318 1415 3569 1484 ἀθλήσει.
3597 1412 3774 1480 Δεῦρο
3805 1411 3872 1478 δὴ
3899 1405 4008 1467 οὖν,

2405 1513 2623 1582 ἁδελφὲ,
2659 1511 2872 1573 σύνοδος
2914 1510 3046 1578 ἡμῖν
3079 1505 3261 1575 γενοῦ,
3289 1507 3383 1556 καὶ
3417 1501 3620 1562 τέλειος
3665 1500 4005 1565 στρατιώτης

2407 1605 2666 1674 Χριστοῦ.
2695 1604 2931 1672 Ἐχομεν
2949 1600 3057 1671 γὰρ
3083 1598 3246 1651 αὑτὸν
3273 1598 3502 1656 ἐκεῖνον,
3533 1591 3677 1660 ὑπὲρ
3711 1584 3776 1641 οὗ
3798 1590 3895 1651 τὰς
3922 1605 4003 1637 κο-

2414 1698 2601 1759 λάσεις
2662 1693 3056 1764 ἀναδεχόμεθα,
3121 1686 3520 1758 φιλανθρώπως
3579 1682 3742 1752 ἡμῶν
3806 1678 4005 1732 ἀνωθεν

2418 1785 2980 1855 ἀντιλαμϐανόμενον,
3027 1786 3121 1834 καὶ
3183 1769 3383 1849 πολλὴν
3419 1775 3641 1845 ἀφανῶς
3692 1772 4003 1842 παρέχοντα

732 1893 932 1954 fuerat,
968 1902 1025 1946 ut
1060 1907 1156 1946 eos
1187 1892 1527 1948 deducerent
1581 1893 1646 1945 ad
1695 1863 2001 1960 praesidem.
2051 1863 2153 1956 Qui
2187 1905 2309 1943 cum

2427 1878 2515 1947 τὴν
2552 1877 2825 1946 βοήθειαν.
2851 1873 3036 1926 Ταῦτα
3066 1871 3175 1924 τῶν
3201 1871 3371 1936 ἁγίων
3396 1868 3726 1931 διεςιόντων,
3759 1863 4007 1930 ἐφίσταν-

729 1983 1086 2051 aspexissent
1141 1985 1362 2038 beatum
1419 1983 1621 2036 Varum
1686 1983 1958 2052 jacentem
2009 1983 2074 2035 ad
2149 1980 2312 2049 pedes

731 2090 1054 2150 martyrum,
1085 2090 1139 2132 et
1168 2094 1311 2134 novo
1341 2080 1656 2150 spectaculo
1701 2089 1889 2134 essent
1920 2077 2086 2132 veluti
2124 2076 2323 2130 obstna

731 2173 954 2244 peracti,
997 2173 1119 2227 ideo
1165 2173 1430 2244 benignis,
1482 2182 1539 2227 ut
1584 2173 1685 2226 sibi
1733 2172 2077 2234 videbantur,
2131 2169 2313 2223 verbis

731 2280 855 2320 cum
885 2281 950 2318 eo
982 2274 1203 2334 agentes
1234 2281 1247 2317 :
1284 2264 1518 2327 Insanis,
1549 2265 1596 2316 ei
1637 2263 1849 2326 dicunt,
1885 2279 1916 2315 ο
1955 2262 2155 2317 homo?
2195 2261 2312 2314 Non

734 2357 895 2410 times
934 2354 1160 2409 omnino
1190 2370 1277 2418 ne,
1316 2355 1357 2408 si
1393 2353 1506 2409 ha-c
1562 2369 1650 2408 res
1679 2363 1803 2406 nota
1857 2351 2023 2406 fuerit
2072 2351 2315 2420 prtesidi,

733 2463 856 2502 cum
891 2449 1112 2501 militari
1138 2449 1401 2519 dignitate
1435 2448 1595 2502 vitam
1624 2463 1839 2516 quoque
1869 2446 2030 2500 simul
2055 2446 2315 2501 amittas?

735 2541 817 2594 Ad
855 2557 994 2609 quos
1024 2541 1218 2594 beatus
1249 2540 1424 2593 Varus
1465 2558 1476 2594 :
1528 2540 1771 2603 Utinam,
1824 2539 2017 2607 inquit,
2069 2538 2316 2592 inveniar

736 2633 1014 2702 perfectus
1041 2632 1405 2696 Christianus,
1451 2643 1501 2686 et
1559 2632 1718 2686 liccat
1755 2631 1885 2686 mihi
1939 2646 2058 2685 esse
2119 2632 2314 2684 hormn

737 2735 1054 2779 sanctorum
1098 2725 1307 2780 socium
1338 2726 1679 2783 certaminis.
1719 2733 1774 2778 et
1822 2724 1875 2777 in
1911 2723 2114 2777 eisdem
2163 2723 2317 2776 habi-

740 2825 855 2870 tare
909 2815 1300 2868 tabernaculis.
1348 2815 1650 2870 Persuadet
1711 2824 1889 2868 autem
1946 2817 2206 2878 amicitia,
2259 2825 2318 2869 ut

737 2922 840 2977 ego
871 2907 1028 2962 vobis
1055 2908 1236 2972 fidam,
1264 2915 1318 2962 et
1363 2923 1577 2967 eorum,
1635 2907 1723 2974 qui
1766 2907 1854 2960 hic
1908 2907 2162 2960 dicuntur
2224 2916 2316 2961 aut

738 2998 896 3063 fiunt,
931 2998 1068 3054 nihil
1102 2999 1328 3053 habeant
1363 3011 1696 3069 suspectum.

822 3178 917 3233 lll.
955 3177 1052 3234 His
1109 3178 1190 3233 sic
1247 3179 1426 3243 dictis,
1470 3179 1670 3233 milites
1731 3187 1972 3240 sanctos,
2004 3178 2096 3248 qui
2163 3185 2320 3231 erant

2416 1974 2506 2027 ταί
2538 1989 2683 2035 τινες
2713 1971 2821 2024 τῶν
2851 1969 2949 2040 τῆς
2981 1967 3210 2032 τάξεως,
3254 1967 3480 2032 ἀγαγεῖν
3524 1962 3728 2024 αὑτοὺς
3767 1961 4005 2031 προστα-

2416 2066 2603 2134 γέντες
2632 2065 2781 2135 παρὰ
2799 2064 2886 2115 τὸν
2912 2062 3170 2132 ἄρχοντα.
3193 2058 3258 2114 Οἳ
3281 2057 3394 2120 καὶ,
3430 2055 3523 2108 τον
3558 2055 3839 2124 μακάριον
3874 2050 4008 2103 05a-

2423 2175 2513 2231 ρον
2548 2156 2874 2225 θεασάμενοι
2900 2155 3035 2224 πρὸς
3066 2155 3179 2215 τοῖς
3211 2151 3341 2202 ’ττοσλ⁸
3375 2148 3628 2218 κείμενον
3657 2147 3771 2197 τῶν
3803 2144 4008 2213 μαρτύο

2422 2270 2550 2323 ρων,
2574 2252 2668 2304 καὶ
2715 2249 2878 2302 οἱονεὶ
2933 2245 3378 2312 καταπλαγέντες
3413 2241 3505 2294 ἐπὶ
3560 2238 3638 2306 τῷ
3691 2235 3874 2304 καινῷ
3918 2232 4008 2287 τοῦ

2420 2345 2714 2414 θεάματος,
2748 2342 2843 2396 καὶ
2867 2340 2957 2393 διὰ
2979 2340 3136 2393 τοῦτο
3160 2336 3569 2408 φιλανθρωπίας
3590 2334 3794 2401 λόγους
3825 2328 3906 2398 τῷ
3935 2327 4012 2378 δο-

2419 2441 2533 2491 κεῖν
2570 2436 2993 2506 προσφέροντες,
3029 2431 3235 2501 Μαίνη,
3275 2430 3493 2497 λέγουσι
3517 2426 3654 2497 πρὸς
3689 2424 3882 2488 αὑτὸν,
3923 2422 4008 2473 ἄν·

2421 2527 2639 2597 θρωπε;
2670 2527 2743 2580 Οὑ
2764 2527 3005 2584 δέδοικας
3029 2523 3163 2585 ὅλως
3192 2521 3286 2592 μὴ,
3310 2517 3652 2586 γνωσθέντος
3681 2513 4013 2584 τῷήγεμόνι

2419 2621 2513 2673 τοῦ
2545 2621 2899 2690 πράγματος,
2929 2617 3006 2677 τῷ
3041 2608 3422 2684 στρατιωτικῴ
3453 2606 3730 2676 ἀξιώματι
3776 2621 4011 2657 συναποο

2422 2713 2584 2784 λέσῃς
2619 2714 2715 2764 καὶ
2754 2713 2852 2780 τὴν
2886 2710 3059 2778 ζωήνς
3107 2705 3247 2774 [Ιρδς
3275 2703 3368 2766 οὓς
3397 2704 3424 2754 6
3460 2702 3760 2770 μακάριος,
3797 2696 4008 2749 Γένοιτό

2425 2824 2514 2877 μοι
2579 2803 2922 2875 Χριστιανὸν,
2966 2802 3091 2870 ἔφη,
3134 2800 3335 2852 τέλειον
3395 2795 3708 2866 εὑρεθῆναι,
3759 2791 3858 2842 καὶ
3912 2791 4014 2848 τοῖς

2428 2899 2604 2967 ἁγίοις
2636 2897 2844 2958 τούτοις
2875 2893 3132 2948 σύναθλόν
3159 2909 3219 2943 τε
3239 2892 3331 2942 καὶ
3358 2888 3651 2954 σύσκηνον.
3680 2881 3873 2935 Πείθει
3905 2880 4008 2948 γάρ

2427 3010 2490 3061 με
2519 2990 2742 3059 θαρρεῖν
2771 2990 2907 3058 πρὸς
2940 2988 3082 3055 ὑμᾶς
3108 2982 3334 3052 ἡφιλία,
3357 2980 3452 3032 καὶ
3478 2978 3632 3030 οὐδὲν
3655 2976 3769 3029 τῶν
3789 2971 4015 3026 ἐνταῦθα

2422 3083 2787 3153 λεγομένωνῆ
2830 3079 3221 3151 πραττομένων
3261 3072 3612 3127 ὑποπτεύειν.

2495 3172 2568 3225 Γ’.
2596 3174 2815 3224 Τούτων
2860 3168 3010 3223 οὔτω
3043 3165 3348 3236 λεχθέντων
3396 3163 3445 3214 οί
3495 3157 3844 3228 στρατιῶται
3901 3155 4019 3216 τοὺς

741 3287 838 3325 sex
882 3283 1114 3325 numero
1169 3276 1348 3337 (erant
1385 3273 1529 3324 enim
1563 3260 1777 3325 omnes.
1807 3271 2025 3339 quidem
2090 3281 2318 3340 septem,

2428 3266 2614 3336 ἁγίους
2656 3265 2716 3328 ἓξ
2748 3265 2904 3325 ὄντας
2937 3265 3028 3314 τὸν
3059 3257 3294 3328 ἀριθμὸν
3335 3257 3380 3324 (ὲ
3397 3254 3496 3306 ιττᾶ
3539 3253 3638 3320 μὲν
3666 3251 3780 3317 γὰρ
3811 3250 3863 3300 οἱ
3897 3250 4018 3300 πάν-

741 3364 839 3419 sed
870 3379 1014 3419 unus
1049 3364 1160 3434 jam
1213 3373 1459 3418 mortuus
1513 3362 1691 3417 fuerat
1743 3363 1796 3416 in
1840 3363 2172 3431 solitudine),
2232 3378 2321 3417 ca—

743 3458 865 3512 tena
923 3457 1137 3511 vinctos
1189 3457 1537 3510 adduxerunt
1593 3456 1661 3509 ad
1711 3457 2024 3525 praesidem.
2070 3457 2180 3508 ~llle
2229 3471 2327 3508 an-

747 3553 855 3603 tem
897 3549 1124 3604 sedebat
1155 3548 1211 3603 in
1237 3549 1454 3604 excelso
1498 3547 1780 3610 tribunali,
1830 3555 1884 3600 et
1915 3562 2038 3601 eum
2094 3547 2298 3600 circum

745 3641 970 3695 sistebat
1005 3641 1298 3695 multitudo
1339 3642 1594 3700 militum,
1622 3641 1713 3707 qui
1761 3641 1985 3695 omnino
2016 3640 2328 3708 pendebant

742 3750 774 3786 a
831 3732 1016 3787 verbis
1070 3732 1216 3787 illius
1251 3741 1304 3786 et
1354 3740 1513 3785 nutu.
1571 3731 1705 3783 Cum
1761 3746 1889 3801 ergo
1932 3731 2187 3800 iussisset
2233 3745 2328 3785 eos

746 3834 946 3880 exutos
991 3826 1292 3886 introduci,
1328 3825 1510 3878 statim
1563 3824 1782 3892 quidem
1833 3824 2042 3892 rogavit
2096 3823 2330 3888 :Qnod-

750 3934 876 3972 nam
913 3927 999 3972 est
1030 3918 1189 3971 vobis
1213 3931 1384 3986 genus
1418 3925 1471 3969 et
1513 3931 1761 3984 quaenam
1796 3915 2058 3979 conditio,
2081 3932 2327 3984 quamam

746 4018 928 4065 autem
968 4019 1150 4065 vestra
1186 4007 1450 4062 nomina?
1484 4006 1549 4061 Et
1604 4022 1927 4078 responsum
1980 4023 2104 4061 mox
2155 4008 2222 4060 ab
2253 4007 2332 4062 eis

747 4103 1016 4173 exigebat.
1076 4102 1477 4170 Praepotentem
1527 4099 1672 4153 enim
1725 4099 1879 4154 vobis
1928 4100 2076 4166 jnro,
2129 4100 2327 4160 aiebat,

751 4198 980 4251 deorum
1043 4197 1307 4250 virtutem
1358 4209 1419 4247 ac
1472 4191 1761 4262 justitiam,
1790 4193 1933 4260 quod
1994 4208 2092 4246 vos
2155 4193 2332 4246 adhuc

754 4287 1079 4357 superstites
1135 4301 1406 4356 apponam
1458 4284 1590 4338 feris
1639 4285 1882 4337 edendos
1964 4294 2020 4339 et
2089 4284 2329 4336 canibus.

751 4381 934 4438 Sancti
969 4391 1149 4434 autem
1183 4393 1360 4444 neque
1378 4376 1572 4431 fastum
1594 4382 1757 4430 tanta:
1775 4372 2139 4435 auctoritatis,
2159 4387 2335 4440 neque

756 4473 1049 4526 verborum
1113 4469 1380 4524 saevitiam
1453 4469 1897 4531 extimescentes,
1947 4463 2133 4528 Nobis,
2187 4465 2334 4518 dice-

2427 3379 2516 3423 τες
2545 3355 2707 3429 ἦσαν,
2752 3355 2954 3425 ἔφθασε
2989 3354 3042 3407 δὲ
3075 3355 3102 3404 6
3150 3347 3230 3414 εἷς
3265 3349 3407 3403 κατὰ
3445 3348 3545 3415 τὴν
3593 3344 3808 3413 ἔρημον
3843 3341 4020 3392 τελευ-

2426 3451 2636 3519 τῆσαι),
2659 3448 2973 3512 δεδεμένους
3001 3442 3211 3502 ἁλύσει,
3243 3440 3321 3504 τῷ
3361 3437 3590 3506 ἡγεμόνι
3621 3433 3931 3502 προσῆγον.
3967 3430 4018 3482 Ὀ

2427 3544 2484 3597 δὲ
2513 3542 2598 3610 ἐφ’
2621 3539 2823 3610 ὑψηλοῦ
2856 3539 2954 3606 μὲν
2996 3534 3239 3603 καθῆστο
3266 3529 3360 3583 τοῦ
3392 3528 3659 3598 βήματος,
3699 3524 4015 3594 περιειστήο

2431 3635 2595 3688 me:
2620 3635 2782 3686 αὑτὸν
2811 3631 3011 3700 πλῆθος
3037 3623 3406 3697 στρατιωτῶν,
3446 3621 3555 3674 τῶν
3589 3619 3812 3673 ἐκείνου
3851 3616 4017 3682 λόγων

2431 3730 2524 3781 καὶ
2558 3727 2650 3780 τοῦ
2688 3725 2955 3794 νεύματος
2991 3721 3129 3783 ὅλως
3183 3714 3569 3788 ἐξηρτημένοι.
3609 3713 3898 3771 Κελεύσας
3929 3707 4016 3760 οῦν

2433 3821 2794 3879 ἁποδυθέντας
2821 3813 3137 3881 εἰσάγεσθαι
3163 3812 3285 3871 τοὺς
3319 3808 3525 3874 ἁγίους,
3563 3804 3750 3864 εὐθὺς,
3781 3797 3900 3854 Οἷοι
3925 3803 4018 3868 μὲν

2434 3914 2648 3980 γένους,
2678 3908 2884 3978 ἠρώτα,
2906 3905 3018 3965 οἵας
3052 3903 3108 3954 δὲ
3141 3900 3306 3971 τύχης
3335 3898 3454 3951 me
3477 3915 3495 3964 ;
3515 3896 3638 3949 τίνα
3669 3895 3726 3946 δὲ
3753 3891 3909 3960 ὑμῶν
3954 3893 4016 3942 τὰ

2435 4007 2708 4071 meum;
2738 4004 2845 4055 Καὶ
2876 3999 2974 4067 τὴν
3013 3997 3306 4066 ἀπόκρισιν
3347 3993 3420 4054 ὼς
3444 3992 3606 4059 τάχο;
3637 3987 3864 4057 ἀπῄτει.
3910 3983 4016 4050 Τὴν

2438 4099 2629 4167 ἔφορον
2663 4094 2770 4162 γὰρ
2806 4092 2935 4160 ὑμῖν
2957 4090 3186 4158 ὄμνυμι,
3215 4086 3370 4154 φησὶ,
3404 4082 3558 4148 δίκην
3585 4079 3797 4147 καὶτὴν
3843 4078 4014 4167 μεγαο

2434 4163 2664 4256 ληνντῶν
2695 4183 2834 4235 θεῶν
2887 4181 3140 4250 δύναμιν,
3173 4177 3244 4243 ὡς
3277 4177 3356 4227 ἔτι
3391 4171 3683 4243 περιόντας
3724 4170 3873 4235 ὑμᾶς
3924 4163 4015 4236 θἠο

2439 4279 2576 4348 piat;
2628 4277 2721 4327 καὶ
2760 4274 2887 4327 κυσὶ
2935 4269 3100 4341 βορὰν
3164 4264 3577 4333 παραθήσομαι.
3621 4263 3686 4314 Oi.
3720 4263 3779 4314 δὲ
3836 4261 4003 4327 ἅγιοι,

2443 4366 2604 4437 μηδὲν
2647 4365 2780 4434 μήτε
2833 4363 2968 4430 προς
3006 4360 3066 4411 τὸ
3107 4357 3338 4427 σοϐαρὸν
3394 4353 3489 4407 τοῦ
3543 4354 3856 4423 σχήματος.
3882 4353 4014 4419 μήτε

2443 4461 2575 4530 πρὸς
2596 4459 2690 4527 τὴν
2707 4456 2971 4525 ἀπήνειαν
2984 4449 3090 4503 τῶν
3109 4450 3282 4515 λόγων
3310 4443 3728 4503 ὑποσταλέντες.
3763 4440 3827 4492 ἸΙ
3840 4443 3954 4510 μῖν,
3977 4442 4015 4491 ὼ

758 4568 908 4625 bant,
961 4580 993 4618 o
1027 4562 1212 4632 iudex,
1255 4562 1403 4615 nulla
1453 4559 1626 4632 patria
1676 4570 1760 4615 est
1805 4559 1859 4613 in
1915 4571 2081 4614 terra.
2133 4557 2320 4612 Summ

2440 4549 2686 4613 δικαστά,
2728 4553 2902 4610 εἷπον,
2937 4546 3132 4610 πατρὶς
3157 4543 3245 4592 ἐπὶ
3275 4543 3387 4607 ’γῆς
3432 4535 3551 4588 οὐδε
3585 4532 3699 4604 μία*
3737 4533 3886 4597 ξένοι
3923 4533 4019 4600 γάρ

757 4659 901 4711 enim
937 4671 1128 4710 revera
1162 4653 1405 4721 hospites
1445 4663 1502 4706 et
1552 4651 1798 4705 advenre.
1847 4649 1980 4702 Nam
2013 4648 2338 4702 Christianis

763 4766 885 4804 vera
924 4749 1098 4818 patria
1123 4754 1178 4799 et
1207 4744 1400 4800 civitas
1425 4743 1476 4796 in
1512 4741 1665 4797 caelis
1711 4749 1794 4796 est
1839 4739 2126 4793 aediﬁcata.
2166 4735 2339 4790 Crede

761 4839 919 4894 nobis
957 4840 1072 4891 tunc
1135 4835 1207 4888 ita
1254 4849 1312 4888 se
1363 4835 1611 4888 habere:
1646 4833 1824 4886 minas
1877 4839 2058 4886 autem
2097 4841 2215 4883 tuas
2250 4843 2340 4896 pa-

761 4949 876 4986 rum
909 4944 1217 4986 curamus:
1267 4928 1377 4980 imo
1408 4942 1537 4980 vero
1591 4935 1846 4992 optamus
1907 4936 1964 4977 ut
2021 4922 2182 4976 mina:
2239 4932 2340 4974 tua:

761 5042 870 5081 non
902 5041 959 5080 se
996 5039 1168 5093 usque
1209 5025 1277 5077 ad
1315 5023 1476 5076 verba
1514 5019 1690 5075 solum
1747 5017 1968 5081 sistant,
2003 5018 2096 5070 sed
2147 5014 2212 5068 ad
2265 5013 2340 5066 ef-

763 5119 965 5176 fectum
999 5117 1162 5172 etiam
1199 5113 1563 5168 deducantur.
1629 5110 1721 5165 Sic
1772 5111 1916 5164 enim
1962 5107 2070 5162 erit
2116 5106 2342 5160 manife-

763 5222 912 5267 stum
965 5223 1211 5262 nostrum
1240 5205 1293 5259 in
1351 5203 1636 5258 Christum
1679 5200 2011 5256 desiderium
2063 5215 2077 5250 :
2128 5208 2181 5251 et
2224 5197 2341 5264 ipse

768 5304 909 5359 scies
949 5300 1193 5358 omnino,
1228 5298 1389 5366 quale
1419 5295 1678 5350 auxilium
1712 5297 1779 5348 ab
1818 5293 1932 5360 ipso
1963 5304 2338 5358 assequamur.

768 5398 906 5452 Cum
942 5393 1116 5447 sancti
1151 5393 1264 5445 haec
1295 5390 1585 5450 dixissent,
1635 5397 1896 5455 tyrannus
1948 5399 2248 5438 conversus
2277 5381 2340 5435 ad

768 5502 1093 5546 assessores,
1139 5485 1329 5547 Video,
1380 5484 1572 5550 inquit,
1608 5482 1703 5535 hos
1761 5478 2005 5533 infelices
2053 5493 2220 5530 unum
2285 5485 2342 5528 et

772 5586 918 5638 idem
972 5591 1229 5659 tanquam
1291 5593 1355 5630 ex
1407 5589 1678 5630 consensu
1746 5570 2018 5625 meditari.
2080 5567 2344 5623 Parentur

771 5691 906 5748 ergo
962 5672 1193 5743 ﬂagella,
1256 5679 1312 5722 et
1373 5685 1470 5723 eos
1534 5668 1701 5737 plagae
1768 5667 1986 5719 abunde
2048 5664 2341 5731 excipiant.

771 5772 912 5823 Cum
941 5775 1120 5818 autem
1154 5763 1311 5817 valde
1337 5761 1554 5829 quidem
1591 5761 2034 5820 verberarentur,
2075 5756 2208 5809 nihil
2246 5771 2344 5806 au-

775 5876 888 5920 tem
924 5857 1337 5926 responderent,
1389 5853 1554 5923 judcx
1605 5853 1786 5908 intulit
1836 5847 2342 5913 interrogationem,

2441 4645 2599 4717 ἡμεῖς
2626 4643 2777 4703 ὄντες
2809 4641 2905 4692 καὶ
2936 4634 3328 4704 παρεπίδημοι.
3361 4632 3562 4699 Πατρὶς
3598 4627 3712 4698 γὰρ
3759 4628 4020 4694 Χριστιαο

2443 4740 2549 4796 τοῖς
2607 4730 2814 4799 ἀληθὴς
2866 4729 2963 4782 καὶ
3019 4727 3172 4785 πόλις
3221 4727 3276 4775 ὲν
3327 4721 3574 4792 οὐρανοῖς
3649 4717 4018 4787 ᾠκοδόμηται.

2445 4825 2627 4879 Ταῦτα
2661 4823 2883 4876 πίστευε
2912 4821 3043 4890 ἡμῖν
3075 4817 3248 4879 οὕτως
3285 4814 3446 4885 ἔχειν.
3470 4811 3590 4865 Τῶν
3616 4810 3675 4864 δὲ
3712 4811 3826 4862 σῶν
3867 4812 4016 4861 άπει-

2444 4920 2550 4974 λῶν
2579 4917 2733 4986 ὀλίγη
2779 4913 3018 4984 φροντίςο
3051 4909 3254 4977 μᾶλλον
3293 4908 3349 4960 δὲ
3382 4906 3476 4959 καὶ
3505 4903 3571 4956 δι’
3594 4903 3765 4972 εὑχῆς
3803 4905 3869 4955 τὸ
3895 4903 4020 4970 πρᾶ-

2445 5029 2561 5080 γμα
2602 5007 2901 5076 ποιούμεθα
2961 5004 3033 5072 μὴ
3091 5007 3253 5071 μέχρι
3308 4997 3482 5063 λόγων
3545 4993 3738 5061 ττῆναί
3788 5011 3874 5046 σοι
3929 4994 4016 5058 τὴν

2446 5103 2696 5169 ἀπειλὴν,
2726 5097 2858 5151 ἀλλὰ
2882 5098 2978 5149 καὶ
3011 5097 3088 5155 είς
3121 5094 3282 5160 ἔργον
3328 5087 3581 5155 ἐκϐῆναι.
3611 5085 3774 5137 Οῦτω
3797 5087 3910 5153 γὰρ
3937 5083 4019 5134 καὶ

2447 5199 2578 5263 ἡμῖν
2610 5195 2637 5247 6
2669 5191 2829 5252 πόθος
2865 5192 2894 5242 6
2924 5187 3056 5255 πρὸς
3085 5183 3322 5255 Χριστὸν
3349 5180 3503 5250 δῆλος
3531 5176 3688 5229 ἔσται
3741 5177 3839 5226 καὶ
3871 5175 4018 5232 αὑτὸς

2448 5291 2568 5357 εἴσῃ
2617 5286 2859 5344 πάντως,
2911 5279 3103 5340 ὁποίας
3151 5275 3283 5344 παρ’
3342 5270 3506 5325 αὑτοῦ
3561 5267 3915 5337 τυγχάνομεν
3935 5264 4020 5331 τῆς

2448 5355 2790 5445 ἐπικουρίας.
2817 5371 3055 5424 Τοιαῦτα
3097 5369 3205 5421 τῶν
3245 5364 3420 5431 ἁγίων
3452 5359 3864 5423 διεξελθόντων,
3891 5361 3919 5410 6
3942 5355 4021 5406 τύο

2450 5485 2640 5540 ραννος
2664 5465 2798 5535 πρὸς
2816 5465 2942 5525 τοὺς
2971 5460 3257 5529 συνέδρους
3281 5453 3665 5522 ἐπιστραφεὶς,
3690 5451 3867 5510 Μῑαν,
3902 5447 4015 5512 ἔφη,

2448 5564 2543 5616 καί
2583 5561 2679 5629 τὴν
2712 5557 2882 5625 αὐτὴν
2915 5558 3134 5625 ἔχοντας
3171 5550 3405 5620 μελέτην
3456 5547 3581 5608 τοὺς
3628 5541 4019 5610 κακοδαίμονας

2449 5655 2639 5722 ὥσπερ
2667 5653 2728 5703 ἐκ
2755 5645 3076 5717 συμςωνίας
3109 5642 3242 5713 ὁρῶ.
3283 5642 3562 5704 Μάστιγες
3592 5629 3688 5686 οὖν
3711 5634 3909 5696 αὐτοὺς
3939 5633 4017 5683 καὶ

2452 5746 2661 5816 πληγαὶ
2686 5741 2920 5808 δαψιλῶς
2953 5736 3378 5806 ἑκδεχέσθωσαν.
3407 5730 3493 5788 Ὠς
3524 5726 3579 5776 δὲ
3606 5725 3906 5777 ἐτύπτοντο
3936 5723 4018 5788 μὲν

2453 5814 2896 5909 σφοδριτ›ς,οὑδέν
2938 5831 2992 5884 δὲ
3037 5829 3411 5898 άπεκρίνοντο,
3445 5822 3471 5873 ό
3507 5819 3770 5885 δικαστὴς
3827 5814 4014 5879 ἰπῆγιν
