4136 6480
183 405 317 463 1145

1398 417 1861 483 MARTYRIUM
1908 426 1968 486 S.
2014 429 2215 492 VARI.

3303 450 3438 514 1146

185 511 474 582 ιρὼτησιν,
502 517 672 577 οὕτως
702 520 871 575 simini
893 539 906 553 °
967 523 1026 577 Ὀ
1057 525 1292 590 μάλιστά
1327 544 1383 594 γε
1426 527 1756 598 ζητούμενος

185 602 410 630 ιρι-μη.--
452 607 607 630 ,1....⁹..
653 610 747 630 κ-9
799 614 813 630 ι
992 615 1034 630 η-
1085 615 1097 630 ο
1268 621 1281 630 .
1333 620 1387 630 Α.
1613 623 1624 630 .
1680 623 1690 630 .

1871 538 2062 595 dicens
2098 563 2110 597 :
2147 546 2248 610 Qui
2286 551 2522 605 maxime
2557 555 2818 622 quatitur
2858 560 3117 627 septimus
3148 575 3212 614 ex
3263 567 3439 630 vobis,

182 602 410 674 ιϐδομος
452 607 607 676 ὑμῶν
648 610 750 663 ποῦ
796 614 942 679 lett;
992 615 1197 669 Τούτου
1255 620 1540 689 ῥηθέντος,
1567 623 1766 675 αὐτίκα

187 694 462 765 δρομαίως
495 699 588 752 τοῦ
621 701 778 771 ὄχλου
815 706 1138 776 ὲξορμηθεὶς
1165 710 1192 762 6
1223 714 1607 776 γενναιότατος
1625 713 1766 766 Οὔα-

190 803 304 855 ρος,
331 788 456 852 στὰς
500 793 553 842 ἐν
581 794 727 866 μέσῳ
755 795 899 863 λέγει
937 798 1013 867 τῷ
1033 801 1280 870 ἡγεμόνι·
1325 804 1558 866 Ἐκεῖνος
1583 807 1681 873 μὲν
1703 808 1765 860 ἐκ

187 881 383 937 πολλοῦ
414 886 504 938 τὸν
540 889 652 958 βίον
694 892 1050 964 μετήλλαξεν,
1071 898 1168 965 ἐμὲ
1199 897 1254 950 δὲ
1292 899 1628 970 κληρονόμον
1657 903 1764 954 τῶν

185 975 349 1028 αὐτοῦ
373 979 719 1050 ἐνεστήσατο.
742 985 806 1037 El’
832 1003 884 1038 τι
911 982 1003 1039 οὖν
1025 988 1217 1060 ἐκείνῳ
1241 991 1443 1060 χρέως,
1467 993 1765 1046 ἀποδώσων

187 1066 345 1130 αὐτὸς
398 1070 645 1140 πάρειμι.

263 1163 335 1216 Δ’.
360 1165 630 1219 Ἤκουσεν
655 1171 681 1220 ὀ
711 1170 952 1239 ἡγεμὼν,
972 1176 1064 1227 καὶ
1086 1175 1204 1240 ὅλος
1219 1180 1311 1232 τοῦ
1336 1178 1510 1247 θυμοῦ
1536 1181 1725 1248 γέγονε
1745 1199 1758 1212 ·

189 1252 305 1315 καὶ,
345 1253 439 1316 Τίς
469 1251 747 1322 οὖτος,καὶ
771 1264 912 1325 τίνος
939 1264 1256 1336 τάγματοςς
1291 1271 1322 1334 ἡ
1354 1269 1507 1336 τάξις
1532 1272 1758 1340 λεγέτω,

187 1343 344 1411 φησί.
374 1343 433 1396 '0
457 1345 535 1410 δὲ,
567 1349 858 1419 Τάγματος
884 1354 982 1421 μὲν
1002 1357 1092 1408 τοῦ
1123 1361 1184 1410 ὲκ
1210 1358 1457 1426 Τυάνων,
1494 1364 1762 1432 στρατιώ-

183 1450 283 1501 της
312 1434 368 1486 δὲ
397 1438 490 1490 καὶ
541 1440 646 1494 τῶν
689 1444 991 1512 ἐπιφανῶν,
1026 1451 1386 1518 ἁπεκρίνατο.
1432 1455 1542 1506 Καὶ
1577 1457 1603 1506 ὁ
1635 1457 1765 1527 ήγε-

185 1525 327 1593 μῶν,
369 1530 600 1600 πληγεὶς
645 1535 735 1588 ἐπὶ
766 1540 962 1611 τούτῳ,
996 1542 1090 1606 Τίς
1118 1562 1176 1597 σε
1201 1546 1431 1616 πονηρὸς
1452 1525 1764 1618 δαίμωνεείς

181 1615 450 1680 κίνδυνον,
488 1617 659 1687 εἶπεν,
684 1623 826 1678 οὕτω
852 1630 1021 1696 σαφῆ,
1049 1635 1274 1686 σεαυτίιν
1304 1635 1514 1703 ὼθῆσαι
1537 1639 1763 1705 πεποίη-

180 1721 297 1768 κεν,
322 1706 396 1770 ὡς
428 1710 521 1762 καὶ
559 1709 618 1762 τὸ
644 1712 740 1781 τῆς
795 1717 1103 1784 προσούσης
1141 1735 1224 1770 σοι
1272 1722 1553 1790 περιδόξου
1592 1741 1760 1785 στρα-

181 1796 332 1860 τείας
383 1799 621 1870 ἀξίωμα,
673 1804 741 1855 τὰ
776 1806 987 1860 ἐκεῖθέν
1018 1826 1077 1860 τε
1108 1811 1418 1880 σιτηρέσια,
1445 1814 1577 1884 παρ’
1601 1816 1756 1869 οὐδὲν

187 1886 513 1953 Θέσθαι,καὶ
559 1896 830 1960 τοσούτοις
880 1899 977 1968 τὴν
1030 1901 1164 1954 ίδίαν
1210 1904 1387 1976 ψυχὴν
1440 1909 1758 1976 περιὸαλείν

185 1978 478 2047 planet;
509 1983 618 2036 Καὶ
649 1986 675 2036 6
701 1989 994 2058 μακάριος,
1016 1992 1119 2044 Τὸν
1147 1995 1330 2063 ἄρτον,
1362 1994 1502 2065 εἷπε,
1550 2001 1643 2053 τὸν
1701 2003 1759 2066 ἐξ

181 2070 414 2141 ούρανοῦ
457 2075 736 2140 καθιόντα,
761 2083 851 2133 καὶ
880 2085 939 2138 τὸ
968 2085 1108 2138 θεῖον
1155 2092 1417 2159 ποτήριον
1449 2092 1541 2144 τοῦ
1572 2094 1757 2164 τιμίου

180 2165 415 2234 αῑματος
444 2168 680 2240 Χριστοῦ
715 2174 805 2224 τοῦ
837 2176 1041 2245 Κυρίου
1060 2197 1185 2246 μου,
1205 2183 1314 2234 τῶν
1334 2185 1442 2237 σῶν
1466 2189 1762 2258 προέκρινα

179 2258 361 2324 τιμῶν
411 2278 469 2313 τε
510 2263 603 2315 καὶ
646 2264 912 2332 ὀψωνίων,
971 2269 1128 2329 δόξαν
1184 2276 1269 2326 ἀεὶ
1335 2279 1604 2343 μένουσαν
1662 2281 1760 2348 τῆς

183 2347 434 2439 ῥεούσης,
468 2351 560 2403 καὶ
594 2352 740 2424 ζωὴν
766 2357 1001 2427 ἄληκτον
1049 2361 1299 2433 φθαρτῆς
1345 2370 1439 2420 καὶ
1500 2347 1762 2439 προσκαί-

183 2453 302 2505 ρου.
335 2435 470 2493 Εἶτα
497 2440 657 2512 δῆλος
680 2447 772 2499 ἐπὶ
802 2448 878 2518 τῷ
906 2451 1066 2505 πάθει
1123 2456 1414 2526 γενόμενος
1441 2461 1467 2511 6
1496 2435 1756 2526 δικάζων,

179 2531 502 2602 ἀποϐλέψας
550 2538 687 2607 πρὸς
729 2542 852 2604 τοὺς
900 2545 1088 2613 ἁγίους
1140 2550 1197 2600 ἐν
1249 2551 1428 2621 πολλῴ
1486 2554 1632 2625 σάλῳ
1666 2560 1759 2610 καὶ

181 2626 382 2716 πικρίᾳ
415 2629 593 2698 ψυχῆς
629 2631 772 2686 εἴπεο
819 2639 1046 2708 Μάρτυς
1079 2643 1108 2712 ἡ
1139 2644 1248 2696 τῶν
1302 2649 1575 2716 μεγίστων
1621 2651 1758 2705 θεῶν

180 2714 433 2786 δύναμις,
473 2722 619 2788 ὑμᾶς
674 2728 938 2798 πρότερον
982 2734 1038 2785 ἐν
1087 2739 1276 2799 κακοῖς
1305 2714 1608 2811 -άφέλωμανι
1661 2745 1760 2813 τὴν

182 2807 352 2878 ζωὴν,
378 2811 618 2867 τοιοῦτον
650 2817 747 2886 ἐμὲ
792 2820 1181 2890 ζημιώσαντας
1221 2835 1585 2905 στρατιώτήνο
1622 2839 1757 2905 ὑμέ-

176 2916 338 2969 τερον
370 2905 478 2975 γὰρ
511 2905 577 2959 ἂν
605 2910 690 2978 εἰή
729 2915 886 2967 τοῦτο
922 2919 1014 2971 καὶ
1040 2921 1138 2989 οὐχ
1188 2923 1401 2993 ἑτέρου.
1434 2927 1496 2978 Oi
1524 2929 1580 2979 δὲ
1613 2931 1757 3000 μάρ-

175 3011 340 3064 τυρες
374 2999 432 3049 ἐν
465 3003 656 3070 μηδενὶ
682 3006 807 3070 τοὺς
839 3009 1028 3075 λόγους
1062 3014 1228 3066 αὑτοῦ
1275 3019 1609 3087 ποιούμενοι,
1653 3024 1760 3076 Μι-

175 3089 331 3156 κρὸν,
356 3085 533 3159 εἷπον,
559 3097 876 3167 ἀνάμεινον,
895 3107 1146 3171 δικαστά,
1173 3109 1265 3161 καὶ
1283 3109 1349 3163 τὰ
1372 3111 1511 3165 ὅπλα
1533 3114 1630 3183 τῆς
1663 3116 1758 3169 νῦν

180 3186 493 3253 στρατείας,
526 3183 615 3242 οἷα
648 3197 1028 3264 κατανοήσεις.
1056 3201 1147 3269 Τῷ
1181 3205 1289 3273 γὰρ
1340 3207 1448 3260 τῶν
1504 3211 1754 3275 ἀγγέλων
1782 3209 1824 3265 C

173 3276 421 3345 τάγματι
459 3281 549 3332 τὸν
579 3282 747 3355 ἄνδρα
792 3293 1298 3364 προσενηνόχαμεν.
1327 3299 1528 3352 Τούτου
1556 3303 1752 3372 ρηθέν-

171 3386 288 3431 τος,
331 3373 358 3422 6
390 3373 491 3441 μὲν
524 3375 736 3432 πείθειν
768 3381 1043 3453 ἐπεχείρει
1080 3389 1204 3454 τοὺς
1249 3391 1438 3460 ἁγίους
1467 3396 1754 3453 συνθέσθαι

173 3467 240 3558 τῆ
273 3465 527 3558 ἀσεϐείᾳ,
551 3476 647 3525 καὶ
679 3475 870 3529 Θυσίαν
896 3483 1009 3544 τοῖς
1048 3486 1302 3552 ματαίοις
1360 3498 1755 3558 προσενεγκεῖν

174 3556 202 3606 6
228 3557 511 3650 μάταιος·
543 3566 588 3616 οε
626 3565 684 3618 δὲ
744 3569 878 3637 μηδὲ
922 3573 983 3624 τὸ
1046 3573 1133 3636 οὓς
1187 3578 1322 3640 ὅλως
1380 3556 1617 3647 διδόντες
1646 3591 1756 3650 τοῖς

180 3649 348 3703 αὐτοῦ
369 3652 634 3720 ῥήμασιν,
663 3661 1035 3731 ἀνθυπέφερον
1071 3681 1086 3695 ·
1120 3686 1137 3720 ι
1167 3669 1289 3724 ΘεοίΙ
1317 3673 1365 3726 οἳ
1406 3675 1494 3728 τὸν
1528 3679 1756 3748 οὐρανὸν

181 3739 275 3792 καὶ
307 3741 406 3809 τὴν
436 3746 539 3813 γῆν
565 3746 662 3800 οὐκ
691 3751 975 3822 ἐποίησαν,
1007 3759 1416 3820 ἀπολέσθωσαν.
1447 3787 1463 3817 ι
1496 3771 1633 3821 Μεθ’
1663 3769 1756 3833 οὓς

171 3833 198 3882 6
233 3834 507 3904 μακάριος
540 3839 771 3913 Οὔαρος,
801 3847 1020 3914 μείζονα
1050 3852 1146 3920 τὴν
1185 3854 1358 3922 ὀργὴν
1398 3859 1650 3922 ἐξάπτων
1678 3864 1753 3934 τῷ

175 3925 427 3996 δικαστῆ,
457 3927 521 3981 Ti
552 3934 852 4001 πράγματα
885 3940 1170 4010 παρέχεις,
1203 3944 1382 4015 ἔλεγε,
1417 3954 1528 4013 τοῖς
1555 3925 1752 4022 ἁγίοις,

179 4026 341 4091 μωρὰ
359 4024 533 4090 λέγων
555 4027 648 4078 καὶ
667 4029 746 4095 είς
772 4030 922 4085 οὐδὲν
947 4037 1228 4109 χρήσιμα,
1265 4059 1282 4092 ‹
1324 4045 1383 4096 '0
1414 4046 1521 4110 γὰρ
1545 4049 1750 4116 μωρὸς,

178 4118 340 4183 φησι,
360 4118 519 4188 μωρὰ
543 4119 788 4192 λαλήσει.
813 4144 831 4177 ι
858 4128 875 4196 (
894 4128 1117 4194 Ἡσαΐας
1139 4135 1166 4184 6
1190 4135 1364 4204 μέγας
1382 4155 1460 4190 σοι
1476 4138 1633 4193 τοῦτο
1661 4143 1754 4195 καὶ

177 4210 279 4265 οὐκ
309 4212 442 4280 ἐγὼ)
480 4216 572 4267 καὶ
601 4217 772 4270 ταῦτα
803 4221 1373 4309 μηδὲηάντοφθαλμεῖν
1399 4232 1608 4298 αὐτοῖς,
1645 4254 1752 4308 μη-

169 4302 225 4355 δὲ
261 4307 343 4366 εἰς
373 4305 565 4371 λόγους
591 4309 725 4373 ὅλως
763 4312 898 4365 ίέναι
924 4302 1243 4386 δυνάμενος.

1874 634 1964 689 ubi
2004 639 2134 690 est?
2181 639 2290 693 Hoc
2339 643 2510 707 dicto,
2550 647 2752 702 cursim
2783 652 2964 703 statim
3006 669 3036 707 e
3071 655 3222 708 turba
3259 673 3440 727 egres-

1870 742 1964 781 sus
2005 732 2456 796 praeclarissimas
2495 737 2702 803 Varus.
2769 749 2917 796 stans
2968 744 3019 797 in
3065 748 3241 800 medio
3310 749 3441 802 dicit

1871 821 2086 889 praesidi
2125 842 2137 876 :
2178 823 2270 877 ille
2298 828 2522 894 quidem
2563 831 2673 900 jam
2703 833 2796 887 diu
2836 834 3032 890 abhinc
3081 850 3143 890 ex
3186 839 3288 892 hac
3333 841 3438 894 vita

1869 917 2129 976 excessit,
2169 933 2256 972 me
2285 928 2466 974 autem
2516 937 2673 977 suum
2735 925 3006 981 haeredem
3071 930 3327 986 instituit.
3383 931 3439 988 Si

1869 1008 1996 1077 quid
2052 1025 2181 1082 ergo
2240 1013 2308 1067 ab
2361 1013 2452 1069 illo
2515 1016 2838 1082 debebatur,
2876 1020 3065 1075 adsum
3119 1022 3232 1091 ipse
3264 1023 3442 1077 reddi-

1873 1109 2042 1158 turus.

1942 1196 2031 1251 IV.
2066 1200 2288 1256 Audivit
2322 1218 2540 1270 praeses,
2584 1212 2638 1258 et
2697 1213 2841 1259 totus
2867 1207 2931 1260 ad
2981 1205 3114 1260 iram
3164 1217 3248 1262 est
3306 1225 3440 1263 con-

1869 1303 2065 1344 versus
2099 1311 2111 1346 :
2147 1292 2282 1358 Quis
2315 1295 2400 1350 hic
2427 1297 2518 1357 sit,
2550 1296 2748 1366 inquit,
2806 1298 2970 1364 dicat,
3031 1312 3084 1353 et
3119 1316 3147 1354 e
3204 1317 3439 1370 quanam

1866 1380 1937 1435 sit
1991 1383 2225 1453 legione.
2261 1385 2357 1441 llle
2388 1397 2568 1442 autem
2603 1407 2616 1442 :
2649 1389 2725 1444 Ex
2780 1389 2994 1460 legione
3047 1394 3266 1462 quidem
3305 1395 3444 1464 Tya-

1866 1473 2042 1533 nensi.
2077 1475 2234 1530 miles
2263 1492 2390 1535 vero
2418 1479 2618 1542 clarus,
2659 1484 2960 1552 respondit.
2994 1486 3200 1542 Praeses
3223 1497 3434 1554 autem,

1865 1582 1929 1622 ea
1982 1568 2050 1622 de
2107 1584 2271 1625 causa
2322 1573 2749 1642 obstupefactus,
2802 1578 2936 1645 Quis
2988 1581 3161 1635 malus
3205 1583 3438 1646 daamon,

1868 1661 2064 1729 inquit,
2100 1662 2305 1725 effecit.
2339 1675 2395 1719 ut
2429 1676 2478 1720 te
2506 1668 2558 1720 in
2591 1670 2940 1725 manifestum
2991 1673 3298 1741 impelleres
3343 1690 3438 1742 pe-

1866 1754 2124 1818 riculum,
2169 1760 2623 1828 utetgloriosam
2673 1774 2820 1818 luam
2869 1765 3141 1827 militiam,
3171 1776 3225 1819 et
3279 1783 3439 1836 quam

1793 1873 1833 1925 Β
1862 1856 1922 1894 ex
1961 1857 2024 1896 ea
2053 1846 2222 1899 habes
2281 1858 2541 1904 tesseram
2576 1851 3009 1919 frumentariam,
3057 1857 3213 1909 nihili
3251 1857 3438 1916 facias.

1863 1945 1918 1989 et
1949 1947 2093 1991 tuam
2153 1940 2389 1994 animam
2429 1942 2483 1995 in
2534 1953 2680 2000 tanta
2721 1947 2857 2001 mala
2923 1948 3179 2017 injicias?
3243 1950 3442 2004 Beatus

1862 2035 2044 2083 autem
2085 2032 2261 2087 Varus
2295 2051 2308 2087 :
2342 2034 2568 2096 Panem.
2603 2037 2797 2107 inquit,
2833 2043 2923 2108 qui
2954 2041 3019 2095 de
3045 2043 3183 2096 cmlo
3214 2044 3444 2096 descen-

1863 2121 1964 2182 dit,
2003 2131 2057 2175 et
2091 2124 2341 2180 divinum
2375 2128 2598 2183 calicem
2645 2131 2862 2200 pretiosi
2908 2134 3187 2202 sanguinis
3236 2133 3440 2189 Christi

1864 2213 2076 2266 Domini
2109 2216 2213 2268 mei
2247 2221 2458 2284 praetuli
2502 2222 2607 2274 tuis
2655 2223 2956 2278 honoribus
2998 2238 3051 2278 et
3104 2227 3391 2294 stipendiis
3425 2245 3439 2282 :

1864 2303 2088 2372 gloriam
2136 2323 2256 2376 qua:
2285 2322 2500 2377 semper
2525 2319 2730 2374 manet,
2763 2315 2810 2367 ei
2842 2331 2961 2382 quae
3000 2316 3135 2379 ﬂuit,
3173 2328 3226 2371 et
3277 2320 3439 2374 vitam

1861 2413 1982 2465 qua:
2036 2414 2312 2468 nunquam
2342 2402 2575 2464 desinit.
2608 2406 2656 2459 ei
2705 2405 2757 2459 in
2794 2423 2955 2474 quam
3005 2409 3145 2463 cadit
3188 2411 3439 2465 interitus

1864 2498 1918 2541 et
1949 2498 2030 2541 est
2055 2493 2118 2543 ad
2158 2493 2324 2548 breve
2359 2505 2590 2565 tempus.
2623 2497 2779 2552 Tunc
2819 2499 2985 2567 judex
3033 2512 3219 2570 aperte
3257 2512 3440 2556 osten-

1861 2577 1998 2632 dens
2053 2595 2109 2634 se
2159 2598 2283 2637 esse
2334 2588 2515 2640 animo
2583 2591 2975 2656 perturbatum,
3040 2595 3312 2660 aspiciens
3373 2596 3438 2649 ad

1863 2682 2111 2738 sanctos,
2149 2677 2418 2732 concitate
2445 2688 2500 2732 et
2532 2680 2725 2735 acerbe
2768 2681 2904 2736 dixit
2934 2700 2947 2736 :
2992 2682 3167 2737 Testis
3200 2687 3267 2739 sit
3309 2687 3436 2739 mihi

1864 2767 2038 2822 virtus
2093 2770 2458 2824 maximorum
2513 2773 2764 2835 deorum,
2802 2775 2953 2830 vobis
3009 2777 3157 2842 prius
3206 2777 3440 2831 adimam

1864 2862 1918 2914 in
1976 2863 2129 2916 malis
2179 2865 2371 2926 vitam,
2435 2867 2527 2936 qui
2571 2884 2655 2922 me
2717 2869 2807 2923 tali
2856 2869 3025 2924 milite
3077 2872 3436 2932 privaveritis.

1864 2955 1978 3006 Hoc
2009 2956 2153 3008 enim
2190 2957 2356 3010 fuerit
2386 2970 2647 3021 vestrum.
2678 2974 2731 3016 et
2761 2979 2866 3016 non
2902 2966 3148 3020 alterius.
3177 2964 3438 3034 Martyres

1862 3057 2043 3103 autem
2100 3049 2264 3104 verba
2326 3050 2446 3118 ejus
2509 3052 2956 3117 nihilifacienles.
3019 3058 3285 3126 Exspecta
3336 3076 3436 3128 pa-

1864 3158 2108 3210 rumper,
2140 3143 2423 3208 dixerunt,
2453 3161 2486 3199 o
2515 3147 2703 3214 judex,
2752 3157 2806 3202 et
2855 3149 3064 3204 videbis
3104 3153 3284 3220 qualia
3329 3155 3438 3209 sint

1859 3249 2005 3285 arma
2036 3235 2201 3301 hujus
2251 3236 2478 3289 militia).
2514 3239 2594 3290 Ad
2630 3239 2876 3293 ordinem
2920 3244 3065 3296 enim
3121 3247 3437 3314 angelorum

1859 3323 2134 3376 hominem
2169 3325 2515 3381 adduximus.
2544 3327 2659 3383 Hoc
2689 3329 2857 3396 dicto,
2888 3332 2975 3387 ille
3016 3335 3232 3403 quidem
3271 3337 3438 3392 cona-

1861 3415 2020 3473 batur
2059 3416 2386 3484 persuadere
2417 3421 2646 3483 sanctis,
2684 3431 2743 3475 ut
2793 3426 3198 3481 assentirentur
3247 3429 3438 3497 impie-

1860 3507 1979 3570 tati,
2032 3516 2085 3560 et
2132 3507 2297 3561 rebus
2349 3511 2507 3563 vanis
2565 3509 2829 3564 offerrent
2911 3514 3262 3578 sacrificium,
3322 3517 3437 3585 ipse

1857 3598 2016 3667 plane
2055 3613 2224 3650 vanus
2255 3609 2308 3651 et
2339 3601 2590 3653 stolidus.
2626 3603 2704 3655 llli
2747 3613 2926 3658 autem
2967 3620 3036 3659 ne
3069 3620 3257 3660 auerm
3310 3608 3433 3676 qui-

1859 3692 1981 3746 dem
2011 3691 2130 3759 ejus
2187 3690 2368 3746 verbis
2430 3692 2763 3762 prmhentes,
2816 3706 3006 3748 eontra
3067 3696 3435 3751 referebant:

1864 3803 1881 3835 ι
1944 3784 2042 3842 Dii.
2104 3783 2195 3849 qui
2225 3786 2424 3837 cwlum
2479 3795 2533 3838 et
2586 3796 2786 3839 terram
2842 3803 2949 3840 non
3020 3787 3288 3853 fecerunt,
3343 3804 3438 3858 pe-

1859 3877 2049 3932 reant‘
2084 3878 2129 3930 li
2162 3878 2293 3932 Post
2329 3892 2465 3946 quos
2519 3876 2713 3932 beatus
2749 3878 2922 3933 Varus
2972 3878 3107 3932 iram
3145 3881 3312 3948 magis
3343 3895 3436 3933 ac—

1858 3973 2119 4035 cendens,
2151 3970 2344 4036 iudici,
2377 3969 2545 4035 Quid,
2593 3971 2748 4035 dixit,
2807 3974 3012 4027 sanctis
3057 3974 3282 4027 exhibes
3319 3987 3436 4026 mo-

1858 4059 2086 4119 lestiam,
2137 4058 2301 4108 stulta
2334 4057 2543 4118 dicens,
2576 4067 2630 4110 et
2663 4059 2727 4112 ad
2776 4061 2912 4111 nihil
2953 4061 3146 4112 utilia?
3177 4079 3194 4109 ι
3229 4059 3440 4120 Stultus

1857 4160 2037 4204 autem
2070 4149 2236 4203 stulta
2265 4149 2580 4219 loquetur”.
2616 4169 2633 4203 ›
2697 4151 2946 4222 (Magnus
2999 4151 3164 4206 Isaias
3201 4150 3302 4205 hoc
3339 4151 3436 4204 tibi

1856 4244 2009 4304 dicit,
2042 4251 2095 4294 et
2128 4257 2236 4295 non
2269 4251 2389 4312 ego)
2420 4243 2581 4312 idque
2612 4259 2736 4299 cum
2772 4259 2873 4298 nec
2899 4259 2996 4299 eos
3039 4244 3257 4313 quidem
3308 4258 3438 4298 con-

1859 4346 1939 4389 tra
1975 4334 2201 4398 intueri,
2234 4350 2336 4388 ncc
2370 4350 2493 4387 eum
2525 4337 2608 4389 eis
2655 4337 2882 4388 omnino
2923 4335 3174 4390 conferre
3222 4348 3432 4388 sermo-

1858 4443 1984 4482 nem
2017 4427 2171 4490 velis,
2202 4426 2282 4479 vel
2315 4427 2498 4493 potius
2525 4442 2638 4480 non
2672 4427 2866 4496 possis.

241 4488 317 4541 E’.
346 4488 564 4542 Τούτων
614 4494 853 4559 ἀκούσας
884 4500 1089 4562 ἐκεῖνος
1127 4502 1226 4553 ούκ
1256 4502 1337 4554 ἔτι
1369 4505 1632 4568 καθεκτὸς
1659 4506 1746 4582 ἦν,

1928 4522 1989 4575 ν.
2031 4519 2155 4574 Haec
2182 4536 2301 4575 cum
2340 4520 2429 4575 ille
2463 4521 2745 4584 audiisset,
2793 4535 2902 4574 non
2950 4530 3162 4591 poterat
3201 4520 3432 4590 amplius

172 4578 308 4632 ἀλλὰ
360 4578 536 4649 θυμοῦ
567 4582 809 4645 πλείονος
842 4586 1132 4654 πλησθεὶς,
1179 4591 1272 4644 ἐπὶ
1305 4593 1464 4656 ξύλου
1506 4600 1603 4667 μὲν
1657 4578 1748 4653 τὸν

170 4669 387 4741 Οὔαρον
446 4673 800 4740 μετεωρίζειν
851 4676 1096 4733 ἐκέλευε.
1124 4682 1265 4751 Πρὸς
1297 4686 1355 4738 δὲ
1383 4690 1506 4752 τοὺς
1536 4691 1745 4759 ἁγίους,

180 4764 308 4816 Ἐὰν
338 4763 438 4832 τῆς
479 4763 653 4833 ὑμῶν,
698 4761 869 4832 εἶπεν,
901 4770 1206 4836 ἐνστάσεως
1262 4779 1502 4847 ἡττηθῶ,
1528 4783 1749 4851 ἔξαρνος

169 4856 389 4916 πάντως
431 4858 525 4908 καὶ
574 4862 671 4928 τῆς
706 4861 813 4912 τῶν
847 4862 985 4915 θεῶν
1035 4866 1230 4936 ἔσομαι
1262 4870 1538 4943 λατρείας.
1564 4876 1746 4939 Οὖτως

171 4948 394 5016 ίσχυρόν
423 4967 472 5002 τι
500 4950 599 5004 καὶ
647 4953 923 5022 αὐστηρὸν
963 4960 992 5028 ή
1031 4960 1282 5031 ἀλήθεια,
1330 4969 1422 5021 καὶ
1459 4968 1746 5023 ἀσθένειαν

167 5040 429 5105 πολλάκις
483 5045 760 5118 διελέγχον
813 5048 1013 5120 ψυχῆς,
1045 5057 1231 5124 φέρειν
1277 5060 1446 5131 αὐτῆς
1478 5061 1574 5128 τὴν
1606 5067 1747 5114 ἐλευ-

167 5131 357 5203 θερίαν
393 5134 454 5186 ού
490 5135 893 5208 δυναμένης.οἰ
928 5143 980 5193 δὲ
1017 5146 1107 5198 τοῦ
1144 5147 1382 5213 Χριστοῦ
1443 5153 1740 5223 μάρτυρες,

166 5226 476 5294 Δοκίμασόν
507 5245 597 5280 σου
633 5231 767 5294 τέως
792 5232 890 5301 τὴν
936 5235 1280 5300 δυναστείαν,
1307 5245 1613 5314 εἰρήκασιν,
1651 5247 1744 5298 ἐπὶ

165 5318 262 5371 τοῦ
297 5319 564 5388 παρόντος
593 5323 748 5391 ήμῶν
779 5325 1010 5394 ἀδελφοῦ
1033 5347 1044 5358 ·
1075 5329 1167 5383 κάὶ
1194 5332 1309 5399 εἴγε
1343 5335 1532 5388 τούτου
1566 5340 1745 5410 κρείτ-

166 5425 274 5462 των
301 5411 496 5480 ὀφθῇς,
549 5414 670 5467 τότε
703 5418 840 5486 τάχα
876 5421 968 5470 καὶ
1019 5423 1104 5488 ἐφ’
1156 5425 1310 5491 ἡμᾶς
1367 5430 1619 5496 χρηστῶν
1645 5433 1744 5484 οὐκ

169 5501 498 5574 ἁμοιρήσεις
540 5504 788 5564 ἐλπίδων.
841 5512 982 5579 Πρὸς
1037 5515 1211 5568 ταῦτα
1249 5519 1277 5569 6
1324 5519 1586 5588 δικαστής
1633 5527 1743 5584 τοίς

172 5592 270 5663 μιν
303 5595 485 5659 ἁγίοις
533 5597 621 5676 τὰ,
648 5599 1009 5668 χαλεπώτατα
1062 5606 1392 5678 ἀπειλήσας,
1436 5612 1528 5663 τοῦ
1584 5615 1742 5679 ξύλου

1847 4613 2114 4677 cohiberi,
2165 4613 2257 4667 sed
2307 4614 2511 4682 majore
2572 4615 2653 4666 ira
2717 4614 2950 4683 plenus.
2995 4614 3158 4681 jussit
3209 4613 3428 4681 quidem

1850 4709 2044 4762 Varum
2102 4705 2152 4756 in
2207 4705 2351 4774 ligno
2399 4705 2683 4758 sublimem
2735 4705 2940 4757 extolli.
2977 4705 3190 4757 Sanctis
3245 4713 3424 4756 autem

1846 4797 1981 4854 dixit
2014 4814 2026 4849 :
2056 4797 2109 4851 Si
2149 4798 2300 4851 fuero
2332 4814 2361 4851 a
2392 4807 2569 4851 vestra
2603 4807 2891 4867 superatus
2936 4798 3240 4852 constantia
3263 4841 3275 4862 ,
3311 4797 3426 4851 cul-

1849 4903 1958 4944 tum
1994 4904 2210 4958 quoque
2240 4889 2464 4944 deorum
2515 4891 2741 4943 omnino
2793 4889 3090 4959 abnegabo.
3139 4891 3288 4944 Adeo
3342 4905 3426 4944 res

1848 4982 2020 5034 valida
2074 4990 2128 5034 et
2169 4979 2308 5032 acris
2364 4989 2446 5034 est
2511 4981 2733 5043 veritas,
2793 4987 2846 5033 et
2878 4995 2999 5048 qua:
3049 4995 3190 5048 sape
3249 4983 3428 5049 arguit

1847 5075 2015 5129 animi
2071 5072 2523 5135 imbecillitatem,
2580 5071 2672 5141 qui
2729 5087 2837 5125 non
2880 5079 3058 5140 potest
3107 5071 3226 5137 ejus
3283 5071 3424 5129 ferre

1846 5167 2171 5220 libertatem.
2204 5163 2404 5217 Christi
2439 5174 2619 5216 autem
2657 5174 2918 5230 martyres
2945 5199 2960 5223 ,
3004 5160 3265 5232 Experire
3288 5203 3302 5222 .
3340 5163 3424 5217 di-

1849 5265 2064 5319 xerunt,
2099 5257 2150 5308 in
2187 5257 2288 5310 hoc
2333 5265 2520 5309 nostro
2564 5255 2725 5309 fratre
2769 5254 2895 5322 quid
2936 5258 3146 5324 possis;
3183 5266 3238 5307 et
3280 5256 3322 5308 si
3356 5270 3422 5308 eo

1850 5350 2014 5405 fueris
2055 5350 2304 5419 superior
2354 5348 2625 5412 fortassis,
2667 5358 2726 5401 ut
2773 5363 2981 5417 speras,
3026 5348 3078 5400 in
3133 5347 3290 5402 nobis
3333 5363 3422 5402 res

1846 5457 2058 5511 quoque
2095 5452 2238 5497 recte
2285 5440 2561 5494 succedet.
2595 5441 2676 5494 Ad
2721 5441 2834 5494 haec
2874 5439 3040 5510 judex
3068 5455 3189 5493 cum
3217 5440 3420 5494 sanctis

1844 5530 2061 5601 quidem
2097 5539 2238 5586 esset
2264 5531 2499 5586 minatus
2531 5530 2871 5600 gravissima,
2902 5529 3059 5598 jubet
3101 5531 3154 5584 in
3199 5529 3426 5598 cippum

1846 5624 1965 5676 duci
2017 5636 2345 5695 martyrem:
2403 5634 2456 5678 et
2497 5623 2721 5693 perinde
2771 5636 2834 5674 ac
2875 5623 2917 5676 si
2943 5623 3277 5677 existimaret
3311 5638 3419 5676 non

172 5688 563 5758 κατενεχθῆναι
620 5694 1361 5770 προστάττειτὸνμάρτνραο
1398 5705 1491 5756 καὶ
1550 5706 1738 5780 ὥσπερ
1793 5734 1891 5783 ουχ
1944 5715 2134 5788 ἱκανὴν
2184 5717 2432 5784 νομίσας,
2486 5717 2621 5784 πρὸς
2645 5715 2881 5769 τοιῦῦτον
2903 5717 3118 5783 εὐγενὲς
3147 5719 3417 5788 φρόνημα.

241 5828 483 5886 'Jerem.
527 5847 576 5895 γε,
610 5836 695 5888 11.
776 5837 920 5893 ’isa.
956 5855 1124 5900 xxx“.
1162 5842 1212 5894 6.
