4136 6484
181 425 324 486 1149

179 637 281 703 σὴν
312 636 570 706 ὠμότητα
598 642 872 704 τοιαύταις
905 644 1071 708 ἀξίως
1106 654 1451 721 κατακρινεῖ.

247 729 320 781 Z’.
349 729 548 782 Τοῦτον
601 732 959 804 ἀμειϐόμενος
1011 738 1160 808 ἔργῳ
1212 742 1500 812 τὸνλόγον
1551 748 1578 799 δ
1610 748 1766 802 δικα-

183 818 311 886 στὴς
345 819 469 881 τοὺς
504 819 774 890 ξυστῆρας
799 823 939 878 κατὰ
979 825 1084 877 τῶν
1105 827 1200 879 τοῦ
1228 829 1508 901 μάρτυρος
1524 837 1762 904 ἐπέφερε

184 911 528 982 σπλάγχνων,
549 915 772 984 Ὀράτω,
801 916 990 984 λέγων,
1017 920 1121 986 πρὸ
1140 922 1248 972 τῶν
1270 923 1566 993 ὀφθαλμῶν
1589 931 1615 980 ὁ
1636 946 1766 982 κατ-

186 1005 387 1071 άρατος
421 1005 671 1076 καθάπερ
736 1008 879 1078 ὕδωρ
907 1011 1073 1064 αὐτοῦ
1127 1018 1475 1084 προχεόμενα
1519 1018 1587 1071 τά
1624 1022 1766 1074 ἐνδό-

184 1095 330 1151 σθια.
376 1098 539 1150 Ἀλλά
588 1100 675 1151 τὸν
707 1101 799 1152 τοῦ
855 1103 1095 1172 Χριστοῦ
1129 1107 1384 1178 μάρτυρα
1434 1111 1556 1163 οὐδὲ
1600 1111 1765 1181 ἡτῆς

184 1191 418 1259 βασάνου
453 1193 653 1257 ταύτης
716 1200 1277 1267 πικρότηςὲνδοῦναί
1304 1220 1356 1255 τι
1395 1203 1489 1256 τοῦ
1531 1207 1766 1274 πάσχειν

181 1284 268 1336 διά
327 1286 564 1352 Χριστὸν
622 1292 1056 1356 παρεσκεύασεν,
1088 1293 1148 1344 ού
1213 1295 1365 1363 ῥῆμα
1424 1296 1765 1364 φθέγξασθαι

181 1377 546 1442 ἁγεννὲς,οὑκ
587 1382 714 1433 ἄλλο
755 1399 804 1434 τι
859 1383 1054 1454 μικρὸν
1109 1385 1141 1457 ἢ
1210 1389 1398 1456 μεῖζον
1444 1389 1766 1454 ὑποσταλεὶς

182 1467 340 1533 ἔργον
368 1469 727 1539 ἐνδείξασθαι,
750 1477 796 1526 εί
826 1478 898 1543 μὴ
933 1475 1028 1528 καὶ
1061 1479 1287 1546 μείζονα
1325 1481 1530 1549 μᾶλλον
1563 1484 1654 1536 τὸν
1685 1487 1766 1546 είς

181 1556 420 1624 Χριστὸν
449 1561 746 1630 άνέςρλεγεν
781 1565 976 1634 ἔρωτα,
1009 1569 1102 1619 καὶ
1145 1569 1283 1637 πρὸς
1311 1575 1406 1634 τὰς
1431 1573 1768 1644 δριμυτέρας

181 1648 296 1698 τῶν
351 1652 626 1704 κολάσεων
686 1655 1038 1724 δριμυτέραις
1091 1660 1182 1710 τὸν
1237 1661 1502 1734 δικαστὴν
1553 1665 1768 1736 βάλλειν

182 1739 358 1793 ἐποίει
406 1749 527 1808 ταῖς
585 1748 931 1815 ἀποκρίσεσι.
974 1750 1044 1802 Σὺ
1102 1753 1200 1818 μὲν
1233 1757 1363 1824 γὰρ,
1391 1756 1520 1826 ἔφη,
1563 1760 1768 1828 πονηρὲ

185 1838 443 1906 πονηρῶν
499 1838 774 1907 δαιμόνων
825 1841 1068 1913 ὑπουργὲ
1127 1847 1219 1899 καὶ
1269 1850 1767 1918 μισάνθρωπε,καὶ

179 1925 299 1978 λίαν
331 1932 441 1989 τοῖς
472 1928 695 1994 ἀγαθοῖς
729 1931 1097 1999 ἀντικείμενε,
1143 1935 1448 2006 ἐξενεγκεῖν
1504 1941 1632 2004 ἴσως
1678 1943 1768 1994 δυ·
1799 1926 1839 1979 Β

179 2020 317 2088 νήσῃ
372 2037 473 2087 μου
509 2022 574 2073 τά
597 2021 842 2077 ὲνδὸσθια
882 2043 896 2057 ·
923 2028 956 2095 ἡ
1007 2027 1061 2080 δὲ
1110 2028 1208 2097 τῆς
1257 2030 1394 2100 ἐμῆς
1427 2033 1652 2100 καρδίας
1684 2035 1766 2096 είς

181 2112 418 2178 Χριστὸν
473 2113 658 2179 πίστις
706 2115 906 2181 ἄσυλος
957 2118 1111 2172 ἔσται
1149 2122 1242 2172 καὶ
1295 2124 1677 2192 ἀναφαίρετος.
1700 2128 1765 2180 Οί

181 2203 234 2255 δὲ
266 2202 437 2268 ἅγιοι,
482 2207 548 2259 τά
594 2207 683 2258 τοῦ
719 2209 994 2279 μάρτυρος
1024 2213 1306 2283 σπλάγχνα
1359 2215 1673 2288 ρηγνύμενά
1705 2237 1765 2272 τε

181 2292 276 2343 καὶ
306 2295 387 2355 είς
415 2296 518 2363 γῆν
543 2295 686 2350 οὕτω
715 2297 1148 2370 διασπειρόμενα
1197 2304 1558 2375 θεασάμενοι,
1577 2309 1767 2377 φιλάν-

179 2381 403 2452 θρωπόν
449 2402 501 2436 τι
553 2386 647 2439 καὶ
707 2387 826 2440 λίαν
879 2391 1185 2459 περιπαθὲς
1234 2394 1610 2465 δακρύσαντες
1669 2402 1764 2454 τὸν

176 2473 436 2544 Χριστὸν,
475 2477 614 2544 ὑπὲρ
642 2474 701 2533 οὗ
723 2479 894 2533 ταῦτα
913 2481 1144 2553 ἔπασχε,
1178 2484 1370 2555 βοηθὸν
1389 2489 1636 2544 ἐκάλουν.
1669 2489 1763 2557 Οἷς

179 2567 454 2620 ἐπιϐαλὼν
479 2570 578 2632 τὰς
614 2569 768 2639 ὄψεις
805 2573 832 2624 ὀ
859 2573 1144 2643 δικαστὴς,
1191 2576 1288 2628 καὶ
1338 2578 1398 2631 τὸ
1429 2580 1530 2650 τῆς
1576 2583 1765 2650 φιλαν-

179 2657 431 2728 θρωπίας
461 2661 492 2730 ἢ
527 2663 880 2732 φιλαδελφίας
921 2666 1122 2735 μᾶλλον
1173 2670 1296 2723 ίδὼν
1352 2671 1642 2740 σύμΰολον.
1696 2675 1763 2728 τά

178 2752 236 2804 ἑν
266 2751 565 2819 ὀφθαλμοῖς
597 2755 832 2825 δάκρυα,
857 2761 948 2810 καὶ
979 2755 1064 2812 οἶά
1096 2779 1238 2826 τινος
1262 2764 1518 2831 πλησθεὶς
1542 2767 1758 2836 ἡδονῆς,

181 2842 454 2913 Ἠττησθε
482 2847 718 2910 πάντως,
747 2845 866 2901 εἶπε
889 2851 1027 2919 μετὰ
1047 2852 1198 2922 βοῆς,
1227 2856 1486 2925 ἥττησθε.
1515 2861 1763 2914 Καὶτού-

176 2951 273 2990 του
294 2937 496 3007 δεῖγμα
518 2941 548 3008 ἡ
574 2939 740 3006 πολλὴ
766 2939 903 3010 αὕτη
932 2947 1202 3012 κατήφεια
1230 2949 1321 2999 καὶ
1345 2949 1414 3001 τὰ
1440 2950 1669 3020 δάκρυα.
1698 2955 1761 3008 El

179 3034 290 3102 γὰρ
315 3033 569 3100 ἠδύνατο,
595 3037 781 3105 φησὶν,
812 3039 839 3090 δ
869 3039 1136 3110 ὑμέτερος
1167 3041 1300 3104 Θεὸς
1324 3043 1422 3113 τὴν
1459 3044 1763 3112 μυθευομέ-

183 3141 280 3191 νην
314 3127 523 3195 ταύτην
560 3129 689 3195 ὑμῖν
736 3131 1002 3185 ἀθάνατον
1047 3135 1194 3205 ζωὴν
1227 3137 1558 3206 παρασχεῖν,
1613 3140 1760 3204 τίνος

1395 443 1498 501 MA
1513 443 1862 507 H'I‘YRIUM
1912 451 1970 514 S.
2010 456 2212 516 VARI.

180 542 461 609 μενουσών
490 547 516 597 ὁ
546 546 673 612 ἐμὸς
699 548 931 614 ὲξέλοιτό
963 569 1028 619 με
1057 555 1313 623 Χριστὸς,
1333 559 1393 611 σὲ
1435 559 1494 612 δὲ
1533 562 1628 614 καὶ
1659 563 1758 634 τὴν

1864 581 2035 636 nent;
2076 588 2228 630 meus
2277 592 2363 632 me
2391 578 2639 637 Christus
2684 583 3020 654 liberaverit,
3073 599 3126 652 te

3311 473 3454 539 1150

3169 602 3358 650 autem
3405 597 3460 652 et

1867 674 2011 718 tuam
2049 668 2431 726 crudelitatem
2467 673 2666 730 talibus
2692 679 2886 734 merito
2919 655 3332 741 condemnabit.

1935 757 2044 812 νη.
2076 759 2226 816 Hanc
2252 763 2416 833 judex
2457 766 2574 835 ipso
2609 769 2752 824 facto
2800 772 3072 829 ulciscens
3125 779 3455 843 orationem,

1864 849 1918 902 in
1975 853 2184 908 viscera
2245 858 2504 927 martyris
2564 860 2749 916 intulit
2809 865 3176 924 novaculam:
3238 869 3452 935 Videat,

1863 943 2074 1007 dicens,
2112 951 2481 1005 exsecrandus
2530 964 2656 1008 ante
2691 956 2898 1020 oculos,
2943 967 3198 1025 tanquam
3237 978 3456 1030 aquam,

1865 1051 1961 1090 sua
1996 1038 2203 1093 eﬁ'undi
2245 1041 2523 1098 intestina.
2585 1044 2690 1100 Sed
2740 1064 2809 1101 ne
2858 1049 3020 1114 hujus
3055 1053 3272 1119 quidem
3331 1065 3448 1107 tor-

1867 1131 2035 1182 menti
2073 1133 2344 1188 acerbitas
2391 1136 2588 1196 elTeeit.
2638 1148 2696 1192 ut
2743 1139 2942 1195 Christi
2993 1154 3196 1212 martyr
3235 1146 3438 1213 aliquid

1869 1226 2171 1277 remitteret
2209 1225 2277 1279 de
2314 1242 2408 1280 sua
2449 1228 2501 1281 in
2536 1231 2791 1297 patiendo
2816 1248 2912 1301 pro
2959 1233 3174 1290 Christo
3199 1253 3330 1292 cons
3357 1253 3454 1291 au-

1869 1311 1963 1374 tia,
2015 1329 2116 1366 nec
2178 1325 2236 1369 ut
2285 1317 2444 1372 molle
2494 1333 2584 1372 aut
2637 1321 2889 1389 ignavum
2949 1325 3161 1392 aliquod
3228 1329 3449 1385 verbum

1867 1403 2204 1472 loqueretur,
2239 1409 2322 1461 vel
2352 1411 2567 1479 aliquod
2599 1429 2817 1480 parvum
2867 1426 2959 1469 aut
2989 1433 3239 1487 magnum
3272 1430 3452 1473 osten-

1867 1495 2041 1561 deret,
2090 1515 2201 1567 quo
2255 1502 2588 1570 signiﬁcaret
2634 1521 2692 1558 se
2740 1507 2977 1563 cedere:
3031 1509 3139 1564 imo
3193 1513 3450 1577 majorem

1868 1603 2108 1643 amorem
2170 1592 2220 1644 ei
2285 1593 2338 1645 in
2392 1594 2671 1649 Christum
2731 1599 3012 1664 accendit,
3085 1611 3139 1654 et
3187 1603 3452 1656 adversus

1869 1696 2063 1750 graves
2091 1685 2374 1738 cruciatus
2405 1686 2534 1740 fecit
2563 1703 2686 1742 eum
2717 1675 2878 1743 ferire
2901 1691 3137 1758 judicem
3176 1695 3455 1761 responsis

1869 1773 2229 1843 gravioribus.
2284 1776 2439 1842 Nam,
2495 1776 2572 1832 Tu
2604 1781 2842 1848 quidem,
2899 1781 3093 1850 inquit,
3154 1799 3186 1836 ο
3226 1785 3456 1853 maligne

1869 1866 2133 1918 malorum
2182 1866 2490 1920 daemonum
2542 1869 2886 1935 administer,
2943 1880 2998 1924 et
3041 1869 3214 1926 hostis
3274 1872 3456 1927 bomi-

1869 1973 2023 2018 num,
2055 1965 2110 2012 et
2144 1957 2237 2025 qui
2286 1959 2441 2013 bonis
2487 1961 2660 2014 valide
2701 1963 3027 2026 adversaris,
3075 1979 3194 2018 mea
3226 1966 3454 2021 fortasse

1870 2049 2127 2104 intestina
2186 2051 2422 2105 educere
2473 2053 2694 2120 poteris,
2750 2055 2854 2108 mei
2903 2068 3082 2109 autem
3157 2058 3337 2112 cordis
3396 2059 3451 2114 in

1866 2139 2142 2194 Christum
2204 2140 2338 2195 ﬁdes
2401 2143 2534 2196 mihi
2594 2145 2748 2214 eripi.
2798 2161 2933 2217 non.
2987 2149 3204 2217 poterit.
3265 2150 3452 2206 Sancti

1866 2241 2045 2286 autem
2079 2247 2202 2285 cum
2251 2233 2516 2288 vidissent
2556 2235 2814 2290 intestina
2860 2211 3114 2310 m/artyris
3161 2240 3450 2312 disrumpi,

1868 2334 1922 2377 et
1966 2341 2063 2393 per
2114 2333 2316 2378 terram
2369 2328 2645 2396 dispergi,
2709 2339 2898 2384 tenere
2961 2342 3015 2386 et
3067 2333 3454 2391 miScrabiliter

1867 2415 2078 2480 ﬁentes,
2113 2416 2318 2472 Christi
2351 2418 2676 2473 invocabant
2723 2423 3008 2486 auxilium,
3046 2439 3147 2493 pro
3181 2443 3292 2495 quo
3333 2428 3450 2484 haec

1867 2509 2284 2577 patiebatur.'ln
2318 2524 2454 2577 quos
2499 2525 2623 2564 cum
2672 2511 2838 2578 judex
2882 2515 3210 2584 conjecisset
3239 2519 3449 2578 oculos.

1863 2608 1917 2652 et
1972 2599 2350 2666 humanitatis,
2443 2610 2536 2654 aut
2587 2601 2768 2671 potius
2831 2607 3034 2660 amoris
3111 2606 3164 2660 in
3228 2607 3447 2663 fratrem

1865 2691 2077 2760 signum
2133 2689 2360 2745 vidisset
2418 2692 2714 2762 Iacrymas,
2767 2707 2888 2762 quae
2941 2707 3098 2752 erant
3151 2701 3206 2752 in
3251 2701 3449 2763 oculis,

1865 2783 2031 2838 veluti
2094 2784 2330 2853 quadam
2393 2784 2633 2852 repletus
2707 2786 2938 2841 laetitia:
2997 2787 3249 2856 Superati
3317 2785 3449 2846 estis

1863 2874 2086 2928 omnino
2112 2913 2125 2934 ,
2171 2875 2410 2942 superati
2451 2877 2620 2940 estis,
2676 2877 2852 2946 inquit
2892 2878 3223 2933 vociferans.
3277 2879 3449 2948 Hujus

1863 2977 2040 3021 autem
2071 2967 2334 3020 iudicium
2362 2978 2441 3023 est
2471 2970 2588 3024 haec
2621 2985 2812 3040 magna
2843 2970 3060 3026 tristitia
3089 2983 3141 3025 et
3171 2972 3446 3043 lacrytnze.

1864 3062 1919 3116 Si
1961 3060 2106 3115 enim
2157 3070 2361 3128 posset.
2419 3062 2618 3129 inquit,
2673 3072 2852 3115 vester
2882 3062 3023 3118 Deus
3069 3064 3232 3127 hanc.
3283 3081 3448 3135 quam

1861 3166 1960 3205 vos
2014 3151 2249 3220 ﬁngitis,
2312 3152 2678 3207 immortalem
2739 3151 2906 3205 vitam
2974 3151 3129 3206 vobis
3181 3154 3444 3222 praebere,

181 3217 340 3285 χάριν
373 3217 516 3269 οὕτω
553 3222 643 3270 τὸν
694 3223 880 3285 κακῶς
930 3226 1304 3295 ἀπολούμενον
1356 3232 1572 3300 ἑταῖρον
1601 3234 1757 3302 ὑμῶν

1864 3259 2092 3315 quanam
2124 3245 2188 3296 de
2221 3259 2382 3296 causa
2413 3245 2667 3314 lugeretis
2688 3245 2943 3305 amicum,
2977 3245 3066 3312 qui
3104 3244 3258 3298 vobis
3305 3245 3449 3299 male

179 3308 460 3362 ὲπενθεῖὶε
487 3329 500 3375 ;
527 3313 588 3364 Oi
615 3312 671 3364 δὲ
697 3313 832 3381 πρὸς
867 3315 1030 3367 αὐτόν
1063 3333 1076 3348 ο
1098 3317 1161 3370 Ἠ
1189 3319 1297 3371 τῶν
1349 3321 1598 3390 δακρύων
1621 3325 1759 3396 αὕτη

181 3401 396 3468 σταγὼν
417 3403 515 3473 τὴν
546 3404 780 3474 φυσικὴν
815 3406 1008 3476 μηνύει
1051 3411 1422 3480 συμπάθειαν.
1463 3413 1620 3468 Ἐπεὶ
1664 3419 1763 3470 οὐκ

179 3497 244 3549 ἂν
285 3513 414 3548 ποτε
440 3499 598 3567 ἡμεῖς
616 3498 808 3570 γνώμῃ
830 3501 919 3553 τὸν
941 3502 1169 3570 ἀδελφὸν
1191 3505 1518 3575 κλαύσωμεν
1537 3511 1762 3578 τοιούτῳ

178 3590 522 3644 τελευτῶντα
546 3591 778 3662 Θανάτῳο
816 3594 1017 3660 μᾶλλον
1049 3597 1158 3664 γὰρ
1182 3597 1272 3648 καὶ
1300 3599 1569 3672 μακάριον
1599 3603 1763 3656 αὑτὸν

177 3681 271 3734 τοῦ
305 3684 493 3744 τέλους
527 3682 810 3750 ἡγούμεθα
867 3683 964 3736 καὶ
1024 3685 1317 3756 ζηλοῦμεν,
1381 3691 1556 3758 ὅτιτῇ
1601 3710 1764 3761 προσ-

180 3774 358 3842 καίρῳ
412 3777 585 3843 ταύτῃ
642 3773 864 3843 βασάνῳ
922 3775 1022 3841 τὴν
1056 3777 1135 3839 εἰς
1171 3777 1256 3828 ἀεὶ
1308 3777 1579 3847 μένουσαν
1612 3781 1763 3847 βασι-

179 3864 329 3917 λείαν
369 3865 887 3936 ἐπραγματεύσατο.
921 3868 997 3920 03
1025 3869 1214 3922 τοῦτον
1243 3867 1359 3934 οὖν,
1407 3872 1596 3944 ὥσπερ
1620 3874 1758 3946 ἔφη-

181 3976 307 4024 μεν,
340 3960 481 4013 ἀλλὰ
522 3961 582 4013 σὲ
622 3961 826 4030 μᾶλλον
869 3959 1176 4032 θρηνοῦμεν
1210 3962 1312 4033 τῆς
1343 3966 1636 4030 ἀπωλείας,
1667 3969 1758 4019 καὶ

176 4047 253 4106 ὧν
289 4053 507 4122 μέλλεις
544 4055 912 4122 κληρονομεῖν
943 4054 1197 4123 χαλεπῶν
1233 4057 1580 4109 ἀντιδόσεων.
1627 4059 1759 4128 Χρι-

177 4145 309 4202 στοῦ
340 4147 450 4216 γάρ
480 4147 640 4213 νόμος
668 4149 760 4200 καὶ
783 4146 922 4215 ὑπὲρ
948 4145 1103 4213 ὑμῶν
1122 4145 1385 4214 δακρύειν
1409 4146 1515 4200 τῶν
1546 4151 1755 4219 ὲχθριὶιν

177 4240 255 4308 τῷ
280 4240 380 4307 τῆς
422 4239 644 4308 ἀγάπης
693 4238 840 4308 μόνῳ
881 4240 975 4293 καὶ
1009 4241 1107 4311 τῆς
1151 4243 1541 4315 χρηστότητος.

249 4333 332 4386 H'.
388 4331 477 4382 Ἐν
511 4331 620 4400 ὅσῳ
654 4332 912 4385 δὲταῦτα
953 4334 1194 4402 ἐλέγετο,
1247 4336 1375 4398 τοὺς
1422 4336 1520 4405 μὲν
1567 4333 1755 4403 ἁγίους

177 4425 274 4478 καὶ
293 4419 452 4486 αὖθις
484 4423 541 4474 τὸ
568 4424 944 4492 δεσμωτήριον
974 4425 1289 4496 ὑπεδέχετο,
1313 4427 1417 4490 ἕως
1447 4429 1474 4479 ὀ
1497 4425 1754 4493 δικαστὴς

179 4515 448 4578 σκέψαιτο
517 4515 700 4575 ποίαις
745 4514 854 4566 τῶν
889 4513 1165 4568 κολάσεων
1205 4518 1403 4579 αὐτοὺς
1432 4519 1749 4586 παραδόσει.

1867 3336 2048 3406 perit?
2075 3337 2150 3389 Illi
2184 3346 2364 3391 autem
2401 3335 2448 3390 ei
2485 3336 2780 3390 dixerunt:
2821 3335 2947 3390 llaec
2975 3345 3126 3406 gutta
3173 3337 3444 3408 lacryma-

1868 3443 1988 3482 rum
2025 3429 2328 3480 naturalem
2385 3429 2652 3497 signiﬁcat
2703 3429 3256 3484 commiserationem.
3309 3427 3444 3482 Nam

1865 3536 1968 3574 nos
2015 3531 2199 3575 nostra
2253 3520 2524 3574 sententia
2572 3534 2852 3589 nunquam
2897 3519 3283 3573 deﬂeverimus
3335 3521 3446 3574 ira.

1866 3622 2023 3678 trem,
2083 3612 2174 3680 qui
2217 3613 2308 3665 tali
2359 3621 2534 3666 morte
2586 3613 2802 3666 decedit
2841 3631 2854 3667 :
2894 3615 3004 3667 imo
3046 3628 3174 3667 vero
3222 3622 3446 3683 propter

1867 3705 2026 3758 talem
2075 3703 2361 3758 decessum
2397 3716 2520 3757 eum
2564 3701 2783 3757 beatum
2825 3703 3096 3769 ducimus,
3131 3712 3187 3756 et
3228 3701 3442 3756 felicem

1861 3809 2138 3854 vocamus,
2167 3795 2314 3861 quod
2346 3795 2468 3858 hoc,
2509 3794 2654 3862 quod
2676 3805 2760 3848 est
2798 3793 2863 3848 ad
2894 3805 3109 3864 tempus
3142 3801 3441 3851 tormento.

1863 3884 2015 3947 illud,
2042 3882 2184 3952 quod
2212 3897 2428 3954 semper
2461 3893 2667 3948 manet,
2703 3899 2930 3952 regnum
2962 3885 3295 3938 conciliavit.
3321 3883 3439 3936 Non

1864 3976 2007 4028 hunc
2044 3988 2195 4043 ergo,
2237 3982 2296 4028 ut
2327 3973 2585 4039 diximus,
2612 3973 2707 4029 sed
2758 3983 2909 4027 tuum
2952 3973 3133 4042 potius
3179 3971 3445 4026 deﬂemus

1860 4066 2158 4125 interitum,
2192 4075 2245 4117 et
2277 4064 2458 4132 gravia
2491 4064 2652 4128 mala,
2685 4080 2806 4132 qua:
2849 4064 2943 4118 tibi
2990 4074 3118 4119 sunt
3145 4073 3440 4118 eventura.

1857 4155 2057 4212 Christi
2089 4154 2235 4208 enim
2265 4155 2347 4209 lex
2383 4149 2657 4225 uosjubet
2709 4154 2838 4208 ﬁere
2868 4154 3047 4208 etiam
3093 4169 3193 4225 pro
3240 4156 3443 4216 nostris

1858 4247 2115 4310 inimicis,
2146 4248 2427 4300 charitatis
2461 4247 2577 4317 lege
2609 4257 2662 4301 et
2692 4246 3061 4318 benignitatis.

1929 4333 2062 4390 Vlll.
2099 4337 2320 4390 Interim
2351 4347 2534 4391 autem
2585 4339 2712 4393 dum
2773 4341 2885 4393 haec
2932 4340 3273 4407 dicebantur,
3315 4356 3442 4394 san-

1857 4440 1975 4487 ctos
1995 4431 2215 4500 quidem
2245 4445 2434 4485 rursus
2466 4431 2686 4500 excepit
2727 4445 2937 4493 carcer,
2971 4432 3149 4486 donec
3189 4433 3442 4489 conside-

1856 4534 2002 4579 raret
2057 4525 2246 4593 iudex,
2302 4525 2632 4592 quibusnam
2689 4539 2787 4578 eos
2843 4523 3082 4578 traderet
3132 4525 3433 4593 suppliciis.

186 4610 250 4660 '0
281 4610 337 4662 δὲ
372 4609 644 4675 μακάριος
676 4604 886 4674 Οὔαρος
917 4606 1011 4659 ἐπὶ
1053 4609 1146 4661 τοῦ
1181 4605 1339 4673 ξύλου
1375 4606 1509 4680 ἦρτο
1550 4611 1644 4663 καὶ
1675 4611 1756 4664 ἔτι

1864 4617 2056 4670 Beatus
2088 4627 2272 4670 autem
2307 4615 2477 4669 Varus
2528 4615 2779 4669 sublimis
2827 4612 3007 4670 adhuc
3061 4618 3330 4686 pendebat
3383 4619 3437 4671 in

179 4699 479 4768 μετέωρος,
512 4697 652 4750 οὕτω
684 4696 1042 4766 προσταχθὲν,
1077 4698 1238 4767 ἄχρις
1269 4699 1379 4768 ἁφή
1418 4718 1498 4752 σοι
1533 4701 1624 4752 καὶ
1657 4700 1754 4772 τὴν

175 4791 381 4860 ψυχήν.
424 4789 513 4852 Ὠς
563 4783 623 4843 οὗ
661 4790 785 4850 τοὺς
824 4789 1012 4859 ἁγίους
1055 4792 1161 4845 ὑπὸ
1197 4791 1415 4860 δεσμοῖς
1450 4795 1543 4846 καὶ
1594 4811 1757 4864 φρου-

182 4888 303 4953 ραῖς
341 4883 478 4950 πρὸς
515 4882 856 4950 τὴνείρκτὴν
886 4883 1190 4950 ἀγομένους
1218 4883 1498 4946 ἐθεάσατο,
1543 4886 1751 4955 μεγάλῃ

175 4978 243 5049 τῇ
281 4978 458 5046 φωνῇ,
481 4971 921 5045 Θαλρσεῖτε,εἷπε,
959 4971 1196 5045 πατέρες
1229 4979 1378 5046 ἐμοὶ,
1409 4979 1751 5050 Θαρσεῖτε....

175 5069 330 5122 οὐδὲν
371 5066 483 5135 ἐγὼ
515 5067 801 5136 λογίζομαι
834 5069 932 5131 τάς
961 5068 1306 5138 ἐπαγομένας
1343 5089 1432 5140 μοι
1462 5073 1752 5141 τιμωρίας,

175 5160 318 5213 ἀλλά
350 5177 418 5230 μι
448 5158 526 5228 τῷ
567 5159 680 5228 ὲμῷ
736 5156 970 5229 Χριστῷ
1002 5161 1313 5232 παράθεσθε
1365 5167 1460 5218 καὶ
1515 5165 1752 5234 Σωτῆρι,

175 5255 273 5304 καὶ
309 5251 588 5314 πεποιθὼς
632 5251 970 5322 πορεύσομαι
1018 5255 1154 5324 πρὸς
1192 5254 1356 5308 αὑτὸν
1402 5258 1520 5318 ταῖς
1557 5257 1754 5325 ὑμετέ-

177 5363 304 5416 ραις
338 5345 526 5413 εύχαίς
558 5345 984 5415 φρουρούμενος,
1019 5350 1110 5399 ἐπὶ
1145 5347 1305 5400 πέντε
1342 5348 1470 5417 γοῦν
1496 5348 1665 5419 ὥραις
1687 5353 1749 5421 τῇ

177 5440 400 5507 βασάνῳ
448 5439 880 5507 ἐγκαρτερήσας,
941 5438 997 5489 ἐν
1059 5441 1252 5508 είρήειῃ
1307 5441 1366 5492 τὸ
1411 5439 1630 5510 πνεῦμα
1677 5443 1752 5510 τῷ

174 5531 435 5584 δεδωκότι
478 5530 596 5600 θεῷ
642 5530 927 5598 παρέθετο.
965 5532 1085 5583 Ἔτι
1118 5532 1175 5584 δὲ
1211 5531 1310 5600 ζῇν
1360 5532 1525 5585 αὐτὸν
1563 5535 1613 5585 οί
1660 5534 1752 5586 ἐπὶ

173 5625 284 5677 τῶν
339 5623 590 5694 βασάνων
647 5626 898 5693 οίόμενοι,
954 5625 1074 5679 οὐδὲ
1127 5624 1189 5676 τὸ
1238 5624 1425 5679 λοιπὸν
1468 5626 1750 5692 μεθίεσαν,

176 5716 312 5770 ἀλλά
375 5716 626 5786 κοράκων
685 5717 884 5785 τρόπον
939 5717 1030 5769 καὶ
1086 5716 1223 5787 μετά
1263 5715 1492 5772 θάνατον
1537 5717 1749 5788 ἥκιζον,

178 5801 306 5861 Emi.
342 5809 398 5862 δὲ
446 5810 537 5860 καὶ
581 5811 764 5874 αὐτοῖς
795 5811 888 5863 καὶ
920 5808 993 5877 τῷ
1033 5809 1280 5882 τυράννῳ
1324 5810 1623 5878 διεγνὼσθη
1669 5813 1750 5863 ὅτι

180 5899 390 5971 Οὔαρος
440 5899 681 5969 τέθνηκε,
730 5903 815 5954 τὸν
881 5901 1068 5970 νεκρὸν
1093 5902 1516 5971 καταγαγὲντες,
1543 5903 1633 5955 καὶ
1666 5904 1750 5956 διὰ

1867 4708 2010 4778 ligno
2043 4725 2056 4761 :
2091 4707 2170 4762 sic
2195 4706 2342 4762 enim
2381 4706 2595 4776 jussum
2649 4707 2826 4759 luerat
2873 4714 2932 4758 ut
2965 4715 3228 4769 maneret,
3263 4707 3438 4761 donec

1863 4802 2134 4855 emitteret
2179 4802 2436 4853 animam.
2484 4798 2775 4866 Postquam
2822 4807 3004 4851 antem
3050 4797 3188 4852 vidit
3219 4808 3438 4853 sanctos

1863 4893 2102 4956 vinctos’,
2154 4900 2209 4946 et
2253 4905 2376 4946 cum
2439 4890 2761 4945 custodibus
2815 4890 2940 4944 duci
2999 4889 3054 4942 in
3117 4905 3434 4955 carcerem,

1864 5001 2055 5056 magna
2106 5001 2284 5041 voce:
2346 4987 2494 5041 Bono
2545 4989 2751 5050 animo,
2807 4984 3008 5055 inquit,
3067 4995 3252 5056 patres
3306 4985 3434 5050 mei,

1863 5079 2004 5133 bono
2030 5079 2214 5134 animo
2246 5088 2417 5132 estote
2446 5094 2462 5131 :
2493 5090 2592 5149 ego
2621 5078 2765 5132 enim
2795 5077 3098 5132 nihilifacio
3144 5092 3263 5147 quae
3297 5078 3434 5132 mihi

1863 5171 2169 5226 inferuntur
2225 5169 2510 5240 supplicia,
2559 5171 2654 5226 sed
2708 5185 2797 5224 me
2846 5183 2968 5224 meo
3020 5169 3240 5226 Christo
3283 5186 3435 5226 com-

1863 5264 2135 5331 mendate,
2190 5275 2245 5317 et
2295 5263 2582 5327 Salvatori,
2637 5267 2692 5317 et
2746 5262 3084 5318 conﬁdenter
3134 5263 3201 5316 ad
3251 5263 3428 5332 ipsum

1861 5358 2051 5410 vadam
2111 5367 2416 5411 vestrarum
2476 5357 2783 5410 orationum
2852 5355 3096 5409 munitus
3154 5353 3428 5422 prasidio.

1859 5449 1995 5503 Cum
2026 5465 2153 5513 ergo
2202 5450 2444 5518 quinque
2501 5449 2652 5504 horis
2682 5464 2740 5502 se
2797 5447 3013 5504 fortiter
3063 5446 3324 5516 gessisset
3377 5447 3426 5496 in

1864 5540 1963 5594 hoc
2016 5550 2310 5600 tormento,
2361 5532 2413 5592 in
2465 5555 2595 5610 pace
2641 5537 2890 5608 spiritum
2955 5532 3065 5591 Deo
3115 5535 3422 5590 committit.

1863 5631 1992 5685 Eum
2025 5641 2207 5688 autem
2255 5633 2433 5687 adhuc
2487 5633 2672 5686 vivere
2725 5639 2976 5698 putantes
3018 5627 3110 5698 qui
3161 5636 3429 5696 βῖκοι-θοι

1860 5724 2168 5789 tormentis,
2210 5738 2280 5777 ne
2338 5723 2406 5777 de
2463 5733 2656 5778 caetero
2703 5718 2922 5788 quidem
2984 5727 3288 5781 cessarunt,
3333 5717 3424 5770 sed

1862 5816 2032 5870 instar
2065 5831 2352 5871 corvorum
2401 5813 2723 5882 torquebant
2773 5812 2934 5864 etiam
2998 5818 3124 5878 post
3169 5815 3424 5862 mortem.

1858 5913 2147 5987 {‘ostquam
2176 5925 2301 5967 vero
2331 5908 2397 5962 ab
2425 5906 2558 5981 ipsis
2579 5905 2851 5973 cognitum
2883 5900 3000 5965 luit,
3041 5909 3092 5955 et
3115 5913 3144 5954 a
3181 5908 3435 5970 tyranno.
