4136 6468
727 402 863 467 1151

2021 396 2306 459 MENSIS
2348 396 2714 461 OCTOBER.

3853 400 3953 466 115

725 535 994 580 mortuum
1022 539 1143 578 esse
1183 523 1398 588 Varum,
1431 538 1630 592 corpus
1658 521 2048 590 deposuerunt,
2082 526 2137 572 et
2176 532 2298 570 cum

2410 520 2575 587 μέσου
2625 523 2716 575 τοῦ
2779 524 2968 584 ἄστεος
3009 523 3408 588 ἑφελκὺσαντες
3452 565 3466 588 ,
3517 527 3680 577 κυσὶν
3722 525 3776 576 oi
3826 524 3988 585 κύνες

723 631 820 685 per
875 616 1108 670 mediam
1160 618 1450 670 traxissent
1496 614 1794 674 civitatem,
1853 611 2079 666 canibus
2131 622 2295 663 canes

722 708 1062 763 exedendum
1124 707 1482 762 tradiderunt.
1541 709 1715 775 Atque
1743 701 1917 756 Varus
1962 702 2178 772 quidem
2212 711 2296 754 ta-

726 801 829 853 lem
905 808 962 855 et
1011 809 1117 853 tam
1176 799 1398 852 felicem
1468 797 1677 851 invenit
1737 795 1964 849 exitum.
2029 792 2295 846 Postridie

723 901 904 945 autem
949 906 1072 944 cum
1105 890 1376 944 sisteudos
1415 898 1675 959 martyres
1709 895 1956 943 curasset
2005 886 2294 956 parricida,

725 999 901 1052 neque
950 992 1132 1051 posset
1174 982 1497 1052 persuadere
1558 981 1795 1052 (volebat
1845 979 2014 1041 enim,
2061 989 2113 1032 et
2149 977 2293 1032 omni

724 1091 826 1145 ope
859 1075 1223 1129 contendebat
1250 1074 1488 1142 conspici
1523 1073 1694 1127 victor
1715 1072 1768 1125 in
1800 1070 2178 1140 persuadendo
2212 1071 2296 1128 iis.

723 1165 815 1233 qui
857 1174 1012 1218 erant
1042 1174 1148 1217 tam
1180 1169 1538 1226 constantes),
1571 1170 1693 1228 post
1723 1161 1886 1213 multa
1921 1170 1973 1213 et
1999 1158 2144 1211 varia
2170 1173 2296 1227 sup-

723 1257 882 1326 plicia
924 1271 1018 1310 eos
1047 1256 1396 1316 condemnat,
1442 1263 1501 1308 ut
1544 1252 1721 1324 gladio
1768 1262 1997 1306 mortem
2045 1250 2295 1305 subeant.

723 1346 1048 1416 Martyribus
1075 1348 1256 1398 autem
1289 1345 1411 1398 laeto
1454 1352 1508 1397 et
1538 1343 1698 1396 alacri
1737 1341 1917 1395 animo
1954 1357 2300 1396 consumma-

724 1439 814 1502 tis,
867 1455 990 1492 curn
1044 1420 1225 1491 sacras
1279 1452 1469 1490 eorum
1522 1435 1780 1504 reliquias
1847 1445 2013 1488 noctu
2080 1435 2297 1503 quidam

724 1530 1018 1585 Christiani
1069 1530 1442 1592 sustulissent,
1485 1529 1538 1582 in
1581 1528 1776 1598 insigni
1821 1527 1939 1582 loco
1975 1535 2163 1581 sancte
2213 1527 2304 1590 de-

725 1632 1045 1693 posuerunt.

796 1712 886 1766 IX.
925 1713 1181 1778 Quaedam
1211 1722 1390 1768 autem
1429 1711 1622 1765 mulier
1660 1725 1724 1764 ex
1787 1710 1853 1765 iis
1905 1726 2024 1779 qua
2072 1711 2124 1765 in
2187 1713 2300 1766 solo

725 1801 835 1858 Deo
875 1817 1024 1870 spem
1064 1812 1376 1872 posuerant,
1429 1810 1545 1855 orta
1598 1802 1651 1854 in
1712 1799 2019 1862 Palaestina.
2075 1803 2298 1857 nomine

722 1896 1029 1962 Cleopatra,
1053 1910 1174 1964 qua
1212 1911 1380 1964 prope
1414 1895 1622 1954 aderat,
1646 1909 1768 1948 cum
1823 1895 2128 1949 decertaret
2162 1912 2302 1949 mar-

725 1999 807 2058 tyr
843 1988 1030 2050 Varus,
1074 1999 1130 2042 et
1191 1988 1405 2041 videbat
1446 1986 1641 2040 acerba
1699 1985 1786 2039 illa
1839 1995 2131 2048 tormenta,
2182 2003 2303 2056 qua

725 2077 950 2132 suberat
1003 2087 1225 2146 propter
1281 2076 1579 2136 Christum.
1644 2085 1699 2130 et
1753 2075 1806 2129 in
1873 2076 2038 2131 corde
2083 2093 2299 2147 gravem

726 2169 937 2240 plagam
980 2169 1304 2237 accipiebat,
1347 2177 1400 2221 et
1432 2184 1622 2237 magna
1655 2167 1989 2222 aﬂiciebatur
2033 2169 2299 2229 molestia.

727 2263 1004 2329 Deumque
1047 2261 1384 2324 obsecrabat,
1415 2260 1624 2327 jejunio
1671 2276 1870 2314 vacans
1933 2271 1985 2315 et
2043 2261 2302 2332 orationi,

727 2361 788 2407 ut
822 2368 973 2407 suam
1003 2355 1249 2405 visitaret
1275 2352 1647 2405 haereditatem
1678 2352 1742 2403 ad
1779 2351 2042 2405 malorum
2079 2368 2301 2406 revoca-

729 2445 969 2498 tionem:
1005 2445 1148 2512 Ipsa,
1179 2443 1421 2511 inquam,
1451 2457 1574 2496 cum
1622 2457 1778 2496 suum
1825 2443 2016 2505 lilium,
2057 2445 2146 2511 qui
2190 2445 2301 2511 pri-

732 2545 872 2583 mam
908 2530 1097 2598 agebat
1123 2539 1357 2592 mtatcm,
1393 2540 1555 2584 noctu
1585 2545 1708 2583 cum
1745 2531 1864 2583 aliis
1895 2531 2301 2599 assumpsisset,

731 2635 788 2678 et
817 2625 1054 2677 venisset
1116 2624 1166 2675 in
1205 2624 1378 2676 locqu
1418 2623 1470 2674 in
1515 2637 1623 2690 quo
1658 2621 1869 2688 jacebat
1920 2637 2116 2690 corpus
2160 2638 2303 2675 mar-

733 2713 882 2783 tyris.
919 2713 967 2765 id
1002 2713 1159 2775 tollit,
1214 2727 1275 2764 ac
1333 2711 1588 2780 pretiosis
1643 2711 1798 2764 unxit
1847 2712 2202 2775 aromatibus,
2253 2720 2306 2763 et

731 2802 1031 2870 splendidis
1061 2802 1236 2855 induit
1284 2801 1543 2854 vestibus.
1598 2801 1664 2854 Et
1707 2801 1962 2868 quoniam
2013 2801 2306 2856 vehemens

730 2905 848 2946 erat
905 2891 1100 2945 [luctus
1158 2891 1449 2959 impietatis
1512 2891 1774 2943 adversus
1835 2890 2209 2955 Christianos,
2252 2903 2304 2947 et

730 2983 909 3052 gravia
951 2991 1080 3035 tunc
1131 2981 1295 3049 capiti
1340 2981 1724 3046 imminebant,
1769 2982 1966 3036 timens
2011 2982 2066 3035 in
2118 2995 2304 3052 aperto

731 3075 1021 3127 ostendere
1055 3074 1335 3142 pietatem,
1373 3091 1496 3127 cum
1532 3076 1631 3126 sub
1662 3091 1818 3128 suum
1851 3076 2052 3130 lectum
2094 3077 2302 3132 tulisset

2401 611 2570 683 βορὰν
2605 614 2932 684 παρέδοσαν.
2976 614 3033 666 '0
3072 615 3170 684 μὲν
3199 611 3290 669 οῦν
3318 615 3527 686 Οὔαρος
3553 615 3804 669 τοιοῦτον
3862 609 3987 683 εῦρε

2399 707 2461 758 το
2508 707 2682 770 τέλος,
2731 707 2822 760 καὶ
2860 706 3001 759 οὓτω
3053 706 3248 776 κομιδῆ
3309 709 3601 778 μακάριον,
3647 712 3712 778 τῇ
3767 709 3827 761 δὲ
3867 709 3988 776 ἑξῆς

2401 801 2526 859 τοὺς
2570 799 2857 868 μάρτυρας
2890 801 2916 850 ὁ
2951 800 3234 866 μιαιφόνος
3288 800 3791 870 παραστησόμενος
3819 839 3834 861 ,
3871 802 3991 852 ἐπεὶ

2405 892 2482 960 μὴ
2521 891 2728 944 πείθειν
2762 886 2870 952 οἶός
2898 908 2955 943 τε
2992 886 3094 961 ἦν’·
3131 891 3382 944 ἐϐούλετο
3407 892 3516 962 γὰρ
3546 893 3642 944 καὶ
3677 895 3791 944 πᾶν
3819 894 3989 943 ἐποίει

2402 984 2628 1051 νικητὴς
2662 983 2994 1054 όφθῆναι,τῷ
3025 985 3350 1052 μεταπεῖσαι
3374 986 3500 1047 τοὺς
3531 984 3677 1037 οὕτω
3709 983 3991 1051 βεϐαίους,

2404 1077 2546 1146 μετὰ
2601 1077 2802 1153 πολλὰς
2857 1079 2950 1130 καὶ
3007 1077 3263 1140 ποικίλας
3299 1079 3394 1140 τὰς
3425 1079 3723 1148 τιμωρίας,
3782 1079 3879 1128 τὸν
3909 1077 3991 1128 διὰ

2410 1168 2598 1235 ξίφους
2627 1167 2806 1220 αὐτῶν
2832 1168 3062 1220 θάνατον
3089 1170 3429 1235 κατακρίνει,
3467 1171 3560 1222 καί⁸
3588 1170 3653 1238 δὴ
3690 1169 3810 1221 τῶν
3856 1184 3988 1237 μαρο

2407 1257 2590 1326 τύρων
2647 1259 2734 1325 ὑφ’
2787 1260 2947 1330 ἡδονῇ
2999 1260 3097 1311 καὶ
3129 1258 3412 1329 προθυμία
3448 1261 3880 1325 τελειωθέντων,
3925 1262 3984 1311 τὰ

2405 1350 2528 1417 ἱερὰ
2576 1348 2782 1401 τούτων
2821 1350 3047 1419 λείψανα
3112 1352 3304 1414 νυκτὸς
3338 1353 3654 1422 Χριστιανοί
3698 1370 3854 1418 τινες
3895 1355 3986 1421 ὐφ-

2406 1440 2676 1509 ελομτνοι,
2704 1440 2867 1503 ὁσίως
2899 1443 2955 1493 ὲν
2989 1442 3248 1514 ἐπισήμῳ
3285 1443 3574 1496 κατέθεντο
3608 1445 3788 1514 τόπῳ.

2476 1714 2551 1768 Θ’.
2609 1714 2746 1783 Γυνὴ
2798 1714 2856 1766 δέ
2904 1731 2985 1776 τις
3031 1715 3138 1766 τῶν
3187 1715 3276 1766 ἐπὶ
3326 1714 3471 1783 μόνῳ
3503 1712 3624 1778 Θεῷ
3655 1715 3758 1783 τὴν
3793 1715 3976 1766 ἐλπίδα

2405 1805 2644 1874 θεμένων
2665 1806 2761 1874 τῆς
2784 1801 3169 1872 Παλαιστηνῶν
3187 1803 3482 1872 ὁρμωμένη
3508 1803 3634 1872 γῆς,
3653 1804 3974 1874 Κλεοπάτρα

2403 1899 2576 1968 ταύτῃ
2619 1897 2680 1950 τὸ
2730 1898 2918 1966 ὄνομα,
2965 1895 3254 1957 ἁθλοῦντος
3300 1896 3392 1949 τοῦ
3425 1897 3704 1966 μάρτυρος⁸
3740 1897 3973 1965 Οῦὰρον,

2403 1990 2567 2055 ἐγγύς
2598 2006 2700 2042 που
2743 1988 3019 2058 παροῦσα,
3057 1987 3275 2051 καὶτὰς
3316 1990 3518 2059 πικρὰς
3560 1989 3782 2048 ὲκείνας
3817 1987 3977 2057 βασα-

2405 2096 2553 2143 νους,
2598 2077 2664 2140 ἃς
2706 2079 2910 2144 ὑπέστη
2943 2078 3029 2130 διὰ
3075 2078 3310 2145 Χριστὸν
3343 2077 3640 2146 βλέπουσα,
3679 2080 3895 2148 βαρέως
3922 2097 3972 2132 τι

2404 2169 2504 2238 τὴν
2539 2169 2769 2237 καρδίαν
2800 2169 3085 2230 ἐτύπτετο,
3109 2169 3203 2221 καὶ
3231 2169 3407 2237 δεινῆς
3439 2170 3752 2238 ἐπληροῦτο
3785 2171 3972 2236 λύττης,

2405 2261 2654 2330 ἐλιπάρει
2711 2276 2771 2312 τε
2827 2259 2888 2312 τὸ
2939 2259 3112 2323 Θεῖον,
3165 2259 3382 2330 νηστείᾳ
3437 2261 3849 2329 προστετηκυῖα
3893 2266 3977 2314 καὶ

2403 2356 2704 2423 προσευχῇ,
2759 2352 2848 2405 τὸν
2909 2351 3075 2405 αὑτοῦ
3139 2352 3339 2422 κλῆρον
3385 2352 3473 2405 ἐπ’
3524 2354 3828 2424 ἀνακλήσει
3879 2353 3978 2406 τῶν

2405 2446 2588 2497 κακῶν
2630 2445 3053 2512 ἐπισκέψασθαι.
3091 2443 3237 2512 Αὕτη
3268 2444 3358 2495 τον
3385 2446 3585 2496 οἰκεῖον
3608 2446 3802 2508 παῖδα,
3838 2446 3981 2512 πρῶ-

2401 2554 2502 2605 την
2546 2536 2744 2602 ἄγοντα
2772 2535 2869 2603 τὴν
2898 2535 3138 2603 ἡλικίαν,
3181 2534 3297 2601 μεθ’
3329 2535 3527 2601 ἐτέρων
3555 2534 3780 2602 νύκτωρ
3810 2552 3983 2603 παρα-

2403 2628 2669 2690 λαϐοῦσα,
2725 2629 2847 2678 ὅποι
2885 2643 2943 2677 τε
2983 2629 3010 2677 ὀ
3046 2625 3238 2694 νεκρὸς
3285 2625 3379 2677 τοῦ
3429 2625 3712 2695 μάρτυρος
3759 2629 3984 2699 ἔρριπτο

2406 2717 2794 2771 καταλαϐοῦσα
2831 2734 2844 2780 ;
2878 2718 3068 2770 τοῦτον
3115 2719 3445 2787 ἀναιρεῖται,
3497 2719 3764 2787 ἀρώμασί
3798 2739 3860 2771 τι
3899 2738 3985 2772 που

2405 2810 2646 2863 λυτελέσι
2677 2811 2952 2877 μυρίσασα
2979 2810 3071 2862 καὶ
3098 2810 3376 2879 λαμπραῖς
3397 2809 3587 2879 ὲσθῆσι
3611 2811 3985 2878 περιϐαλοῦσα

2405 2902 2498 2954 καὶ
2553 2903 2783 2970 ἐπείπερ
2814 2902 2968 2968 ὁτῆς
3021 2903 3277 2962 ἀσεϐείας
3330 2902 3539 2952 κλύδων
3586 2903 3848 2968 ἐκράτει,
3900 2904 3985 2955 καὶ

2405 2994 2545 3062 ὑπὲρ
2581 2993 2827 3061 κεφαλῆς
2862 2995 3028 3062 ἦρετο
3076 2992 3146 3042 τὰ
3192 2992 3338 3044 δεινά
3374 2994 3428 3044 ἐν
3460 2994 3688 3062 φανερῷ
3720 2994 3986 3047 δεδοικυῖα

2405 3086 2742 3152 προαγαγεῖν
2770 3082 2864 3150 τὴν
2896 3081 3177 3132 εὐσέϐειαν
3204 3120 3218 3144 ,
3270 3083 3371 3134 ὑπὸ
3400 3084 3495 3152 τὴν
3534 3085 3706 3152 αὐτῆς
3763 3086 3949 3153 κλίνην
3972 3126 3986 3146 ,

731 3176 988 3234 quantum
1020 3174 1177 3219 terra:
1204 3165 1523 3228 sulliciebat,
1561 3181 1684 3219 eum
1716 3168 1941 3236 deponit
1985 3178 2300 3223 reverenter

2411 3174 2516 3241 γῆν
2551 3175 2673 3224 ὅσον
2705 3172 2908 3243 ἀρκοῦν
2947 3167 3014 3242 ἦν
3067 3174 3439 3243 ὲκςορήσασα,
3479 3175 3804 3244 σεεασμίως
3833 3177 3988 3228 aut?»

734 3258 1037 3311 accendens
1067 3257 1264 3318 lucem,
1303 3265 1356 3311 et
1382 3257 1670 3322 sumtibus,
1707 3267 1761 3311 ut
1807 3259 2004 3326 potuit,
2040 3259 2087 3312 ei
2130 3258 2304 3315 hono-

733 3364 848 3402 rem
904 3349 1168 3400 tribuens.
1229 3345 1565 3402 Procedente
1631 3357 1812 3404 autem
1883 3361 2127 3420 tempore
2182 3369 2303 3407 cum

737 3441 1002 3496 idolorum
1039 3450 1402 3495 marcesceret
1429 3441 1679 3507 impietas
1699 3480 1713 3502 ,
1748 3442 1895 3493 venit
1918 3444 1966 3494 ei
1997 3444 2047 3494 in
2075 3455 2304 3497 mentem

735 3534 962 3586 alienam
999 3534 1273 3586 dimittere
1328 3529 1627 3600 regionem,
1678 3541 1733 3585 et
1763 3532 1938 3588 redire
1969 3533 2021 3587 in
2052 3535 2301 3603 patriam.

734 3624 870 3678 Cum
899 3634 1077 3677 autem
1112 3640 1217 3678 non
1252 3634 1436 3692 posset
1479 3640 1676 3690 corpus
1712 3627 2003 3680 transferre
2037 3631 2304 3698 martyris,

733 3716 838 3770 nisi
875 3716 928 3769 id
973 3717 1125 3784 prius
1170 3715 1503 3784 significaret
1545 3716 1790 3783 praesidi,
1845 3719 2006 3774 rebus
2054 3722 2306 3776 omnibus

736 3808 849 3862 suis
880 3807 1018 3862 bene
1063 3807 1404 3875 compositis,
1462 3821 1558 3874 per
1618 3807 1907 3874 quemdam
1949 3825 2011 3863 ex
2072 3811 2159 3875 iis,
2214 3814 2302 3882 qui

735 3898 960 3965 ascripti
1023 3907 1175 3949 erant
1206 3896 1258 3947 in
1308 3910 1592 3948 numerum
1635 3904 1933 3959 oratorum,
1985 3901 2193 3954 accedit
2241 3903 2305 3957 ad

739 3987 843 4041 loci
872 3984 1175 4054 praesidem,
1202 3991 1256 4036 et
1281 3997 1403 4036 eum
1429 3985 1671 4051 pecuniis
1703 3987 2023 4056 aggrediens
2050 3991 2301 4058 rogabat,

741 4088 799 4132 ut
830 4064 931 4131 sibi
965 4092 1161 4145 corpus
1189 4085 1463 4128 mortuum
1505 4075 1700 4129 eﬂerre
1744 4079 2086 4132 concederet.
2122 4079 2307 4144 Quod.

741 4184 861 4224 nam
915 4178 1097 4221 autem
1165 4177 1311 4219 esset
1368 4182 1610 4233 corpus,
1679 4178 1734 4221 et
1799 4170 2052 4238 quisnam
2113 4172 2307 4228 modus

740 4260 932 4314 mortis
998 4256 1309 4324 explicans,
1379 4256 1592 4309 dicebat
1659 4271 1816 4310 suum
1883 4261 2162 4326 maritum,
2215 4266 2305 4333 qui

739 4352 944 4422 primas
991 4348 1302 4402 obtinuerat
1354 4357 1534 4414 partes
1591 4348 1646 4401 in
1694 4351 1960 4413 exercitu,
2017 4354 2294 4424 multaque

737 4446 999 4516 praeclara
1087 4449 1139 4494 et
1220 4441 1450 4510 insignia
1515 4450 1712 4511 tropaea
1784 4445 2044 4500 adversus
2120 4445 2306 4503 hostes

2413 3264 2755 3333 κατατίθησι,
2792 3264 2906 3331 φῶς
2938 3281 2996 3316 τε
3033 3264 3296 3318 ἄσϐεστον
3335 3267 3480 3336 αὐτῷ
3511 3268 3864 3335 ὑφάπτουσα,
3899 3271 3986 3321 καὶ

2410 3356 2772 3422 θυμιάμασιν,
2799 3355 2870 3413 ὡς
2900 3349 3036 3421 εἶχε,
3065 3356 3308 3420 νέμουσα
3353 3358 3449 3423 τὴν
3485 3362 3676 3428 τιμήν.
3712 3361 3908 3429 Χρόνῳ
3936 3362 3984 3413 δὲ

2411 3447 2637 3514 ὓστερον
2681 3448 2777 3518 τῆς
2817 3445 3102 3514 είδωλικῆς
3153 3445 3409 3508 ἀσεϐείας
3458 3449 3985 3518 ἀπομαραινομένης

2410 3539 2535 3592 νοῦν
2568 3539 2691 3606 ἔσχε
2748 3539 2844 3606 τὴν
2886 3538 3175 3605 ἀλλοτρίαν
3201 3540 3419 3604 ἀφεῖναι
3462 3540 3556 3591 καὶ
3591 3538 3691 3606 τῆς
3733 3541 3984 3611 πατρίδος

2410 3627 2563 3690 αὖθις
2592 3627 2842 3695 γενέσθαι
2866 3642 2880 3657 ·
2919 3629 3040 3680 ἐπεὶ
3076 3629 3129 3681 δὲ
3158 3629 3252 3698 οὐχ
3305 3631 3391 3683 οἴα
3427 3647 3486 3682 τε
3515 3628 3581 3701 ἦν
3612 3633 3712 3684 καὶ
3751 3633 3847 3685 τὸν
3898 3649 3982 3684 νε.

2411 3720 2540 3789 κρδν
2595 3719 2962 3787 μετακομίσαι
3022 3719 3114 3772 τοῦ
3171 3722 3470 3791 μάρτυρος,
3519 3725 3568 3774 εί
3605 3725 3684 3792 μὴ
3721 3725 3982 3794 πρότερον

2409 3811 2668 3876 γνωρίσοι
2714 3809 2792 3876 τῷ
2829 3809 3076 3874 ἡγεμόνι,
3110 3811 3174 3860 τὰ
3223 3811 3343 3862 κατ’
3386 3812 3546 3862 αὑτὸν
3588 3812 3650 3863 εὖ
3695 3817 3872 3866 πάντα
3903 3815 3983 3866 Gs-

2412 3901 2572 3969 μένη,
2599 3899 2686 3951 δια
2725 3916 2866 3963 τινος
2892 3902 2998 3953 τῶν
3027 3901 3081 3952 ὲν
3113 3903 3218 3962 τοῖς
3253 3904 3475 3971 ῥήτορσι
3511 3906 3877 3972 γραμμὲνων,
3909 3907 3981 3977 τῷ

2404 3991 2498 4046 ἐπὶ
2549 3989 2642 4043 τοῦ
2716 3993 2884 4044 τόπου
2955 3990 3340 4060 ἡγεμονεύοντι
3379 3997 3710 4063 προσφοιτᾷ,
3756 3997 3849 4047 καὶ
3895 3999 3980 4051 τὸν

2408 4081 2575 4150 ἄνδρα
2607 4082 2886 4150 χρήμασιν
2921 4083 3248 4148 ὑπελθοῦσα,
3282 4084 3448 4136 ἐδεῖτο
3475 4086 3614 4154 αὐτῇ
3649 4087 3979 4155 χαρίσασθαι

2406 4174 2505 4242 τὴν
2536 4173 2629 4225 τοῦ
2659 4173 2849 4239 νεκροῦ
2883 4177 3146 4243 ἐκτροράν,
3177 4178 3271 4239 Τίς
3299 4177 3353 4229 δὲ
3389 4181 3416 4231 ὁ
3449 4178 3646 4248 νεκρὸς
3703 4182 3800 4233 καὶ
3837 4183 3977 4244 ὅστις

2405 4263 2432 4314 ὁ
2491 4263 2687 4332 τρόπος
2734 4262 2830 4330 τῆς
2877 4262 3132 4330 τελευτῆς
3175 4265 3588 4334 ὲρμηνεύουσα,
3631 4271 3726 4322 τὸν
3784 4274 3977 4325 οἰκεῖον

2407 4353 2646 4429 ἔφασκεν
2676 4353 2864 4422 ἄνδρα,
2898 4354 2987 4406 τὸν
3016 4355 3074 4407 ὲν
3099 4357 3162 4424 τῇ
3196 4357 3454 4426 στρατείᾳ
3487 4360 3552 4410 τὰ
3586 4363 3783 4429 πρῶτα
3817 4364 3978 4416 διενεο

2407 4445 2627 4508 γκόντα,
2654 4445 2881 4515 λαμπρά
2907 4464 2964 4499 τε
3000 4447 3094 4500 καὶ
3132 4447 3405 4517 περιφανῆ
3434 4448 3719 4514 πολλάκις,
3746 4455 3813 4505 τὰ
3841 4457 3974 4506 κατᾶ

737 4543 1005 4598 erexerat,
1061 4547 1185 4586 cum
1237 4534 1292 4585 in
1351 4547 1443 4586 eos
1498 4533 1660 4588 multa
1726 4547 1947 4591 strenue
1995 4548 2048 4593 et
2093 4540 2300 4596 fortiter

2411 4536 2517 4587 τῶν
2556 4535 2832 4602 πολεμίων
2865 4539 3139 4606 στήσαντα
3190 4539 3446 4609 τρόπαια,
3491 4541 3582 4592 καὶ
3619 4542 3838 4604 πολλοῖς
3870 4548 3974 4606 τοῖς

737 4628 1018 4700 gessisset,
1053 4640 1115 4678 ex
1163 4626 1266 4678 hac
1316 4633 1426 4676 vita
1482 4625 1803 4692 excessisse,
1843 4644 1910 4682 ne
1965 4631 2302 4698 sepulturam

735 4720 954 4788 quidem
990 4732 1150 4785 quam
1190 4731 1286 4784 par
1308 4726 1442 4781 crat,
1473 4728 1848 4773 consecutum.
1880 4718 2073 4790 Hujus,
2111 4723 2303 4792 inquit,

736 4825 837 4881 ego
865 4824 1067 4876 corpus
1102 4807 1256 4862 valde
1281 4808 1472 4861 studeo
1508 4808 1562 4861 in
1595 4824 1746 4863 suam
1798 4813 2094 4867 transferre
2125 4816 2304 4883 regio-

736 4919 884 4957 nem.
927 4900 1087 4954 Cedit
1131 4901 1312 4968 itaque
1360 4901 1651 4968 provinciae
1693 4917 1892 4970 praeses
1941 4905 2213 4972 petitioni,
2251 4917 2305 4960 et

736 4991 1008 5062 permittit
1047 4991 1093 5043 ei
1140 4988 1318 5043 facere
1382 4991 1524 5058 quod
1585 4993 1910 5060 postulabat.
1974 4993 2066 5046 illa
2117 5004 2298 5049 autem

735 5085 818 5137 sui
860 5082 1078 5151 quidem
1118 5081 1295 5134 mariti
1349 5097 1573 5149 corpus,
1623 5083 1721 5150 qui
1776 5083 1827 5135 in
1881 5085 2052 5138 aliena
2088 5085 2303 5154 regione

734 5174 824 5228 diu
860 5185 985 5227 ante
1011 5187 1040 5225 c
1073 5173 1206 5225 vivis
1233 5184 1562 5239 excesserat,
1613 5183 1965 5229 monumento
2010 5178 2300 5232 mandave-

735 5273 838 5328 rat,
869 5266 921 5318 in
951 5263 1005 5318 id
1039 5263 1237 5332 injecto
1269 5263 1510 5332 pulvere.

805 5443 868 5496 Χ.
911 5442 1048 5494 Cum
1075 5441 1237 5510 igitur
1277 5441 1525 5512 martyris
1561 5456 1756 5511 corpus
1787 5444 2116 5503 sustulisset.
2166 5455 2212 5497 et
2249 5445 2295 5497 id

733 5550 920 5589 rursus
957 5534 1221 5598 tinxisset,
1256 5544 1310 5589 et
1338 5535 1677 5605 splendidius
1704 5537 2120 5604 composuisset,
2143 5547 2195 5589 et
2232 5553 2297 5589 nu

732 5626 835 5679 hoc
889 5626 1238 5680 Christianus
1287 5627 1556 5697 quispiam
1612 5626 1751 5681 scire
1810 5636 2016 5696 posset,
2071 5628 2122 5678 in
2174 5643 2294 5681 arca

733 5718 977 5788 oleagina
1037 5719 1416 5787 imposuisset,
1466 5728 1518 5773 et
1566 5719 1936 5773 abscondisset
1993 5721 2135 5784 (nam
2184 5719 2295 5787 pri-

734 5823 878 5863 mum
917 5807 1134 5879 quidem
1185 5809 1405 5864 timebat
1455 5808 1690 5877 gentium
1741 5809 2039 5873 insaniam,
2097 5807 2290 5864 deinde

2409 4628 2529 4681 κατ’
2580 4626 2758 4678 αὐτῶν
2813 4629 3368 4694 ὲγκαλλωπισάμενον
3435 4633 3830 4703 ἀριστεὺμασι,
3891 4637 3975 4688 τὸν

2409 4720 2520 4790 βίον
2563 4716 2663 4769 ὧδε
2697 4719 3036 4789 μεταλαχεῖν,
3090 4721 3226 4790 pnas
3254 4721 3352 4788 τῆς
3390 4724 3562 4789 ταφῆς
3591 4728 3973 4795 προσηκούσης

2407 4810 2722 4873 ἀξιωθέντα.
2747 4811 2968 4873 Τούτου,
2999 4811 3154 4879 φησὶ,
3186 4811 3278 4865 τὸν
3312 4814 3501 4884 νεκρὸν
3537 4815 3650 4882 ἐγὼ
3679 4819 3769 4871 διὰ
3816 4837 3971 4872 σπου-

2404 4901 2500 4968 δῆς
2530 4901 2652 4969 ἄρτι
2679 4901 2893 4967 τίθεμαι
2912 4903 3046 4971 πρὶς
3065 4901 3387 4972 τὴνοξκείαν
3415 4913 3790 4973 μετενεγκεῖν.
3816 4895 3970 4967 ,Εἶχε

2403 4991 2693 5060 τοιγαροῦν
2719 4994 2745 5043 ὁ
2774 4992 2871 5058 τῆς
2898 4993 3167 5062 ἐπαρχίας
3191 4996 3410 5063 ἡγεμὼν
3440 4997 3577 5066 πρὸς
3606 5001 3712 5066 τὴν
3740 5004 3967 5071 αἴτησιν,

2407 5083 2499 5134 καὶ
2532 5085 2790 5152 πράττειν
2815 5084 2954 5155 αὐτῇ
2981 5085 3040 5136 τὸ
3071 5092 3474 5156 παριστάμενον
3513 5089 3828 5160 ἐπιτρέπει⁸
3861 5097 3890 5162 ἡ
3920 5096 3968 5146 δὲ

2403 5176 2493 5228 τὸν
2526 5177 2620 5241 μὲν
2649 5176 2742 5228 τοῦ
2772 5179 2970 5245 ἑαυτῆς
3001 5177 3191 5244 ἀνδρὸς
3223 5179 3414 5248 νεκρὸν
3460 5179 3549 5231 τὸν
3587 5181 3704 5250 βίον
3749 5187 3970 5238 ἐπάλλο-

2403 5268 2464 5318 5a
2478 5269 2572 5333 πῆς
2601 5267 2778 5332 πολλῷ
2803 5270 3064 5338 πρότερον
3087 5269 3485 5332 καταλύσαντος
3517 5277 3768 5342 μνήματι
3802 5295 3968 5346 παρα-

2403 5357 2623 5410 δεδώκει
2657 5359 2803 5410 κόνιν
2842 5360 3105 5412 ἐπιϐαλοῦ
3118 5379 3206 5412 σα.

2475 5446 2525 5500 Ι’.
2565 5449 2665 5500 Τὸν
2692 5450 2745 5502 δὲ
2772 5451 2861 5502 τοῦ
2895 5455 3175 5522 μάρτυρος
3211 5451 3333 5520 ἄρτι
3358 5453 3658 5527 ἀνελομένη
3694 5462 3968 5530 μυρίσασά

2401 5557 2458 5592 τε
2492 5539 2664 5605 αὖθις,
2713 5542 3069 5614 λαμπρότερα
3101 5561 3160 5596 τε
3201 5545 3586 5615 περιϐαλοῦσα,
3629 5553 3728 5602 καὶ
3774 5552 3849 5616 ὡς
3909 5556 3965 5607 ἂν

2404 5631 2588 5697 μήτινι
2636 5628 2793 5680 τοῦτο
2843 5631 3030 5699 μαθεῖν
3065 5631 3294 5700 ὑπαρξοι
3338 5634 3708 5702 Χριστιανῶν,
3737 5642 3797 5691 ἐν
3844 5644 3965 5711 mn

2401 5721 2559 5790 ἐρέας
2593 5722 2855 5789 ἐνθεμένη
2890 5725 2981 5775 καὶ
3015 5725 3378 5793 ῦποκρῦψασα
3408 5768 3418 5786 ,
3455 5726 3645 5782 ἑδεδὲιι
3687 5734 3800 5802 γὰρ
3840 5739 3961 5815 apd-

2402 5831 2553 5884 τερον
2592 5815 2684 5884 μὲν
2721 5815 2825 5868 τῶν
2859 5817 3181 5888 {nmmum
3216 5818 3310 5885 τὴν
3346 5820 3562 5887 μανίαν,
3609 5828 3757 5891 μετὰ
3801 5830 3959 5886 ταῦτα
