  <div class='ocr_page' id='page_1' title='image "/cluster/home/n/w/nwhite01/storage/ocr_20150623/115/uva.x004215515/638.png"; bbox 0 0 4136 6506; ppageno 0'>
   <div class='ocr_carea' id='block_1_1' title="bbox 188 456 331 518">
    <p class='ocr_par' dir='ltr' id='par_1_1' title="bbox 188 456 331 518">
     <span class='ocr_line' id='line_1_1' title="bbox 188 456 331 518; baseline 0.007 -2"><span class='ocrx_word' id='word_1_1' title='bbox 188 456 331 518; x_wconf 86' lang='grc'>1153</span> 
     </span>
    </p>
   </div>
   <div class='ocr_carea' id='block_1_2' title="bbox 1427 451 2250 515">
    <p class='ocr_par' dir='ltr' id='par_1_2' title="bbox 1427 451 2250 515">
     <span class='ocr_line' id='line_1_2' title="bbox 1427 451 2250 515; baseline 0 -1"><span class='ocrx_word' id='word_1_2' title='bbox 1427 451 1894 514; x_wconf 78' lang='lat' dir='ltr'><strong>MARTYRIUM</strong></span> <span class='ocrx_word' id='word_1_3' title='bbox 1938 454 1996 514; x_wconf 91' lang='lat' dir='ltr'><strong>S.</strong></span> <span class='ocrx_word' id='word_1_4' title='bbox 2039 456 2250 515; x_wconf 78' lang='lat' dir='ltr'><strong>VARI.</strong></span> 
     </span>
    </p>
   </div>
   <div class='ocr_carea' id='block_1_3' title="bbox 3313 459 3455 527">
    <p class='ocr_par' dir='ltr' id='par_1_3' title="bbox 3313 459 3455 527">
     <span class='ocr_line' id='line_1_3' title="bbox 3313 459 3455 527; baseline 0.021 -3"><span class='ocrx_word' id='word_1_5' title='bbox 3313 459 3455 527; x_wconf 71' lang='grc'>1154</span> 
     </span>
    </p>
   </div>
   <div class='ocr_carea' id='block_1_4' title="bbox 187 560 1767 644">
    <p class='ocr_par' dir='ltr' id='par_1_4' title="bbox 187 560 1767 643">
     <span class='ocr_line' id='line_1_4' title="bbox 187 560 1767 643; baseline 0 -19"><span class='ocrx_word' id='word_1_6' title='bbox 187 574 244 624; x_wconf 78' lang='grc' dir='ltr'><strong>δέ</strong></span> <span class='ocrx_word' id='word_1_7' title='bbox 295 573 475 642; x_wconf 81' lang='grc' dir='ltr'>πολλῴ</span> <span class='ocrx_word' id='word_1_8' title='bbox 521 573 678 627; x_wconf 80' lang='grc' dir='ltr'>πλέον</span> <span class='ocrx_word' id='word_1_9' title='bbox 709 575 818 628; x_wconf 81' lang='grc' dir='ltr'>τῶν</span> <span class='ocrx_word' id='word_1_10' title='bbox 858 573 1098 627; x_wconf 69' lang='grc' dir='ltr'>εὐσεϐῶν</span> <span class='ocrx_word' id='word_1_11' title='bbox 1127 573 1227 641; x_wconf 80' lang='grc' dir='ltr'>τὴν</span> <span class='ocrx_word' id='word_1_12' title='bbox 1261 572 1595 643; x_wconf 76' lang='grc' dir='ltr'>θερμότητα,</span> <span class='ocrx_word' id='word_1_13' title='bbox 1641 560 1767 627; x_wconf 73' lang='grc' dir='ltr'>παν-</span> 
     </span>
    </p>
   </div>
   <div class='ocr_carea' id='block_1_5' title="bbox 1872 560 3459 644">
    <p class='ocr_par' dir='ltr' id='par_1_5' title="bbox 1881 571 3459 644">
     <span class='ocr_line' id='line_1_5' title="bbox 1881 571 3459 644; baseline 0.007 -20"><span class='ocrx_word' id='word_1_14' title='bbox 1881 580 2087 633; x_wconf 86' lang='lat' dir='ltr'><strong>autem.</strong></span> <span class='ocrx_word' id='word_1_15' title='bbox 2140 583 2192 626; x_wconf 87' lang='lat' dir='ltr'><strong>et</strong></span> <span class='ocrx_word' id='word_1_16' title='bbox 2235 571 2404 626; x_wconf 90' lang='lat' dir='ltr'><strong>multo</strong></span> <span class='ocrx_word' id='word_1_17' title='bbox 2456 573 2625 643; x_wconf 83' lang='lat' dir='ltr'><strong>magis</strong></span> <span class='ocrx_word' id='word_1_18' title='bbox 2671 573 2880 642; x_wconf 84' lang='lat' dir='ltr'><strong>piorum</strong></span> <span class='ocrx_word' id='word_1_19' title='bbox 2938 573 3232 644; x_wconf 72' lang='lat' dir='ltr'><strong>fervorem,</strong></span> <span class='ocrx_word' id='word_1_20' title='bbox 3278 582 3459 636; x_wconf 85' lang='lat' dir='ltr'><strong>omni-</strong></span> 
     </span>
    </p>
   </div>
   <div class='ocr_carea' id='block_1_6' title="bbox 188 665 1766 737">
    <p class='ocr_par' dir='ltr' id='par_1_6' title="bbox 188 665 1766 737">
     <span class='ocr_line' id='line_1_6' title="bbox 188 665 1766 737; baseline 0.003 -21"><span class='ocrx_word' id='word_1_21' title='bbox 188 683 299 717; x_wconf 87' lang='grc' dir='ltr'><strong>των</strong></span> <span class='ocrx_word' id='word_1_22' title='bbox 323 665 401 729; x_wconf 87' lang='grc' dir='ltr'><strong>ὡς</strong></span> <span class='ocrx_word' id='word_1_23' title='bbox 444 670 504 719; x_wconf 82' lang='grc' dir='ltr'>τὸ</span> <span class='ocrx_word' id='word_1_24' title='bbox 536 667 681 728; x_wconf 72' lang='grc' dir='ltr'>είκδς</span> <span class='ocrx_word' id='word_1_25' title='bbox 725 666 884 737; x_wconf 74' lang='grc' dir='ltr'>ἔργον</span> <span class='ocrx_word' id='word_1_26' title='bbox 932 666 1090 720; x_wconf 82' lang='grc' dir='ltr'>τοῦτο</span> <span class='ocrx_word' id='word_1_27' title='bbox 1122 667 1546 720; x_wconf 60' lang='grc' dir='ltr'><strong>σπουδαιότατον</strong></span> <span class='ocrx_word' id='word_1_28' title='bbox 1578 685 1766 721; x_wconf 81' lang='grc' dir='ltr'>ποιου-</span> 
     </span>
    </p>
   </div>
   <div class='ocr_carea' id='block_1_7' title="bbox 195 757 1767 830">
    <p class='ocr_par' dir='ltr' id='par_1_7' title="bbox 195 757 1767 830">
     <span class='ocr_line' id='line_1_7' title="bbox 195 757 1767 830; baseline 0.002 -21"><span class='ocrx_word' id='word_1_29' title='bbox 195 757 374 826; x_wconf 82' lang='grc' dir='ltr'>μένων</span> <span class='ocrx_word' id='word_1_30' title='bbox 410 758 748 827; x_wconf 83' lang='grc' dir='ltr'>ἁναιρεῖσθαι</span> <span class='ocrx_word' id='word_1_31' title='bbox 785 758 890 811; x_wconf 85' lang='grc' dir='ltr'><strong>τῶν</strong></span> <span class='ocrx_word' id='word_1_32' title='bbox 921 760 1060 830; x_wconf 82' lang='grc' dir='ltr'>ὑπὲρ</span> <span class='ocrx_word' id='word_1_33' title='bbox 1099 759 1339 829; x_wconf 78' lang='grc' dir='ltr'><strong>Χριστοῦ</strong></span> <span class='ocrx_word' id='word_1_34' title='bbox 1372 760 1654 812; x_wconf 79' lang='grc' dir='ltr'>παθόντων</span> <span class='ocrx_word' id='word_1_35' title='bbox 1699 761 1767 812; x_wconf 72' lang='grc' dir='ltr'>τὰ</span> 
     </span>
    </p>
   </div>
   <div class='ocr_carea' id='block_1_8' title="bbox 188 848 1768 920">
    <p class='ocr_par' dir='ltr' id='par_1_8' title="bbox 188 848 1768 920">
     <span class='ocr_line' id='line_1_8' title="bbox 188 848 1768 920; baseline 0 -20"><span class='ocrx_word' id='word_1_36' title='bbox 188 848 445 917; x_wconf 76' lang='grc' dir='ltr'>λείψανα,</span> <span class='ocrx_word' id='word_1_37' title='bbox 479 849 686 902; x_wconf 84' lang='grc' dir='ltr'>τούτων</span> <span class='ocrx_word' id='word_1_38' title='bbox 730 848 823 902; x_wconf 74' lang='grc' dir='ltr'><strong>οῦν</strong></span> <span class='ocrx_word' id='word_1_39' title='bbox 853 850 926 912; x_wconf 83' lang='grc' dir='ltr'>ὡς</span> <span class='ocrx_word' id='word_1_40' title='bbox 964 850 1160 919; x_wconf 70' lang='grc' dir='ltr'>ἥδιστα</span> <span class='ocrx_word' id='word_1_41' title='bbox 1189 851 1320 920; x_wconf 65' lang='grc' dir='ltr'>περὶ</span> <span class='ocrx_word' id='word_1_42' title='bbox 1355 848 1532 904; x_wconf 83' lang='grc' dir='ltr'>ταῦτα</span> <span class='ocrx_word' id='word_1_43' title='bbox 1579 851 1768 903; x_wconf 77' lang='grc' dir='ltr'>διαπο-</span> 
     </span>
    </p>
   </div>
   <div class='ocr_carea' id='block_1_9' title="bbox 191 939 1766 1012">
    <p class='ocr_par' dir='ltr' id='par_1_9' title="bbox 191 939 1766 1012">
     <span class='ocr_line' id='line_1_9' title="bbox 191 939 1766 1012; baseline 0.003 -23"><span class='ocrx_word' id='word_1_44' title='bbox 191 939 487 1007; x_wconf 65' lang='grc' dir='ltr'>νουμένων,</span> <span class='ocrx_word' id='word_1_45' title='bbox 542 941 721 1010; x_wconf 86' lang='grc' dir='ltr'>ἐκείνη</span> <span class='ocrx_word' id='word_1_46' title='bbox 770 942 868 1008; x_wconf 75' lang='grc' dir='ltr'>τὴν</span> <span class='ocrx_word' id='word_1_47' title='bbox 919 941 1284 1012; x_wconf 71' lang='grc' dir='ltr'><strong>Παλαιστίνην</strong></span> <span class='ocrx_word' id='word_1_48' title='bbox 1329 940 1766 1010; x_wconf 71' lang='grc' dir='ltr'>καταλαμϐάνει.</span> 
     </span>
    </p>
   </div>
   <div class='ocr_carea' id='block_1_10' title="bbox 191 1024 1770 1099">
    <p class='ocr_par' dir='ltr' id='par_1_10' title="bbox 191 1024 1770 1099">
     <span class='ocr_line' id='line_1_10' title="bbox 191 1024 1770 1099; baseline -0.001 -19"><span class='ocrx_word' id='word_1_49' title='bbox 191 1027 367 1080; x_wconf 79' lang='grc' dir='ltr'>Αὐτοῦ</span> <span class='ocrx_word' id='word_1_50' title='bbox 402 1029 455 1080; x_wconf 79' lang='grc' dir='ltr'>δὲ</span> <span class='ocrx_word' id='word_1_51' title='bbox 494 1033 758 1099; x_wconf 80' lang='grc' dir='ltr'><strong>γενομένη</strong></span> <span class='ocrx_word' id='word_1_52' title='bbox 801 1029 936 1082; x_wconf 89' lang='grc' dir='ltr'>κατά</span> <span class='ocrx_word' id='word_1_53' title='bbox 987 1046 1106 1082; x_wconf 85' lang='grc' dir='ltr'>τινα</span> <span class='ocrx_word' id='word_1_54' title='bbox 1149 1029 1343 1097; x_wconf 83' lang='grc' dir='ltr'>κώμην</span> <span class='ocrx_word' id='word_1_55' title='bbox 1373 1028 1526 1096; x_wconf 77' lang='grc' dir='ltr'>παρὰ</span> <span class='ocrx_word' id='word_1_56' title='bbox 1554 1028 1630 1097; x_wconf 78' lang='grc' dir='ltr'>τῷ</span> <span class='ocrx_word' id='word_1_57' title='bbox 1661 1024 1770 1079; x_wconf 82' lang='grc' dir='ltr'><strong>Θα-</strong></span> 
     </span>
    </p>
   </div>
   <div class='ocr_carea' id='block_1_11' title="bbox 193 1117 1768 1188">
    <p class='ocr_par' dir='ltr' id='par_1_11' title="bbox 193 1117 1768 1188">
     <span class='ocr_line' id='line_1_11' title="bbox 193 1117 1768 1188; baseline 0.003 -23"><span class='ocrx_word' id='word_1_58' title='bbox 193 1118 378 1185; x_wconf 74' lang='grc' dir='ltr'>θωρίῳ</span> <span class='ocrx_word' id='word_1_59' title='bbox 423 1121 704 1188; x_wconf 78' lang='grc' dir='ltr'>κειμένην,</span> <span class='ocrx_word' id='word_1_60' title='bbox 742 1120 907 1187; x_wconf 78' lang='grc' dir='ltr'>Ἕδρα</span> <span class='ocrx_word' id='word_1_61' title='bbox 941 1119 997 1171; x_wconf 81' lang='grc' dir='ltr'>δὲ</span> <span class='ocrx_word' id='word_1_62' title='bbox 1041 1119 1456 1187; x_wconf 80' lang='grc' dir='ltr'>κατωνόμαστο,</span> <span class='ocrx_word' id='word_1_63' title='bbox 1507 1119 1570 1170; x_wconf 76' lang='grc' dir='ltr'><strong>τὸ</strong></span> <span class='ocrx_word' id='word_1_64' title='bbox 1624 1117 1768 1170; x_wconf 84' lang='grc' dir='ltr'>θεῖον</span> 
     </span>
    </p>
   </div>
   <div class='ocr_carea' id='block_1_12' title="bbox 193 1209 1768 1282">
    <p class='ocr_par' dir='ltr' id='par_1_12' title="bbox 193 1209 1768 1282">
     <span class='ocr_line' id='line_1_12' title="bbox 193 1209 1768 1282; baseline 0.002 -22"><span class='ocrx_word' id='word_1_65' title='bbox 193 1211 355 1280; x_wconf 81' lang='grc' dir='ltr'>σῶμα</span> <span class='ocrx_word' id='word_1_66' title='bbox 419 1211 509 1263; x_wconf 71' lang='grc' dir='ltr'><strong>τοῦ</strong></span> <span class='ocrx_word' id='word_1_67' title='bbox 564 1214 836 1282; x_wconf 74' lang='grc' dir='ltr'>μάρτυρος</span> <span class='ocrx_word' id='word_1_68' title='bbox 893 1211 1288 1273; x_wconf 80' lang='grc' dir='ltr'>κατατίθεται,</span> <span class='ocrx_word' id='word_1_69' title='bbox 1356 1209 1649 1278; x_wconf 78' lang='grc' dir='ltr'><strong>λαμπάδας</strong></span> <span class='ocrx_word' id='word_1_70' title='bbox 1708 1226 1768 1264; x_wconf 76' lang='grc' dir='ltr'><strong>τε</strong></span> 
     </span>
    </p>
   </div>
   <div class='ocr_carea' id='block_1_13' title="bbox 194 1301 1768 1371">
    <p class='ocr_par' dir='ltr' id='par_1_13' title="bbox 194 1301 1768 1371">
     <span class='ocr_line' id='line_1_13' title="bbox 194 1301 1768 1371; baseline -0.004 -14"><span class='ocrx_word' id='word_1_71' title='bbox 194 1304 538 1371; x_wconf 69' lang='grc' dir='ltr'>ὑφάπτουσα,</span> <span class='ocrx_word' id='word_1_72' title='bbox 575 1306 670 1355; x_wconf 75' lang='grc' dir='ltr'>καὶ</span> <span class='ocrx_word' id='word_1_73' title='bbox 704 1302 873 1354; x_wconf 73' lang='grc' dir='ltr'>πολλὰ</span> <span class='ocrx_word' id='word_1_74' title='bbox 907 1303 1013 1354; x_wconf 78' lang='grc' dir='ltr'>τῶν</span> <span class='ocrx_word' id='word_1_75' title='bbox 1063 1303 1312 1370; x_wconf 70' lang='grc' dir='ltr'>εὐόσμων</span> <span class='ocrx_word' id='word_1_76' title='bbox 1359 1301 1617 1361; x_wconf 82' lang='grc' dir='ltr'>καίουσα,</span> <span class='ocrx_word' id='word_1_77' title='bbox 1673 1303 1768 1355; x_wconf 75' lang='grc' dir='ltr'>καὶ</span> 
     </span>
    </p>
   </div>
   <div class='ocr_carea' id='block_1_14' title="bbox 187 1387 1768 1462">
    <p class='ocr_par' dir='ltr' id='par_1_14' title="bbox 187 1387 1768 1462">
     <span class='ocr_line' id='line_1_14' title="bbox 187 1387 1768 1462; baseline 0.001 -17"><span class='ocrx_word' id='word_1_78' title='bbox 187 1395 273 1445; x_wconf 68' lang='grc' dir='ltr'>διὰ</span> <span class='ocrx_word' id='word_1_79' title='bbox 314 1394 484 1461; x_wconf 73' lang='grc' dir='ltr'>τιμῆς</span> <span class='ocrx_word' id='word_1_80' title='bbox 538 1396 715 1462; x_wconf 82' lang='grc' dir='ltr'>πάσης</span> <span class='ocrx_word' id='word_1_81' title='bbox 770 1395 996 1460; x_wconf 80' lang='grc' dir='ltr'>ἄγουσα,</span> <span class='ocrx_word' id='word_1_82' title='bbox 1060 1387 1133 1454; x_wconf 84' lang='grc' dir='ltr'>ὧς</span> <span class='ocrx_word' id='word_1_83' title='bbox 1175 1389 1269 1446; x_wconf 80' lang='grc' dir='ltr'>οὖν</span> <span class='ocrx_word' id='word_1_84' title='bbox 1301 1393 1435 1445; x_wconf 86' lang='grc' dir='ltr'>πολύ</span> <span class='ocrx_word' id='word_1_85' title='bbox 1470 1411 1522 1444; x_wconf 86' lang='grc' dir='ltr'><strong>τι</strong></span> <span class='ocrx_word' id='word_1_86' title='bbox 1563 1393 1768 1462; x_wconf 74' lang='grc' dir='ltr'>πλῆθος</span> 
     </span>
    </p>
   </div>
   <div class='ocr_carea' id='block_1_15' title="bbox 186 1481 1768 1558">
    <p class='ocr_par' dir='ltr' id='par_1_15' title="bbox 186 1481 1768 1558">
     <span class='ocr_line' id='line_1_15' title="bbox 186 1481 1768 1558; baseline -0.001 -18"><span class='ocrx_word' id='word_1_87' title='bbox 186 1486 491 1555; x_wconf 70' lang='grc' dir='ltr'>ἀνθρώπων</span> <span class='ocrx_word' id='word_1_88' title='bbox 537 1481 670 1554; x_wconf 77' lang='grc' dir='ltr'>ἧκον</span> <span class='ocrx_word' id='word_1_89' title='bbox 721 1488 814 1540; x_wconf 72' lang='grc' dir='ltr'>ἐπὶ</span> <span class='ocrx_word' id='word_1_90' title='bbox 852 1488 950 1558; x_wconf 73' lang='grc' dir='ltr'>τὴν</span> <span class='ocrx_word' id='word_1_91' title='bbox 991 1487 1148 1556; x_wconf 80' lang='grc' dir='ltr'>σορὸν</span> <span class='ocrx_word' id='word_1_92' title='bbox 1179 1487 1344 1556; x_wconf 82' lang='grc' dir='ltr'>ἐώρα,</span> <span class='ocrx_word' id='word_1_93' title='bbox 1375 1489 1621 1556; x_wconf 75' lang='grc' dir='ltr'>πανταχῆ</span> <span class='ocrx_word' id='word_1_94' title='bbox 1661 1487 1768 1555; x_wconf 74' lang='grc' dir='ltr'><strong>γὰρ</strong></span> 
     </span>
    </p>
   </div>
   <div class='ocr_carea' id='block_1_16' title="bbox 187 1575 1767 1647">
    <p class='ocr_par' dir='ltr' id='par_1_16' title="bbox 187 1575 1767 1647">
     <span class='ocr_line' id='line_1_16' title="bbox 187 1575 1767 1647; baseline 0.002 -20"><span class='ocrx_word' id='word_1_95' title='bbox 187 1575 286 1644; x_wconf 73' lang='grc' dir='ltr'>ἤδη</span> <span class='ocrx_word' id='word_1_96' title='bbox 333 1576 494 1628; x_wconf 85' lang='grc' dir='ltr'>τοῦτο</span> <span class='ocrx_word' id='word_1_97' title='bbox 535 1576 877 1646; x_wconf 65' lang='grc' dir='ltr'>διαῦεϐὑητο,</span> <span class='ocrx_word' id='word_1_98' title='bbox 915 1579 1008 1630; x_wconf 73' lang='grc' dir='ltr'>καὶ</span> <span class='ocrx_word' id='word_1_99' title='bbox 1038 1577 1245 1639; x_wconf 81' lang='grc' dir='ltr'><strong>πάντας</strong></span> <span class='ocrx_word' id='word_1_100' title='bbox 1277 1579 1309 1646; x_wconf 81' lang='grc' dir='ltr'>ἠ</span> <span class='ocrx_word' id='word_1_101' title='bbox 1342 1578 1486 1647; x_wconf 74' lang='grc' dir='ltr'>ὀσμὴ</span> <span class='ocrx_word' id='word_1_102' title='bbox 1531 1577 1638 1630; x_wconf 87' lang='grc' dir='ltr'>τῶν</span> <span class='ocrx_word' id='word_1_103' title='bbox 1671 1579 1767 1630; x_wconf 85' lang='grc' dir='ltr'><strong>αὐ·</strong></span> 
     </span>
    </p>
   </div>
   <div class='ocr_carea' id='block_1_17' title="bbox 187 1665 1770 1740">
    <p class='ocr_par' dir='ltr' id='par_1_17' title="bbox 187 1665 1770 1740">
     <span class='ocr_line' id='line_1_17' title="bbox 187 1665 1770 1740; baseline 0.002 -23"><span class='ocrx_word' id='word_1_104' title='bbox 187 1665 280 1718; x_wconf 84' lang='grc' dir='ltr'><strong>τοῦ</strong></span> <span class='ocrx_word' id='word_1_105' title='bbox 314 1668 554 1736; x_wconf 75' lang='grc' dir='ltr'><strong>χαρίτων</strong></span> <span class='ocrx_word' id='word_1_106' title='bbox 595 1668 761 1732; x_wconf 79' lang='grc' dir='ltr'>ὀξέως</span> <span class='ocrx_word' id='word_1_107' title='bbox 803 1669 1013 1733; x_wconf 76' lang='grc' dir='ltr'>ἐκάλει,</span> <span class='ocrx_word' id='word_1_108' title='bbox 1048 1670 1142 1722; x_wconf 81' lang='grc' dir='ltr'>καὶ</span> <span class='ocrx_word' id='word_1_109' title='bbox 1173 1668 1264 1734; x_wconf 87' lang='grc' dir='ltr'>οὒς</span> <span class='ocrx_word' id='word_1_110' title='bbox 1299 1671 1510 1740; x_wconf 79' lang='grc' dir='ltr'>χαλεπὴ</span> <span class='ocrx_word' id='word_1_111' title='bbox 1545 1687 1626 1731; x_wconf 85' lang='grc' dir='ltr'><strong>τις</strong></span> <span class='ocrx_word' id='word_1_112' title='bbox 1649 1670 1770 1720; x_wconf 77' lang='grc' dir='ltr'>ἐπι-</span> 
     </span>
    </p>
   </div>
   <div class='ocr_carea' id='block_1_18' title="bbox 186 1757 1770 1831">
    <p class='ocr_par' dir='ltr' id='par_1_18' title="bbox 186 1757 1770 1831">
     <span class='ocr_line' id='line_1_18' title="bbox 186 1757 1770 1831; baseline 0.003 -24"><span class='ocrx_word' id='word_1_113' title='bbox 186 1757 432 1810; x_wconf 76' lang='grc' dir='ltr'><strong>πεσοῦσα</strong></span> <span class='ocrx_word' id='word_1_114' title='bbox 468 1760 623 1821; x_wconf 85' lang='grc' dir='ltr'>νόσος</span> <span class='ocrx_word' id='word_1_115' title='bbox 665 1761 874 1824; x_wconf 77' lang='grc' dir='ltr'>ἐπίεξε,</span> <span class='ocrx_word' id='word_1_116' title='bbox 917 1761 1012 1814; x_wconf 64' lang='grc' dir='ltr'><strong>καὶΙ</strong></span> <span class='ocrx_word' id='word_1_117' title='bbox 1057 1761 1148 1824; x_wconf 76' lang='grc' dir='ltr'>οὓς</span> <span class='ocrx_word' id='word_1_118' title='bbox 1185 1762 1422 1831; x_wconf 87' lang='grc' dir='ltr'>πονηροῦ</span> <span class='ocrx_word' id='word_1_119' title='bbox 1459 1762 1770 1829; x_wconf 83' lang='grc' dir='ltr'>πνεύματος</span> 
     </span>
    </p>
   </div>
   <div class='ocr_carea' id='block_1_19' title="bbox 186 1851 1769 1923">
    <p class='ocr_par' dir='ltr' id='par_1_19' title="bbox 186 1851 1769 1923">
     <span class='ocr_line' id='line_1_19' title="bbox 186 1851 1769 1923; baseline 0.004 -26"><span class='ocrx_word' id='word_1_120' title='bbox 186 1851 438 1918; x_wconf 83' lang='grc' dir='ltr'>συνεῖχεν</span> <span class='ocrx_word' id='word_1_121' title='bbox 474 1852 745 1920; x_wconf 77' lang='grc' dir='ltr'>ἐνέργεια,</span> <span class='ocrx_word' id='word_1_122' title='bbox 786 1854 988 1915; x_wconf 71' lang='grc' dir='ltr'>πάντες</span> <span class='ocrx_word' id='word_1_123' title='bbox 1016 1853 1124 1922; x_wconf 75' lang='grc' dir='ltr'><strong>γὰρ</strong></span> <span class='ocrx_word' id='word_1_124' title='bbox 1153 1855 1218 1923; x_wconf 77' lang='grc' dir='ltr'><strong>τῇ</strong></span> <span class='ocrx_word' id='word_1_125' title='bbox 1249 1851 1346 1921; x_wconf 77' lang='grc' dir='ltr'>τῆς</span> <span class='ocrx_word' id='word_1_126' title='bbox 1380 1851 1538 1921; x_wconf 80' lang='grc' dir='ltr'>σοροῦ</span> <span class='ocrx_word' id='word_1_127' title='bbox 1594 1869 1769 1920; x_wconf 84' lang='grc' dir='ltr'>προσ·</span> 
     </span>
    </p>
   </div>
   <div class='ocr_carea' id='block_1_20' title="bbox 185 1938 1770 2014">
    <p class='ocr_par' dir='ltr' id='par_1_20' title="bbox 185 1938 1770 2014">
     <span class='ocr_line' id='line_1_20' title="bbox 185 1938 1770 2014; baseline 0.003 -22"><span class='ocrx_word' id='word_1_128' title='bbox 185 1938 398 1992; x_wconf 66' lang='grc' dir='ltr'>ιὶεύσει</span> <span class='ocrx_word' id='word_1_129' title='bbox 426 1942 535 1994; x_wconf 84' lang='grc' dir='ltr'>τῶν</span> <span class='ocrx_word' id='word_1_130' title='bbox 583 1942 947 2011; x_wconf 76' lang='grc' dir='ltr'>ἐνοχλούντων</span> <span class='ocrx_word' id='word_1_131' title='bbox 982 1944 1144 2007; x_wconf 86' lang='grc' dir='ltr'>εὐθὺς</span> <span class='ocrx_word' id='word_1_132' title='bbox 1190 1944 1619 2014; x_wconf 71' lang='grc' dir='ltr'><strong>ἀπηλλάττοντο,</strong></span> <span class='ocrx_word' id='word_1_133' title='bbox 1653 1943 1770 1996; x_wconf 85' lang='grc' dir='ltr'>δέον</span> 
     </span>
    </p>
   </div>
   <div class='ocr_carea' id='block_1_21' title="bbox 185 2031 1772 2108">
    <p class='ocr_par' dir='ltr' id='par_1_21' title="bbox 185 2031 1772 2108">
     <span class='ocr_line' id='line_1_21' title="bbox 185 2031 1772 2108; baseline 0.005 -25"><span class='ocrx_word' id='word_1_134' title='bbox 185 2031 342 2103; x_wconf 70' lang='grc' dir='ltr'>ᾠήθη</span> <span class='ocrx_word' id='word_1_135' title='bbox 379 2035 472 2086; x_wconf 72' lang='grc' dir='ltr'>καὶ</span> <span class='ocrx_word' id='word_1_136' title='bbox 498 2035 624 2086; x_wconf 80' lang='grc' dir='ltr'>ναὸν</span> <span class='ocrx_word' id='word_1_137' title='bbox 658 2037 867 2106; x_wconf 84' lang='grc' dir='ltr'>ἐγεῖραι</span> <span class='ocrx_word' id='word_1_138' title='bbox 915 2037 992 2106; x_wconf 83' lang='grc' dir='ltr'>τῷ</span> <span class='ocrx_word' id='word_1_139' title='bbox 1040 2039 1276 2108; x_wconf 79' lang='grc' dir='ltr'>μάρτυρι</span> <span class='ocrx_word' id='word_1_140' title='bbox 1307 2037 1502 2091; x_wconf 78' lang='grc' dir='ltr'>σεπτὸν</span> <span class='ocrx_word' id='word_1_141' title='bbox 1540 2039 1573 2107; x_wconf 83' lang='grc' dir='ltr'>ή</span> <span class='ocrx_word' id='word_1_142' title='bbox 1621 2037 1772 2108; x_wconf 76' lang='grc' dir='ltr'>φιλό-</span> 
     </span>
    </p>
   </div>
   <div class='ocr_carea' id='block_1_22' title="bbox 189 2125 1771 2198">
    <p class='ocr_par' dir='ltr' id='par_1_22' title="bbox 189 2125 1771 2198">
     <span class='ocr_line' id='line_1_22' title="bbox 189 2125 1771 2198; baseline 0.005 -26"><span class='ocrx_word' id='word_1_143' title='bbox 189 2138 429 2192; x_wconf 84' lang='grc' dir='ltr'>μαρτυς,</span> <span class='ocrx_word' id='word_1_144' title='bbox 469 2127 590 2178; x_wconf 77' lang='grc' dir='ltr'>ἐπεὶ</span> <span class='ocrx_word' id='word_1_145' title='bbox 639 2125 694 2178; x_wconf 88' lang='grc' dir='ltr'><strong>δέ</strong></span> <span class='ocrx_word' id='word_1_146' title='bbox 736 2129 914 2197; x_wconf 82' lang='grc' dir='ltr'>είχετο</span> <span class='ocrx_word' id='word_1_147' title='bbox 952 2129 1052 2198; x_wconf 78' lang='grc' dir='ltr'>τῆς</span> <span class='ocrx_word' id='word_1_148' title='bbox 1107 2128 1417 2197; x_wconf 70' lang='grc' dir='ltr'><strong>οἰκοδομῆς,</strong></span> <span class='ocrx_word' id='word_1_149' title='bbox 1463 2129 1771 2192; x_wconf 75' lang='grc' dir='ltr'>πολυτελῶς</span> 
     </span>
    </p>
   </div>
   <div class='ocr_carea' id='block_1_23' title="bbox 190 2211 1770 2288">
    <p class='ocr_par' dir='ltr' id='par_1_23' title="bbox 190 2211 1770 2288">
     <span class='ocr_line' id='line_1_23' title="bbox 190 2211 1770 2288; baseline 0.004 -24"><span class='ocrx_word' id='word_1_150' title='bbox 190 2211 335 2278; x_wconf 77' lang='grc' dir='ltr'>ἄγαν</span> <span class='ocrx_word' id='word_1_151' title='bbox 394 2218 487 2268; x_wconf 75' lang='grc' dir='ltr'>καὶ</span> <span class='ocrx_word' id='word_1_152' title='bbox 523 2217 840 2287; x_wconf 74' lang='grc' dir='ltr'>φιλοτίμως,</span> <span class='ocrx_word' id='word_1_153' title='bbox 891 2219 1058 2270; x_wconf 84' lang='grc' dir='ltr'>ποίων</span> <span class='ocrx_word' id='word_1_154' title='bbox 1093 2220 1192 2288; x_wconf 79' lang='grc' dir='ltr'>μὲν</span> <span class='ocrx_word' id='word_1_155' title='bbox 1223 2220 1482 2288; x_wconf 77' lang='grc' dir='ltr'>χαρίτων,</span> <span class='ocrx_word' id='word_1_156' title='bbox 1528 2221 1684 2279; x_wconf 83' lang='grc' dir='ltr'>ποίας</span> <span class='ocrx_word' id='word_1_157' title='bbox 1714 2220 1770 2270; x_wconf 66' lang='grc' dir='ltr'>δὲ</span> 
     </span>
    </p>
   </div>
   <div class='ocr_carea' id='block_1_24' title="bbox 189 2305 1768 2381">
    <p class='ocr_par' dir='ltr' id='par_1_24' title="bbox 189 2305 1768 2381">
     <span class='ocr_line' id='line_1_24' title="bbox 189 2305 1768 2381; baseline 0.005 -26"><span class='ocrx_word' id='word_1_158' title='bbox 189 2305 290 2357; x_wconf 80' lang='grc' dir='ltr'>σὺν</span> <span class='ocrx_word' id='word_1_159' title='bbox 374 2307 534 2378; x_wconf 73' lang='grc' dir='ltr'>ἡδονῇ</span> <span class='ocrx_word' id='word_1_160' title='bbox 606 2309 755 2379; x_wconf 84' lang='grc' dir='ltr'>ὥράς</span> <span class='ocrx_word' id='word_1_161' title='bbox 816 2310 998 2381; x_wconf 82' lang='grc' dir='ltr'>ἐκείνῃ</span> <span class='ocrx_word' id='word_1_162' title='bbox 1056 2309 1516 2380; x_wconf 75' lang='grc' dir='ltr'>προσμειδιὼσης,</span> <span class='ocrx_word' id='word_1_163' title='bbox 1593 2311 1768 2380; x_wconf 81' lang='grc' dir='ltr'>χαρᾶς</span> 
     </span>
    </p>
   </div>
   <div class='ocr_carea' id='block_1_25' title="bbox 185 2394 1767 2472">
    <p class='ocr_par' dir='ltr' id='par_1_25' title="bbox 185 2394 1767 2472">
     <span class='ocr_line' id='line_1_25' title="bbox 185 2394 1767 2472; baseline 0.006 -28"><span class='ocrx_word' id='word_1_164' title='bbox 185 2394 442 2462; x_wconf 72' lang='grc' dir='ltr'>ἔμπλεως</span> <span class='ocrx_word' id='word_1_165' title='bbox 475 2401 768 2470; x_wconf 80' lang='grc' dir='ltr'>γενομένη,</span> <span class='ocrx_word' id='word_1_166' title='bbox 812 2401 990 2470; x_wconf 83' lang='grc' dir='ltr'>χαίρει</span> <span class='ocrx_word' id='word_1_167' title='bbox 1044 2401 1154 2471; x_wconf 85' lang='grc' dir='ltr'>γὰρ</span> <span class='ocrx_word' id='word_1_168' title='bbox 1211 2400 1356 2472; x_wconf 68' lang='grc' dir='ltr'>ψυχὴ</span> <span class='ocrx_word' id='word_1_169' title='bbox 1409 2400 1576 2454; x_wconf 91' lang='grc' dir='ltr'>καλοῦ</span> <span class='ocrx_word' id='word_1_170' title='bbox 1625 2401 1767 2471; x_wconf 82' lang='grc' dir='ltr'>πρά-</span> 
     </span>
    </p>
   </div>
   <div class='ocr_carea' id='block_1_26' title="bbox 184 2491 1768 2564">
    <p class='ocr_par' dir='ltr' id='par_1_26' title="bbox 184 2491 1768 2564">
     <span class='ocr_line' id='line_1_26' title="bbox 184 2491 1768 2564; baseline 0.007 -26"><span class='ocrx_word' id='word_1_171' title='bbox 184 2503 397 2553; x_wconf 83' lang='grc' dir='ltr'>γματος</span> <span class='ocrx_word' id='word_1_172' title='bbox 427 2492 855 2562; x_wconf 84' lang='grc' dir='ltr'>ἐπιμελουμένη,</span> <span class='ocrx_word' id='word_1_173' title='bbox 878 2491 1036 2546; x_wconf 88' lang='grc' dir='ltr'>τοῦτο</span> <span class='ocrx_word' id='word_1_174' title='bbox 1092 2493 1212 2563; x_wconf 85' lang='grc' dir='ltr'>μὲν,</span> <span class='ocrx_word' id='word_1_175' title='bbox 1241 2494 1324 2547; x_wconf 83' lang='grc' dir='ltr'>ὃτι</span> <span class='ocrx_word' id='word_1_176' title='bbox 1359 2494 1592 2562; x_wconf 75' lang='grc' dir='ltr'>φύσειτὸ</span> <span class='ocrx_word' id='word_1_177' title='bbox 1628 2498 1768 2564; x_wconf 81' lang='grc' dir='ltr'>ἁγα-</span> 
     </span>
    </p>
   </div>
   <div class='ocr_carea' id='block_1_27' title="bbox 186 2580 1768 2660">
    <p class='ocr_par' dir='ltr' id='par_1_27' title="bbox 186 2580 1768 2660">
     <span class='ocr_line' id='line_1_27' title="bbox 186 2580 1768 2660; baseline 0.009 -30"><span class='ocrx_word' id='word_1_178' title='bbox 186 2580 280 2633; x_wconf 74' lang='grc' dir='ltr'><strong>θον</strong></span> <span class='ocrx_word' id='word_1_179' title='bbox 315 2585 493 2650; x_wconf 80' lang='grc' dir='ltr'>χαρᾶς</span> <span class='ocrx_word' id='word_1_180' title='bbox 523 2583 782 2651; x_wconf 80' lang='grc' dir='ltr'>πρόξενον</span> <span class='ocrx_word' id='word_1_181' title='bbox 815 2587 926 2646; x_wconf 83' lang='grc' dir='ltr'>τοῖς</span> <span class='ocrx_word' id='word_1_182' title='bbox 963 2585 1355 2654; x_wconf 76' lang='grc' dir='ltr'>ἐργαζομένοις</span> <span class='ocrx_word' id='word_1_183' title='bbox 1385 2588 1470 2641; x_wconf 71' lang='grc' dir='ltr'><strong>διὰ</strong></span> <span class='ocrx_word' id='word_1_184' title='bbox 1517 2592 1616 2660; x_wconf 70' lang='grc' dir='ltr'>τὴν</span> <span class='ocrx_word' id='word_1_185' title='bbox 1661 2592 1768 2644; x_wconf 73' lang='grc' dir='ltr'><strong>ἀπὸ</strong></span> 
     </span>
    </p>
   </div>
   <div class='ocr_carea' id='block_1_28' title="bbox 187 2671 1768 2751">
    <p class='ocr_par' dir='ltr' id='par_1_28' title="bbox 187 2671 1768 2751">
     <span class='ocr_line' id='line_1_28' title="bbox 187 2671 1768 2751; baseline 0.008 -29"><span class='ocrx_word' id='word_1_186' title='bbox 187 2671 281 2724; x_wconf 90' lang='grc' dir='ltr'><strong>τοῦ</strong></span> <span class='ocrx_word' id='word_1_187' title='bbox 316 2673 622 2737; x_wconf 71' lang='grc' dir='ltr'>συνειδότος</span> <span class='ocrx_word' id='word_1_188' title='bbox 673 2674 1067 2746; x_wconf 79' lang='grc' dir='ltr'>πληροφορίαν,</span> <span class='ocrx_word' id='word_1_189' title='bbox 1116 2679 1273 2730; x_wconf 87' lang='grc' dir='ltr'>τοῦτο</span> <span class='ocrx_word' id='word_1_190' title='bbox 1315 2678 1371 2729; x_wconf 82' lang='grc' dir='ltr'>δὲ</span> <span class='ocrx_word' id='word_1_191' title='bbox 1407 2681 1501 2732; x_wconf 73' lang='grc' dir='ltr'>καὶ</span> <span class='ocrx_word' id='word_1_192' title='bbox 1537 2681 1623 2733; x_wconf 67' lang='grc' dir='ltr'>διὰ</span> <span class='ocrx_word' id='word_1_193' title='bbox 1669 2682 1768 2751; x_wconf 80' lang='grc' dir='ltr'>τὴν</span> 
     </span>
    </p>
   </div>
   <div class='ocr_carea' id='block_1_29' title="bbox 187 2761 1767 2839">
    <p class='ocr_par' dir='ltr' id='par_1_29' title="bbox 187 2761 1767 2839">
     <span class='ocr_line' id='line_1_29' title="bbox 187 2761 1767 2839; baseline 0.006 -24"><span class='ocrx_word' id='word_1_194' title='bbox 187 2761 558 2837; x_wconf 73' lang='grc' dir='ltr'>ἐλπιζομένην</span> <span class='ocrx_word' id='word_1_195' title='bbox 592 2768 880 2833; x_wconf 78' lang='grc' dir='ltr'>ἀντίδοσιν,</span> <span class='ocrx_word' id='word_1_196' title='bbox 921 2769 1100 2837; x_wconf 83' lang='grc' dir='ltr'>χαρᾶς</span> <span class='ocrx_word' id='word_1_197' title='bbox 1130 2767 1222 2822; x_wconf 82' lang='grc' dir='ltr'>οὖν</span> <span class='ocrx_word' id='word_1_198' title='bbox 1253 2769 1624 2839; x_wconf 73' lang='grc' dir='ltr'>πληρωθεῖσα,</span> <span class='ocrx_word' id='word_1_199' title='bbox 1656 2776 1767 2835; x_wconf 85' lang='grc' dir='ltr'>τοῖς</span> 
     </span>
    </p>
   </div>
   <div class='ocr_carea' id='block_1_30' title="bbox 188 2858 1768 2932">
    <p class='ocr_par' dir='ltr' id='par_1_30' title="bbox 188 2858 1768 2932">
     <span class='ocr_line' id='line_1_30' title="bbox 188 2858 1768 2932; baseline 0.006 -26"><span class='ocrx_word' id='word_1_200' title='bbox 188 2858 459 2924; x_wconf 77' lang='grc' dir='ltr'>κρατοῦσι</span> <span class='ocrx_word' id='word_1_201' title='bbox 497 2861 755 2929; x_wconf 78' lang='grc' dir='ltr'>χρήματα</span> <span class='ocrx_word' id='word_1_202' title='bbox 800 2861 1196 2932; x_wconf 77' lang='grc' dir='ltr'>πέμπειτιμῆς</span> <span class='ocrx_word' id='word_1_203' title='bbox 1215 2863 1446 2929; x_wconf 75' lang='grc' dir='ltr'>ἀξιῶσαι</span> <span class='ocrx_word' id='word_1_204' title='bbox 1481 2864 1570 2916; x_wconf 84' lang='grc' dir='ltr'>τὸν</span> <span class='ocrx_word' id='word_1_205' title='bbox 1601 2865 1768 2918; x_wconf 82' lang='grc' dir='ltr'>παῖδα</span> 
     </span>
    </p>
   </div>
   <div class='ocr_carea' id='block_1_31' title="bbox 186 2947 1767 3027">
    <p class='ocr_par' dir='ltr' id='par_1_31' title="bbox 186 2947 1767 3027">
     <span class='ocr_line' id='line_1_31' title="bbox 186 2947 1767 3027; baseline 0.008 -29"><span class='ocrx_word' id='word_1_206' title='bbox 186 2947 288 3014; x_wconf 78' lang='grc' dir='ltr'>τῆς</span> <span class='ocrx_word' id='word_1_207' title='bbox 316 2951 450 3017; x_wconf 83' lang='grc' dir='ltr'>παρ’</span> <span class='ocrx_word' id='word_1_208' title='bbox 477 2952 659 3013; x_wconf 78' lang='grc' dir='ltr'>αὐτοῖς</span> <span class='ocrx_word' id='word_1_209' title='bbox 679 2954 1026 3023; x_wconf 82' lang='grc' dir='ltr'>αἰτουμένης,</span> <span class='ocrx_word' id='word_1_210' title='bbox 1071 2957 1165 3008; x_wconf 73' lang='grc' dir='ltr'>καὶ</span> <span class='ocrx_word' id='word_1_211' title='bbox 1197 2957 1534 3027; x_wconf 83' lang='grc' dir='ltr'>παραχρῆμα</span> <span class='ocrx_word' id='word_1_212' title='bbox 1562 2956 1767 3026; x_wconf 84' lang='grc' dir='ltr'>βασιλι-</span> 
     </span>
    </p>
   </div>
   <div class='ocr_carea' id='block_1_32' title="bbox 185 3039 1768 3117">
    <p class='ocr_par' dir='ltr' id='par_1_32' title="bbox 185 3039 1768 3117">
     <span class='ocr_line' id='line_1_32' title="bbox 185 3039 1768 3117; baseline 0.007 -25"><span class='ocrx_word' id='word_1_213' title='bbox 185 3039 288 3093; x_wconf 77' lang='grc' dir='ltr'>καὶ</span> <span class='ocrx_word' id='word_1_214' title='bbox 340 3043 474 3113; x_wconf 78' lang='grc' dir='ltr'>παρ’</span> <span class='ocrx_word' id='word_1_215' title='bbox 531 3043 665 3112; x_wconf 76' lang='grc' dir='ltr'>αὐτῇ</span> <span class='ocrx_word' id='word_1_216' title='bbox 702 3043 987 3109; x_wconf 65' lang='grc' dir='ltr'>συλλαϐαὶ,</span> <span class='ocrx_word' id='word_1_217' title='bbox 1040 3046 1356 3115; x_wconf 75' lang='grc' dir='ltr'>βεεαιοῦσαι</span> <span class='ocrx_word' id='word_1_218' title='bbox 1399 3049 1476 3117; x_wconf 81' lang='grc' dir='ltr'>τῷ</span> <span class='ocrx_word' id='word_1_219' title='bbox 1523 3050 1669 3100; x_wconf 74' lang='grc' dir='ltr'>παιδὶ</span> <span class='ocrx_word' id='word_1_220' title='bbox 1710 3052 1768 3103; x_wconf 76' lang='grc' dir='ltr'>τὸ</span> 
     </span>
    </p>
   </div>
   <div class='ocr_carea' id='block_1_33' title="bbox 188 3133 433 3204">
    <p class='ocr_par' dir='ltr' id='par_1_33' title="bbox 188 3133 433 3204">
     <span class='ocr_line' id='line_1_33' title="bbox 188 3133 433 3204; baseline 0.02 -19"><span class='ocrx_word' id='word_1_221' title='bbox 188 3133 433 3204; x_wconf 79' lang='grc' dir='ltr'>ἀξίωμα.</span> 
     </span>
    </p>
   </div>
   <div class='ocr_carea' id='block_1_34' title="bbox 1877 662 3458 736">
    <p class='ocr_par' dir='ltr' id='par_1_34' title="bbox 1877 662 3458 736">
     <span class='ocr_line' id='line_1_34' title="bbox 1877 662 3458 736; baseline 0.007 -22"><span class='ocrx_word' id='word_1_222' title='bbox 1877 662 1998 725; x_wconf 90' lang='lat' dir='ltr'><strong>bus,</strong></span> <span class='ocrx_word' id='word_1_223' title='bbox 2040 674 2228 730; x_wconf 81' lang='lat' dir='ltr'><strong>utpar</strong></span> <span class='ocrx_word' id='word_1_224' title='bbox 2263 673 2404 724; x_wconf 77' lang='lat' dir='ltr'><strong>erat,</strong></span> <span class='ocrx_word' id='word_1_225' title='bbox 2458 663 2694 719; x_wconf 74' lang='lat' dir='ltr'><strong>maximo</strong></span> <span class='ocrx_word' id='word_1_226' title='bbox 2738 666 2920 720; x_wconf 91' lang='lat' dir='ltr'><strong>studio</strong></span> <span class='ocrx_word' id='word_1_227' title='bbox 2973 669 3458 736; x_wconf 85' lang='lat' dir='ltr'><strong>contendentibus.</strong></span> 
     </span>
    </p>
   </div>
   <div class='ocr_carea' id='block_1_35' title="bbox 1877 754 3460 833">
    <p class='ocr_par' dir='ltr' id='par_1_35' title="bbox 1877 754 3460 833">
     <span class='ocr_line' id='line_1_35' title="bbox 1877 754 3460 833; baseline 0.008 -28"><span class='ocrx_word' id='word_1_228' title='bbox 1877 768 1944 806; x_wconf 88' lang='lat' dir='ltr'><strong>ne</strong></span> <span class='ocrx_word' id='word_1_229' title='bbox 1978 754 2304 809; x_wconf 88' lang='lat' dir='ltr'><strong>tollerentur</strong></span> <span class='ocrx_word' id='word_1_230' title='bbox 2337 756 2579 825; x_wconf 61' lang='lat' dir='ltr'><strong>reliqui-ce</strong></span> <span class='ocrx_word' id='word_1_231' title='bbox 2614 773 2830 822; x_wconf 88' lang='lat' dir='ltr'><strong>eorum,</strong></span> <span class='ocrx_word' id='word_1_232' title='bbox 2865 761 2956 830; x_wconf 91' lang='lat' dir='ltr'><strong>qui</strong></span> <span class='ocrx_word' id='word_1_233' title='bbox 2988 762 3128 830; x_wconf 81' lang='lat' dir='ltr'><strong>passi</strong></span> <span class='ocrx_word' id='word_1_234' title='bbox 3167 772 3333 817; x_wconf 83' lang='lat' dir='ltr'><strong>erant</strong></span> <span class='ocrx_word' id='word_1_235' title='bbox 3361 780 3460 833; x_wconf 90' lang='lat' dir='ltr'><strong>pro</strong></span> 
     </span>
    </p>
   </div>
   <div class='ocr_carea' id='block_1_36' title="bbox 1874 845 3460 915">
    <p class='ocr_par' dir='ltr' id='par_1_36' title="bbox 1874 845 3460 915">
     <span class='ocr_line' id='line_1_36' title="bbox 1874 845 3460 915; baseline 0.007 -17"><span class='ocrx_word' id='word_1_236' title='bbox 1874 845 2140 915; x_wconf 77' lang='lat' dir='ltr'><strong>Christo),</strong></span> <span class='ocrx_word' id='word_1_237' title='bbox 2180 848 2331 900; x_wconf 75' lang='lat' dir='ltr'><strong>venit</strong></span> <span class='ocrx_word' id='word_1_238' title='bbox 2362 849 2414 901; x_wconf 91' lang='lat' dir='ltr'><strong>in</strong></span> <span class='ocrx_word' id='word_1_239' title='bbox 2457 847 2818 903; x_wconf 64' lang='lat' dir='ltr'><strong>Palastinam.</strong></span> <span class='ocrx_word' id='word_1_240' title='bbox 2843 852 2978 905; x_wconf 82' lang='lat' dir='ltr'><strong>Cum</strong></span> <span class='ocrx_word' id='word_1_241' title='bbox 3028 853 3135 908; x_wconf 87' lang='lat' dir='ltr'><strong>illic</strong></span> <span class='ocrx_word' id='word_1_242' title='bbox 3169 854 3357 908; x_wconf 76' lang='lat' dir='ltr'><strong>fuisset</strong></span> <span class='ocrx_word' id='word_1_243' title='bbox 3402 856 3460 909; x_wconf 88' lang='lat' dir='ltr'><strong>in</strong></span> 
     </span>
    </p>
   </div>
   <div class='ocr_carea' id='block_1_37' title="bbox 1874 936 3455 1011">
    <p class='ocr_par' dir='ltr' id='par_1_37' title="bbox 1874 936 3455 1011">
     <span class='ocr_line' id='line_1_37' title="bbox 1874 936 3455 1011; baseline 0.009 -27"><span class='ocrx_word' id='word_1_244' title='bbox 1874 936 2108 1002; x_wconf 87' lang='lat' dir='ltr'><strong>quodam</strong></span> <span class='ocrx_word' id='word_1_245' title='bbox 2136 939 2260 990; x_wconf 77' lang='lat' dir='ltr'><strong>vico</strong></span> <span class='ocrx_word' id='word_1_246' title='bbox 2299 940 2391 1005; x_wconf 87' lang='lat' dir='ltr'><strong>qui</strong></span> <span class='ocrx_word' id='word_1_247' title='bbox 2452 940 2592 994; x_wconf 90' lang='lat' dir='ltr'><strong>situs</strong></span> <span class='ocrx_word' id='word_1_248' title='bbox 2633 951 2749 995; x_wconf 90' lang='lat' dir='ltr'><strong>erat</strong></span> <span class='ocrx_word' id='word_1_249' title='bbox 2787 943 2938 1011; x_wconf 73' lang='lat' dir='ltr'><strong>juxta</strong></span> <span class='ocrx_word' id='word_1_250' title='bbox 2973 943 3330 1004; x_wconf 86' lang='lat' dir='ltr'><strong>Thaborium.</strong></span> <span class='ocrx_word' id='word_1_251' title='bbox 3368 945 3455 999; x_wconf 84' lang='lat' dir='ltr'><strong>cui</strong></span> 
     </span>
    </p>
   </div>
   <div class='ocr_carea' id='block_1_38' title="bbox 1874 1029 3458 1104">
    <p class='ocr_par' dir='ltr' id='par_1_38' title="bbox 1874 1029 3458 1104">
     <span class='ocr_line' id='line_1_38' title="bbox 1874 1029 3458 1104; baseline 0.003 -26"><span class='ocrx_word' id='word_1_252' title='bbox 1874 1042 2075 1084; x_wconf 85' lang='lat' dir='ltr'><strong>nomen</strong></span> <span class='ocrx_word' id='word_1_253' title='bbox 2109 1037 2228 1080; x_wconf 88' lang='lat' dir='ltr'><strong>erat</strong></span> <span class='ocrx_word' id='word_1_254' title='bbox 2253 1029 2414 1090; x_wconf 83' lang='lat' dir='ltr'><strong>Edra,</strong></span> <span class='ocrx_word' id='word_1_255' title='bbox 2449 1030 2672 1100; x_wconf 87' lang='lat' dir='ltr'><strong>deponit</strong></span> <span class='ocrx_word' id='word_1_256' title='bbox 2703 1032 2944 1086; x_wconf 92' lang='lat' dir='ltr'><strong>divinum</strong></span> <span class='ocrx_word' id='word_1_257' title='bbox 2995 1049 3196 1101; x_wconf 88' lang='lat' dir='ltr'><strong>corpus</strong></span> <span class='ocrx_word' id='word_1_258' title='bbox 3245 1044 3458 1104; x_wconf 77' lang='lat' dir='ltr'><strong>marty-</strong></span> 
     </span>
    </p>
   </div>
   <div class='ocr_carea' id='block_1_39' title="bbox 1873 1117 3457 1188">
    <p class='ocr_par' dir='ltr' id='par_1_39' title="bbox 1873 1117 3457 1188">
     <span class='ocr_line' id='line_1_39' title="bbox 1873 1117 3457 1188; baseline 0.006 -20"><span class='ocrx_word' id='word_1_259' title='bbox 1873 1117 1985 1179; x_wconf 86' lang='lat' dir='ltr'><strong>ris.</strong></span> <span class='ocrx_word' id='word_1_260' title='bbox 2053 1119 2442 1188; x_wconf 77' lang='lat' dir='ltr'><strong>lanipadesque</strong></span> <span class='ocrx_word' id='word_1_261' title='bbox 2506 1123 2846 1186; x_wconf 87' lang='lat' dir='ltr'><strong>accendens,</strong></span> <span class='ocrx_word' id='word_1_262' title='bbox 2929 1135 2984 1176; x_wconf 91' lang='lat' dir='ltr'><strong>et</strong></span> <span class='ocrx_word' id='word_1_263' title='bbox 3057 1139 3222 1178; x_wconf 88' lang='lat' dir='ltr'><strong>urens</strong></span> <span class='ocrx_word' id='word_1_264' title='bbox 3286 1125 3457 1178; x_wconf 83' lang='lat' dir='ltr'><strong>multa</strong></span> 
     </span>
    </p>
   </div>
   <div class='ocr_carea' id='block_1_40' title="bbox 1873 1209 3454 1275">
    <p class='ocr_par' dir='ltr' id='par_1_40' title="bbox 1873 1209 3454 1275">
     <span class='ocr_line' id='line_1_40' title="bbox 1873 1209 3454 1275; baseline 0.004 -10"><span class='ocrx_word' id='word_1_265' title='bbox 1873 1209 2170 1275; x_wconf 79' lang='lat' dir='ltr'><strong>odorifera,</strong></span> <span class='ocrx_word' id='word_1_266' title='bbox 2231 1212 2282 1266; x_wconf 90' lang='lat' dir='ltr'><strong>id</strong></span> <span class='ocrx_word' id='word_1_267' title='bbox 2333 1213 2569 1267; x_wconf 86' lang='lat' dir='ltr'><strong>habebat</strong></span> <span class='ocrx_word' id='word_1_268' title='bbox 2628 1214 2680 1267; x_wconf 92' lang='lat' dir='ltr'><strong>in</strong></span> <span class='ocrx_word' id='word_1_269' title='bbox 2755 1213 2902 1268; x_wconf 90' lang='lat' dir='ltr'><strong>omni</strong></span> <span class='ocrx_word' id='word_1_270' title='bbox 2967 1215 3196 1270; x_wconf 88' lang='lat' dir='ltr'><strong>honore.</strong></span> <span class='ocrx_word' id='word_1_271' title='bbox 3265 1214 3454 1273; x_wconf 82' lang='lat' dir='ltr'><strong>Postea</strong></span> 
     </span>
    </p>
   </div>
   <div class='ocr_carea' id='block_1_41' title="bbox 1877 1303 3453 1373">
    <p class='ocr_par' dir='ltr' id='par_1_41' title="bbox 1877 1303 3453 1373">
     <span class='ocr_line' id='line_1_41' title="bbox 1877 1303 3453 1373; baseline 0.003 -18"><span class='ocrx_word' id='word_1_272' title='bbox 1877 1303 2066 1355; x_wconf 80' lang='lat' dir='ltr'><strong>videns</strong></span> <span class='ocrx_word' id='word_1_273' title='bbox 2098 1318 2348 1373; x_wconf 87' lang='lat' dir='ltr'><strong>magnam</strong></span> <span class='ocrx_word' id='word_1_274' title='bbox 2387 1305 2668 1360; x_wconf 87' lang='lat' dir='ltr'><strong>hominum</strong></span> <span class='ocrx_word' id='word_1_275' title='bbox 2697 1306 3105 1360; x_wconf 87' lang='lat' dir='ltr'><strong>multitudinem</strong></span> <span class='ocrx_word' id='word_1_276' title='bbox 3141 1307 3453 1361; x_wconf 75' lang='lat' dir='ltr'><strong>venientem</strong></span> 
     </span>
    </p>
   </div>
   <div class='ocr_carea' id='block_1_42' title="bbox 1872 1397 3459 1467">
    <p class='ocr_par' dir='ltr' id='par_1_42' title="bbox 1872 1397 3459 1467">
     <span class='ocr_line' id='line_1_42' title="bbox 1872 1397 3459 1467; baseline 0.001 -18"><span class='ocrx_word' id='word_1_277' title='bbox 1872 1397 1936 1450; x_wconf 89' lang='lat' dir='ltr'><strong>ad</strong></span> <span class='ocrx_word' id='word_1_278' title='bbox 1981 1397 2218 1450; x_wconf 89' lang='lat' dir='ltr'><strong>loculum</strong></span> <span class='ocrx_word' id='word_1_279' title='bbox 2276 1397 2431 1466; x_wconf 90' lang='lat' dir='ltr'><strong>(erat</strong></span> <span class='ocrx_word' id='word_1_280' title='bbox 2485 1399 2632 1452; x_wconf 91' lang='lat' dir='ltr'><strong>enim</strong></span> <span class='ocrx_word' id='word_1_281' title='bbox 2683 1397 2729 1452; x_wconf 90' lang='lat' dir='ltr'><strong>is</strong></span> <span class='ocrx_word' id='word_1_282' title='bbox 2768 1397 2878 1467; x_wconf 82' lang='lat' dir='ltr'><strong>jam</strong></span> <span class='ocrx_word' id='word_1_283' title='bbox 2912 1397 3156 1451; x_wconf 90' lang='lat' dir='ltr'><strong>omnium</strong></span> <span class='ocrx_word' id='word_1_284' title='bbox 3204 1412 3459 1452; x_wconf 86' lang='lat' dir='ltr'><strong>sermone</strong></span> 
     </span>
    </p>
   </div>
   <div class='ocr_carea' id='block_1_43' title="bbox 1872 1487 3455 1559">
    <p class='ocr_par' dir='ltr' id='par_1_43' title="bbox 1872 1487 3455 1559">
     <span class='ocr_line' id='line_1_43' title="bbox 1872 1487 3455 1559; baseline 0 -19"><span class='ocrx_word' id='word_1_285' title='bbox 1872 1487 2202 1548; x_wconf 84' lang='lat' dir='ltr'><strong>celebratus.</strong></span> <span class='ocrx_word' id='word_1_286' title='bbox 2264 1498 2319 1542; x_wconf 93' lang='lat' dir='ltr'><strong>et</strong></span> <span class='ocrx_word' id='word_1_287' title='bbox 2372 1490 2506 1542; x_wconf 85' lang='lat' dir='ltr'><strong>odor</strong></span> <span class='ocrx_word' id='word_1_288' title='bbox 2563 1490 2682 1555; x_wconf 86' lang='lat' dir='ltr'><strong>ejus</strong></span> <span class='ocrx_word' id='word_1_289' title='bbox 2740 1489 3032 1559; x_wconf 78' lang='lat' dir='ltr'><strong>gratiarum</strong></span> <span class='ocrx_word' id='word_1_290' title='bbox 3097 1504 3290 1543; x_wconf 88' lang='lat' dir='ltr'><strong>omnes</strong></span> <span class='ocrx_word' id='word_1_291' title='bbox 3345 1489 3455 1543; x_wconf 89' lang='lat' dir='ltr'><strong>cito</strong></span> 
     </span>
    </p>
   </div>
   <div class='ocr_carea' id='block_1_44' title="bbox 1875 1579 3454 1652">
    <p class='ocr_par' dir='ltr' id='par_1_44' title="bbox 1875 1579 3454 1652">
     <span class='ocr_line' id='line_1_44' title="bbox 1875 1579 3454 1652; baseline 0.001 -20"><span class='ocrx_word' id='word_1_292' title='bbox 1875 1579 2122 1644; x_wconf 79' lang='lat' dir='ltr'><strong>vocabat,</strong></span> <span class='ocrx_word' id='word_1_293' title='bbox 2178 1588 2287 1632; x_wconf 89' lang='lat' dir='ltr'><strong>tam</strong></span> <span class='ocrx_word' id='word_1_294' title='bbox 2334 1580 2421 1649; x_wconf 91' lang='lat' dir='ltr'><strong>qui</strong></span> <span class='ocrx_word' id='word_1_295' title='bbox 2463 1582 2609 1652; x_wconf 76' lang='lat' dir='ltr'><strong>gravi</strong></span> <span class='ocrx_word' id='word_1_296' title='bbox 2646 1581 2829 1650; x_wconf 89' lang='lat' dir='ltr'><strong>aliquo</strong></span> <span class='ocrx_word' id='word_1_297' title='bbox 2864 1582 3054 1635; x_wconf 89' lang='lat' dir='ltr'><strong>morbo</strong></span> <span class='ocrx_word' id='word_1_298' title='bbox 3106 1581 3454 1647; x_wconf 84' lang='lat' dir='ltr'><strong>laborabant,</strong></span> 
     </span>
    </p>
   </div>
   <div class='ocr_carea' id='block_1_45' title="bbox 1872 1673 3451 1744">
    <p class='ocr_par' dir='ltr' id='par_1_45' title="bbox 1872 1673 3451 1744">
     <span class='ocr_line' id='line_1_45' title="bbox 1872 1673 3451 1744; baseline 0.003 -19"><span class='ocrx_word' id='word_1_299' title='bbox 1872 1687 2034 1740; x_wconf 88' lang='lat' dir='ltr'><strong>quam</strong></span> <span class='ocrx_word' id='word_1_300' title='bbox 2091 1688 2230 1742; x_wconf 86' lang='lat' dir='ltr'><strong>quos</strong></span> <span class='ocrx_word' id='word_1_301' title='bbox 2291 1674 2511 1744; x_wconf 76' lang='lat' dir='ltr'><strong>maligni</strong></span> <span class='ocrx_word' id='word_1_302' title='bbox 2574 1673 2796 1742; x_wconf 79' lang='lat' dir='ltr'><strong>spiritus</strong></span> <span class='ocrx_word' id='word_1_303' title='bbox 2859 1675 3087 1728; x_wconf 76' lang='lat' dir='ltr'><strong>vexabat</strong></span> <span class='ocrx_word' id='word_1_304' title='bbox 3151 1676 3451 1744; x_wconf 86' lang='lat' dir='ltr'><strong>operatio:</strong></span> 
     </span>
    </p>
   </div>
   <div class='ocr_carea' id='block_1_46' title="bbox 1871 1764 3457 1833">
    <p class='ocr_par' dir='ltr' id='par_1_46' title="bbox 1871 1764 3457 1833">
     <span class='ocr_line' id='line_1_46' title="bbox 1871 1764 3457 1833; baseline 0.004 -17"><span class='ocrx_word' id='word_1_305' title='bbox 1871 1777 2062 1817; x_wconf 89' lang='lat' dir='ltr'><strong>omnes</strong></span> <span class='ocrx_word' id='word_1_306' title='bbox 2103 1764 2250 1816; x_wconf 90' lang='lat' dir='ltr'><strong>enim</strong></span> <span class='ocrx_word' id='word_1_307' title='bbox 2289 1781 2386 1833; x_wconf 87' lang='lat' dir='ltr'><strong>per</strong></span> <span class='ocrx_word' id='word_1_308' title='bbox 2417 1780 2698 1819; x_wconf 87' lang='lat' dir='ltr'><strong>accessum</strong></span> <span class='ocrx_word' id='word_1_309' title='bbox 2735 1764 2800 1818; x_wconf 90' lang='lat' dir='ltr'><strong>ad</strong></span> <span class='ocrx_word' id='word_1_310' title='bbox 2833 1765 3094 1831; x_wconf 87' lang='lat' dir='ltr'><strong>loculum,</strong></span> <span class='ocrx_word' id='word_1_311' title='bbox 3136 1781 3258 1820; x_wconf 85' lang='lat' dir='ltr'><strong>mox</strong></span> <span class='ocrx_word' id='word_1_312' title='bbox 3319 1767 3457 1822; x_wconf 82' lang='lat' dir='ltr'><strong>libe-</strong></span> 
     </span>
    </p>
   </div>
   <div class='ocr_carea' id='block_1_47' title="bbox 1875 1853 3454 1928">
    <p class='ocr_par' dir='ltr' id='par_1_47' title="bbox 1875 1853 3454 1928">
     <span class='ocr_line' id='line_1_47' title="bbox 1875 1853 3454 1928; baseline 0.003 -22"><span class='ocrx_word' id='word_1_313' title='bbox 1875 1853 2136 1907; x_wconf 88' lang='lat' dir='ltr'><strong>rabautur</strong></span> <span class='ocrx_word' id='word_1_314' title='bbox 2195 1854 2262 1907; x_wconf 88' lang='lat' dir='ltr'><strong>ab</strong></span> <span class='ocrx_word' id='word_1_315' title='bbox 2324 1854 2388 1908; x_wconf 91' lang='lat' dir='ltr'><strong>iis</strong></span> <span class='ocrx_word' id='word_1_316' title='bbox 2438 1870 2557 1924; x_wconf 68' lang='lat' dir='ltr'><strong>qum</strong></span> <span class='ocrx_word' id='word_1_317' title='bbox 2612 1855 2693 1910; x_wconf 87' lang='lat' dir='ltr'><strong>eis</strong></span> <span class='ocrx_word' id='word_1_318' title='bbox 2751 1856 3054 1911; x_wconf 83' lang='lat' dir='ltr'><strong>molestiam</strong></span> <span class='ocrx_word' id='word_1_319' title='bbox 3099 1856 3454 1928; x_wconf 80' lang='lat' dir='ltr'><strong>aﬂerebant),</strong></span> 
     </span>
    </p>
   </div>
   <div class='ocr_carea' id='block_1_48' title="bbox 1876 1945 3454 2018">
    <p class='ocr_par' dir='ltr' id='par_1_48' title="bbox 1876 1945 3454 2018">
     <span class='ocr_line' id='line_1_48' title="bbox 1876 1945 3454 2018; baseline 0.004 -21"><span class='ocrx_word' id='word_1_320' title='bbox 1876 1945 2211 1998; x_wconf 79' lang='lat' dir='ltr'><strong>existimavit</strong></span> <span class='ocrx_word' id='word_1_321' title='bbox 2271 1956 2526 2016; x_wconf 88' lang='lat' dir='ltr'><strong>oportere</strong></span> <span class='ocrx_word' id='word_1_322' title='bbox 2591 1948 2817 2017; x_wconf 87' lang='lat' dir='ltr'><strong>martyri</strong></span> <span class='ocrx_word' id='word_1_323' title='bbox 2884 1948 3145 2018; x_wconf 84' lang='lat' dir='ltr'><strong>templum</strong></span> <span class='ocrx_word' id='word_1_324' title='bbox 3213 1950 3454 2006; x_wconf 77' lang='lat' dir='ltr'><strong>excitare</strong></span> 
     </span>
    </p>
   </div>
   <div class='ocr_carea' id='block_1_49' title="bbox 1877 2039 3451 2111">
    <p class='ocr_par' dir='ltr' id='par_1_49' title="bbox 1877 2039 3451 2111">
     <span class='ocr_line' id='line_1_49' title="bbox 1877 2039 3451 2111; baseline 0.004 -21"><span class='ocrx_word' id='word_1_325' title='bbox 1877 2039 2273 2102; x_wconf 84' lang='lat' dir='ltr'><strong>venerandum,</strong></span> <span class='ocrx_word' id='word_1_326' title='bbox 2306 2039 2503 2093; x_wconf 88' lang='lat' dir='ltr'><strong>mulier</strong></span> <span class='ocrx_word' id='word_1_327' title='bbox 2530 2055 2719 2094; x_wconf 89' lang='lat' dir='ltr'><strong>amans</strong></span> <span class='ocrx_word' id='word_1_328' title='bbox 2753 2049 3068 2111; x_wconf 83' lang='lat' dir='ltr'><strong>martyrum.</strong></span> <span class='ocrx_word' id='word_1_329' title='bbox 3101 2042 3237 2094; x_wconf 91' lang='lat' dir='ltr'><strong>Cum</strong></span> <span class='ocrx_word' id='word_1_330' title='bbox 3266 2053 3451 2096; x_wconf 89' lang='lat' dir='ltr'><strong>autem</strong></span> 
     </span>
    </p>
   </div>
   <div class='ocr_carea' id='block_1_50' title="bbox 1877 2133 3453 2202">
    <p class='ocr_par' dir='ltr' id='par_1_50' title="bbox 1877 2133 3453 2202">
     <span class='ocr_line' id='line_1_50' title="bbox 1877 2133 3453 2202; baseline 0.004 -22"><span class='ocrx_word' id='word_1_331' title='bbox 1877 2143 2072 2196; x_wconf 88' lang='lat' dir='ltr'><strong>magno</strong></span> <span class='ocrx_word' id='word_1_332' title='bbox 2139 2137 2393 2198; x_wconf 86' lang='lat' dir='ltr'><strong>sumptu,</strong></span> <span class='ocrx_word' id='word_1_333' title='bbox 2453 2139 2508 2184; x_wconf 90' lang='lat' dir='ltr'><strong>et</strong></span> <span class='ocrx_word' id='word_1_334' title='bbox 2565 2145 2759 2200; x_wconf 85' lang='lat' dir='ltr'><strong>magna</strong></span> <span class='ocrx_word' id='word_1_335' title='bbox 2819 2133 3175 2186; x_wconf 83' lang='lat' dir='ltr'><strong>contentione</strong></span> <span class='ocrx_word' id='word_1_336' title='bbox 3236 2143 3453 2202; x_wconf 81' lang='lat' dir='ltr'><strong>urgeret</strong></span> 
     </span>
    </p>
   </div>
   <div class='ocr_carea' id='block_1_51' title="bbox 1873 2219 3450 2294">
    <p class='ocr_par' dir='ltr' id='par_1_51' title="bbox 1873 2219 3450 2294">
     <span class='ocr_line' id='line_1_51' title="bbox 1873 2219 3450 2294; baseline 0.003 -22"><span class='ocrx_word' id='word_1_337' title='bbox 1873 2219 2295 2274; x_wconf 61' lang='lat' dir='ltr'><strong>mdil‘tcationcm</strong></span> <span class='ocrx_word' id='word_1_338' title='bbox 2352 2221 2699 2290; x_wconf 85' lang='lat' dir='ltr'><strong>(quibusnam</strong></span> <span class='ocrx_word' id='word_1_339' title='bbox 2732 2224 2951 2292; x_wconf 85' lang='lat' dir='ltr'><strong>quidem</strong></span> <span class='ocrx_word' id='word_1_340' title='bbox 2976 2225 3186 2294; x_wconf 86' lang='lat' dir='ltr'><strong>gratiis,</strong></span> <span class='ocrx_word' id='word_1_341' title='bbox 3217 2240 3450 2293; x_wconf 88' lang='lat' dir='ltr'><strong>quanam</strong></span> 
     </span>
    </p>
   </div>
   <div class='ocr_carea' id='block_1_52' title="bbox 1871 2313 3448 2386">
    <p class='ocr_par' dir='ltr' id='par_1_52' title="bbox 1871 2313 3448 2386">
     <span class='ocr_line' id='line_1_52' title="bbox 1871 2313 3448 2386; baseline 0.006 -25"><span class='ocrx_word' id='word_1_342' title='bbox 1871 2319 2053 2362; x_wconf 90' lang='lat' dir='ltr'><strong>autem</strong></span> <span class='ocrx_word' id='word_1_343' title='bbox 2084 2326 2208 2363; x_wconf 89' lang='lat' dir='ltr'><strong>cum</strong></span> <span class='ocrx_word' id='word_1_344' title='bbox 2243 2313 2540 2380; x_wconf 81' lang='lat' dir='ltr'><strong>voluptate,</strong></span> <span class='ocrx_word' id='word_1_345' title='bbox 2578 2313 2848 2382; x_wconf 79' lang='lat' dir='ltr'><strong>elegantia</strong></span> <span class='ocrx_word' id='word_1_346' title='bbox 2878 2327 2932 2370; x_wconf 87' lang='lat' dir='ltr'><strong>et</strong></span> <span class='ocrx_word' id='word_1_347' title='bbox 2981 2317 3165 2386; x_wconf 81' lang='lat' dir='ltr'><strong>specie</strong></span> <span class='ocrx_word' id='word_1_348' title='bbox 3203 2317 3311 2371; x_wconf 90' lang='lat' dir='ltr'><strong>illic</strong></span> <span class='ocrx_word' id='word_1_349' title='bbox 3341 2332 3448 2370; x_wconf 90' lang='lat' dir='ltr'><strong>non</strong></span> 
     </span>
    </p>
   </div>
   <div class='ocr_carea' id='block_1_53' title="bbox 1871 2400 3448 2474">
    <p class='ocr_par' dir='ltr' id='par_1_53' title="bbox 1871 2400 3448 2474">
     <span class='ocr_line' id='line_1_53' title="bbox 1871 2400 3448 2474; baseline 0.004 -20"><span class='ocrx_word' id='word_1_350' title='bbox 1871 2400 2201 2470; x_wconf 84' lang='lat' dir='ltr'><strong>arridente)</strong></span> <span class='ocrx_word' id='word_1_351' title='bbox 2269 2401 2384 2471; x_wconf 86' lang='lat' dir='ltr'><strong>ipsa</strong></span> <span class='ocrx_word' id='word_1_352' title='bbox 2447 2402 2642 2458; x_wconf 81' lang='lat' dir='ltr'><strong>referta</strong></span> <span class='ocrx_word' id='word_1_353' title='bbox 2728 2405 2935 2459; x_wconf 63' lang='lat' dir='ltr'><strong>laetitiae</strong></span> <span class='ocrx_word' id='word_1_354' title='bbox 3000 2410 3254 2474; x_wconf 78' lang='lat' dir='ltr'><strong>(laetatur</strong></span> <span class='ocrx_word' id='word_1_355' title='bbox 3304 2407 3448 2462; x_wconf 89' lang='lat' dir='ltr'><strong>enim</strong></span> 
     </span>
    </p>
   </div>
   <div class='ocr_carea' id='block_1_54' title="bbox 1873 2493 3451 2570">
    <p class='ocr_par' dir='ltr' id='par_1_54' title="bbox 1873 2493 3451 2570">
     <span class='ocr_line' id='line_1_54' title="bbox 1873 2493 3451 2570; baseline 0.003 -20"><span class='ocrx_word' id='word_1_356' title='bbox 1873 2495 2076 2560; x_wconf 86' lang='lat' dir='ltr'><strong>anima,</strong></span> <span class='ocrx_word' id='word_1_357' title='bbox 2108 2495 2185 2550; x_wconf 89' lang='lat' dir='ltr'><strong>rei</strong></span> <span class='ocrx_word' id='word_1_358' title='bbox 2215 2493 2458 2565; x_wconf 69' lang='lat' dir='ltr'><strong>pulchrae</strong></span> <span class='ocrx_word' id='word_1_359' title='bbox 2485 2511 2670 2551; x_wconf 88' lang='lat' dir='ltr'><strong>curam</strong></span> <span class='ocrx_word' id='word_1_360' title='bbox 2706 2512 2922 2570; x_wconf 88' lang='lat' dir='ltr'><strong>gerens,</strong></span> <span class='ocrx_word' id='word_1_361' title='bbox 2956 2499 3152 2570; x_wconf 90' lang='lat' dir='ltr'><strong>partim</strong></span> <span class='ocrx_word' id='word_1_362' title='bbox 3203 2499 3451 2568; x_wconf 87' lang='lat' dir='ltr'><strong>quidem,</strong></span> 
     </span>
    </p>
   </div>
   <div class='ocr_carea' id='block_1_55' title="bbox 1871 2590 3454 2660">
    <p class='ocr_par' dir='ltr' id='par_1_55' title="bbox 1871 2590 3454 2660">
     <span class='ocr_line' id='line_1_55' title="bbox 1871 2590 3454 2660; baseline 0.004 -20"><span class='ocrx_word' id='word_1_363' title='bbox 1871 2590 2016 2659; x_wconf 88' lang='lat' dir='ltr'><strong>quod</strong></span> <span class='ocrx_word' id='word_1_364' title='bbox 2055 2590 2196 2642; x_wconf 87' lang='lat' dir='ltr'><strong>bono</strong></span> <span class='ocrx_word' id='word_1_365' title='bbox 2245 2597 2437 2641; x_wconf 81' lang='lat' dir='ltr'><strong>natura</strong></span> <span class='ocrx_word' id='word_1_366' title='bbox 2471 2590 2543 2642; x_wconf 87' lang='lat' dir='ltr'><strong>sit</strong></span> <span class='ocrx_word' id='word_1_367' title='bbox 2588 2591 2839 2651; x_wconf 86' lang='lat' dir='ltr'><strong>insitum.</strong></span> <span class='ocrx_word' id='word_1_368' title='bbox 2877 2602 2936 2642; x_wconf 90' lang='lat' dir='ltr'><strong>ut</strong></span> <span class='ocrx_word' id='word_1_369' title='bbox 2971 2591 3056 2654; x_wconf 89' lang='lat' dir='ltr'><strong>iis,</strong></span> <span class='ocrx_word' id='word_1_370' title='bbox 3091 2590 3182 2660; x_wconf 89' lang='lat' dir='ltr'><strong>qui</strong></span> <span class='ocrx_word' id='word_1_371' title='bbox 3232 2591 3285 2645; x_wconf 90' lang='lat' dir='ltr'><strong>id</strong></span> <span class='ocrx_word' id='word_1_372' title='bbox 3317 2606 3454 2659; x_wconf 86' lang='lat' dir='ltr'><strong>ope-</strong></span> 
     </span>
    </p>
   </div>
   <div class='ocr_carea' id='block_1_56' title="bbox 1872 2679 3449 2749">
    <p class='ocr_par' dir='ltr' id='par_1_56' title="bbox 1872 2679 3449 2749">
     <span class='ocr_line' id='line_1_56' title="bbox 1872 2679 3449 2749; baseline 0.003 -19"><span class='ocrx_word' id='word_1_373' title='bbox 1872 2688 2080 2741; x_wconf 85' lang='lat' dir='ltr'><strong>rantur,</strong></span> <span class='ocrx_word' id='word_1_374' title='bbox 2139 2679 2403 2733; x_wconf 87' lang='lat' dir='ltr'><strong>conciliet</strong></span> <span class='ocrx_word' id='word_1_375' title='bbox 2468 2679 2747 2745; x_wconf 67' lang='lat' dir='ltr'><strong>laetitiam;</strong></span> <span class='ocrx_word' id='word_1_376' title='bbox 2808 2681 3002 2749; x_wconf 88' lang='lat' dir='ltr'><strong>partim</strong></span> <span class='ocrx_word' id='word_1_377' title='bbox 3053 2689 3233 2735; x_wconf 87' lang='lat' dir='ltr'><strong>autem</strong></span> <span class='ocrx_word' id='word_1_378' title='bbox 3286 2688 3449 2735; x_wconf 76' lang='lat' dir='ltr'><strong>etiam</strong></span> 
     </span>
    </p>
   </div>
   <div class='ocr_carea' id='block_1_57' title="bbox 1871 2772 3450 2841">
    <p class='ocr_par' dir='ltr' id='par_1_57' title="bbox 1871 2772 3450 2841">
     <span class='ocr_line' id='line_1_57' title="bbox 1871 2772 3450 2841; baseline 0.004 -21"><span class='ocrx_word' id='word_1_379' title='bbox 1871 2777 2093 2838; x_wconf 85' lang='lat' dir='ltr'><strong>propter</strong></span> <span class='ocrx_word' id='word_1_380' title='bbox 2153 2785 2316 2832; x_wconf 85' lang='lat' dir='ltr'><strong>eam,</strong></span> <span class='ocrx_word' id='word_1_381' title='bbox 2375 2786 2496 2839; x_wconf 80' lang='lat' dir='ltr'><strong>quae</strong></span> <span class='ocrx_word' id='word_1_382' title='bbox 2553 2781 2837 2841; x_wconf 86' lang='lat' dir='ltr'><strong>speratur,</strong></span> <span class='ocrx_word' id='word_1_383' title='bbox 2878 2772 3450 2839; x_wconf 86' lang='lat' dir='ltr'><strong>remunerationem),</strong></span> 
     </span>
    </p>
   </div>
   <div class='ocr_carea' id='block_1_58' title="bbox 1872 2861 3451 2934">
    <p class='ocr_par' dir='ltr' id='par_1_58' title="bbox 1872 2861 3451 2934">
     <span class='ocr_line' id='line_1_58' title="bbox 1872 2861 3451 2934; baseline 0.002 -20"><span class='ocrx_word' id='word_1_384' title='bbox 1872 2863 2159 2930; x_wconf 88' lang='lat' dir='ltr'><strong>pecuniam</strong></span> <span class='ocrx_word' id='word_1_385' title='bbox 2196 2861 2360 2915; x_wconf 77' lang='lat' dir='ltr'><strong>mittit</strong></span> <span class='ocrx_word' id='word_1_386' title='bbox 2418 2864 2485 2917; x_wconf 86' lang='lat' dir='ltr'><strong>ad</strong></span> <span class='ocrx_word' id='word_1_387' title='bbox 2544 2880 2662 2926; x_wconf 87' lang='lat' dir='ltr'><strong>eos,</strong></span> <span class='ocrx_word' id='word_1_388' title='bbox 2709 2867 2800 2933; x_wconf 87' lang='lat' dir='ltr'><strong>qui</strong></span> <span class='ocrx_word' id='word_1_389' title='bbox 2845 2881 3024 2917; x_wconf 86' lang='lat' dir='ltr'><strong>rerum</strong></span> <span class='ocrx_word' id='word_1_390' title='bbox 3075 2865 3451 2934; x_wconf 90' lang='lat' dir='ltr'><strong>potiebantur,</strong></span> 
     </span>
    </p>
   </div>
   <div class='ocr_carea' id='block_1_59' title="bbox 1870 2952 3446 3024">
    <p class='ocr_par' dir='ltr' id='par_1_59' title="bbox 1870 2952 3446 3024">
     <span class='ocr_line' id='line_1_59' title="bbox 1870 2952 3446 3024; baseline 0.003 -19"><span class='ocrx_word' id='word_1_391' title='bbox 1870 2964 2061 3018; x_wconf 87' lang='lat' dir='ltr'><strong>petens</strong></span> <span class='ocrx_word' id='word_1_392' title='bbox 2092 2961 2148 3006; x_wconf 89' lang='lat' dir='ltr'><strong>ut</strong></span> <span class='ocrx_word' id='word_1_393' title='bbox 2191 2952 2398 3008; x_wconf 89' lang='lat' dir='ltr'><strong>honore</strong></span> <span class='ocrx_word' id='word_1_394' title='bbox 2431 2969 2591 3006; x_wconf 90' lang='lat' dir='ltr'><strong>suum</strong></span> <span class='ocrx_word' id='word_1_395' title='bbox 2624 2955 2983 3024; x_wconf 82' lang='lat' dir='ltr'><strong>dignarentur</strong></span> <span class='ocrx_word' id='word_1_396' title='bbox 3011 2956 3204 3009; x_wconf 76' lang='lat' dir='ltr'><strong>(ilium.</strong></span> <span class='ocrx_word' id='word_1_397' title='bbox 3250 2956 3446 3012; x_wconf 88' lang='lat' dir='ltr'><strong>Statim</strong></span> 
     </span>
    </p>
   </div>
   <div class='ocr_carea' id='block_1_60' title="bbox 1870 3045 3442 3117">
    <p class='ocr_par' dir='ltr' id='par_1_60' title="bbox 1870 3045 3442 3117">
     <span class='ocr_line' id='line_1_60' title="bbox 1870 3045 3442 3117; baseline 0.003 -17"><span class='ocrx_word' id='word_1_398' title='bbox 1870 3051 2052 3100; x_wconf 81' lang='lat' dir='ltr'><strong>autem</strong></span> <span class='ocrx_word' id='word_1_399' title='bbox 2098 3045 2162 3098; x_wconf 84' lang='lat' dir='ltr'><strong>ad</strong></span> <span class='ocrx_word' id='word_1_400' title='bbox 2221 3061 2343 3100; x_wconf 88' lang='lat' dir='ltr'><strong>eam</strong></span> <span class='ocrx_word' id='word_1_401' title='bbox 2391 3055 2518 3099; x_wconf 91' lang='lat' dir='ltr'><strong>sunt</strong></span> <span class='ocrx_word' id='word_1_402' title='bbox 2562 3045 2744 3100; x_wconf 67' lang='lat' dir='ltr'><strong>missae</strong></span> <span class='ocrx_word' id='word_1_403' title='bbox 2804 3046 2996 3100; x_wconf 67' lang='lat' dir='ltr'><strong>litterae</strong></span> <span class='ocrx_word' id='word_1_404' title='bbox 3052 3045 3442 3117; x_wconf 70' lang='lat' dir='ltr'><strong>imperatoriae.</strong></span> 
     </span>
    </p>
   </div>
   <div class='ocr_carea' id='block_1_61' title="bbox 1869 3137 2678 3205">
    <p class='ocr_par' dir='ltr' id='par_1_61' title="bbox 1869 3137 2678 3205">
     <span class='ocr_line' id='line_1_61' title="bbox 1869 3137 2678 3205; baseline 0.002 -16"><span class='ocrx_word' id='word_1_405' title='bbox 1869 3137 2190 3205; x_wconf 82' lang='lat' dir='ltr'><strong>dignitatem</strong></span> <span class='ocrx_word' id='word_1_406' title='bbox 2217 3138 2330 3192; x_wconf 79' lang='lat' dir='ltr'><strong>tilio</strong></span> <span class='ocrx_word' id='word_1_407' title='bbox 2355 3138 2678 3192; x_wconf 82' lang='lat' dir='ltr'><strong>tribuentes.</strong></span> 
     </span>
    </p>
   </div>
   <div class='ocr_carea' id='block_1_62' title="bbox 259 3227 1767 3309">
    <p class='ocr_par' dir='ltr' id='par_1_62' title="bbox 259 3227 1760 3309">
     <span class='ocr_line' id='line_1_62' title="bbox 259 3227 1760 3309; baseline 0.006 -30"><span class='ocrx_word' id='word_1_408' title='bbox 259 3227 364 3283; x_wconf 79' lang='lat' dir='ltr'><strong>IA&#39;.</strong></span> <span class='ocrx_word' id='word_1_409' title='bbox 407 3231 469 3283; x_wconf 83' lang='grc' dir='ltr'><em>Ἡ</em></span> <span class='ocrx_word' id='word_1_410' title='bbox 490 3231 545 3284; x_wconf 84' lang='grc' dir='ltr'><strong>δέ</strong></span> <span class='ocrx_word' id='word_1_411' title='bbox 573 3231 713 3296; x_wconf 83' lang='grc' dir='ltr'>τέως</span> <span class='ocrx_word' id='word_1_412' title='bbox 751 3235 850 3303; x_wconf 82' lang='grc' dir='ltr'>μὲν</span> <span class='ocrx_word' id='word_1_413' title='bbox 898 3235 1137 3307; x_wconf 68' lang='grc' dir='ltr'>ἀναϐολῇ</span> <span class='ocrx_word' id='word_1_414' title='bbox 1181 3236 1240 3289; x_wconf 72' lang='grc' dir='ltr'><strong>τὸ</strong></span> <span class='ocrx_word' id='word_1_415' title='bbox 1285 3238 1519 3309; x_wconf 83' lang='grc' dir='ltr'>πρᾶγμα</span> <span class='ocrx_word' id='word_1_416' title='bbox 1555 3237 1760 3301; x_wconf 79' lang='grc' dir='ltr'>δίδωσι,</span> 
     </span>
    </p>
   </div>
   <div class='ocr_carea' id='block_1_63' title="bbox 1872 3227 3450 3309">
    <p class='ocr_par' dir='ltr' id='par_1_63' title="bbox 1935 3228 3450 3300">
     <span class='ocr_line' id='line_1_63' title="bbox 1935 3228 3450 3300; baseline 0.001 -18"><span class='ocrx_word' id='word_1_417' title='bbox 1935 3228 2026 3282; x_wconf 73' lang='lat' dir='ltr'><strong>XI.</strong></span> <span class='ocrx_word' id='word_1_418' title='bbox 2065 3229 2158 3281; x_wconf 90' lang='lat' dir='ltr'><strong>Illa</strong></span> <span class='ocrx_word' id='word_1_419' title='bbox 2181 3244 2314 3281; x_wconf 92' lang='lat' dir='ltr'><strong>vero</strong></span> <span class='ocrx_word' id='word_1_420' title='bbox 2343 3245 2455 3282; x_wconf 92' lang='lat' dir='ltr'><strong>rem</strong></span> <span class='ocrx_word' id='word_1_421' title='bbox 2490 3231 2711 3298; x_wconf 88' lang='lat' dir='ltr'><strong>quidem</strong></span> <span class='ocrx_word' id='word_1_422' title='bbox 2755 3228 2936 3285; x_wconf 74' lang='lat' dir='ltr'><strong>differt</strong></span> <span class='ocrx_word' id='word_1_423' title='bbox 2960 3229 3200 3294; x_wconf 87' lang='lat' dir='ltr'><strong>interim,</strong></span> <span class='ocrx_word' id='word_1_424' title='bbox 3239 3238 3298 3283; x_wconf 93' lang='lat' dir='ltr'><strong>ut</strong></span> <span class='ocrx_word' id='word_1_425' title='bbox 3328 3245 3450 3300; x_wconf 64' lang='lat' dir='ltr'><strong>quia</strong></span> 
     </span>
    </p>
   </div>
   <div class='ocr_carea' id='block_1_64' title="bbox 189 3322 1763 3400">
    <p class='ocr_par' dir='ltr' id='par_1_64' title="bbox 189 3322 1763 3400">
     <span class='ocr_line' id='line_1_64' title="bbox 189 3322 1763 3400; baseline 0.008 -28"><span class='ocrx_word' id='word_1_426' title='bbox 189 3322 474 3394; x_wconf 52' lang='grc' dir='ltr'>περὶπὴν</span> <span class='ocrx_word' id='word_1_427' title='bbox 542 3327 834 3397; x_wconf 73' lang='grc' dir='ltr'>οἰκοδομὴν</span> <span class='ocrx_word' id='word_1_428' title='bbox 888 3330 1272 3399; x_wconf 78' lang='grc' dir='ltr'>ἐμμελέστατα</span> <span class='ocrx_word' id='word_1_429' title='bbox 1325 3332 1763 3400; x_wconf 74' lang='grc' dir='ltr'>διαπονουμένη,</span> 
     </span>
    </p>
   </div>
   <div class='ocr_carea' id='block_1_65' title="bbox 185 3416 1768 3490">
    <p class='ocr_par' dir='ltr' id='par_1_65' title="bbox 185 3416 1768 3490">
     <span class='ocr_line' id='line_1_65' title="bbox 185 3416 1768 3490; baseline 0.004 -24"><span class='ocrx_word' id='word_1_430' title='bbox 185 3416 314 3467; x_wconf 78' lang='grc' dir='ltr'>ἐπεὶ</span> <span class='ocrx_word' id='word_1_431' title='bbox 340 3416 396 3468; x_wconf 71' lang='grc' dir='ltr'>δὲ</span> <span class='ocrx_word' id='word_1_432' title='bbox 431 3417 499 3471; x_wconf 84' lang='grc' dir='ltr'>τὰ</span> <span class='ocrx_word' id='word_1_433' title='bbox 530 3417 624 3470; x_wconf 88' lang='grc' dir='ltr'><strong>τοῦ</strong></span> <span class='ocrx_word' id='word_1_434' title='bbox 661 3419 788 3473; x_wconf 83' lang='grc' dir='ltr'>ναοῦ</span> <span class='ocrx_word' id='word_1_435' title='bbox 819 3421 992 3490; x_wconf 86' lang='grc' dir='ltr'>πέρας</span> <span class='ocrx_word' id='word_1_436' title='bbox 1026 3419 1160 3489; x_wconf 77' lang='grc' dir='ltr'>εἶχε,</span> <span class='ocrx_word' id='word_1_437' title='bbox 1195 3424 1386 3484; x_wconf 77' lang='grc' dir='ltr'>καὶείς</span> <span class='ocrx_word' id='word_1_438' title='bbox 1415 3421 1581 3490; x_wconf 79' lang='grc' dir='ltr'>τιμὴν</span> <span class='ocrx_word' id='word_1_439' title='bbox 1614 3418 1768 3484; x_wconf 73' lang='grc' dir='ltr'>οὗτος</span> 
     </span>
    </p>
   </div>
   <div class='ocr_carea' id='block_1_66' title="bbox 186 3508 1768 3582">
    <p class='ocr_par' dir='ltr' id='par_1_66' title="bbox 186 3508 1768 3582">
     <span class='ocr_line' id='line_1_66' title="bbox 186 3508 1768 3582; baseline 0.003 -23"><span class='ocrx_word' id='word_1_440' title='bbox 186 3508 439 3578; x_wconf 74' lang='grc' dir='ltr'>εἱστήκει</span> <span class='ocrx_word' id='word_1_441' title='bbox 479 3508 558 3574; x_wconf 86' lang='grc' dir='ltr'>τῷ</span> <span class='ocrx_word' id='word_1_442' title='bbox 597 3509 856 3578; x_wconf 85' lang='grc' dir='ltr'>μάρτυρι,</span> <span class='ocrx_word' id='word_1_443' title='bbox 880 3510 1142 3576; x_wconf 85' lang='grc' dir='ltr'>συγκαλεῖ</span> <span class='ocrx_word' id='word_1_444' title='bbox 1177 3509 1276 3578; x_wconf 75' lang='grc' dir='ltr'>μὲν</span> <span class='ocrx_word' id='word_1_445' title='bbox 1308 3511 1432 3573; x_wconf 79' lang='grc' dir='ltr'>τοὺς</span> <span class='ocrx_word' id='word_1_446' title='bbox 1466 3512 1560 3579; x_wconf 79' lang='grc' dir='ltr'>τῆς</span> <span class='ocrx_word' id='word_1_447' title='bbox 1594 3514 1768 3582; x_wconf 83' lang='grc' dir='ltr'>ἐπαρ-</span> 
     </span>
    </p>
   </div>
   <div class='ocr_carea' id='block_1_67' title="bbox 188 3599 1766 3674">
    <p class='ocr_par' dir='ltr' id='par_1_67' title="bbox 188 3599 1766 3674">
     <span class='ocr_line' id='line_1_67' title="bbox 188 3599 1766 3674; baseline 0.004 -23"><span class='ocrx_word' id='word_1_448' title='bbox 188 3599 318 3668; x_wconf 85' lang='grc' dir='ltr'>χίας</span> <span class='ocrx_word' id='word_1_449' title='bbox 351 3599 685 3662; x_wconf 84' lang='grc' dir='ltr'>ἐπισκόπους</span> <span class='ocrx_word' id='word_1_450' title='bbox 720 3603 813 3653; x_wconf 78' lang='grc' dir='ltr'>καὶ</span> <span class='ocrx_word' id='word_1_451' title='bbox 836 3600 1264 3671; x_wconf 76' lang='grc' dir='ltr'>πρεσϐυτέρους,</span> <span class='ocrx_word' id='word_1_452' title='bbox 1299 3602 1393 3656; x_wconf 74' lang='grc' dir='ltr'>ἐπὶ</span> <span class='ocrx_word' id='word_1_453' title='bbox 1422 3606 1486 3674; x_wconf 73' lang='grc' dir='ltr'><strong>τῇ</strong></span> <span class='ocrx_word' id='word_1_454' title='bbox 1515 3603 1610 3658; x_wconf 89' lang='grc' dir='ltr'><strong>τοῦ</strong></span> <span class='ocrx_word' id='word_1_455' title='bbox 1637 3603 1766 3657; x_wconf 84' lang='grc' dir='ltr'>ναοῦ</span> 
     </span>
    </p>
   </div>
   <div class='ocr_carea' id='block_1_68' title="bbox 190 3688 1771 3765">
    <p class='ocr_par' dir='ltr' id='par_1_68' title="bbox 190 3688 1771 3765">
     <span class='ocr_line' id='line_1_68' title="bbox 190 3688 1771 3765; baseline 0.004 -25"><span class='ocrx_word' id='word_1_456' title='bbox 190 3688 556 3756; x_wconf 75' lang='grc' dir='ltr'>καθιερώσει.</span> <span class='ocrx_word' id='word_1_457' title='bbox 589 3690 865 3760; x_wconf 87' lang='grc' dir='ltr'>Συγκαλεῖ</span> <span class='ocrx_word' id='word_1_458' title='bbox 893 3693 951 3746; x_wconf 72' lang='grc' dir='ltr'>δὲ</span> <span class='ocrx_word' id='word_1_459' title='bbox 983 3695 1076 3746; x_wconf 84' lang='grc' dir='ltr'>καὶ</span> <span class='ocrx_word' id='word_1_460' title='bbox 1107 3695 1220 3747; x_wconf 81' lang='grc' dir='ltr'>ὅσοι</span> <span class='ocrx_word' id='word_1_461' title='bbox 1246 3695 1356 3748; x_wconf 84' lang='grc' dir='ltr'>τῶν</span> <span class='ocrx_word' id='word_1_462' title='bbox 1395 3695 1649 3765; x_wconf 86' lang='grc' dir='ltr'>μοναχῶν</span> <span class='ocrx_word' id='word_1_463' title='bbox 1678 3696 1771 3748; x_wconf 74' lang='grc' dir='ltr'>ἐπὶ</span> 
     </span>
    </p>
   </div>
   <div class='ocr_carea' id='block_1_69' title="bbox 189 3779 1770 3855">
    <p class='ocr_par' dir='ltr' id='par_1_69' title="bbox 189 3779 1770 3855">
     <span class='ocr_line' id='line_1_69' title="bbox 189 3779 1770 3855; baseline 0.004 -26"><span class='ocrx_word' id='word_1_464' title='bbox 189 3779 268 3848; x_wconf 84' lang='grc' dir='ltr'>τῷ</span> <span class='ocrx_word' id='word_1_465' title='bbox 301 3780 425 3832; x_wconf 84' lang='grc' dir='ltr'>κατ’</span> <span class='ocrx_word' id='word_1_466' title='bbox 456 3781 657 3852; x_wconf 75' lang='grc' dir='ltr'>ἀρετὴν</span> <span class='ocrx_word' id='word_1_467' title='bbox 692 3783 792 3853; x_wconf 84' lang='grc' dir='ltr'><strong>βίῳ</strong></span> <span class='ocrx_word' id='word_1_468' title='bbox 822 3785 1145 3852; x_wconf 81' lang='grc' dir='ltr'>διέλαμπον,</span> <span class='ocrx_word' id='word_1_469' title='bbox 1202 3787 1294 3836; x_wconf 72' lang='grc' dir='ltr'>καὶ</span> <span class='ocrx_word' id='word_1_470' title='bbox 1347 3786 1446 3854; x_wconf 79' lang='grc' dir='ltr'>τῆς</span> <span class='ocrx_word' id='word_1_471' title='bbox 1498 3787 1658 3855; x_wconf 83' lang='grc' dir='ltr'>σοροῦ</span> <span class='ocrx_word' id='word_1_472' title='bbox 1708 3787 1770 3836; x_wconf 83' lang='grc' dir='ltr'><strong>τὸ</strong></span> 
     </span>
    </p>
   </div>
   <div class='ocr_carea' id='block_1_70' title="bbox 193 3872 1770 3947">
    <p class='ocr_par' dir='ltr' id='par_1_70' title="bbox 193 3872 1770 3947">
     <span class='ocr_line' id='line_1_70' title="bbox 193 3872 1770 3947; baseline 0.004 -25"><span class='ocrx_word' id='word_1_473' title='bbox 193 3872 343 3940; x_wconf 74' lang='grc' dir='ltr'>ἱερὸν</span> <span class='ocrx_word' id='word_1_474' title='bbox 397 3872 557 3942; x_wconf 85' lang='grc' dir='ltr'>σῶμα</span> <span class='ocrx_word' id='word_1_475' title='bbox 608 3874 701 3926; x_wconf 89' lang='grc' dir='ltr'><strong>τοῦ</strong></span> <span class='ocrx_word' id='word_1_476' title='bbox 754 3875 1030 3945; x_wconf 82' lang='grc' dir='ltr'>μάρτυρος</span> <span class='ocrx_word' id='word_1_477' title='bbox 1075 3876 1440 3945; x_wconf 85' lang='grc' dir='ltr'>ἐκκομίσασα,</span> <span class='ocrx_word' id='word_1_478' title='bbox 1501 3873 1770 3947; x_wconf 86' lang='grc' dir='ltr'>λαμπρῶς</span> 
     </span>
    </p>
   </div>
   <div class='ocr_carea' id='block_1_71' title="bbox 186 3963 1770 4036">
    <p class='ocr_par' dir='ltr' id='par_1_71' title="bbox 186 3963 1770 4036">
     <span class='ocr_line' id='line_1_71' title="bbox 186 3963 1770 4036; baseline 0.004 -25"><span class='ocrx_word' id='word_1_479' title='bbox 186 3964 284 4012; x_wconf 78' lang='grc' dir='ltr'>ἐπὶ</span> <span class='ocrx_word' id='word_1_480' title='bbox 314 3963 640 4026; x_wconf 64' lang='grc' dir='ltr'>πολυτελοῦς</span> <span class='ocrx_word' id='word_1_481' title='bbox 673 3965 935 4021; x_wconf 81' lang='grc' dir='ltr'>κατέθετο</span> <span class='ocrx_word' id='word_1_482' title='bbox 968 3966 1178 4036; x_wconf 87' lang='grc' dir='ltr'>κλίνης,</span> <span class='ocrx_word' id='word_1_483' title='bbox 1216 3967 1452 4034; x_wconf 77' lang='grc' dir='ltr'>ἐπέθηκέ</span> <span class='ocrx_word' id='word_1_484' title='bbox 1484 3983 1541 4018; x_wconf 85' lang='grc' dir='ltr'><strong>τε</strong></span> <span class='ocrx_word' id='word_1_485' title='bbox 1575 3967 1670 4018; x_wconf 76' lang='grc' dir='ltr'>καὶ</span> <span class='ocrx_word' id='word_1_486' title='bbox 1704 3967 1770 4034; x_wconf 77' lang='grc' dir='ltr'>ἣν</span> 
     </span>
    </p>
   </div>
   <div class='ocr_carea' id='block_1_72' title="bbox 193 4055 1770 4129">
    <p class='ocr_par' dir='ltr' id='par_1_72' title="bbox 193 4055 1770 4129">
     <span class='ocr_line' id='line_1_72' title="bbox 193 4055 1770 4129; baseline 0.006 -25"><span class='ocrx_word' id='word_1_487' title='bbox 193 4055 221 4104; x_wconf 88' lang='grc' dir='ltr'><strong>ό</strong></span> <span class='ocrx_word' id='word_1_488' title='bbox 277 4057 409 4118; x_wconf 78' lang='grc' dir='ltr'>παῖς</span> <span class='ocrx_word' id='word_1_489' title='bbox 440 4055 691 4128; x_wconf 80' lang='grc' dir='ltr'>χλαμύδα</span> <span class='ocrx_word' id='word_1_490' title='bbox 735 4059 829 4112; x_wconf 76' lang='grc' dir='ltr'>καὶ</span> <span class='ocrx_word' id='word_1_491' title='bbox 872 4059 1049 4129; x_wconf 77' lang='grc' dir='ltr'>ζώνην</span> <span class='ocrx_word' id='word_1_492' title='bbox 1088 4058 1299 4110; x_wconf 85' lang='grc' dir='ltr'>ἐνδύναι</span> <span class='ocrx_word' id='word_1_493' title='bbox 1330 4057 1423 4111; x_wconf 89' lang='grc' dir='ltr'><strong>τοῦ</strong></span> <span class='ocrx_word' id='word_1_494' title='bbox 1460 4057 1770 4128; x_wconf 78' lang='grc' dir='ltr'>ἀξιώματος</span> 
     </span>
    </p>
   </div>
   <div class='ocr_carea' id='block_1_73' title="bbox 183 4147 1770 4223">
    <p class='ocr_par' dir='ltr' id='par_1_73' title="bbox 183 4147 1770 4223">
     <span class='ocr_line' id='line_1_73' title="bbox 183 4147 1770 4223; baseline 0.001 -23"><span class='ocrx_word' id='word_1_495' title='bbox 183 4147 434 4223; x_wconf 72' lang='grc' dir='ltr'>ἔμελλεν,</span> <span class='ocrx_word' id='word_1_496' title='bbox 483 4150 844 4218; x_wconf 79' lang='grc' dir='ltr'>εὐλογηθῆναί</span> <span class='ocrx_word' id='word_1_497' title='bbox 906 4166 966 4201; x_wconf 86' lang='grc' dir='ltr'><strong>τε</strong></span> <span class='ocrx_word' id='word_1_498' title='bbox 1027 4149 1245 4218; x_wconf 86' lang='grc' dir='ltr'>πρῶτον</span> <span class='ocrx_word' id='word_1_499' title='bbox 1293 4151 1447 4223; x_wconf 79' lang='grc' dir='ltr'>παρὰ</span> <span class='ocrx_word' id='word_1_500' title='bbox 1497 4149 1608 4203; x_wconf 83' lang='grc' dir='ltr'><strong>τῶν</strong></span> <span class='ocrx_word' id='word_1_501' title='bbox 1654 4152 1770 4202; x_wconf 88' lang='grc' dir='ltr'><strong>ἐκεί</strong></span> 
     </span>
    </p>
   </div>
   <div class='ocr_carea' id='block_1_74' title="bbox 189 4236 1766 4312">
    <p class='ocr_par' dir='ltr' id='par_1_74' title="bbox 189 4236 1766 4312">
     <span class='ocr_line' id='line_1_74' title="bbox 189 4236 1766 4312; baseline -0.001 -18"><span class='ocrx_word' id='word_1_502' title='bbox 189 4241 584 4306; x_wconf 77' lang='grc' dir='ltr'>συνελθόντων,</span> <span class='ocrx_word' id='word_1_503' title='bbox 621 4236 720 4294; x_wconf 82' lang='grc' dir='ltr'>εἷθ’</span> <span class='ocrx_word' id='word_1_504' title='bbox 750 4240 919 4304; x_wconf 79' lang='grc' dir='ltr'>οὕτως</span> <span class='ocrx_word' id='word_1_505' title='bbox 957 4241 1386 4312; x_wconf 82' lang='grc' dir='ltr'>περιὸαλλέσθαι</span> <span class='ocrx_word' id='word_1_506' title='bbox 1419 4240 1612 4294; x_wconf 88' lang='grc' dir='ltr'>τοῦτον</span> <span class='ocrx_word' id='word_1_507' title='bbox 1637 4243 1766 4294; x_wconf 82' lang='grc' dir='ltr'>ἐκά-</span> 
     </span>
    </p>
   </div>
   <div class='ocr_carea' id='block_1_75' title="bbox 187 4332 1770 4414">
    <p class='ocr_par' dir='ltr' id='par_1_75' title="bbox 187 4332 1770 4414">
     <span class='ocr_line' id='line_1_75' title="bbox 187 4332 1770 4414; baseline 0.001 -29"><span class='ocrx_word' id='word_1_508' title='bbox 187 4350 324 4403; x_wconf 87' lang='grc' dir='ltr'>τερα</span> <span class='ocrx_word' id='word_1_509' title='bbox 384 4333 840 4414; x_wconf 47' lang='grc' dir='ltr'>παρεσκεύασενι</span> <span class='ocrx_word' id='word_1_510' title='bbox 877 4333 1070 4387; x_wconf 83' lang='grc' dir='ltr'>ἔπειτα</span> <span class='ocrx_word' id='word_1_511' title='bbox 1132 4334 1406 4402; x_wconf 82' lang='grc' dir='ltr'>πάννυχον</span> <span class='ocrx_word' id='word_1_512' title='bbox 1458 4332 1770 4401; x_wconf 77' lang='grc' dir='ltr'>δοξολογίαν</span> 
     </span>
    </p>
   </div>
   <div class='ocr_carea' id='block_1_76' title="bbox 187 4426 1770 4496">
    <p class='ocr_par' dir='ltr' id='par_1_76' title="bbox 187 4426 1770 4496">
     <span class='ocr_line' id='line_1_76' title="bbox 187 4426 1770 4496; baseline 0.001 -18"><span class='ocrx_word' id='word_1_513' title='bbox 187 4426 328 4496; x_wconf 80' lang='grc' dir='ltr'>ὁμοῦ</span> <span class='ocrx_word' id='word_1_514' title='bbox 368 4427 445 4495; x_wconf 81' lang='grc' dir='ltr'>τῷ</span> <span class='ocrx_word' id='word_1_515' title='bbox 483 4428 646 4479; x_wconf 74' lang='grc' dir='ltr'>παντὶ</span> <span class='ocrx_word' id='word_1_516' title='bbox 683 4426 875 4496; x_wconf 77' lang='grc' dir='ltr'>πλήθει</span> <span class='ocrx_word' id='word_1_517' title='bbox 907 4429 1282 4495; x_wconf 77' lang='grc' dir='ltr'>ποιησαμένη,</span> <span class='ocrx_word' id='word_1_518' title='bbox 1321 4427 1460 4495; x_wconf 82' lang='grc' dir='ltr'>αὐτῆ</span> <span class='ocrx_word' id='word_1_519' title='bbox 1512 4442 1570 4479; x_wconf 82' lang='grc' dir='ltr'><strong>τε</strong></span> <span class='ocrx_word' id='word_1_520' title='bbox 1609 4429 1701 4478; x_wconf 79' lang='grc' dir='ltr'>καὶ</span> <span class='ocrx_word' id='word_1_521' title='bbox 1741 4428 1770 4479; x_wconf 87' lang='grc' dir='ltr'><strong>ό</strong></span> 
     </span>
    </p>
   </div>
   <div class='ocr_carea' id='block_1_77' title="bbox 185 4515 1760 4588">
    <p class='ocr_par' dir='ltr' id='par_1_77' title="bbox 185 4515 1760 4588">
     <span class='ocr_line' id='line_1_77' title="bbox 185 4515 1760 4588; baseline -0.001 -20"><span class='ocrx_word' id='word_1_522' title='bbox 185 4519 319 4579; x_wconf 79' lang='grc' dir='ltr'>παῖς</span> <span class='ocrx_word' id='word_1_523' title='bbox 372 4516 698 4582; x_wconf 84' lang='grc' dir='ltr'>ὑπελθόντες</span> <span class='ocrx_word' id='word_1_524' title='bbox 737 4518 944 4588; x_wconf 72' lang='grc' dir='ltr'>πρῶτοι</span> <span class='ocrx_word' id='word_1_525' title='bbox 992 4518 1052 4570; x_wconf 86' lang='grc' dir='ltr'>τὸ</span> <span class='ocrx_word' id='word_1_526' title='bbox 1094 4517 1255 4586; x_wconf 79' lang='grc' dir='ltr'>σῶμα</span> <span class='ocrx_word' id='word_1_527' title='bbox 1303 4517 1395 4570; x_wconf 87' lang='grc' dir='ltr'><strong>τοῦ</strong></span> <span class='ocrx_word' id='word_1_528' title='bbox 1463 4515 1760 4586; x_wconf 82' lang='grc' dir='ltr'>μάρτυρος,</span> 
     </span>
    </p>
   </div>
   <div class='ocr_carea' id='block_1_78' title="bbox 192 4608 1762 4680">
    <p class='ocr_par' dir='ltr' id='par_1_78' title="bbox 192 4608 1762 4680">
     <span class='ocr_line' id='line_1_78' title="bbox 192 4608 1762 4680; baseline -0.003 -17"><span class='ocrx_word' id='word_1_529' title='bbox 192 4611 290 4663; x_wconf 75' lang='grc' dir='ltr'>καὶ</span> <span class='ocrx_word' id='word_1_530' title='bbox 332 4609 493 4664; x_wconf 89' lang='grc' dir='ltr'>τοῦτο</span> <span class='ocrx_word' id='word_1_531' title='bbox 544 4611 1032 4675; x_wconf 76' lang='grc' dir='ltr'>διαϐαστάσαντες,</span> <span class='ocrx_word' id='word_1_532' title='bbox 1082 4612 1142 4663; x_wconf 81' lang='grc' dir='ltr'><strong>ἐν</strong></span> <span class='ocrx_word' id='word_1_533' title='bbox 1186 4609 1265 4680; x_wconf 78' lang='grc' dir='ltr'>τῷ</span> <span class='ocrx_word' id='word_1_534' title='bbox 1309 4609 1404 4663; x_wconf 86' lang='grc' dir='ltr'><strong>τοῦ</strong></span> <span class='ocrx_word' id='word_1_535' title='bbox 1454 4608 1583 4662; x_wconf 87' lang='grc' dir='ltr'>ναοῦ</span> <span class='ocrx_word' id='word_1_536' title='bbox 1633 4608 1762 4678; x_wconf 85' lang='grc' dir='ltr'>ἱερῷ</span> 
     </span>
    </p>
   </div>
   <div class='ocr_carea' id='block_1_79' title="bbox 190 4700 1766 4773">
    <p class='ocr_par' dir='ltr' id='par_1_79' title="bbox 190 4700 1766 4773">
     <span class='ocr_line' id='line_1_79' title="bbox 190 4700 1766 4773; baseline -0.001 -19"><span class='ocrx_word' id='word_1_537' title='bbox 190 4702 568 4773; x_wconf 83' lang='grc' dir='ltr'>θυσιαστηρίῳ</span> <span class='ocrx_word' id='word_1_538' title='bbox 598 4703 754 4772; x_wconf 82' lang='grc' dir='ltr'>ίερῶς</span> <span class='ocrx_word' id='word_1_539' title='bbox 777 4705 1183 4764; x_wconf 82' lang='grc' dir='ltr'>κατατίθενται,</span> <span class='ocrx_word' id='word_1_540' title='bbox 1214 4704 1280 4754; x_wconf 81' lang='grc' dir='ltr'>τὰ</span> <span class='ocrx_word' id='word_1_541' title='bbox 1305 4703 1351 4754; x_wconf 82' lang='grc' dir='ltr'>δ’</span> <span class='ocrx_word' id='word_1_542' title='bbox 1383 4701 1477 4753; x_wconf 72' lang='grc' dir='ltr'>ἐπὶ</span> <span class='ocrx_word' id='word_1_543' title='bbox 1499 4700 1709 4762; x_wconf 84' lang='grc' dir='ltr'>τούτοις</span> <span class='ocrx_word' id='word_1_544' title='bbox 1733 4700 1766 4768; x_wconf 81' lang='grc' dir='ltr'><strong>ἡ</strong></span> 
     </span>
    </p>
   </div>
   <div class='ocr_carea' id='block_1_80' title="bbox 190 4792 1769 4865">
    <p class='ocr_par' dir='ltr' id='par_1_80' title="bbox 190 4792 1769 4865">
     <span class='ocr_line' id='line_1_80' title="bbox 190 4792 1769 4865; baseline -0.003 -18"><span class='ocrx_word' id='word_1_545' title='bbox 190 4793 532 4864; x_wconf 81' lang='grc' dir='ltr'>φιλόμαρτυς</span> <span class='ocrx_word' id='word_1_546' title='bbox 586 4793 943 4865; x_wconf 77' lang='grc' dir='ltr'>Κλεοπάτρα,</span> <span class='ocrx_word' id='word_1_547' title='bbox 996 4792 1370 4864; x_wconf 87' lang='grc' dir='ltr'>προσκειμένη</span> <span class='ocrx_word' id='word_1_548' title='bbox 1412 4792 1632 4862; x_wconf 81' lang='grc' dir='ltr'>θερμῶς</span> <span class='ocrx_word' id='word_1_549' title='bbox 1675 4793 1769 4844; x_wconf 75' lang='grc' dir='ltr'>καὶ</span> 
     </span>
    </p>
   </div>
   <div class='ocr_carea' id='block_1_81' title="bbox 187 4884 1769 4959">
    <p class='ocr_par' dir='ltr' id='par_1_81' title="bbox 187 4884 1769 4959">
     <span class='ocr_line' id='line_1_81' title="bbox 187 4884 1769 4959; baseline -0.002 -20"><span class='ocrx_word' id='word_1_550' title='bbox 187 4889 525 4959; x_wconf 83' lang='grc' dir='ltr'>δακρύουσα,</span> <span class='ocrx_word' id='word_1_551' title='bbox 549 4887 628 4958; x_wconf 83' lang='grc' dir='ltr'>τῷ</span> <span class='ocrx_word' id='word_1_552' title='bbox 651 4887 801 4940; x_wconf 84' lang='grc' dir='ltr'>παιδί</span> <span class='ocrx_word' id='word_1_553' title='bbox 826 4905 883 4940; x_wconf 86' lang='grc' dir='ltr'><strong>τε</strong></span> <span class='ocrx_word' id='word_1_554' title='bbox 912 4890 1008 4942; x_wconf 76' lang='grc' dir='ltr'>καὶ</span> <span class='ocrx_word' id='word_1_555' title='bbox 1041 4889 1209 4957; x_wconf 75' lang='grc' dir='ltr'>ἑαυτῇ</span> <span class='ocrx_word' id='word_1_556' title='bbox 1237 4887 1305 4938; x_wconf 86' lang='grc' dir='ltr'>τὰ</span> <span class='ocrx_word' id='word_1_557' title='bbox 1337 4885 1519 4956; x_wconf 74' lang='grc' dir='ltr'>ἀγαθὰ</span> <span class='ocrx_word' id='word_1_558' title='bbox 1559 4884 1769 4946; x_wconf 85' lang='grc' dir='ltr'>πιστῶς</span> 
     </span>
    </p>
   </div>
   <div class='ocr_carea' id='block_1_82' title="bbox 190 4974 1768 5049">
    <p class='ocr_par' dir='ltr' id='par_1_82' title="bbox 190 4974 1768 5049">
     <span class='ocr_line' id='line_1_82' title="bbox 190 4974 1768 5049; baseline -0.001 -22"><span class='ocrx_word' id='word_1_559' title='bbox 190 4976 312 5044; x_wconf 70' lang='grc' dir='ltr'>ᾔτει</span> <span class='ocrx_word' id='word_1_560' title='bbox 371 4975 522 5044; x_wconf 83' lang='grc' dir='ltr'>παρὰ</span> <span class='ocrx_word' id='word_1_561' title='bbox 573 4976 666 5027; x_wconf 87' lang='grc' dir='ltr'><strong>τοῦ</strong></span> <span class='ocrx_word' id='word_1_562' title='bbox 734 4978 1033 5049; x_wconf 79' lang='grc' dir='ltr'>μάρτυρος,</span> <span class='ocrx_word' id='word_1_563' title='bbox 1086 4980 1146 5030; x_wconf 83' lang='grc' dir='ltr'><strong>ἐν</strong></span> <span class='ocrx_word' id='word_1_564' title='bbox 1192 4975 1370 5047; x_wconf 85' lang='grc' dir='ltr'>τούτῳ</span> <span class='ocrx_word' id='word_1_565' title='bbox 1423 4975 1480 5030; x_wconf 77' lang='grc' dir='ltr'>δὲ</span> <span class='ocrx_word' id='word_1_566' title='bbox 1532 4975 1640 5044; x_wconf 78' lang='grc' dir='ltr'>ἄρα</span> <span class='ocrx_word' id='word_1_567' title='bbox 1668 4974 1768 5043; x_wconf 80' lang='grc' dir='ltr'>τῆς</span> 
     </span>
    </p>
   </div>
   <div class='ocr_carea' id='block_1_83' title="bbox 191 5065 1769 5140">
    <p class='ocr_par' dir='ltr' id='par_1_83' title="bbox 191 5065 1769 5140">
     <span class='ocr_line' id='line_1_83' title="bbox 191 5065 1769 5140; baseline 0 -23"><span class='ocrx_word' id='word_1_568' title='bbox 191 5067 342 5128; x_wconf 86' lang='grc' dir='ltr'>θείας</span> <span class='ocrx_word' id='word_1_569' title='bbox 384 5065 730 5134; x_wconf 81' lang='grc' dir='ltr'>λειτουργίας</span> <span class='ocrx_word' id='word_1_570' title='bbox 777 5070 934 5140; x_wconf 82' lang='grc' dir='ltr'>ίερῶς</span> <span class='ocrx_word' id='word_1_571' title='bbox 977 5069 1346 5139; x_wconf 85' lang='grc' dir='ltr'>τελεσθείσης,</span> <span class='ocrx_word' id='word_1_572' title='bbox 1403 5067 1625 5139; x_wconf 81' lang='grc' dir='ltr'>ποικίλῃ</span> <span class='ocrx_word' id='word_1_573' title='bbox 1670 5066 1769 5138; x_wconf 80' lang='grc' dir='ltr'>μὲν</span> 
     </span>
    </p>
   </div>
   <div class='ocr_carea' id='block_1_84' title="bbox 192 5150 1768 5230">
    <p class='ocr_par' dir='ltr' id='par_1_84' title="bbox 192 5150 1768 5230">
     <span class='ocr_line' id='line_1_84' title="bbox 192 5150 1768 5230; baseline 0.004 -24"><span class='ocrx_word' id='word_1_574' title='bbox 192 5157 288 5209; x_wconf 82' lang='grc' dir='ltr'>καὶ</span> <span class='ocrx_word' id='word_1_575' title='bbox 326 5150 560 5226; x_wconf 74' lang='grc' dir='ltr'>λαμπρᾷ</span> <span class='ocrx_word' id='word_1_576' title='bbox 605 5160 672 5226; x_wconf 68' lang='grc' dir='ltr'><strong>τη</strong></span> <span class='ocrx_word' id='word_1_577' title='bbox 716 5161 951 5230; x_wconf 74' lang='grc' dir='ltr'>οραπέζῃ</span> <span class='ocrx_word' id='word_1_578' title='bbox 981 5160 1110 5224; x_wconf 87' lang='grc' dir='ltr'>τοῦς</span> <span class='ocrx_word' id='word_1_579' title='bbox 1152 5164 1268 5214; x_wconf 82' lang='grc' dir='ltr'>ἐκεῖ</span> <span class='ocrx_word' id='word_1_580' title='bbox 1301 5161 1653 5223; x_wconf 85' lang='grc' dir='ltr'>συνελθόντας</span> <span class='ocrx_word' id='word_1_581' title='bbox 1688 5161 1768 5212; x_wconf 83' lang='grc' dir='ltr'><strong>ει-</strong></span> 
     </span>
    </p>
   </div>
   <div class='ocr_carea' id='block_1_85' title="bbox 197 5246 1768 5322">
    <p class='ocr_par' dir='ltr' id='par_1_85' title="bbox 197 5246 1768 5322">
     <span class='ocr_line' id='line_1_85' title="bbox 197 5246 1768 5322; baseline -0.001 -22"><span class='ocrx_word' id='word_1_582' title='bbox 197 5246 341 5314; x_wconf 87' lang='grc' dir='ltr'>στία,</span> <span class='ocrx_word' id='word_1_583' title='bbox 385 5249 454 5302; x_wconf 71' lang='grc' dir='ltr'><strong>τὰ</strong></span> <span class='ocrx_word' id='word_1_584' title='bbox 507 5247 564 5299; x_wconf 74' lang='grc' dir='ltr'><strong>δέ</strong></span> <span class='ocrx_word' id='word_1_585' title='bbox 609 5251 737 5319; x_wconf 79' lang='grc' dir='ltr'>περὶ</span> <span class='ocrx_word' id='word_1_586' title='bbox 781 5251 879 5319; x_wconf 76' lang='grc' dir='ltr'><strong>την</strong></span> <span class='ocrx_word' id='word_1_587' title='bbox 930 5251 1206 5306; x_wconf 84' lang='grc' dir='ltr'>διακονίαν</span> <span class='ocrx_word' id='word_1_588' title='bbox 1236 5252 1442 5322; x_wconf 87' lang='grc' dir='ltr'>ταύτην</span> <span class='ocrx_word' id='word_1_589' title='bbox 1472 5251 1548 5320; x_wconf 85' lang='grc' dir='ltr'>τῷ</span> <span class='ocrx_word' id='word_1_590' title='bbox 1578 5267 1636 5302; x_wconf 86' lang='grc' dir='ltr'><strong>τε</strong></span> <span class='ocrx_word' id='word_1_591' title='bbox 1667 5249 1768 5318; x_wconf 76' lang='grc' dir='ltr'><strong>υἱῷ</strong></span> 
     </span>
    </p>
   </div>
   <div class='ocr_carea' id='block_1_86' title="bbox 198 5337 1769 5419">
    <p class='ocr_par' dir='ltr' id='par_1_86' title="bbox 198 5337 1769 5419">
     <span class='ocr_line' id='line_1_86' title="bbox 198 5337 1769 5419; baseline -0.001 -26"><span class='ocrx_word' id='word_1_592' title='bbox 198 5341 289 5393; x_wconf 81' lang='grc' dir='ltr'>καὶ</span> <span class='ocrx_word' id='word_1_593' title='bbox 319 5342 488 5412; x_wconf 75' lang='grc' dir='ltr'>ἑαυτῇ</span> <span class='ocrx_word' id='word_1_594' title='bbox 525 5339 776 5394; x_wconf 81' lang='grc' dir='ltr'>ἀνετίθει.</span> <span class='ocrx_word' id='word_1_595' title='bbox 805 5337 910 5394; x_wconf 84' lang='grc' dir='ltr'>Ἦν</span> <span class='ocrx_word' id='word_1_596' title='bbox 937 5343 992 5394; x_wconf 78' lang='grc' dir='ltr'>δὲ</span> <span class='ocrx_word' id='word_1_597' title='bbox 1023 5342 1478 5419; x_wconf 80' lang='grc' dir='ltr'>παρηγγελμένον</span> <span class='ocrx_word' id='word_1_598' title='bbox 1510 5341 1588 5410; x_wconf 78' lang='grc' dir='ltr'>τῷ</span> <span class='ocrx_word' id='word_1_599' title='bbox 1619 5341 1769 5395; x_wconf 78' lang='grc' dir='ltr'>παιδὶ</span> 
     </span>
    </p>
   </div>
   <div class='ocr_carea' id='block_1_87' title="bbox 198 5431 1764 5503">
    <p class='ocr_par' dir='ltr' id='par_1_87' title="bbox 198 5431 1764 5503">
     <span class='ocr_line' id='line_1_87' title="bbox 198 5431 1764 5503; baseline -0.001 -19"><span class='ocrx_word' id='word_1_600' title='bbox 198 5433 345 5502; x_wconf 80' lang='grc' dir='ltr'>παρὰ</span> <span class='ocrx_word' id='word_1_601' title='bbox 375 5434 473 5502; x_wconf 83' lang='grc' dir='ltr'>τῆς</span> <span class='ocrx_word' id='word_1_602' title='bbox 501 5433 733 5503; x_wconf 82' lang='grc' dir='ltr'>μητέρος</span> <span class='ocrx_word' id='word_1_603' title='bbox 765 5431 884 5502; x_wconf 81' lang='grc' dir='ltr'>μηδ’</span> <span class='ocrx_word' id='word_1_604' title='bbox 915 5435 1143 5486; x_wconf 74' lang='grc' dir='ltr'>όποσοῦν</span> <span class='ocrx_word' id='word_1_605' title='bbox 1180 5432 1392 5502; x_wconf 83' lang='grc' dir='ltr'>βρωτοῦ</span> <span class='ocrx_word' id='word_1_606' title='bbox 1427 5447 1570 5493; x_wconf 87' lang='grc' dir='ltr'>τινος</span> <span class='ocrx_word' id='word_1_607' title='bbox 1608 5431 1641 5502; x_wconf 80' lang='grc' dir='ltr'>ἦ</span> <span class='ocrx_word' id='word_1_608' title='bbox 1671 5447 1764 5484; x_wconf 64' lang='grc' dir='ltr'>που</span> 
     </span>
    </p>
   </div>
   <div class='ocr_carea' id='block_1_88' title="bbox 195 5522 1768 5595">
    <p class='ocr_par' dir='ltr' id='par_1_88' title="bbox 195 5522 1768 5595">
     <span class='ocr_line' id='line_1_88' title="bbox 195 5522 1768 5595; baseline -0.001 -19"><span class='ocrx_word' id='word_1_609' title='bbox 195 5524 286 5578; x_wconf 84' lang='grc' dir='ltr'><strong>τοῦ</strong></span> <span class='ocrx_word' id='word_1_610' title='bbox 320 5527 588 5592; x_wconf 78' lang='grc' dir='ltr'>πρότερον</span> <span class='ocrx_word' id='word_1_611' title='bbox 619 5523 966 5593; x_wconf 81' lang='grc' dir='ltr'>μεταλαϐεῖν,</span> <span class='ocrx_word' id='word_1_612' title='bbox 1004 5526 1133 5595; x_wconf 67' lang='grc' dir='ltr'>πρὶν</span> <span class='ocrx_word' id='word_1_613' title='bbox 1179 5526 1234 5576; x_wconf 83' lang='grc' dir='ltr'>δὲ</span> <span class='ocrx_word' id='word_1_614' title='bbox 1267 5525 1337 5576; x_wconf 82' lang='grc' dir='ltr'>τὰ</span> <span class='ocrx_word' id='word_1_615' title='bbox 1385 5524 1482 5591; x_wconf 81' lang='grc' dir='ltr'>τῆς</span> <span class='ocrx_word' id='word_1_616' title='bbox 1534 5522 1768 5591; x_wconf 83' lang='grc' dir='ltr'>εὐωχίας</span> 
     </span>
    </p>
   </div>
   <div class='ocr_carea' id='block_1_89' title="bbox 196 5614 1768 5686">
    <p class='ocr_par' dir='ltr' id='par_1_89' title="bbox 196 5614 1768 5686">
     <span class='ocr_line' id='line_1_89' title="bbox 196 5614 1768 5686; baseline -0.002 -15"><span class='ocrx_word' id='word_1_617' title='bbox 196 5620 273 5680; x_wconf 83' lang='grc' dir='ltr'>εἰς</span> <span class='ocrx_word' id='word_1_618' title='bbox 300 5618 474 5685; x_wconf 80' lang='grc' dir='ltr'>πέρας</span> <span class='ocrx_word' id='word_1_619' title='bbox 508 5615 701 5670; x_wconf 76' lang='grc' dir='ltr'>ἐλθεῖν.</span> <span class='ocrx_word' id='word_1_620' title='bbox 731 5617 887 5670; x_wconf 86' lang='grc' dir='ltr'>οῦτω</span> <span class='ocrx_word' id='word_1_621' title='bbox 909 5616 1016 5669; x_wconf 85' lang='grc' dir='ltr'>τῶν</span> <span class='ocrx_word' id='word_1_622' title='bbox 1043 5620 1172 5686; x_wconf 77' lang='grc' dir='ltr'>περὶ</span> <span class='ocrx_word' id='word_1_623' title='bbox 1199 5615 1297 5684; x_wconf 78' lang='grc' dir='ltr'>τὴν</span> <span class='ocrx_word' id='word_1_624' title='bbox 1330 5614 1565 5683; x_wconf 81' lang='grc' dir='ltr'>εὐωχίαν</span> <span class='ocrx_word' id='word_1_625' title='bbox 1593 5618 1768 5685; x_wconf 84' lang='grc' dir='ltr'>πέρας</span> 
     </span>
    </p>
   </div>
   <div class='ocr_carea' id='block_1_90' title="bbox 196 5705 1768 5780">
    <p class='ocr_par' dir='ltr' id='par_1_90' title="bbox 196 5705 1768 5780">
     <span class='ocr_line' id='line_1_90' title="bbox 196 5705 1768 5780; baseline -0.004 -17"><span class='ocrx_word' id='word_1_626' title='bbox 196 5713 449 5780; x_wconf 82' lang='grc' dir='ltr'>ἐχόντων,</span> <span class='ocrx_word' id='word_1_627' title='bbox 482 5708 580 5776; x_wconf 77' lang='grc' dir='ltr'>τῆς</span> <span class='ocrx_word' id='word_1_628' title='bbox 626 5710 838 5779; x_wconf 71' lang='grc' dir='ltr'>ἡμέρας</span> <span class='ocrx_word' id='word_1_629' title='bbox 866 5727 925 5763; x_wconf 83' lang='grc' dir='ltr'><strong>τε</strong></span> <span class='ocrx_word' id='word_1_630' title='bbox 959 5709 1057 5779; x_wconf 78' lang='grc' dir='ltr'>ήδη</span> <span class='ocrx_word' id='word_1_631' title='bbox 1092 5708 1377 5778; x_wconf 80' lang='grc' dir='ltr'>κλινάσης,</span> <span class='ocrx_word' id='word_1_632' title='bbox 1410 5705 1546 5760; x_wconf 75' lang='grc' dir='ltr'>ἀλλὰ</span> <span class='ocrx_word' id='word_1_633' title='bbox 1581 5707 1644 5759; x_wconf 75' lang='grc' dir='ltr'><strong>τὸ</strong></span> <span class='ocrx_word' id='word_1_634' title='bbox 1673 5707 1768 5761; x_wconf 90' lang='grc' dir='ltr'><strong>νῦν</strong></span> 
     </span>
    </p>
   </div>
   <div class='ocr_carea' id='block_1_91' title="bbox 197 5798 1768 5873">
    <p class='ocr_par' dir='ltr' id='par_1_91' title="bbox 197 5798 1768 5873">
     <span class='ocr_line' id='line_1_91' title="bbox 197 5798 1768 5873; baseline 0.008 -22"><span class='ocrx_word' id='word_1_635' title='bbox 197 5801 533 5873; x_wconf 78' lang='grc' dir='ltr'>ῥηθήσεσθαι</span> <span class='ocrx_word' id='word_1_636' title='bbox 601 5799 792 5869; x_wconf 82' lang='grc' dir='ltr'>μέλλον</span> <span class='ocrx_word' id='word_1_637' title='bbox 844 5803 1196 5872; x_wconf 51' lang='grc' dir='ltr'>μικροψύχων</span> <span class='ocrx_word' id='word_1_638' title='bbox 1243 5801 1343 5868; x_wconf 79' lang='grc' dir='ltr'>μὲν</span> <span class='ocrx_word' id='word_1_639' title='bbox 1392 5798 1618 5865; x_wconf 76' lang='grc' dir='ltr'><strong>ταράξει</strong></span> <span class='ocrx_word' id='word_1_640' title='bbox 1675 5800 1768 5853; x_wconf 59' lang='grc' dir='ltr'>καὶ</span> 
     </span>
    </p>
   </div>
   <div class='ocr_carea' id='block_1_92' title="bbox 190 5893 1760 5962">
    <p class='ocr_par' dir='ltr' id='par_1_92' title="bbox 190 5893 1760 5962">
     <span class='ocr_line' id='line_1_92' title="bbox 190 5893 1760 5962; baseline -0.002 -13"><span class='ocrx_word' id='word_1_641' title='bbox 190 5898 355 5954; x_wconf 73' lang='grc' dir='ltr'>ἀκοὰς</span> <span class='ocrx_word' id='word_1_642' title='bbox 391 5896 488 5949; x_wconf 79' lang='grc' dir='ltr'>καὶ</span> <span class='ocrx_word' id='word_1_643' title='bbox 516 5894 711 5962; x_wconf 78' lang='grc' dir='ltr'>ψυχὰς,</span> <span class='ocrx_word' id='word_1_644' title='bbox 746 5893 853 5947; x_wconf 83' lang='grc' dir='ltr'><strong>τῶν</strong></span> <span class='ocrx_word' id='word_1_645' title='bbox 879 5895 933 5946; x_wconf 81' lang='grc' dir='ltr'>δὲ</span> <span class='ocrx_word' id='word_1_646' title='bbox 961 5895 1096 5949; x_wconf 84' lang='grc' dir='ltr'>Θεοῦ</span> <span class='ocrx_word' id='word_1_647' title='bbox 1115 5894 1350 5962; x_wconf 65' lang='grc' dir='ltr'>τρόπους</span> <span class='ocrx_word' id='word_1_648' title='bbox 1381 5896 1504 5947; x_wconf 82' lang='grc' dir='ltr'>ὅσον</span> <span class='ocrx_word' id='word_1_649' title='bbox 1531 5894 1760 5957; x_wconf 74' lang='grc' dir='ltr'>εφικιον</span> 
     </span>
    </p>
   </div>
   <div class='ocr_carea' id='block_1_93' title="bbox 1870 3319 3445 3387">
    <p class='ocr_par' dir='ltr' id='par_1_93' title="bbox 1870 3319 3445 3387">
     <span class='ocr_line' id='line_1_93' title="bbox 1870 3319 3445 3387; baseline -0.003 -9"><span class='ocrx_word' id='word_1_650' title='bbox 1870 3323 1923 3378; x_wconf 91' lang='lat' dir='ltr'><strong>in</strong></span> <span class='ocrx_word' id='word_1_651' title='bbox 1950 3319 2269 3377; x_wconf 65' lang='lat' dir='ltr'><strong>aediﬁcando</strong></span> <span class='ocrx_word' id='word_1_652' title='bbox 2300 3319 2569 3373; x_wconf 88' lang='lat' dir='ltr'><strong>laboraret</strong></span> <span class='ocrx_word' id='word_1_653' title='bbox 2605 3321 3040 3387; x_wconf 78' lang='lat' dir='ltr'><strong>diligentissime.</strong></span> <span class='ocrx_word' id='word_1_654' title='bbox 3083 3321 3216 3374; x_wconf 88' lang='lat' dir='ltr'><strong>Cum</strong></span> <span class='ocrx_word' id='word_1_655' title='bbox 3264 3331 3445 3374; x_wconf 88' lang='lat' dir='ltr'><strong>autem</strong></span> 
     </span>
    </p>
   </div>
   <div class='ocr_carea' id='block_1_94' title="bbox 1871 3412 3444 3482">
    <p class='ocr_par' dir='ltr' id='par_1_94' title="bbox 1871 3412 3444 3482">
     <span class='ocr_line' id='line_1_94' title="bbox 1871 3412 3444 3482; baseline -0.001 -13"><span class='ocrx_word' id='word_1_656' title='bbox 1871 3416 2081 3472; x_wconf 82' lang='lat' dir='ltr'><strong>ﬁnitum</strong></span> <span class='ocrx_word' id='word_1_657' title='bbox 2109 3423 2258 3468; x_wconf 84' lang='lat' dir='ltr'><strong>esset</strong></span> <span class='ocrx_word' id='word_1_658' title='bbox 2294 3412 2577 3482; x_wconf 79' lang='lat' dir='ltr'><strong>templum,</strong></span> <span class='ocrx_word' id='word_1_659' title='bbox 2610 3412 2770 3481; x_wconf 81' lang='lat' dir='ltr'><strong>idque</strong></span> <span class='ocrx_word' id='word_1_660' title='bbox 2802 3421 2974 3467; x_wconf 86' lang='lat' dir='ltr'><strong>staret</strong></span> <span class='ocrx_word' id='word_1_661' title='bbox 3005 3421 3346 3468; x_wconf 69' lang='lat' dir='ltr'><strong>exstructum</strong></span> <span class='ocrx_word' id='word_1_662' title='bbox 3390 3413 3444 3467; x_wconf 90' lang='lat' dir='ltr'><strong>in</strong></span> 
     </span>
    </p>
   </div>
   <div class='ocr_carea' id='block_1_95' title="bbox 1871 3505 3450 3574">
    <p class='ocr_par' dir='ltr' id='par_1_95' title="bbox 1871 3505 3450 3574">
     <span class='ocr_line' id='line_1_95' title="bbox 1871 3505 3450 3574; baseline -0.003 -12"><span class='ocrx_word' id='word_1_663' title='bbox 1871 3509 2136 3562; x_wconf 88' lang='lat' dir='ltr'><strong>honorem</strong></span> <span class='ocrx_word' id='word_1_664' title='bbox 2193 3510 2468 3574; x_wconf 84' lang='lat' dir='ltr'><strong>martyris,</strong></span> <span class='ocrx_word' id='word_1_665' title='bbox 2540 3513 2806 3559; x_wconf 76' lang='lat' dir='ltr'><strong>convocat</strong></span> <span class='ocrx_word' id='word_1_666' title='bbox 2862 3505 3081 3573; x_wconf 91' lang='lat' dir='ltr'><strong>quidem</strong></span> <span class='ocrx_word' id='word_1_667' title='bbox 3155 3505 3450 3572; x_wconf 68' lang='lat' dir='ltr'><strong>provincia</strong></span> 
     </span>
    </p>
   </div>
   <div class='ocr_carea' id='block_1_96' title="bbox 1869 3593 3444 3667">
    <p class='ocr_par' dir='ltr' id='par_1_96' title="bbox 1869 3593 3444 3667">
     <span class='ocr_line' id='line_1_96' title="bbox 1869 3593 3444 3667; baseline -0.004 -14"><span class='ocrx_word' id='word_1_668' title='bbox 1869 3599 2156 3667; x_wconf 89' lang='lat' dir='ltr'><strong>episcopos</strong></span> <span class='ocrx_word' id='word_1_669' title='bbox 2189 3604 2244 3647; x_wconf 88' lang='lat' dir='ltr'><strong>et</strong></span> <span class='ocrx_word' id='word_1_670' title='bbox 2273 3595 2620 3663; x_wconf 79' lang='lat' dir='ltr'><strong>presbyteros</strong></span> <span class='ocrx_word' id='word_1_671' title='bbox 2643 3595 2708 3646; x_wconf 88' lang='lat' dir='ltr'><strong>ad</strong></span> <span class='ocrx_word' id='word_1_672' title='bbox 2741 3593 2922 3661; x_wconf 88' lang='lat' dir='ltr'><strong>templi</strong></span> <span class='ocrx_word' id='word_1_673' title='bbox 2955 3593 3444 3646; x_wconf 85' lang='lat' dir='ltr'><strong>consecrationem.</strong></span> 
     </span>
    </p>
   </div>
   <div class='ocr_carea' id='block_1_97' title="bbox 1870 3683 3451 3754">
    <p class='ocr_par' dir='ltr' id='par_1_97' title="bbox 1870 3683 3451 3754">
     <span class='ocr_line' id='line_1_97' title="bbox 1870 3683 3451 3754; baseline -0.005 -8"><span class='ocrx_word' id='word_1_674' title='bbox 1870 3690 2146 3747; x_wconf 88' lang='lat' dir='ltr'><strong>Convocat</strong></span> <span class='ocrx_word' id='word_1_675' title='bbox 2172 3697 2355 3742; x_wconf 88' lang='lat' dir='ltr'><strong>autem</strong></span> <span class='ocrx_word' id='word_1_676' title='bbox 2389 3686 2692 3740; x_wconf 88' lang='lat' dir='ltr'><strong>monachos</strong></span> <span class='ocrx_word' id='word_1_677' title='bbox 2734 3685 2921 3748; x_wconf 88' lang='lat' dir='ltr'><strong>etiam,</strong></span> <span class='ocrx_word' id='word_1_678' title='bbox 2957 3684 3049 3754; x_wconf 91' lang='lat' dir='ltr'><strong>qui</strong></span> <span class='ocrx_word' id='word_1_679' title='bbox 3093 3683 3298 3739; x_wconf 90' lang='lat' dir='ltr'><strong>virtute</strong></span> <span class='ocrx_word' id='word_1_680' title='bbox 3360 3698 3451 3738; x_wconf 85' lang='lat' dir='ltr'><strong>re-</strong></span> 
     </span>
    </p>
   </div>
   <div class='ocr_carea' id='block_1_98' title="bbox 1875 3777 3453 3851">
    <p class='ocr_par' dir='ltr' id='par_1_98' title="bbox 1875 3777 3453 3851">
     <span class='ocr_line' id='line_1_98' title="bbox 1875 3777 3453 3851; baseline -0.004 -15"><span class='ocrx_word' id='word_1_681' title='bbox 1875 3781 2265 3851; x_wconf 86' lang='lat' dir='ltr'><strong>splendebant.</strong></span> <span class='ocrx_word' id='word_1_682' title='bbox 2289 3779 2355 3832; x_wconf 83' lang='lat' dir='ltr'><strong>Et</strong></span> <span class='ocrx_word' id='word_1_683' title='bbox 2383 3795 2508 3833; x_wconf 86' lang='lat' dir='ltr'><strong>cum</strong></span> <span class='ocrx_word' id='word_1_684' title='bbox 2555 3793 2584 3832; x_wconf 88' lang='lat' dir='ltr'><strong>e</strong></span> <span class='ocrx_word' id='word_1_685' title='bbox 2615 3777 2794 3833; x_wconf 89' lang='lat' dir='ltr'><strong>loculo</strong></span> <span class='ocrx_word' id='word_1_686' title='bbox 2823 3792 3037 3832; x_wconf 87' lang='lat' dir='ltr'><strong>sacrum</strong></span> <span class='ocrx_word' id='word_1_687' title='bbox 3079 3790 3273 3846; x_wconf 78' lang='lat' dir='ltr'><strong>corpus</strong></span> <span class='ocrx_word' id='word_1_688' title='bbox 3309 3790 3453 3830; x_wconf 86' lang='lat' dir='ltr'><strong>mar-</strong></span> 
     </span>
    </p>
   </div>
   <div class='ocr_carea' id='block_1_99' title="bbox 1871 3868 3450 3946">
    <p class='ocr_par' dir='ltr' id='par_1_99' title="bbox 1871 3868 3450 3946">
     <span class='ocr_line' id='line_1_99' title="bbox 1871 3868 3450 3946; baseline -0.004 -17"><span class='ocrx_word' id='word_1_689' title='bbox 1871 3874 2006 3946; x_wconf 84' lang='lat' dir='ltr'><strong>tyris</strong></span> <span class='ocrx_word' id='word_1_690' title='bbox 2057 3871 2380 3935; x_wconf 78' lang='lat' dir='ltr'><strong>extulisset,</strong></span> <span class='ocrx_word' id='word_1_691' title='bbox 2439 3869 2494 3922; x_wconf 88' lang='lat' dir='ltr'><strong>id</strong></span> <span class='ocrx_word' id='word_1_692' title='bbox 2545 3869 2600 3922; x_wconf 91' lang='lat' dir='ltr'><strong>in</strong></span> <span class='ocrx_word' id='word_1_693' title='bbox 2661 3871 2953 3937; x_wconf 88' lang='lat' dir='ltr'><strong>magnilico</strong></span> <span class='ocrx_word' id='word_1_694' title='bbox 3001 3869 3143 3923; x_wconf 89' lang='lat' dir='ltr'><strong>lecto</strong></span> <span class='ocrx_word' id='word_1_695' title='bbox 3191 3868 3450 3938; x_wconf 68' lang='lat' dir='ltr'><strong>praeclare</strong></span> 
     </span>
    </p>
   </div>
   <div class='ocr_carea' id='block_1_100' title="bbox 1871 3961 3450 4036">
    <p class='ocr_par' dir='ltr' id='par_1_100' title="bbox 1871 3961 3450 4036">
     <span class='ocr_line' id='line_1_100' title="bbox 1871 3961 3450 4036; baseline -0.005 -14"><span class='ocrx_word' id='word_1_696' title='bbox 1871 3968 2145 4036; x_wconf 89' lang='lat' dir='ltr'><strong>deposuit.</strong></span> <span class='ocrx_word' id='word_1_697' title='bbox 2199 3962 2465 4034; x_wconf 89' lang='lat' dir='ltr'><strong>Imposuit</strong></span> <span class='ocrx_word' id='word_1_698' title='bbox 2529 3963 2693 4017; x_wconf 90' lang='lat' dir='ltr'><strong>etiam</strong></span> <span class='ocrx_word' id='word_1_699' title='bbox 2748 3961 3092 4032; x_wconf 83' lang='lat' dir='ltr'><strong>clamydem.</strong></span> <span class='ocrx_word' id='word_1_700' title='bbox 3146 3968 3201 4015; x_wconf 91' lang='lat' dir='ltr'><strong>et</strong></span> <span class='ocrx_word' id='word_1_701' title='bbox 3258 3975 3450 4014; x_wconf 87' lang='lat' dir='ltr'><strong>zonam</strong></span> 
     </span>
    </p>
   </div>
   <div class='ocr_carea' id='block_1_101' title="bbox 1871 4051 3453 4126">
    <p class='ocr_par' dir='ltr' id='par_1_101' title="bbox 1871 4051 3453 4126">
     <span class='ocr_line' id='line_1_101' title="bbox 1871 4051 3453 4126; baseline -0.004 -15"><span class='ocrx_word' id='word_1_702' title='bbox 1871 4055 2167 4126; x_wconf 84' lang='lat' dir='ltr'><strong>dignitatis,</strong></span> <span class='ocrx_word' id='word_1_703' title='bbox 2200 4068 2361 4123; x_wconf 84' lang='lat' dir='ltr'><strong>quam</strong></span> <span class='ocrx_word' id='word_1_704' title='bbox 2389 4053 2532 4105; x_wconf 83' lang='lat' dir='ltr'><strong>ﬁlius</strong></span> <span class='ocrx_word' id='word_1_705' title='bbox 2575 4066 2708 4104; x_wconf 87' lang='lat' dir='ltr'><strong>suus</strong></span> <span class='ocrx_word' id='word_1_706' title='bbox 2745 4060 2863 4104; x_wconf 80' lang='lat' dir='ltr'><strong>erat</strong></span> <span class='ocrx_word' id='word_1_707' title='bbox 2909 4051 3227 4116; x_wconf 69' lang='lat' dir='ltr'><strong>indutui-us,</strong></span> <span class='ocrx_word' id='word_1_708' title='bbox 3262 4052 3453 4105; x_wconf 79' lang='lat' dir='ltr'><strong>volens</strong></span> 
     </span>
    </p>
   </div>
   <div class='ocr_carea' id='block_1_102' title="bbox 1871 4143 3452 4222">
    <p class='ocr_par' dir='ltr' id='par_1_102' title="bbox 1871 4143 3452 4222">
     <span class='ocr_line' id='line_1_102' title="bbox 1871 4143 3452 4222; baseline -0.006 -16"><span class='ocrx_word' id='word_1_709' title='bbox 1871 4161 1932 4206; x_wconf 92' lang='lat' dir='ltr'><strong>ut</strong></span> <span class='ocrx_word' id='word_1_710' title='bbox 1964 4150 2199 4222; x_wconf 89' lang='lat' dir='ltr'><strong>primum</strong></span> <span class='ocrx_word' id='word_1_711' title='bbox 2231 4146 2693 4203; x_wconf 76' lang='lat' dir='ltr'><strong>henedicerentur</strong></span> <span class='ocrx_word' id='word_1_712' title='bbox 2713 4143 2788 4197; x_wconf 85' lang='lat' dir='ltr'><strong>ab</strong></span> <span class='ocrx_word' id='word_1_713' title='bbox 2829 4144 2914 4208; x_wconf 89' lang='lat' dir='ltr'><strong>iis,</strong></span> <span class='ocrx_word' id='word_1_714' title='bbox 2961 4145 3054 4214; x_wconf 89' lang='lat' dir='ltr'><strong>qui</strong></span> <span class='ocrx_word' id='word_1_715' title='bbox 3087 4145 3213 4200; x_wconf 90' lang='lat' dir='ltr'><strong>illuc</strong></span> <span class='ocrx_word' id='word_1_716' title='bbox 3257 4159 3452 4199; x_wconf 75' lang='lat' dir='ltr'><strong>conve-</strong></span> 
     </span>
    </p>
   </div>
   <div class='ocr_carea' id='block_1_103' title="bbox 1871 4235 3452 4306">
    <p class='ocr_par' dir='ltr' id='par_1_103' title="bbox 1871 4235 3452 4306">
     <span class='ocr_line' id='line_1_103' title="bbox 1871 4235 3452 4306; baseline -0.007 -8"><span class='ocrx_word' id='word_1_717' title='bbox 1871 4250 2086 4302; x_wconf 88' lang='lat' dir='ltr'><strong>nerant,</strong></span> <span class='ocrx_word' id='word_1_718' title='bbox 2118 4240 2316 4292; x_wconf 87' lang='lat' dir='ltr'><strong>deinde</strong></span> <span class='ocrx_word' id='word_1_719' title='bbox 2341 4248 2632 4306; x_wconf 86' lang='lat' dir='ltr'><strong>utrumque</strong></span> <span class='ocrx_word' id='word_1_720' title='bbox 2664 4236 2936 4289; x_wconf 84' lang='lat' dir='ltr'><strong>indueret.</strong></span> <span class='ocrx_word' id='word_1_721' title='bbox 2978 4235 3168 4305; x_wconf 90' lang='lat' dir='ltr'><strong>Itaque</strong></span> <span class='ocrx_word' id='word_1_722' title='bbox 3201 4250 3322 4289; x_wconf 85' lang='lat' dir='ltr'><strong>cum</strong></span> <span class='ocrx_word' id='word_1_723' title='bbox 3352 4250 3452 4304; x_wconf 87' lang='lat' dir='ltr'><strong>per</strong></span> 
     </span>
    </p>
   </div>
   <div class='ocr_carea' id='block_1_104' title="bbox 1871 4326 3449 4396">
    <p class='ocr_par' dir='ltr' id='par_1_104' title="bbox 1871 4326 3449 4396">
     <span class='ocr_line' id='line_1_104' title="bbox 1871 4326 3449 4396; baseline -0.007 -5"><span class='ocrx_word' id='word_1_724' title='bbox 1871 4334 2086 4390; x_wconf 78' lang='lat' dir='ltr'><strong>noctem</strong></span> <span class='ocrx_word' id='word_1_725' title='bbox 2129 4332 2290 4384; x_wconf 88' lang='lat' dir='ltr'><strong>simul</strong></span> <span class='ocrx_word' id='word_1_726' title='bbox 2325 4344 2450 4382; x_wconf 91' lang='lat' dir='ltr'><strong>cum</strong></span> <span class='ocrx_word' id='word_1_727' title='bbox 2494 4338 2608 4382; x_wconf 90' lang='lat' dir='ltr'><strong>toto</strong></span> <span class='ocrx_word' id='word_1_728' title='bbox 2652 4327 2852 4396; x_wconf 92' lang='lat' dir='ltr'><strong>populo</strong></span> <span class='ocrx_word' id='word_1_729' title='bbox 2905 4327 3128 4380; x_wconf 82' lang='lat' dir='ltr'><strong>fecisset</strong></span> <span class='ocrx_word' id='word_1_730' title='bbox 3177 4326 3449 4396; x_wconf 72' lang='lat' dir='ltr'><strong>glorifica-</strong></span> 
     </span>
    </p>
   </div>
   <div class='ocr_carea' id='block_1_105' title="bbox 1872 4418 3450 4494">
    <p class='ocr_par' dir='ltr' id='par_1_105' title="bbox 1872 4418 3450 4494">
     <span class='ocr_line' id='line_1_105' title="bbox 1872 4418 3450 4494; baseline -0.006 -11"><span class='ocrx_word' id='word_1_731' title='bbox 1872 4429 2096 4487; x_wconf 88' lang='lat' dir='ltr'><strong>tionem,</strong></span> <span class='ocrx_word' id='word_1_732' title='bbox 2127 4424 2244 4494; x_wconf 88' lang='lat' dir='ltr'><strong>ipsa</strong></span> <span class='ocrx_word' id='word_1_733' title='bbox 2268 4433 2324 4477; x_wconf 87' lang='lat' dir='ltr'><strong>et</strong></span> <span class='ocrx_word' id='word_1_734' title='bbox 2357 4421 2498 4475; x_wconf 86' lang='lat' dir='ltr'><strong>Iilius</strong></span> <span class='ocrx_word' id='word_1_735' title='bbox 2532 4418 2695 4474; x_wconf 87' lang='lat' dir='ltr'><strong>simul</strong></span> <span class='ocrx_word' id='word_1_736' title='bbox 2727 4418 3024 4472; x_wconf 84' lang='lat' dir='ltr'><strong>subeuntes</strong></span> <span class='ocrx_word' id='word_1_737' title='bbox 3059 4418 3214 4486; x_wconf 90' lang='lat' dir='ltr'><strong>primi</strong></span> <span class='ocrx_word' id='word_1_738' title='bbox 3245 4431 3450 4487; x_wconf 84' lang='lat' dir='ltr'><strong>corpus</strong></span> 
     </span>
    </p>
   </div>
   <div class='ocr_carea' id='block_1_106' title="bbox 1873 4507 3444 4586">
    <p class='ocr_par' dir='ltr' id='par_1_106' title="bbox 1873 4507 3444 4586">
     <span class='ocr_line' id='line_1_106' title="bbox 1873 4507 3444 4586; baseline -0.007 -13"><span class='ocrx_word' id='word_1_739' title='bbox 1873 4517 2150 4586; x_wconf 80' lang='lat' dir='ltr'><strong>martyris,</strong></span> <span class='ocrx_word' id='word_1_740' title='bbox 2182 4522 2236 4566; x_wconf 85' lang='lat' dir='ltr'><strong>et</strong></span> <span class='ocrx_word' id='word_1_741' title='bbox 2276 4514 2330 4566; x_wconf 88' lang='lat' dir='ltr'><strong>Id</strong></span> <span class='ocrx_word' id='word_1_742' title='bbox 2368 4512 2627 4573; x_wconf 79' lang='lat' dir='ltr'><strong>ferentes,</strong></span> <span class='ocrx_word' id='word_1_743' title='bbox 2678 4518 3025 4563; x_wconf 83' lang='lat' dir='ltr'><strong>sacrosancte</strong></span> <span class='ocrx_word' id='word_1_744' title='bbox 3073 4508 3353 4576; x_wconf 87' lang='lat' dir='ltr'><strong>deponunt</strong></span> <span class='ocrx_word' id='word_1_745' title='bbox 3385 4507 3444 4562; x_wconf 84' lang='lat' dir='ltr'><strong>in</strong></span> 
     </span>
    </p>
   </div>
   <div class='ocr_carea' id='block_1_107' title="bbox 1871 4599 3440 4672">
    <p class='ocr_par' dir='ltr' id='par_1_107' title="bbox 1871 4599 3440 4672">
     <span class='ocr_line' id='line_1_107' title="bbox 1871 4599 3440 4672; baseline -0.008 -7"><span class='ocrx_word' id='word_1_746' title='bbox 1871 4624 2022 4666; x_wconf 83' lang='lat' dir='ltr'><strong>sacra</strong></span> <span class='ocrx_word' id='word_1_747' title='bbox 2054 4622 2144 4662; x_wconf 85' lang='lat' dir='ltr'><strong>ara</strong></span> <span class='ocrx_word' id='word_1_748' title='bbox 2173 4603 2380 4672; x_wconf 88' lang='lat' dir='ltr'><strong>templi.</strong></span> <span class='ocrx_word' id='word_1_749' title='bbox 2405 4600 2532 4656; x_wconf 83' lang='lat' dir='ltr'><strong>Post</strong></span> <span class='ocrx_word' id='word_1_750' title='bbox 2557 4599 2673 4653; x_wconf 67' lang='lat' dir='ltr'><strong>haec</strong></span> <span class='ocrx_word' id='word_1_751' title='bbox 2711 4611 2891 4653; x_wconf 89' lang='lat' dir='ltr'><strong>autem</strong></span> <span class='ocrx_word' id='word_1_752' title='bbox 2923 4614 3113 4653; x_wconf 86' lang='lat' dir='ltr'><strong>amans</strong></span> <span class='ocrx_word' id='word_1_753' title='bbox 3143 4610 3440 4669; x_wconf 83' lang='lat' dir='ltr'><strong>martyrum</strong></span> 
     </span>
    </p>
   </div>
   <div class='ocr_carea' id='block_1_108' title="bbox 1869 4689 3449 4772">
    <p class='ocr_par' dir='ltr' id='par_1_108' title="bbox 1869 4689 3449 4772">
     <span class='ocr_line' id='line_1_108' title="bbox 1869 4689 3449 4772; baseline -0.006 -20"><span class='ocrx_word' id='word_1_754' title='bbox 1869 4707 2182 4772; x_wconf 78' lang='lat' dir='ltr'><strong>Cleopatra,</strong></span> <span class='ocrx_word' id='word_1_755' title='bbox 2217 4697 2472 4749; x_wconf 82' lang='lat' dir='ltr'><strong>ardenter</strong></span> <span class='ocrx_word' id='word_1_756' title='bbox 2499 4693 2708 4744; x_wconf 88' lang='lat' dir='ltr'><strong>instans</strong></span> <span class='ocrx_word' id='word_1_757' title='bbox 2732 4699 2786 4744; x_wconf 86' lang='lat' dir='ltr'><strong>et</strong></span> <span class='ocrx_word' id='word_1_758' title='bbox 2830 4692 3160 4758; x_wconf 85' lang='lat' dir='ltr'><strong>Iacrymans,</strong></span> <span class='ocrx_word' id='word_1_759' title='bbox 3199 4689 3308 4742; x_wconf 84' lang='lat' dir='ltr'><strong>lilio</strong></span> <span class='ocrx_word' id='word_1_760' title='bbox 3349 4704 3449 4743; x_wconf 86' lang='lat' dir='ltr'><strong>suo</strong></span> 
     </span>
    </p>
   </div>
   <div class='ocr_carea' id='block_1_109' title="bbox 1869 4779 3445 4853">
    <p class='ocr_par' dir='ltr' id='par_1_109' title="bbox 1869 4779 3445 4853">
     <span class='ocr_line' id='line_1_109' title="bbox 1869 4779 3445 4853; baseline -0.013 0"><span class='ocrx_word' id='word_1_761' title='bbox 1869 4807 1924 4852; x_wconf 90' lang='lat' dir='ltr'><strong>et</strong></span> <span class='ocrx_word' id='word_1_762' title='bbox 1957 4793 2062 4852; x_wconf 87' lang='lat' dir='ltr'><strong>sibi</strong></span> <span class='ocrx_word' id='word_1_763' title='bbox 2098 4792 2237 4844; x_wconf 90' lang='lat' dir='ltr'><strong>bona</strong></span> <span class='ocrx_word' id='word_1_764' title='bbox 2279 4785 2511 4841; x_wconf 87' lang='lat' dir='ltr'><strong>lideliter</strong></span> <span class='ocrx_word' id='word_1_765' title='bbox 2556 4783 2778 4853; x_wconf 85' lang='lat' dir='ltr'><strong>petebat</strong></span> <span class='ocrx_word' id='word_1_766' title='bbox 2827 4795 2858 4832; x_wconf 90' lang='lat' dir='ltr'><strong>a</strong></span> <span class='ocrx_word' id='word_1_767' title='bbox 2913 4791 3171 4851; x_wconf 82' lang='lat' dir='ltr'><strong>martyre.</strong></span> <span class='ocrx_word' id='word_1_768' title='bbox 3223 4779 3445 4834; x_wconf 89' lang='lat' dir='ltr'><strong>Interim</strong></span> 
     </span>
    </p>
   </div>
   <div class='ocr_carea' id='block_1_110' title="bbox 1870 4875 3446 4944">
    <p class='ocr_par' dir='ltr' id='par_1_110' title="bbox 1870 4875 3446 4944">
     <span class='ocr_line' id='line_1_110' title="bbox 1870 4875 3446 4944; baseline -0.01 0"><span class='ocrx_word' id='word_1_769' title='bbox 1870 4899 2050 4944; x_wconf 88' lang='lat' dir='ltr'><strong>autem</strong></span> <span class='ocrx_word' id='word_1_770' title='bbox 2076 4883 2265 4940; x_wconf 91' lang='lat' dir='ltr'><strong>divino</strong></span> <span class='ocrx_word' id='word_1_771' title='bbox 2292 4879 2600 4934; x_wconf 86' lang='lat' dir='ltr'><strong>ministerio</strong></span> <span class='ocrx_word' id='word_1_772' title='bbox 2646 4883 2994 4930; x_wconf 85' lang='lat' dir='ltr'><strong>sacrosancte</strong></span> <span class='ocrx_word' id='word_1_773' title='bbox 3023 4885 3265 4943; x_wconf 86' lang='lat' dir='ltr'><strong>peracto,</strong></span> <span class='ocrx_word' id='word_1_774' title='bbox 3296 4875 3446 4928; x_wconf 85' lang='lat' dir='ltr'><strong>varia</strong></span> 
     </span>
    </p>
   </div>
   <div class='ocr_carea' id='block_1_111' title="bbox 1870 4964 3451 5054">
    <p class='ocr_par' dir='ltr' id='par_1_111' title="bbox 1870 4964 3451 5054">
     <span class='ocr_line' id='line_1_111' title="bbox 1870 4964 3451 5054; baseline -0.011 -17"><span class='ocrx_word' id='word_1_775' title='bbox 1870 4982 2090 5054; x_wconf 90' lang='lat' dir='ltr'><strong>quidem</strong></span> <span class='ocrx_word' id='word_1_776' title='bbox 2115 4985 2170 5030; x_wconf 84' lang='lat' dir='ltr'><strong>et</strong></span> <span class='ocrx_word' id='word_1_777' title='bbox 2200 4970 2480 5043; x_wconf 88' lang='lat' dir='ltr'><strong>splendida</strong></span> <span class='ocrx_word' id='word_1_778' title='bbox 2529 4982 2726 5024; x_wconf 88' lang='lat' dir='ltr'><strong>mensa</strong></span> <span class='ocrx_word' id='word_1_779' title='bbox 2779 4966 2991 5034; x_wconf 89' lang='lat' dir='ltr'><strong>accepit</strong></span> <span class='ocrx_word' id='word_1_780' title='bbox 3029 4978 3148 5028; x_wconf 84' lang='lat' dir='ltr'><strong>eos,</strong></span> <span class='ocrx_word' id='word_1_781' title='bbox 3194 4964 3287 5034; x_wconf 85' lang='lat' dir='ltr'><strong>qui</strong></span> <span class='ocrx_word' id='word_1_782' title='bbox 3323 4965 3451 5020; x_wconf 88' lang='lat' dir='ltr'><strong>illuc</strong></span> 
     </span>
    </p>
   </div>
   <div class='ocr_carea' id='block_1_112' title="bbox 1871 5057 3450 5132">
    <p class='ocr_par' dir='ltr' id='par_1_112' title="bbox 1871 5057 3450 5132">
     <span class='ocr_line' id='line_1_112' title="bbox 1871 5057 3450 5132; baseline -0.013 -3"><span class='ocrx_word' id='word_1_783' title='bbox 1871 5078 2266 5129; x_wconf 85' lang='lat' dir='ltr'><strong>convenerant.</strong></span> <span class='ocrx_word' id='word_1_784' title='bbox 2301 5067 2431 5132; x_wconf 72' lang='lat' dir='ltr'><strong>Quae</strong></span> <span class='ocrx_word' id='word_1_785' title='bbox 2457 5070 2640 5117; x_wconf 83' lang='lat' dir='ltr'><strong>autem</strong></span> <span class='ocrx_word' id='word_1_786' title='bbox 2668 5057 3013 5128; x_wconf 86' lang='lat' dir='ltr'><strong>pertinebant</strong></span> <span class='ocrx_word' id='word_1_787' title='bbox 3045 5057 3110 5111; x_wconf 85' lang='lat' dir='ltr'><strong>ad</strong></span> <span class='ocrx_word' id='word_1_788' title='bbox 3157 5057 3258 5111; x_wconf 92' lang='lat' dir='ltr'><strong>hoc</strong></span> <span class='ocrx_word' id='word_1_789' title='bbox 3289 5058 3450 5111; x_wconf 83' lang='lat' dir='ltr'><strong>mini-</strong></span> 
     </span>
    </p>
   </div>
   <div class='ocr_carea' id='block_1_113' title="bbox 1871 5145 3443 5224">
    <p class='ocr_par' dir='ltr' id='par_1_113' title="bbox 1871 5145 3443 5224">
     <span class='ocr_line' id='line_1_113' title="bbox 1871 5145 3443 5224; baseline -0.01 -8"><span class='ocrx_word' id='word_1_790' title='bbox 1871 5160 2120 5224; x_wconf 88' lang='lat' dir='ltr'><strong>sterium,</strong></span> <span class='ocrx_word' id='word_1_791' title='bbox 2150 5157 2260 5210; x_wconf 81' lang='lat' dir='ltr'><strong>[ilio</strong></span> <span class='ocrx_word' id='word_1_792' title='bbox 2290 5164 2344 5209; x_wconf 90' lang='lat' dir='ltr'><strong>et</strong></span> <span class='ocrx_word' id='word_1_793' title='bbox 2375 5151 2480 5208; x_wconf 84' lang='lat' dir='ltr'><strong>sibi</strong></span> <span class='ocrx_word' id='word_1_794' title='bbox 2527 5149 2860 5218; x_wconf 90' lang='lat' dir='ltr'><strong>imponebat.</strong></span> <span class='ocrx_word' id='word_1_795' title='bbox 2915 5145 3050 5199; x_wconf 86' lang='lat' dir='ltr'><strong>Filio</strong></span> <span class='ocrx_word' id='word_1_796' title='bbox 3093 5161 3224 5199; x_wconf 90' lang='lat' dir='ltr'><strong>vero</strong></span> <span class='ocrx_word' id='word_1_797' title='bbox 3266 5157 3443 5201; x_wconf 84' lang='lat' dir='ltr'><strong>mater</strong></span> 
     </span>
    </p>
   </div>
   <div class='ocr_carea' id='block_1_114' title="bbox 1867 5240 3444 5322">
    <p class='ocr_par' dir='ltr' id='par_1_114' title="bbox 1867 5240 3444 5322">
     <span class='ocr_line' id='line_1_114' title="bbox 1867 5240 3444 5322; baseline -0.014 -16"><span class='ocrx_word' id='word_1_798' title='bbox 1867 5252 2141 5322; x_wconf 73' lang='lat' dir='ltr'><strong>iusserat,</strong></span> <span class='ocrx_word' id='word_1_799' title='bbox 2209 5254 2267 5297; x_wconf 88' lang='lat' dir='ltr'><strong>ut</strong></span> <span class='ocrx_word' id='word_1_800' title='bbox 2318 5258 2419 5296; x_wconf 86' lang='lat' dir='ltr'><strong>nec</strong></span> <span class='ocrx_word' id='word_1_801' title='bbox 2477 5240 2696 5302; x_wconf 87' lang='lat' dir='ltr'><strong>cibum,</strong></span> <span class='ocrx_word' id='word_1_802' title='bbox 2760 5253 2864 5291; x_wconf 89' lang='lat' dir='ltr'><strong>nec</strong></span> <span class='ocrx_word' id='word_1_803' title='bbox 2918 5247 3104 5304; x_wconf 89' lang='lat' dir='ltr'><strong>potum</strong></span> <span class='ocrx_word' id='word_1_804' title='bbox 3167 5246 3444 5300; x_wconf 84' lang='lat' dir='ltr'><strong>sumeret,</strong></span> 
     </span>
    </p>
   </div>
   <div class='ocr_carea' id='block_1_115' title="bbox 1870 5325 3446 5412">
    <p class='ocr_par' dir='ltr' id='par_1_115' title="bbox 1870 5325 3446 5412">
     <span class='ocr_line' id='line_1_115' title="bbox 1870 5325 3446 5412; baseline -0.01 -17"><span class='ocrx_word' id='word_1_805' title='bbox 1870 5344 2185 5412; x_wconf 87' lang='lat' dir='ltr'><strong>priusquam</strong></span> <span class='ocrx_word' id='word_1_806' title='bbox 2222 5333 2440 5388; x_wconf 82' lang='lat' dir='ltr'><strong>ﬁnitum</strong></span> <span class='ocrx_word' id='word_1_807' title='bbox 2483 5337 2629 5385; x_wconf 85' lang='lat' dir='ltr'><strong>esset</strong></span> <span class='ocrx_word' id='word_1_808' title='bbox 2667 5328 2999 5383; x_wconf 86' lang='lat' dir='ltr'><strong>convivium.</strong></span> <span class='ocrx_word' id='word_1_809' title='bbox 3056 5325 3257 5380; x_wconf 87' lang='lat' dir='ltr'><strong>Deinde</strong></span> <span class='ocrx_word' id='word_1_810' title='bbox 3294 5325 3446 5379; x_wconf 76' lang='lat' dir='ltr'><strong>(inito</strong></span> 
     </span>
    </p>
   </div>
   <div class='ocr_carea' id='block_1_116' title="bbox 1871 5416 3446 5494">
    <p class='ocr_par' dir='ltr' id='par_1_116' title="bbox 1871 5416 3446 5494">
     <span class='ocr_line' id='line_1_116' title="bbox 1871 5416 3446 5494; baseline -0.012 -6"><span class='ocrx_word' id='word_1_811' title='bbox 1871 5433 2142 5494; x_wconf 84' lang='lat' dir='ltr'><strong>convivio,</strong></span> <span class='ocrx_word' id='word_1_812' title='bbox 2199 5437 2252 5482; x_wconf 93' lang='lat' dir='ltr'><strong>et</strong></span> <span class='ocrx_word' id='word_1_813' title='bbox 2304 5426 2391 5480; x_wconf 92' lang='lat' dir='ltr'><strong>die</strong></span> <span class='ocrx_word' id='word_1_814' title='bbox 2443 5425 2552 5494; x_wconf 85' lang='lat' dir='ltr'><strong>jam</strong></span> <span class='ocrx_word' id='word_1_815' title='bbox 2600 5422 2898 5477; x_wconf 88' lang='lat' dir='ltr'><strong>inclinante</strong></span> <span class='ocrx_word' id='word_1_816' title='bbox 2978 5418 3123 5487; x_wconf 85' lang='lat' dir='ltr'><strong>(Sed</strong></span> <span class='ocrx_word' id='word_1_817' title='bbox 3174 5420 3248 5487; x_wconf 90' lang='lat' dir='ltr'><strong>id,</strong></span> <span class='ocrx_word' id='word_1_818' title='bbox 3300 5416 3446 5487; x_wconf 82' lang='lat' dir='ltr'><strong>quod</strong></span> 
     </span>
    </p>
   </div>
   <div class='ocr_carea' id='block_1_117' title="bbox 1872 5509 3444 5580">
    <p class='ocr_par' dir='ltr' id='par_1_117' title="bbox 1872 5509 3444 5580">
     <span class='ocr_line' id='line_1_117' title="bbox 1872 5509 3444 5580; baseline -0.011 -1"><span class='ocrx_word' id='word_1_819' title='bbox 1872 5539 2018 5579; x_wconf 89' lang='lat' dir='ltr'><strong>nunc</strong></span> <span class='ocrx_word' id='word_1_820' title='bbox 2046 5521 2334 5575; x_wconf 88' lang='lat' dir='ltr'><strong>dicendum</strong></span> <span class='ocrx_word' id='word_1_821' title='bbox 2372 5525 2475 5579; x_wconf 91' lang='lat' dir='ltr'><strong>est,</strong></span> <span class='ocrx_word' id='word_1_822' title='bbox 2511 5511 2753 5568; x_wconf 87' lang='lat' dir='ltr'><strong>turbabit</strong></span> <span class='ocrx_word' id='word_1_823' title='bbox 2782 5512 2996 5580; x_wconf 88' lang='lat' dir='ltr'><strong>quidem</strong></span> <span class='ocrx_word' id='word_1_824' title='bbox 3026 5525 3186 5564; x_wconf 89' lang='lat' dir='ltr'><strong>aures</strong></span> <span class='ocrx_word' id='word_1_825' title='bbox 3237 5521 3291 5563; x_wconf 92' lang='lat' dir='ltr'><strong>et</strong></span> <span class='ocrx_word' id='word_1_826' title='bbox 3325 5509 3444 5563; x_wconf 88' lang='lat' dir='ltr'><strong>ani-</strong></span> 
     </span>
    </p>
   </div>
   <div class='ocr_carea' id='block_1_118' title="bbox 1873 5601 3443 5679">
    <p class='ocr_par' dir='ltr' id='par_1_118' title="bbox 1873 5601 3443 5679">
     <span class='ocr_line' id='line_1_118' title="bbox 1873 5601 3443 5679; baseline -0.014 -6"><span class='ocrx_word' id='word_1_827' title='bbox 1873 5632 1991 5673; x_wconf 89' lang='lat' dir='ltr'><strong>mos</strong></span> <span class='ocrx_word' id='word_1_828' title='bbox 2043 5627 2233 5669; x_wconf 89' lang='lat' dir='ltr'><strong>eorum</strong></span> <span class='ocrx_word' id='word_1_829' title='bbox 2283 5612 2373 5679; x_wconf 87' lang='lat' dir='ltr'><strong>qui</strong></span> <span class='ocrx_word' id='word_1_830' title='bbox 2439 5617 2565 5662; x_wconf 89' lang='lat' dir='ltr'><strong>sunt</strong></span> <span class='ocrx_word' id='word_1_831' title='bbox 2637 5603 2817 5675; x_wconf 83' lang='lat' dir='ltr'><strong>pusilli</strong></span> <span class='ocrx_word' id='word_1_832' title='bbox 2874 5612 2930 5657; x_wconf 91' lang='lat' dir='ltr'><strong>et</strong></span> <span class='ocrx_word' id='word_1_833' title='bbox 2985 5601 3180 5670; x_wconf 70' lang='lat' dir='ltr'><strong>abiecti</strong></span> <span class='ocrx_word' id='word_1_834' title='bbox 3236 5602 3443 5654; x_wconf 83' lang='lat' dir='ltr'><strong>animi:</strong></span> 
     </span>
    </p>
   </div>
   <div class='ocr_carea' id='block_1_119' title="bbox 1871 5691 3446 5772">
    <p class='ocr_par' dir='ltr' id='par_1_119' title="bbox 1871 5691 3446 5772">
     <span class='ocr_line' id='line_1_119' title="bbox 1871 5691 3446 5772; baseline -0.011 -10"><span class='ocrx_word' id='word_1_835' title='bbox 1871 5723 2061 5763; x_wconf 90' lang='lat' dir='ltr'><strong>eorum</strong></span> <span class='ocrx_word' id='word_1_836' title='bbox 2107 5716 2311 5766; x_wconf 87' lang='lat' dir='ltr'><strong>autem,</strong></span> <span class='ocrx_word' id='word_1_837' title='bbox 2362 5703 2474 5772; x_wconf 88' lang='lat' dir='ltr'><strong>qui,</strong></span> <span class='ocrx_word' id='word_1_838' title='bbox 2524 5697 2701 5768; x_wconf 89' lang='lat' dir='ltr'><strong>quoad</strong></span> <span class='ocrx_word' id='word_1_839' title='bbox 2760 5697 2878 5766; x_wconf 85' lang='lat' dir='ltr'><strong>ejus</strong></span> <span class='ocrx_word' id='word_1_840' title='bbox 2931 5694 3043 5748; x_wconf 81' lang='lat' dir='ltr'><strong>ﬁeri</strong></span> <span class='ocrx_word' id='word_1_841' title='bbox 3101 5697 3301 5762; x_wconf 76' lang='lat' dir='ltr'><strong>potest.</strong></span> <span class='ocrx_word' id='word_1_842' title='bbox 3354 5691 3446 5744; x_wconf 88' lang='lat' dir='ltr'><strong>Dei</strong></span> 
     </span>
    </p>
   </div>
   <div class='ocr_carea' id='block_1_120' title="bbox 1873 5783 3446 5862">
    <p class='ocr_par' dir='ltr' id='par_1_120' title="bbox 1873 5783 3446 5862">
     <span class='ocr_line' id='line_1_120' title="bbox 1873 5783 3446 5862; baseline -0.011 -9"><span class='ocrx_word' id='word_1_843' title='bbox 1873 5799 2090 5854; x_wconf 90' lang='lat' dir='ltr'><strong>modum</strong></span> <span class='ocrx_word' id='word_1_844' title='bbox 2119 5804 2339 5854; x_wconf 89' lang='lat' dir='ltr'><strong>norunt.</strong></span> <span class='ocrx_word' id='word_1_845' title='bbox 2375 5804 2429 5847; x_wconf 90' lang='lat' dir='ltr'><strong>et</strong></span> <span class='ocrx_word' id='word_1_846' title='bbox 2459 5805 2664 5862; x_wconf 71' lang='lat' dir='ltr'><strong>magna:</strong></span> <span class='ocrx_word' id='word_1_847' title='bbox 2687 5789 2828 5842; x_wconf 92' lang='lat' dir='ltr'><strong>illius</strong></span> <span class='ocrx_word' id='word_1_848' title='bbox 2851 5785 3127 5855; x_wconf 74' lang='lat' dir='ltr'><strong>sapientia:</strong></span> <span class='ocrx_word' id='word_1_849' title='bbox 3151 5783 3446 5852; x_wconf 86' lang='lat' dir='ltr'><strong>providen-</strong></span> 
     </span>
    </p>
   </div>
   <div class='ocr_carea' id='block_1_121' title="bbox 1869 5870 3448 5950">
    <p class='ocr_par' dir='ltr' id='par_1_121' title="bbox 1869 5870 3448 5950">
     <span class='ocr_line' id='line_1_121' title="bbox 1869 5870 3448 5950; baseline -0.009 -4"><span class='ocrx_word' id='word_1_850' title='bbox 1869 5891 1996 5946; x_wconf 84' lang='lat' dir='ltr'><strong>tiam</strong></span> <span class='ocrx_word' id='word_1_851' title='bbox 2027 5889 2424 5950; x_wconf 86' lang='lat' dir='ltr'><strong>admirabilem,</strong></span> <span class='ocrx_word' id='word_1_852' title='bbox 2458 5889 2624 5949; x_wconf 75' lang='lat' dir='ltr'><strong>magis</strong></span> <span class='ocrx_word' id='word_1_853' title='bbox 2651 5882 2887 5936; x_wconf 88' lang='lat' dir='ltr'><strong>movebit</strong></span> <span class='ocrx_word' id='word_1_854' title='bbox 2919 5881 3152 5942; x_wconf 73' lang='lat' dir='ltr'><strong>linguam</strong></span> <span class='ocrx_word' id='word_1_855' title='bbox 3181 5870 3246 5930; x_wconf 83' lang='lat' dir='ltr'><strong>ad</strong></span> <span class='ocrx_word' id='word_1_856' title='bbox 3280 5878 3448 5931; x_wconf 80' lang='lat' dir='ltr'><strong>bene-</strong></span> 
     </span>
    </p>
   </div>
  </div>
