4136 6472
752 401 885 464 11.35

2033 397 2310 456 MENSlS
2349 394 2714 454 OCTOBER.

3880 392 4010 456 1156

746 509 1057 568 dicendum,
1084 514 1135 558 ct
1169 502 1366 558 factum
1393 504 1786 557 admittendum
1818 514 2029 572 propter
2051 520 2188 564 earn,
2211 519 2311 572 qua

2432 524 2670 588 εἰδότων,
2719 523 2938 592 καὶτῆς
2978 523 3217 591 μεγάλης
3262 523 3467 576 ἐκείνου
3520 524 3713 593 σοφίας
3775 525 4015 590 7.419436-

746 616 812 653 ει
844 614 908 651 eo
939 597 1139 658 evenit,
1173 597 1654 664 utilitatem),puer
1681 594 1925 648 defessus
1963 597 2011 647 in
2047 611 2144 648 suo
2187 595 2327 648 lecto

747 690 1295 745 recumbebatzmater
1318 699 1493 741 autem
1525 689 1616 741 lilii
1635 688 1869 740 osculata
1894 689 2108 741 oculos:
2132 686 2323 756 Surge,

745 784 840 845 lili,
886 783 1118 843 dicebat,
1149 791 1200 833 et
1250 797 1371 833 cum
1408 793 1579 834 matre
1618 782 1794 832 cibum
1836 795 2004 833 sume.
2041 781 2324 843 Quomodo

745 874 890 927 enim
920 872 1136 926 defesso
1165 881 1215 925 et
1237 873 1422 939 jejuno
1447 871 1609 922 fuerit
1634 885 1853 921 somnus
1885 869 2162 936 jucundus
2186 868 2207 920 ?
2231 869 2320 921 ille

742 977 922 1017 autem
951 979 1070 1017 cum
1097 980 1125 1016 a
1164 963 1470 1015 vehementi
1496 971 1548 1014 et
1581 970 1732 1014 acuta
1768 961 1913 1013 febre
1949 961 2308 1023 detineretur,

743 1071 810 1108 ne
842 1056 998 1108 matri
1042 1056 1262 1123 quidem
1295 1063 1507 1121 poterat
1539 1053 1884 1120 respondere.
1921 1050 2056 1104 Tum
2096 1061 2265 1103 mater
2297 1067 2310 1103 :

741 1150 926 1210 Certe,
960 1147 1158 1215 inquit,
1208 1161 1308 1198 nec
1356 1160 1452 1213 ego
1485 1145 1699 1212 quidem
1743 1145 1946 1205 cibum,
1990 1153 2082 1195 aut
2114 1141 2313 1209 aliquid

740 1240 883 1292 aliud
919 1238 1165 1306 gustabo,
1203 1238 1298 1290 nisi
1332 1239 1482 1304 prius
1519 1235 1856 1297 intellexero,
1893 1235 2165 1302 quomodo
2201 1235 2315 1287 hare

742 1346 829 1383 res
873 1328 1118 1382 evenerit
1152 1327 1279 1383 lilio.
1326 1328 1383 1381 Ei
1439 1327 1603 1394 igitur
1655 1325 1896 1378 assidens
1943 1325 2224 1385 insomnis.
2262 1335 2316 1379 et

741 1423 913 1475 morbi
954 1421 1227 1481 ardorem,
1269 1431 1327 1472 ut
1366 1429 1593 1487 poterat,
1623 1417 1964 1485 refrigeratis,
2014 1425 2107 1468 aut
2139 1418 2315 1484 potius

740 1515 842 1566 sibi
875 1515 1050 1583 ignem
1092 1512 1400 1564 accendens
1443 1526 1470 1564 e
1519 1511 1836 1569 visceribus.
1895 1511 2037 1563 circa
2084 1510 2315 1562 mediam

740 1615 953 1658 noctem
1022 1605 1240 1673 (qualia
1298 1612 1421 1653 sunt
1481 1602 1572 1655 Dei
1632 1602 1909 1668 judicia!)
1970 1600 2103 1652 vidit
2152 1600 2316 1652 lilium

739 1698 925 1750 morbo
955 1696 1284 1753 confectum.
1316 1694 1663 1762 etjaCeutem
1707 1701 2003 1744 mortuum.

2431 615 2554 680 ξονς
2603 616 2936 684 οἰκονομίας,
2984 619 3194 685 κινήσει
3247 616 3443 683 μᾶλλον
3494 619 3594 686 τὴν
3635 617 3897 684 γλῶτταν
3941 619 4011 676 εἰς

2425 707 2740 774 εὐφημίαν,
2781 708 2875 759 καὶ
2902 708 2960 759 τὸ
2989 709 3209 774 γεγονὸς
3250 708 3600 770 ἀποδέξονται
3650 707 3749 774 τῆς
3783 706 3926 775 πρὸς
3959 707 4010 757 τὸ

2426 799 2708 866 συμψέρον
2744 799 3045 860 ἐκϐάσεως.
3079 800 3216 868 ἸΙ-ῖη
3269 798 3397 865 γοῦν
3448 799 3582 867 πρὸς
3634 796 3890 863 ἑσπέραν
3919 797 4006 857 ῶν,

2423 892 2733 951 κατάκοπος
2763 892 2790 939 ὁ
2843 895 2966 952 παῖς
3012 891 3251 958 γεγονὼς
3301 895 3368 959 τῇ
3411 889 3605 942 ἑαυτοῦ
3641 890 3804 956 κοίτῃ
3843 905 4006 954 xpos-

2418 982 2729 1032 ανεκλίνετο
2765 997 2782 1012 ο
2818 984 2848 1050 ἡ
2898 982 2952 1033 δὲ
2987 987 3163 1051 μήτηρ
3215 982 3505 1050 προσφῦσα
3537 983 3650 1042 τοῖς
3681 979 3780 1031 τοῦ
3823 980 4006 1039 tibi;

2413 1072 2733 1140 ὀφθαλμοῖς,
2753 1073 3052 1138 Ἀνίστασο,
3073 1076 3281 1138 τέκνον,
3299 1075 3470 1140 ἔλεγε,
3491 1074 3585 1125 καὶ
3605 1073 3702 1123 σὺν
3721 1076 3790 1141 τῇ
3815 1073 4005 1140 μητέρι

2415 1163 2658 1216 κοινώνει
2714 1165 2917 1234 τροφῆς
2947 1182 2962 1196 ⁸
2995 1167 3110 1228 πῶς
3163 1167 3275 1236 γὰρ
3314 1165 3378 1217 ἂν
3414 1167 3577 1226 ὕπνος
3612 1165 3744 1234 ἡδὺς
3800 1182 4006 1231 κεκμη-

2419 1255 2534 1306 κότι
2561 1257 2653 1308 καὶ
2678 1258 2848 1326 ἀσίτῳ
2869 1259 3094 1324 γένοιτο,
3127 1261 3153 1310 ὁ
3176 1258 3252 1323 δὲ,
3272 1259 3456 1326 λὰὃρῳ
3486 1275 3540 1309 τε
3573 1260 3666 1308 καὶ
3688 1257 3806 1320 ὀξεῖ
3842 1271 4004 1324 stupe-

2415 1347 2492 1416 τῷ
2530 1350 2762 1419 κάτοχος
2809 1351 2902 1413 ῶν,
2933 1353 3051 1404 οὐδὲ
3090 1351 3245 1417 λόγον
3277 1352 3400 1420 ἔσχε
3430 1354 3495 1420 τῇ
3537 1351 3741 1418 μητέρι
3777 1350 4005 1413 ἀποκρί-

2415 1442 2626 1505 νασθαι,
2652 1448 2740 1493 καὶ
2762 1444 2897 1512 αὐτὴ
2925 1459 2938 1472 ·
2968 1447 3034 1496 Ἢ
3072 1445 3199 1514 μὴν,
3231 1444 3356 1512 ἔφη,
3383 1444 3499 1494 οὐδὲ
3527 1441 3639 1510 ἐγὼ
3669 1442 3885 1508 speci);
3915 1441 4003 1488 0;-

2415 1531 2472 1581 δέ
2530 1549 2673 1592 τινος
2732 1534 3134 1602 ἁπογεῦσομαι,
3197 1536 3244 1585 εί
3308 1533 3384 1602 μὴ
3434 1535 3704 1601 πρότερον
3748 1529 4000 1598 περὶτοῦ

2416 1625 2763 1690 πράγματος,
2791 1629 2938 1688 ὅπως
2971 1628 3034 1679 ἂν
3054 1627 3230 1695 ἀποϐῇ
3261 1627 3335 1694 τῷ
3368 1627 3468 1693 υἱῷ
3496 1626 3750 1693 μάθοιμι,
3794 1625 3886 1674 καὶ
3912 1621 4002 1687 δῆ-

2417 1732 2483 1768 τα
2515 1719 2953 1789 παρακαθημένη
2986 1720 3062 1788 τῷ
3096 1720 3245 1771 παιδὶ
3280 1720 3503 1780 ἄϋπνος,
3547 1719 3644 1768 καὶ
3671 1717 3766 1779 τὸν
3804 1718 3870 1766 ὲκ
3907 1718 3999 1778 τῆς

737 1807 891 1858 νόσου
947 1803 1204 1873 φλογμὸν,
1261 1804 1448 1872 ὥσπερ
1508 1799 1572 1873 ἦν
1638 1801 1858 1852 δυνατὸν
1909 1799 2279 1868 ἀναψῖδχουσαν
2332 1805 2362 1873 ἢ
2427 1808 2628 1876 μᾶλλον
2683 1814 2848 1882 ἑαυτῇ
2886 1812 2946 1864 τὸ
2997 1813 3104 1881 πῦρ
3144 1812 3303 1866 πλέον
3365 1812 3471 1863 ἀπὸ
3517 1810 3624 1861 τῶν
3675 1810 3997 1875 σπλάγχνων

736 1901 1070 1960 ἀνάπτουσα,
1133 1900 1261 1968 περὶ
1311 1900 1482 1967 μέσας
1525 1896 1727 1954 νύκτας
1783 1889 1890 1962 (οἶα
1927 1893 1991 1944 τὰ
2038 1894 2130 1944 τοῦ
2171 1894 2304 1947 Θεοῦ
2348 1903 2680 1968 κρίματαί),
2714 1905 2818 1973 δρᾶ
2853 1905 2942 1956 τὸν
2994 1907 3155 1958 παῖδα
3208 1909 3270 1974 τῇ
3330 1907 3469 1974 νόσῳ
3527 1902 3996 1971 κατεργασθέντα,

736 1993 827 2042 καὶ
860 1989 1052 2054 νεκρὸν
1086 1987 1298 2056 ἄφωνον
1329 2003 1385 2037 τε
1412 1985 1509 2037 καὶ
1538 1987 1740 2036 ἄπνουν
1778 1982 2049 2052 κείμενον.

806 2084 922 2138 XII.
963 2082 1096 2135 Cum
1132 2095 1264 2151 ergo
1292 2082 1546 2134 acerbum
1578 2080 1719 2131 lmuc
1765 2079 1986 2132 vidisset
2026 2089 2303 2145 eventum,
2342 2103 2381 2155 Β

737 2178 971 2246 primum
1032 2175 1252 2243 quidem
1307 2174 1545 2241 caligatis
1609 2172 1758 2224 humi
1808 2171 2032 2233 decidit,
2082 2185 2310 2240 eamque

732 2275 912 2324 statim
954 2287 1058 2323 vox
1089 2270 1306 2328 defecit,
1360 2283 1482 2320 cum
1534 2266 1858 2334 repentinus
1911 2265 2066 2318 dolor
2119 2268 2313 2319 luisset

735 2366 933 2434 linguae
964 2365 1133 2418 instar
1166 2359 1383 2413 vinculi.
1413 2359 1516 2411 Sed
1546 2374 1666 2411 cum
1702 2372 1889 2425 parum
1923 2358 1988 2410 ad
2030 2373 2086 2411 se
2117 2359 2314 2411 rediis-

737 2466 843 2519 set,
877 2468 932 2508 et
978 2453 1228 2507 nonnihil
1285 2452 1626 2519 resipuisset,
1671 2449 1912 2501 humeris
1940 2450 2131 2502 tollens
2168 2466 2312 2502 mor-

738 2557 890 2600 tuum
922 2559 1119 2612 corpus
1150 2544 1265 2605 lilii,
1299 2551 1352 2594 et
1391 2541 1457 2593 ad
1489 2555 1694 2593 sacram
1735 2540 1784 2592 id
1818 2555 1966 2591 aram
2010 2540 2209 2603 ferens,
2243 2541 2315 2594 ibi

737 2638 981 2706 deponit,
1009 2646 1063 2689 et
1104 2635 1328 2704 capillos
1359 2635 1585 2696 vellens,
1621 2633 1765 2702 luget
1797 2631 1964 2685 lilium
2010 2649 2023 2687 :
2068 2631 2310 2696 Perdidi,

737 2729 946 2789 dicens,
1002 2745 1033 2781 ο
1079 2728 1188 2789 lili,
1221 2741 1418 2788 meam,
1483 2740 1601 2793 quae
1653 2725 1703 2776 in
1757 2733 1806 2778 te
1864 2723 2127 2776 collocata
2174 2734 2312 2786 erat,

738 2835 911 2887 spem.
947 2818 1044 2871 llei
1079 2819 1229 2870 mihi!
1269 2833 1299 2876 ο
1345 2818 1438 2878 lili,
1475 2817 1556 2869 hei
1601 2815 1752 2866 mihi!
1790 2829 1820 2866 ο
1859 2814 2022 2866 chare
2071 2814 2188 2877 flos,
2224 2815 2311 2882 qui

737 2911 815 2963 sic
841 2921 965 2963 ante
1000 2922 1218 2977 tempus
1252 2907 1531 2961 marcuisti
1565 2905 1980 2959 miserabiliter!
2032 2905 2126 2957 Hei
2159 2906 2312 2969 mihi,

739 3012 891 3054 tuum
931 3017 1030 3070 ego
1064 3001 1223 3054 ﬁnem
1262 3000 1441 3060 video,
1500 3013 1620 3065 qum
1675 3000 1956 3064 sperabam
2006 3012 2124 3049 esse
2181 3013 2208 3049 a
2265 3009 2315 3050 te

737 3094 982 3146 alendam
1026 3094 1080 3144 in
1130 3095 1442 3146 senectute!
1481 3091 1662 3142 'l‘aleni
1703 3105 1876 3150 nunc,
1911 3105 1942 3141 ο
1975 3089 2314 3152 charissime,

739 3185 1117 3237 alimentorum
1152 3183 1286 3236 mihi
1321 3185 1493 3235 vicem
1527 3182 1738 3235 reddis!
1776 3179 1930 3234 Tales
1981 3196 2078 3249 ego
2120 3182 2315 3235 misera

739 3276 852 3344 spei
883 3291 1012 3328 mea:
1039 3276 1232 3344 colligo
1263 3275 1499 3328 fructus!
1543 3275 1659 3338 Quo
1696 3289 1810 3337 ore,
1845 3288 2076 3342 quanam
2111 3273 2314 3342 lingua,

737 3368 935 3435 quibus
963 3367 1176 3421 deﬂebo
1205 3368 1377 3419 oculis
1403 3370 1415 3420 !
1455 3367 1670 3420 Utinam
1697 3383 1870 3417 meam
1910 3382 2005 3432 pro
2038 3375 2126 3416 tua
2161 3381 2308 3416 mor-

2487 2084 2584 2138 ΗΥ.
2621 2085 2727 2137 Τοῦ
2748 2085 2877 2153 γοῦν
2911 2087 3108 2155 πικροῦ
3138 2086 3327 2139 τούτου
3351 2087 3627 2155 δράματος
3671 2089 3994 2160 αἰσθομένη,

2418 2179 2609 2247 πρῶτα
2651 2179 2748 2245 μὲν
2783 2180 2885 2229 ὑπὸ
2918 2179 3119 2244 ίλίγγου
3154 2179 3291 2246 πρὸς
3335 2180 3436 2244 γῆν
3469 2181 3836 2241 καταπίπτει,
3904 2186 3991 2234 καί

2415 2270 2584 2338 αὐτὴν
2617 2273 2719 2338 πρὸ
2745 2273 2838 2336 τῆς
2865 2271 3038 2338 ψυχῆς
3064 2272 3329 2322 ἀπέλιπεν
3356 2273 3388 2340 ἡ
3426 2273 3600 2340 φωνή.
3631 2274 3747 2342 Τῆς
3792 2275 3994 2346 ἁθρόας

2415 2361 2592 2432 λύπης
2630 2365 2752 2414 ἀντὶ
2795 2364 3011 2431 δεσμῶν
3047 2367 3111 2433 τῇ
3163 2362 3376 2433 γλώττῃ
3429 2369 3835 2434 γεγενημένης,
3885 2367 3995 2419 εἶτα

2418 2457 2609 2522 μικρὸν
2636 2455 3023 2521 ἁνενεγκοῦσα,
3063 2455 3157 2506 καὶ
3179 2456 3358 2521 ὀλίγου
3395 2473 3445 2507 τι
3503 2458 3862 2526 ἀνανήψασα,
3909 2465 3996 2511 τὶν

2415 2545 2510 2596 τοῦ
2551 2546 2738 2606 παιδὸς
2794 2545 2986 2613 νεκρὸν
3050 2547 3142 2598 ἐπὶ
3193 2544 3301 2596 τῶν
3354 2545 3520 2612 ὤμων
3582 2549 3887 2619 ἀνελομένη
3942 2551 3996 2601 ὃν

2417 2635 2666 2703 ἐδείματο
2698 2635 2775 2703 τῷ
2813 2637 3050 2704 μάρτυρι
3090 2635 3503 2704 καταλαμϐάνει
3553 2638 3702 2699 ναδν,
3751 2640 3827 2708 τῷ
3873 2641 3996 2707 ἱερῷ

2416 2742 2475 2778 τε
2518 2726 2708 2779 τοῦτον
2777 2726 3150 2795 θυσιαστηρίῳ
3198 2729 3441 2794 φέρουσα
3479 2730 3872 2796 παρατίθεται,
3907 2734 3995 2780 καὶ

2417 2820 2525 2871 τῶν
2557 2820 2760 2888 τριχῶν
2789 2821 3086 2889 λαὸομένη,
3147 2822 3287 2888 πρὸς
3330 2820 3421 2871 τὸν
3463 2820 3630 2872 παῖδα
3673 2821 3994 2888 ἀνῴμωξεν,

2431 2903 2706 2967 Ἀπώλεάς
2731 2926 2851 2976 μου,
2869 2909 3116 2974 λέγουσα,
3137 2907 3233 2968 τὰς
3261 2907 3354 2958 ἐπὶ
3374 2908 3474 2972 σοὶ,
3503 2908 3717 2974 τέκνον,
3754 2913 3991 2972 ἐλπίδας⁶

2417 3001 2582 3065 οἴμοι,
2615 2992 2659 3052 ὦ
2691 3002 2810 3065 παῖ,
2833 3000 2976 3068 οἴμοι
3008 3000 3158 3068 φίλον
3184 3001 3360 3061 ἄνθος,
3389 3003 3491 3070 πρὸ
3513 3002 3610 3069 τῆς
3639 3002 3790 3071 ὧρας
3824 3003 3992 3064 οὕτως

2419 3090 2665 3152 ἐλεεινῶς
2693 3092 3100 3158 ἀπομαρανθείς
3131 3093 3141 3142 !
3185 3092 3291 3144 Φεῦ
3324 3095 3334 3146 l
3377 3095 3456 3145 ὅτι
3488 3094 3548 3145 τὸ
3574 3097 3665 3145 σὺν
3705 3094 3817 3160 ἐγὼ
3846 3097 3993 3158 τέλος

2418 3182 2550 3252 δρῶ,
2601 3183 2722 3251 ἥτις
2750 3183 2853 3235 ὑπὸ
2889 3183 2972 3234 σοὶ
3001 3184 3200 3251 μᾶλλον
3232 3187 3327 3237 καὶ
3353 3189 3473 3247 ταῖς
3517 3188 3639 3247 σαῖς
3666 3188 3851 3240 ἐλπίσι
3892 3206 3990 3257 γη-

2425 3273 2920 3344 ροτροφηθήσεσθαι
2947 3274 3192 3342 ἤλπιζον,
3227 3275 3446 3327 τοιαῦτά
3476 3293 3564 3342 μοι
3595 3276 3693 3327 νῦν
3731 3280 3980 3340 ἐκτίνεις,

2423 3367 2449 3416 ὁ
2468 3363 2740 3430 φίλτατος,
2767 3365 2831 3415 τὰ
2854 3368 3112 3432 τροφεῖας
3145 3366 3431 3428 ’Τοιούτους
3463 3369 3492 3436 ἡ
3517 3367 3736 3420 δειλαία
3773 3370 3882 3419 τῶν
3911 3372 3996 3420 ὲ).-

736 3469 843 3513 tem
886 3460 1243 3528 aspexissem,
1275 3471 1328 3511 et
1363 3459 1454 3510 lilii
1485 3459 1615 3508 mihi
1645 3456 1824 3509 charis
1868 3456 2118 3509 manibus
2162 3472 2311 3508 tuan-

2420 3455 2587 3507 πίδων
2618 3453 2730 3522 ἐγὼ
2754 3454 3026 3524 δρέπομαι
3079 3455 3202 3519 τοὺς
3231 3458 3474 3525 καρπούς
3503 3475 3517 3524 ;
3558 3459 3706 3527 [Ιοίῳ
3741 3463 3988 3528 στόματι,

737 3551 861 3603 data
901 3566 1073 3603 essem
1133 3551 1496 3603 monimento!
1534 3547 1745 3602 Utinam
1792 3549 1907 3617 ipsa
1942 3547 2036 3601 tibi
2067 3547 2302 3615 jaceretu

737 3644 916 3710 potius
956 3653 1191 3706 mortua,
1237 3651 1291 3694 et
1336 3643 1630 3695 lionorarer
1673 3651 1764 3694 tuo
1819 3656 2076 3707 processu
2113 3642 2176 3692 ad
2214 3656 2303 3692 sc-

739 3735 1022 3800 pulcrum!
1063 3733 1156 3786 Sic
1209 3734 1351 3784 enim
1401 3747 1502 3801 ego
1554 3746 1729 3784 essem
1788 3732 1938 3784 felix.
1992 3729 2080 3785 Sic
2121 3731 2176 3783 in
2223 3746 2308 3784 me

741 3827 927 3892 utique
963 3835 1285 3878 conservata
1319 3835 1463 3877 esset
1496 3824 1580 3876 lex
1617 3835 1850 3891 patrum.

2416 3546 2542 3616 πόία
2569 3545 2790 3617 γλώσσῃ
2835 3547 2902 3598 τὰ
2929 3548 2995 3598 σὰ
3026 3546 3357 3616 φθέγξομαι,
3391 3551 3562 3610 ποίοις
3588 3550 3839 3617 ὄμμασιν
3862 3553 3988 3602 ἁνα-

2417 3636 2725 3704 κλαύσομαι
2754 3653 2769 3700 ;
2813 3635 3044 3701 Ὄφελον
3070 3637 3159 3688 τὸν
3189 3638 3318 3705 ἐμὸν
3353 3638 3579 3690 θάνατον
3614 3641 3857 3704 ἐπεῖδον,
3900 3642 3992 3693 καὶ

2416 3732 2535 3791 ταῖς
2571 3730 2665 3781 τοῦ
2695 3729 2883 3790 παιδὸς
2915 3729 3042 3798 ἐμοὶ
3072 3729 3251 3797 φίλαις
3280 3733 3436 3800 χερσὶ
3467 3729 3544 3799 τῷ
3572 3733 3824 3800 μνήματι
3851 3751 3988 3800 παρ-

2419 3821 2628 3888 εδόθην.
2667 3821 2899 3888 Ὄφελον
2957 3823 3097 3891 αὐτή
3153 3840 3234 3876 σοι
3283 3823 3622 3895 προεκείμην
3656 3828 3863 3895 μᾶλλον
3911 3843 3990 3878 νι-

745 3916 851 3980 κρα
875 3913 994 3975 ταῖς
1046 3913 1165 3973 σαῖς
1217 3914 1306 3963 ἐπὶ
1345 3912 1434 3961 τὸν
1481 3912 1651 3978 τάφον
1686 3912 1964 3980 τιμωμένη
2003 3911 2281 3982 προόδοις’
2323 3910 2465 3964 οῦτω
2516 3915 2622 3980 γὰρ
2665 3908 2733 3983 ἦν
2775 3912 3050 3981 εὐδαίμων
3099 3915 3208 3983 ἐγώ
3239 3931 3252 3945 ·
3289 3915 3460 3980 οὕτως
3486 3918 3553 3970 ἂν
3579 3918 3668 3968 ἐπ’
3724 3921 3851 3988 ἐμοὶ
3895 3919 3986 3988 δή-

745 4005 947 4057 πουθεν
991 4004 1017 4053 ὁ
1055 4003 1160 4055 τῶν
1191 4002 1441 4069 πατέρων
1477 4004 1720 4070 ἐτηρεῖτο
1745 4003 1927 4071 νόμος.

809 4098 954 4149 Χιιι.
997 4095 1087 4148 Sic
1118 4095 1362 4153 dicebat,
1397 4103 1448 4145 et
1483 4095 1771 4160 procideus
1829 4110 2017 4148 rursus
2068 4096 2306 4162 lugebat.

741 4199 794 4241 et
827 4171 1082 4255 tanquam
1120 4185 1299 4238 adhuc
1331 4185 1633 4239 animatum
1685 4186 2060 4254 alloquebatur
2107 4203 2307 4255 corpus

740 4279 1037 4348 martyris:
1105 4276 1384 4339 Quodnam
1442 4286 1682 4339 tantum,
1743 4277 1950 4338 dicens,
2011 4293 2044 4331 0
2105 4278 2304 4331 Christi

742 4381 966 4439 martyr,
1000 4369 1219 4421 sceleris
1251 4366 1591 4425 admisimus.
1633 4377 1693 4419 ut
1723 4367 1775 4419 in
1811 4369 1952 4420 hanc
2003 4375 2110 4418 tam
2151 4381 2303 4418 acer-

742 4463 862 4515 bam
926 4462 1290 4514 incidercmus
1334 4459 1737 4511 calamitatem?
1789 4458 1946 4522 Non,
1999 4457 2194 4510 marito
2254 4460 2306 4510 in

738 4567 959 4608 externa
996 4555 1214 4623 regione
1252 4553 1456 4614 relicto,
1491 4551 1661 4618 pluris
1692 4567 1852 4619 quam
1891 4552 2094 4620 reliqua
2127 4549 2309 4603 omnia

738 4649 838 4700 feci
874 4658 1028 4700 tuum
1078 4654 1363 4712 exportare
1399 4643 1629 4713 corpus?
1676 4642 1791 4696 Non
1838 4644 1905 4696 ab
1944 4645 2073 4710 ipsis
2117 4643 2309 4694 funda-

2491 4097 2588 4149 l[".
2627 4096 2812 4158 Οῦτως
2848 4097 3022 4163 ἔλεγε,
3056 4098 3144 4150 καὶ
3167 4099 3548 4154 καταπεσοῦσα
3578 4102 3745 4155 πάλιν
3782 4104 3985 4160 ἔστενε.

2417 4190 2508 4241 καὶ
2531 4189 2605 4250 ῶς
2637 4191 2864 4259 ἐμψύχῳ
2911 4190 2992 4242 ἔτι
3017 4190 3093 4259 τῷ
3136 4191 3227 4243 τοῦ
3261 4193 3530 4259 μάρτυρος
3560 4193 3779 4262 σώματι
3822 4199 3986 4248 διελέ-

2412 4296 2560 4347 γετο·
2586 4282 2650 4332 Τί
2669 4280 3007 4350 τηλικοῦτον,
3029 4277 3071 4332 ὦ
3093 4280 3182 4333 τοῦ
3201 4280 3436 4348 Χριστοῦ
3467 4285 3700 4352 μάρτυῖν
3726 4287 3989 4354 tamira”

2415 4389 2515 4439 μεν
2538 4372 2793 4438 λέγουσα,
2823 4371 2897 4433 ὡς
2924 4374 3096 4442 πικρᾷ
3113 4374 3336 4442 τοιαύτῃ
3361 4381 3679 4444 περιπεσεῖν
3707 4384 3983 4450 συμφορᾷ,

2408 4467 2506 4514 οὐκ
2563 4467 2618 4514 ἐν
2647 4465 2902 4532 ἀλλοτρίᾳ
2953 4467 3044 4518 τὸν
3092 4469 3262 4536 ἄνδρα
3311 4469 3710 4532 καταλιποῦσα,
3739 4474 3842 4542 τὴν
3896 4475 3983 4525 τοῦ

2412 4551 2666 4620 σώματος
2708 4554 2951 4619 ἐκφορὰν
3011 4554 3139 4624 περὶ
3183 4556 3382 4616 παντὸς
3426 4557 3632 4626 ἐθέμην
3681 4561 3780 4612 τοῦ
3849 4565 3980 4620 eo};

2413 4645 2527 4701 Οὐκ
2570 4643 2628 4707 ὲξ
2650 4645 2826 4696 αὐτῶν
2877 4645 3154 4714 κρηπίδων
3203 4647 3504 4717 ὲδειμάμην
3537 4666 3630 4702 σου
3671 4650 3767 4704 τὸν
3801 4655 3929 4706 ναόν
3969 4673 3981 4716 ς

740 4738 939 4790 mentis
979 4737 1076 4788 tibi
1106 4737 1362 4802 templum
1395 4734 1681 4789 exstruxi?
1720 4734 1855 4795 Non,
1889 4733 1933 4785 si
1976 4732 2108 4784 nihil
2140 4731 2304 4788 aliud.

2415 4738 2552 4799 Οὐκ,
2582 4739 2627 4788 εἱ
2673 4742 2746 4807 μή
2779 4755 2830 4788 τι
2865 4707 3013 4802 ἄλλο,
3039 4739 3136 4808 τὴν
3169 4739 3298 4805 γοῦν
3317 4707 3434 4794 ’ἀπὸ
3461 4707 3656 4809 ,ψυχῆς
3688 4707 3983 4814 εἰσήνεγκα

737 4831 830 4882 tibi
867 4828 1038 4882 obtuli
1087 4842 1266 4880 meum
1324 4826 1486 4878 animi
1533 4825 1904 4892 propositum?
1946 4822 2086 4889 Quid
2135 4832 2310 4880 autem

743 4921 854 4971 haec
909 4919 1010 4970 sibi
1073 4917 1299 4971 volunt?
1350 4917 1487 4982 Non,
1532 4919 1677 4987 quod
1736 4933 1832 4988 pro
1887 4919 1951 4971 iis
2005 4917 2307 4987 petebatur,

737 5008 933 5061 bonum
986 5019 1126 5070 erat,
1174 5010 1318 5062 salus
1366 5010 1497 5062 lilii?
1544 5009 1683 5072 Non,
1738 5021 1795 5062 ut
1843 5024 2013 5076 usque
2049 5009 2117 5062 ad
2151 5022 2305 5060 sene-

736 5111 936 5153 ctutem
975 5099 1135 5152 simul
1189 5110 1432 5152 maneret
1476 5115 1598 5152 cum
1655 5097 1912 5166 parente?
1951 5098 2042 5150 llei
2089 5099 2242 5150 mihi!
2277 5115 2304 5153 a

738 5201 935 5258 quanta
967 5205 1062 5256 spe
1097 5190 1304 5244 decidi!
1343 5205 1439 5258 pro
1461 5190 1709 5258 qualibus
1741 5190 1917 5254 qualia
1953 5190 2091 5242 vidi!
2127 5187 2309 5251 Sed,o

739 5294 937 5351 martyr
966 5283 1186 5343 Christi,
1222 5284 1302 5334 vel
1347 5284 1473 5335 mihi
1528 5284 1696 5336 lilium
1727 5284 1892 5335 redde
1939 5283 2307 5349 superstitem,

741 5377 883 5427 sicut
914 5375 1139 5428 Elisanus
1176 5374 1522 5438 Sunamitidi,
1560 5376 1646 5429 vel
1686 5389 1753 5427 ne
1791 5374 1922 5426 mihi
1958 5383 2184 5426 mortetn
2224 5372 2308 5424 iu-

743 5469 928 5519 videas
969 5469 1184 5531 utilem,
1231 5468 1322 5520 sed
1387 5483 1503 5535 quae
1552 5478 1656 5519 tam
1711 5466 2000 5520 infeliciter
2033 5481 2218 5534 peperi
2253 5475 2308 5520 et

737 5561 888 5624 alui,
937 5558 1019 5611 fac
1074 5576 1156 5614 me
1209 5561 1368 5614 etiam
1428 5561 1648 5613 interire
1699 5577 1820 5613 cum
1883 5561 2016 5613 lilio.
2081 5559 2300 5613 Interim

740 5661 918 5702 autem
952 5648 1076 5701 dum
1111 5649 1393 5717 Cleopatra
1427 5647 1590 5700 filium
1618 5650 1810 5701 acerbe
1835 5648 2072 5708 delleret,
2103 5657 2156 5699 et
2185 5662 2300 5707 eos,

741 5741 829 5810 qui
864 5741 1103 5801 aderant,
1122 5751 1378 5805 moveret,
1406 5751 1462 5793 ut
1491 5751 1542 5794 et
1565 5740 1683 5808 ejus
1705 5753 1860 5791 casus
1890 5739 2301 5796 misererentur,

741 5840 796 5881 et
830 5830 1146 5898 profundam
1192 5829 1282 5884 Dei
1312 5831 1639 5899 iudiciorum
1675 5829 1921 5898 abyssum
1965 5830 2304 5884 admiraren-

2410 4831 2710 4898 πρόθεσινς
2770 4831 2833 4882 Τί
2889 4828 2944 4880 δέ
2979 4845 3072 4899 μοι
3103 4829 3273 4883 ταῦτα
3335 4830 3605 4897 ἐϐούλετο,
3635 4833 3701 4885 Τί
3750 4838 3814 4887 τὸ
3875 4840 3982 4888 αντ·

2407 4919 2571 4976 αὐτοῦ
2606 4921 2925 4988 αἰτούμενον
2960 4921 3188 4988 ἀγαθὸν,
3229 4922 3326 4991 οὐχ
3372 4923 3529 4992 ητοῦ
3567 4927 3758 4990 παιδος
3814 4947 3983 4999 σωτη-

2407 5012 2527 5080 ρίας
2560 5011 2634 5062 Οὐ
2671 5013 2730 5062 τὸ
2765 5012 2928 5079 μέχρι
2975 5013 3160 5080 γήρως
3190 5014 3282 5066 καὶ
3329 5018 3617 5085 πρεσϐείου
3649 5022 3717 5088 τῇ
3749 5024 3980 5091 τεκούσῃ

2407 5105 2898 5170 συμπαραμεῖναι;
2941 5101 3046 5153 Φεῦ
3088 5103 3217 5158 οἴων
3252 5108 3491 5174 ἐστάλην
3551 5107 3663 5160 τῶν
3723 5111 3977 5170 ἐλπίδων,

2404 5189 2492 5245 οἷα
2513 5193 2627 5245 ἀνθ’
2656 5195 2784 5247 οἴων
2817 5190 2956 5244 εἶδον
2985 5194 3114 5261 ἐγώ.
3165 5197 3330 5266 Ἀλλ’,
3369 5201 3397 5249 ὁ
3426 5198 3518 5250 τοῦ
3551 5201 3798 5268 Χριστοῦ
3845 5209 3979 5272 pip-

2404 5285 2585 5353 τυς,ή
2630 5302 2732 5352 -μοι
2768 5285 2858 5336 τὸν
2914 5287 3078 5338 παῖδα
3111 5291 3253 5341 κατὰ
3294 5289 3387 5340 τὸν
3434 5290 3740 5342 Ἐλισσαῖον
3793 5295 3977 5352 ἀνάδος

2405 5377 2666 5445 περιόντα
2711 5380 2775 5445 τῇ
2811 5373 3184 5443 Σουναμίτιδι,
3226 5380 3256 5448 ἢ
3298 5379 3527 5436 θανάτου
3589 5383 3667 5448 μὴ
3708 5383 3978 5455 φθονήσῃς

2405 5465 2737 5531 λυσιτελοῦς,
2789 5465 2923 5518 ἀλλὰ
2968 5469 3066 5538 τὴν
3105 5469 3247 5522 οὕτω
3288 5474 3380 5524 καί
3403 5472 3684 5540 δυστυχῶς
3715 5477 3976 5529 τεκοῦσαν

2411 5561 2502 5612 καὶ
2535 5558 2887 5628 δρεψαμένην
2935 5560 3057 5628 ἐμὲ,
3095 5565 3439 5632 συνοίχεσθαι
3479 5564 3557 5623 τῷ
3599 5569 3756 5620 παιδὶ
3808 5585 3975 5636 παραυ

2413 5650 2698 5704 σκεύασον.
2745 5649 2833 5703 Ἐν
2866 5653 3037 5722 τούτῳ
3077 5655 3168 5706 τὸν
3211 5655 3372 5707 παῖδα
3419 5659 3632 5727 πικρῶς
3689 5660 3977 5712 ἀνακλαιο-

2417 5741 2583 5808 μένης
2643 5741 2742 5810 τῆς
2804 5740 3188 5813 Κλεοπατρας,
3225 5747 3316 5801 καὶ
3373 5749 3496 5810 τοὺς
3534 5749 3815 5817 παρόντας
3869 5747 3973 5800 λίαν

2416 5834 2742 5899 περιπαθεῖς
2792 5837 3145 5906 ποιουμένης,
3204 5838 3279 5900 ῶς
3330 5843 3423 5894 καὶ
3478 5843 3650 5909 αὐτῆς
3710 5839 3882 5895 ἐλεεῖν
3929 5843 3979 5894 τὸ
