4136 6506
184 451 309 516 1157

1400 450 1504 507 MA
1518 445 1869 507 RTYRIUM
1904 444 1965 505 S.
2010 446 2219 508 VARI.

3324 449 3462 520 1158

179 570 376 634 πάθος,
403 569 494 622 καὶ
525 567 619 637 τὴν
674 567 875 639 πολλὴν
914 570 1153 623 ἄϐυσσον
1198 566 1306 619 τῶν
1338 567 1433 619 τοῦ
1479 563 1613 617 Θεοῦ
1650 582 1773 634 κρι-

1884 570 1991 623 tur,
2026 575 2255 616 somnus
2288 558 2365 613 illi
2402 574 2595 630 parum
2631 559 2927 630 obrepens,
2970 576 3089 615 eam
3140 562 3268 617 fecit
3310 566 3467 635 quie-

187 661 371 729 μάτων
428 658 753 728 θαυμάζεῖν,
811 659 1008 730 μικρδν
1056 660 1226 729 αὐτὴν
1280 656 1447 719 ὕπνος
1516 657 1763 710 ὑπελθὼν

185 752 468 810 ἁνὲπαισε,
504 755 594 804 καὶ
626 754 805 805 πάντα
849 748 918 824 ἦν
947 755 974 805 ὁ
1001 753 1294 821 παίςιαὺτῇ
1326 750 1521 820 φανεὶς
1547 752 1644 803 σὺν
1682 748 1763 818 τῷ

193 842 451 911 μάρτυρι.
487 845 876 913 Παρεστηκότα
914 863 971 896 τε
1025 846 1133 912 γὰρ
1177 843 1353 895 ἐδόκει
1391 842 1641 909 βλέπτειν
1678 841 1769 892 τὸν

189 932 454 1001 ἀθλητήν,
496 933 589 985 καὶ
628 933 703 995 ὡς
740 936 854 986 υἱὸν
888 936 1017 987 ἴδιον
1045 935 1133 986 τὸν
1167 935 1334 1001 αὐτῆς
1368 934 1484 985 υἱὸν
1513 933 1764 1000 ἐγκεκολι

192 1028 533 1095 πωμενον,ὴ
588 1027 823 1097 ἁναῦολὴ
853 1028 906 1078 δὲ
960 1027 1292 1094 ἀμφοτέροις
1339 1024 1399 1090 ἐξ
1451 1024 1771 1093 ὑπερφυοῦς

192 1116 332 1182 ἄταν
356 1119 447 1173 καὶ
480 1118 898 1187 ὑπερλάμπρουο
939 1118 1195 1185 στέφανοί
1229 1135 1287 1170 τε
1320 1120 1417 1180 τὰς
1446 1119 1627 1170 αὐτῶν
1650 1119 1771 1169 £7.6—

195 1222 372 1273 σμουν
430 1209 623 1277 ἥδιστα
678 1206 939 1274 κεφαλάς.
1008 1208 1117 1261 Καὶ
1169 1209 1215 1261 οἱ
1287 1208 1567 1273 στέφανοι,
1629 1206 1772 1259 θεῖον

195 1299 381 1352 αὐτῶν
436 1296 591 1361 εἶπες
628 1299 688 1353 τὸ
734 1297 951 1361 κάλλος,
1011 1301 1105 1352 καὶ
1144 1300 1345 1369 ἣκιστα
1401 1299 1622 1370 γλώσσῃ
1676 1302 1775 1370 ρη-

196 1390 309 1444 τόν.

273 1479 368 1534 1Δ’.
400 1480 509 1533 Καὶ
543 1482 681 1533 ίνατί
714 1481 788 1550 μὴ
819 1479 1047 1550 χαίρεις,
1078 1474 1123 1533 ὦ
1158 1479 1338 1545 γύναι.
1367 1479 1547 1545 λέγειν
1580 1481 1606 1532 ὁ
1634 1479 1773 1547 μάρ-

197 1590 297 1635 τυς
358 1572 543 1641 ἐῴκει,
590 1572 722 1626 ἀλλὰ
753 1591 846 1626 σου
882 1575 1027 1642 λύπη
1076 1574 1223 1643 δεινὴ
1264 1574 1494 1627 διέσεισε
1522 1572 1620 1641 τὴν
1650 1589 1778 1641 mp-

198 1665 319 1716 δίαν
366 1681 378 1692 ·
427 1668 499 1732 μή
543 1665 649 1732 γὰρ
705 1666 878 1728 οὕτως
910 1665 1183 1734 ἀγνώμων
1233 1664 1363 1730 ἐγὼ,
1419 1665 1514 1715 καὶ
1552 1663 1778 1733 μηδενὸς

200 1753 313 1803 τῶν
345 1754 448 1804 ὑπὸ
487 1756 579 1806 σοῦ
607 1758 914 1823 γενομένων
947 1758 1099 1826 ἥκων
1149 1756 1226 1823 εἰς
1261 1754 1533 1822 αἴσθησιν,
1588 1754 1618 1822 ἢ
1678 1755 1775 1814 τὰς

203 1842 346 1911 ὑπὲρ
398 1845 578 1895 αὐτῶν
622 1848 861 1913 ἀμοιῦας
916 1848 1210 1915 φιλοτίμως
1247 1847 1346 1896 οὐκ
1414 1844 1774 1909 ἁποδέδωκα;

201 1933 313 2002 Οὐχ
358 1931 489 2005 ὁρᾷς
521 1937 635 1997 οἵας
668 1938 791 2000 ὁσὺς
821 1942 948 2000 παῖς
978 1939 1203 2006 ἠξίωται
1236 1937 1431 2005 δόξης
1468 1938 1572 1990 Οἴα
1614 1939 1772 2006 χάρις
1813 1916 1851 1970 Β

200 2024 509 2093 ἀστράπτει
545 2030 674 2094 περὶ
704 2028 870 2080 αὐτόν
900 2044 915 2093 ;
958 2024 1027 2079 Τί
1055 2024 1147 2080 οὖν
1174 2029 1232 2080 οὐ
1268 2030 1327 2079 τὸ
1347 2030 1572 2095 στυγνὸν
1618 2029 1775 2082 τοῦτο

199 2115 459 2180 λιποῦσα,
492 2118 581 2168 καὶ
623 2117 763 2187 αὑτὴ
819 2121 1161 2188 μεταχωρεῖς
1220 2118 1352 2188 πρὸς
1411 2118 1473 2170 τὸ
1519 2118 1778 2187 εὔθυμον.

213 2201 378 2270 Ἀλλ’,
408 2207 455 2258 εί
482 2208 649 2269 δοκεῖ,
685 2211 963 2277 ὲγγισὰτω
987 2212 1079 2263 καὶ
1106 2211 1185 2262 ἐτι
1235 2209 1434 2278 μᾶλλον
1454 2213 1481 2262 ὁ
1503 2213 1649 2275 παῖς,
1685 2210 1777 2261 καί

206 2312 291 2349 σοι
319 2298 440 2349 κατ’
474 2299 789 2369 ὀφθαλμοὺς
818 2300 1066 2371 ἀκριϐῶς
1116 2299 1379 2368 γενέσθω,
1406 2300 1494 2351 ἴνα
1518 2303 1611 2351 καὶ
1641 2302 1778 2369 αὐτη

203 2390 387 2454 καλῶς
415 2393 521 2461 ἄρα
566 2392 761 2461 μάθοις
789 2394 856 2445 τὰ
905 2392 1026 2446 κατ’
1055 2394 1235 2445 αὐτόν.
1292 2391 1478 2453 Οὕτως
1522 2394 1649 2459 ἔψη,
1686 2392 1780 2444 καὶ

202 2483 366 2554 ἐῴκει
396 2488 486 2537 τὸν
519 2486 683 2538 παῖδα
719 2485 923 2548 καλεῖν,
960 2486 1142 2547 Γενον,
1179 2486 1372 2551 λέγων,
1412 2480 1455 2536 ὦ
1481 2489 1599 2550 παῖ,
1632 2486 1781 2553 παρὰ

204 2581 273 2648 τῇ
310 2581 530 2647 μητέρι,
561 2580 631 2630 τά
662 2595 718 2629 τε
752 2578 891 2631 ἄλλα
930 2582 1024 2629 καὶ
1058 2576 1122 2628 ἶν’
1151 2574 1339 2648 ὥσπερ
1371 2578 1513 2645 ἔχεις
1571 2578 1779 2646 ὀφθεὶς,

203 2673 609 2741 παρηγορήσης
645 2672 776 2738 αὑτῇ
829 2671 889 2720 τὸ
936 2668 1271 2737 πολύδακρυ.
1342 2670 1400 2720 Ὀ
1425 2671 1479 2720 δὲ
1527 2674 1655 2732 mai;
1692 2671 1782 2721 ἐπὶ

213 2760 418 2829 μᾶλλον
454 2761 545 2813 τοῦ
605 2764 879 2830 μάρτυρος
932 2761 1132 2830 εἴχετο,
1174 2762 1249 2830 μὴ
1298 2760 1585 2812 ἀπολιπεῖν
1620 2761 1783 2813 αὑτὸν

207 2852 370 2917 ὅλως,
410 2853 542 2922 μηδὲ
573 2852 866 2921 ἀφικέσθαι
892 2853 1025 2923 πρὸς
1051 2852 1148 2922 τὴν
1182 2854 1393 2924 μητέρα
1427 2853 1487 2904 τὸ
1524 2854 1782 2923 παράπαν

211 2943 557 3013 βουλόμενον.
576 2944 736 3008 Ἀλλ’,
766 2946 978 3009 Ἄπιθι,
1006 2946 1176 3029 μῆτερ
1197 2944 1325 3014 ἐμὴ,
1349 2945 1503 2998 ἄπιθι
1524 2946 1656 3014 πρὸς
1684 2945 1783 2997 αὐ-

203 3034 330 3104 τὴν,
371 3032 558 3101 ελεγεν
588 3038 921 3096 ἀντιτείνων,
947 3038 1030 3100 ἐφ’
1068 3037 1265 3103 ἑαυτῆς
1290 3037 1542 3104 μένουσα,
1563 3053 1651 3087 και
1670 3038 1780 3098 τοῖς

205 3127 427 3197 θρήνοις
457 3127 666 3189 τούτοις
695 3127 846 3179 οὐδὲν
877 3128 1220 3202 προσέχουσα
1241 3143 1254 3157 ο
1276 3132 1331 3178 ἐν
1363 3129 1460 3200 ἴσῳ
1484 3130 1591 3198 γὰρ
1616 3129 1778 3199 ἡγοῦ-ι

211 3236 312 3287 μαι
362 3219 564 3272 ἄτοπον
612 3215 777 3283 εἶναι,
831 3218 973 3288 ζωῆς
1033 3217 1363 3282 ἀλλάξασθαι
1411 3220 1639 3272 θάνατον
1690 3222 1851 3305 καὶη

209 3311 411 3379 λύπην,
456 3312 651 3381 ἡδονῆς
681 3312 943 3380 ἀλήκτου,
977 3312 1070 3363 καὶ
1100 3311 1301 3373 παντὸς
1360 3310 1581 3375 αἰῶνος,
1635 3311 1779 3380 ζωὴν

210 3404 556 3474 πρόσκαιρον
604 3405 963 3472 προτιμῆσαι.
1008 3403 1226 3455 Τούτων
1280 3404 1431 3470 παρὰ
1460 3403 1553 3456 τοῦ
1593 3402 1780 3466 παιδὸς

205 3497 241 3564 ὴ
286 3499 470 3564 μήτηρ
506 3494 813 3556 ἀκούσασα,
862 3492 956 3544 καὶ
1004 3492 1113 3543 τῶν
1144 3493 1355 3562 θρήνων
1404 3494 1591 3560 ὥσπερ
1622 3495 1782 3545 ἐχλα-

206 3587 440 3655 θομένη,
498 3585 912 3653 προσληφθηναι
973 3587 1065 3636 καὶ
1126 3584 1293 3654 αὐτὴν
1333 3583 1409 3652 τῷ
1463 3583 1632 3647 παιδὶ,
1688 3585 1782 3636 καὶ⁵

210 3676 639 3747 παρακληθῆναι
689 3679 825 3746 πρὸς
864 3679 931 3731 τὰ
996 3676 1273 3748 ὁρώμενα,
1332 3678 1568 3747 ἰσχυρῶς
1612 3678 1781 3729 ἐδεῖτο

206 3771 305 3825 τοῦ
341 3773 645 3841 μάρτυρος,
703 3774 794 3825 καὶ
824 3772 880 3827 ὃς
920 3771 1018 3837 τῆς
1078 3771 1169 3820 ἐπὶ
1231 3772 1524 3839 σωτηρίαν,
1544 3769 1783 3837 ἀγούσης

206 3867 302 3916 ἐπὶ
328 3864 489 3917 πλέον
516 3867 654 3931 αὐτῇ
692 3864 911 3930 ἔχεσθαι
942 3865 1199 3932 παρῃνει,
1232 3875 1329 3915 και
1373 3862 1519 3926 τέλος
1558 3864 1783 3932 εἰρήνην

206 3956 335 4016 δοὺς
360 3955 495 4023 πρὸς
526 3955 628 4017 τὰς
654 3956 859 4017 οἰκείας
893 3957 1031 4024 μετὰ
1059 3955 1152 4007 τοῦ
1187 3956 1374 4018 παιδὸς
1410 3955 1649 4027 ἐχώρουν
1669 3955 1790 4009 δια-

206 4046 426 4118 τριὸας,
461 4049 556 4101 καὶ
601 4049 709 4102 τῶν
738 4048 1032 4117 ὀφθαλμῶν
1056 4050 1269 4116 ἐκείνης
1309 4049 1603 4101 διίσταντο.

284 4222 387 4277 1Ε⁹.
436 4222 500 4273 Ἦ
535 4221 590 4273 δὲ
618 4223 818 4284 εὐθέως
850 4222 1228 4275 διυπνισθείσα
1289 4223 1386 4277 καὶ
1425 4225 1558 4295 πρὸς
1588 4224 1785 4293 ἑαυτὴν

207 4314 557 4385 ἐπανήξασα,
598 4316 718 4378 οἵας
754 4316 847 4369 ἐπὶ
876 4318 941 4385 τῇ
996 4315 1090 4367 τοῦ
1127 4317 1405 4385 μάρτυρός
1451 4334 1509 4367 τε
1546 4320 1641 4370 καὶ
1690 4317 1783 4368 τοῦ

206 4408 401 4470 παιδὸς
468 4410 761 4477 παρουσία,
820 4408 916 4475 τῆς
989 4408 1252 4477 εὐθυμίας
1321 4409 1619 4471 ἀπέλαυσε,
1673 4411 1785 4472 τοῖς

208 4501 482 4571 παροῦσιν
510 4502 583 4562 ὼς
617 4501 805 4569 ἥδιστα
835 4497 1061 4571 διεξὴει,
1105 4501 1201 4553 καὶ
1246 4500 1432 4570 θαῦμα
1468 4504 1562 4564 τὰς
1611 4503 1782 4555 ἁπάν-

1872 668 2029 709 scere
2062 668 2074 704 :
2109 663 2161 705 et
2194 652 2340 706 tilins
2385 654 2435 706 ei
2480 652 2706 707 omnino
2741 654 2996 722 apparuit
3041 670 3165 708 cum
3210 666 3469 728 martyre.

1870 742 2005 796 Nam
2040 752 2095 798 et
2128 753 2400 798 astantem
2435 744 2724 800 videbatur
2757 745 2959 799 intueri
3002 745 3257 802 athletam
3284 789 3299 810 ,
3351 751 3473 819 ejus

1873 836 2043 889 ﬁlium
2089 852 2193 890 suo
2236 839 2385 897 sinu.
2422 846 2681 905 tanquam
2736 839 3040 906 preprium,
3092 841 3471 909 complecten-

1876 936 2006 981 tem.
2042 926 2299 981 Amictus
2334 937 2520 980 autem
2574 936 2691 981 erat
2736 928 2985 995 utrisque
3044 929 3467 998 pulcherrimus.

1874 1028 1931 1075 et
1972 1020 2483 1089 splendidissimus,
2519 1030 2575 1073 et
2620 1034 2834 1075 coronae
2866 1035 3053 1074 eorum
3100 1023 3278 1091 eapita
3311 1039 3476 1077 urnae

1875 1114 2008 1167 bant
2055 1113 2407 1168 suavissime.
2457 1112 2795 1167 Coronarum
2847 1122 3027 1167 autem
3071 1115 3306 1169 dixisses
3349 1131 3470 1170 esse

1876 1207 2117 1260 divinam
2154 1207 2473 1273 quamdam,
2515 1214 2570 1258 et
2608 1221 2725 1275 quae
2755 1206 2936 1276 lingua
2978 1221 3085 1261 non
3137 1218 3318 1276 potest
3369 1223 3469 1262 ex-

1876 1298 2063 1367 primi,
2110 1294 2602 1367 pulchritudmem.

1948 1478 2091 1533 XIV.
2130 1478 2437 1540 Videbatur
2484 1490 2665 1535 autem
2722 1490 2924 1547 martyr
2951 1482 3131 1537 dicere
3166 1481 3315 1537 :Cur
3358 1498 3467 1536 non

1879 1573 2103 1631 laetaris.
2131 1574 2407 1637 omulier,
2438 1575 2531 1627 sed
2573 1583 2697 1627 tuus
2744 1574 2921 1642 gravis
2965 1573 3141 1627 luctus
3183 1590 3274 1628 cor
3316 1561 3468 1628 tuum

1880 1660 2111 1722 amixit?
2138 1664 2281 1719 Num
2316 1681 2437 1720 sum
2469 1668 2605 1722 adeo
2634 1666 2901 1737 ingratus,
2936 1677 2994 1719 ut
3029 1666 3120 1735 qui
3170 1661 3308 1719 nihil
3343 1683 3467 1720 sen-

1884 1760 2047 1813 serim
2097 1773 2317 1819 eorum,
2355 1775 2473 1827 qua:
2529 1776 2557 1812 a
2601 1771 2650 1814 te
2702 1760 2840 1815 facta
2888 1759 3058 1813 sunt?
3101 1758 3238 1811 Num
3274 1775 3371 1828 pro
3405 1761 3468 1812 iis

1883 1868 1990 1905 non
2037 1866 2162 1905 sum
2228 1860 2282 1904 te
2342 1852 2598 1919 pt‘aiclare
2651 1850 3068 1904 remuneratus?
3138 1849 3251 1903 Non
3319 1852 3468 1906 vides

1882 1946 2094 2015 qualem
2142 1944 2370 2015 gloriam
2427 1946 2497 1997 sit
2543 1954 2669 1998 tuus
2705 1946 2844 1997 filius
2893 1946 3258 1997 consecutus?
3292 1946 3468 2012 qualis

1880 2053 2001 2091 eum
2034 2034 2418 2105 circumlulget
2450 2036 2657 2103 gratia?
2687 2035 2797 2089 Cur
2828 2052 2935 2090 non
2967 2054 3115 2108 ergo,
3155 2040 3253 2093 hac
3280 2038 3465 2091 relicta

1882 2129 2116 2190 tristitia,
2153 2130 2355 2181 transis
2408 2128 2473 2180 ad
2525 2128 2689 2181 animi
2743 2132 3230 2198 tranquillitatem?
3274 2133 3377 2186 Sed
3418 2132 3462 2184 si

1881 2222 2126 2286 videtur,
2175 2222 2286 2275 tuis
2329 2224 2504 2275 oculis
2545 2222 2720 2291 magis
2772 2225 3171 2293 appropinquet
3221 2215 3381 2290 (ilius,
3411 2236 3466 2279 et

1882 2313 2323 2382 eumdiligenter
2374 2315 2772 2381 contemplare,
2818 2325 2874 2367 ut
2905 2316 3018 2383 ipsa
3050 2332 3265 2385 quoque
3320 2329 3467 2371 recte

1884 2401 2182 2471 intelligas.
2241 2402 2519 2470 quomodo
2573 2403 2617 2455 is
2669 2418 2727 2456 se
2789 2404 3004 2457 habeat.
3070 2405 3159 2459 Sic
3202 2407 3357 2471 dixit,
3410 2418 3466 2460 et

1886 2494 2032 2547 visus
2058 2503 2140 2547 est
2169 2507 2363 2547 vocare
2390 2508 2618 2562 puerum
2656 2511 2668 2547 :
2702 2495 2939 2559 Accede,
2971 2511 3003 2549 o
3038 2512 3192 2564 puer,
3234 2498 3300 2551 ad
3351 2514 3467 2551 ma-

1886 2597 2045 2651 trem,
2081 2596 2139 2640 ut
2172 2602 2293 2640 cum
2326 2601 2389 2639 ea
2439 2586 2656 2647 viderit,
2710 2589 2981 2654 quomodo
3028 2597 3077 2641 te
3128 2590 3355 2656 habeas,
3405 2598 3463 2643 tn

1885 2680 2004 2746 ejus
2037 2680 2235 2732 multas
2267 2678 2566 2732 consoleris
2593 2677 2877 2748 lacrymas.
2909 2679 3048 2732 Puer
3071 2690 3254 2734 autem
3293 2682 3466 2749 magis

1886 2771 2193 2825 adhaerebat
2220 2772 2463 2838 martyri,
2498 2770 2689 2823 nolens
2720 2786 2845 2823 eum
2874 2773 3099 2825 omnino
3129 2774 3460 2843 relinquere,

1886 2878 1988 2916 nec
2017 2862 2205 2916 volens
2239 2862 2465 2914 omnino
2506 2861 2693 2915 venire
2733 2863 2799 2915 ad
2847 2872 3077 2916 matrem
3115 2882 3126 2916 :
3164 2865 3282 2928 sed,
3337 2867 3462 2926 Abi,

1887 2962 2058 3007 mater
2088 2967 2229 3017 mea,
2261 2951 2370 3015 abi,
2418 2951 2631 3004 dicebat
2680 2952 2982 3005 resistens:
3010 2955 3150 3019 apud
3185 2963 3235 3008 te
3278 2970 3460 3021 mane,

1888 3051 1943 3095 et
1966 3041 2186 3094 minime
2217 3048 2267 3092 te
2292 3040 2458 3093 dedas
2484 3039 2569 3091 his
2606 3038 2867 3094 luctibus.
2904 3038 3060 3094 Malle
3106 3043 3250 3095 enim
3296 3044 3461 3097 vitam

1889 3141 2162 3193 vestram,
2214 3145 2378 3198 quam
2416 3130 2571 3183 hanc
2623 3138 2889 3190 mortem.
2948 3145 3101 3197 atque
3155 3130 3460 3186 absurdum

1889 3222 2163 3285 existimo,
2208 3231 2371 3289 atque
2421 3220 2661 3272 dolorem
2706 3221 2956 3286 prml'erre
3002 3220 3290 3289 voluptati,
3340 3238 3464 3291 quas

1883 3331 1991 3370 non
2023 3313 2246 3374 desinit.
2281 3324 2335 3367 et
2373 3312 2539 3366 vitam
2583 3311 2825 3374 brevem.
2859 3320 2912 3366 et
2941 3327 3060 3381 quae
3090 3322 3171 3367 est
3206 3315 3271 3367 ad
3320 3322 3461 3369 tem-

1882 3420 2003 3473 pus.
2033 3421 2151 3457 awu
2174 3405 2532 3472 sempiterno.
2576 3402 2700 3457 Hac
2726 3417 2847 3457 cum
2890 3415 3065 3455 mater
3090 3402 3387 3458 audivisset
3429 3421 3460 3458 a

1883 3495 2012 3557 lilio,
2050 3503 2104 3548 et
2125 3502 2273 3547 esset
2314 3496 2475 3547 veluti
2504 3495 2671 3547 oblita
2709 3495 3158 3548 lamentationem
3182 3535 3195 3556 ,
3240 3505 3297 3548 ut
3340 3495 3460 3563 ipsa

1881 3603 2097 3657 quoque
2130 3596 2509 3641 assumeretur
2537 3585 2606 3641 ad
2637 3585 2832 3644 lilium.
2860 3594 2915 3639 et
2950 3600 3012 3640 ex
3056 3586 3144 3650 iis,
3181 3602 3301 3655 qua:
3340 3604 3462 3643 cer-

1884 3682 2175 3736 nebantur.
2234 3677 2508 3746 acciperet
2567 3676 3038 3742 consolationem,
3102 3679 3464 3733 vehementer

1885 3770 2109 3839 rogabat
2140 3781 2455 3839 martyrem.
2503 3766 2594 3823 Ille
2631 3775 2811 3821 autem
2859 3769 3143 3835 suadebat,
3187 3780 3245 3822 ut
3292 3772 3464 3839 magis

1884 3876 2002 3915 eam
2027 3859 2165 3911 viam
2197 3867 2542 3925 sequeretur,
2583 3873 2702 3925 quae
2732 3858 2885 3912 ducit
2914 3859 2980 3913 ad
3023 3861 3274 3914 salutem.
3312 3856 3463 3913 Tan-

1885 3950 2007 4005 dem
2045 3959 2252 4010 autem,
2300 3949 2420 4002 data
2470 3961 2627 4017 pace,
2680 3947 2818 4001 abiit
2892 3947 2980 4000 ille
3025 3964 3147 4001 cum
3196 3964 3365 4018 puero
3394 3952 3462 4003 ad

1887 4058 2038 4096 suam
2070 4041 2459 4094 habitationem
2492 4056 2508 4094 :
2545 4048 2602 4093 et
2641 4048 2869 4108 uterque
2907 4039 3162 4094 discessit
3203 4040 3272 4092 ab
3318 4040 3466 4095 illius

1885 4133 2075 4187 oculis.

1957 4224 2072 4278 XV.
2117 4224 2205 4278 Illa
2246 4233 2426 4278 autem
2478 4224 2664 4278 statim
2707 4233 3049 4294 experrecta,
3080 4232 3135 4278 et
3176 4224 3243 4278 ad
3290 4239 3348 4278 se.
3377 4240 3464 4277 rc-

1887 4334 2067 4377 versa.
2099 4328 2354 4386 quantam
2389 4318 2461 4370 ob
2495 4318 2746 4386 martyris
2771 4327 2825 4371 et
2857 4318 2948 4370 lilii
2976 4318 3264 4370 adventum
3309 4333 3464 4371 asse-

1887 4422 2010 4466 cuta
2051 4422 2196 4465 esset
2237 4411 2401 4463 animi
2444 4414 2895 4479 tranquillitatem
2945 4427 3005 4467 ac
3047 4412 3307 4470 laetitiam.
3340 4428 3465 4465 nar-

1890 4505 2027 4559 ravit
2058 4505 2121 4559 iis
2165 4506 2254 4573 qui
2284 4504 2528 4558 aderant.
2566 4502 2821 4557 Omnium
2854 4516 3032 4556 autent
3060 4506 3270 4557 animos
3309 4506 3459 4556 inva-

205 4611 319 4649 των
358 4593 473 4664 εἶχε
515 4596 715 4664 ψυχας,
740 4594 817 4664 τῷ
848 4595 1139 4665 παραδόξῳ
1165 4594 1261 4663 τῆς
1291 4594 1616 4663 διηγήσεως,
1654 4590 1782 4645 Εἶτα

1892 4599 1961 4653 sit
2003 4597 2287 4652 admiratio
2326 4598 2396 4651 ub
2437 4596 2836 4654 admirabilem.
2892 4604 2944 4649 et
2984 4611 3101 4664 qua:
3144 4597 3456 4664 Opinionem

208 4694 304 4740 καὶ
343 4689 406 4740 τὸ
462 4685 558 4737 τοῦ
620 4686 879 4754 παιδὺςή
942 4687 1237 4754 μακαρίτις
1305 4685 1551 4738 ποθεινὸν
1609 4688 1786 4735 ἐκεῖνο

209 4781 507 4849 σωμάτιον,
534 4777 794 4849 λαμπρὰς
824 4775 1160 4847 ἀλειψαμένη
1223 4777 1317 4827 καὶ
1390 4762 1782 4844 περιϐαλοῦσα,

207 4873 287 4944 τῷ
330 4874 571 4942 μάρτυρι
620 4870 1007 4940 παρατίθεται,
1080 4870 1352 4939 πάννυχον
1412 4885 1471 4921 τε
1522 4871 1618 4920 σὺν
1671 4870 1786 4930 τοῖς

208 4967 553 5034 προσήκουσι
583 4965 675 5014 καὶ
707 4964 881 5025 ἄλλως
916 4962 1243 5030 ἐπιτηδείοις
1284 4964 1407 5029 τῆν’
1434 4959 1784 5030 εὐχαριστίαν

210 5058 585 5131 ποιησαμένη,
620 5058 754 5124 πρὸς
787 5058 843 5109 δὲ
896 5057 990 5109 καὶ
1019 5056 1117 5123 τὴν
1148 5057 1417 5125 μυστικὴν
1454 5052 1780 5132 ἱερουργίαν,

210 5153 271 5206 ἐν
299 5144 345 5219 ᾧ
383 5148 708 5218 τελεσθῆναι
740 5148 847 5199 ἔδει
884 5148 1169 5212 τελέσασα,
1208 5146 1302 5199 ὲπὶ
1360 5146 1554 5214 δαψιλῆ
1603 5161 1785 5212 παρα-

208 5243 369 5297 καλεῖ
414 5242 482 5294 τα
509 5241 722 5302 δεῖπνα,
754 5240 879 5301 τοὺς
921 5239 1028 5290 τῶν
1072 5241 1235 5311 ιερῶν
1267 5239 1452 5308 ὓμνων
1492 5241 1630 5307 αὐτῇ
1670 5253 1782 5289 κοι-

205 5337 584 5407 νωνήσαντας,
648 5329 967 5394 Εἷθόὕτως
1036 5332 1223 5401 μακρὰ
1277 5333 1355 5401 τῷ
1410 5331 1508 5401 βίῳ
1575 5327 1785 5399 χαίρειν

203 5428 459 5489 εἰποῦσα,
487 5430 563 5489 εἰς
597 5426 828 5487 ἀσύλους
855 5443 911 5479 τε
937 5424 1267 5495 θησαυροὺς,
1286 5426 1385 5487 τὰς
1403 5424 1512 5475 τῶν
1535 5424 1785 5492 πενήτων

205 5526 354 5594 φημὶ
397 5526 678 5593 γαστέρας
721 5523 811 5575 τὸν
842 5519 1072 5573 πλοῦτον
1117 5517 1292 5584 αὐτῆς
1329 5520 1504 5570 πάντα
1549 5512 1785 5566 καταθε-

207 5621 373 5692 μένη,
407 5619 500 5671 καὶ
536 5615 685 5670 λιτὸν
726 5616 926 5668 ἐνδῦσα
986 5612 1212 5679 χιτῶνα)
1250 5610 1329 5681 τῷ
1361 5612 1517 5679 τάφῳ
1548 5606 1783 5679 διηκόνει

204 5716 298 5765 τοῦ
326 5711 632 5781 μάρτυρος,
669 5708 811 5761 οὕτω
852 5725 910 5761 τε
959 5707 1247 5774 νηστείαις
1301 5704 1639 5774 σχολάζουσιν.
1693 5699 1785 5753 καὶ

205 5805 539 5876 προσευχαῖς
564 5797 653 5874 ἦν,
687 5801 783 5856 καὶ
837 5800 927 5853 τὸν
981 5798 1128 5861 ἐντὸς
1167 5796 1423 5850 τοσοῦτον
1476 5794 1785 5865 ἐκαθήρατο

208 5898 518 5968 ἄνθρωπον,
569 5896 681 5966 ὅσῳ
714 5895 809 5949 καὶ
846 5893 967 5947 καθ’
992 5894 1231 5961 ἑκάστην
1263 5892 1403 5963 αὐτῇ
1436 5889 1634 5961 κυρίαν
1678 5887 1786 5941 τῶν

1888 4687 2199 4754 superabat,
2228 4687 2617 4737 narrationem.
2659 4684 2865 4739 Deinde
2898 4702 3019 4739 cum
3059 4686 3149 4738 ﬁlii
3183 4689 3263 4739 sui
3307 4688 3456 4739 desi-

1888 4773 2127 4829 derabile
2176 4772 2307 4827 illud
2377 4774 2761 4842 corpusculum
2822 4777 2976 4831 beata
3034 4777 3127 4841 illa
3175 4777 3456 4845 splendide

1892 4868 2135 4921 unxisset
2184 4876 2239 4921 et
2267 4867 2685 4934 composuisset,
2734 4866 2784 4924 id
2830 4869 3171 4921 commendat
3212 4875 3453 4939 martyri,

1889 4972 1999 5016 tota
2029 4973 2187 5014 nocte
2214 4976 2333 5013 cum
2364 4962 2801 5030 consanguineis.
2823 4972 2873 5014 et
2894 4965 2957 5013 iis
2977 4964 3063 5030 qui
3097 4963 3161 5015 ad
3188 4980 3303 5016 eam
3330 4966 3459 5018 atti-

1888 5056 2111 5116 nebant,
2145 5052 2347 5108 faciens
2379 5054 2675 5123 gratiarum
2704 5053 2996 5107 actionem.
3042 5054 3245 5109 Deinde
3287 5059 3453 5112 etiam

1888 5158 2009 5198 cum
2045 5146 2329 5214 mysticum
2375 5154 2621 5198 curasset
2664 5144 3029 5213 peragendum
3079 5147 3401 5197 sacriﬁcium
3435 5184 3452 5211 ,

1889 5238 1941 5290 in
1971 5250 2077 5305 quo
2108 5251 2225 5288 eam
2279 5228 2571 5303 oportebat
2612 5236 2837 5296 initiari,
2882 5236 2946 5287 ad
3000 5236 3197 5289 lautam
3259 5238 3454 5294 invitat

1887 5342 2098 5384 canam
2132 5343 2249 5390 eos,
2284 5328 2378 5397 qui
2411 5343 2691 5382 sacrorum
2736 5330 3055 5398 hymnorum
3085 5331 3297 5386 fuerant
3326 5349 3445 5386 cum

1887 5438 1950 5476 ea
2016 5422 2328 5490 participes.
2382 5422 2582 5476 Deinde
2636 5437 2760 5476 cum
2814 5427 2892 5477 sic
2951 5426 3209 5477 mundum
3272 5427 3452 5479 valere

1884 5516 2155 5586 jussisset,
2190 5524 2245 5567 et
2291 5514 2342 5565 in
2381 5512 2687 5573 thesauros,
2726 5513 2818 5581 qui
2868 5528 2975 5566 non
3029 5524 3261 5583 possunt
3293 5517 3454 5586 eripi,

1890 5609 1941 5661 in
1969 5622 2288 5675 pauperum,
2317 5607 2561 5674 inquam,
2601 5616 2840 5667 ventres.
2874 5622 3064 5660 omnes
3096 5624 3219 5661 suas
3260 5619 3458 5663 contu-

1886 5699 2038 5752 lisset
2062 5698 2299 5761 divitias,
2333 5707 2386 5750 et
2419 5712 2477 5750 se
2509 5698 2657 5750 tenui
2680 5696 2945 5751 induisset
2978 5698 3180 5764 tunica,
3207 5699 3457 5767 sepulcro

1889 5792 2230 5844 ministrabat
2282 5789 2565 5859 martyris;
2632 5799 2688 5843 et
2738 5788 2815 5842 sic
2866 5789 3091 5857 jejuniis
3154 5804 3351 5843 vacans
3403 5799 3456 5843 et

1890 5884 2252 5951 roationibus,
2291 5884 2562 5939 internum
2613 5891 2824 5937 tantum
2862 5883 3125 5953 purgabat
3158 5881 3457 5945 hominem,
