4136 6462
721 409 856 472 1159
1993 398 2269 460 MENSIS

2406 398 2671 458 IOBER.
3839 396 3970 465 1150

719 536 777 581 ut
801 519 1030 590 singulis
1057 517 1345 573 Dominicis
1384 516 1430 571 ei
1465 526 1665 586 martyr
1700 525 1988 583 appareret
2028 530 2148 567 cum
2179 514 2286 567 lilio

2406 512 2613 581 ἀμερῶν
2644 510 2735 562 τὸν
2796 507 3050 579 μάρτυρα
3113 507 3204 561 τοῦ
3260 508 3442 571 παιδὸς
3483 508 3539 561 ὲν
3591 510 3759 580 ὁμοίᾳ
3810 504 3848 582 ἦ
3885 514 3979 565 καὶ

717 616 772 668 in
814 614 1028 673 codem,
1073 611 1125 664 in
1181 625 1288 678 quo
1340 609 1527 677 prius,
1580 607 1814 665 amictu.
1876 606 1993 674 ejus
2048 604 2289 657 dolorem

2406 604 2656 673 πρότερον
2712 599 3039 653 ἐπίστασθαι
3073 602 3136 669 τῇ
3171 600 3427 670 ἀναϐολῇ,
3478 601 3632 669 παρὰ
3668 601 3865 672 ψυχὴν
3912 605 3976 673 τῇ

721 708 1090 761 consolantes.
1135 702 1375 772 Septimo
1431 713 1610 755 autem
1660 715 1801 753 anno
1848 715 1961 752 suae
2004 698 2056 751 in
2102 699 2295 751 melius

2406 693 2541 764 ιύπῃ
2577 694 2837 752 διδόντας,
2870 691 2990 751 ἔτος
3030 689 3261 759 ἕϐδομον
3297 690 3354 753 ἐξ
3390 692 3517 743 ὅτου
3550 692 3617 743 τὰ
3659 692 3767 761 τῆς
3809 709 3976 762 μετα-

721 802 841 852 vitre
888 795 1223 859 mutationis,
1269 811 1387 847 cum
1425 796 1582 863 plena
1619 801 1761 847 esset
1804 792 1997 846 diebus
2049 792 2293 859 spiritus,

2406 784 2552 852 Ξολῆς
2588 786 2721 852 πρὸς
2742 782 2803 834 τὸ
2841 782 3078 850 βέλτιον,
3111 782 3204 833 καὶ
3238 783 3448 852 πλήρης
3480 784 3709 855 ἡμερῶν
3747 784 3866 837 τῶν
3884 782 3975 839 τοῦ

719 889 770 942 in
804 905 934 959 pare
961 887 1106 955 pacis
1158 886 1372 953 quidem
1420 885 1511 937 Dei
1552 884 1831 954 spiritum,
1868 898 2069 952 corpus
2116 891 2294 934 autem

2406 877 2717 945 Πνεύματος
2740 875 3033 944 γενομένη,
3067 876 3123 927 ὲν
3142 876 3355 944 εἰρήνῃ,
3382 874 3457 943 τῷ
3478 875 3579 943 μὲν
3610 878 3713 944 τῆς
3744 877 3975 947 είρήνης

719 981 1063 1035 commendat
1097 980 1226 1040 lilio,
1273 988 1328 1031 ut
1374 992 1511 1046 quos
1542 992 1645 1030 una
1678 976 1911 1030 habebat
1945 976 2161 1037 domus,
2202 988 2297 1027 cos

2406 967 2514 1035 Ε)εῷ
2549 968 2606 1019 τὸ
2639 966 2876 1034 πνεῦμα,
2906 965 2966 1016 τὸ
2991 965 3149 1033 σῶμα
3185 964 3242 1017 δὲ
3276 964 3352 1034 τῷ
3389 964 3542 1017 παιδὶ
3585 965 3969 1036 παρατίθεται,

720 1071 877 1124 etiam
937 1085 1078 1123 unus
1130 1069 1387 1123 conderet
1433 1068 1665 1129 loculus,
1721 1075 1776 1120 ct
1815 1082 1881 1119 ne
1926 1067 2040 1134 ipse
2078 1063 2294 1132 quidem

2406 1058 2588 1122 ι’νύὒς
2662 1059 2756 1129 μία
2810 1052 2955 1126 εἶχεν
3018 1057 3185 1119 οίκία,
3247 1056 3467 1119 τούτους
3524 1058 3618 1110 καὶ
3680 1058 3785 1127 μία
3821 1058 3975 1129 σορὸς

721 1160 1002 1212 amborum
1050 1158 1227 1226 p‘ulvis
1288 1158 1711 1227 disjungeretur.
1758 1156 1889 1208 Cum
1949 1154 2148 1223 quibus
2208 1154 2297 1208 det

2406 1150 2682 1217 πιστευθῆ,
2741 1148 2832 1201 καὶ
2867 1147 3003 1217 μηδὲ
3049 1147 3188 1201 αὐτὰ
3247 1148 3433 1218 διαστῇ
3488 1149 3558 1201 τά
3609 1148 3713 1217 τῆς
3752 1149 3973 1211 κόνεως.

721 1265 935 1319 quoque
964 1250 1122 1302 nobis
1160 1248 1300 1301 Deus
1335 1263 1458 1302 esse
1492 1249 1664 1317 partis
1704 1262 1915 1305 eorum,
1955 1245 2044 1312 qui
2077 1259 2297 1298 servan-

723 1350 831 1405 tur,
858 1352 912 1395 ei
938 1342 1114 1395 videre
1147 1341 1421 1409 regionem
1450 1341 1747 1392 viventium
1786 1355 1797 1390 :
1835 1336 2088 1407 quoiiiam
2116 1338 2287 1404 ipsum

722 1434 878 1487 decet
910 1434 1087 1486 omnis
1118 1433 1286 1503 gloria
1328 1444 1379 1486 et
1426 1432 1670 1487 adoratio
1726 1446 1868 1485 nunc
1916 1440 1969 1483 ct
2001 1442 2212 1496 semper
2239 1438 2290 1481 et

723 1527 776 1579 in
821 1526 1014 1579 saecula
1062 1528 1402 1581 stcculornm.
1435 1528 1626 1581 Amen.

738 1784 2082 1816 Μ

2394 1241 2527 1294 Μεθ’
2557 1235 2629 1293 ὧν
2671 1240 2789 1308 δώῃ
2830 1238 2923 1291 καὶ⁸
2965 1240 3097 1307 ἡμῖν
3127 1237 3305 1299 όθεὸς
3332 1238 3427 1305 τῆς
3481 1238 3590 1290 τῶν
3650 1237 3975 1305 σωζομένων

2396 1333 2651 1399 γενέσθαι
2697 1330 2933 1400 μερίδος,
2973 1332 3065 1382 καὶ
3094 1329 3192 1401 τὴν
3221 1329 3327 1381 τῶν
3351 1328 3566 1392 (divus;
3598 1327 3789 1398 χώραν
3829 1327 3972 1387 ἰδεῖν,

2397 1425 2478 1477 ὅτι
2517 1422 2663 1491 αὐτῷ
2707 1421 2908 1491 πρέπει
2941 1423 3092 1474 πᾶσα
3115 1421 3263 1486 δόξα,
3286 1421 3416 1490 τιμὴ
3448 1421 3543 1473 καὶ
3573 1416 3970 1489 προσκύνησις,

2399 1517 2496 1569 νῦν
2546 1516 2641 1568 καὶ
2696 1515 2785 1568 ἀεὶ
2849 1516 2943 1568 καὶ
3004 1516 3082 1578 είς
3139 1514 3264 1576 τοὺς
3315 1511 3511 1576 αἰῶνας
3574 1511 3687 1564 τῶν
3741 1508 3971 1563 αἰώνων.

2410 1609 2467 1659 Ἀ
2476 1609 2599 1678 μὴν.

3100 1780 3951 1812 mm:

1901 1949 2771 2071 ΜΑΡΤΥΡΙΟΝ

1472 2177 1696 2263 ΤΟΥ
1776 2174 2111 2259 ΑΓΙΟΥ
2183 2172 3226 2264 ΜΕΓΑΛΟΜΛΡΤΥΡΟΣ

1807 2388 2879 2521 ΑΡΤΕΜΙΟΥ.

1994 2815 2719 2904 MARTYRIUM

1284 3033 1798 3149 SANCTI
1878 3038 2057 3147 ET
2149 3034 2600 3152 MAGNI
2680 3031 3420 3148 MABTYRIS

1919 3283 2784 3436 ARTEMII.

1260 3556 1453 3615 (Graece
1487 3566 1548 3603 ex
1587 3555 1697 3605 cod.
1724 3568 1814 3605 ms.
1854 3554 2009 3607 Paris.
2037 3569 2086 3604 n.
2115 3554 2263 3614 “80;
2289 3554 2461 3604 Latine
2494 3554 2620 3616 apud
2643 3553 2840 3603 Surlum
2868 3551 2927 3599 ad
2960 3554 3091 3601 diem
3112 3551 3173 3600 20
3199 3549 3463 3610 Octobris.)

811 3871 848 3929 Ι.
892 3872 1017 3927 Post
1073 3871 1287 3930 Domini
1338 3888 1391 3934 et
1448 3879 1775 3953 Salvatoris.
1806 3884 1980 3938 nostri
2034 3883 2091 3937 in
2143 3882 2306 3937 coelos

2486 3878 2569 3933 A'.
2614 3880 2769 3933 Μετά
2803 3878 2903 3947 τὴν
2936 3880 3030 3932 τοῦ
3067 3877 3273 3949 Κυρίου
3314 3877 3409 3929 καὶ
3434 3877 3689 3948 Σωτῆρος
3720 3878 3884 3949 ἡμῶν
3912 3879 3992 3945 τίς

738 3980 1046 4029 ascensum,
1075 3981 1197 4019 cum
1233 3968 1350 4037 ejus
1374 3968 1623 4039 discipuli
1658 3980 1713 4025 et
1733 3972 1960 4042 apostoli
1989 3973 2304 4027 universum

739 4059 922 4111 orbem
974 4068 1132 4113 terra:
1181 4058 1471 4132 Evangelia
1523 4065 2091 4131 comprehendissent,
2149 4074 2204 4119 et
2249 4065 2304 4118 in

740 4166 928 4205 omnes
974 4150 1192 4219 quidem
1245 4163 1428 4220 partes
1466 4155 1577 4221 jam
1612 4155 1900 4209 distributa
1930 4166 2074 4210 esset
2117 4156 2307 4225 praedi-

740 4242 880 4295 catio
905 4241 1147 4310 pietatis,
1175 4240 1219 4293 is
1258 4250 1462 4305 autem,
1497 4243 1585 4309 qui
1619 4247 1687 4298 ab
1717 4245 1873 4299 initio
1904 4246 2090 4315 generi
2133 4244 2308 4298 homi-

742 4348 868 4384 num
925 4333 1263 4397 adversatur,
1318 4332 1669 4390 intolerandis
1717 4340 2002 4392 tormentis
2048 4353 2145 4410 per
2189 4352 2305 4403 eos,

742 4422 827 4492 qui
880 4433 1010 4477 tunc
1073 4440 1250 4477 rerum
1306 4427 1673 4495 potiebantur,
1746 4430 2042 4497 subjiceret
2099 4430 2306 4495 ﬁdeles,

742 4517 1027 4584 oportebat
1065 4517 1357 4585 aliquando
1404 4515 1750 4575 Christianos
1794 4522 1926 4576 solvi
1973 4537 2004 4577 a
2051 4523 2211 4576 malis
2256 4532 2311 4576 et

744 4608 1028 4672 molestiis,
1081 4616 1134 4661 et
1203 4622 1323 4662 cum
1373 4610 1568 4664 acerba
1626 4612 1771 4667 nube
1830 4613 2122 4685 impietatis
2176 4613 2307 4668 solvi

744 4700 906 4752 etiam
970 4708 1345 4767 tempestatem
1395 4710 1808 4768 tormentorum,
1861 4706 2060 4773 quibus
2113 4703 2311 4759 allicie-

746 4790 966 4853 bantur,
1012 4797 1066 4839 et
1105 4788 1219 4841 sisti
1255 4789 1455 4858 virgam
1489 4802 1863 4859 peccatorum,
1900 4808 2019 4861 qua:
2053 4794 2311 4846 immitte-

747 4881 901 4934 batur
934 4881 1198 4935 adversus
1222 4880 1593 4937 haereditatem
1630 4885 1933 4955 justorum.
1961 4884 2094 4939 Cum
2128 4895 2309 4939 autem

746 4975 807 5027 ad
840 4975 940 5027 hoc
971 4982 1113 5027 esset
1138 4989 1273 5042 opus
1303 4975 1420 5028 viro
1472 4976 1563 5046 qui
1597 4976 1823 5031 haberet
1850 4979 2114 5048 insignem
2144 4979 2310 5033 animi

2408 3973 2675 4041 οὐρανοὺς
2721 3972 2995 4043 ἀνάληψιν
3023 4012 3039 4039 ,
3081 3972 3190 4024 τῶν
3243 3968 3408 4025 αὐτοῦ
3473 3970 3739 4038 μαθητῶν
3790 3989 3851 4025 τι
3897 3974 3988 4027 καὶ

2394 4066 2725 4120 ’ἀποστόλων
2767 4067 2868 4136 τὴν
2920 4066 3248 4137 οἰκουμένην
3294 4065 3474 4117 πᾶσαν
3526 4062 3606 4133 τῷ
3661 4063 3989 4135 Εὑαγγελίῳ

2409 4159 2853 4227 περιλαϐόντων,
2897 4160 2995 4209 καὶ
3040 4155 3317 4223 πανταχοῦ
3361 4154 3460 4224 μὶν
3492 4152 3840 4218 διαδοθέντος
3891 4158 3988 4226 ἥδη

2407 4248 2505 4302 τοῦ
2534 4250 2633 4319 τῆς
2666 4247 2952 4311 εὐσεϐείας
2979 4248 3334 4318 κηρύγματος
3388 4245 3482 4297 τοῦ
3519 4244 3577 4298 δὶ
3614 4247 3866 4316 ἀρχῆθεν
3900 4252 3991 4302 ἀνι

2407 4342 2723 4412 τικειμένου
2763 4339 2841 4409 τῷ
2870 4341 2981 4395 τῶν
3011 4338 3320 4409 ἀνθρώπων
3352 4336 3521 4406 γένει,
3555 4336 3833 4408 βασάνους
3864 4342 3993 4409 ἀφο-

2412 4436 2595 4504 ρήτοις
2620 4432 2710 4485 διὰ
2762 4432 2872 4486 τῶν
2901 4433 3020 4486 τότε
3058 4430 3404 4501 κρατούντων
3433 4431 3835 4495 ὑποδάλλοντος
3866 4434 3990 4495 τοὺς

2411 4525 2779 4586 πιστεύοντας
2813 4524 2921 4575 ἔδει
2970 4522 3104 4575 ποτὲ
3136 4522 3292 4574 λύσιν
3331 4524 3589 4589 γενέσθαι
3636 4525 3991 4593 Χριστιανονῖς

2409 4615 2519 4669 τῶν
2579 4614 2848 4686 ἀνιαρῶν,
2915 4615 3008 4668 καὶ
3081 4613 3222 4683 μετὰ
3273 4611 3368 4665 τοῦ
3419 4612 3622 4683 πικροῦ
3654 4618 3857 4683 νέφους
3896 4618 3989 4685 τῆς

2409 4709 2667 4773 ἀσεϐείας
2706 4708 2938 4779 λυθῆναι
2971 4708 3179 4762 καὶτὸν
3232 4706 3479 4778 χειμῶνα
3515 4709 3616 4777 τῆς
3653 4710 3779 4761 κατ’
3811 4710 3992 4762 αὐτῶν

2410 4801 2702 4870 τιμωρίας,
2738 4800 2831 4852 καὶ
2856 4802 3052 4870 στῆναι
3083 4800 3280 4869 ῥάϐδον
3313 4800 3659 4869 ἁμαρτωλῶν
3688 4802 3837 4853 κατά
3865 4802 3994 4871 xli}-

2414 4910 2507 4964 ρου
2533 4894 2755 4948 δικαίων
2785 4895 3114 4963 ἀφιεμένην,
3151 4892 3305 4946 Ἐπεὶ
3336 4893 3389 4945 δὲ
3413 4892 3603 4960 ἀνδρὸς
3638 4894 3817 4946 ὲδείσο
3858 4895 3993 4963 πρὸς

2411 4987 2593 5051 τοῦτο,
2645 4986 2927 5055 περιφανῆ
2974 4987 3074 5056 τὴν
3117 4987 3217 5052 τῆς
3245 4985 3428 5054 ψυχῆς
3458 4984 3752 5051 εὐγένειαν
3792 5002 3993 5054 κεκτη-

697 5058 702 5066 “
748 5066 1083 5117 nobilitatem
1117 5104 1132 5127 ,
1170 5068 1291 5120 talis
1326 5075 1505 5121 autem
1541 5079 1656 5122 erat
1678 5068 1979 5123 Constantii
2013 5079 2067 5122 et
2098 5069 2306 5125 Helena:

2416 5082 2603 5151 μένου,
2643 5077 2884 5139 τοιοῦτος
2930 5078 2985 5128 δὲ
3017 5078 3045 5129 ό
3075 5077 3430 5139 Κώνσταντος
3479 5078 3571 5130 καὶ
3620 5076 3847 5146 Ἑλένης
3881 5078 3993 5138 υἱὸς

750 5156 912 5212 titius.
960 5154 1355 5208 Constantinus
1407 5155 1632 5226 Magnus
1680 5160 2144 5229 cognominatus:
2195 5160 2241 5213 is
2281 5175 2306 5213 a

2416 5170 2823 5227 Κωνσταντῐνος
2871 5167 2899 5215 ὁ
2945 5165 3132 5232 Μέγας
3181 5164 3518 5234 ἐπικληθεὶς,
3549 5163 3857 5234 ἀφίσταται
3897 5164 3993 5233 μὲν

748 5248 920 5316 patrio
960 5248 1179 5316 quidem
1220 5246 1425 5300 recedit
1470 5264 1674 5316 errore,
1726 5267 1928 5307 arcano
1977 5253 2209 5320 quodam
2256 5264 2306 5307 et

2414 5259 2511 5326 τῆς
2550 5258 2783 5326 πατρίου
2839 5255 3048 5325 πλάνης
3088 5257 3392 5327 ἀπορρήτῳ
3440 5258 3547 5308 τινὶ
3591 5257 3686 5309 καὶ
3740 5257 3993 5326 Θειοτόρᾳ

749 5342 930 5394 divino
985 5340 1232 5403 consilio,
1286 5349 1339 5393 et
1388 5342 1596 5395 accedit
1650 5343 1717 5397 ad
1780 5345 2083 5397 veritatem.
2140 5344 2306 5399 Vincit

2412 5348 2698 5417 οἰκονομίᾳ
2739 5346 2830 5398 καὶ
2858 5347 2922 5415 τῇ
2952 5346 3180 5413 ἀληθεία
3219 5343 3592 5415 προστίθεται,
3621 5346 3755 5414 νικᾷ
3798 5345 3890 5412 δὲ,
3925 5347 3992 5406 ὼς

751 5432 915 5495 enim,
945 5441 1002 5484 ut
1027 5446 1216 5485 omnes
1244 5431 1443 5496 sciunt,
1473 5434 1721 5489 inimicos
1749 5448 1847 5505 per
1880 5436 2057 5489 crucis
2089 5436 2140 5489 in
2177 5438 2306 5491 caelo

2412 5443 2615 5502 πάντες
2655 5440 2825 5503 ἴσασι,
2858 5440 2987 5501 τοὺς
3020 5438 3248 5508 ἐχθροὺς
3280 5437 3368 5492 διὰ
3414 5438 3514 5507 τῆς
3549 5440 3606 5490 ἐν
3641 5438 3872 5509 οὐρανῷ
3906 5438 3993 5492 τοῦ

751 5524 1143 5591 apparitionem
1187 5540 1201 5577 :
1260 5536 1311 5579 et
1374 5525 1599 5594 Magnus
1648 5530 1830 5580 statim
1882 5528 2206 5597 appellatur,
2261 5541 2306 5584 et

2416 5533 2650 5602 σταυροῦ
2696 5534 3019 5600 ἐμφανείας,
3063 5533 3157 5585 καὶ
3201 5533 3391 5599 Μέγας
3436 5532 3598 5596 εὐθὺς
3644 5535 3711 5603 τῇ
3752 5549 3817 5584 τε
3871 5533 3994 5602 περὶ

752 5626 969 5685 propter
1000 5615 1215 5683 pietatis
1252 5616 1705 5685 magnitudinem,
1744 5626 1799 5672 et
1835 5619 1888 5671 in
1924 5620 2107 5673 hostes
2140 5620 2314 5673 victo-

751 5710 905 5761 riam.
940 5705 1143 5759 Deinde
1175 5708 1335 5762 ctiam
1388 5723 1581 5778 magno
1612 5707 1766 5779 Regi,
1805 5717 1860 5760 et
1888 5713 2159 5764 communi
2198 5726 2313 5765 om-

754 5798 893 5851 nium
930 5797 1153 5852 Domino
1191 5799 1429 5855 victoria:
1466 5802 1698 5855 reddens
1740 5801 1961 5872 gratias,
2012 5802 2174 5857 mittit
2218 5818 2314 5871 per

2412 5626 2511 5693 τὴν
2562 5624 2846 5676 εὑσέὸειαν
2908 5624 3295 5693 μεγαλειότητι
3354 5624 3448 5677 καὶ
3492 5626 3559 5693 τῇ
3621 5626 3749 5675 κατ’
3813 5626 3988 5677 αὐτῶν

2412 5715 2556 5785 νίκῃ,
2594 5713 3092 5782 προσαγορεύεται,
3130 5709 3250 5766 εἶτα
3284 5717 3375 5766 καὶ
3404 5713 3479 5783 τῷ
3521 5714 3748 5784 μεγάλῳ
3779 5713 3997 5768 Βασιλεῖ

2413 5810 2506 5861 καὶ
2537 5807 2694 5875 κοινᾷ
2728 5806 2947 5859 πάντων
2976 5807 3223 5879 Δεσπότῃ
3257 5809 3487 5877 χάριτας
3528 5807 3626 5877 τῆς
3667 5807 3835 5878 νίκης
3875 5810 3995 5862 ἀπο-
