4136 6498
162 446 299 522 1161

1321 445 1427 504 MA
1442 440 1733 501 RTYIUM
1768 440 1830 498 S.
1874 437 2225 498 ABTEMII.

3288 433 3427 501 H62

159 564 369 626 διδοὺς,
400 560 653 630 δόγματα
679 560 789 622 τοῖς
826 556 932 626 πρὸ
965 558 1054 611 τοῦ
1090 554 1401 628 βασιλεῦσιν
1432 553 1741 622 ἀντίρῤοπα

1849 563 2039 604 omnes
2071 555 2256 617 partes
2291 544 2440 600 orbis
2476 555 2633 600 terra:
2666 545 2911 610 decreta,
2945 559 3065 614 qua:
3107 557 3268 601 erant
3298 561 3428 602 con-

164 659 267 725 τῆς
316 653 647 724 οἰκουμένης
694 650 969 719 πανταχοῦ
1022 650 1417 716 διαπέμπεται,
1463 644 1593 707 τοὺς
1640 643 1740 713 μὲν

162 746 272 800 τῶν
333 744 570 797 εἰδώλων
621 741 1004 811 καθαιρεῖσθαι
1051 740 1210 801 ναοὺς
1256 741 1349 792 καὶ
1414 736 1497 799 εἰς
1546 737 1741 802 ἔδαφος

162 834 671 910 καταστρέφεσθαι,
702 833 1174 903 ἀνοικοδομεῖσθαι
1213 831 1268 885 δὲ
1305 828 1471 883 πάλιν
1497 826 1586 879 ἐπ’
1619 826 1743 879 ὀνό-

164 944 298 996 ματι
329 923 565 994 Χριστοῦ
601 925 694 978 καὶ
733 924 841 976 τῶν
871 921 1033 975 αὑτοῦ
1077 921 1336 992 μαθητῶν
1383 920 1477 973 καὶ
1529 916 1741 987 μαρτύ-

163 1036 296 1088 ρων,
336 1019 522 1080 οῖκους
557 1017 878 1086 περιςανεῖς
910 1054 925 1077 ,
959 1014 1055 1068 καὶ
1100 1013 1164 1075 ἃς
1206 1011 1399 1082 πρώην
1428 1008 1742 1079 ,ἐκκλησίας

163 1112 214 1161 οί
234 1108 521 1172 δυσσεϐεῖς
549 1107 946 1177 κατέστρεψαν,
975 1105 1073 1175 τὴν
1109 1105 1386 1176 προτέραν
1415 1097 1573 1165 αὖθις
1606 1104 1743 1155 ἀπο-

161 1202 465 1267 λαμϐάνειν
493 1200 851 1270 εὐπρέπειαν.

234 1294 311 1349 B'.
343 1296 408 1348 Τί
448 1290 541 1349 οὖν
591 1294 619 1345 0
675 1295 789 1355 τοῖς
831 1293 1059 1360 ἀγαθοῖς
1095 1290 1405 1361 βασκαίνων
1445 1288 1739 1355 διάδολοςς

160 1390 265 1442 οῦκ
299 1386 541 1455 ἐνεγκὼν
568 1386 668 1457 τὴν
698 1384 973 1456 τοσαύτην
1004 1383 1331 1454 μεταϐολὴν.
1395 1381 1571 1444 ἄλλως
1602 1397 1659 1433 τε
1685 1379 1743 1432 δὲ

161 1483 259 1535 καὶ
296 1481 390 1533 τὸν
424 1482 553 1533 τότε
610 1479 926 1549 κρατοῦντα
973 1476 1150 1541 είδὼς,
1202 1477 1301 1546 οὐχ
1344 1471 1458 1529 οἷόν
1493 1491 1553 1527 τε
1600 1469 1744 1526 εἶναι

162 1576 299 1643 πρὸς
331 1574 434 1641 τὴν
479 1574 724 1643 ματαίαν
764 1571 926 1624 πάλιν
979 1571 1088 1622 τῶν
1147 1570 1384 1622 εἰδώλων
1445 1567 1745 1639 θρησκείαν

158 1666 504 1728 ἐπανελθεῖν,
535 1665 759 1719 ἄλλοθεν
792 1667 924 1735 ἡμῖν
951 1664 1155 1733 ἐγείρει
1192 1663 1282 1715 τὸν
1324 1661 1566 1729 πόλεμον
1592 1700 1605 1723 ,
1648 1658 1745 1713 καὶ

156 1765 221 1830 τῇ
256 1762 379 1812 κατ’
397 1759 803 1829 Ἀλεξάνδρειαν
846 1756 1141 1825 Ἐκκλησία
1166 1755 1257 1806 τὸν
1280 1752 1745 1821 δυσσεϐἧἊρειον

156 1849 517 1920 παρενείρας,
593 1851 687 1902 καὶ
746 1847 936 1915 ὥσπερ
998 1846 1216 1914 ὀργάνῳ
1277 1844 1385 1895 τινὶ
1449 1845 1515 1913 τῇ
1576 1840 1741 1894 αὑτοῦ

154 1945 374 2015 γλώττῃ
419 1946 795 2015 χρησάμενος,
841 1940 1049 2009 κτίσμα
1096 1939 1183 1992 τον
1219 1938 1312 2008 τοῦ
1350 1936 1487 1990 Θεοῦ
1531 1938 1740 2005 ἀνακη-

154 2040 374 2110 ρύττειν
406 2040 546 2101 Υίδν
577 2036 772 2105 τολμᾷ,
807 2033 902 2086 καὶ
943 2033 1043 2103 τῆς
1076 2032 1168 2084 τοῦ
1204 2030 1340 2085 Θεοῦ
1376 2032 1471 2084 καὶ
1530 2032 1743 2099 Πατρὶς

150 2133 341 2195 ούσίας
382 2128 741 2199 δογματίζειν
774 2126 1076 2197 ἀλλότριον.
1108 2126 1217 2195 Τῆς
1244 2126 1493 2194 πονηρᾶς
1524 2124 1579 2176 δὲ
1609 2124 1742 2179 ταύ-

155 2242 243 2293 της
280 2224 511 2291 Ἀρείου
557 2220 714 2291 δόξης
746 2218 1156 2288 ὃιαδονηθείσης
1183 2219 1244 2269 τὸ
1274 2218 1437 2287 τάχος
1468 2216 1564 2268 καὶ
1602 2218 1741 2269 ἀπο-

152 2316 508 2384 σὸεσθείσης,
538 2312 634 2365 ἵετε
667 2311 761 2366 τοῦ
796 2309 1055 2373 εὐσεϐοῦς
1090 2308 1362 2380 βασιλέως
1393 2310 1493 2379 τὴν
1535 2311 1593 2362 ἐν
1642 2307 1742 2362 Νι-

147 2409 282 2477 καίᾳ
316 2406 431 2460 τῶν
475 2406 640 2458 θείων
678 2405 942 2475 Πατέρων
978 2398 1460 2472 συγκροτήσαντος
1500 2401 1737 2464 σύνοδον,

150 2503 244 2553 καὶ
270 2500 440 2552 αὑτὸν
471 2499 575 2567 μὲν
607 2500 825 2566 Ἀρειον
869 2495 961 2549 τοῦ
995 2496 1100 2547 τῶν
1127 2496 1315 2565 ἱερέων
1337 2494 1742 2562 ἀπεληλακότος

152 2594 544 2662 συστήματος,
593 2590 683 2643 τὸν
725 2589 780 2642 δὲ
826 2588 1002 2657 ἁληθῆ
1043 2586 1174 2640 Θεὸν
1211 2586 1305 2639 καὶ
1345 2587 1551 2656 Κύριον
1582 2586 1741 2655 ἡμῶν

162 2684 372 2754 Ἰησοῦν
406 2682 650 2754 Χριστὸν
681 2680 967 2753 ὀμοούσιον
1018 2680 1094 2750 τῷ
1129 2680 1304 2750 Πατρὶ
1336 2678 1433 2731 καλ⁸
1468 2679 1740 2732 συναϊὸιον

149 2776 611 2845 ἀνακηρύξαντος
668 2775 743 2838 ὡς
800 2776 862 2827 τὸ
915 2774 1208 2843 πρότερον,
1269 2768 1425 2835 αὖθις
1480 2771 1509 2823 0
1548 2770 1740 2840 ἐχθρὸς

153 2866 396 2927 ελύσσα,
453 2864 554 2915 καὶ
600 2864 696 2931 τὴν
736 2863 1007 2933 προτέραν
1048 2860 1213 2914 αὑτοῦ
1254 2860 1554 2932 θρησκείαν
1596 2866 1743 2912 ἐπει-

153 2957 289 3026 pato
326 2954 493 3007 πάλιν
539 2953 901 3022 ἀνακινῆσαι,
962 2956 1057 3006 καὶ
1089 2954 1181 3005 τὸν
1210 2954 1379 3017 ἀξίως
1412 2954 1564 3023 αὐτῷ
1606 2952 1741 3022 πρὸς

152 3048 316 3099 τοῦτο
344 3046 767 3118 ὑπηρετήσοντα
831 3045 952 3099 λίαν
983 3045 1258 3114 ἐπιμελῶς
1289 3046 1592 3116 ἀνηρεύνα.
1632 3045 1740 3098 Τοῦ

152 3139 339 3191 τοίνυν
373 3138 614 3208 μεγάλου
654 3138 747 3190 καὶ
779 3134 998 3207 πρώτου
1038 3136 1386 3207 Χριστιανῶν
1448 3135 1739 3206 βασιλέως,

1846 641 2009 696 traria
2057 639 2296 694 decretis
2347 640 2589 709 priorum
2628 638 3062 707 imperatorum:
3106 654 3324 709 nempe.
3370 650 3429 697 ut

1845 731 2197 785 diruerentur
2234 730 2439 800 templa
2476 730 2766 790 idolorum,
2812 739 2867 783 et
2922 730 3168 785 funditus
3211 742 3429 787 everte-

1846 831 2080 878 rentur:
2117 822 2175 876 in
2213 822 2424 877 Christi
2456 832 2639 877 autem
2691 822 2917 877 nomine
2962 838 3151 878 rursus
3195 823 3429 879 adiﬁca-

1847 924 2058 979 rentur,
2097 924 2153 969 et
2183 916 2306 985 ejus
2336 914 2733 983 discipulorum
2764 924 2818 968 et
2849 926 3143 986 martyrum
3170 916 3316 970 aedes
3345 916 3430 970 in-

1845 1006 2051 1077 signes,
2088 1018 2146 1061 et
2176 1022 2314 1077 quas
2342 1011 2496 1077 prius
2524 1008 2675 1077 impii
2702 1017 3015 1061 everterant
3049 1009 3332 1075 ecclesias,
3352 1024 3431 1065 ea:

1846 1112 2040 1152 rursus
2080 1097 2323 1165 priorem
2356 1099 2609 1153 decorem
2641 1099 2969 1169 reciperent.

1919 1296 1987 1353 ll.
2014 1297 2157 1364 Quid
2188 1316 2341 1373 ergo.
2368 1303 2458 1371 qui
2480 1301 2637 1356 bonis
2668 1301 2893 1364 invidet,
2916 1302 3201 1357 diabolus?
3225 1304 3340 1358 Non
3355 1304 3432 1361 fe-

1846 1407 1974 1447 rens
2007 1402 2217 1447 tantam
2250 1396 2631 1459 mutationem,
2658 1407 2711 1449 et
2738 1396 2939 1464 alioqui
2965 1396 3144 1452 sciens
3180 1397 3292 1452 ﬁeri
3318 1415 3430 1453 non

1848 1500 2033 1554 posse,
2061 1494 2120 1539 ut
2149 1486 2240 1555 qui
2266 1496 2397 1541 tunc
2429 1488 2649 1542 tenebat
2674 1488 2989 1556 imperium,
3023 1487 3227 1543 rediret
3247 1491 3312 1544 ad
3340 1507 3432 1547 va-

1845 1571 1977 1631 num
2028 1579 2235 1633 cultrum
2269 1579 2709 1644 simulacrorum,
2746 1581 2969 1635 aliunde
3004 1581 3056 1635 in
3094 1597 3193 1635 nos
3226 1578 3426 1636 bellum

1846 1667 2047 1719 excitat
2073 1683 2087 1719 :
2118 1679 2172 1721 et
2204 1684 2327 1723 cum
2351 1669 2405 1723 in
2438 1670 2734 1724 Ecclesiam
2760 1671 3180 1725 Alexandrinam
3206 1671 3427 1742 impium

1846 1758 2038 1811 Arium
2076 1759 2410 1827 induxisset,
2447 1772 2500 1816 et
2537 1774 2789 1832 tanquam
2842 1766 3206 1818 instrumento
3250 1765 3432 1834 aliquo

1847 1850 1966 1918 ejus
1990 1851 2170 1922 lingua
2197 1862 2344 1906 esset
2378 1869 2529 1917 usus,
2563 1855 2728 1908 audet
2767 1856 3059 1923 pumicare
3085 1855 3179 1910 Dei
3227 1855 3429 1912 Filium

1846 1958 1971 1997 esse
2004 1954 2270 2008 creatum,
2303 1959 2357 1998 et
2386 1945 2639 2013 dogmate
2671 1955 2932 2011 statuere,
2978 1963 3103 2002 eum
3140 1964 3264 2003 csse
3295 1950 3430 2004 alie-

1847 2049 1976 2086 num
2010 2051 2040 2089 a
2079 2034 2168 2089 Dei
2203 2045 2259 2089 et
2286 2035 2463 2089 Patris
2499 2036 2759 2089 essentia.
2796 2036 2907 2091 Hae
2932 2048 3112 2092 autem
3144 2040 3281 2094 mala
3315 2042 3429 2095 Arii

1846 2124 2107 2193 Opinione
2131 2125 2241 2179 cito
2271 2125 2566 2189 exstincta,
2600 2135 2787 2196 utpote
2815 2128 2960 2197 quod
2986 2130 3107 2199 pius
3134 2129 3430 2200 imperator

1846 2215 2039 2270 Nicaeae
2068 2216 2377 2270 divinorum
2398 2216 2621 2271 Patrum
2648 2231 3034 2288 congregasset
3063 2224 3349 2291 synodum,
3373 2234 3428 2277 et

1846 2306 2024 2377 ipsum
2052 2308 2271 2378 quidem
2301 2309 2493 2363 Arium
2530 2311 2794 2365 movisset
2819 2326 2850 2366 e
2887 2322 3032 2367 cmtu
3058 2295 3425 2383 sacerdotum,

1846 2414 2034 2453 verum
2081 2410 2263 2454 autem
2315 2400 2483 2455 Deum
2532 2412 2586 2456 et
2618 2402 2911 2458 Dominum
2956 2416 3205 2460 nostrum
3239 2408 3425 2464 Jesum

1844 2491 2125 2547 Christum
2172 2493 2418 2562 ejusdem
2470 2509 2592 2548 esse
2660 2510 2783 2548 cum
2842 2496 3002 2550 Patre
3043 2502 3322 2564 essentne,
3373 2516 3431 2557 et

1847 2593 2204 2648 cowternum,
2229 2586 2369 2639 sicut
2397 2587 2550 2654 prius
2576 2588 2926 2656 praedicasset
2949 2630 2963 2654 ,
2998 2589 3255 2646 inimicus
3301 2610 3425 2647 rur-

1844 2691 1938 2731 sus
1988 2676 2138 2731 rabie
2171 2677 2501 2744 agitabatur,
2534 2687 2590 2732 et
2622 2679 2861 2747 priorem
2907 2694 3059 2735 suam
3105 2683 3421 2753 religionem

1844 2782 2036 2821 rursus
2065 2770 2370 2823 conabatur
2402 2785 2643 2834 movere,
2694 2780 2749 2825 et
2800 2772 2889 2840 qui
2928 2788 3026 2841 pro
3074 2773 3339 2843 dignitate
3375 2779 3426 2830 ei

1846 2855 1925 2909 rei
1970 2855 2285 2924 inserviret,
2320 2858 2611 2927 diligenter
2664 2861 2995 2929 inquirebat.
3027 2862 3161 2917 Cum
3201 2881 3426 2933 magnus

1845 2963 1975 3019 ergo
2005 2959 2059 3002 et
2092 2950 2306 3018 primus
2329 2951 2765 3008 Christianorum
2790 2956 3109 3023 imperator,
3144 2958 3231 3026 pie
3261 2958 3428 3012 simul

1843 3049 1897 3094 et
1930 3040 2156 3109 pulchre
2200 3042 2480 3097 tricesimo
2514 3046 2756 3098 secundo
2788 3061 2933 3099 anno
2965 3047 3048 3100 sui
3092 3048 3330 3116 imperii,
3370 3048 3425 3101 in

1844 3132 2125 3198 provincia
2152 3131 2534 3203 Bithynorum,
2570 3134 2788 3202 quando
2831 3134 3236 3203 expeditionem
3271 3136 3427 3189 ince-

156 3230 405 3293 εὐσεϐῶς
440 3247 501 3283 τε
528 3230 645 3301 ἅμα
675 3233 770 3284 καί
804 3230 986 3292 καλῶς
1021 3231 1161 3283 κατά
1195 3230 1256 3283 τὸ
1292 3229 1619 3299 τριακοστὸν
1645 3229 1738 3280 καὶ

1849 3223 1921 3290 pit
1948 3221 2130 3276 facere
2160 3235 2351 3277 contra
2382 3224 2596 3288 Persas,
2646 3226 2991 3295 deposuisset
3023 3228 3335 3297 imperium,
3368 3237 3425 3283 et

152 3322 412 3392 δεύτερον
467 3321 567 3390 τῆς
617 3323 794 3390 ἀρχῆς
848 3322 966 3380 ἔτος
1028 3322 1133 3372 ὑπὸ
1191 3322 1290 3390 τὴν
1340 3323 1449 3375 τῶν
1494 3321 1738 3377 Βιθυνῶν

154 3413 459 3481 ἐπαρχίαν,
512 3412 674 3481 ἡνίκα
724 3412 820 3480 τῆς
877 3410 1015 3479 πρὸς
1099 3411 1316 3480 Πέρσας
1384 3413 1738 3482 ἐκστρατείας

154 3506 464 3574 απηρχετο,
495 3504 597 3573 τὴν
628 3502 907 3573 βασιλείαν
937 3501 1302 3572 ἀποθεμένου,
1324 3505 1740 3559 Κωνσταντίνου

155 3616 216 3650 τε
260 3598 380 3666 μετ’
409 3598 576 3650 αὑτὸν
602 3595 697 3649 τοῦ
731 3597 945 3663 παιδὸς,
1000 3596 1099 3665 τὴν
1143 3596 1238 3650 τοῦ
1286 3602 1523 3669 πατέρος
1566 3599 1743 3667 ἀρχὴν

155 3691 579 3761 διαδεξαμένου,
612 3693 737 3744 ἐπεὶ
762 3691 818 3744 δὲ
841 3686 997 3755 οὗτος
1025 3692 1246 3744 ἀπέτισε
1274 3692 1332 3744 τὸ
1361 3692 1558 3763 χρεὼν,
1590 3692 1618 3742 0
1649 3691 1742 3744 τοῦ

157 3785 411 3854 μεγάλου
468 3785 885 3837 Κωνσταντίνου
945 3773 1263 3854 ἀδελφιδοῦς
1326 3785 1635 3851 Ἰουλιανὸς,
1687 3784 1745 3847 ὃς

159 3877 259 3926 καὶ
287 3873 642 3944 παραϐάτης,
679 3874 765 3927 διὰ
793 3873 892 3943 τὴν
934 3875 1029 3943 τῆς
1076 3876 1308 3946 ἀληθοῦς
1348 3877 1606 3946 ἀθέτησιν
1658 3877 1746 3929 πί-

160 3983 331 4027 στεως
387 3968 483 4019 καὶ
518 3968 655 4036 πρὸς
696 3966 758 4020 τὺ
803 3966 1120 4036 Ἑλληνικὸν
1176 3967 1341 4031 σέϐας
1416 3967 1742 4039 μετάθεσιν,

157 4059 390 4121 δικαίως
434 4058 682 4130 ἐκλήθη,
738 4059 1085 4129 τυραννικῶς
1128 4060 1237 4112 τῶν
1288 4064 1590 4133 σκήπτρων
1622 4064 1745 4114 ἐπι-

160 4149 533 4219 λαμὸἀνεται.
590 4151 940 4219 Ἀδελφιδοῦν
988 4150 1045 4203 δὲ
1119 4152 1283 4204 αὐτὸν
1334 4155 1745 4205 Κωνσταντίνου

154 4243 312 4297 εἶπεν
342 4248 369 4297 ὀ
401 4242 586 4310 λογος,
611 4244 740 4298 καθ’
792 4243 820 4293 ὃ
870 4244 929 4307 ἐξ
977 4242 1329 4312 ἐτερογενοῦς
1380 4244 1611 4311 ἀδελφοῦ
1650 4244 1746 4298 τοῦ

156 4338 546 4390 Κωνσταντίου
567 4337 835 4405 ἐτύγχανε
860 4335 1141 4405 γεννηθείς
1169 4349 1182 4364 ·
1204 4336 1295 4388 καί
1329 4337 1437 4409 γάρ
1456 4339 1516 4403 ἑξ
1532 4338 1749 4409 Ἑλένης

159 4429 261 4496 μὲν
294 4431 393 4499 τῆς
421 4426 643 4496 ἀληθῶς
675 4427 953 4497 μακαρίας
986 4428 1146 4493 αὐτὸς
1183 4430 1342 4497 μόνος
1397 4434 1425 4484 0
1465 4434 1753 4486 Κωνσταν-

162 4521 308 4583 τίνος
353 4522 659 4587 γεγέννητο
692 4519 769 4587 τῷ
798 4521 988 4587 πατρὶ,
1022 4521 1085 4572 ἐκ
1120 4519 1406 4591 Θεοδώρας
1447 4521 1505 4575 δὲ
1530 4526 1626 4592 τῇς
1657 4521 1750 4573 θυ-

156 4614 366 4684 γατρὸς
430 4610 788 4682 Μαξιμιανοῦ
839 4611 937 4663 τοῦ
1004 4614 1097 4664 καὶ
1166 4612 1529 4683 Ἐρκουλίου,
1598 4620 1744 4685 τρεῖς

159 4699 341 4771 οὗτοι,
374 4706 707 4774 Δαλμάτιος,
748 4702 1164 4767 ’Λναὸαλλιανὸς
1198 4706 1292 4757 καὶ
1344 4706 1747 4769 Κωνστάντιος.

174 4798 274 4850 Ἐκ
325 4796 716 4852 Κωνσταντίου
765 4795 821 4848 δὲ
850 4795 1072 4859 Γάλλος,
1118 4804 1210 4848 καί
1265 4802 1292 4851 ὁ
1354 4796 1547 4867 παρὼν
1596 4796 1749 4863 οὗτος

1844 3312 2210 3370 Constantius
2232 3315 2377 3370 ﬁlius
2409 3318 2579 3386 patris
2610 3319 2967 3372 successisset
2998 3321 3248 3387 imperio,
3276 3331 3425 3389 post-

1844 3422 2005 3473 quam
2060 3408 2106 3461 is
2138 3424 2358 3478 quoque
2394 3409 2627 3464 exsolvit
2653 3409 2917 3475 debitum,
2943 3411 3118 3479 ipsius
3165 3412 3424 3480 patruelis

1841 3495 2114 3559 Julianus.
2163 3498 2259 3567 qui
2303 3500 2465 3552 etiam
2503 3510 2896 3570 transgressor,
2945 3514 3231 3571 propterea
3281 3507 3425 3573 quod

1818 3597 2030 3668 _veram
2082 3588 2245 3643 iidem
2297 3598 2444 3644 esset
2476 3599 2821 3659 aspernatus,
2870 3599 2926 3644 et
2962 3606 3021 3643 se
3052 3593 3117 3643 ad
3170 3593 3424 3660 gentilem

1848 3679 2177 3733 traduxisset
2202 3682 2544 3751 religionem,
2572 3682 2699 3751 jure
2724 3683 2823 3735 l'uit
2851 3683 3176 3752 appellatus,
3211 3692 3425 3751 sceptra

1851 3772 2134 3842 tyranniee
2168 3773 2553 3842 apprehendit.
2586 3773 2887 3828 Consmntii
2915 3786 3095 3829 autem
3129 3779 3427 3845 patruelem

1850 3878 1973 3915 eum
2008 3864 2267 3928 diximus,
2325 3866 2585 3931 quoniam
2627 3875 2786 3919 natus
2838 3868 2940 3920 fuit
2992 3884 3057 3919 ex
3104 3868 3427 3925 Constantio

1848 3954 2198 4010 Constantini
2228 3956 2415 4021 fratre,
2456 3958 2658 4011 diversi
2714 3968 2893 4013 tamen
2943 3961 3177 4030 generis.
3211 3960 3426 4015 Etenim

1849 4066 1917 4104 ex
1954 4066 2083 4104 vere
2133 4050 2290 4105 beata
2328 4051 2529 4106 Helena
2562 4056 2682 4123 ipse
2720 4050 3116 4107 Constantinus
3147 4057 3296 4109 solus
3333 4073 3431 4110 na-

1851 4152 1940 4194 tus
1969 4149 2054 4193 est
2100 4142 2266 4210 patri.
2297 4143 2375 4196 Ex
2405 4143 2694 4198 Theodora
2738 4154 2926 4199 autem
2955 4147 3060 4200 lilia
3087 4134 3427 4214 Maximiani,

1851 4233 1941 4299 qui
1972 4232 2132 4286 etiam
2169 4233 2351 4287 dictus
2381 4243 2464 4287 est
2512 4235 2824 4299 Herculius,
2868 4236 2921 4288 hi
2973 4246 3084 4289 tres
3132 4240 3242 4292 nati
3280 4248 3428 4299 sunt,

1862 4320 2182 4387 Dalmatius,
2212 4326 2600 4381 Anaballianus
2647 4337 2699 4382 et
2749 4326 3119 4383 Constantius.
3161 4330 3327 4383 Porro
3363 4347 3429 4384 ex

1853 4416 2175 4471 Constantio
2205 4417 2409 4481 Gallus,
2439 4428 2493 4472 et
2540 4419 2608 4482 is,
2658 4420 2724 4473 de
2756 4435 2864 4489 quo
2906 4420 2957 4473 in
2995 4422 3280 4489 praesentia
3318 4423 3431 4493 agi-

1857 4520 1967 4572 tur,
1990 4507 2341 4572 turpissimus
2361 4509 2630 4563 Julianus.
2660 4511 2760 4574 Qui
2788 4511 3008 4578 quidem
3036 4529 3183 4577 cum,
3214 4522 3270 4566 ut
3295 4514 3433 4566 dixi-

1853 4614 1996 4663 mus,
2034 4614 2103 4651 ex
2141 4600 2425 4668 tyrannide
2458 4603 2759 4671 accepisset
2812 4604 3123 4671 imperium,
3179 4607 3435 4674 gravissi-

1854 4704 2001 4745 mum
2034 4706 2224 4745 rursus
2251 4692 2450 4746 bellum
2477 4695 2769 4759 excitatur,
2793 4704 2850 4748 et
2875 4711 3193 4764 gravissima
3219 4711 3430 4762 earum,

1853 4798 2083 4853 quarum
2121 4799 2357 4853 unquam
2392 4788 2483 4839 liat
2519 4788 2746 4850 mentio,
2784 4789 2959 4840 oritur
2992 4790 3322 4856 persecutio.

166 4883 451 4963 αἴσχιστος
506 4891 819 4953 Ἰουλιανός.
883 4884 959 4943 υἷι
1016 4906 1163 4949 τινος
1222 4890 1321 4959 τὴν
1377 4893 1672 4962 βασίλειον,
1724 4895 1798 4959 ὡς
1836 4898 2071 4967 ἔφημεν,
2106 4900 2169 4951 ἐκ
2223 4903 2540 4969 τυραννίδος
2594 4903 2880 4971 είληφότος
2946 4904 3145 4973 ἀρχὴν,
3199 4900 3354 4968 αὖθις
3406 4905 3435 4957 ὁ

165 4994 313 5046 κατὰ.
372 4987 718 5062 Χριστιανῶν
774 4988 1201 5057 ἀναρριπίζεται
1250 4988 1527 5059 πόλεμος,
1585 4992 1680 5044 καὶ
1730 4994 2037 5065 βαρύτατος
2085 4996 2195 5048 τῶν
2235 4994 2458 5049 πώποτε
2536 4998 3031 5069 μνημονευομένων
3091 5001 3432 5069 ἀνεγείρεται

162 5089 433 5155 διωγμὸς.

250 5182 328 5233 Γ.
370 5179 511 5231 Καθ’
540 5177 598 5229 δν
625 5176 726 5247 ἤδη
756 5175 948 5244 καιρὸν
989 5176 1084 5227 καὶ
1115 5177 1142 5228 0
1171 5176 1347 5247 μέγας
1386 5179 1481 5232 καὶ
1516 5195 1755 5250 neptem-

165 5280 268 5343 νὴς
302 5275 402 5344 τὴν
426 5270 729 5336 εὐσέϐειαν,
766 5272 793 5322 0
818 5270 981 5333 θεῖος,
1019 5272 1184 5339 φημὶ,
1225 5270 1509 5342 ’Δρτέμιος
1536 5276 1627 5327 τὸν
1663 5272 1758 5327 τοῦ

173 5367 490 5439 μαρτυρίου
528 5366 793 5433 στέφανον
822 5362 1144 5431 ἀνεδήσατο.
1188 5365 1398 5429 Διδάξει
1448 5366 1503 5418 δὲ
1556 5367 1760 5439 προῖὼν

167 5466 199 5516 0
230 5465 388 5529 λόγος
416 5460 768 5527 σαφέστερον.
814 5459 975 5525 Ἀρτι
1007 5456 1100 5508 τοῦ
1137 5459 1374 5526 μεγάλου
1417 5460 1763 5512 Κωνσταντί·

172 5572 270 5609 νου
313 5554 408 5626 τὸν
446 5552 562 5622 βίον
589 5550 955 5612 ἀπολιπόντος
981 5591 996 5614 ,
1039 5550 1112 5613 ὡς
1142 5553 1168 5601 0
1200 5549 1358 5617 λόγος
1393 5551 1608 5620 φθάσας
1642 5554 1762 5621 esi]-

171 5646 367 5709 λωσεν,
411 5647 489 5706 είς
540 5647 691 5715 τρεῖς
732 5642 902 5711 ἀρχὰς
954 5644 986 5709 ὴ
1036 5642 1142 5695 τῶν
1198 5640 1494 5712 Ῥωμαίων
1540 5644 1761 5708 ἐξουσία

172 5736 514 5807 διεμερίσθη,
542 5741 656 5792 τῶν
700 5735 832 5786 υίὼν
876 5732 1063 5799 αὐτοῦ,
1106 5734 1546 5800 Ιίωνσταντίνου,
1604 5739 1759 5787 Κων-

178 5829 423 5884 σταντίου
473 5844 526 5879 τε
584 5830 689 5887 καὶ
730 5826 1110 5889 Κώνσταντος,
1154 5825 1356 5890 ταύτας
1403 5826 1756 5897 διελομένων,

477 5922 768 5989 ΡΑῚἪΟΙ..
810 5924 925 5982 Ca.
957 5920 1125 5981 CXV.

1928 5182 2015 5236 Ill.
2057 5182 2178 5247 Quo
2208 5183 2429 5252 quidem
2461 5191 2708 5253 tempore
2738 5198 2963 5252 magnus
2986 5192 3043 5235 et
3068 5184 3268 5253 pietate
3300 5184 3435 5241 insi-

1858 5275 2000 5345 gnis,
2038 5276 2277 5336 divinus,
2307 5277 2555 5343 inquam,
2592 5276 2869 5330 Artemius
2916 5274 3020 5330 fuit
3063 5278 3309 5348 martyrii
3344 5294 3434 5332 co-

1861 5381 1994 5419 rona
2026 5366 2335 5420 redimitus.
2367 5366 2421 5419 Id
2451 5382 2580 5421 vero
2610 5367 2851 5435 apertius
2884 5367 3104 5421 docebit
3136 5368 3436 5436 procedens

1861 5460 2053 5513 oratio.
2085 5457 2220 5510 Cum
2249 5473 2477 5528 magnus
2502 5457 2903 5513 Constantinus
2926 5460 3035 5526 jam
3060 5474 3090 5512 e
3119 5460 3225 5511 vita
3251 5474 3439 5514 exces-

1864 5551 2046 5611 sisset,
2088 5557 2146 5601 ut
2176 5559 2263 5604 est
2290 5550 2659 5618 praemissum,
2697 5552 2749 5603 in
2800 5561 2906 5604 tres
2938 5560 3118 5617 partes
3171 5552 3271 5605 iuit
3302 5552 3438 5606 divi-

1866 5658 1982 5695 sum
2032 5641 2337 5696 Romanum
2388 5645 2701 5712 imperium,
2730 5659 2856 5697 cum
2889 5645 3005 5712 ejus
3039 5644 3131 5697 (iiii
3167 5645 3441 5698 Constan-

1868 5734 2037 5795 tinus,
2086 5730 2462 5796 Constantius,
2498 5743 2555 5786 et
2598 5732 2868 5785 Constans
2903 5732 2953 5784 id
2990 5731 3322 5786 divisissent.
3378 5736 3442 5788 Et

1870 5822 2059 5895 primo
2099 5827 2341 5893 quidem,
2415 5840 2612 5896 nempe
2677 5824 3059 5886 Constantino.
3132 5825 3444 5895 superiores

3049 5916 3116 5976 37
