4136 6476
744 415 881 478 1163

2014 415 2294 476 MENSIS
2323 415 2688 477 OCTOBER.

3859 417 3992 482 1164

743 522 948 584 Gallia,
980 529 1030 575 et
1066 537 1184 590 quae
1226 531 1354 576 sunt
1389 523 1526 577 ultra
1559 522 1738 593 Alpes,
1789 535 1843 580 et
1879 524 2065 579 insulre
2101 525 2314 578 Britan—

2419 529 2507 580 καὶ
2556 529 2636 598 τῷ
2690 530 2787 598 μὲν
2840 529 3042 601 πρώτῳ
3092 530 3490 602 Κωνσταντίνῳ
3523 533 3577 584 αἱ
3615 531 3732 584 ἄνω
3782 532 4001 584 Γαλλίαι

744 611 878 664 nica
930 627 1103 679 usque
1161 612 1224 666 ad
1276 610 1586 668 Occidentis
1640 613 1914 670 Oceanum
1979 618 2309 685 obtigerunt.

742 703 1029 757 Constanti
1066 713 1269 767 autem,
1304 714 1362 757 ut
1401 716 1698 774 postremo,
1732 706 1954 760 inferior
1989 707 2182 771 Callia,
2216 725 2308 762 seu

747 792 920 855 Italia,
957 803 1010 846 et
1053 792 1168 862 ipsa
1200 795 1392 848 Roma.
1425 795 1777 851 Constantius
1809 809 1990 852 autem
2041 800 2312 852 secundus

743 900 807 937 ex
837 884 960 938 ﬁliis
988 885 1351 951 Constantini,
1392 888 1486 956 qui
1522 898 1649 943 tunc
1679 890 1840 943 rebus
1869 901 2099 960 praeerat
2123 889 2313 945 Orien-

746 978 832 1040 tis,
884 978 1173 1032 decertans
1218 980 1476 1035 adversus
1539 981 1751 1047 Persas,
1813 993 2019 1051 partem
2076 982 2313 1037 Orientis

743 1070 957 1137 accipit,
991 1082 1041 1122 et
1080 1069 1420 1138 Byzantium,
1456 1072 1670 1127 nomine
1708 1083 1917 1126 mutato
1954 1073 2007 1126 in
2041 1072 2310 1127 Constan-

743 1163 1047 1231 tin0poliui,
1080 1173 1132 1216 et
1179 1179 1373 1217 novam
1412 1164 1661 1229 Romam,
1717 1165 1845 1218 facit
1893 1167 2131 1235 regiam;
2163 1165 2313 1219 etab

745 1255 952 1327 Illyrico
1002 1270 1170 1324 usque
1219 1256 1284 1308 ad
1333 1257 1720 1326 Propontidem
1779 1273 1996 1311 omnem
2059 1269 2312 1322 tractum,

741 1347 924 1398 Asiam
965 1345 1183 1411 deinde,
1235 1345 1576 1415 Syriamque,
1614 1360 1667 1401 et
1702 1349 2066 1414 Palaestinam,
2120 1360 2171 1402 et
2203 1347 2314 1402 Me—

741 1438 1120 1505 sOpotamiam,
1177 1448 1229 1491 et
1283 1438 1571 1509 Aigyptum
1623 1456 1923 1512 omnesque
1977 1443 2200 1506 insulas,
2266 1453 2317 1494 et

742 1545 1081 1598 quamcunque
1117 1528 1371 1585 Romanis
1424 1532 1709 1599 parebant,
1746 1533 2024 1603 vectigalia
2059 1549 2157 1587 suo
2191 1534 2314 1586 red-

743 1623 823 1673 dit
862 1623 1110 1689 imperio.
1161 1620 1382 1690 Magnus
1432 1632 1612 1675 autem
1661 1622 1959 1688 Artemius,
2002 1641 2124 1678 cum
2175 1635 2316 1679 esset

740 1713 896 1766 valde
948 1722 1111 1766 notus
1163 1712 1476 1782 imperatori
1520 1712 1860 1778 Constantio,
1905 1715 1956 1768 in
1996 1717 2142 1769 omni
2179 1721 2316 1770 tem-

745 1820 897 1874 pnre,
929 1817 979 1858 et
1013 1807 1158 1859 omni
1215 1807 1436 1876 negotio
1481 1817 1744 1876 perpetuo
1781 1824 1902 1862 cum
1942 1825 2006 1863 eo
2063 1809 2314 1864 versaba-

2416 621 2512 672 καὶ
2552 621 2623 673 τὰ
2653 620 2908 674 ἐπέκεινα
2953 622 3207 674 ’Ἄλπεων
3251 624 3311 675 αἴ
3344 640 3401 675 τε
3440 623 3780 692 Βρετανικαὶ
3816 623 3993 689 νῆσοι,

2415 712 2510 762 καὶ
2541 711 2643 773 ἕως
2683 712 2776 763 τοῦ
2824 711 3114 781 Ἐσπερίου
3159 712 3435 775 Ὠκεανοῦ,
3467 712 3672 782 κλῆρος
3705 712 3993 780 ἐδόθησαν,

2414 803 2491 872 τῷ
2521 803 2576 855 δέ
2603 820 2664 871 γε
2695 806 3065 874 Κωνσταντίῳ
3091 805 3381 857 ὑπεστάτω
3409 845 3422 867 ,
3466 807 3520 857 αἱ
3556 807 3708 859 κάτω
3747 806 3993 873 Γαλλίαι,

2417 896 2588 965 ἤγουν
2619 898 2672 947 at
2719 895 2939 948 Ἰταλίαι
2974 897 3069 947 καὶ
3107 896 3244 966 αὑτὴ
3281 899 3313 965 ἡ
3361 895 3570 964 Ῥώμη.
3623 896 3686 949 Ὀ
3737 897 3796 947 δὲ
3850 899 3998 950 Κων·

2419 985 2691 1049 στάντιος,
2745 988 2770 1037 ὁ
2820 986 3077 1053 δεύτερος
3114 988 3225 1039 τῶν
3269 988 3687 1041 Κωνσταντίνου
3747 989 3906 1047 υἱῶν,
3946 989 3997 1050 ὃς

2416 1071 2484 1145 ἦν
2517 1078 2611 1128 ἐπὶ
2644 1078 2753 1128 τῶν
2787 1079 2886 1143 τῆς
2924 1078 3096 1147 Ἐῴας
3125 1079 3185 1130 τό
3217 1096 3274 1130 τε
3312 1081 3662 1148 πραγμάτων
3702 1079 3846 1148 πρὸς
3878 1082 3994 1141 τοὺς

2417 1171 2634 1240 Πέρσας
2674 1172 3100 1238 ἀγωνιζόμενον,
3141 1171 3200 1223 τὸ
3223 1173 3321 1240 τῆς
3358 1172 3657 1242 Ἀνατολῆς
3688 1172 3996 1234 ἀσπάζεται

2421 1263 2609 1335 μέρος,
2656 1266 2752 1316 καὶ
2807 1263 2867 1317 τὸ
2925 1264 3222 1327 Βυζάντιον
3263 1264 3670 1332 μετονομασθὲν
3723 1264 3806 1325 είς
3853 1265 4001 1315 Κων-

2420 1354 2862 1406 σταντινοὺπολιν
2896 1358 2986 1406 καί
3016 1354 3400 1423 νέανῬὼμην,
3430 1357 3666 1406 ποιεῖται
3697 1353 3998 1423 βασίλειον,

2420 1446 2516 1498 καὶ
2552 1447 2618 1499 τὰ
2661 1448 2771 1498 ἀπὸ
2806 1446 2902 1499 τοῦ
2943 1448 3244 1516 Ἰλλυρικοῦ
3298 1448 3460 1516 μέχρι
3501 1448 3602 1515 τῆς
3640 1445 4004 1516 Προποντίδος

2418 1541 2593 1593 ὁπόσα
2631 1540 2851 1610 ὑπήκοα
2896 1540 3216 1609 Ῥωμαίοις,
3251 1542 3351 1609 τήν
3386 1559 3444 1593 τε
3479 1542 3689 1609 Συρίαν
3738 1542 3840 1591 καὶ
3902 1540 4002 1589 Πα-

2420 1631 2699 1702 λαιστίνην
2728 1632 2920 1701 αὑτὴν,
2954 1632 3048 1684 καὶ
3083 1633 3532 1698 Μεσοποταμίαν,
3573 1633 3670 1683 καὶ
3703 1631 3997 1695 Αἰγυπτον,

2421 1723 2634 1786 καὶτὰς
2667 1727 2866 1793 νήσους
2901 1724 3144 1786 ἁπάσας,
3176 1725 3240 1792 τῇ
3270 1721 3433 1774 αὑτοῦ
3470 1721 3723 1792 βασιλείᾳ
3766 1723 3863 1771 καὶ
3907 1738 3995 1772 πο-

2421 1812 2600 1884 λιτείᾳ
2626 1814 2866 1882 ὑποτελῆ
2897 1815 3244 1884 καθίστησιν.
3287 1813 3345 1864 '0
3373 1812 3429 1864 δὲ
3463 1813 3638 1883 μέγας
3685 1813 3992 1880 Ἀρτέμιος,

741 1908 847 1962 tur,
896 1910 952 1952 ut
986 1899 1076 1969 qui
1126 1910 1270 1952 esset
1310 1900 1518 1954 amicus
1567 1901 1826 1968 optimus,
1882 1910 1934 1955 et
1978 1917 2044 1955 ex
2096 1903 2187 1965 iis,
2219 1902 2310 1969 qui

2419 1909 2695 1978 γνώριμος
2743 1908 2816 1960 ὢν
2839 1910 2968 1961 ὲστὲι
2999 1909 3234 1978 μάλιστα
3259 1908 3337 1977 τῷ
3362 1907 3572 1976 βασιλεί
3608 1908 3999 1974 Κωνσταντίιει,

740 2004 894 2045 erant
927 1993 1126 2045 virtute
1180 2002 1233 2046 et
1265 1991 1512 2046 doctrina
1540 1993 1810 2062 insignes,
1853 2001 1908 2047 et
1943 1994 2137 2048 ardens
2163 2011 2312 2049 ama-

744 2095 826 2138 tor
856 2085 974 2138 ﬁdei
1011 2084 1476 2148 Christianorum,
1515 2101 1622 2154 quo
1654 2088 1878 2141 nomine
1909 2087 2027 2157 ejus
2059 2089 2313 2142 amicitiae

739 2186 795 2230 et
828 2175 1209 2230 familiaritatis
1239 2176 1633 2247 agnoscebatur
1668 2179 1828 2250 longe
1855 2181 2310 2235 studiosissimus.

738 2269 868 2337 Ejus
896 2278 1076 2322 autem
1125 2269 1356 2338 patriam
1390 2281 1445 2325 et
1478 2285 1648 2342 genus
1699 2286 1860 2326 nemo
1896 2273 2116 2342 scriptis
2150 2289 2310 2327 man-

740 2361 906 2424 davit,
943 2360 1045 2414 nisi
1082 2361 1225 2429 quod
1277 2371 1394 2416 erat
1444 2379 1638 2433 magno
1686 2374 1740 2418 et
1765 2365 1957 2418 illustri
2003 2365 2122 2419 loco
2154 2376 2313 2420 natus

746 2453 826 2506 vir
871 2452 1238 2517 beatissimus,
1273 2463 1324 2507 et
1364 2469 1429 2507 ex
1463 2453 1777 2511 hominibus
1811 2473 2007 2527 genere
2039 2459 2311 2513 nobilibus

742 2559 912 2616 genus
950 2544 1204 2610 ducebat,
1253 2545 1561 2616 virtuteque
1612 2558 1666 2603 et
1714 2550 2086 2621 magnitudine
2141 2555 2311 2605 animi

742 2645 858 2688 erat
888 2636 1132 2704 insignis.
1169 2635 1323 2690 Unde
1373 2639 1534 2693 etiam
1574 2641 1688 2694 haec
1718 2641 1786 2695 de
1818 2656 1884 2695 eo
1911 2644 2110 2712 scripta
2159 2655 2304 2709 sunt,

741 2728 882 2794 quod
920 2736 1228 2782 sanctarum
1267 2728 1618 2798 reliquiarum
1667 2732 1866 2786 Christi
1915 2735 2304 2804 apostolorum,

740 2820 992 2880 Andreae.
1025 2821 1266 2890 inquam,
1310 2832 1366 2877 et
1409 2822 1584 2888 Lucae,
1616 2832 1672 2879 et
1704 2823 1999 2891 Timothei,
2049 2828 2165 2896 ipse
2207 2838 2309 2893 est,

741 2910 835 2979 qui
896 2927 923 2963 a
978 2911 1296 2969 Constantio
1337 2916 1523 2986 jussus
1587 2917 1689 2972 fuit
1749 2919 1926 2972 facere
1984 2920 2314 2984 exportatio-

742 3016 865 3057 uem
897 3002 996 3073 (1),
1034 3014 1089 3058 ut
1122 3021 1222 3059 suo
1252 3016 1495 3076 tempore
1525 3009 1856 3080 signiﬁcabit
1882 3010 2076 3064 oratio.

2417 2003 2580 2070 συνῆν
2635 2002 2812 2071 τούτῳ
2861 2003 3155 2064 διαπαντὸς
3221 2005 3278 2054 ἐν
3337 2004 3496 2056 παντὶ
3548 2001 3734 2068 καιρῷ
3793 2018 3856 2052 τε
3914 2002 4002 2052 καὶ

2421 2093 2732 2162 πράγματι,
2780 2094 2875 2145 ἆτε
2918 2093 3013 2145 καὶ
3047 2093 3199 2160 φίλος
3231 2092 3306 2144 ὢν
3345 2093 3592 2163 ἄριστος,
3639 2093 3735 2143 καὶ
3776 2091 3890 2142 τῶν
3923 2088 3999 2139 ἐπ’

2415 2188 2588 2255 ἀρετῇ
2645 2188 2742 2237 καὶ
2797 2184 3019 2254 παιδείᾳ
3071 2185 3546 2254 λαμπρυνομένων
3593 2187 3692 2236 καὶ
3734 2186 3835 2253 τῆς
3873 2184 3999 2250 X5».-

2416 2278 2652 2329 στιανών
2681 2277 2916 2335 πίστεως
2950 2276 3212 2345 διάπυρος
3245 2279 3501 2347 ἐραστής.
3538 2277 3627 2347 Τῷ
3654 2295 3741 2329 τοι
3785 2277 3882 2328 καὶ
3911 2279 4000 2342 τῆς

2422 2375 2551 2442 περὶ
2594 2375 2757 2427 αὑτὸν
2802 2375 3052 2442 ἑταιρίας
3100 2373 3200 2425 εἴτ’
3243 2372 3338 2426 οὖν
3396 2373 3613 2441 φιλίας,
3657 2374 3997 2440 σπουδαστὴς

2417 2467 2820 2536 ἀκριϐέστατος
2892 2466 3273 2538 ἐγνωρίζετο,
3351 2467 3612 2536 πατρίδος
3668 2465 3727 2516 δὲ
3816 2464 3999 2516 τούτου

2421 2561 2647 2631 μνήμην
2686 2561 2783 2613 καὶ
2819 2561 2978 2626 γένος
3037 2561 3214 2622 οὐδεὶς
3240 2559 3595 2628 ἀνάγραπτον
3621 2557 4000 2627 παραδέδωνε,

2417 2653 2557 2724 πλὴν
2595 2654 2824 2707 ὅτιτῶν
2877 2652 3224 2720 εὐπατριδῶν
3282 2651 3376 2703 καὶ
3431 2650 3689 2717 μεγάλων
3754 2647 4002 2715 ὑπῆρχεν

2415 2749 2442 2798 ὁ
2470 2747 2945 2814 τρισμακάριστος
2969 2784 2984 2809 ,
3025 2743 3083 2806 ἐξ
3114 2743 3354 2811 εὐγενῶν
3395 2757 3454 2793 τε
3489 2741 3546 2793 τὸ
3603 2737 3766 2808 γένος
3813 2740 3999 2800 ἕλκων,

2420 2836 2516 2889 καὶ
2547 2836 2646 2905 τὴν
2674 2835 2932 2904 ἀνδρείαν
2968 2835 3362 2906 περίϐλεπτος,
3386 2832 3444 2898 ἐξ
3465 2828 3539 2887 ὧν
3569 2833 3666 2887 καὶ
3715 2834 3847 2886 τάδε
3882 2833 4002 2899 περὶ

2424 2928 2592 2981 αὑτοῦ
2630 2929 3078 2998 ἀναγέγραπται,
3121 2930 3203 2982 ὅτι
3236 2929 3344 2981 τῶν
3379 2929 3552 2996 ἁγίων
3593 2926 3873 2995 λειψάνων
3902 2925 4002 2974 τῶν

2417 3019 2510 3073 τοῦ
2539 3020 2778 3090 Χριστοῦ
2830 3022 3192 3086 Ἀποστόλων,
3232 3021 3482 3089 Ἀνδρέου
3515 3020 3662 3088 φημί
3700 3019 3799 3068 καὶ
3828 3017 4004 3071 Acuti

744 3100 838 3152 καὶ
884 3098 1176 3168 Τιμοθέου.
1229 3100 1394 3161 αὑτός
1445 3103 1597 3154 ἐστιν
1634 3105 1662 3157 ὁ
1697 3103 1797 3175 τὴν
1841 3105 2177 3177 ἀνακομιδὴν
2228 3107 2332 3164 ὑπὸ
2390 3114 2779 3167 Κωνσταντίου
2827 3113 3163 3181 ποιήσασθαι
3217 3112 3553 3175 κελευσθεὶς,
3586 3109 3663 3173 ὡς
3697 3111 3844 3162 κατὰ
3888 3129 4002 3161 και·

745 3194 835 3269 ρδν
874 3195 900 3244 ὁ
933 3192 1091 3258 λόγος
1112 3193 1394 3263 γνωρίσει.

813 3280 902 3335 ιν.
944 3283 1078 3337 Cum
1113 3299 1238 3354 ergo
1266 3297 1450 3341 essent
1481 3298 1590 3345 tres
1621 3296 1995 3362 imperatores,
2030 3309 2090 3354 ut
2113 3299 2314 3354 dictum

2492 3293 2565 3352 A'.
2620 3295 2709 3358 Ὠς
2748 3292 2840 3350 οὖν
2864 3297 3106 3368 εἴρηται,
3156 3297 3266 3349 τῶν
3301 3297 3567 3368 βασιλέων
3605 3300 3781 3370 τριῶν
3809 3318 4002 3370 τυγχα-

745 3375 843 3436 est,
879 3383 933 3429 et
962 3376 1335 3444 unusquisque
1357 3393 1545 3432 eorum
1574 3396 1686 3436 sua:
1716 3385 1882 3453 partis
1910 3396 2115 3445 teneret
2144 3390 2320 3462 impe-

745 3467 904 3529 rium,
939 3466 1147 3535 primus
1169 3465 1562 3526 Constantinus
1588 3488 1617 3527 a
1642 3489 1738 3529 sua
1770 3488 1922 3546 parte
1953 3480 2240 3538 discedens
2265 3494 2318 3539 et

745 3559 915 3612 ultimi
953 3558 1154 3625 fratris,
1188 3577 1309 3631 qua:
1338 3565 1385 3617 ei
1431 3566 1724 3635 obtigerat,
1774 3579 1982 3637 partem
2022 3575 2315 3639 invadens,

744 3666 866 3704 cum
911 3651 1000 3706 ille
1056 3651 1283 3707 Romam
1332 3664 1477 3708 esset
1545 3659 1844 3729 profectus,
1904 3678 2191 3735 aggressus
2236 3679 2318 3724 est

744 3741 997 3808 quiddam
1026 3744 1286 3813 injustum
1316 3746 1498 3802 facere
1527 3761 1714 3806 contra
1752 3753 1997 3818 fratrem,
2031 3759 2318 3829 ipsumque

743 3833 1022 3888 absentem
1068 3844 1152 3890 est
1200 3837 1546 3905 criminatus,
1596 3844 1738 3910 quod
1786 3861 1871 3901 res
1923 3863 2032 3902 non
2089 3849 2318 3905 fuissent

746 3936 896 3980 recto
923 3927 1128 3988 divisae,
1167 3938 1220 3981 et
1246 3931 1393 3997 quod
1427 3933 1662 4001 imperii,
1693 3937 1836 4002 quod
1868 3939 1933 3990 ad
1983 3939 2156 4006 ipsqu
2193 3957 2314 4009 per-

749 4013 973 4078 tinebat,
1001 4031 1247 4086 magnam
1276 4027 1484 4087 partem
1513 4019 1680 4073 frater
1706 4033 2040 4092 usurpasset.
2061 4025 2318 4096 Regionis

745 4105 924 4153 autem
973 4103 1139 4156 duces
1186 4115 1241 4156 et
1295 4106 1570 4168 custodes.
1628 4125 1762 4179 quos
1808 4111 2076 4168 Constans
2111 4117 2314 4169 consti-

751 4202 947 4256 tuerat,
981 4195 1234 4250 dixerunt
1260 4211 1318 4252 se
1351 4199 1482 4252 citra
1508 4200 1647 4256 illius
1682 4204 2009 4259 sententiam
2046 4215 2100 4261 et
2127 4205 2316 4261 Volun-

749 4291 914 4337 tatem
948 4285 1081 4339 nihil
1122 4302 1281 4356 posse
1313 4292 1537 4344 omnino
1573 4306 1832 4348 movere:
1865 4305 2009 4349 esset
2035 4297 2179 4349 enim
2213 4298 2316 4350 im-

747 4375 915 4443 pium.
945 4375 1036 4430 lllc
1060 4387 1240 4430 autem
1268 4392 1326 4432 se
1350 4379 1531 4434 statim
1558 4389 1713 4451 parat
1739 4383 1805 4438 ad
1836 4383 2060 4447 bellum,
2094 4395 2148 4439 et
2168 4401 2315 4439 arma

748 4474 930 4517 movet
965 4463 1226 4522 adversus
1257 4482 1406 4532 eum,
1439 4473 1529 4536 qui
1564 4471 1764 4526 nullam
1795 4472 2002 4528 fecerat
2033 4474 2313 4544 injuriam.

745 4553 901 4609 Cadit
931 4554 1112 4625 itaque
1137 4558 1530 4616 Constantinus
1563 4564 1618 4616 in
1650 4565 1788 4618 bello
1819 4581 2084 4635 pugnans,
2112 4576 2166 4620 et
2190 4585 2313 4637 par-

2423 3385 2648 3450 νόντων,
2681 3389 2776 3440 καὶ
2823 3389 2922 3458 τῆς
2966 3388 3133 3442 αὑτοῦ
3173 3390 3371 3459 μοίρας
3409 3391 3646 3444 ἑκάστου
3697 3395 3886 3446 αὑτῶν
3925 3396 4012 3462 βα-

2423 3479 2733 3540 σιλεύοντος
2763 3517 2776 3540 ,
2831 3483 2858 3532 ὁ
2911 3483 3133 3548 πρῶτος
3183 3482 3366 3534 αὑτῶν
3417 3485 3853 3551 Κωνσταντῖνος
3916 3492 4004 3554 τῆς

2420 3570 2630 3632 οἰκείας
2698 3570 2916 3640 μερίδος
2976 3573 3324 3635 ἀπαναστὰς,
3393 3575 3489 3626 καὶ
3557 3579 3703 3644 πρὸς
3762 3582 3870 3648 τὴν
3915 3582 4003 3634 τοῦ

2421 3660 2652 3728 ἐσχάτου
2711 3659 2945 3729 ἁδελφοῦ
2998 3662 3356 3734 κληροδοσίαν
3405 3667 3756 3734 ἐπανελθὼν,
3802 3671 4003 3724 ἐκείνου

2421 3751 2558 3820 πρὸς
2593 3751 2690 3822 τὴν
2727 3752 2945 3824 Ῥώμην
2982 3757 3462 3826 ἀποδημήσαντος,
3495 3759 3782 3832 ἐπεχείρει
3823 3779 3877 3814 τι
3908 3764 4004 3816 τῶν

2419 3846 2623 3900 ἀδίκων
2657 3848 2799 3900 κατὰ
2830 3848 2922 3900 τοῦ
2951 3848 3187 3918 ἀδελφοῦ
3223 3851 3661 3921 διαπράξασθαι,
3706 3856 3809 3909 καὶ
3855 3858 4006 3910 αὑτδν

2419 3939 2478 3989 οὑ
2511 3940 2756 4006 παρόντα
2784 3938 3083 4000 διέϐαλλεν,
3113 3942 3185 4004 ὡς
3209 3943 3270 3993 οὑ
3299 3943 3476 4005 καλῶς
3509 3943 3619 3995 τῶν
3654 3952 4005 4018 πραγμάτων

2419 4027 2903 4097 διανεμηθέντων,
2944 4034 3037 4081 καὶ
3067 4031 3147 4082 ὅτι
3194 4032 3446 4084 πλεῖστον
3496 4035 3669 4102 μέρος
3715 4039 3823 4106 τῆς
3869 4042 4003 4110 αὐτῷ

2421 4121 2808 4190 προσηκούσης
2837 4121 3011 4191 ἀρχῆς
3047 4122 3462 4192 ἐσφετερίσατο.
3493 4125 3557 4176 Οί
3588 4125 3646 4177 δὲ
3677 4128 3781 4196 τῆς
3832 4131 4004 4200 χώρας

2420 4213 2719 4282 στρατηγοί
2752 4229 2810 4266 τε
2837 4214 2930 4265 καὶ
2963 4211 3202 4281 φύλακες
3226 4256 3240 4279 ,
3288 4213 3380 4276 οὓς
3426 4217 3453 4269 ὁ
3489 4215 3759 4280 Κώνστας
3803 4221 4001 4291 ἐχειρο-

2417 4302 2662 4370 τόνησεν,
2692 4303 2792 4355 οὑκ
2823 4301 3030 4371 ἔφασαν
3060 4303 3233 4372 χωρὶς
3279 4305 3376 4373 τῆς
3416 4304 3629 4360 ἐκείνου
3668 4307 3904 4380 γνώμης
3951 4327 4001 4361 τε

2421 4394 2514 4444 καὶ
2557 4392 2758 4459 βουλῆς
2783 4393 3049 4446 δύνασθαί
3081 4412 3134 4446 τι
3175 4396 3373 4466 μικρὸν
3407 4398 3439 4465 ἦ
3477 4399 3620 4465 μέγα
3662 4405 4000 4465 μετακινεῖν.

2419 4483 2633 4536 ἀνόσιον
2664 4482 2795 4552 γάρ,
2831 4484 2858 4535 ὁ
2889 4483 2945 4535 δὲ
2985 4485 3188 4538 αὐτίκα
3227 4487 3364 4555 πρὸς
3395 4487 3637 4555 πόλεμον
3682 4492 3999 4556 ἀποδύεται,

2420 4579 2514 4629 καὶ
2545 4575 2685 4628 ὅπλα
2728 4578 2870 4630 κινεῖ
2908 4577 3049 4632 κατὰ
3084 4576 3177 4631 τοῦ
3212 4579 3375 4649 μηδὲν
3397 4579 3787 4649 ἀδικήσαντος.
3816 4585 4002 4637 "inter

748 4655 854 4700 t—em
910 4649 1146 4704 alienam
1200 4653 1450 4720 cupiens,
1512 4669 1630 4708 eam
1681 4658 1842 4710 etiam
1897 4659 2096 4722 amisit,
2153 4675 2314 4728 quam

2424 4667 2597 4719 τοίνυν
2629 4659 2787 4731 οὗτος
2808 4671 2835 4721 ὁ
2860 4644 3364 4734 Κωνσταντίνοςῄὲκ
3399 4668 3475 4741 τῷ
3502 4644 4005 4745 πολέμῳμαχόμε-

741 4737 886 4804 juste
926 4737 1206 4794 videbatur
1265 4752 1470 4799 tenere.
1525 4743 1682 4798 Unde
1718 4747 1882 4801 etiam
1920 4749 2038 4817 ejus
2089 4751 2320 4820 populus

745 4827 928 4882 deﬁcit
958 4829 1023 4884 ad
1050 4829 1426 4899 Constantem,
1458 4844 1510 4889 et
1546 4835 1598 4887 in
1629 4837 1772 4890 illius
1799 4840 2057 4909 redigitur
2085 4851 2321 4909 potesta-

748 4930 856 4971 tem
888 4919 1171 4990 imperium
1205 4921 1534 4989 Occidentis,
1583 4943 1703 4981 cum
1743 4929 1809 4983 ad
1858 4929 1908 4984 id
1956 4931 2164 4983 nullum
2201 4941 2316 4986 stu-

745 5011 892 5066 dium
925 5014 1212 5082 posuisset,
1264 5016 1407 5069 Deus
1439 5034 1569 5071 vero
1603 5020 1657 5072 in
1686 5021 1834 5088 justa
1867 5031 2067 5076 statera
2098 5023 2316 5077 univer-

745 5118 862 5155 sum
901 5105 1246 5172 judicasset:
1285 5108 1376 5176 qui
1425 5109 1588 5164 etiam
1642 5126 1751 5166 non
1806 5127 2021 5166 movere
2062 5114 2322 5169 terminos

747 5203 982 5262 patrum,
1034 5212 1212 5268 neque
1248 5199 1313 5252 dc
1366 5201 1516 5256 sulco
1550 5204 1837 5274 propinqui
1894 5203 2097 5273 aliquid
2138 5207 2321 5258 detra-

750 5291 874 5338 here
924 5287 1029 5341 lata
1059 5290 1172 5359 lege
1220 5293 1387 5345 semel
1420 5294 1723 5359 constituit,
1762 5309 1850 5359 ne,
1901 5296 2027 5348 dum
2078 5295 2325 5364 improbe

749 5395 805 5432 se
838 5382 973 5450 gerit
1025 5384 1147 5451 quis
1183 5385 1232 5436 in
1272 5385 1659 5454 propinquum,
1698 5385 2017 5456 imprudens
2047 5388 2197 5456 justa
2230 5387 2323 5442 Dei

751 5471 826 5523 ira
857 5475 1266 5530 condemnetur.
1304 5474 1522 5530 Obtinet
1571 5492 1697 5546 ergo
1727 5479 1996 5533 Constans
2043 5481 2326 5549 imperium

2419 4775 2528 4821 vo;,
2561 4759 2786 4828 καὶτῆς
2828 4760 3046 4827 μερίδος
3090 4761 3198 4814 τῶν
3243 4763 3542 4832 ἀλλοτρίων
3569 4765 3868 4836 ἐπιθυμῶν
3910 4785 4002 4819 και

2418 4851 2572 4900 κεῖνα
2621 4841 2696 4901 ὧν
2755 4849 2930 4902 ἐδόκει
2982 4850 3217 4920 βεϐαίως
3266 4857 3512 4922 κρατεῖν,
3541 4859 3996 4924 προσαπώλεσεν.

2430 4938 2611 4990 Ἐνθεν
2641 4955 2722 4991 τοι
2772 4941 2865 4992 καὶ
2896 4942 2923 4993 ὁ
2949 4941 3138 4994 τούτου
3184 4942 3308 5005 λαὸς
3361 4944 3519 5006 εὐθὺς
3549 4946 3848 5015 ἀποκρίνει
3877 4952 4005 5019 πρὸς

2417 5028 2770 5094 Κώνσταντα,
2821 5032 2912 5084 καὶ
2957 5032 3166 5098 γίνεται
3213 5035 3373 5104 ήτῆς
3409 5035 3682 5127 Ἐσπέρας
3733 5041 3885 5110 ἀρχὴ
3925 5038 4004 5091 ὑπ’

2421 5119 2637 5188 ἐκείνῳ,
2677 5121 2844 5188 μηδὲν
2874 5124 3001 5192 περὶ
3039 5124 3243 5194 ταύτης
3286 5119 3674 5189 σπουδάσαντι,
3719 5129 3818 5181 τοῦ
3872 5129 3998 5183 Θεοῦ

2421 5210 2478 5261 δὲ
2511 5209 2570 5260 τὸ
2594 5210 2702 5261 πᾶν
2744 5212 2801 5263 ἐν
2836 5214 3062 5284 σταθμῷ
3096 5216 3293 5286 δικαίῳ
3325 5216 3672 5284 δικάσαντος,
3707 5221 3768 5282 δ;
3811 5225 3911 5274 καὶ
3938 5223 4001 5290 μὴ

2424 5303 2594 5353 κινεῖν
2618 5301 2743 5371 ὅρια
2769 5304 3042 5373 πατέρων,
3078 5307 3152 5379 μὴ
3174 5307 3230 5360 δὲ
3257 5308 3355 5376 τῆς
3382 5309 3474 5362 τοῦ
3502 5309 3735 5379 πλησίον
3767 5311 4003 5372 αὕλακός

2425 5412 2478 5446 τι
2547 5397 2851 5465 παρασπᾷν
2923 5397 3073 5463 ἅπαξ
3140 5401 3600 5470 νενομοθέτηκεν,
3663 5403 3755 5458 ἵνα
3819 5406 3903 5475 μὴ
3942 5405 4005 5471 τῷ

2442 5485 2665 5553 πλησίον
2714 5489 3170 5558 πονηρευόμενος,
3230 5491 3408 5561 ἑαυτῷ
3467 5492 3605 5563 λάσῃ
3662 5496 3766 5564 τὴν
3795 5496 4003 5549 δικαίαν

819 5717 1248 5808 (lj‘Vitllelvitain
1278 5725 1334 5776 S.
1374 5723 1528 5780 Lucae
1557 5738 1622 5779 ex
1668 5722 2031 5794 Metaphraste
2087 5727 2151 5802 ad
2193 5724 2253 5783 18
2290 5723 2508 5798 Octob.,
2552 5745 2670 5800 cap.
2709 5731 2782 5800 3;
2819 5730 3047 5803 Niceph.
3082 5735 3175 5791 lib.
3213 5751 3242 5789 χ
3282 5735 3449 5802 Hist,
3483 5750 3605 5808 cap.
3660 5738 3718 5793 ll
3752 5755 3767 5805 ;
3811 5741 4000 5799 Baran.

750 5795 805 5848 in
837 5801 942 5845 not.
980 5792 1204 5845 ibidem.
