4136 6484
195 434 331 502 1165

1325 447 1799 511 MARTYRIUM
1844 455 1905 515 S.
1955 457 2214 519 ARTEM
2228 461 2285 519 Il

3324 471 3460 536 1166

185 544 360 618 ὀργὴν
390 546 925 619 καταψηφιζόμενος.
947 552 1233 606 Βασιλεύει
1253 555 1433 608 τοίνυν
1458 558 1487 608 6
1511 558 1741 611 Κώνστα

1844 590 1850 614 ι
1886 565 2051 621 totius
2071 566 2409 637 Occidentis,
2442 574 2577 631 duas
2610 587 2792 647 partes
2820 580 2875 633 in
2910 594 3068 634 unam
3102 581 3458 652 coniungens.

187 632 277 699 ἐφ’
309 632 441 702 ὅλης
485 639 583 705 τῆς
612 638 869 708 ἑσπερίου
900 641 1074 710 ἀρχῆς
1096 681 1111 706 ,
1150 643 1247 705 τὰς
1278 643 1373 696 δύο
1403 644 1769 714 κληροδοσίας

183 726 266 785 εἰς
327 724 386 776 ἓν
448 728 714 797 συνάψας,
765 731 858 783 καὶ
919 733 1049 801 μίαν
1101 733 1279 803 ἀρχὴν
1331 736 1621 806 ἀμφότερα
1678 738 1767 789 θέ-

186 831 367 883 μενος.

254 904 330 959 E'.
373 910 449 961 Οὐ
489 910 655 975 πολὺς
694 912 818 983 ἐνῆν
862 913 1082 985 καιρὸς,
1133 916 1226 969 καὶ
1291 919 1319 970 6
1368 917 1630 980 Κώνστσς
1682 920 1762 983 εἰς

183 997 411 1067 κώμους
480 1003 577 1055 καὶ
630 1003 801 1073 μέθας
858 1007 1254 1072 ὲναποκλίνας,
1306 1008 1400 1061 καὶ
1437 1008 1761 1073 ἀλλοκότους

182 1087 418 1158 ἔρωτας,
458 1094 716 1163 ῥᾳθύμως
742 1095 843 1166 τὴν
873 1097 1003 1168 ὃλην
1044 1098 1221 1169 ἀρχὴν
1236 1098 1571 1163 διεπέττευε,
1625 1116 1757 1155 τοσ-

178 1181 339 1235 οῦτον
391 1183 667 1253 βασιλείας
700 1187 930 1255 μέγεθος
961 1189 1372 1261 ἐξορχούμενος.
1410 1190 1760 1245 Ἐπιϐουλεύ-

178 1290 301 1327 εται
330 1275 622 1346 τοιγαροῦν
647 1277 743 1329 καὶ
760 1279 921 1342 αὐτὸς
954 1296 1028 1332 πα
1039 1282 1251 1349 ράτινος
1272 1282 1379 1337 τῶν
1406 1282 1754 1350 στρατηγῶν,

182 1365 410 1434 ὀνόματι
436 1366 800 1434 Μαγνεντίου,
832 1372 926 1422 καὶ
962 1371 1102 1439 μετὰ
1130 1373 1228 1442 τῆς
1280 1373 1559 1442 βασιλείας
1588 1392 1757 1445 προσ-

177 1456 482 1510 απόλλυσιν
516 1460 611 1510 καὶ
640 1458 698 1511 τὸ
729 1458 851 1530 ζῇν.
888 1461 1091 1515 Τούτου
1112 1464 1394 1529 πεσόντος,
1428 1469 1619 1536 κρατεῖ
1654 1467 1755 1535 τῆς

173 1548 351 1617 ἀρχῆς
377 1550 405 1601 6
436 1544 800 1619 Μαγνὲντιος,
840 1554 961 1623 μεθ’
1002 1551 1064 1610 οὗ
1105 1556 1205 1627 τῆς
1252 1559 1570 1628 τυραννίδος
1632 1578 1756 1615 συν-

178 1641 516 1695 επελάϐοντο
594 1645 946 1710 Νεπωτιανὸς
995 1651 1088 1702 καὶ
1149 1650 1506 1721 Βρεττανίων.
1570 1653 1753 1708 Ταῦτα

174 1729 366 1798 μαθὼν
396 1735 424 1786 6
457 1734 836 1799 Κωνστάντιος
867 1739 931 1790 ἐκ
958 1739 1067 1792 τῶν
1094 1739 1195 1809 τῆς
1223 1740 1459 1810 ἀδελφῆς
1488 1745 1753 1813 γραμμαὶ.

173 1839 305 1884 των,
370 1826 591 1893 ἀπάρας
643 1828 707 1880 ἐκ
768 1829 869 1897 τῆς
936 1832 1251 1903 Ἀνατολῆς,
1310 1835 1399 1887 καὶ
1458 1836 1594 1906 πρὸς
1650 1838 1750 1908 τὴν

1876 664 1930 707 et
1962 670 2025 709 ex
2062 661 2333 728 ambobus
2361 680 2528 720 unum
2565 666 2770 724 faciens
2797 671 3105 741 imperium.

1943 921 2007 972 ν.
2049 922 2168 977 Non
2200 928 2432 982 multum
2463 922 2769 991 intercessit
2803 941 3083 1009 temporis,
3110 952 3165 996 et
3188 941 3457 998 Constans

1871 1012 1936 1063 ad
1971 1021 2406 1074 comessationes
2436 1022 2717 1081 declinans
2744 1037 2799 1083 et
2824 1030 3136 1097 ebrietates,
3170 1043 3221 1086 et
3248 1035 3454 1089 alienos

1870 1112 2108 1161 amores,
2150 1107 2392 1175 segniter
2431 1111 2741 1167 universum
2765 1119 2986 1185 gerebat
3019 1119 3328 1189 imperium,
3355 1138 3453 1190 per

1872 1187 2054 1241 ludum
2084 1203 2138 1245 et
2160 1195 2514 1253 saltationem
2529 1212 2730 1258 tantam
2757 1208 2951 1262 molem
2985 1212 3282 1266 sustinens.
3310 1213 3450 1282 Ergo

1867 1278 1917 1331 ei
1950 1293 2220 1347 parantur
2252 1287 2459 1345 insidiae
2489 1309 2517 1345 a
2550 1297 2782 1364 quodam
2818 1300 2957 1355 duce
3005 1305 3294 1365 exercitus.
3345 1322 3449 1360 no-

1865 1371 2012 1426 mine
2043 1373 2378 1445 Magnentio,
2408 1393 2461 1439 et
2488 1402 2610 1441 cum
2644 1390 2870 1459 imperio
2910 1395 3071 1450 simul
3103 1413 3319 1466 quoque
3362 1400 3445 1451 vi-

1867 1471 1972 1517 tam
2006 1467 2232 1524 amittit.
2279 1471 2413 1527 Cum
2467 1478 2511 1531 is
2545 1482 2851 1547 cecidisset,
2890 1485 3172 1556 imperium
3217 1500 3446 1559 occupat

1862 1552 2228 1625 Magnentius,
2263 1578 2386 1618 cum
2420 1584 2530 1637 quo
2560 1570 2721 1626 simul
2752 1574 3069 1631 invaserunt
3099 1582 3439 1650 tyrannidem

1862 1644 2200 1717 Nepotianus
2270 1666 2325 1710 et
2380 1658 2719 1718 Brettanion.
2780 1668 2904 1721 Haec
2959 1684 3082 1723 cum
3124 1644 3441 1739 accepisset

1861 1732 2215 1793 Constantius
2240 1759 2305 1796 ex
2333 1744 2526 1801 litteris
2547 1752 2749 1808 sororis
2779 1763 2832 1807 et
2864 1756 2931 1808 ab
2954 1755 3177 1812 Oriente
3200 1762 3439 1815 venisset

1860 1824 1926 1878 ad
1959 1824 2340 1896 Occidentem,
2372 1835 2512 1891 bello
2538 1855 2732 1895 manus
2753 1845 2992 1898 conserit
3023 1862 3145 1900 cum
3175 1850 3277 1902 illis
3304 1862 3353 1903 et
3384 1850 3435 1904 vi

193 1913 468 1984 Ἑσπέραν
516 1919 808 1989 γενόμενος
836 1962 850 1986 ,
911 1925 1176 1977 συνάπτει
1230 1926 1365 1997 πρὸς
1409 1928 1741 1999 ἀμφοτέρους

1860 1914 2009 1979 vicit,
2043 1933 2167 1972 curn
2204 1922 2521 1981 Brettanion
2553 1928 2619 1982 ad
2656 1945 2778 1984 eum
2813 1934 3121 1987 defecisset.
3155 1934 3275 1999 Quo
3309 1940 3435 2006 qui-

175 2002 419 2077 πόλεμον
463 2010 555 2063 καὶ
606 2012 750 2065 κατὰ
803 2012 1008 2086 κράτος
1037 2020 1183 2089 νικᾷ,
1220 2019 1311 2072 τοῦ
1349 2021 1751 2091 Βρεττανίωνος

170 2101 312 2169 πρὸς
346 2102 513 2155 αὐτὸν
545 2106 941 2172 άποκλίναντος
963 2153 977 2174 ,
1026 2111 1115 2163 ὅτε
1152 2113 1247 2165 καὶ
1282 2112 1342 2164 τὸ
1380 2113 1474 2165 τοῦ
1513 2115 1748 2185 σταυροῦ

168 2196 400 2261 σημεῖον
436 2198 693 2266 μέγιστόν
719 2216 777 2252 τε
809 2204 901 2252 καὶ
934 2202 1123 2265 δεινῶς
1174 2204 1405 2273 ἐκφανὲν
1450 2205 1614 2272 ἅπαν,
1672 2207 1749 2270 ὡς

166 2284 655 2356 ὑπεραστράπτειν
698 2292 775 2358 τῷ
820 2293 1257 2365 καταπληκτικῴ
1301 2295 1403 2365 τῆς
1449 2297 1645 2368 αἴγλης
1687 2298 1749 2352 τὸ

167 2374 271 2444 τῆς
303 2376 525 2446 ἡμέρας
559 2377 674 2445 φῶς
704 2379 797 2431 ἐπὶ
837 2379 947 2433 τῶν
1007 2382 1397 2454 Ἰεροσολύμων
1427 2386 1585 2457 ὤφθη
1622 2391 1749 2459 περὶ

168 2464 367 2534 τρίτην
418 2465 570 2536 ὥραν
620 2468 858 2538 μάλιστα
892 2471 991 2541 τῆς
1032 2474 1248 2544 ἡμέρας
1273 2479 1370 2546 τῆς
1402 2479 1597 2549 ἑορτῆς
1649 2483 1749 2550 τῆς

162 2555 473 2627 λεγομένης
509 2559 892 2631 Πεντηκοστῆς
935 2564 1257 2631 ἑστηκυίας,
1287 2567 1472 2636 διῆκον
1502 2571 1609 2622 ἀπὸ
1650 2572 1744 2625 τοῦ

162 2648 409 2718 Κρανίου
443 2651 779 2722 καλουμένου
809 2656 999 2719 τόπου,
1043 2656 1171 2727 ἄχρι
1202 2658 1294 2711 καὶ
1331 2659 1425 2713 τοῦ
1460 2660 1745 2726 Ἐλαιῶνος

165 2741 353 2810 ὅρους,
390 2743 516 2797 ὅθεν
547 2746 792 2817 ὑπῆρχεν
822 2748 849 2800 6
872 2750 1064 2821 Σωτὴρ
1094 2752 1193 2822 τὴν
1224 2751 1493 2823 ἀνάληψιν
1517 2757 1747 2823 ποιησά-

167 2848 354 2901 μενος.
400 2837 609 2903 Κρατεῖ
643 2839 823 2891 τοίνυν
859 2840 961 2910 τῆς
1004 2841 1286 2910 βασιλείας
1342 2845 1746 2916 Κωνστάντιος,

162 2925 274 2976 τῶν
319 2925 417 2977 τοῦ
469 2929 709 2996 μεγάλου
760 2932 1175 2988 Κωνσταντίνου
1231 2938 1362 2989 υἱῶν
1418 2942 1578 3009 μόνος
1609 2943 1745 2994 ὐπο-

159 3018 427 3087 λειφθείς.
469 3023 744 3087 Ἀτενίσας
775 3024 866 3077 οὖν
901 3027 1037 3096 πρὸς
1072 3029 1132 3080 τὸ
1163 3028 1261 3099 τῆς
1283 3030 1459 3103 ἀρχῆς
1490 3032 1741 3100 μέγεθος,

161 3111 256 3162 καὶ
296 3112 614 3178 ίλιγγιάσας
651 3116 747 3169 ἆτε
778 3116 841 3189 δὴ
881 3118 1168 3188 ἄνθρωπος
1199 3119 1296 3187 ὢν,
1349 3124 1443 3177 καὶ⁸
1497 3127 1570 3197 μὴ
1604 3128 1741 3198 ἔχων

156 3206 251 3256 τὸν
300 3208 365 3258 ὲκ
412 3207 508 3261 τοῦ
552 3210 745 3277 γένους
780 3212 929 3280 αὑτῴ
968 3214 1372 3278 συνασπίζοντα
1405 3232 1417 3245 ·
1448 3217 1570 3271 οὔτε
1627 3225 1735 3291 γὰρ

156 3297 313 3368 αὐτῷ
343 3303 476 3362 παῖς
507 3302 772 3369 ἐγεγόνει,
808 3301 931 3355 οὔτε
967 3320 1050 3365 τις
1080 3307 1190 3357 τῶν
1216 3308 1464 3375 ἀδελφῶν
1518 3316 1740 3367 κατελέο

155 3392 349 3445 λειπτο
380 3410 396 3423 ο
436 3396 533 3447 καὶ
584 3396 770 3458 δείσας
808 3398 881 3466 μή
912 3414 995 3461 τις
1023 3398 1172 3468 αὑτῷ
1202 3401 1364 3453 πάλιν
1396 3404 1737 3473 ἐπανασταίη

156 3485 449 3555 τύραννος,
517 3489 811 3541 σκέπτεται
868 3490 980 3543 τῶν
1040 3492 1318 3561 συγγενῶν
1372 3511 1493 3548 τινα
1550 3496 1735 3550 λαϐεῖν

159 3578 500 3649 σύγκληρον,
535 3582 628 3633 καί
655 3581 754 3650 τῆς
790 3582 1073 3653 βασιλείας
1106 3588 1481 3660 ὑπασπιστὴν,
1505 3592 1532 3644 ὃ
1555 3592 1619 3662 δὴ
1643 3596 1737 3646 καὶ

158 3672 460 3740 πεποίηκε,
494 3672 692 3726 Γάλλον
722 3674 813 3727 τὸν
854 3676 1146 3729 Ἰουλιανοῦ
1202 3679 1428 3744 ἀδελφὸν
1482 3682 1735 3752 Καίσαρα

157 3765 538 3834 ποιησάμενος
572 3764 836 3833 ’ἀνεψιὸς
894 3766 951 3819 δὲ
1007 3768 1147 3839 πρὸς
1209 3771 1415 3841 πατρὸς
1462 3773 1489 3825 ό
1538 3774 1739 3838 Γάλλος

157 3855 312 3924 αὐτῷ
348 3870 363 3885 σ
394 3855 777 3922 Κωνστάντιος
826 3858 936 3930 γὰρ
989 3862 1016 3914 ὁ
1060 3861 1266 3916 Γάλλου
1301 3864 1397 3917 καὶ
1443 3866 1735 3921 Ἰουλιανοῦ

156 3946 367 4018 πατὴρ,
436 3946 662 4018 ἁδελφὸς
721 3946 790 4020 ἦν
845 3952 1261 4005 Κωνσταντίνου
1316 3954 1410 4006 τοῦ
1472 3957 1734 4025 μεγάλου.

156 4037 363 4091 Τοῦτον
391 4035 488 4092 οὖν
521 4042 577 4092 ἐν
602 4040 679 4110 τῷ
706 4042 917 4113 Σιρμίῳ
954 4045 1473 4115 προχειρισάμενος,
1504 4052 1739 4118 γυναῖκά

158 4147 220 4182 τε
260 4131 415 4202 αὐτῷ
457 4130 713 4200 ζεύγνυσι
758 4133 857 4205 τὴν
905 4134 1103 4189 ἑαυτοῦ
1152 4136 1389 4210 ἀδελφὴν
1438 4143 1731 4197 Κωνσταν·

152 4223 301 4286 τίαν,
337 4223 576 4288 πίστεως
607 4228 699 4278 καὶ
729 4226 1081 4297 βεϐαιότητος
1116 4230 1276 4301 χάριν
1300 4270 1315 4295 ,
1346 4232 1441 4286 καὶ
1466 4233 1732 4303 ἄρχοντας

152 4316 308 4387 αὐτῷ
335 4318 552 4371 δίδωσιν
584 4319 746 4380 αὐτὸς
780 4323 1130 4389 καταστήσας
1159 4337 1172 4351 ·
1205 4322 1268 4375 οὐ
1304 4325 1412 4396 γάρ
1443 4327 1636 4398 ἐκείνῳ
1667 4348 1730 4399 γε

1856 2006 1979 2061 dem
2018 2019 2263 2080 tempore
2312 2018 2527 2086 signum
2561 2024 2737 2076 crucis
2780 2028 3094 2090 maximum,
3126 2038 3178 2081 et
3207 2031 3432 2085 mirifice

1852 2110 2143 2164 apparens,
2176 2104 2319 2157 adeo
2367 2117 2424 2159 ut
2460 2109 2766 2163 admirabili
2812 2114 3102 2179 splendore
3150 2126 3432 2184 superaret

1851 2187 2023 2242 lucem
2057 2190 2186 2253 diei,
2236 2196 2411 2248 visum
2448 2200 2534 2251 est
2578 2198 2965 2271 Hierosolymis
3015 2204 3161 2259 circa
3216 2209 3426 2259 tertiam

1852 2280 2039 2336 horam
2068 2283 2201 2350 diei,
2236 2302 2360 2342 eum
2394 2299 2542 2344 esset
2569 2292 2688 2347 dies
2715 2295 2906 2356 festus,
2932 2294 3025 2364 qui
3058 2296 3260 2351 dicitur
3284 2298 3428 2359 Pern-

1854 2377 2077 2443 tecoste,
2140 2382 2509 2452 pertingensa
2549 2385 2691 2451 loco,
2745 2388 2836 2455 qui
2888 2387 3092 2442 dicitur
3140 2390 3425 2457 Calvariae,

1851 2482 2020 2537 usque
2050 2471 2115 2523 ad
2149 2484 2389 2531 montem
2420 2474 2637 2542 Oliveti,
2667 2480 2809 2533 unde
2839 2480 2941 2534 fuit
2969 2494 3284 2553 assumptus
3326 2501 3426 2540 no-

1849 2568 1962 2611 ster
2015 2560 2286 2617 Salvator.
2348 2564 2637 2634 Imperium
2688 2584 2815 2639 ergo
2869 2580 3018 2625 tenet
3051 2574 3423 2639 Constantius,

1848 2651 2067 2706 relictus
2089 2654 2233 2707 solos
2260 2670 2324 2708 ex
2356 2659 2536 2726 magni
2568 2660 2911 2714 Constantini
2949 2662 3097 2717 filiis.
3125 2664 3262 2720 Cum
3295 2684 3425 2738 ergo

1844 2743 1909 2795 ad
1945 2743 2152 2812 imperii
2188 2749 2622 2818 magnitudinem
2655 2751 2931 2809 deﬁxisset
2961 2758 3170 2818 oculos,
3201 2770 3256 2813 et
3291 2762 3423 2815 cali-

1846 2846 2044 2907 gasset,
2085 2846 2145 2891 ut
2185 2840 2275 2907 qui
2312 2852 2459 2895 esset
2486 2843 2669 2910 homo,
2716 2856 2768 2900 et
2818 2862 2928 2900 non
2964 2847 3191 2904 haberet
3229 2866 3293 2906 ex
3325 2868 3423 2906 Sun

1846 2944 2065 2999 genere,
2099 2930 2188 3000 qui
2239 2947 2363 2986 eum
2393 2933 2715 2991 defenderet
2749 2940 2949 3007 (neque
2993 2945 3141 2998 enim
3172 2945 3219 2998 ei
3259 2956 3420 3001 natus

1844 3018 2020 3073 fuerat
2055 3019 2217 3082 filius.
2252 3037 2426 3092 neque
2449 3035 2784 3079 remanserat
2807 3027 3001 3097 aliquis
3025 3046 3088 3083 ex
3116 3032 3419 3101 fratribus),

1843 3118 1897 3162 et
1928 3112 2165 3176 timeret,
2197 3129 2266 3168 ne
2303 3115 2353 3168 in
2387 3132 2511 3169 eum
2544 3134 2731 3173 rursus
2766 3120 2960 3189 aliquis
2992 3122 3300 3193 insurgeret
3338 3140 3419 3198 ty-

1842 3218 2067 3266 rannus,
2100 3206 2288 3258 statuit
2325 3222 2388 3259 ex
2420 3210 2664 3277 cognatis
2698 3212 2933 3280 aliquem
2968 3218 3217 3285 accipere
3245 3221 3427 3276 coha-

1844 3295 2051 3359 redem,
2087 3306 2142 3351 et
2176 3297 2387 3367 imperii
2441 3299 2785 3356 defensorem
2820 3320 2832 3356 :
2868 3307 3013 3373 quod
3063 3309 3230 3363 etiam
3265 3311 3413 3365 fecit.

1838 3388 1973 3442 Nam
2017 3404 2140 3443 cum
2167 3387 2380 3443 Gallum
2406 3390 2605 3447 Juliani
2639 3393 2869 3450 fratrem
2922 3395 3111 3453 Sirnni
3143 3400 3414 3456 Cursarem

1835 3488 2073 3531 creasset
2108 3481 2245 3547 (erat
2301 3491 2482 3534 autem
2516 3484 2563 3535 ei
2605 3484 2787 3541 Gallus
2816 3492 3114 3557 patruelis:
3148 3492 3417 3548 Constan-

1837 3569 1943 3622 tius
1964 3569 2133 3633 enim,
2164 3568 2299 3623 Galli
2332 3580 2386 3624 et
2411 3571 2613 3628 Juliani
2639 3587 2809 3644 pater,
2840 3580 3007 3634 frater
3035 3582 3210 3638 fuerat
3232 3590 3414 3657 magni

1833 3658 2219 3730 Constantini),
2245 3661 2292 3715 ei
2318 3663 2408 3719 dat
2438 3682 2682 3730 uxorem,
2705 3683 2857 3723 suam
2880 3686 3124 3729 sororem
3147 3674 3415 3731 Constan-

1839 3754 1991 3817 tiam,
2026 3762 2207 3809 ut‘res
2236 3766 2384 3811 esset
2413 3758 2626 3811 firmior
2657 3770 2711 3813 et
2756 3765 2987 3829 cautior,
3029 3776 3082 3819 ct
3128 3768 3334 3834 praebet
3365 3771 3414 3825 ei

1837 3848 2206 3918 magistratus,
2234 3865 2372 3919 quos
2395 3852 2509 3919 ipse
2535 3852 2892 3909 constituerat
2939 3862 3071 3926 (non
3094 3860 3240 3915 enim
3263 3860 3415 3915 Callo

1836 3940 2031 3993 licebat
2059 3940 2114 3993 id
2152 3942 2254 3995 sibi
2298 3957 2599 4003 assmnere,
2629 3961 2755 4000 cum
2783 3959 2935 4003 esset
2966 3951 3191 4020 Ctesar),
3225 3955 3414 4009 Domi-

1838 4030 2046 4085 tianum
2095 4031 2310 4100 quidem
2344 4042 2399 4085 et
2447 4032 2793 4091 Thalassium
2836 4037 3089 4094 emittens
3126 4043 3414 4109 praefectos

1839 4125 2157 4197 praetorios,
2194 4125 2456 4181 Montium
2488 4142 2670 4184 autem
2705 4132 3074 4201 imperatoriis
3104 4137 3411 4205 praeficiens

1840 4218 2164 4280 rationibus,
2192 4233 2353 4288 quem
2382 4219 2546 4273 etiam
2578 4222 2815 4277 solemus
2844 4240 3034 4281 vocare
3062 4240 3408 4297 qumstorem,

1838 4321 1893 4367 et
1919 4312 2077 4367 simul
2108 4327 2232 4366 eum
2261 4311 2425 4367 etiam
2463 4328 2669 4369 ornans
2697 4315 2900 4372 honore
2932 4317 3171 4377 Pulricii.

151 4412 340 4479 ιφεῖτο
394 4409 637 4483 Καίσαρι
689 4411 840 4465 όντι’
887 4412 1190 4469 Θαλάσσιον
1248 4416 1349 4486 μὲν
1400 4420 1725 4489 ἀποστείλας
1787 4428 2026 4497 ἔπαρχον
2048 4427 2420 4499 πραιτωρίων,
2468 4430 2702 4485 Μόντιον
2746 4432 2802 4486 δὲ
2835 4435 2928 4488 ἐπὶ
2975 4438 3083 4491 τῶν
3114 4441 3410 4511 βασιλικῶν

151 4502 531 4571 πραγμάτων,
563 4500 623 4556 ὃν
665 4503 761 4556 καὶ
797 4502 1141 4574 κοιαίστωρα
1180 4508 1367 4561 καλεῖν
1400 4506 1541 4562 οἶδεν
1573 4514 1600 4564 6
1634 4513 1809 4581 λόγος,
1848 4516 1963 4587 ἅμα
2006 4521 2098 4571 καὶ
2128 4520 2418 4589 πατρίκιον
2453 4522 2644 4575 τοῦτον
2678 4528 2939 4597 τιμήσας.

226 4600 321 4667 ς’.
370 4596 430 4652 '0
458 4598 515 4651 δὲ
540 4599 739 4663 Γάλλος
763 4600 839 4664 ὡς
871 4602 995 4653 τότε
1041 4601 1194 4671 παρὰ
1226 4603 1322 4657 τοῦ
1350 4606 1733 4673 Κωνσταντίου
1767 4620 1815 4677 D

151 4690 434 4761 πεμφθεὶς
465 4693 556 4745 ἐπὶ
590 4694 686 4760 τῆς
716 4691 908 4761 Ἐᾠας,
944 4695 1123 4762 εῐχετο
1152 4693 1258 4746 τῶν
1283 4699 1641 4769 πραγμάτων,
1673 4702 1729 4753 ὃν

150 4781 357 4834 αὐτίκα
389 4781 653 4848 μαθόντες
678 4782 727 4834 οι
759 4784 965 4853 Πέρσαι
995 4785 1130 4855 πρὸς
1155 4786 1488 4858 Ἀντιόχειαν
1520 4792 1717 4859 ἀφικό-

152 4892 343 4947 μενον,
384 4873 848 4947 κατωρῤώδησαν,
887 4879 1007 4931 νέον
1037 4896 1096 4932 τε
1140 4880 1301 4933 αὐτὸν
1334 4885 1429 4935 καὶ
1455 4882 1729 4955 θερμουρ-

150 4969 247 5036 γὸν
269 4969 351 5032 είς
376 4968 449 5020 τὰ
479 4966 617 5038 ἔργα
654 4972 974 5042 πυθόμενοι,
1002 4975 1097 5028 καὶ
1137 4976 1237 5028 οὐκ
1273 4976 1356 5030 ἔτι
1401 4980 1728 5049 ἐποιήσαντο

146 5062 248 5131 τὴν
285 5063 381 5115 ἐπὶ
412 5063 536 5128 τοὺς
571 5060 877 5131 Ῥωμαίους
910 5064 1175 5129 ἐξέλασιν,
1210 5069 1304 5120 καὶ
1355 5072 1382 5123 ό
1422 5070 1519 5139 μὲν
1558 5073 1615 5124 ὲν
1661 5074 1725 5144 τῇ

160 5155 470 5225 Ἀντιοχείᾳ
492 5154 587 5224 τῆς
622 5155 819 5223 Συρίας
850 5153 919 5228 ἦν
953 5156 1028 5218 ὼς
1064 5158 1397 5229 δεδήλωται,
1432 5162 1724 5218 Κωνστάν-

144 5266 260 5313 τιος
296 5247 353 5299 δὲ
390 5251 448 5298 ἐν
474 5252 541 5319 τῇ
583 5248 821 5321 Ἐσπέρᾳ
863 5253 1095 5323 καθίστη
1144 5251 1211 5305 τὰ
1255 5250 1580 5324 πράγματα,
1633 5260 1726 5311 καὶ

148 5340 270 5393 τότε
308 5340 373 5409 δὴ
422 5340 680 5408 μάλιστα,
736 5342 994 5412 καθαρῶς
1040 5343 1381 5416 ὴσύχασενή
1430 5344 1725 5416 Ῥωμαίων

148 5433 295 5503 ἁρχὴ
330 5434 467 5502 πρὸς
489 5434 810 5505 ἀμφοτέρων
843 5437 1243 5507 φυλαττομένη.
1274 5440 1383 5493 Καὶ
1414 5438 1584 5493 ταῦτα
1627 5441 1727 5510 μὲν

149 5525 344 5579 τοῦτον
398 5525 521 5595 ἔσχε
578 5527 668 5579 τὸν
724 5532 943 5598 τρόπον.
972 5529 1051 5585 ηΌ
1112 5530 1169 5582 δὲ
1219 5529 1256 5580 Γ
1260 5531 1455 5594 ἀλλος.
1492 5532 1589 5604 τὴν
1628 5532 1725 5587 τοῦ

150 5617 438 5686 Καίσαρος
488 5620 903 5689 ἀμφιασάμενος
954 5622 1272 5693 ἁλουργίδα,
1324 5625 1418 5675 καὶ
1466 5624 1565 5694 ἥδη
1617 5626 1725 5679 τῶν

148 5708 381 5777 πρώτων
403 5712 503 5779 τῆς
526 5710 799 5782 βασιλείας
817 5715 1123 5785 ἀρξάμενος
1146 5714 1447 5768 ἐπιϐαίνειν
1472 5716 1720 5785 βαθμῶν,

143 5803 243 5856 οὐκ
264 5800 463 5869 ἔμενεν
493 5804 586 5856 ἐπὶ
622 5805 720 5875 τῆς
757 5808 1017 5875 τοιαύτης
1064 5806 1292 5876 γνώμης
1335 5808 1427 5860 καὶ
1461 5806 1720 5875 πίστεως,

146 5892 210 5967 ἧς
238 5894 379 5966 πρὸς
410 5893 499 5947 τὸν
527 5898 900 5953 Κωνστάντιον
937 5900 1254 5969 ἐποιήσατο,
1294 5898 1720 5969 βασιλικώτερον

1918 4615 2000 4670 Vl.
2061 4616 2248 4673 Gallus
2297 4630 2503 4685 autem,
2559 4633 2619 4677 ut
2670 4624 2761 4694 qui
2816 4634 2945 4679 tunc
2998 4643 3027 4681 a
3086 4630 3408 4688 Constantio

1835 4708 2035 4762 missus
2069 4720 2217 4764 esset
2243 4710 2309 4763 ad
2340 4709 2645 4779 Orientem,
2670 4728 2790 4771 erat
2840 4716 3083 4773 intentus
3123 4722 3287 4775 rebus
3313 4740 3406 4792 ge-

1833 4803 2040 4856 rendis.
2076 4802 2248 4867 Quem
2290 4822 2411 4861 cum
2462 4809 2697 4875 primum
2743 4813 3078 4879 accepissent
3108 4814 3286 4871 Persa:
3313 4834 3405 4871 ve-

1832 4894 1982 4949 nisse
2015 4895 2384 4964 Antiochiam,
2419 4897 2614 4956 timore
2659 4910 2788 4957 sunt
2827 4904 3027 4969 aﬂ‘eeti,
3077 4924 3200 4963 cum
3247 4913 3406 4964 audi-

1833 4980 2041 5035 vissent
2100 5000 2225 5038 eum
2269 5000 2389 5039 esse
2415 4988 2694 5055 juvenem,
2753 5000 2808 5047 et
2864 4993 2929 5048 ad
2992 5011 3082 5049 res
3136 5004 3402 5067 gerendas

1830 5084 2009 5124 acrem
2041 5081 2094 5125 et
2120 5074 2517 5141 vehementem,
2547 5096 2645 5134 nec
2682 5081 2927 5136 fecerunt
2948 5086 3181 5154 amplius
3206 5104 3398 5142 excur-

1830 5162 2039 5216 sionem
2081 5164 2134 5217 in
2177 5180 2336 5236 agros
2365 5169 2756 5225 Romanorum.
2792 5174 2858 5226 Et
2893 5175 2982 5229 ille
3031 5177 3247 5247 quidem
3284 5190 3401 5234 erat

1830 5252 2136 5309 Antiochia:
2180 5255 2369 5326 Syriae,
2429 5269 2487 5314 ut
2540 5271 2823 5319 ostensum
2880 5278 2998 5333 est;
3051 5270 3400 5327 Constantius

1828 5355 2011 5399 autem
2050 5361 2137 5401 res
2170 5351 2537 5407 constituebat
2577 5356 2631 5410 in
2661 5357 2956 5413 Occidente
2986 5378 3001 5414 :
3042 5375 3096 5416 et
3123 5372 3254 5419 tunc
3282 5376 3398 5420 erat

1828 5437 2063 5489 maxime
2095 5440 2344 5507 quietum
2396 5442 2764 5502 Romanorum
2810 5448 3121 5518 imperium,
3159 5464 3215 5508 ut
3252 5457 3399 5525 quod

1828 5529 1895 5582 ab
1914 5527 2157 5598 utrisque
2172 5534 2556 5591 custodiretur.
2583 5539 2650 5592 Et
2681 5541 2793 5595 haec
2817 5543 3034 5612 quidem
3053 5546 3216 5602 modo
3236 5548 3397 5603 modo

1829 5634 1888 5674 se
1929 5620 2219 5677 habebant.
2249 5622 2433 5680 Gallus
2470 5640 2649 5684 autem
2690 5649 2813 5687 cum
2856 5635 3087 5695 Caesaris
3133 5642 3399 5695 induisset

1830 5726 2148 5780 purpuram,
2208 5726 2263 5769 et
2306 5717 2417 5786 jam
2498 5724 2757 5791 coepisset
2834 5730 3135 5784 ascendere
3192 5731 3397 5799 primos

1828 5804 2026 5875 gradus
2067 5803 2301 5875 imperii,
2336 5826 2443 5865 non
2478 5816 2678 5869 mansit
2712 5817 2768 5871 in
2811 5820 2999 5874 eadem
3046 5826 3314 5876 sententia
3342 5834 3398 5878 et

1830 5897 1951 5961 fide,
1979 5914 2138 5968 quam
2172 5901 2394 5958 dederat
2424 5904 2764 5975 Constantio,
2804 5912 2965 5966 nimis
3022 5928 3119 5978 pro
3165 5915 3394 5978 imperio
