4136 6530
195 487 352 555 1169·

1326 497 1794 560 MARTYRlUM
1840 497 1902 557 S.
1951 494 2206 555 ARTEM
2222 495 2304 554 ll.

3319 482 3458 550 1110

191 607 292 676 τῆς
331 604 635 674 βασιλείας,
680 606 974 662 Ἶουλιανδν
1017 607 1108 664 τδν
1158 609 1386 678 ἀδελφὸν
1428 610 1522 662 τοῦ
1566 609 1770 662 Γάλλου

1883 607 2154 670 eietatem,
2185 605 2459 662 lulianum
2495 605 2713 660 fratrem
2761 603 2896 662 Galli
2929 615 2992 658 ex
3045 601 3186 658 lonia
3219 603 3454 656 accersi-

194 699 258 750 ὲκ
287 698 389 768 τῆς
433 698 638 764 Ἰωνίας
669 701 1169 772 μεταπεμψάμενος
1224 704 1281 756 ὲν
1313 705 1376 772 τῇ
1411 701 1776 763 Μεδιολάνων,

196 790 462 860 Καίσαρα
502 793 853 848 ἀναδείκνυσι
881 833 897 857 ,
942 794 1035 849 καὶ
1073 794 1171 866 τὴν
1206 795 1446 866 ἀδελφὴν
1487 794 1635 864 αὑτῷ
1683 795 1780 862 τὴν

195 879 396 932 ἑαυτοῦ
463 881 688 951 Ἑλένην
741 883 822 946 είς
868 884 1046 952 γάμον
1098 883 1314 945 ἐκδοὺς,
1372 883 1468 935 καὶ
1514 883 1582 936 τά
1613 881 1780 934 πεστά

202 970 341 1038 πρὸς
376 971 540 1025 αὐτὸν
574 975 945 1043 ποιησάμενον
976 975 1165 1028 τοῦτον
1205 975 1306 1046 μὲν
1335 975 1421 1039 ἐξέ
1435 974 1645 1043 πεμψεν
1701 977 1781 1036 εἰς

200 1063 300 1126 τάς
333 1064 571 1129 Γαλλίας
596 1107 610 1130 ,
642 1068 860 1134 φύλακα
891 1067 991 1135 τῆς
1022 1069 1204 1120 ἐκεῖσε
1253 1067 1539 1137 βασιλείας
1585 1067 1786 1134 scrips-

199 1170 314 1217 νον,
347 1157 507 1219 αὐτὸς
531 1158 588 1210 δὲ
616 1160 692 1222 είς
729 1159 1022 1229 Ἰλλυριοὺς
1053 1159 1383 1229 ἀφικόμενος
1405 1162 1459 1212 ἐν
1481 1159 1555 1226 τῷ
1571 1159 1780 1229 Σιρμίῳ

195 1245 411 1313 διῆγεν.
455 1249 721 1318 Ἀκοὺσμς
758 1250 814 1303 δὲ
853 1253 932 1304 ὅτι
963 1253 1010 1304 οξ
1042 1252 1216 1322 πέραν
1251 1253 1466 1321 Ἴστρου
1507 1251 1778 1322 Βάρὸςροι

199 1338 491 1407 μέλλουσιν
515 1342 932 1413 ἐπιστρατεύειν
953 1347 1018 1414 τῇ
1049 1345 1334 1414 Ῥωμαίων
1365 1346 1530 1416 ἀρχῇ,
1561 1347 1780 1415 ἀπάρας

194 1429 306 1482 ἀπὸ
341 1430 437 1483 τοῦ
472 1433 703 1502 Σιρμίου
737 1435 809 1497 εἰς
865 1435 957 1488 τὸν
1007 1437 1224 1505 Ἴστρον
1271 1437 1447 1504 διέϐη.
1499 1438 1609 1491 Καὶ
1641 1437 1780 1508 πρὸς

191 1521 336 1588 αὐτῇ
366 1522 432 1590 τῇ
481 1519 622 1592 ὄχθῃ
662 1523 858 1592 χρόνον
884 1524 988 1578 οὐκ
1029 1523 1210 1592 ὀλίγον
1252 1527 1506 1596 ποιήσας,
1558 1527 1679 1579 ἐπεὶ
1712 1527 1780 1580 τά

193 1612 308 1665 τῶν
343 1612 642 1684 βαρϐάρων
672 1617 904 1686 ἠρεμεῖν
935 1603 1213 1689 ἐμάνθανε
1248 1619 1412 1671 πάλιν
1445 1620 1736 1688 συνήματα
1761 1658 1776 1681 ,

197 1706 296 1759 ἐπὶ
326 1706 425 1778 τὴν
456 1708 682 1780 Θρᾴκην
709 1711 941 1781 ἤλαυνεν
973 1706 1150 1774 αὖθις.
1191 1709 1279 1774 Ὦς
1305 1711 1363 1765 δὲ
1398 1711 1457 1764 ἐν
1502 1711 1779 1782 Ὀδρυσοῖς

198 1797 469 1868 ἐτύγχανε
501 1801 779 1869 γεγονὼς,
821 1801 951 1856 ἔνθα
987 1803 1143 1856 πόλιν
1190 1803 1391 1867 κτίσας·
1431 1804 1713 1875 ’Λδριανὺς
1753 1806 1780 1858 ὁ

200 1889 462 1960 βασιλεὺς
492 1895 591 1962 τὴν
616 1892 808 1946 ἑαυτοῦ
880 1894 1239 1948 καταλέλοιπε
1303 1896 1380 1967 τῷ
1422 1897 1572 1969 τόπῳ
1608 1914 1781 1968 προσ-

193 1981 452 2052 ηγορίαν,
478 1982 709 2056 ἐπύθετο
769 1984 906 2055 πρός
937 2002 1082 2049 τινος
1122 1986 1232 2040 τῶν
1269 1988 1599 2057 ἐπισκόπων,
1618 1990 1693 2053 ὡς
1712 1989 1779 2044 τὰ

203 2072 438 2142 σώματα
472 2074 582 2126 τῶν
610 2073 703 2128 τοῦ
737 2076 978 2144 Χριστοῦ
1023 2077 1365 2145 ἀποστόλων,
1421 2080 1672 2151 Ἀνδρέου
1721 2097 1780 2134 τε

199 2168 298 2226 καὶ
360 2169 574 2232 Λουκᾶ,
630 2172 689 2224 ὲν
732 2171 929 2242 ’Λχαῖᾳ
982 2171 1305 2242 τεθαμμένα
1371 2175 1778 2242 τυγχάνουσιν,

207 2259 463 2330 Ἀνδρέου
497 2262 598 2331 μὲν
631 2263 688 2316 ἐν
727 2262 972 2333 Πάτραις
995 2305 1010 2329 ,
1043 2263 1229 2318 Δουκά
1264 2263 1318 2317 δὲ
1354 2265 1410 2318 ἐν
1439 2264 1645 2334 Θήϐαις
1682 2266 1782 2334 τῆς

201 2352 495 2417 Βοιωτίας.
552 2356 640 2416 Ὡς
670 2353 762 2409 οὖν
794 2358 1031 2426 ἤκουσεν
1075 2361 1103 2410 ὁ
1136 2357 1394 2428 βασιλεὺς
1424 2357 1595 2412 ταῦτα
1626 2360 1782 2412 Κων-

200 2446 478 2508 στάντιος,
521 2447 663 2518 ἥσθη
710 2465 772 2501 τε
825 2449 900 2520 τῷ
936 2450 1079 2521 λόγῳ
1136 2451 1228 2503 καὶ
1272 2451 1512 2520 ὲπιμέγα
1559 2451 1777 2522 ἐϐόησε,

198 2533 298 2586 καὶ
350 2536 488 2605 πρὸς
559 2539 688 2601 τοῦς
773 2539 1051 2611 παρόντας
1123 2540 1280 2608 φησὶ,
1342 2541 1624 2594 Καλόσατέ
1689 2559 1779 2608 μοι

196 2626 292 2675 τὶν
324 2626 481 2694 φίλον
517 2627 806 2698 Ἀρτέμιον
837 2642 865 2684 ’.
900 2629 996 2682 τοῦ
1028 2630 1083 2682 δὲ
1115 2631 1275 2700 τάχος
1308 2631 1778 2700 παραγενομένου,

197 2716 494 2788 Συγχαίρω
535 2736 639 2783 σοι,
672 2719 800 2792 ἔφη,
827 2721 1039 2791 ἀνδρῶν
1066 2722 1321 2776 ἁπάντων
1369 2723 1775 2791 θεοσιλέστατε.

201 2806 264 2859 Ὀ
296 2807 350 2858 δὲ
377 2809 513 2877 πρὸς
556 2811 753 2862 αὖτὺν·
787 2813 894 2865 Καὶ
919 2813 1035 2882 είής
1069 2832 1157 2884 μοι
1185 2814 1412 2884 χαί-ρων,
1459 2811 1503 2870 ὦ
1533 2816 1776 2884 βασιλεῦ,

191 2894 514 2962 διαπαντὸς,
566 2898 661 2948 καὶ
709 2901 780 2967 μή
814 2902 945 2953 ποτέ
982 2919 1042 2952 σε
1079 2904 1187 2954 τιίν
1213 2904 1476 2975 λυπηρῶν
1524 2925 1577 2959 τι
1613 2925 1780 2961 κατα-

189 2985 442 3054 λήψοιτο.
477 2987 588 3040 Καὶ
615 2990 640 3040 ὁ
670 2987 941 3058 βασιλεὺς,
980 2993 1172 3060 lassi;
1207 2993 1275 3045 δέ·
1297 3011 1350 3046 τι
1397 2999 1770 3065 χαριέστερον,

192 3069 238 3129 ὦ
271 3077 442 3144 φίλων
479 3078 690 3148 ἄριστε,
721 3079 820 3149 τῆς
851 3081 961 3135 τῶν
982 3085 1251 3153 σωμάτων
1279 3087 1387 3138 τῶν
1416 3087 1508 3140 τοῦ
1539 3090 1776 3158 Χριστοῦ

194 3170 518 3224 ἀποστόλων
550 3172 857 3239 εὑρέσεωςς
907 3179 999 3229 καὶ
1023 3179 1051 3230 ὁ
1098 3179 1273 3247 μέγας
1308 3179 1595 3250 Ἀρτέμιος
1625 3197 1638 3212 °
1683 3184 1778 3246 Τίς

1885 711 1995 756 tum
2029 700 2414 756 Mediolanum.
2444 711 2594 756 creat
2649 700 2954 766 Caesarem;
3011 710 3067 754 et
3119 713 3240 753 cum
3299 711 3453 752 suam

1881 809 2123 849 sororem
2159 794 2418 848 Helenam
2442 795 2491 848 ei
2515 793 2756 849 dedisset
2781 792 2833 846 in
2873 789 3306 852 matrimonium,
3326 785 3457 842 tide-

1879 903 1986 957 que
2027 887 2095 940 ab
2123 901 2188 940 eo
2228 897 2452 954 accepta
2485 886 2586 940 sibi
2618 885 2874 948 cavisset,
2904 874 3277 952 eum'quidem
3309 879 3456 934 misit

1881 978 1932 1030 in
1983 975 2230 1037 Galliam,
2268 975 2379 1029 illic
2423 974 2663 1029 futurum
2708 975 2988 1032 custodem
3042 971 3272 1040 imperii,
3340 969 3457 1038 ipse

1881 1076 2064 1123 autem
2101 1065 2457 1137 inlllyricum
2499 1065 2727 1120 veniens
2776 1065 3008 1136 degebat
3061 1061 3267 1117 Sirmii.
3319 1058 3455 1113 Cum

1882 1169 2065 1218 autem
2099 1158 2420 1222 audivisset,
2454 1159 2595 1227 quod
2627 1157 2876 1222 Barbari,
2907 1157 2996 1222 qui
3041 1155 3278 1226 agebant
3308 1161 3458 1207 trans

1885 1254 2211 1319 Danubium,
2239 1260 2426 1307 essent
2454 1251 2672 1306 ducturi
2723 1251 3023 1305 exercitum
3065 1257 3255 1304 contra
3291 1247 3458 1310 impe-

1881 1347 2023 1400 rium
2059 1345 2455 1408 Romanorum,
2507 1341 2709 1398 Sirmio
2753 1345 3032 1413 prolectus
3083 1342 3302 1395 transiit.
3357 1341 3460 1396 Da-

1883 1438 2138 1493 nubium.
2173 1436 2328 1492 Cum.
2361 1445 2544 1492 autem
2578 1435 2741 1506 longo
2781 1443 3024 1504 tempore
3057 1433 3126 1488 ibi
3169 1433 3358 1487 fuisset
3392 1435 3455 1488 ad

1883 1531 2052 1600 ipsam
2089 1530 2286 1599 ripam,
2329 1538 2384 1584 et
2429 1543 2622 1584 rursus
2654 1527 3011 1582 intellexisset
3054 1525 3322 1580 Barbaros
3349 1540 3455 1576 non

1882 1637 2004 1678 esse
2031 1636 2090 1677 se
2128 1620 2249 1677 loco
2287 1628 2554 1682 moturos,
2589 1619 2873 1689 profectus
2923 1627 3007 1673 est
3037 1617 3090 1670 iu
3143 1616 3455 1672 Thraciam.

1881 1713 2175 1784 Postquam
2226 1728 2358 1767 vero
2387 1711 2487 1766 fuit
2542 1710 2684 1781 apud
2730 1710 2989 1781 Odrysos,
3038 1708 3129 1762 ubi
3164 1707 3456 1766 Adrianus.

1883 1809 2196 1860 constructa
2225 1801 2468 1865 civitate,
2503 1802 2553 1856 ei
2589 1803 2708 1856 loco
2755 1815 2904 1856 suam
2955 1799 3175 1868 reliquit
3222 1798 3461 1867 appelln-

1883 1897 2114 1959 tionem,
2153 1891 2364 1948 audivit
2389 1909 2420 1948 a
2471 1893 2706 1962 quodam
2737 1892 3019 1962 episeOpo,
3052 1890 3195 1961 quod
3231 1905 3458 1959 corpora

1885 1986 2086 2044 Christi
2143 1987 2518 2058 apostolorum
2603 1986 2837 2040 Audrcte
2897 1995 2949 2040 et
3013 1983 3177 2039 Luca:
3248 1985 3458 2051 sepulta

1883 2087 2040 2135 erant
2069 2079 2123 2133 in
2161 2078 2385 2142 Achaia,
2418 2077 2648 2132 Andreae
2682 2079 2901 2147 quidem
2935 2077 3130 2140 Patris,
3166 2077 3324 2132 Lucae
3357 2093 3460 2129 au-

1883 2178 1992 2224 tem
2046 2170 2253 2224 Thebis
2297 2169 2539 2224 Bmotite.
2585 2168 2877 2240 Postquam
2927 2171 3106 2223 autent
3168 2168 3460 2237 imperator

1885 2265 1999 2317 hac
2049 2261 2262 2316 audivit
2307 2261 2688 2324 Constantius,
2736 2272 2958 2331 propter
3013 2261 3062 2313 id
3118 2269 3199 2312 est
3249 2263 3462 2317 laetatus

1883 2365 1940 2411 et
1966 2371 2160 2427 magna
2199 2369 2331 2411 voce
2371 2353 2646 2420 clamavit,
2675 2363 2730 2408 et
2767 2354 2852 2415 iis,
2872 2353 2964 2422 qui
3014 2353 3259 2417 aderant,
3287 2351 3457 2410 dixit:

1888 2448 2089 2504 Vocate
2140 2449 2271 2502 mihi
2321 2447 2548 2502 charum
2607 2446 2931 2501 Artemium.
2985 2446 3119 2499 Cum
3173 2445 3218 2499 is
3279 2453 3458 2498 autem

1884 2539 2289 2608 quamprimum
2322 2540 2562 2593 venisset
2595 2554 2609 2591 :
2642 2536 2903 2592 Gratulor
2934 2536 3052 2598 tibi,
3085 2535 3280 2605 inquit.
3317 2536 3466 2589 viro-

1885 2652 2003 2690 rum
2031 2635 2274 2690 omnium
2308 2635 2750 2706 religiosissime,
2808 2643 2863 2688 et
2903 2647 3009 2686 una
3063 2641 3237 2686 tecum
3284 2631 3458 2685 laetor.

1885 2726 1976 2780 Ille
2011 2741 2143 2781 vero
2175 2726 2250 2781 illi
2281 2728 2420 2781 dixit
2459 2746 2471 2780 :
2506 2727 2636 2779 Mihi
2673 2735 2941 2794 perpetuo
2970 2723 3192 2784 laeteris,
3231 2738 3263 2777 0
3288 2722 3463 2790 ἰητρε-

1888 2828 2053 2884 rator,
2089 2834 2192 2873 nec
2233 2827 2284 2873 te
2316 2834 2556 2888 unquam
2611 2817 2817 2888 aliquid
2871 2816 3162 2870 molestum
3211 2829 3464 2884 compre-

1886 2912 2109 2968 hendat.
2171 2909 2473 2982 Imperator
2515 2921 2746 2966 autem:
2792 2910 3075 2976 Quaerisne
3132 2908 3336 2978 aliquid
3365 2947 3378 2967 .
3429 2924 3462 2962 o

1883 3007 2188 3060 amicorum
2247 3005 2470 3074 optime.
2531 3005 2740 3075 gratius
2801 3019 2863 3058 ac
2911 3003 3213 3073 jucundius
3267 3003 3460 3056 inven~

1886 3099 2032 3151 tione
2097 3113 2387 3166 corporum
2449 3097 2653 3151 Christi
2717 3095 3144 3166 apostolorum?
3239 3092 3462 3165 Magnus

1883 3206 2011 3242 vero
2036 3190 2315 3243 Artemius
2359 3208 2371 3243 :
2409 3192 2674 3256 Quisnam
2708 3199 2801 3244 aut
2840 3189 3131 3246 undenam.
3172 3187 3372 3255 inquit.
3427 3201 3460 3238 ο

199 3264 295 3314 καὶ
334 3264 534 3328 πόθεν,
571 3258 616 3315 ὦ
652 3265 904 3325 δέσποτα,
941 3271 968 3320 ὀ
991 3270 1181 3324 τοῦτον
1206 3274 1339 3342 ἡμῖν
1387 3275 1479 3326 τὶν
1507 3274 1775 3345 θησαυρὸν

1889 3280 2128 3341 domine.
2153 3281 2356 3338 est‘is.
2391 3280 2480 3349 qui
2543 3281 2686 3333 hunc
2746 3279 2908 3335 hodie
2963 3279 3276 3331 thesaurum
3331 3292 3460 3353 ape-

193 3356 522 3422 φανερώσας
552 3356 653 3419 τὴν
684 3360 954 3426 σήμερονς
983 3362 1094 3414 Καὶ
1118 3365 1145 3414 ὁ
1174 3365 1571 3426 Κωνστάντιος·
1592 3369 1647 3418 Ὀ
1675 3368 1773 3435 τῆς

205 3444 459 3511 Ἀχαΐας,
513 3447 642 3515 ἔφη,
686 3449 1006 3515 ἐπίσκοπος,
1061 3454 1089 3504 ὁ
1134 3453 1229 3506 νῦν
1261 3455 1536 3525 ἐφορεύων
1568 3458 1624 3509 ὲν
1665 3458 1776 3511 Πά-

191 3549 374 3606 τραις.
425 3537 570 3590 Ἀλλ’
603 3539 780 3608 ἄπιθι,
814 3543 1024 3614 ἀνδρῶν
1051 3545 1261 3616 ἄριστε,
1303 3549 1400 3602 καὶ
1427 3551 1489 3603 τὸ
1513 3551 1675 3621 τάχος
1717 3553 1774 3604 ἐν

192 3629 782 3688 Κωνσταντινουπὸλει
852 3654 944 3706 μοι
1005 3639 1107 3707 τὴν
1170 3641 1376 3694 τούτων
1433 3646 1772 3717 ἀνακομιδὴν

192 3723 449 3792 ποίησον.
526 3725 710 3779 Ταῦτα
767 3728 1009 3791 ἀκούσας
1067 3734 1218 3803 παρά
1268 3733 1364 3787 τοῦ
1429 3735 1694 3805 βασιλέως
1745 3742 1773 3792 ὁ

195 3815 394 3882 μέγας,
452 3816 558 3885 τὴν
604 3819 695 3870 ἐπὶ
741 3822 868 3884 τοὺς
925 3823 1261 3894 ἀποστόλους
1303 3828 1421 3884 ὁδὸν
1457 3833 1770 3902 ἐπορεύετο,

188 3907 256 3958 τὰ
282 3906 496 3959 τούτων
526 3909 879 3982 ἁνακομίσων
912 3916 1038 3984 ἅγια
1058 3917 1312 3986 λείψανα,
1346 3921 1381 3974 ἀ
1415 3922 1475 3990 δὴ
1512 3925 1603 3974 καὶ
1629 3925 1772 3992 μάλα

187 3997 518 4067 θαυμασίως
552 4003 1057 4074 ἀνακομισάμενος,
1107 4011 1166 4061 ἐν
1196 4009 1273 4079 τῷ
1307 4015 1435 4082 παρ’
1467 4015 1635 4067 αὐτοῦ
1676 4017 1770 4070 τοῦ

192 4092 590 4150 Κωνσταντίου
621 4099 680 4151 ἐκ
705 4097 922 4170 βάθρων
956 4103 1364 4175 οἰκοδομηθέντι
1395 4108 1527 4178 ναῷ,
1565 4112 1660 4164 ἐπὶ
1693 4112 1771 4183 τῷ

188 4186 300 4239 τῶν
336 4189 660 4244 ἀποστόλων
682 4193 932 4264 ὀνόματι,
981 4199 1132 4268 παρά
1157 4199 1235 4268 τῷ
1270 4202 1363 4254 τοῦ
1395 4207 1595 4274 πατρὸς
1617 4206 1772 4277 τάφῳ

191 4280 371 4335 ταῦτα
416 4284 701 4347 κατέθετο,
759 4288 854 4338 καὶ
886 4290 1057 4358 γέρας
1090 4282 1152 4357 γε
1196 4293 1346 4361 αὐτῷ
1383 4294 1484 4362 τῆς
1521 4295 1767 4364 λειτουρ-

190 4372 323 4438 γίας
355 4375 384 4423 ὀ
408 4373 683 4440 βασιλεὺς,
715 4377 1016 4447 δεηθέντων
1046 4380 1156 4434 τῶν
1179 4384 1514 4452 ἐπισκόπων,
1539 4389 1638 4457 τὴν
1673 4389 1772 4458 τῆς

189 4464 484 4534 Αἰγύπτου
527 4469 800 4540 παρέσχεν
833 4469 1028 4541 ἀρχήν.
1067 4474 1321 4539 Τοιοῦτος
1375 4480 1474 4530 καὶ
1524 4482 1628 4550 πρὸ
1662 4483 1770 4546 τῶν

190 4558 300 4627 τῆς
360 4563 674 4629 μαρτυρίας
728 4564 958 4630 ἀγώνων
1014 4567 1260 4637 ὑπῆρχεν
1307 4570 1631 4640 Ἀρτέμιος,
1677 4575 1768 4626 καὶ

185 4652 340 4709 οὕτω
364 4655 519 4727 παρὰ
556 4659 720 4712 πᾶσιν
752 4661 1058 4728 αἰδέσιμος.

258 4749 343 4802 Θ’.
393 4749 722 4818 Ἐπορεύετο
774 4751 872 4821 μὲν
923 4753 1016 4805 Οὖν
1060 4756 1088 4807 ὁ
1122 4755 1296 4825 μέγας
1346 4758 1630 4829 Ἀρτέμιος
1676 4759 1775 4836 τὴν

183 4840 274 4893 ἐπ’
315 4841 623 4909 Αἴγυπτον,
651 4843 892 4917 ἄρτιτὴν
927 4845 1017 4898 τοῦ
1042 4848 1234 4911 δουκδς
1275 4852 1442 4915 ἀξίαν·
1480 4853 1773 4924 περιϐαλό-

191 4951 386 5002 μενος.
437 4934 500 4989 Ὀ
526 4937 909 5003 Κωνὶιτάντιος
938 4941 991 4993 δέ
1020 4940 1118 5011 τῆς
1143 4943 1773 5007 Κωνσταντινουπὸλεως

184 5027 440 5100 ἀπάρας,
475 5028 577 5098 τὴν
622 5030 712 5081 ἐπὶ
745 5031 943 5101 Συρίας
972 5035 1210 5086 ἐποιεῖτο
1245 5036 1362 5089 ὁδον
1387 5078 1400 5100 ,
1434 5040 1528 5090 καὶ
1562 5039 1774 5107 φθάσας

187 5123 290 5192 τὴν
325 5119 702 5193 μεγαλάπολιν
759 5123 1126 5191 Ἀντιόχειαν,
1159 5126 1324 5183 αὑτοῦ
1361 5147 1459 5182 που
1493 5147 1768 5201 κατασκη-

186 5217 290 5273 νοῑ.
314 5215 412 5266 τὸν
439 5213 574 5284 πρὸς
611 5214 734 5277 τοὺς
769 5215 984 5283 Πέρσας
1018 5219 1446 5289 ἑτοιμαζόμενος
1494 5222 1730 5291 πόλεμον
1755 5236 1770 5254 ·

185 5305 363 5361 αὐτοῦ
408 5307 467 5360 δὲ
531 5307 597 5376 τῇ
645 5307 796 5360 πόλει
845 5311 1284 5380 προσμένοντος,
1322 5314 1552 5381 ἀφίκετο
1591 5317 1772 5384 γράμ-

185 5418 340 5466 ματα
373 5399 516 5469 πρὸς
549 5400 748 5465 αὐτὸν,
797 5401 1065 5471 δηλοῦντα
1100 5405 1197 5476 τὴν
1237 5405 1528 5461 Ἰουλιανοῦ
1568 5410 1773 5462 ἐπανά-

185 5511 402 5549 στασιν.
442 5493 504 5546 Ὀ
554 5492 664 5564 γάρ
707 5495 1014 5560 Ίουλιανὺς,
1054 5496 1125 5560 ὡς
1173 5500 1467 5566 δεδήλωταί
1521 5518 1608 5567 μοι
1669 5502 1772 5554 καὶ

188 5589 435 5658 πρόσθεν
460 5629 475 5651 ,
515 5589 609 5640 ἐπὶ
656 5591 866 5660 φυλακῇ
917 5590 1024 5642 τῶν
1065 5590 1367 5662 Ἐσπερίων
1401 5597 1478 5656 εἰς
1509 5596 1604 5655 τάς
1638 5594 1772 5646 Γαλ-

184 5681 307 5746 λίας
339 5683 448 5735 ὑπὸ
468 5683 562 5734 τοῦ
587 5682 958 5736 Κωνστιιντίου
992 5685 1207 5756 Καῖσαρ
1231 5687 1591 5762 άποδειχθεῖς,
1611 5687 1770 5748 αὐτὸς

193 5775 484 5828 ἐπιπλεῖον
528 5775 588 5825 ἐν
622 5774 697 5843 τῷ
737 5773 829 5826 τοῦ
886 5777 1164 5846 Καίσαρος
1210 5778 1450 5846 σχήματι
1499 5775 1638 5832 εἶναι
1692 5781 1770 5848 μὴ

187 5869 594 5941 ἀνασχόμενος,
631 5867 865 5936 διάδημά
907 5885 964 5919 τε
1009 5870 1377 5939 περιτίθεται,
1412 5875 1504 5924 καὶ
1549 5871 1628 5942 τῷ
1670 5872 1770 5938 τῆς

193 5964 478 6034 βασιλείας
531 5960 720 6016 ἑαυτὸν
788 5960 1108 6031 έπιφημίζει
1176 5964 1418 6034 ὀνόματι.
1511 5965 1663 6018 Ἐπεῖ
1712 5965 1766 6020 δὲ

1885 3374 2034 3429 ruit?
2070 3372 2425 3429 Constantius
2456 3382 2637 3426 autem
2671 3389 2682 3424 :
2734 3370 2970 3428 Achaiae.
3011 3370 3209 3437 inquit,
3239 3370 3458 3432 episco-

1884 3481 2007 3533 pus.
2045 3465 2136 3532 qui
2162 3481 2308 3516 nunc
2333 3464 2583 3532 praesidet
2619 3462 2813 3516 Patris.
2854 3459 2958 3514 Sed
2991 3461 3098 3523 abi,
3133 3476 3164 3509 o
3214 3463 3456 3512 virorum

1883 3538 2182 3612 amicorum
2209 3557 2435 3625 optime.
2469 3564 2519 3608 et
2544 3570 2604 3606 ea
2625 3553 3030 3622 quamprimum
3061 3563 3283 3621 φιρστ-ια
3317 3552 3462 3604 Con-

1883 3650 2322 3717 stantiuopolim.
2370 3648 2496 3702 Haec
2542 3662 2666 3701 cum
2726 3646 2794 3699 ab
2848 3647 3178 3714 imperatore
3230 3659 3460 3714 magnus

1882 3743 2124 3796 audisset
2161 3742 2460 3802 Artemius,
2493 3749 2640 3794 recta
2681 3740 2781 3794 ivit
2828 3739 2895 3794 ad
2931 3738 3232 3808 apostolos,
3265 3752 3456 3789 eorum

1883 3845 2102 3889 sanctas
2159 3833 2426 3887 allaturus
2484 3830 2762 3898 reliquias.
2832 3830 2978 3896 Quas
3057 3827 3276 3898 quidem
3332 3841 3458 3880 cum

1883 3927 2037 3978 valde
2091 3925 2489 3979 admirabiliter
2529 3931 2894 3991 exportasset.
2951 3922 3004 3974 in
3042 3919 3265 3986 templo,
3313 3919 3462 3987 quod

1881 4019 1949 4072 ab
1983 4018 2102 4087 ipso
2135 4016 2458 4073 Constantio
2503 4023 2843 4070 exstructum
2888 4025 2969 4067 cst
3009 4027 3037 4065 a
3087 4012 3462 4065 fundamentis

1883 4112 1938 4166 in
1969 4111 2191 4165 nomine
2243 4109 2640 4180 apostolorum,
2702 4123 2868 4178 prope
2929 4106 3240 4177 sepulcrum
3293 4106 3461 4174 patris

1881 4221 1975 4260 eas
2024 4203 2297 4272 deposuit.
2357 4203 2415 4256 Ei
2471 4214 2653 4257 autem
2708 4206 2761 4254 in
2824 4203 3107 4270 pra-mium
3169 4199 3459 4252 ministerii

1881 4295 2027 4351 dedit
2063 4295 2380 4361 imperator.
2428 4293 2748 4361 rogantibus
2791 4292 3083 4361 episcopis,
3117 4305 3319 4344 munus
3371 4305 3460 4343 re-

1882 4389 2080 4444 ctiouis
2114 4385 2348 4457 Egypti.
2381 4385 2528 4441 Talis
2561 4387 2662 4440 fuit
2691 4384 2967 4439 Artemius
2991 4385 3151 4438 etiam
3194 4392 3319 4436 ante
3341 4392 3462 4442 cer-

1885 4482 2085 4533 tamina
2125 4478 2393 4549 martyrii,
2430 4489 2485 4531 et
2520 4479 2658 4531 adeo
2692 4487 2808 4531 erat
2859 4475 3003 4546 apud
3051 4490 3244 4529 omnes
3297 4489 3463 4530 vene-

1852 4585 1856 4588 ‘
1882 4572 2107 4630 rantlus.

1807 4650 1852 4706 ο

1954 4760 2045 4816 IX.
2075 4760 2256 4830 Atque
2287 4759 2741 4832 proﬁciscebatur
2783 4758 3003 4829 quidam
3049 4770 3278 4828 magnus
3309 4757 3342 4807 Α
3358 4767 3460 4808 rte-

1881 4858 2024 4910 mius
2057 4858 2106 4908 in
2149 4855 2462 4926 Egyptum,
2493 4854 2648 4911 ducis
2681 4853 2839 4906 modo
2874 4860 3124 4919 suscepta
3171 4850 3453 4916 dignitate.

1879 4948 2235 5004 Constantius
2270 4956 2448 5000 autem
2503 4945 2782 5014 profectus
2821 4941 3294 5013 Constantinopoli
3340 4953 3456 4997 ten-

1880 5043 2039 5097 debat
2069 5041 2120 5094 in
2155 5039 2360 5111 Syriam
2401 5057 2413 5092 ;
2453 5047 2504 5093 et
2537 5054 2660 5094 cum
2713 5040 2764 5092 itt
2819 5052 3067 5106 magnam
3111 5039 3458 5104 pervenisset

1877 5134 2246 5195 Antiochiam,
2281 5133 2479 5186 ibidem
2515 5132 2622 5201 figit
2653 5130 3085 5188 tabernaculum.
3125 5129 3323 5183 bellum
3363 5145 3456 5196 pa-

1879 5247 2006 5285 rans
2034 5230 2297 5284 adversus
2330 5226 2540 5280 Persas.
2573 5225 2710 5280 Cum
2762 5225 2828 5277 ibi
2861 5233 3041 5276 autem
3101 5230 3347 5274 maneret
3398 5223 3449 5275 in

1877 5322 2116 5382 civitate,
2149 5327 2424 5374 venerunt
2453 5317 2518 5370 ad
2565 5332 2688 5370 eum
2725 5317 2940 5379 litterae,
2997 5313 3449 5369 insurrcctioncm

1874 5411 2073 5466 Juliani
2105 5409 2494 5480 signiﬁcantes.
2544 5407 2796 5463 Julianus
2842 5406 3010 5469 enim,
3063 5416 3122 5459 ut
3161 5422 3188 5458 a
3226 5419 3310 5457 me
3337 5405 3446 5473 jam

1875 5516 2002 5559 ante
2035 5504 2135 5557 fuit
2182 5503 2541 5560 declaratum.
2587 5502 2653 5557 ad
2701 5502 3004 5556 custodiam
3044 5498 3353 5552 Occidentis
3397 5502 3446 5550 in

1870 5597 2044 5653 Callia
2078 5597 2264 5649 Caesar
2295 5606 2511 5649 creatus
2539 5610 2565 5646 a
2595 5593 2933 5650 Constantio.
2967 5606 3074 5643 non
3123 5590 3304 5644 ferens
3333 5604 3452 5642 arn-

1877 5693 2019 5761 plius
2040 5703 2172 5744 esse
2207 5690 2259 5741 in
2301 5687 2487 5741 habitu
2517 5685 2770 5745 Caesaris.
2801 5685 2974 5737 induit
3002 5683 3272 5738 diadema.
3303 5692 3358 5734 et
3390 5697 3448 5740 se

1877 5783 2118 5852 appellat
2147 5782 2370 5834 nomine
2402 5779 2765 5847 imperatoris.
2809 5775 3100 5845 Postquam
3123 5783 3304 5830 autem
3343 5775 3444 5830 sibi

1878 5872 2165 5942 imperium
2203 5868 2503 5938 usurpavit,
2539 5865 2678 5922 nihil
2710 5865 2822 5935 jam
2874 5881 3099 5935 parvum
3155 5868 3443 5938 cogitabat,

1881 5979 2056 6032 neque
2089 5963 2363 6018 statuebat
2417 5961 2518 6017 sibi
2571 5960 2805 6030 amplius
2856 5975 2974 6016 esse
3033 5959 3439 6022 cunctandum;
