4136 6478
699 448 829 513 1171

1982 439 2262 503 MENSIS
2297 436 2660 500 OCTOBER.

3811 420 3946 482 11⁸12

698 562 795 615 sed
831 560 1018 612 volens
1064 554 1114 611 in
1146 573 1297 611 suam
1332 559 1581 627 redigere
1605 566 1923 625 potestatem
1961 564 2130 608 totam
2163 552 2267 605 Eu-
2298 586 2309 605 Α

2412 554 2701 609 ντελὰὄετο
2730 550 2841 604 τῶν
2887 547 3252 618 πραγμάτων,
3294 546 3392 597 οὐκ
3427 543 3509 595 ἔτι
3556 538 3761 609 μικρὸν
3791 536 3947 589 οὐδὲν

702 666 913 721 ropam,
944 665 1065 720 qum.
1110 643 1296 704 obedit
1353 649 1635 710 Romanis,
1689 651 1956 702 instructo
2000 645 2266 709 exercitu,

701 760 799 811 per
846 743 1148 799 Germanos
1205 743 1448 811 perrexit
1516 742 1583 796 ad
1644 741 1970 795 Danubium.
2031 740 2099 793 Et
2145 755 2270 793 cum

705 835 1039 894 ulterioriem
1073 835 1246 903 ripam
1292 833 1771 902 apprehendisset,
1804 848 1898 902 per
1954 832 2072 885 loca
2126 831 2273 883 illius

706 929 941 981 ducebat
973 926 1295 981 exercitum.
1324 926 1523 980 Latens
1556 941 1684 979 vero
1729 925 2035 994 praefectos.
2069 933 2124 977 et
2153 922 2271 975 lta~

705 1021 788 1073 lia:
815 1020 1079 1083 Taurum,
1120 1018 1211 1088 qui
1239 1020 1557 1083 vocabatur,
1585 1029 1640 1073 et
1669 1018 1863 1089 Illyrici
1910 1013 2274 1077 Florentium,

708 1120 989 1180 postquam
1018 1110 1170 1164 venit
1221 1111 1287 1164 ad
1339 1111 1585 1175 Paeonas,
1626 1110 1903 1163 transiens
1935 1107 2001 1160 ad
2052 1106 2277 1158 alteram

708 1212 915 1269 partem
953 1201 1124 1265 fluvii,
1175 1203 1357 1255 statim
1413 1211 1469 1255 et
1520 1202 1832 1255 universam
1886 1197 2153 1267 Illyricam
2189 1206 2277 1247 re-

709 1295 925 1364 gionem
967 1296 1022 1347 in
1056 1310 1209 1347 suam
1240 1293 1452 1363 redegit
1488 1301 1833 1362 potestatem,
1861 1298 1915 1343 et
1946 1286 2178 1347 Italiam,
2225 1292 2281 1338 et

711 1401 883 1454 usque
920 1386 985 1439 ad
1014 1384 1295 1441 Oceanum
1325 1385 1718 1438 occidentalem
1751 1382 2039 1437 universas
2069 1385 2274 1448 gentes,

710 1493 829 1545 qua:
854 1488 1012 1533 erant
1039 1479 1251 1547 imperii
1283 1476 1676 1532 Romanorum.

783 1742 850 1797 Χ.
892 1742 1248 1798 Constantius
1272 1754 1452 1797 autem
1485 1758 1607 1797 cum
1639 1743 1758 1797 hate
1814 1742 2134 1804 audivisset,
2186 1741 2289 1795 fuit

713 1833 1097 1897 conturbatus,
1138 1844 1195 1887 ut
1230 1844 1313 1887 est
1344 1843 1799 1896 consentaneum,
1833 1844 1887 1887 et
1926 1834 1995 1887 de
2021 1833 2289 1888 Constan-

717 1925 939 1993 tinopoli
967 1925 1254 1979 admodum
1286 1925 1481 1979 timens
1508 1966 1523 1989 ,
1569 1940 1639 1978 ne
1675 1924 1822 1992 quod
1864 1924 1952 1977 ille
1983 1924 2166 1978 animo
2192 1939 2287 1979 co-

718 2014 941 2083 gitabat,
974 2029 1092 2070 eam
1142 2017 1291 2083 prior
1322 2015 1375 2067 in
1424 2030 1579 2069 suam
1629 2014 1904 2084 redigeret
1943 2023 2287 2082 potestatem,

717 2119 835 2157 eam
871 2105 1000 2160 t0tis
1028 2106 1236 2159 viribus
1279 2106 1572 2159 festinabat
1614 2118 2021 2175 prmoceupare.
2067 2104 2290 2159 Interim

720 2204 903 2248 autem
944 2194 1072 2248 dum
1109 2196 1177 2249 ab
1208 2211 1273 2249 eo
1306 2195 1661 2265 colligebatur
1687 2197 1987 2259 exercitus,
2014 2194 2291 2263 dispersus

721 2304 819 2356 per
851 2288 1104 2343 civitates
1160 2287 1423 2352 Orientis,
1463 2298 1516 2342 et
1561 2303 1623 2343 se
1691 2288 1920 2356 parabat
1968 2287 2035 2341 ad
2086 2297 2292 2341 tantam

722 2377 890 2440 viam,
948 2378 1219 2447 significat
1266 2379 1561 2448 episcopis,
1625 2386 1684 2433 ut
1739 2393 1865 2432 eum
1929 2378 2294 2446 praecedentes

724 2468 944 2520 veniant
992 2470 1392 2537 quamprimum
1449 2469 1702 2524 Nicmam.
1764 2470 1890 2523 Erat
1939 2470 2087 2525 enim
2143 2471 2193 2522 in
2234 2486 2296 2524 ea

725 2560 1018 2611 secundam
1052 2559 1314 2629 synodum
1347 2572 1799 2630 congregaturus,
1824 2561 1891 2614 ab
1925 2561 2106 2630 impiis
2144 2563 2299 2614 Aria-

730 2650 813 2702 nis
873 2651 1137 2704 incitatus
1217 2652 1481 2706 adversus
1530 2655 1891 2708 Homousion.
1944 2653 2076 2708 Cum
2146 2672 2293 2714 vero.

730 2743 1046 2797 transmissa
1094 2741 1304 2806 Cilicia,
1337 2747 1577 2797 venisset
1631 2747 1711 2797 ad.
1744 2745 1928 2815 Mopsi.
1977 2748 2065 2816 qui
2102 2762 2298 2800 vocan-

733 2843 839 2896 tur,
868 2830 1070 2893 fontes,
1103 2836 1347 2902 quaedam
1383 2835 1728 2889 imbecillitas
1755 2837 1801 2891 ei
1836 2847 2057 2905 repente
2088 2837 2299 2898 accidit,

733 2936 832 2973 nec
896 2913 1108 2989 poterat
1144 2922 1369 2977 ulterius
1435 2925 1706 2994 progredi.
1760 2924 2054 2993 Postquam
2120 2936 2302 2977 autem

734 3012 908 3064 sensit
940 3028 997 3065 se
1026 3014 1139 3080 jam
1180 3014 1317 3067 male
1370 3015 1594 3078 habere,
1627 3025 1683 3069 et
1728 3032 1837 3069 non
1867 3018 2130 3071 victurum
2184 3034 2303 3075 cssc

734 3104 983 3171 amplius,
1036 3105 1339 3159 Antiochiae
1382 3105 1643 3175 episcopo
1702 3107 1985 3162 celerrime
2037 3111 2305 3163 accersito

2373 648 2571 700 ἐνενόει
2604 662 2617 675 ’
2653 645 2773 696 οὐδὲ
2822 640 3133 710 διαμέλλειν
3172 637 3437 701 ἐγίνωσκε
3482 633 3617 696 δεῖν,
3668 628 3813 681 ἀλλὰ
3852 627 3947 693 τὴν

2374 738 2645 807 Εὐρώπην
2685 737 2819 797 τέως
2865 733 2957 801 ὑφ’
2991 729 3172 798 ἑαυτῷ
3231 723 3563 796 ποιήσασθαι
3607 723 3800 774 πᾶσαν
3832 717 3949 769 ὲθέ-

2374 831 2501 892 λων,
2536 832 2707 899 ὁπόση
2748 826 3041 895 Ῥωμαίοις
3076 821 3361 883 ὑπακούει,
3393 818 3472 887 τῷ
3502 815 3723 887 στρατῷ
3760 830 3950 865 συντα-

2378 924 2627 992 ξάμενος,
2688 919 2775 973 διὰ
2823 916 3117 987 Γερμανῶν
3176 915 3267 966 ἐπὶ
3314 912 3406 965 τὸν
3464 911 3685 976 Ἵστρον
3730 904 3949 974 ἐχώρει.

2379 1019 2488 1071 Καὶ
2531 1016 2633 1083 τῆς
2667 1013 2845 1082 πέραν
2876 1011 3043 1081 όχθης
3070 1009 3390 1075 λαϐόμενος.
3436 1002 3525 1055 διὰ
3565 999 3678 1054 τῶν
3732 996 3953 1063 ἐκείνης

2380 1110 2596 1179 χωρίων
2627 1109 2847 1178 ἤλαυνε,
2884 1103 3009 1165 τοὺς
3043 1100 3322 1169 ὑπάρχους
3345 1096 3400 1148 δὲ
3425 1092 3700 1147 διαλαθὼν
3725 1132 3738 1152 ,
3775 1088 3871 1139 τόν
3896 1104 3951 1137 τε

2377 1205 2489 1256 τῶν
2524 1201 2767 1256 Ἰταλιῶν
2798 1197 3010 1264 Ταῦρον
3037 1192 3181 1246 οὕτω
3211 1189 3564 1257 καλούμενον,
3591 1184 3689 1236 καὶ
3723 1181 3818 1234 τὸν
3850 1178 3953 1230 τῶν

2379 1295 2654 1364 Ἰλλυριῶν
2685 1292 3021 1360 Φλορέντιον,
3061 1282 3251 1353 ἐπειδὴ
3282 1280 3422 1333 κατὰ
3449 1276 3708 1335 πλείονας
3737 1272 3954 1336 ἐγένετο

2381 1386 2663 1455 διατριϐὰς
2683 1425 2696 1446 ,
2745 1383 2838 1436 ἐπὶ
2883 1380 3086 1448 θάτερα
3117 1375 3209 1428 τοῦ
3246 1369 3491 1439 ποταμοῦ
3519 1366 3723 1420 αὐτίκα
3753 1361 3876 1428 τήν
3902 1377 3956 1411 τε

2395 1478 2655 1547 Ἰλλυρίδα
2668 1477 2846 1529 πᾶσαν
2868 1474 2956 1539 ὑφ’
2980 1468 3155 1538 ἐαυτῷ
3170 1470 3273 1537 γῆν
3298 1462 3407 1534 εἶχε
3437 1463 3534 1516 καὶ
3561 1459 3663 1521 τὰς
3700 1453 3955 1514 Ἰταλίας,

2386 1572 2574 1628 καὶτὰ
2610 1571 2770 1640 μέχρι
2812 1564 3099 1635 Ἐσπερίου
3152 1557 3408 1615 Ὀκεανοῦ
3460 1557 3763 1624 σύμπαντα
3810 1547 3956 1615 ἔθνη,

2385 1666 2560 1721 ὁπόσα
2597 1663 2697 1730 τῆς
2733 1657 3022 1727 Ῥωμαίων
3068 1655 3485 1723 ὲπικρατήσεως
3508 1647 3599 1721 ἦν.

2460 1756 2517 1811 ι’.
2544 1758 2601 1812 Ὀ
2631 1755 2683 1808 δὲ
2709 1751 3089 1810 Κωνστάντιος
3117 1745 3290 1799 ταῦτα
3322 1744 3650 1812 πυθόμενος,
3677 1739 3958 1810 ἐταράχθη

2389 1866 2471 1915 τε,
2506 1847 2698 1915 ὥσπερ
2727 1841 2874 1904 είκδς
2905 1835 2992 1910 ἦν,
3023 1837 3119 1891 καὶ
3154 1836 3284 1905 περὶ
3325 1827 3962 1887 Κωνσταντινουπόλεως

2394 1938 2625 2008 μάλιστα
2643 1914 2844 1995 δείσας,
2864 1928 2959 1997 μὴ,
2975 1929 3112 1995 ὅπερ
3134 1925 3384 1984 κακεῖνος
3405 1921 3682 1982 διενοεῖτο,
3704 1914 3961 1983 φθάσειεν

2391 2000 2559 2095 αὐτὴν
2589 2022 2679 2091 ὑφ’
2712 2018 2902 2073 ἑαυτὸν
2955 2013 3323 2081 ποιησάμενος
3352 2049 3367 2073 ,
3414 2008 3669 2073 ἐπείγετο
3726 2001 3875 2055 κατὰ
3905 2000 3964 2052 τὸ

2391 2094 2613 2172 δυνατὸν
2647 2107 3101 2184 προκαταλαϐεῖν.
3140 2104 3229 2157 Ἐν
3256 2105 3368 2172 ὅσῳ
3396 2100 3453 2155 δὲ
3495 2102 3523 2153 6
3553 2098 3788 2169 στρατὸς
3821 2094 3967 2161 αὒτῷ

2394 2210 2733 2277 συνελέγετο,
2788 2201 2932 2257 κατὰ
2968 2199 3068 2261 τὰς
3125 2195 3307 2258 πόλεις
3357 2194 3457 2261 τῆς
3507 2190 3687 2259 Ἐᾠας
3720 2186 3955 2240 ἐσκεδα-

2397 2303 2615 2370 σμένος,
2649 2297 2743 2349 καὶ
2769 2292 2990 2363 ἔμελλεν
3019 2284 3383 2357 ἐξαρτύεσθαι
3423 2282 3498 2343 ὡς
3523 2280 3664 2349 πρὸς
3696 2278 3969 2343 τοσαύτην

2396 2395 2537 2455 ὁδὸν,
2593 2388 2853 2456 σημαίνει
2881 2385 2991 2446 τοῖς
3020 2379 3341 2439 ἐπισκόποις
3370 2377 3446 2438 εἰς
3478 2373 3577 2441 τὴν
3606 2372 3850 2423 Νίκαιαν
3882 2369 3971 2421 αὖ·

2397 2487 2489 2539 τόν
2533 2485 2607 2547 ὡς
2641 2484 2721 2535 ὃτι
2750 2480 2980 2548 τάχιστα
3008 2472 3240 2543 ὀφθῆναι
3274 2464 3760 2538 προαφικομένους
3789 2479 3804 2491 ·
3847 2462 3972 2525 ἐμε-

2398 2579 2525 2631 λέτα
2555 2576 2662 2643 γὰρ
2706 2576 2763 2626 ἐν
2806 2572 2941 2639 αὐτῇ
2978 2563 3239 2631 δευτέραν
3288 2554 3656 2624 συγκροτῆται
3713 2550 3953 2602 σύνοδον.

2402 2641 2684 2727 πειρατῶν
2724 2646 2999 2719 δυσσεϐὦν
3040 2650 3377 2724 ’Λρῤειανῶν
3419 2646 3557 2698 κατᾶ
3602 2643 3697 2695 τοῦ
3739 2641 3965 2708 Ὀμοου-

2405 2726 2518 2816 σίου
2546 2754 3035 2827 παροτρυνόμενος.
3076 2744 3227 2798 Ἐπεὶ
3270 2743 3326 2795 δὲ
3366 2740 3463 2809 τὴν
3517 2735 3779 2790 Κιλικίαν
3827 2730 3970 2795 διεξ-

2403 2851 2593 2910 ελθὼν,
2635 2849 2713 2909 εἰς
2751 2845 2847 2906 τὰς
2893 2840 3081 2910 Μόψου
3100 2834 3439 2904 καλουμένας
3471 2830 3681 2900 κρήνας
3707 2826 3960 2894 ἀφίκετο.

2406 2940 2662 2997 ἀσθένειά
2693 2955 2779 3001 τις
2830 2932 2978 3002 αὐτῷ
3004 2928 3333 2997 ἐξαπιναίως
3362 2922 3671 2993 προσέπεσε
3698 2963 3713 2981 ,
3753 2919 3851 2969 καὶ
3889 2916 3982 2981 οὐχ

2405 3032 2514 3099 οἷός
2552 3052 2609 3087 τε
2731 3031 2820 3081 ἐπὶ
2845 3027 2906 3080 τὸ
2932 3025 3120 3094 πρόσω
3140 3021 3357 3089 χωρεῖν,
3407 3015 3494 3076 Ὠς
3520 3012 3578 3065 δὲ
3609 3011 3815 3081 ᾔσθετο
3852 3008 3986 3075 91-3-

2407 3131 2514 3190 λως
2549 3127 2685 3195 ἔχων
2707 3122 2807 3191 ἤδη
2842 3119 2936 3171 καὶ
2967 3115 3064 3167 οὐκ
3093 3112 3158 3164 ἂν
3190 3108 3540 3178 βιωσόμενος,
3578 3101 3681 3172 τὴν
3719 3103 3986 3169 ταχίστην

736 3195 960 3261 Euzoio,
992 3197 1122 3264 petit
1154 3207 1208 3251 ut
1234 3198 1558 3267 baptizetur.
1594 3198 1657 3254 Et
1692 3215 1811 3253 cum
1853 3200 2180 3268 baptizatus,
2213 3216 2305 3269 pa-

2412 3221 2498 3273 τὸν
2531 3194 2858 3281 Ἀντιοχείας
2888 3207 3184 3260 ἐπίσκοπον
3205 3197 3442 3262 Εὺζώῖον
3460 3194 3985 3263 μεταπεμψάμενος,

738 3303 859 3340 rum
892 3288 1085 3342 fuisset
1122 3300 1420 3358 superstes,
1454 3289 1564 3344 illic
1590 3307 1619 3344 ο
1650 3292 1759 3343 vita
1792 3293 2027 3352 excedit,
2058 3307 2181 3344 cum
2208 3291 2310 3343 im-

738 3389 979 3450 perasset
1003 3381 1242 3450 integros
1270 3383 1629 3450 quadraginta
1665 3396 1855 3447 annos,
1886 3382 2070 3453 viginti
2094 3383 2310 3454 quidem

740 3492 863 3531 cum
902 3486 1075 3546 patre,
1112 3476 1257 3531 solus
1280 3486 1460 3530 autem
1492 3476 1749 3547 reliquos.
2026 3482 2036 3490 ‘

812 3673 907 3728 XI.
941 3674 1076 3729 Cum
1121 3689 1244 3728 eum
1297 3682 1481 3726 autem
1544 3671 1851 3727 deflevisset
1900 3673 2194 3737 exercitus,
2260 3683 2315 3731 et

743 3769 891 3835 justa
929 3766 977 3818 ei
1008 3765 1251 3827 fecisset,
1297 3763 1350 3816 in
1397 3778 1522 3817 arca
1572 3773 1898 3833 posuerunt,
1948 3778 2071 3818 cum
2122 3779 2319 3834 corpus

749 3857 1144 3911 instruxissent
1172 3855 1259 3918 iis,
1283 3872 1403 3925 quae
1436 3856 1613 3913 solent
1643 3856 1759 3911 ﬁeri
1790 3855 1857 3910 ad
1890 3856 2015 3923 hoc,
2048 3867 2106 3913 ut
2135 3857 2318 3925 duret,

750 3959 807 4005 et
835 3967 959 4004 cum
998 3949 1052 4002 in
1081 3965 1302 4003 currum
1336 3950 1752 4018 imposuissent,
1785 3950 2025 4004 tulerunt
2048 3949 2320 4006 Constan—

752 4042 1060 4113 tinopolim,
1095 4060 1219 4098 cum
1269 4042 1508 4109 propriis
1548 4041 1719 4094 armis
1770 4042 2145 4110 unusquisque
2197 4057 2321 4095 eum

757 4143 1051 4203 sequentes
1105 4131 1161 4184 in
1195 4131 1386 4185 eodem
1418 4135 1639 4192 ornatu,
1697 4144 1880 4198 quem,
1930 4130 2058 4183 dum
2097 4130 2323 4195 viveret,

759 4225 995 4279 habebat
1037 4222 1182 4276 inter
1220 4222 1520 4291 principes.
1586 4223 1765 4289 Atque
1819 4220 1856 4274 ii
1895 4221 2116 4289 quidem
2162 4236 2329 4276 vene-

762 4324 886 4368 runt
937 4311 1490 4380 ConstantinOpolim.
1561 4310 1821 4363 ducentes
1878 4324 2096 4377 corpus.
2170 4308 2330 4365 Venit

759 4417 937 4460 autem
967 4414 1021 4459 et
1049 4405 1319 4469 Julianus,
1360 4401 1713 4472 proficiscens
1753 4416 1815 4455 ex
1842 4398 2089 4472 'lllyrico,
2142 4409 2196 4455 et
2219 4401 2330 4470 jam

763 4498 991 4551 firmiter
1050 4504 1240 4550 tenens
1302 4496 1612 4549 universum
1665 4494 1977 4564 imperium,
2028 4495 2177 4549 nullo
2210 4501 2334 4562 post

2415 3309 2677 3379 βαπτίσαι
2718 3301 2887 3385 ὶαὐτὸν
2937 3297 3243 3365 ἐπιτρέπει,
3301 3290 3395 3344 καὶ
3452 3287 3516 3357 δὴ
3574 3285 3990 3356 βαῃισάμενος

2413 3375 2508 3458 καί
2539 3375 3026 3470 μικρὸνὲπιϐιοῦς,
3077 3385 3272 3440 αὐτόθι
3307 3381 3591 3451 προλείπει
3634 3378 3697 3430 τὸ
3735 3377 3869 3470 ζῇν,
3898 3375 3990 3470 βα.

2416 3461 2670 3548 σιλεόσας
2712 3484 2781 3537 τὰ
2825 3481 3119 3548 σύμπαντα
3167 3476 3262 3541 ἐτη
3292 3470 3721 3539 τεσσαράκοντα,
3775 3467 3850 3516 τὰ
3898 3461 3993 3531 μὲν

2417 3580 2593 3642 εἴκοσι
2648 3570 2787 3642 μετὰ
2838 3565 2933 3621 τοῦ
2982 3563 3258 3631 πατέρος,
3302 3560 3459 3627 μόνος
3497 3556 3556 3607 δὲ
3604 3555 3677 3605 τὰ
3711 3553 3991 3605 ἐπίλοιπα.

2630 3627 2802 3717 [iam
2846 3660 2904 3714 δὲ
2948 3659 2980 3728 ἡ
3034 3627 3265 3726 στρατιὰ
3320 3645 3727 3717 ὀλοφυρομένη,
3784 3644 3885 3696 καὶ
3930 3642 3995 3693 τὰ

2419 3756 2756 3827 νομιζόμενα
2811 3749 2898 3804 ἐπ’
2955 3746 3107 3815 αὑτῷ
3158 3743 3447 3804 τελέσαοα,
3508 3737 3748 3807 λάρνακι
3809 3732 3997 3786 τοῦτον

2420 3848 2697 3910 ἐνέθεσαν,
2734 3845 2846 3905 τοῖς
2876 3839 3122 3894 εἰωθόσιν
3147 3836 3225 3897 είς
3255 3834 3317 3885 τὸ
3357 3832 3649 3901 διαρκέσαι
3690 3827 3999 3881 σκευάσαν-

2420 3960 2512 4006 τες
2536 3941 2626 3994 τὸν
2651 3936 2875 4006 νεκρὸν,
2908 3932 3004 3985 καὶ
3038 3929 3121 3989 εἰς
3148 3912 3365 3994 ἅμαξαν
3392 3922 3700 3990 ἐνθέμενοι,
3739 3918 4000 3989 ἐκόμιζον

2425 4035 2519 4086 ἐπὶ
2598 4030 2694 4099 τὴν
2767 4016 3363 4078 Κωνσταντινούπολιν,
3434 4013 3531 4064 σὺν
3590 4014 3711 4071 τοῖς
3781 4012 4003 4069 οἰκείοις

2427 4127 2658 4183 ἕκαστος
2689 4118 2873 4177 ὅπλοις
2904 4111 3053 4181 αὖτῷ
3084 4106 3434 4176 ἐφεπόμενοι,
3474 4103 3569 4155 καὶ
3603 4104 3752 4154 κατὰ
3783 4106 3880 4155 τὸν
3916 4104 4006 4155 αὖ.

2426 4218 2518 4270 τὸν
2568 4214 2773 4279 κόσμον
2810 4209 2979 4276 ὅνπερ
3021 4202 3117 4256 καὶ
3157 4199 3356 4263 ζῶντος
3394 4198 3451 4249 ὲν
3492 4196 3608 4257 τοῖς
3641 4196 3889 4265 ἡγεμόσι
3930 4212 4009 4245 τε-

2428 4307 2697 4374 ταγμένοι
2738 4299 3057 4367 ἐτύγχανον.
3102 4286 3396 4360 Οὖτοιμὲν
3431 4286 3495 4357 δὴ
3524 4286 3627 4354 τὴν
3658 4286 4011 4339 Κωνσταντι-

2383 4453 2393 4467 ,
2431 4394 2686 4451 νούπολιν
2717 4387 2863 4456 εἶχον
2898 4387 3123 4451 ἄγοντες
3150 4383 3241 4435 τὸν
3272 4379 3485 4448 νεκρὸν,
3520 4380 3618 4429 καὶ
3649 4378 3679 4429 6
3719 4377 4011 4436 Ἰουλιανὸς

2439 4483 2862 4553 συνομάρτησεν
2904 4477 2968 4529 ὲκ
3007 4473 3116 4527 τῶν
3177 4470 3450 4538 Ἰλλυριῶν
3491 4467 3865 4536 ἀφικόμενος,
3924 4468 4013 4519 καὶ

766 4599 992 4643 mortem
1022 4587 1320 4645 Constantii
1356 4602 1489 4641 auso
1519 4586 1570 4640 ei
1626 4600 1947 4655 repugnare.
1978 4583 2113 4639 Cum
2148 4594 2309 4638 auten

2435 4580 2534 4649 ἤδη
2570 4574 2799 4646 βεῦαίως
2835 4571 2973 4640 ἔχων
2989 4566 3087 4638 τὴν
3119 4566 3299 4617 πᾶσαν
3323 4559 3621 4631 βασιλείαν,
3657 4560 3882 4621 οὐδενὸς
3922 4560 4009 4611 αὑ-

766 4687 999 4739 ferretur
1079 4695 1275 4748 corpus
1324 4679 1378 4731 in
1452 4677 1709 4745 templum
1755 4674 1853 4729 SS.
1906 4675 2330 4743 Apostolorum,

768 4775 858 4834 ubi
895 4788 1061 4845 prope
1102 4780 1311 4842 patrem
1334 4783 1457 4823 eum
1488 4776 1639 4821 erant
1664 4765 1916 4837 posituri,
1938 4765 2179 4819 Julianus
2206 4782 2319 4835 Ipse

771 4867 1106 4936 praecedebat
1131 4864 1351 4923 lectum,
1392 4857 1553 4928 capiti
1586 4858 1766 4911 ablato
1800 4856 2121 4909 diademate.
2170 4854 2324 4908 Post-

769 4970 931 5024 quam
967 4963 1148 5008 autem
1185 4966 1310 5005 eum
1356 4949 1709 5018 sepelierunt,
1759 4949 1869 5016 jam
1902 4946 2125 4999 veniens
2162 4944 2215 4995 in
2254 4959 2339 4999 re-

770 5046 934 5115 giam,
965 5055 1091 5098 tunc
1121 5057 1307 5095 rursus
1344 5040 1601 5108 imposuit
1626 5038 1893 5097 diadema,
1928 5049 1980 5090 et
2026 5050 2206 5089 rerum
2241 5050 2335 5104 po-

773 5139 1026 5201 tiebatur,
1056 5137 1204 5189 solus
1227 5136 1338 5205 jam
1370 5132 1740 5185 Romanorum
1770 5128 2083 5182 universum
2111 5127 2338 5195 adeptus

773 5231 1083 5301 imperium.
1130 5228 1265 5282 Cum
1312 5241 1439 5295 ergo
1482 5223 1804 5277 excessisset
1858 5219 2225 5281 Constantius,
2284 5217 2338 5269 in

773 5341 887 5382 eos.
926 5322 1013 5391 qui
1064 5321 1361 5384 restabant,
1410 5325 1463 5370 et
1518 5316 1752 5370 maxime
1794 5311 1885 5379 qui
1933 5319 2151 5380 propter
2202 5308 2342 5362 invi-

775 5419 918 5470 diam
964 5415 1308 5485 praabuerant
1334 5424 1551 5462 causam
1582 5407 1715 5463 Galli
1748 5404 2059 5467 occisionis,
2108 5402 2203 5455 ira:
2229 5416 2343 5458 suae

776 5509 1046 5562 fervorem
1077 5503 1314 5558 ostendit
1341 5500 1592 5554 Julianus
1638 5498 1704 5551 Et
1734 5496 1934 5550 statim.
1965 5492 2198 5546 Eusebio
2217 5492 2343 5563 qui-

776 5602 898 5653 dem
934 5596 1226 5667 praposito
1253 5602 1414 5659 caput
1445 5589 1656 5651 adimit,
1696 5585 1836 5656 quod
1883 5584 2105 5637 omnino
2131 5582 2345 5637 videre-

781 5704 868 5745 tur
896 5691 1010 5744 suis
1041 5686 1325 5742 calumniis
1351 5684 1502 5739 Gallo
1531 5681 1730 5733 czedetn
1767 5678 2090 5739 adornasse;
2121 5675 2345 5729 Paulum

781 5795 960 5838 autem
993 5782 1315 5851 Hispanum,
1344 5777 1435 5847 qui
1466 5785 1583 5829 erat
1618 5789 1756 5825 unus
1780 5787 1843 5824 ex
1880 5767 2070 5823 scribis
2109 5768 2340 5837 impera-

788 5876 938 5939 toris,
981 5874 1141 5930 tradit
1194 5870 1324 5943 igni,
1360 5868 1531 5936 utqui
1582 5868 1632 5935 in
1669 5862 1876 5918 Gallum
1922 5860 2097 5914 fuerat
2159 5863 2350 5915 acerbe

2436 4672 2526 4722 τὸν
2573 4666 2710 4737 μετὰ
2759 4662 2852 4716 τὸν
2904 4657 3286 4715 Κωνσταντίου
3330 4652 3559 4707 θάνατον
3609 4651 4013 4718 ἐναντιωθῆναι

2435 4758 2831 4825 τολμήσαντος.
2879 4745 3246 4816 κομιζομένου
3292 4742 3350 4794 δὲ
3399 4741 3493 4793 τοῦ
3551 4737 3756 4807 νεκροῦ
3792 4739 3888 4790 ἐπὶ
3921 4740 4005 4790 τὸν

2438 4848 2574 4902 νεὼν
2613 4845 2719 4898 τῶν
2758 4841 3118 4902 Ἀποστόλων,
3153 4836 3240 4887 ἴνα
3293 4849 3396 4904 περ
3442 4833 3605 4883 αὐτὸν
3654 4832 3992 4898 καταθήσειν

2440 4938 2669 5008 πλησίον
2727 4934 2822 4986 τοῦ
2878 4930 3086 4999 πατρὸς
3139 4924 3390 4996 ἔμελλον.
3444 4921 3607 4982 αὐτὸς
3665 4923 3865 4989 ἡγεῖτο
3922 4919 4015 4984 τῆς

2441 5032 2629 5097 κλίνης
2686 5028 2714 5078 6
2790 5020 3094 5081 Ἰουλιανὸς,
3164 5017 3226 5069 τὸ
3302 5015 3540 5083 διάδημα
3612 5014 3717 5081 τῆς
3776 5011 4015 5078 κεφαλῆς

2443 5122 2729 5189 περιελων.
2764 5116 2917 5168 Ἐπεὶ
2958 5115 3012 5165 δὲ
3058 5109 3264 5179 ἔθαψαν
3314 5106 3499 5171 αὐτὸν,
3530 5105 3629 5156 ἐπὶ
3664 5103 3738 5157 τὰ
3770 5104 4017 5172 βασίλεια

2442 5216 2541 5284 ἢδη
2573 5208 3070 5276 ἀπαλλαττόμενος,
3102 5206 3161 5255 τό
3188 5217 3249 5254 τε
3282 5198 3517 5284 διάδημα
3552 5191 3715 5259 αὖθις
3765 5195 4012 5246 ἐπέθετο.

2445 5283 2555 5357 Καὶ
2584 5302 2692 5356 τῶν
2736 5296 3077 5370 πραγμάτων
3128 5290 3403 5362 ἐγκρατὴς
3434 5283 3524 5358 ἦν,
3560 5285 3725 5354 μόνος
3763 5287 3872 5355 ήδη
3926 5283 4018 5348 τὴν

2459 5392 2745 5462 Ῥωμαίων
2781 5389 2909 5457 ὃλην
2937 5382 3213 5453 βασιλείαν
3243 5378 3696 5443 ὑποζωσάμενος.
3744 5378 3908 5429 Ἐπεὶ
3936 5376 4022 5429 οὑν

2446 5489 2476 5539 ὁ
2511 5482 2889 5542 Κωνστάντιος
2925 5480 2989 5530 ὲκ
3028 5476 3208 5529 ποδὼν
3239 5470 3329 5544 ἦν,
3370 5474 3451 5533 είς
3488 5472 3616 5532 τοὺς
3647 5470 4024 5537 ὑπολειπομέ-

2450 5598 2570 5641 νους
2600 5578 2691 5631 καλ⁵
2728 5575 2956 5643 μάλιστα
2994 5570 3074 5639 τῷ
3101 5569 3281 5637 φθόνῳ
3322 5566 3420 5635 τὴν
3446 5565 3629 5617 αἰτίαν
3667 5567 4025 5633 παρασχομέι

2455 5689 2575 5732 νους
2611 5674 2708 5739 τῆς
2745 5664 3077 5733 ἀναιρέσεως
3126 5658 3350 5722 Γάλλου,
3404 5656 3640 5723 ἁνεψυχε
3678 5658 3741 5706 τδ
3774 5654 3907 5719 ζέον
3933 5659 4020 5718 τὴς

2454 5765 2621 5832 ἀργῆς
2680 5756 2984 5818 Ἰουλιανὸς.
3044 5754 3135 5805 καὶ
3199 5750 3396 5803 αὐτίκα
3458 5745 3726 5798 Εὖσέδιον
3784 5748 3891 5815 μὲν
3942 5748 4027 5797 τὸν

2458 5856 2823 5922 Πραιπὸσιτον
2880 5849 2973 5914 τῆς
3035 5845 3275 5913 κεφαλῆς
3328 5841 3686 5907 ἀφαιρεῖται,
3742 5838 3889 5893 διότι
3939 5855 4026 5905 την
