4136 6534
171 471 306 538 1173

1322 472 1796 534 MARTYRlUM
1843 475 1903 535 S.
1948 473 2299 535 ARTEMII.

3294 463 3430 529 1174

166 588 337 660 ἀρχὴν
365 587 619 655 ἐφαίνετο
644 586 711 639 ἐκ
736 585 847 639 τῶν
868 585 1039 640 αὐτοῦ
1069 585 1332 638 διαϐολῶν
1351 625 1366 649 ,
1414 586 1507 639 τὸν
1536 586 1751 640 ἅπαντα
1781 639 1783 645 ι

1886 599 2128 644 uvectus.
2179 587 2382 643 Ambos
2428 601 2663 656 namque
2707 584 3102 640 Chalcedonem
3156 583 3324 646 misit,
3377 593 3432 638 et

163 683 240 751 τῷ
268 679 456 750 Γάλλῳ
505 679 665 747 φόνον
710 679 1219 750 συγκειρασάμενος
1251 696 1265 709 ·
1312 679 1526 732 Παῦλον
1566 679 1621 732 δὲ
1656 679 1747 733 τὸν

166 772 376 826 Σπανὺν
431 773 511 833 είς
563 771 691 833 τοὺς
754 770 1109 838 ὑπογραφέας
1166 769 1262 822 τοῦ
1327 769 1598 839 βασιλέως
1660 788 1750 823 τε·

165 864 384 928 λοῦντα,
425 864 564 934 πυρὶ
610 862 1003 934 παραδίδωσιν,
1063 862 1140 925 ῶς
1167 861 1339 917 πολλά
1383 863 1449 931 δὴ
1491 861 1639 932 μάλα
1671 862 1752 932 τῷ

169 958 358 1027 Γάλλῳ
388 955 894 1024 ἐμπικρανάμενον.
945 952 1189 1018 Τούτους
1235 955 1334 1024 μέν
1382 951 1478 1007 οῦν
1511 957 1754 1024 ἀμφοτέ-

176 1067 299 1119 ρους
335 1049 416 1110 εἰς
449 1049 550 1120 τὴν
583 1047 903 1116 Χαλκηδόνα
925 1047 1246 1115 διαπέμψας
1270 1086 1283 1109 ,
1317 1048 1436 1098 ἐκεῖ
1467 1049 1532 1115 τῇ
1566 1047 1756 1118 οἰκείᾳ

172 1137 295 1207 δίκῃ
331 1137 532 1204 ὑπάγει
593 1138 898 1206 ἑκάτερον,
953 1137 1134 1189 ἀνεῖλε
1190 1135 1245 1187 δὲ
1295 1137 1393 1189 καὶ
1427 1137 1757 1191 Γαυδέντιον

184 1228 496 1299 στρατηγὸν
518 1230 620 1297 τῆς
655 1228 933 1297 Ἀφρικῆς
959 1268 975 1292 ,
1012 1230 1106 1280 καὶ
1138 1228 1334 1290 ἄλλους
1373 1228 1525 1290 τινὰς
1572 1228 1758 1280 ὀπόσοι

171 1325 331 1384 τιείς
362 1323 525 1374 αὑτὸν
557 1321 1028 1392 πεπαρῳνήκεσαν
1051 1336 1065 1349 ·
1108 1319 1244 1373 ἀλλὰ
1276 1319 1503 1384 τούτους
1531 1321 1629 1388 μὲν
1672 1320 1761 1372 διὰ

175 1414 526 1484 γραμμάτων
556 1413 805 1476 ἐκόλασε,
847 1411 938 1464 τὸν
985 1412 1044 1464 δὲ
1100 1412 1195 1464 τοῦ
1225 1412 1464 1482 Χριστοῦ
1510 1413 1762 1482 μάρτυρα

175 1507 268 1557 καὶ
317 1507 566 1570 γενναῖον
617 1503 856 1575 ἀθλητὴν
899 1505 1187 1574 Ἀρτέμιον
1260 1505 1422 1567 αὐτὸς
1469 1504 1537 1556 δι’
1568 1504 1763 1556 ἐαυτοῦ

178 1598 241 1650 ἐν
267 1596 576 1667 Ἀντιοχείᾳ
619 1595 815 1666 παρὼν
863 1597 959 1649 καὶ
993 1598 1239 1668 παρόντα
1268 1597 1355 1650 διὰ
1385 1598 1486 1664 τὴν
1521 1600 1600 1660 εἰς
1630 1599 1766 1664 Χρι-

177 1689 305 1741 om
333 1689 654 1759 ὁμολογίαν,
686 1687 1072 1757 ἀπανθρώπως
1095 1688 1343 1752 ἐκόλασε,
1372 1689 1465 1740 καὶ
1493 1689 1590 1757 τῆς
1613 1706 1765 1756 παρα

177 1780 352 1848 ούσης
408 1780 571 1833 αὑτὸν
605 1781 1003 1848 ἀπεγύμνωσεν
1035 1779 1309 1842 ἐξουσίας,
1351 1779 1425 1848 μὴ
1465 1779 1645 1848 φέρων
1671 1779 1768 1848 τὴν

179 1871 352 1924 αὐτοῦ
390 1871 705 1941 παρρησίαν
741 1875 833 1924 καὶ⁵
879 1871 1152 1925 ἔνστασιν.
1211 1871 1270 1922 '0
1307 1872 1414 1939 γὰρ
1459 1870 1765 1935 Ἰουλιανὸς,

179 1963 254 2022 ῶς
281 1962 598 2030 δεδήλωται,
631 1965 728 2031 τὴν
750 1963 860 2015 τῶν
899 1963 1190 2032 Ῥωμαίων
1221 1963 1585 2034 περιθέμενος
1619 1964 1770 2034 βασι-

180 2053 357 2118 λείαν,
392 2053 692 2118 ἐσπούδαζε
723 2055 960 2123 μάλιστα
1002 2055 1094 2108 τὸν
1140 2055 1502 2125 Ἐλληνισμὸν
1543 2057 1773 2126 ἐπανορ-

188 2141 344 2197 θοῦν.
381 2145 675 2215 Πανταχοῦ
707 2148 891 2199 τοίνυν
923 2147 1233 2216 γράμματα
1277 2146 1728 2215 διαπεμπόμενος
1754 2187 1768 2211 ,

183 2237 410 2291 ἐκέλευε
468 2238 537 2291 τὰ
584 2238 792 2293 τούτων
843 2241 1048 2309 τεμένη
1098 2239 1352 2301 καὶτοὺς
1395 2240 1613 2309 βωμοὺς
1673 2243 1768 2294 ἀνι

192 2330 390 2398 ιστᾷν,
434 2331 571 2398 μετά
608 2330 811 2400 ⁸πολλῆς
853 2333 986 2400 ὅσης
1016 2331 1114 2403 τῆς
1147 2331 1381 2400 σπουδῆς
1420 2349 1479 2383 τε
1511 2334 1602 2384 καὶ.
1637 2350 1772 2400 προ-

185 2419 416 2486 θυμίας,
460 2422 555 2473 κα¹ι
591 2423 723 2482 ὅσας
765 2425 792 2475 ό
838 2423 1014 2492 μέγας
1064 2423 1479 2488 Κωνσταντίνος
1515 2427 1634 2488 ταῖς
1679 2427 1772 2477 ἐκ-

1856 677 1962 733 illic
1993 691 2286 747 utrumque
2318 693 2419 733 suo
2445 677 2627 750 affecit
2653 676 2937 747 supplicio.
2966 673 3237 730 lnterfecit
3266 677 3430 730 etiam

1855 769 2221 828 Gaudentium
2281 772 2473 827 ducem
2521 771 2792 826 exercitus
2835 770 3051 832 Africm,
3077 779 3129 823 et
3169 768 3430 838 quosdam

1855 867 2010 930 alios,
2051 865 2144 935 qui
2176 866 2225 920 ei
2261 865 2673 920 insultaverant.
2711 861 2816 918 Sed
2863 878 2957 917 eos
3005 855 3223 931 quidem
3254 860 3432 931 puniit

1857 975 1955 1030 per
2011 959 2254 1024 litteras;
2313 957 2513 1013 Christi
2560 967 2742 1012 autem
2792 965 3080 1025 martyrem
3137 964 3191 1008 et
3239 953 3433 1008 fortem

1858 1052 2116 1106 athletam
2145 1050 2469 1117 Artemium,
2497 1049 2613 1120 ipse
2650 1066 2748 1119 per
2777 1064 2837 1104 se
2867 1047 3165 1102 Antiochia
3195 1062 3435 1116 praesens

1859 1153 2183 1212 praesentem
2217 1151 2441 1214 prepter
2466 1141 2668 1198 Christi
2695 1142 3101 1197 confessionem
3135 1140 3436 1194 inhumane

1863 1237 2061 1306 puniit,
2119 1245 2174 1290 et
2207 1252 2293 1298 ea,
2330 1249 2490 1304 quam
2551 1233 2807 1299 habebat,
2859 1234 3096 1303 privavit
3145 1240 3434 1303 potestate,

1862 1344 1972 1383 non
2007 1328 2188 1382 ferens
2217 1328 2336 1397 ejus
2367 1327 2579 1381 dicendi
2612 1327 2918 1382 libertatem
2952 1335 3007 1380 et
3051 1325 3437 1380 constantiam.

1863 1420 2112 1474 Julianus
2151 1419 2318 1481 enim,
2353 1434 2498 1481 cum,
2533 1429 2592 1472 ut
2622 1428 2900 1473 ostensum
2927 1427 3031 1480 est,
3064 1417 3437 1470 Romanorum

1867 1521 2184 1581 usurpasset
2231 1511 2544 1580 imperium,
2594 1511 2831 1563 maxime
2902 1508 3153 1563 studebat
3200 1508 3443 1578 gentium

1868 1617 2109 1658 errorem
2145 1603 2195 1653 in
2225 1614 2383 1654 suum
2413 1601 2590 1654 locum
2621 1599 2934 1654 restituere.
2966 1598 3020 1652 In
3049 1612 3238 1652 omnes
3264 1597 3445 1666 itaque

1869 1706 2046 1764 partes
2084 1693 2312 1752 mittens
2351 1691 2561 1746 litteras
2605 1691 2830 1760 jubebat
2877 1691 3101 1745 deorum
3159 1689 3359 1759 templa
3392 1698 3446 1741 et

1871 1786 2058 1838 altaria
2089 1794 2341 1854 prompto
2372 1795 2428 1838 et
2469 1783 2633 1836 alacri
2684 1783 2852 1836 animi
2910 1782 3090 1836 studio
3130 1781 3355 1844 exStrui,
3394 1790 3449 1833 et

1873 1892 2223 1947 quoscunque
2263 1877 2472 1932 reditus
2525 1891 2754 1945 magnus
2777 1875 3170 1930 Constantinus
3202 1873 3450 1927 attribuit

1873 1971 2144 2035 ecclesiis,
2179 1979 2233 2024 et
2263 1971 2382 2040 ejus
2409 1968 2548 2023 filius
2587 1967 2958 2030 Constantius,
3001 1981 3096 2020 eos
3125 1965 3350 2030 ademit,
3395 1973 3450 2019 et

1872 2058 2088 2126 templis
2113 2057 2458 2112 consecravit
2492 2054 2782 2118 idolorum,
2813 2069 2911 2123 pro
2957 2051 3250 2123 episcOpis.
3299 2065 3451 2119 pres-

1872 2149 2072 2218 byteris
2098 2158 2153 2200 et
2182 2147 2453 2207 diaconis,
2503 2145 2851 2198 constituens
2895 2144 3149 2205 aedituos,
3201 2153 3451 2209 asperso.

1869 2257 1976 2301 res,
2029 2239 2304 2295 sacrificos
2334 2246 2390 2290 et
2434 2237 2814 2305 canephoros,
2862 2245 2916 2289 et
2947 2244 3284 2302 quaecunque
3347 2243 3452 2283 no-

1872 2333 2018 2386 mina
2067 2348 2224 2402 nugm
2260 2331 2553 2400 imponunt
2594 2327 2899 2398 gentilium.
2951 2326 3076 2380 Haec
3125 2323 3343 2393 quidem
3400 2329 3455 2373 et

1879 2424 1981 2477 alia
2022 2425 2226 2478 ﬁebant
2255 2419 2752 2489 ConstantinOpoli.

185 2508 448 2577 κλησίαις
503 2510 801 2580 προσόδους
858 2511 1151 2579 ἀπένειμε,
1210 2511 1303 2563 καὶ
1342 2515 1370 2564 ὸ
1407 2511 1600 2564 τούτου
1682 2514 1796 2575 υίὸς
1860 2513 2255 2577 Κωνστάντιος,
2322 2513 2528 2573 ταύτας
2583 2508 2821 2576 ἀφελὼν,
2877 2510 2993 2568 τοῖς
3046 2506 3156 2558 τῶν
3212 2502 3452 2557 εἰδώλων

185 2604 341 2664 ναοῖς
367 2601 695 2673 ἀφιέρωσεν,
727 2601 842 2655 ἀντ’
868 2602 1185 2655 ἐπισκόπων
1231 2605 1322 2654 καὶ
1375 2603 1769 2672 πρεσϐυτέρων
1832 2609 1927 2658 καὶ
1961 2605 2226 2657 διακόνων
2275 2604 2624 2672 καταστήσας
2673 2601 2962 2669 ζακόρους,
2999 2599 3094 2649 καὶ
3128 2597 3454 2664 νεωκόρους,

191 2695 292 2748 καὶ
338 2695 564 2765 ράντας,
601 2695 696 2747 καλ⁵
731 2692 897 2758 θύτας
920 2734 935 2759 ,
999 2695 1094 2748 καὶ
1123 2695 1469 2763 κανηφόρους
1494 2734 1508 2760 ,
1540 2695 1632 2746 καὶ
1659 2695 1791 2758 ὅσας
1822 2699 1850 2748 ὁ
1903 2696 2184 2765 ἑλληνικδς
2223 2694 2381 2754 ὕθλος
2421 2693 2743 2762 ἐπιφημίζει
2798 2691 3212 2763 προσωνυμίας.
3258 2687 3450 2744 Ταῦτα

195 2787 300 2856 μιν
338 2789 434 2839 καὶ
467 2788 633 2856 ἐτερα
679 2786 1035 2858 διεπράττετο
1073 2787 1214 2840 κατά
1259 2786 1362 2857 τὴν
1418 2788 2016 2842 Κωνσταντινούπολιν.

271 2879 374 2933 IB'.
400 2881 556 2932 Μετὰ
589 2882 645 2933 δὲ
671 2882 844 2935 ταῦτα
880 2881 1117 2950 μητέρος
1154 2881 1320 2933 αὑτοῦ
1361 2881 1589 2950 ἀδελφὸν
1618 2882 1777 2952 ἔχων,

196 2972 494 3030 Ὶουλιανδν
526 2974 792 3043 τοῦνομα.
838 2974 937 3043 τὴν
981 2973 1075 3026 τοῦ
1130 2974 1568 3044 Χριστιανισμοῦ
1597 2977 1780 3029 πίστιν

197 3067 292 3118 διὰ
351 3067 452 3136 τὴν
494 3065 705 3118 ἐκείνου
763 3068 922 3136 χάριν
970 3067 1402 3138 ἐξομοσάμενον,
1440 3070 1535 3120 καὶ
1576 3069 1780 3135 πολλὴν

200 3159 347 3227 ὑπὲρ
402 3157 498 3209 τοῦ
547 3159 1266 3229 Ἑλληνισμοῦ-προθυμίαν
1309 3158 1779 3221 ἐπιδεικνύμενον,

1958 2883 2071 2938 XII.
2107 2883 2232 2938 Post
2266 2883 2384 2937 haec
2433 2893 2614 2935 autem
2661 2894 2781 2933 cum
2835 2877 3027 2931 matris
3073 2889 3186 2930 sua:
3239 2873 3460 2928 haberet

1890 2976 2134 3040 fratrem,
2166 2977 2382 3030 nomine
2419 2975 2714 3034 Juliauum,
2765 2970 2856 3039 qui
2895 2980 2953 3023 ut
2996 2968 3072 3022 illi
3124 2966 3460 3037 gratificare-

1891 3082 1996 3133 tur,
2028 3070 2430 3124 Christianismi
2490 3068 2646 3123 ﬁdem
2703 3065 3072 3134 abiuraverat,
3131 3072 3185 3116 et
3233 3078 3331 3131 pro
3378 3077 3464 3114 er—

1892 3179 2012 3217 rore
2078 3165 2319 3232 gentium
2383 3162 2700 3216 ostendebat
2781 3166 3091 3227 promptqu
3159 3164 3213 3208 et
3289 3154 3464 3207 alacre

199 3249 446 3318 ᾶρχοντα
471 3249 567 3319 τῆς
600 3250 743 3320 ἐῴας
795 3252 854 3304 ὃν
909 3251 1137 3305 καλοῦσι
1192 3253 1410 3319 κόμητα
1451 3249 1783 3318 ἐξέπεμψεν,

1890 3256 2055 3310 animi
2101 3254 2366 3320 studium,
2420 3252 2601 3306 emisit
2663 3248 2900 3303 Orientis
2961 3258 3246 3307 rectorem,
3303 3259 3464 3313 quem

200 3339 615 3407 ἐντειλάμενος,
667 3341 736 3394 τὰ
792 3341 890 3409 μὲν
947 3343 1055 3394 τῶν
1098 3340 1406 3409 ἐκκλησιῶν
1485 3340 1790 3411 πράγματα

202 3429 417 3482 κακοῦν
460 3448 518 3483 τε
564 3433 659 3483 καὶ
713 3432 1082 3502 διαφθείρειν,
1131 3430 1409 3501 πανταχοῦ
1440 3431 1498 3483 δὲ
1556 3433 1650 3484 καὶ
1703 3433 1790 3486 διὰ

204 3523 392 3591 πάσης
425 3521 568 3586 ίδέας
587 3524 678 3577 τὸν
715 3523 1070 3594 Ἐλληνισμὸν
1101 3524 1288 3592 αὔξειν
1317 3542 1375 3577 τε
1399 3526 1493 3577 καὶ
1517 3525 1789 3597 ἐπαίρειν.

216 3611 280 3665 Ὀ
309 3613 366 3666 δέ
390 3616 733 3686 ἀφικόμενος
762 3619 819 3670 ἐν
851 3617 1150 3689 Ἀντιοχείᾳ
1168 3623 1428 3690 ἐπειρᾶτο
1449 3621 1649 3689 μείζων
1685 3620 1793 3673 τῶν

204 3707 620 3774 ἐντεταλμένων
647 3711 760 3769 τοῖς
809 3709 992 3778 ἔργοις
1026 3711 1334 3776 φαίνεσθαι,
1368 3712 1463 3763 καὶ
1510 3712 1573 3779 δὴ
1619 3729 1791 3780 προσ-

203 3799 535 3866 αφαιρείται
586 3797 686 3865 μὲν
754 3800 947 3854 πασῶν
982 3802 1091 3855 τῶν
1126 3801 1437 3873 ἐκκλησιῶν
1477 3805 1696 3859 ἅπαντα
1725 3805 1793 3858 τὰ

207 3889 499 3960 κειμήλια,
531 3891 634 3944 ὅσα
651 3893 709 3946 ἐν
731 3894 958 3965 ἀργύρῳ
987 3913 1046 3948 τε
1074 3896 1167 3949 καὶ
1198 3896 1387 3966 χρυσῷ
1422 3898 1517 3948 καὶ
1545 3899 1795 3966 σηρικοίς

206 3983 504 4052 ὑφάσμασι
533 3986 778 4052 διετέλει,
814 3989 1097 4042 ἀποκλείει
1133 3987 1189 4041 δὲ
1222 3989 1316 4042 καὶ
1349 3989 1447 4051 τὰς
1480 3989 1792 4059 ἐκκλησίας,

204 4075 306 4128 τοῦ
353 4078 427 4147 μή
498 4095 623 4133 τινα
676 4080 956 4151 είσφοιτᾷν
1001 4083 1058 4132 ἐν
1111 4081 1306 4143 αὐταῖς
1363 4081 1534 4151 εὐχῆς
1586 4081 1794 4145 ἕνεκα,

209 4171 442 4240 κλεῖθρα
487 4173 582 4224 καὶ
627 4175 880 4243 μυχχοὺς
924 4177 1034 4236 τοῖς
1069 4173 1305 4226 πολῶσιν
1330 4174 1626 4225 ἐπιϐαλών.
1682 4174 1794 4225 Καὶ

208 4260 388 4314 ταῦτα
422 4265 527 4332 μὲν
577 4265 720 4318 κατὰ
768 4266 866 4335 τὴν
894 4267 1169 4349 Ἀντιόχου
1218 4267 1374 4318 πόλιν
1404 4283 1416 4295 ·
1460 4266 1486 4317 ό
1511 4266 1608 4332 τῆς
1643 4264 1799 4317 Ἀνα-

207 4350 376 4417 τολῆς
439 4351 622 4420 άρχων
674 4355 982 4421 εἰργάζετο,
1042 4356 1069 4405 ὁ
1113 4354 1168 4404 δὲ
1214 4353 1462 4422 βασιλεὺς
1491 4353 1796 4418 Ἰουλιανὸς,

210 4441 296 4491 ἔτι
343 4442 487 4493 κατά
517 4440 616 4511 τὴν
643 4444 1223 4498 Κωνσταντινούπολιν
1260 4445 1460 4498 διεῖλκέ
1502 4463 1624 4497 τινα
1674 4447 1800 4516 χρὸ-

211 4552 329 4596 νον,
353 4532 421 4586 τὰ
443 4534 500 4585 ἐν
522 4534 695 4605 ταύτῃ
724 4536 1026 4604 κρατύνας,
1054 4541 1132 4600 είς
1155 4541 1292 4606 ὅπερ
1324 4538 1538 4606 ἐνόμιζε
1565 4539 1801 4608 μάλιστα

1891 3356 2088 3403 vocant
2119 3346 2393 3406 comitem,
2421 3344 2620 3414 jubens
2651 3350 2812 3396 utres
2841 3338 3058 3409 quidem
3113 3337 3464 3393 ecclesiarum

1892 3448 2114 3493 vexaret
2147 3449 2201 3491 et
2229 3438 2501 3504 perderet,
2537 3435 2738 3503 ubique
2764 3443 2942 3487 autem
2983 3440 3036 3484 et
3079 3430 3228 3484 omni
3261 3427 3468 3480 ratione

1892 3545 2133 3583 errorem
2166 3530 2407 3598 gentium
2446 3537 2670 3596 augeret
2699 3535 2754 3578 et
2803 3523 3108 3578 extolleret.
3161 3520 3253 3573 llle
3308 3518 3469 3589 igitur

1893 3638 2015 3678 cum
2043 3621 2284 3676 venisset
2318 3617 2688 3681 Antiochiam,
2740 3617 3044 3670 conabatur
3084 3613 3260 3680 rcipsa
3314 3611 3469 3680 plura

1895 3725 2171 3784 praestare,
2238 3728 2398 3780 quam
2448 3711 2494 3764 ei
2561 3710 2738 3764 fuerat
2784 3709 3128 3778 imperatum.
3180 3704 3245 3758 Et
3297 3702 3471 3757 eccle-

1896 3809 1992 3861 siis
2022 3805 2239 3875 quidem
2274 3805 2450 3860 aufert
2481 3816 2823 3871 quaecunque
2874 3799 3150 3853 habebant
3204 3796 3465 3865 pretiosa,

1900 3910 2004 3952 tam
2038 3902 2088 3952 in
2126 3909 2348 3968 argento
2381 3907 2431 3952 et
2459 3913 2610 3958 auro,
2651 3911 2812 3962 quam
2850 3895 2903 3946 in
2958 3893 3148 3946 sericis
3181 3891 3472 3945 vestimen.

1899 3992 1984 4045 tis.
2019 3990 2159 4055 Quin
2182 3991 2344 4044 etiam
2385 3989 2586 4043 claudit
2614 3985 2893 4046 ecclesias,
2936 4000 3006 4038 ne
3030 3985 3152 4054 quis
3177 3985 3228 4038 in
3265 3999 3357 4037 eas
3384 3983 3469 4035 in-

1899 4084 2215 4154 grederetur
2274 4081 2536 4152 precandi
2594 4094 2777 4141 causa,
2828 4077 3081 4131 claustris
3134 4087 3188 4130 et
3227 4075 3474 4129 vectibus

1896 4182 2076 4250 januis
2102 4178 2383 4247 impositis.
2417 4176 2481 4229 Et
2512 4178 2627 4230 htec
2655 4175 2876 4244 quidem
2901 4172 3206 4228 Antiochia:
3239 4172 3475 4225 faciebat

1902 4285 2083 4325 comes
2133 4269 2397 4322 Orientis.
2454 4267 2752 4336 Imperator
2805 4277 2986 4319 autem
3035 4265 3285 4319 Julianus
3330 4265 3472 4317 (οη-

1905 4359 2258 4430 stantinopoli
2299 4359 2521 4427 aliquod
2551 4358 2730 4412 adhuc
2771 4351 3088 4411 morabatur
3126 4366 3361 4424 tempus,
3390 4369 3477 4407 res

1904 4454 2231 4510 cnnfirmans
2257 4463 2308 4506 et
2343 4453 2726 4515 corroborans,
2762 4459 2923 4520 prout
2961 4449 3009 4504 ei
3054 4447 3288 4502 maxime
3311 4461 3477 4513 expc-

1904 4545 2019 4599 dire
2055 4543 2335 4597 videhatur
2359 4541 2587 4613 imperio
2622 4560 2634 4595 :
2667 4549 2720 4595 et
2769 4550 2828 4593 ut
2875 4555 3032 4594 error
3074 4536 3316 4608 gentium
3366 4551 3479 4589 ma-

207 4631 278 4696 τῇ
313 4626 563 4696 βασιλεία
578 4629 903 4698 συμφέρειν,
931 4632 1024 4682 καὶ
1053 4632 1182 4692 ὄπος
1211 4633 1236 4683 ὁ
1274 4630 1625 4701 Ἑλληνισμὸς
1654 4632 1783 4702 αὑτᾷ

1907 4637 2102 4706 gnifice
2167 4636 2557 4697 extolleretur,
2626 4633 2980 4687 considerans
3052 4639 3105 4684 et
3159 4643 3476 4698 procurans.

211 4723 358 4790 πρὸς
428 4724 488 4774 τὸ
551 4722 976 4791 μεγαλειότερον
1034 4723 1236 4794 ἐξαρθῇ
1307 4725 1530 4777 σκοπῶν
1588 4741 1645 4775 τε
1709 4726 1801 4776 καὶ

214 4815 773 4885 πραγματευόμενος.
813 4815 986 4886 Ἀρας
1015 4812 1106 4868 οὖν
1137 4819 1200 4869 ἐκ
1232 4819 1328 4886 τῆς
1362 4820 1804 4871 Κωνσταντινου-

216 4910 429 4968 πόλεως
463 4906 559 4958 σὺν
587 4910 752 4960 παντὶ
803 4908 880 4977 τῷ
930 4910 1148 4982 στρατῴ
1194 4911 1292 4982 τὴν
1335 4911 1427 4963 ἐπὶ
1458 4910 1555 4978 τῆς
1606 4911 1805 4980 Συρίας

212 5002 462 5054 ἐποιεῖτο
488 4999 628 5053 ὀδόν.

294 5093 392 5147 ll".
423 5091 663 5146 Διελθὼν
678 5093 860 5146 τοίνυν
883 5097 1102 5149 ἃπασαν
1135 5095 1231 5163 τὴν
1257 5097 1523 5163 Φρυγίαν,
1551 5097 1644 5149 καὶ
1670 5097 1806 5165 πρὸς

213 5187 317 5256 τὴν
348 5187 585 5255 ἐσχάτην
613 5187 783 5254 αὐτῆς
809 5189 962 5240 πόλιν
989 5190 1048 5240 τὸ
1071 5189 1408 5252 καλούμενον
1428 5187 1643 5240 Ἰκόνιον
1671 5205 1807 5241 κατ-

217 5279 496 5346 αντήσας,
573 5280 810 5342 ἐξέκλινε
848 5281 945 5350 τὴν
1004 5283 1276 5348 Ἰσαυρὶαν
1321 5278 1660 5334 καταλιπών.
1703 5280 1808 5333 Καὶ

216 5376 314 5421 τὸν
353 5369 648 5438 λεγόμενον
675 5373 888 5441 Ταῦρον
925 5373 1284 5443 ὑπεραναϐἀς
1324 5392 1336 5403 ο
1383 5370 1549 5442 ἦλθεν
1579 5373 1668 5423 ἐπὶ
1707 5374 1811 5435 τὰς

219 5461 414 5522 πόλεις
446 5459 546 5527 τῆς
576 5462 848 5528 Κιλικίας,
884 5463 976 5516 καὶ
1017 5465 1093 5533 τῷ
1142 5464 1370 5534 σταθμῷ
1413 5463 1808 5532 προσπελάσας

219 5553 304 5620 τῷ
336 5553 396 5603 ἐν
431 5551 587 5620 Ἰσσῷ
620 5553 786 5607 αὑτοῦ
819 5571 922 5607 που
952 5561 1294 5622 κατασκηνοί
1317 5597 1331 5620 ,
1382 5555 1474 5607 τὸν
1520 5557 1583 5606 ἐκ
1622 5556 1810 5608 Μακε-

219 5645 408 5706 δονίας
459 5643 806 5712 Ἀλέξανδρον
840 5649 1220 5717 μιμησάμενος
1257 5664 1271 5678 ο
1315 5647 1504 5700 αὐτόθι
1553 5646 1663 5713 γὰρ
1711 5649 1810 5701 κὰ-

224 5737 405 5795 κεῖνος
440 5737 497 5787 ἐν
535 5735 688 5807 Ἰσσῷ
739 5735 828 5787 τὸν
865 5739 995 5806 πρὸς
1026 5741 1250 5810 Δαρεῖον
1275 5741 1366 5792 τὸν
1403 5737 1628 5806 Περσῶν
1651 5741 1809 5807 βασι-

225 5826 324 5879 λέα
357 5829 721 5898 συνεκρότησε
752 5827 1006 5898 πόλεμον,
1038 5836 1132 5882 καὶ
1164 5828 1352 5883 τοῦτον
1379 5831 1632 5900 νικήσας,
1695 5834 1812 5884 ἐπί-

227 5933 408 5988 σημον
458 5917 547 5973 τὸν
600 5923 761 5976 τόπον
796 5921 1088 5989 εἰργάσατο

1176 5923 1384 5978 ἐκεῖθεν
1441 5923 1528 5975 τὸν
1576 5923 1810 5978 Ἰσσικόν

1906 4729 2098 4783 Postea
2160 4743 2288 4781 vero
2336 4726 2621 4780 discedens
2660 4722 3136 4792 ConstantinOpoli
3190 4736 3314 4775 cum
3360 4718 3480 4772 uui-

1908 4835 2066 4874 verso
2105 4819 2370 4879 exercitu,
2409 4817 2510 4870 iter
2535 4815 2764 4871 faciebat
2798 4816 2853 4868 in
2882 4812 3114 4883 Syriam.

1979 5091 2121 5148 XIII.
2170 5090 2304 5143 Cum
2351 5088 2532 5157 itaque
2581 5088 2888 5142 universam
2943 5085 3269 5152 pervasisset
3315 5080 3481 5150 Phry—

1909 5186 2068 5255 giam,
2099 5191 2152 5236 et
2188 5181 2254 5244 ad
2287 5182 2405 5250 ejus
2446 5180 2690 5233 ultimam
2725 5177 2963 5230 venisset
3020 5173 3318 5234 civitatem,
3362 5187 3482 5240 qua:

1912 5288 2134 5331 vocatur
2161 5275 2422 5335 Iconium,
2453 5272 2746 5326 declinavit
2777 5269 2962 5324 relicta
3002 5267 3228 5322 Isauria.
3258 5266 3322 5319 Et
3355 5279 3478 5318 cum

1912 5369 2174 5431 Taurum,
2201 5368 2291 5436 qui
2318 5365 2538 5424 dicitur,
2574 5369 2906 5433 superasset,
2942 5359 3090 5414 venit
3136 5359 3201 5410 ad
3234 5355 3482 5410 civitates

1910 5461 2132 5517 Ciliciae.
2172 5459 2308 5513 Cum
2341 5471 2468 5511 vero
2519 5455 2845 5510 accessisset
2893 5452 2959 5507 ad
3003 5451 3316 5511 stationem,
3364 5463 3484 5514 quae

1912 5564 1996 5608 est
2028 5556 2078 5606 in
2113 5553 2242 5610 Isso.
2275 5550 2382 5603 illic
2408 5557 2844 5609 castrametatur,
2875 5541 3224 5598 Macedonem
3257 5540 3484 5594 Alexan-

1913 5649 2068 5703 drum
2101 5645 2366 5698 imitatus.
2412 5641 2545 5695 Nam
2589 5641 2680 5693 ille
2717 5655 2934 5708 quoque
2964 5636 3014 5689 iu
3069 5635 3180 5690 Isso
3213 5647 3337 5688 cum
3383 5632 3486 5685 Da-

1915 5735 1997 5790 rio
2031 5750 2154 5804 rege
2190 5733 2475 5787 Persarum
2527 5730 2801 5784 commisit
2851 5725 3120 5796 praelium.
3170 5725 3288 5788 Quo
3319 5722 3482 5783 victo,

1917 5827 2092 5880 locum
2130 5824 2364 5880 reddidit
2398 5821 2684 5893 insignem.
2740 5818 2890 5872 Illinc
2943 5818 3122 5872 sinum
3188 5812 3488 5868 transmisit

1919 5920 2164 5985 Issicum,
2193 5927 2246 5974 et
2279 5915 2423 5973 venit
2459 5912 2821 5977 Antiochiam,
2856 5913 2988 5964 iram
3038 5909 3253 5982 spirans
3295 5906 3485 5960 adver-
