4136 6502
160 451 294 515 ῙΙΠ

1310 449 1784 517 MARTYmUM
1832 453 1893 512 S.
1930 455 2281 517 ARTEMII.

3281 449 3418 519 1178

156 559 288 611 ὀλλά
313 559 404 612 διὰ
435 560 527 614 τον
558 563 884 631 παρεστῶτα
917 563 1075 634 ὄχλον
1108 562 1192 618 ὅτι
1229 563 1332 633 τῆς
1358 564 1454 617 τοῦ
1486 561 1730 632 Χριστοῦ

1846 582 1987 632 nem,
2045 569 2304 638 quoniam
2340 567 2651 638 complures
2707 580 2773 621 ex
2823 565 2889 626 iis
2937 573 3066 622 sunt
3129 564 3198 622 de
3256 579 3420 637 grege

159 651 390 721 ποίμνης
439 654 489 706 οἱ
522 653 740 712 πλείους
773 656 956 709 αὐτῶν
1006 657 1394 724 τυγχάνουσιν,
1442 652 1597 710 εἶπον
1641 657 1742 708 ὅσα

164 740 232 814 δὴ
261 739 442 808 εἶπον,
489 745 584 799 καὶ
629 745 724 798 νῦν
768 748 857 798 ἐπ’
889 748 1088 814 ὀλίγων
1119 748 1254 817 ἐρῶ,
1290 749 1388 816 τῆς
1423 749 1606 802 αὐτῶν
1642 764 1742 818 κη-

163 839 386 908 δόμενος
421 840 701 909 σωτηρίας
723 879 737 901 ,
771 841 852 893 ὅτι
874 840 966 893 τὸν
997 842 1071 909 γῆ
1100 843 1312 895 ἄνωθεν
1344 844 1440 895 καὶ
1476 844 1580 912 τερδ
1614 845 1743 897 πολ-

160 927 267 982 λῶν
299 931 504 995 γενεῶν
540 935 587 986 οἱ
621 934 898 1003 προφῆται
940 934 1421 1004 προκατήγγειλαν
1448 939 1544 990 καὶ
1572 936 1742 988 πολλὰ

164 1024 261 1091 τῆς
301 1026 612 1094 παρουσίας
637 1029 803 1080 αὐτοῦ
837 1028 906 1081 τὰ
937 1029 1218 1100 μαρτύρια
1239 1067 1253 1088 ,
1286 1028 1350 1081 ἐκ
1375 1046 1434 1081 τε
1465 1029 1575 1080 τῶν
1611 1030 1740 1100 παρ’

169 1113 296 1180 ὑμῖν
326 1117 598 1183 χρησμῶν
630 1119 721 1171 καὶ
758 1120 815 1183 ἐξ
844 1122 1026 1174 αὐτῶν
1078 1122 1185 1205 τῷν
1219 1121 1533 1174 Σισιλλείων
1563 1139 1742 1190 γραμ-

174 1206 374 1270 μάτων.
434 1208 542 1259 Καὶ
585 1207 683 1273 τῆς
749 1212 1214 1280 ἑνανθρωπήσεως
1260 1210 1426 1264 αὑτοῦ
1481 1212 1513 1281 ἡ
1567 1212 1734 1277 αἰτία,

162 1299 250 1350 ἐπὶ
306 1299 554 1370 σωτηρίᾳ
609 1301 698 1353 καὶ
746 1303 1052 1370 ἀνακλήσεὲ
1105 1305 1203 1373 τῆς
1276 1303 1384 1358 τῶν
1434 1306 1740 1377 ἀνθρώπων

160 1389 494 1453 ἐκπτώσεως
533 1392 759 1456 γέγονεν
797 1408 811 1422 '
847 1393 1020 1446 ἐλθὼν
1047 1395 1157 1463 γὰρ
1185 1395 1279 1448 ἐπὶ
1300 1396 1400 1463 τῆς
1431 1395 1536 1465 γῆς
1560 1399 1739 1450 πᾶσαν

159 1482 310 1534 νόσον
345 1485 596 1552 ἀπήλασε
631 1487 723 1536 ml
755 1487 937 1538 πᾶσαν
969 1489 1266 1556 μαλακίαν,
1293 1491 1388 1541 καὶ
1420 1488 1740 1558 παραδόξως

159 1575 234 1625 ἑνὶ
269 1576 478 1644 ῥήματι
503 1578 728 1647 νεκροὺς
759 1579 995 1651 ἠγείρεν
1028 1581 1318 1646 ὀδωδότας,
1345 1581 1406 1636 τὸ
1439 1582 1493 1634 δὲ
1520 1581 1738 1636 πάντων

157 1668 644 1738 θαυμασιώτερον.
715 1671 858 1740 ὑπὲρ
905 1673 1006 1740 τῆς
1047 1673 1142 1725 τού
1190 1673 1398 1743 κόσμου
1461 1675 1738 1745 σωτηρίας

156 1758 348 1811 παθὼν
370 1761 432 1813 τὸ
465 1763 554 1815 διὰ
585 1765 824 1835 σταυροῦ
862 1765 1051 1830 πάθος,
1091 1768 1294 1833 ἀνέστη
1322 1768 1624 1837 τριήμερος
1674 1769 1738 1820 ἐκ

155 1852 264 1904 τῶν
313 1856 552 1920 νεκρῶν,
580 1856 684 1906 ὑπὸ
715 1858 1369 1928 μάρτυσιιπεντακοσίοις
1390 1890 1412 1921 ,-
1439 1860 1534 1912 καὶ
1567 1875 1736 1930 στρα-

157 1943 370 1993 τιωτῶν
401 1946 787 2016 φρουρούντων
818 1950 985 2004 αὑτοῦ
1015 1951 1107 2004 τὸν
1131 1952 1324 2020 τάφον,
1368 1953 1454 2006 ἴνα
1514 1953 1590 2022 μὴ
1634 1956 1736 2024 σχῇ

156 2035 341 2103 χώραν
373 2039 400 2089 ὁ
433 2041 532 2112 τὴν
569 2043 863 2095 ἀνάστασιν
895 2044 1059 2096 αὐτοῦ
1104 2047 1511 2114 συκοφαντῆσαι
1549 2045 1738 2114 βουλό-

159 2144 343 2194 μενος,
378 2131 476 2181 καὶ
503 2132 740 2196 ἀναστὰς
770 2137 833 2188 ἐκ
876 2135 1087 2204 νεκρῶν
1118 2135 1276 2206 ὤφθη
1318 2140 1430 2200 τοῖς
1465 2135 1739 2205 μαθηταῖς

159 2218 351 2281 αὑτοῦ,
389 2225 476 2290 ἐφ’
509 2225 662 2287 ὅλαις
693 2227 1105 2298 τεσσαράκοντα
1139 2230 1379 2299 ἡμέραις
1407 2230 1525 2297 μετ’
1556 2228 1738 2283 αὐτῶν

141 2316 767 2383 -συναναστρεφόμενος,
829 2319 927 2370 καὶ
957 2318 1212 2388 ὁρώντων
1254 2320 1436 2374 αὐτῶν
1475 2322 1568 2374 καὶ
1621 2320 1742 2390 βλε-

157 2401 370 2453 πόντων
427 2408 507 2467 είς
567 2409 830 2477 οὐρανοὺς
898 2413 1212 2482 ἀνελήφθη,
1277 2413 1376 2483 τὴν
1433 2415 1526 2468 ’1τοὖ
1583 2414 1738 2481 ἀγίθυ

157 2494 481 2560 Πνεύματος
520 2499 732 2567 δωρεάν
770 2503 1122 2573 καὶοδύναμιν
1161 2507 1378 2569 τούτοις
1424 2509 1740 2572 ἐξαποστεί-

155 2583 274 2648 λας,
309 2585 455 2638 ὣστε.
485 2593 580 2639 καὶ
614 2590 890 2657 γλώσσαις
929 2595 1237 2663 ἀλλογενῶν
1290 2597 1736 2664 ἀποφθέγγεσθαι

153 2680 245 2729 καὶ
277 2679 354 2747 μὴ
377 2680 570 2746 χρείαν
599 2681 762 2755 ἔχειν.
784 2684 876 2736 τοῦ
925 2685 1326 2756 ἑρμηνεύοντος
1360 2705 1376 2722 ο
1405 2689 1587 2742 ἐλάλει
1628 2691 1738 2759 γάρ

154 2770 211 2821 ἐν
241 2774 431 2836 αὐτοῖς
466 2775 523 2827 τι
556 2776 783 2847 Πνεῦμα
822 2779 885 2832 τὸ
923 2783 1100 2848 ἆγιον,
1159 2787 1251 2836 καὶ
1287 2783 1352 2837 τά
1394 2785 1584 2856 πόρρω
1625 2784 1741 2854 βλὲο

160 2884 287 2918 πειν
323 2868 526 2931 ἐδίδου,
551 2871 649 2952 ,καὶ
690 2875 1062 2939 προφητεύειν
1097 2877 1163 2928 τά
1195 2877 1456 2945 μέλλοντα
1496 2894 1511 2909 ⁶
1541 2880 1740 2944 οἵτινες

157 2957 472 3021 ἐξελθόντες
508 2961 780 3031 ἐκηρύξαν
811 2965 974 3016 οὑτον
1005 2969 1306 3036 πανταχοῦ,
1347 2970 1516 3038 μηδὲν
1549 2972 1742 3041 ἐπιφε-

153 3051 402 3120 ρόμενοι,
437 3052 469 3119 ἤ
509 3053 669 3120 μόνον
704 3055 810 3124 τὴν
851 3057 1018 3110 αὑτοῦ
1061 3059 1294 3128 ἀόρατον
1334 3061 1598 3132 δύναμιν,
1639 3065 1739 3116 ούκ

153 3142 359 3192 ἀσπίδα
391 3145 487 3195 καὶ
511 3142 640 3218 δόρυ
669 3148 765 3201 καὶ
793 3147 945 3217 ξίφος
971 3152 1301 3224 κατέχοντες
1320 3195 1336 3216 ,
1371 3155 1506 3207 ἀλλὰ
1537 3156 1738 3222 γυμνοὶ

1843 659 2070 720 Christi.
2109 659 2220 714 dixi
2253 674 2596 730 qumcunque
2627 657 2765 723 dixi,
2826 667 2880 713 et
2913 673 3061 714 nunc
3115 657 3280 714 etiam
3333 657 3418 711 di-

1845 768 1963 805 eam
2035 767 2353 820 parumper,
2407 767 2594 806 curam
2656 765 2851 822 gerens
2897 765 3089 808 eorum
3151 749 3340 805 salutis
3400 763 3417 803 ι

1843 843 2122 900 Christum
2165 843 2234 896 ab
2266 844 2376 897 alto
2418 853 2756 913 repetentes,
2811 842 3001 898 multis
3042 850 3170 894 ante.
3209 839 3423 896 srrculis

1846 937 2132 1007 propheta:
2167 936 2320 1006 prius
2356 937 2783 996 annuntiarunt,
2834 935 3112 1004 multaque
3144 941 3274 986 sunt
3302 933 3423 1000 ejus

1846 1029 2114 1084 adventus
2150 1030 2483 1092 testimonia,
2539 1037 2645 1082 tam
2702 1007 2879 1090 exiis,
2925 1041 3045 1097 quae
3093 1035 3224 1079 sunt
3278 1025 3421 1093 apud

1843 1138 1948 1176 nos
1997 1121 2254 1182 oraculis,
2299 1136 2459 1188 quem
2517 1136 2581 1174 ex
2656 1119 2789 1187 ipsis
2835 1117 3052 1184 scriptis
3114 1114 3421 1186 Sibyllinis.

1844 1211 1980 1280 Ejus
2019 1223 2202 1269 autem
2233 1224 2500 1282 suscepta:
2532 1212 2715 1266 carnis
2740 1227 2898 1268 causa
2949 1211 3050 1264 fuit
3083 1218 3306 1278 propter
3338 1224 3425 1261 sa—

1841 1306 2013 1360 lutem
2077 1317 2132 1361 et
2190 1310 2598 1376 reparationem
2658 1307 2843 1374 lapsus
2908 1305 3217 1358 hominum.
3289 1302 3421 1356 Nam

1841 1414 1966 1452 cum
2007 1402 2254 1452 venisset
2290 1398 2344 1451 in
2407 1408 2629 1458 terram.
2663 1411 2878 1452 omnem
2920 1395 3170 1448 morbum
3217 1393 3424 1464 expulit

1841 1499 1900 1542 et
1961 1504 2179 1542 omnem
2229 1488 2608 1542 inﬁrmitatem
2672 1508 2686 1542 :
2754 1497 2816 1550 et
2863 1483 3258 1540 admirabiliter
3314 1497 3423 1538 uno

1841 1583 2014 1636 verbo
2053 1583 2310 1637 excitavit
2345 1593 2621 1645 mortuos,
2666 1584 2757 1650 qui
2806 1579 3066 1634 fetehant.
3119 1578 3277 1644 Quod
3327 1592 3426 1630 au-

1844 1685 1952 1730 tem
2004 1684 2092 1729 est
2123 1675 2368 1729 omnium
2422 1675 2658 1727 maxime
2713 1673 3054 1734 admirabile,
3102 1686 3202 1740 pro
3251 1670 3424 1724 salute

1842 1767 2030 1822 mundi
2060 1783 2252 1837 passus
2280 1777 2510 1822 mortem
2543 1781 2642 1836 per
2669 1780 2916 1829 erucem,
2969 1765 3129 1819 tertio
3177 1763 3266 1817 die
3297 1779 3424 1817 sur-

1841 1862 1982 1916 rexit
2012 1877 2041 1914 ι
2072 1862 2324 1924 mortuis,
2359 1860 2599 1915 testibus
2653 1859 2720 1914 iis
2756 1859 3040 1921 militibus,
3095 1855 3187 1926 qui
3229 1871 3424 1910 serva-

1843 1955 1974 2009 bant
2029 1955 2150 2024 ejus
2177 1953 2512 2022 sepulcrnm.
2551 1963 2606 2006 et
2638 1951 2925 2022 plusquam
2972 1949 3287 2020 quingentis
3326 1949 3425 2000 ho-

1843 2047 2104 2109 minibus,
2153 2061 2223 2100 ne
2269 2046 2450 2100 locum
2504 2044 2726 2106 haheat,
2774 2043 2867 2112 qui
2929 2043 3047 2094 vult
3102 2039 3424 2094 calumniari

1841 2139 1961 2206 ejus
1989 2137 2468 2193 resurrectionem.
2499 2135 2560 2188 Et
2593 2151 2716 2190 cum
2752 2133 3079 2188 surrexisset
3111 2147 3138 2186 a
3174 2131 3424 2193 mortuis,

1841 2232 1994 2284 visus
2027 2239 2112 2285 est
2157 2229 2271 2284 suis
2314 2228 2623 2298 discipulis,
2681 2234 2825 2280 totos
2883 2225 3242 2295 quadraginta
3309 2223 3426 2277 dies

1842 2339 1968 2378 eum
1995 2323 2076 2376 eis
2109 2337 2354 2387 versans,
2404 2322 2593 2391 eisque
2635 2319 2950 2374 videntibus
3003 2328 3058 2371 et
3099 2316 3424 2385 aspicienti-

1844 2418 1968 2479 bus.
1998 2417 2103 2471 fuit
2151 2425 2470 2486 assumptus
2497 2417 2549 2468 in
2607 2415 2798 2470 caelos.
2839 2413 3087 2482 Denique
3131 2409 3212 2466 eis
3251 2408 3425 2464 sancti

1843 2511 2081 2580 Spiritus
2109 2510 2312 2565 donum
2351 2509 2569 2562 demisit
2625 2515 2680 2560 et
2711 2508 2993 2563 virtutem.
3062 2504 3201 2557 adeo
3251 2512 3309 2556 ut
3353 2502 3427 2553 lo-

1842 2611 2145 2670 querentur
2189 2600 2388 2670 liuguis
2427 2598 2883 2668 alienigenarum.
2931 2603 3122 2649 etnon
3157 2609 3296 2664 opus
3330 2593 3428 2647 ha-

1842 2692 2038 2746 berent
2071 2691 2389 2759 interprete.
2425 2690 2776 2757 Loquebatur
2804 2687 2952 2742 enim
2988 2688 3041 2740 in
3091 2687 3173 2741 eis
3203 2693 3428 2741 sanctus

1844 2785 2104 2855 Spiritus.
2143 2791 2197 2838 et
2231 2783 2395 2836 dabat
2427 2781 2528 2842 eis,
2561 2781 2917 2837 ut'videreut.
2947 2796 3068 2848 qua
3108 2792 3263 2832 erant
3299 2794 3427 2847 pro-

1844 2879 1932 2933 cul
1977 2887 2206 2936 remota.
2245 2883 2300 2929 et
2366 2873 2551 2928 futura
2611 2872 2997 2942 praedicerent.
3050 2870 3153 2936 Qui
3205 2871 3426 2937 quidem

1843 2970 2072 3040 egressi,
2126 2970 2300 3038 ipsum
2332 2967 2532 3033 ubique
2579 2964 2969 3034 praedicarunt,
3012 2974 3066 3016 et
3109 2962 3242 3015 nihil
3287 2962 3428 3016 infe-

1845 3073 2054 3122 rentes.
2085 3069 2286 3130 praeter
2316 3059 2488 3114 solam
2539 3058 2660 3126 ejus
2699 3055 2982 3114 virtutem.
3017 3071 3136 3124 qua:
3175 3070 3284 3108 non
3341 3068 3434 3108 ca-

1842 3155 2007 3209 debat
2041 3152 2142 3205 sub
2170 3143 2475 3218 aspectum,
2513 3149 3007 3218 nequeplypeum,
3060 3147 3302 3201 lanceam
3337 3155 3431 3201 aut

150 3232 244 3285 καὶ
303 3235 503 3289 ἄοπλοι
555 3238 660 3290 καὶ·
691 3241 947 3311 πένητες,
1004 3244 1101 3297 καὶ
1161 3247 1337 3297 πάντα
1391 3243 1484 3296 τὸν
1525 3245 1732 3314 κόσμον

1846 3263 2022 3302 ensem
2051 3255 2348 3300 tenentes:
2393 3242 2489 3298 sed
2544 3241 2701 3303 nudi,
2747 3241 3009 3304 inermes,
3054 3248 3110 3294 et
3158 3254 3430 3309 pauperes

149 3325 522 3397 ἐζώγρησαν,
551 3315 778 3403 νεκροὺς
826 3335 1165 3404 ἐγείροντες,
1205 3336 1442 3407 λεπροὺς
1499 3337 1733 3410 καθαρί-

147 3415 353 3480 ζοντες,
413 3421 668 3492 δαιμόνια
727 3426 1105 3489 ἐκϐάλλοντες.
1181 3428 1286 3482 Καὶ
1329 3430 1502 3483 ταῦτα
1545 3431 1729 3497 τίνες;

149 3507 321 3571 ἁλιεῖς
346 3511 457 3562 καὶ
487 3511 866 3584 ἀγράμματοι,
895 3517 987 3571 καὶ
1015 3518 1117 3590 τῆς
1153 3519 1248 3574 τοῦ
1282 3522 1494 3591 κόσμου
1537 3523 1733 3593 σοφίας

148 3599 442 3669 ἀμέτόχοι.

225 3694 344 3759 ις’.
378 3695 490 3758 Οὓς
530 3697 585 3750 δὲ
635 3702 800 3765 αὐτὸς
855 3706 1294 3775 παρεισήγαγες,
1346 3710 1736 3782 ὲπικερτομῶν

149 3785 253 3852 τὴν
292 3788 387 3838 τοῦ
424 3790 671 3854 Χριστοῦ
709 3795 997 3866 γέννησιν,
1041 3799 1246 3867 ἄνδρας
1289 3805 1488 3871 σοφούς
1533 3821 1593 3856 τε
1645 3804 1737 3858 καὶ

153 3875 465 3945 θεολόγους,
503 3881 578 3945 ὼς
620 3885 714 3939 νῦν
754 3889 1005 3960 εἴρηκας,
1054 3893 1104 3944 εί
1140 3895 1233 3946 καὶ
1264 3895 1489 3963 δοίημεν
1519 3895 1738 3962 άληθῶς

151 3969 416 4038 γενέσθαι
453 3974 614 4028 τοῦτο
647 3977 709 4030 τὸ
741 3983 1144 4052 παραλήρημα,
1179 3982 1230 4035 τί
1263 3983 1623 4055 γεννηθέντες
1658 3985 1738 4049 δὶς

156 4064 254 4115 καὶ
306 4067 432 4134 τρὶς
495 4069 592 4121 καὶ
659 4073 919 4138 τετράκις
986 4073 1082 4125 τὸν
1152 4075 1359 4145 κόσμον
1417 4077 1735 4146 ὠφέλησαν.

151 4153 188 4225 ἢ
223 4155 394 4227 μέρος
429 4177 481 4212 τι
509 4160 617 4212 τῶν
640 4161 732 4216 τοῦ
767 4164 971 4236 κόσμου
1002 4169 1202 4239 μικρὸν
1235 4171 1266 4240 ἢ
1311 4169 1629 4239 ἐλάχιστονς
1658 4169 1740 4233 τίς

153 4251 219 4305 hc
265 4251 376 4304 τῶν
413 4252 613 4323 βίὸλων
650 4256 853 4327 Ἐρμοῦ
901 4279 960 4314 τε
992 4264 1088 4315 καὶ
1127 4264 1475 4332 Πυθαγόρου,
1509 4270 1740 4334 νεκροὺς

158 4343 556 4412 ἐξανέστησεν,
609 4347 640 4416 ἢ
691 4348 929 4417 λεπροὺς
972 4353 1328 4423 ἐκαθάρισεν,
1382 4355 1415 4425 ἦ
1475 4355 1740 4424 δαίμονας

151 4436 460 4506 ἐπήλασεν.
504 4435 595 4499 οὓς
629 4439 784 4507 ὑμεῖς
817 4441 1188 4514 θεραπεύετε;
1229 4447 1374 4502 Ἀλλ’
1403 4448 1613 4518 Ἐρμῆς
1643 4448 1744 4517 μὲν

149 4529 179 4581 ὀ
270 4527 682 4598 Τρισμέγιστος
758 4535 850 4604 ὑφ’
916 4537 1105 4606 ὑμῶν’
1145 4542 1700 4611 προσαγορευόμενος
1727 4579 1741 4602 ,

146 4622 462 4691 Αἰγύπτιος
508 4627 735 4694 γέγονεν
763 4630 1079 4699 ἄνθρωπος,
1128 4633 1227 4684 καὶ
1268 4637 1382 4698 τοῖς
1422 4634 1744 4701 Αἰγυπτίων

145 4721 342 4785 νόμοις
370 4721 635 4788 τραφεὶς,
670 4724 909 4788 γυναῖκά
943 4740 1002 4775 τε
1034 4725 1246 4794 γήμας,
1283 4728 1481 4788 παῖδας
1526 4729 1742 4788 ἔτεκεν,

145 4803 223 4864 ὧν
254 4810 352 4863 τὸν
384 4809 784 4883 πρεσϐύτερον,
824 4815 935 4866 Tir:
967 4807 1300 4885 ὀνομάζουσι
1341 4821 1542 4891 πρῦςόν
1585 4820 1748 4880 αὐτὸς

143 4905 511 4975 διαλέγεται,
553 4907 650 4960 καὶ
691 4909 821 4971 τοὺς
854 4909 1052 4964 ἑαυτοῦ
1098 4911 1294 4981 λόγους
1330 4915 1574 4982 αφοσιοῖ,
1612 4917 1750 4982 πρός

141 5013 201 5051 τε
229 5000 329 5051 τὸν
354 4997 420 5063 ἐξ
457 4996 786 5068 Ἐπιδαύρου
803 5003 1138 5072 Ἀσκληπιὸν
1165 5004 1256 5058 τὸν
1285 5005 1750 5074 προκατάρξιντα

144 5091 274 5146 καθ’
303 5091 458 5159 ὑμᾶς
487 5091 588 5157 τῆς
625 5093 882 5163 ἰατρικῆς
919 5096 1258 5165 ἐπιστήμης,
1302 5091 1346 5165 ᾧ
1383 5098 1480 5153 καὶ
1504 5097 1603 5167 τὴν
1628 5098 1753 5150 ἑαυ-

141 5184 240 5238 τοῦ
274 5184 570 5251 θεολογίαν
596 5185 858 5254 διασαφεῖ
888 5185 1064 5248 οὕτως
1097 5188 1329 5257 ἔχουσαν
1353 5205 1367 5220 ο
1391 5189 1524 5244 Θεὸν
1550 5189 1746 5260 νοῆσαι

146 5279 250 5348 μὲν
286 5275 556 5347 χαλεπὸν,
593 5277 803 5346 φράσαι
847 5279 904 5333 δὲ
953 5278 1243 5346 ἀδύνατον,
1287 5281 1404 5336 εστι
1445 5281 1555 5352 γὰρ
1594 5299 1751 5354 τρισ-

142 5374 483 5434 υπόστατος,
513 5372 914 5441 ἀνερμήνευτος
930 5376 1094 5428 οὐσία
1114 5375 1405 5444 καὶφύσις,
1423 5378 1526 5430 οὐκ
1551 5375 1753 5444 ἔχουσα

147 5468 309 5538 παρὰ
333 5467 555 5538 βροτοῖς
575 5464 915 5534 ἐξομοίωσιν.
951 5465 1064 5528 Οὓς
1089 5469 1146 5520 δὲ
1192 5470 1354 5531 θεοὺς
1381 5469 1753 5537 ὀνομάζουσιν

142 5555 462 5624 ἄνθρωποι,
497 5553 634 5606 πολὺ
676 5555 734 5606 τὸ
772 5557 1023 5624 μυθῶδες
1059 5560 1155 5608 καὶ
1210 5560 1484 5629 σφαλερὸν
1528 5560 1756 5622 ’ἑαυτοῖς

139 5644 544 5700 ἐπεσπάσαντο
566 5685 580 5707 ,
623 5645 683 5696 ού
710 5646 814 5716 μὴν
839 5649 974 5702 ἀλλὰ
994 5650 1092 5701 καὶ
1111 5667 1176 5703 πε
1188 5652 1239 5721 pi.
1262 5651 1360 5717 τῆς
1383 5650 1479 5703 τοῦ
1504 5649 1748 5720 Χριστοῦ

140 5737 421 5799 ἐλεύσεως
461 5740 557 5792 καὶ
613 5740 771 5803 αὐτὸς
802 5743 1055 5812 ἀμυδράν
1089 5761 1212 5799 τινα
1273 5745 1616 5816 προφητείαν
1680 5748 1758 5800 δι-

142 5830 444 5898 αγορεύει,
473 5831 573 5885 οὐκ
596 5831 654 5900 ἐξ
689 5833 908 5896 ἑαυτοῦ,
932 5833 1055 5890 ἀλλ’
1085 5838 1150 5891 ἐκ
1185 5839 1287 5908 τῆς
1329 5838 1604 5911 Ἐϐραίων
1637 5843 1755 5894 οεο-

145 5922 342 5993 λογίας
395 5915 606 5993 τοῖύτην
671 5927 1128 6000 ἁπαρυσάμενος.
1190 5931 1354 5983 Ἀλλὰ
1401 5934 1451 5985 τί
1495 5949 1582 6001 μοι
1648 5934 1756 5985 τῶν

1843 3340 2109 3396 mundum
2141 3344 2409 3408 ceperunt
2453 3334 2800 3395 universum,
2828 3341 3074 3387 mortuos
3104 3331 3428 3396 excitantes,

1840 3433 2086 3501 leprosos
2143 3430 2494 3486 mundantes.
2551 3426 2820 3480 daemonia
2853 3425 3154 3495 ejicientes.
3195 3423 3428 3486 Quinam

1842 3535 2025 3580 autem
2084 3523 2203 3578 hac
2241 3518 2522 3575 fecerunt?
2579 3517 2904 3578 Piscatores.
2931 3525 2985 3570 et
3017 3515 3186 3585 ignari
3231 3515 3435 3570 littera.

1843 3635 1988 3678 rum.
2023 3625 2080 3671 et
2102 3617 2195 3685 qui
2248 3613 2436 3668 mundi
2464 3611 2748 3678 sapientia:
2781 3623 2889 3663 non
2923 3616 3080 3662 erant
3112 3606 3431 3676 participes.

1918 3709 2056 3764 XVI.
2099 3709 2248 3774 Quos
2313 3717 2494 3759 autem
2566 3705 2681 3773 ipse
2769 3702 3072 3764 induxisti,
3143 3699 3434 3757 ludificati:

1844 3802 2049 3859 Christi
2083 3799 2521 3871 generationem.
2555 3797 2700 3852 viros
2765 3800 2954 3850 doctos
3002 3803 3055 3847 et
3122 3793 3426 3861 theologos,

1847 3908 1910 3951 ut
1944 3905 2090 3948 nunc
2123 3892 2332 3952 dixisti,
2371 3890 2592 3944 etiamsi
2637 3886 3072 3944 concesserimus
3100 3899 3228 3937 vere
3265 3883 3434 3939 fuisse

1848 3988 1949 4042 has
1973 3997 2171 4054 nugas.
2202 3980 2332 4048 quid
2360 3979 2468 4045 bis,
2503 3987 2561 4032 et
2593 3987 2704 4039 ter,
2729 3988 2779 4030 et
2805 3987 3000 4046 quater
3027 3975 3196 4045 geniti
3225 3973 3433 4028 mundo

1849 4079 2196 4152 profuerunt.
2233 4075 2320 4128 vel
2356 4072 2544 4126 mundi
2581 4085 2777 4139 parvae.
2815 4071 2978 4138 alque
3027 4067 3164 4120 adeo
3194 4066 3435 4119 minima:

1850 4170 2027 4244 parti?
2066 4169 2203 4234 Quis
2257 4181 2319 4220 ex
2362 4162 2617 4217 Mercurii
2652 4171 2706 4216 et
2739 4160 3056 4239 Pythagorae
3088 4156 3246 4212 libris
3281 4171 3436 4209 mor-

1852 4277 1975 4322 tuos
2005 4260 2308 4320 suscitavit,
2351 4268 2445 4311 aut
2487 4257 2738 4325 leprosos
2777 4253 3082 4314 mundavit,
3113 4260 3207 4306 aut
3232 4247 3437 4304 damo-

1853 4374 1952 4413 nes
1979 4354 2210 4423 expulit.
2255 4365 2394 4420 quos
2427 4363 2526 4402 vos
2573 4345 2795 4402 colitis?
2845 4342 2953 4398 Sed
2987 4340 3284 4396 Mercurius
3315 4341 3437 4409 qni-

1852 4449 2001 4510 dem,
2036 4444 2127 4512 qui
2159 4461 2188 4498 a
2223 4444 2378 4499 vobis
2413 4441 2617 4498 dicitur
2667 4435 3080 4504 Trismegistus,
3123 4432 3226 4487 fuit
3273 4432 3436 4485 homo

1856 4541 2162 4614 A‘ngptius,
2184 4549 2240 4593 et
2275 4539 2326 4590 iu
2359 4535 2566 4603 legibus
2595 4532 2862 4585 educatus
2889 4526 3158 4597 Egyptiis
3183 4544 3197 4579 :
3234 4534 3435 4580 etcum

1779 4613 1823 4668 θ
1853 4613 2097 4690 dus-isset
2135 4643 2386 4688 uxorem,
2424 4622 2636 4694 peperit
2691 4619 2851 4681 ﬁlios,
2888 4633 3120 4688 quorum
3156 4627 3289 4669 natu
3320 4629 3436 4667 ma-

1851 4731 2027 4799 jorem
2062 4723 2167 4776 Tat
2194 4721 2502 4784 nominant,
2533 4733 2658 4772 cum
2693 4731 2800 4783 quo
2825 4714 3086 4784 loquitur.
3113 4710 3163 4765 ei
3190 4724 3318 4763 suas
3340 4707 3435 4762 de-

1855 4824 2046 4877 dicens
2076 4815 2372 4876 orationes.
2420 4822 2475 4866 ct
2525 4826 2649 4866 cum
2707 4807 2961 4874 Asclepio
3019 4820 3085 4859 ex
3124 4801 3436 4874 Epidauro,

1853 4913 1969 4983 qui,
1999 4921 2056 4964 ut
2094 4925 2190 4963 vos
2225 4909 2407 4966 vultis,
2445 4889 2549 4957 fuit
2579 4909 2774 4956 auctor
2813 4909 2867 4953 et
2897 4899 3157 4968 priueeps
3195 4895 3440 4949 scientia

1855 5005 2141 5061 medicinae.
2167 5019 2180 5055 :
2211 5000 2298 5056 cui
2329 4999 2493 5055 etiam
2526 5010 2680 5049 suam
2705 4992 2964 5062 explicat.
2996 5005 3116 5059 quae
3148 4987 3226 5042 sic
3254 4985 3436 5046 habet,

1857 5097 2186 5165 theologiam
2215 5110 2228 5146 :
2275 5091 2442 5145 Deum
2493 5086 2798 5155 intelligere
2823 5080 3046 5153 quidem
3080 5088 3168 5134 est
3195 5076 3437 5139 diﬂicile,

1856 5191 1948 5247 sed
1985 5197 2042 5243 ut
2072 5201 2196 5240 eum
2231 5185 2413 5241 verbis
2458 5181 2755 5250 exprimas,
2809 5177 3035 5232 minime
3084 5182 3264 5243 potest
3300 5168 3436 5225 ﬁeri.

1857 5285 1950 5338 Est
1985 5283 2130 5336 enim
2159 5283 2210 5333 in
2245 5289 2394 5333 terna
2423 5275 2736 5329 consistens
2770 5267 3075 5340 hypostasi,
3106 5263 3348 5320 essentia
3379 5269 3436 5316 et

1857 5385 2071 5438 natura,
2103 5389 2225 5442 qua:
2255 5385 2362 5424 non
2397 5376 2576 5436 potest
2596 5364 2881 5434 explicari,
2911 5377 3022 5416 non
3049 5360 3260 5414 habens
3290 5353 3433 5425 apud

1859 5467 2108 5523 homines
2136 5459 2606 5518 assimilationem.
2623 5461 2771 5522 Quos
2793 5465 2972 5510 autem
2999 5453 3130 5506 deos
3150 5447 3438 5502 nominant

1860 5561 2128 5624 homines,
2163 5558 2198 5611 ii
2229 5555 2428 5608 multas
2451 5564 2505 5607 ct
2541 5552 2876 5622 periculosas
2903 5548 2968 5601 ad
2998 5558 3056 5598 se
3088 5547 3432 5597 attraxerunt

1861 5652 2091 5710 fabulas.
2133 5647 2440 5714 Quinetiam
2470 5645 2539 5699 de
2569 5641 2768 5697 Christi
2803 5641 3040 5693 adventu
3075 5636 3188 5706 ipse
3219 5643 3438 5702 quoque

1861 5749 2147 5802 obscuram
2184 5741 2475 5809 quamdam
2520 5736 2686 5792 refert
2719 5731 3082 5802 prophetiam,
3116 5737 3175 5786 ut
3204 5725 3295 5796 qui
3327 5739 3439 5780 non

1863 5855 1926 5894 ex
1963 5853 2042 5894 se.
2073 5833 2166 5888 sed
2211 5848 2276 5888 ex
2326 5831 2675 5886 Hebraeorum
2706 5840 2827 5880 eam
2863 5824 3108 5879 hauserit
3139 5819 3434 5890 theoIOgia.

1865 5930 1969 5987 Sed
1998 5928 2124 5993 quid
2153 5928 2285 5981 mihi
2316 5940 2439 5979 cum
2470 5921 2703 5990 putridis
2733 5930 2788 5975 et
2831 5920 2967 5973 male
2993 5915 3265 5972 olentibus
3292 5913 3438 5969 ler-
