4142 6500
711 461 850 524 1179

1972 430 2254 495 MENSIS
2291 427 2654 487 OCTOBER.

3840 406 3972 476 1180

718 570 854 624 curii
888 563 1086 628 verbis,
1116 579 1239 633 quae
1275 577 1305 615 a
1336 561 1486 614 vobis
1515 559 1734 628 quidem
1769 558 1822 610 in
1850 557 2060 610 honore
2090 549 2289 604 haben-
2324 590 2326 596 .

2426 544 2623 614 ταπρῶν
2646 559 2703 595 τε
2733 542 2825 594 καὶ
2854 538 3129 593 ὀδωδότων
3149 532 3348 606 Ἐρμοῦ
3383 532 3666 602 ῥημάτων,
3698 526 3815 579 τῶν
3850 524 3976 594 παρ’

719 676 826 723 tur,
854 662 963 727 jam
995 667 1178 712 autem
1211 657 1303 710 diu
1334 663 1458 709 aute
1493 657 1823 721 putruerunt
1851 659 1904 703 et
1931 639 2298 701 ellluxerunt?

715 750 906 818 Neque
940 750 1087 802 enim
1122 748 1188 802 de
1218 747 1356 801 vivis
1380 744 1459 800 fas
1485 752 1569 798 est
1601 758 1790 813 rogare
1821 748 2065 795 mortuos
2095 736 2182 798 iis,
2205 730 2295 801 qui

718 861 784 899 ex
818 843 1018 897 divinis
1049 841 1280 911 eloquiis
1310 841 1514 894 habent
1562 851 1718 891 veros
1757 844 2042 904 martyres,
2073 828 2165 898 qui
2199 827 2295 881 ad-

717 947 943 992 ventum
974 935 1174 988 Christi
1212 943 1268 988 et
1302 931 1639 986 divinitatem
1671 925 2128 998 praenuntiarunt.

788 1115 952 1169 XVII.
997 1115 1328 1185 Pythagoras
1377 1122 1580 1174 autem,
1612 1113 1703 1180 qui
1756 1120 1916 1164 secta!
1969 1107 2166 1161 Italicre
2199 1103 2298 1158 fuit

716 1216 907 1261 auctor
938 1217 990 1260 et
1025 1207 1302 1275 princeps,
1334 1206 1463 1274 quid
1518 1219 1771 1273 magnum
1816 1211 1873 1254 et
1918 1199 2294 1253 admirandum

719 1296 868 1359 fecit,
901 1305 982 1349 ter
1013 1295 1064 1348 in
1103 1297 1263 1348 vitam
1298 1295 1596 1362 productus
1618 1295 1640 1345 ?
1664 1294 1744 1345 An
1781 1291 1922 1359 quod
1945 1305 2068 1344 cum
2103 1288 2296 1340 fuisset

717 1385 1001 1457 Olympiae,
1034 1394 1091 1438 ιιι
1117 1400 1213 1438 vos
1238 1384 1439 1443 dicitis,
1477 1397 1703 1436 aureum
1733 1397 1892 1436 suum
1921 1379 2097 1433 lentur
2119 1387 2299 1432 osten-

719 1481 799 1534 dit
834 1479 1239 1534 lIellanodicis?
1282 1475 1376 1530 Vel
1412 1474 1555 1545 quod
1601 1473 1940 1544 mugientem
1986 1472 2178 1524 bovem
2212 1484 2300 1521 sa-

721 1572 1101 1626 erilieaturus:
1145 1570 1340 1633 Habet,
1373 1569 1569 1639 inquit,
1603 1569 1842 1622 animam
1867 1567 1965 1619 viri
2004 1563 2133 1617 mihi
2164 1563 2300 1616 ami—

721 1667 950 1730 cissimi,
997 1675 1051 1718 et
1101 1680 1196 1734 per
1246 1665 1510 1731 mugitum
1559 1677 1644 1716 mc
1687 1663 1887 1715 salutat
1935 1657 2159 1712 infelix?
2193 1657 2297 1709 Seu

722 1759 867 1826 quod
921 1760 1177 1826 aquilam,
1216 1773 1337 1826 quze
1388 1757 1618 1810 sublime
1648 1755 1883 1818 volabat,
1918 1770 2014 1822 per
2050 1753 2302 1805 incanta-

727 1854 928 1907 tionem
961 1852 1088 1906 fecit
1118 1852 1313 1905 cadere
1346 1851 1396 1903 in
1427 1849 1668 1903 terram?
1700 1848 1826 1901 Ilmc
1855 1844 2116 1900 miracula
2149 1841 2299 1902 fecit,
2341 1882 2382 1936 Β

726 1962 850 1998 cum
880 1953 1025 1998 esset
1070 1942 1329 2013 Olympia:
1363 1953 1442 1996 ter
1473 1942 1689 2011 genitus
1719 1940 2070 2010 Pythagoras,
2111 1939 2304 1990 insano

729 2038 911 2106 gloriae
940 2051 1124 2090 amore
1158 2045 1369 2104 captus.
1408 2045 1462 2089 et
1497 2035 1709 2088 visione
1737 2035 1853 2087 haec
1893 2032 2308 2102 apprehendens

732 2139 814 2182 ter
847 2129 1056 2196 infelix,
1085 2129 1176 2198 qui
1205 2128 1625 2198 qualernionem
1676 2126 2057 2195 jusjurandum
2102 2125 2310 2178 consti.

731 2223 934 2287 luebat,
969 2233 1020 2276 et
1050 2238 1174 2276 eum
1209 2222 1428 2276 dicebat
1457 2221 1659 2275 fontem
1698 2231 1921 2274 aeterna:
1952 2232 2183 2283 naturae,
2218 2219 2312 2287 qui

729 2316 882 2370 fabas
910 2315 1123 2370 colebat
1176 2325 1400 2383 propter
1447 2328 1582 2382 quas
1621 2313 1805 2382 periit,
1842 2328 1964 2365 eum
1995 2312 2108 2365 suis
2151 2311 2310 2364 fami-

731 2408 959 2460 liaribus
981 2406 1143 2459 simul
1166 2407 1426 2470 expulsus
1447 2421 1474 2456 a
1508 2402 1842 2458 Tarentinis.
1876 2402 2011 2454 Nam
2039 2416 2159 2454 cum
2193 2401 2312 2452 nol-

732 2501 805 2553 let
842 2499 1055 2554 calcare
1084 2500 1280 2560 locum,
1313 2499 1363 2550 in
1395 2513 1502 2566 quo
1534 2497 1666 2552 fabae
1704 2504 1863 2550 erant
1898 2495 2176 2562 dispersa,
2214 2493 2315 2547 ibi-

732 2590 855 2642 dem
888 2589 1219 2643 interficitur
1270 2603 1393 2642 cum
1428 2586 1789 2640 familiaribus
1824 2595 1878 2639 et
1911 2584 2215 2654 discipulis,
2260 2593 2317 2637 et

735 2687 1078 2740 consumitur
1115 2687 1183 2740 ab
1233 2687 1491 2740 inimicis.
1529 2683 1753 2738 Theano
1799 2693 1982 2739 autem
2030 2683 2145 2751 ejus
2180 2695 2317 2736 uxor

735 2783 790 2829 et
836 2775 1122 2844 discipula,
1172 2791 1295 2831 cum
1350 2775 1520 2830 nollet
1566 2776 1749 2830 dicere
1796 2789 2039 2838 causam,
2091 2781 2316 2841 propter

737 2884 899 2936 quam
937 2868 1055 2921 faba
1090 2884 1198 2922 nou
1233 2879 1551 2934 vescuntur,
1605 2869 1720 2938 ipsa
1769 2882 2008 2936 quoque,
2052 2867 2097 2918 ei
2134 2864 2316 2932 lingua

740 2968 1040 3028 amputata,
1084 2959 1394 3028 perimitur.

810 3142 997 3196 XVIII.
1047 3141 1172 3203 Hmc
1198 3151 1327 3194 sunt
1365 3142 1676 3210 sapientum
1723 3137 2173 3208 philosophorum
2213 3134 2321 3204 pri-

2400 637 2529 705 ὑμῖν
2578 635 2944 704 τιμωμένων,
2987 630 3088 701 ήδη
3133 627 3241 697 πρὸ
3275 623 3468 677 πολλοῦ
3515 619 3846 690 σεσηπὸτων
3884 618 3975 669 καὶ

2399 727 2864 797 ἁπερῤυηκότων;
2929 723 3050 775 οὑδὲ
3100 721 3210 789 γὰρ
3244 720 3390 771 ὅσιον
3431 715 3555 784 περὶ
3593 712 3706 764 τῶν
3755 710 3976 774 ζώντων

2399 821 2613 890 ἐρωτᾷν
2649 819 2776 878 τοὺς
2802 817 3051 885 νεκροὺς,
3084 810 3397 883 ἔχοντας’ὲκ
3429 808 3537 858 τῶν
3568 803 3860 868 θεοσόφων
3887 801 3972 852 λο-

2399 915 2536 978 γίων
2569 913 2695 972 τοὺς
2733 907 2960 974 ἀληθεῖς
3004 906 3284 975 μάρτυρας
3311 942 3325 964 ,
3381 901 3430 952 οἳ
3466 898 3565 967 τὴν
3596 895 3692 949 τοῦ
3736 890 3975 963 Χριστοῦ

2400 1004 2703 1076 παρουσίαν
2737 1019 2797 1054 τε
2835 999 2930 1052 καὶ
2969 997 3202 1065 θεότητα
3244 988 3754 1061 προκατήγγειὶαν.

2475 1074 2573 1151 lZ'.
2612 1089 3021 1162 Πυθαγόραςδὲ
3048 1091 3076 1141 ὁ
3102 1087 3203 1153 τῆς
3241 1082 3508 1148 Ἰταλικῆς
3549 1078 3843 1146 κατάρξας
3896 1074 3965 1127 al-

2403 1190 2606 1261 ρέσεως
2653 1188 2706 1239 τί
2760 1189 2901 1256 μέγα
2946 1183 3040 1235 καὶ
3080 1177 3395 1248 θαυμαστὸν
3442 1177 3501 1227 ἐν
3535 1172 3614 1240 τῷ
3679 1168 3782 1238 βίῳ
3817 1181 3978 1236 προσ-

2403 1256 2712 1350 παραχθεὶς
2745 1275 3149 1345 ἀπειργάσατο,
3204 1270 3352 1339 qam
3397 1270 3453 1318 ἑν
3501 1260 3786 1327 Ὀλυμπία
3831 1256 3978 1324 γενόο

2409 1349 2595 1443 μενος,
2627 1370 2702 1434 ῶς
2749 1371 2908 1438 ὑμεῖς
2960 1383 3120 1434 φατε,
3148 1361 3382 1434 χρυσοῦν
3426 1358 3515 1410 τὸν
3565 1351 3768 1408 ἑαυτοῦ
3808 1349 3978 1418 μηρὸν

2399 1441 2513 1530 τοῖς
2545 1465 2948 1527 Ἑλλανοδίκαις
2978 1459 3223 1524 ὑπέδειξε
3250 1476 3264 1524 ;
3298 1456 3391 1509 καὶ
3421 1453 3548 1524 βοῦν
3586 1447 3822 1502 θύεσθαι
3864 1441 3983 1512 μὲλ-

2400 1561 2560 1613 λοντα
2599 1557 2985 1627 μυκησάμενον
3011 1571 3026 1586 ·
3079 1553 3314 1621 Ἀνδρδς,
3350 1543 3677 1616 ἔργμψυχὴν
3711 1540 3840 1609 ἐμοὶ
3873 1536 3984 1604 φίλ’

2401 1655 2568 1708 τάτου
2599 1652 2886 1720 κέκτηται,
2929 1650 3027 1702 καὶ
3065 1645 3153 1700 διὰ
3208 1644 3301 1697 τοῦ
3344 1643 3669 1711 μυκήματος
3716 1647 3985 1704 προσαγο-

2407 1745 2557 1816 ρεύει
2591 1761 2658 1813 με
2695 1744 2722 1795 ὁ
2764 1739 3133 1808 ταλαίπωρος,
3156 1734 3254 1789 καὶ
3287 1731 3445 1785 ἀετὸν
3481 1731 3539 1781 ὲν
3583 1725 3714 1794 ὕψει
3747 1739 3986 1775 καταπε-

2409 1839 2636 1908 τόμενον
2663 1837 2730 1888 δι’
2769 1834 2981 1906 ἐπῳδῆς
3014 1830 3352 1885 καταπεσεῖν
3394 1824 3485 1877 ἐπὶ
3520 1822 3624 1890 γῆς
3668 1814 3979 1883 πεποίηκε;

2414 1906 2602 1984 Ταῦτα
2644 1930 2671 1981 ὁ
2694 1929 2814 1997 τρὶς
2837 1924 3122 1994 γεννηθεὶς
3150 1915 3592 1987 ὲθαυματούργει
3626 1912 3685 1964 ὲν
3717 1906 3988 1974 Ὀλυμπίᾳ

2413 2026 2719 2092 γενόμενος,
2761 2016 3071 2088 δοξομκνῶν
3103 2013 3198 2068 καὶ
3249 2008 3723 2081 φαντασιούμενος
3766 2004 3793 2054 ὁ
3837 2015 3986 2067 τρισ-

2413 2117 2621 2180 άθλιος,
2655 2118 2682 2168 ὁ
2707 2115 2806 2182 τὴν
2835 2110 3141 2180 τετρακτὺν
3170 2107 3334 2174 ὅρκον
3371 2099 3656 2168 τιθέμενος
3727 2094 3826 2147 καὶ
3866 2091 3987 2144 ταύ-

2415 2229 2514 2278 την
2557 2209 2782 2276 φάσκων
2819 2203 3004 2272 πηγὴν
3067 2198 3296 2252 ἁεννάου
3339 2194 3575 2262 φύσεως,
3626 2192 3654 2241 ὁ
3683 2188 3810 2248 τοὺς
3860 2185 3986 2237 xui-

2420 2320 2554 2372 μους
2585 2299 2902 2368 σεὸόμενος,
2944 2295 3010 2347 δι’
3044 2292 3136 2356 οὓς
3177 2289 3427 2343 ἀπώλετο
3478 2283 3615 2355 μετὰ
3672 2280 3784 2335 τῶν
3831 2275 3987 2331 αὑτοῦ

2417 2393 2692 2462 ἑταίρων,
2741 2390 2848 2443 ὑπὸ
2894 2387 3004 2442 τῶν
3050 2385 3404 2454 Ταραντίνων
3470 2372 3940 2438 συνελαυνόμενος
3971 2383 3984 2397 ·

2421 2490 2494 2556 μὴ
2545 2455 2878 2553 βουλόμενος
2920 2480 3031 2549 γὰρ
3077 2477 3168 2528 τὸν
3217 2476 3381 2526 τόπον
3429 2469 3703 2536 πατῆσαι,
3749 2467 3809 2516 ὲν
3943 2460 3986 2510 oi

2421 2579 2623 2644 κύαμοι
2675 2572 3011 2643 ἐσπαρμένοι
3076 2568 3396 2635 ἐτύγχανον,
3461 2558 3630 2614 αὑτοῦ
3676 2557 3833 2626 μετὰ
3889 2552 3988 2603 τῶν

2419 2641 2655 2736 ἑταίρων
2713 2641 2832 2719 καὶ-
2863 2641 3130 2733 μαθητῶν
3175 2655 3619 2723 κατασφάττεται
3653 2690 3666 2710 ,
3731 2644 3828 2697 καὶ
3889 2641 3989 2693 τῶν

2421 2760 2628 2830 ἐχθρῶν
2668 2759 2879 2827 γίνεται
2922 2753 3321 2824 παρανάλωμα.
3377 2743 3567 2798 Θεανὼ
3613 2741 3670 2792 δὲ
3717 2740 3744 2807 ἡ
3800 2735 3984 2788 τούτου

2420 2828 2635 2919 γαμετὴ
2667 2851 2761 2901 καὶ
2796 2846 3075 2916 μαθήτρια
3096 2883 3110 2903 ,
3143 2842 3217 2910 μή
3271 2837 3504 2892 θέλουσα
3530 2833 3628 2902 τὴν
3663 2828 3854 2882 αἰτίαν
3878 2842 3994 2877 κατα

2422 2945 2599 2994 ειπεῖν
2653 2940 2721 2993 δι’
2764 2941 2830 3010 ἢν
2858 2937 2948 2990 τὸν
2977 2934 3193 3004 κύαμον
3216 2931 3317 2984 οὑκ
3341 2927 3604 2983 ἐσθίουσι,
3628 2922 3733 2990 τὴν
3756 2919 3993 2987 γλῶτταν

2424 3032 2761 3101 ἐκτμηθεῐσα
2785 3030 3083 3097 πρότερον,
3117 3028 3209 3078 καὶ
3229 3022 3366 3091 αὑτὴ
3420 3013 3900 3086 προσαπόλλυται.

2499 3122 2605 3178 IH'.
2648 3117 2840 3172 Ταῦτα
2872 3118 2980 3168 τῶν
3018 3113 3202 3181 σοφῶν
3249 3109 3555 3178 φιλοσόφων
3605 3102 3678 3155 τὰ
3733 3101 3999 3170 προτερή-

744 3235 956 3304 vilegia,
992 3234 1082 3303 qui
1129 3234 1212 3287 bis
1247 3243 1302 3287 et
1354 3242 1437 3290 ter
1487 3241 1616 3286 sunt
1660 3231 1850 3300 geniti,
1887 3240 1946 3282 ut
1980 3231 2095 3297 ipse
2135 3226 2316 3280 dixisti

2431 3235 2596 3288 ματα,
2632 3215 2739 3268 τῶν
2776 3213 2857 3274 δίς
2881 3209 2978 3263 καὶ
3007 3208 3127 3276 τρὶς
3155 3201 3523 3273 γεννηθέντων
3546 3199 3623 3259 ῶς
3649 3195 3820 3255 αὑτὸς
3884 3194 3998 3261 ἐρη-

744 3327 1004 3380 oratorie.
1069 3326 1159 3378 Illa
1217 3333 1399 3377 autem
1461 3321 1717 3377 suntmei
1774 3320 1976 3375 Christi
2042 3317 2322 3381 miracula,

749 3429 972 3489 promer
1004 3419 1220 3487 generis
1251 3415 1476 3469 humani
1522 3414 1750 3468 salutem
1794 3423 1849 3466 et
1899 3409 2320 3466 restitutionem.

749 3512 812 3564 Et
847 3511 1174 3580 Pythagoras
1205 3509 1422 3577 quidem
1456 3517 1512 3561 et
1541 3504 1841 3560 Mercurius
1888 3503 2176 3557 hominum
2203 3499 2325 3554 ani-

750 3618 864 3655 mas
895 3601 1175 3655 deducunt
1220 3599 1287 3654 ad
1331 3597 1661 3666 profundum
1707 3593 2027 3653 inferorum,
2065 3591 2327 3659 quasdam

749 3711 937 3750 earum
969 3688 1476 3762 trausmigrationes
1504 3695 1558 3742 et
1591 3685 1957 3739 traductiones
1982 3683 2330 3736 introducen-

754 3799 857 3849 tes,
891 3785 1184 3852 aliquando
1217 3782 1433 3850 quidem
1467 3781 1522 3832 in
1564 3778 1820 3831 animalia
1864 3775 2094 3829 rationis
2140 3788 2332 3842 exper-

756 3879 826 3930 tia
883 3886 936 3929 et
960 3874 1162 3929 bestias
1193 3887 1285 3926 eas
1321 3869 1704 3924 traducentes:
1740 3866 2028 3936 aliquando
2065 3873 2244 3918 autem
2275 3864 2331 3918 in

755 3968 931 4037 pisces
956 3975 1010 4020 et
1036 3967 1277 4034 plantas;
1311 3971 1363 4015 et
1395 3960 1527 4014 alias
1554 3956 1815 4027 quasdam
1847 3955 2220 4011 revocationcs
2278 3962 2334 4008 et

757 4061 994 4114 ambitus
1042 4058 1330 4128 fingentes.
1363 4053 1616 4108 Christus
1657 4061 1862 4116 autem,
1906 4059 1966 4102 ut
2001 4048 2143 4102 Deus
2176 4061 2336 4100 verus

757 4165 816 4209 et
846 4163 1105 4214 aeternus,
1153 4163 1278 4202 cum
1314 4147 1552 4199 animam
1599 4143 1818 4198 fecisset
1863 4140 2247 4202 immortalem,
2282 4145 2338 4192 et

763 4248 900 4304 senii
935 4252 1214 4311 expertem
1255 4238 1460 4302 divino,
1493 4235 1586 4306 qui
1614 4234 1717 4289 fuit
1741 4234 1810 4287 ab
1841 4233 2019 4296 initio,
2058 4232 2254 4302 spiritu
2284 4241 2340 4286 et

764 4337 1152 4396 iusulllationc,
1187 4330 1406 4400 quando
1435 4328 1730 4382 fabricatus
1764 4325 1866 4379 fuit
1891 4323 2129 4394 primum
2165 4323 2342 4376 homi-

765 4450 890 4488 nem
920 4436 1001 4501 (ut
1045 4429 1239 4489 divini,
1291 4437 1347 4479 et
1380 4437 1519 4493 quos
1568 4437 1730 4475 nemo
1774 4428 1954 4490 potest
1998 4415 2340 4481 calumniari,

768 4528 1015 4582 referunt
1041 4519 1162 4575 libri
1193 4515 1398 4580 Mosis),
1429 4527 1549 4568 eam
1584 4527 1774 4566 rursus
1795 4528 1892 4581 per
1922 4510 2341 4566 inobedientiam
2377 4551 2418 4612 υ

772 4619 998 4687 lapsam,
1036 4622 1090 4667 et
1119 4609 1495 4678 deceptionem
1519 4603 1812 4675 serpentis,
1839 4603 1931 4673 qui
1962 4601 2121 4656 aﬂ‘ert
2149 4602 2345 4655 animis

774 4711 1024 4771 exitium,
1059 4705 1173 4774 ipse
1199 4700 1424 4755 veniens
1448 4700 1504 4753 in
1529 4708 1755 4762 terram,
1783 4706 1839 4751 et
1867 4695 1920 4750 in
1947 4711 2009 4750 ea
2045 4697 2268 4764 degens,
2294 4703 2348 4745 et

775 4807 917 4857 viam
949 4798 1140 4855 salutis
1170 4793 1328 4849 nobis
1357 4791 1672 4856 ostendens,
1707 4805 1803 4860 per
1821 4789 2148 4858 baptismum
2179 4795 2234 4840 et
2263 4798 2348 4838 re-

776 4893 1172 4949 surrectionem
1197 4901 1227 4939 a
1254 4883 1484 4938 mortuis
1510 4884 1576 4937 ab
1604 4881 1795 4937 inferis
1824 4881 2039 4934 reduxit
2063 4879 2130 4932 ad
2158 4875 2348 4932 caelos.

778 4986 841 5041 Et
873 4997 1059 5038 rursus
1084 4979 1312 5034 veniens
1336 4976 1402 5030 ad
1418 4975 1782 5042 .judicandum
1816 4973 1968 5026 vivos
1993 4982 2049 5027 et
2083 4979 2345 5034 mortuos,

778 5076 942 5132 faciet
973 5083 1196 5140 surgere
1230 5080 1478 5135 corpora,
1499 5073 1555 5119 et
1573 5063 1870 5131 conjunget
1901 5063 2016 5119 suis
2046 5061 2355 5123 animabus,

779 5180 834 5225 et
870 5167 1061 5222 reddet
1092 5160 1388 5230 unicuique
1426 5155 1728 5212 secundum
1765 5169 1864 5211 sua
1895 5172 2060 5226 opera
2087 5156 2126 5210 ⁸.

856 5459 998 5516 XIX.
1041 5457 1168 5513 Haec
1201 5474 1323 5512 cum
1355 5469 1556 5530 martyr
1579 5456 1770 5511 fuisset
1795 5451 2229 5526 phiIOSOphatus,
2255 5450 2358 5505 ini-

789 5567 929 5623 quos
946 5551 1194 5605 Julianus
1221 5567 1232 5601 :
1264 5546 1685 5618 Videte,inquit,
1706 5547 1805 5600 viri
1837 5544 2066 5601 Romani
2087 5554 2142 5598 et
2163 5542 2357 5606 Cra-ci,

792 5641 944 5698 hunc
971 5639 1292 5692 sceleratum
1325 5647 1380 5692 et
1430 5637 1822 5695 exsecrandum
1859 5635 2156 5699 hominem,
2190 5647 2360 5702 quan-

793 5744 876 5788 tas
917 5749 982 5788 ex
1015 5730 1215 5786 Graecis
1259 5731 1559 5802 disciplinis
1607 5729 1798 5787 effudit
1830 5744 1994 5798 nugas
2036 5727 2087 5781 in
2120 5732 2359 5780 nostram

871 5898 950 5951 'I.
987 5897 1113 5952 Cor.
1148 5917 1199 5957 ν,
1235 5893 1318 5948 10.

2425 3282 2718 3378 τόρευσας,
2751 3306 2985 3358 κάκεῖνα
3037 3299 3132 3353 τοῦ
3177 3295 3314 3368 ἐμοῦ
3352 3289 3593 3364 Χριστοῦ
3626 3288 3722 3340 ἐπὶ
3765 3282 4001 3351 σωτηρίᾳ

2428 3402 2521 3454 καὶ
2541 3399 2840 3466 ἀνακλήσει
2864 3394 2959 3448 τοῦ
2996 3394 3102 3445 τῶν
3145 3387 3450 3460 ἀνθρώπων
3492 3382 3689 3452 γένους
3713 3381 3782 3432 τὰ
3812 3392 3998 3450 τερατ-

2425 3495 2778 3563 ουργήματα.
2852 3488 2964 3541 Καὶ
3003 3483 3329 3552 Πυθαγόρας
3366 3480 3464 3548 μὲν
3511 3477 3606 3530 καὶ⁸
3645 3472 3866 3542 Ἐρμῆς
3915 3469 4001 3527 τὰς

2433 3589 2542 3639 τῶν
2573 3562 2671 3636 dvo
2687 3582 2886 3652 ρώπων
2908 3578 3088 3646 ψυχὰς
3145 3576 3224 3636 είς
3254 3573 3346 3624 τὸν
3381 3570 3508 3640 ᾅδου
3552 3566 3818 3633 πυθμένα
3852 3562 4007 3614 κατὰ·

2439 3696 2624 3750 γουσι,
2665 3670 3120 3747 μετεμψυχώσεις
3159 3668 3221 3737 δή
3268 3680 3427 3726 τινας
3464 3661 3560 3714 καὶ
3593 3655 4002 3728 μεταγγισμοὺς

2435 3748 2893 3844 παρεισάγοντες,
2927 3765 3058 3817 ποτὲ
3095 3764 3193 3832 μὲν
3218 3763 3300 3822 εἰς
3331 3757 3501 3825 ἄλογα
3537 3753 3657 3817 ζῶα
3696 3751 3798 3804 καὶ
3854 3748 4006 3816 θηρία

2434 3840 2636 3928 ταύτας
2667 3856 3163 3932 μεταϐιϐάζοντες,
3199 3852 3330 3903 ποτὲ
3353 3851 3522 3910 δὲέίς
3559 3846 3718 3915 ἰχθύς
3743 3845 3844 3895 καὶ
3876 3840 4010 3909 φυτὰ

2438 3964 2532 4018 καὶ
2591 3959 2762 4020 ἄλλας
2817 3953 2974 4016 τινὰς
3029 3945 3510 4015 ἐπανακυκλήσεις
3569 3941 3669 3993 καὶ
3732 3937 4013 4007 περιόδους

2440 4053 2832 4112 κατασπῶντες
2890 4048 3063 4109 αὑτὰς
3120 4044 3216 4098 καὶ
3275 4034 3778 4111 ἀπορῤαπίζοντες.
3863 4031 3921 4084 '0
3969 4029 4014 4079 δὲ

2440 4145 2698 4218 Χριστὸς,
2731 4142 2858 4196 καθ’
2895 4140 2922 4192 δ
2948 4138 3079 4199 Θεὸς
3111 4136 3376 4204 ὑπάρχων
3408 4129 3618 4199 ἀληθὴς
3648 4127 3748 4180 καὶ
3781 4125 4013 4181 αἰώνιος,

2442 4212 2713 4295 ἀθάνατον
2781 4233 2953 4304 αὑτήν
3009 4229 3106 4284 καὶ
3172 4229 3367 4297 ἀγήρω
3449 4218 3888 4274 κατασκευάσας
3953 4212 4016 4280 τῷ

2445 4331 2704 4402 ἀπαρχῆς
2761 4325 3040 4393 πνεύματι
3094 4320 3223 4389 θείῳ
3274 4317 3369 4370 καὶ
3419 4312 3818 4384 ὲμφυσήματι,
3870 4308 4015 4376 ἡνίκα

2445 4425 2535 4476 τὸν
2570 4400 2792 4489 πρῶτον
2826 4415 3267 4484 ἐδημιούργησεν
3317 4408 3631 4477 ἄνθρωπον,
3665 4405 3746 4465 ὡς
3791 4403 3851 4454 αι
3890 4400 4015 4453 θεῖαι

2449 4512 2546 4567 καὶ
2603 4508 2916 4576 ἀδιάϐλητοι
2976 4501 3069 4555 τοῦ
3120 4502 3368 4563 Μωσέως
3421 4495 3595 4566 βίδλοι
3644 4490 4016 4558 διασαφοῦσι.

2450 4605 2727 4660 πεσοῦσαν
2756 4599 2917 4654 πάλιν
2946 4597 3036 4650 διὰ
3062 4597 3168 4665 τῆς
3200 4588 3494 4660 παρακοῆς
3535 4585 3634 4637 καὶ
3671 4585 3778 4652 τῆς
3820 4581 4018 4647 ἀπάτης

2447 4702 2540 4756 τοῦ
2576 4695 2926 4768 ψυχοφθόρου
2971 4690 3270 4762 δράκοντος
3305 4680 3475 4736 ἐλθὼν
3515 4678 3610 4732 ἐπὶ
3665 4676 3775 4745 γῆς
3805 4675 3904 4727 καὶ
3940 4689 4019 4723 πο-

2447 4765 2842 4858 λιτευσάμενος
2903 4785 3001 4839 καὶ
3068 4779 3360 4843 ὑποδείξας
3407 4775 3540 4844 ἡμῖν
3573 4771 3696 4825 ὁδὸν
3754 4765 4018 4837 σωτηρίας

2449 4887 2538 4941 διὰ
2562 4884 2654 4936 τοῦ
2689 4882 3066 4952 βαπτίσματος
3099 4875 3194 4928 καὶ
3220 4872 3319 4942 τῆς
3352 4871 3416 4921 ἐκ
3446 4864 3660 4935 νεκρῶν
3698 4859 3875 4916 αὑτοῦ
3908 4862 4018 4912 ἀναο

2453 4950 2718 5039 στάσεως,
2764 4975 2828 5024 ὲκ
2853 4969 2972 5038 ζτῶν
3017 4966 3114 5020 τοῦ
3163 4966 3292 5036 ᾅδου
3325 4958 3622 5030 πυθμένων
3654 4957 3738 5017 είς
3770 4950 4019 5022 οὐρανοὺς

2453 5072 2661 5139 ταύτην
2713 5065 3058 5133 ἐπανήγαγε,
3117 5061 3214 5113 καὶ
3273 5057 3436 5112 πάλιν
3491 5051 3800 5139 ἐρχόμενος
3855 5046 4018 5139 κρῖναι

2455 5165 2668 5230 ζῶντας
2715 5158 2810 5212 καὶ
2848 5153 3100 5223 νεκροὺς,
3128 5141 3568 5214 ὲξαναστήσειτὰ
3614 5138 3880 5205 σώματα,
3938 5133 4014 5185 καὶ

2459 5227 2684 5323 συνάψει
2710 5255 2831 5313 ταῖς
2861 5246 3077 5302 ἑαυτῶν
3104 5242 3307 5313 ψυχαῖς
3328 5281 3343 5305 ,
3389 5236 3484 5291 καὶ
3509 5230 3791 5287 ἀποδώσει
3825 5227 4016 5290 ἑκάστῳ

2459 5347 2602 5401 κατὰ
2636 5344 2702 5397 τὰ
2730 5344 2868 5414 ἔργα
2900 5335 3092 5392 αὑτοῦ.

2527 5439 2612 5492 ΙΘ.
2642 5413 2830 5489 Ταῦτα
2851 5431 2949 5484 τοῦ
2985 5428 3264 5500 μάρτυρος
3301 5418 3806 5492 φιλοσοφήσαντος,
3855 5413 3885 5465 ὁ
3929 5425 4015 5459 παι

2461 5535 2694 5603 ράνομος
2739 5522 3022 5586 Ἰουλιανός
3056 5539 3072 5554 ·
3116 5521 3338 5590 Ὁρᾶτε,
3366 5515 3489 5584 ἔφη.
3524 5509 3728 5580 ἄνδρες
3776 5504 4017 5573 Ῥωμαῖοι

2461 5600 2845 5692 καὶἝλληνες,
2865 5615 3078 5670 τουτονὶ
3100 5612 3194 5666 τὸν
3228 5608 3573 5679 παλαμναῖον
3601 5603 3701 5656 καὶ
3732 5600 4014 5668 ἀλιτήριον,

2465 5721 2628 5775 πόσον
2660 5715 2721 5768 ὲκ
2752 5713 2858 5768 τῶν
2888 5703 3182 5779 ἑλληνικῶν
3217 5700 3558 5775 μαθημάτων
3601 5691 3757 5749 κατὰ
3787 5693 3887 5764 τῆς
3908 5693 4018 5762 ἡμιο
