4142 6496
188 423 316 483 1181

1313 444 1783 508 MARTYRIUM
1848 450 1911 512 S.
1953 454 2309 519 ARTEM”.

3301 470 3438 540 1182

182 537 351 604 τέρας
388 537 685 641 θρησκείας
716 548 1115 604 κατεσκέδασεν
1146 552 1335 621 ῦθλον;
1370 556 1466 610 Μὰ
1495 557 1586 611 τὸν
1634 559 1747 627 ὲμοῖ

1863 563 2200 634 religionem.
2232 568 2334 622 Per
2362 572 2532 626 solem
2577 574 2707 629 mihi
2742 576 3146 645 charissimum,
3179 596 3289 637 non
3322 598 3439 639 am-

185 626 653 694 προσῷιλέστατον
708 634 907 705 ἥλιον,
964 641 1062 693 οὐκ
1121 642 1322 713 ἔμασιν
1374 646 1640 716 ἀνέξομαι
1701 648 1760 702 τὸ

194 718 542 790 Χριστιανῶν
575 725 887 785 ἀθεώτατον
913 736 1343 792 ὲκπαιδεύεσθαι
1392 742 1572 808 γένος.
1626 743 1757 797 Ἰδοὺ

188 813 297 882 γὰρ
335 814 437 882 τῆς
476 817 628 888 ἱερᾶς
660 823 908 889 παιδείας
940 828 1033 880 καὶ
1078 823 1235 894 οὗτος
1265 833 1294 884 ὁ
1336 834 1486 887 κύων
1517 834 1757 902 μεταλα·

189 904 319 974 χὼν,
344 910 448 961 κᾶν
483 913 583 965 οὐκ
610 915 824 979 εὐθείας
855 920 948 972 καὶ
980 923 1207 995 ὁμαλῆς,
1239 925 1356 979 ἀλλ’
1382 930 1533 997 ὅμως
1558 930 1759 1000 πολλὴν

186 1012 305 1048 τινα
334 1000 429 1050 καὶ
452 1002 665 1073 ἀτερπῆ
694 1008 820 1075 περὶ
849 1009 948 1077 τὴν
980 1011 1228 1083 ἱστορίαν
1255 1016 1603 1087 μωρολογίαν
1629 1030 1761 1073 κατ-

189 1086 327 1155 έχεε.
373 1090 559 1143 Ταῦτα
596 1095 787 1158 είπὼν,
854 1099 1068 1154 κελεύει
1100 1105 1202 1158 ’τὸν
1234 1109 1492 1177 μάρτυρα
1520 1113 1635 1172 ’τοῖς
1663 1111 1758 1181 δη-

191 1176 332 1243 μίοις
369 1180 743 1251 παραδοθῆναι
798 1187 894 1240 καὶ
924 1194 1252 1261 μαστιγοῦν,
1295 1197 1424 1267 ἄχρι
1477 1199 1575 1252 καὶ
1636 1176 1761 1253 πεν-

184 1269 459 1321 τακοσίων
502 1271 749 1341 πληγῶν.
799 1278 861 1330 Οί
920 1281 977 1333 δὲ
1034 1283 1310 1351 λαόόντες,
1365 1288 1556 1359 ᾔκιζον
1590 1294 1753 1345 απαν-

187 1356 424 1452 θρώπως
442 1366 563 1426 ταῖς
586 1366 827 1434 μάστιξι,
858 1372 953 1424 καὶ
982 1375 1009 1426 ὁ
1037 1377 1215 1447 κήρυξ
1239 1356 1409 1434 ἐϐόα-⁸
1440 1380 1670 1452 Ποίησον
1701 1386 1759 1438 τὸ

86 1441 97 1453 ’
184 1450 277 1502 τοῦ
311 1452 579 1519 βασιλέως
609 1457 843 1529 θέλημα,
878 1463 1087 1520 παῦσαι
1110 1469 1220 1521 τῶν
1256 1475 1633 1541 μωρολογιῶν,
1664 1478 1760 1531 καὶ

183 1542 553 1618 ἀπαλλαγήσῃ
606 1549 716 1603 τῶν
773 1553 1113 1619 κολαζόντων
1175 1578 1256 1613 σε.
1321 1564 1379 1617 '0
1432 1565 1489 1618 δὲ
1547 1569 1759 1637 μάρτυς

183 1635 481 1707 ἐκαρτέρει
527 1643 909 1712 τυπτόμενος,
952 1651 1175 1704 σιωπῶν
1240 1655 1336 1707 καὶ
1395 1658 1564 1725 μηδὲν
1621 1661 1759 1724 ὅλως

183 1726 582 1821 φθεγγόμενος.
648 1735 931 1801 Ἀτενίσας
975 1741 1036 1792 δὲ
1060 1742 1197 1812 πρὸς
1243 1745 1334 1798 τὸν
1371 1747 1465 1800 τοῦ
1518 1749 1755 1821 Χριστοῦ

186 1817 439 1889 μάρτυρα
477 1821 782 1892 Μακάρων,
825 1829 961 1896 φησι
992 1830 1129 1899 πρὸς
1162 1834 1354 1888 αὐτόν·
1388 1838 1460 1892 Σὺ
1496 1817 1644 1894 δὲγτί
1671 1841 1755 1896 λέο

180 1925 298 1975 γεις
334 1913 742 2004 περὶ-σεαυτοῦ,
765 1917 1030 1991 δυστυχὲς
1066 1923 1379 1994 ἀνθρώπιον
1410 1945 1425 1995 ;
1460 1932 1751 2004 Μακάριος

178 2001 307 2069 εφη,
343 2003 414 2053 Συ
441 1998 495 2056 εί
516 2005 789 2078 δυστυχὴς
816 2010 895 2080 τῷ
926 2012 1041 2065 ὄντι
1077 2017 1173 2069 καὶ
1205 2016 1426 2073 πάντων
1452 1998 1757 2095 ἀνθρώ-πων

178 2091 540 2159 ἀθλιώτατος,
572 2096 684 2164 ἐγὼ
711 2099 767 2151 δὲ
798 2103 1073 2174 μακάριος
1096 2105 1334 2177 ἀληθῶς,
1356 2091 1756 2181 συμφωνοῦσαν

177 2180 319 2251 ἔχων
353 2189 466 2250 τοῖς
498 2188 791 2271 πράγμασι
825 2195 919 2247 καὶ
971 2196 1070 2267 τὴν
1105 2204 1520 2271 προσωνυμίαν,
1549 2209 1633 2260 ὅτι
1663 2209 1755 2263 τὸν

178 2273 416 2345 Χριστὸν
441 2267 717 2350 ὁμολογῶν
744 2288 1054 2355 προσκυνῶ,
1086 2267 1247 2355 αὐτὸς
1272 2292 1327 2345 δὲ
1360 2267 1549 2351 τοῦτον
1579 2300 1757 2372 ἀπηρ-

178 2371 348 2438 νήσω,
384 2370 607 2440 δαίμοσι
638 2377 732 2427 καὶ
754 2375 831 2444 τῷ
863 2378 1100 2452 διαϐόλῳ
1135 2386 1587 2457 προσκολληθεὶς,
1617 2393 1754 2446 οἶσε

179 2458 275 2510 καὶ
308 2460 368 2511 οὺ
399 2461 623 2513 θέλοντα
655 2465 731 2531 τῷ
762 2469 968 2540 αἰωνίῳ
1001 2472 1135 2540 πυρὶ
1165 2479 1616 2548 παραπέμψουσι.
1647 2486 1755 2539 Καὶ

174 2554 204 2606 ὀ
225 2556 551 2625 παραϐάτης
572 2572 583 2586 ·
609 2553 722 2611 οἷδ’
746 2560 827 2613 ὅτι
874 2564 1135 2635 θανατᾷς,
1182 2570 1336 2640 φησὶ,
1383 2577 1479 2629 καὶ
1507 2576 1642 2645 πρὸς
1666 2579 1756 2649 ὀρ-

172 2646 279 2714 γὴν
323 2648 546 2716 κινῆσαι
579 2667 644 2717 με
672 2652 942 2718 σπεύδεις,
976 2657 1060 2710 ἵνα
1090 2657 1283 2714 θᾶττον
1317 2664 1642 2728 ἐξαναλώσω
1671 2689 1752 2727 σε.

186 2736 328 2789 Ἀλλ’
364 2740 461 2809 οὐχ
495 2742 568 2804 ὠς
590 2745 756 2807 αὐτὸς
785 2746 1020 2815 ἤλπισας
1048 2751 1219 2817 οὕτως
1254 2755 1405 2810 ἔσται
1436 2775 1538 2814 σοι.

244 2828 329 2880 K'.
366 2831 512 2897 Πλὴν
557 2834 695 2887 ἀλλὰ
741 2838 899 2891 τοῦτο
947 2843 1165 2911 πρῶτον
1215 2847 1537 2919 ἀπόκριναι.
1596 2854 1652 2907 τί
1695 2857 1755 2910 se

167 2919 329 2983 δόξαν
367 2921 518 2991 ὑμῖν,
552 2919 596 2978 ὦ
626 2928 944 2998 κατάρατοι,
973 2934 1054 2987 ὅτι
1082 2936 1157 3006 μὴ
1187 2939 1244 2990 δὲ
1273 2944 1404 3008 μιᾶς
1433 2962 1578 3009 τινος
1601 2949 1752 3014 ἐξου-

171 3010 263 3063 σία
296 3012 427 3082 ὑμῖν
457 3017 865 3089 ὲντειλαμένης,
891 3026 1052 3078 παντὶ
1083 3028 1176 3080 καὶ
1203 3035 1478 3104 πανταχοῦ
1532 3016 1743 3109 διατρέ-

168 3121 378 3172 χοντες,
413 3107 511 3170 τὰς
541 3109 649 3162 τῶν
684 3115 939 3180 μεγάλων
974 3117 1111 3173 θεῶν
1151 3125 1385 3189 σπονδάς
1417 3144 1476 3181 τε
1528 3133 1622 3183 καὶ
1651 3132 1747 3184 θυ-

169 3197 294 3259 σίας
331 3200 665 3269 ἀνατρέπειν
697 3207 1051 3277 σπουδάζετε,
1096 3213 1443 3283 διδάσκοντες
1480 3225 1608 3287 τοὺς

166 3289 445 3358 θρώπους,
482 3294 707 3357 τούτους
746 3296 820 3366 μὴ
875 3297 1014 3354 εἷναι
1061 3304 1244 3371 θεοὺς,
1286 3311 1360 3381 μὴ
1400 3314 1457 3366 δὲ
1496 3319 1750 3390 σωτῆρας

164 3387 265 3454 τῆς
304 3387 658 3458 οἰκουμένης,
720 3392 814 3444 καὶ
851 3393 946 3446 τοῦ
995 3398 1345 3468 ἀνθρωπείου
1390 3406 1581 3473 γένους
1616 3427 1747 3481 προ-

161 3478 364 3543 νοητάς
411 3496 471 3531 τε
510 3482 604 3533 καὶ
654 3483 982 3555 κηδεμόνας,
1035 3490 1198 3564 οὓςή
1257 3496 1354 3550 ἀπ’
1396 3499 1592 3564 αἰῶνος
1654 3478 1747 3556 καὶ

159 3568 376 3622 ἄνωθεν
431 3577 924 3646 πατροπαράδοτος
984 3582 1093 3636 τῶν
1141 3586 1448 3659 ἀνθρώπων
1489 3596 1746 3666 συνήθεια

159 3662 349 3714 σέϐειν
376 3680 435 3715 τε
471 3666 562 3716 καὶ
615 3674 941 3735 προσκυνεῖν
983 3677 1354 3745 παραδέδωκε,
1399 3684 1490 3738 τὸν
1518 3686 1572 3739 δὲ
1608 3662 1745 3756 Χρι-

159 3755 289 3805 στὸν
337 3753 465 3821 χθὲς
519 3755 611 3807 τοῦ
645 3753 785 3811 εἶναι
827 3759 1137 3833 ἀρξάμενον
1173 3771 1266 3823 καὶ
1323 3774 1384 3827 οὐ
1438 3779 1744 3846 προπολλοῦ

154 3849 259 3917 τῆς
294 3849 570 3917 ἡμετέρας
600 3854 812 3917 γενεᾶς,
858 3857 991 3910 Θεὸν
1024 3864 1355 3931 προαιώνιον
1385 3873 1480 3923 καὶ
1515 3872 1745 3940 βασιλέα

155 3940 267 3991 τῶν
316 3938 453 3992 ὅλων
509 3944 936 4015 άνακηρύττετε.
975 3952 1135 4008 Καὶὸ
1158 3957 1445 4028 Μακάριος
1468 3980 1480 3992 ·
1509 3938 1623 4016 Οὐκ
1654 3967 1744 4037 ἠρ-

157 4033 360 4101 κέσθης
380 4038 497 4095 ταῖς
524 4034 777 4105 Εὖγενίου
810 4044 998 4111 σοφαῖς
1023 4048 1382 4114 ἀποδείξεσιν,
1399 4056 1738 4127 ἁνομώτατες

158 4124 299 4189 πλὴν
335 4127 497 4189 κάγώ
544 4144 623 4181 σοι
682 4132 1007 4199 ὁμοτρόπως
1066 4140 1220 4212 αὐτῷ
1271 4145 1370 4209 τὰς
1418 4148 1741 4218 ἀποκρίσεις

154 4219 477 4287 ποιήσομαι,
501 4219 582 4271 ὅτι
613 4219 847 4290 Χριστὸς
877 4226 936 4276 ὃν
961 4227 1049 4281 διὰ
1069 4233 1308 4297 γέλωτος
1333 4237 1399 4289 σὺ
1426 4240 1519 4291 καὶ
1546 4240 1740 4313 χλεύης

151 4310 306 4375 ποιῇ,
334 4309 497 4369 αὐτὸς
525 4312 636 4372 τοῖς
662 4312 815 4375 ίδίοις
832 4316 1021 4385 εἴρηκε
1051 4321 1345 4393 μαθηταῖς,
1371 4309 1738 4400 Πορευθέντες

152 4399 232 4459 εἰς
297 4398 390 4449 τὸν
461 4400 662 4468 κόσμον
704 4402 940 4470 ἅπαντα,
1005 4412 1389 4484 μαθητεύσατε
1443 4422 1618 4478 πάντα
1668 4426 1737 4477 τὰ

146 4487 303 4556 ἔθνη,
342 4487 703 4557 βαπτίζοντες
735 4496 936 4560 αὐτοὺς
964 4501 1045 4562 είς
1079 4504 1139 4556 τὸ
1170 4506 1345 4578 ὄνομα
1372 4512 1467 4564 τοῦ
1495 4514 1731 4584 Πατρὺς,

148 4582 246 4632 καὶ
279 4582 375 4634 τοῦ
408 4582 564 4649 Υίοῦ,
598 4588 694 4638 καὶ
723 4588 815 4642 τοῦ
830 4591 986 4658 ἁγίου
1015 4593 1357 4665 Πνεύματος,
1391 4582 1734 4671 διδάσκοντες

146 4672 348 4735 αὐτοὺς
374 4676 566 4743 τηρεῖν
608 4678 785 4729 πάντα
819 4679 920 4733 ὅσα
977 4685 1337 4760 ἐνετειλάμην
1372 4692 1527 4760 ὑμῖν,
1560 4696 1609 4749 οἳ
1644 4701 1740 4752 καὶ

146 4765 533 4832 πορευθέντες,
585 4767 759 4824 ταῦτα
810 4773 1080 4842 ἐδίδαξαν,
1115 4781 1349 4851 φεύγειν
1400 4803 1458 4839 τε
1492 4790 1601 4842 ἀπὸ
1630 4792 1740 4845 τῶν

145 4858 401 4923 ματαίων
435 4857 691 4923 εἰδώλων,
725 4862 818 4915 καὶ
851 4864 1207 4938 ἐπιστρέφειν
1235 4875 1327 4927 ἐπὶ
1372 4876 1510 4932 Θεὸν
1535 4879 1735 4946 ζῶντα,

140 4948 196 5010 ὃς
226 4947 417 5001 ἔκτισε
458 4950 550 5005 τὸν
581 4955 809 5023 οὐρανὸν
845 4959 944 5013 καὶ
998 4963 1097 5031 τὴν
1126 4962 1254 5032 γῆν..
1288 4970 1337 5019 oi
1380 4969 1439 5020 δὲ
1495 4971 1606 5025 θεοί
1640 4991 1736 5027 σου

141 5038 235 5101 οὓς
264 5041 432 5103 αὐτὸς
464 5050 814 5112 προσκυνεῖς,
840 5050 1117 5119 δαιμόνων
1149 5056 1256 5109 είσὶ
1294 5060 1597 5130 πλάσματα
1642 5066 1737 5120 καὶ

145 5131 336 5201 μύθων
385 5137 691 5208 εὐρέματα,
727 5144 820 5198 καὶ
853 5145 1170 5219 διασολικῆς
1220 5154 1507 5226 ἐνεργείας
1539 5177 1733 5228 κυοφο-

143 5232 396 5299 ρήματα.
433 5234 596 5301 Λέγει
626 5234 737 5304 γὰρ
788 5241 917 5307 περὶ
954 5239 1137 5295 αὐτῶν
1166 5244 1197 5311 ἡ
1232 5246 1481 5318 ἡμετέρα
1516 5252 1731 5326 Γραφὴ,

139 5323 267 5374 Θιοὶ
295 5324 346 5376 οἳ
381 5322 472 5376 τὸν
509 5326 738 5396 οὐρανὸν
771 5332 864 5382 καὶ
894 5331 997 5401 τὴν
1030 5337 1136 5406 γῆν
1169 5335 1269 5390 οὐκ
1304 5341 1569 5409 ἐποίησαν
1596 5322 1736 5400 ἀπο-

139 5414 446 5467 λέσθωσαν.
483 5415 558 5470 Οὐ
596 5419 756 5486 μόνον
784 5420 861 5482 δὲ.
897 5422 1034 5478 ἀλλά
1060 5425 1156 5480 καὶ
1188 5429 1354 5500 νόμος
1383 5434 1583 5499 αὐτοὺς
1609 5436 1729 5491 ἔτε-

142 5521 237 5572 ρος
270 5503 577 5574 βασιλικὸς,
605 5511 633 5562 ὁ
665 5512 812 5582 παρὰ
864 5515 1285 5575 Κωνσταντίνου
1313 5524 1411 5577 τοῦ
1450 5526 1545 5580 σοῦ
1589 5546 1724 5599 συγ-

209 5647 231 5678 ⁸
258 5642 453 5699 Matth.
486 5661 676 5712 xxvm,
710 5648 795 5716 f9,
827 5651 917 5706 ‘20.
1031 5654 1192 5711 'Jer.
1226 5677 1283 5727 x,
1320 5665 1410 5720 11.

211 5762 285 5828 (l)
325 5762 498 5830 Hujus
526 5764 687 5839 legis,
724 5768 804 5821 vel
832 5771 1015 5839 potius
1062 5775 1255 5833 harum

136 5829 230 5884 lib.
267 5849 336 5895 ιν,
369 5829 485 5902 cap.
522 5829 623 5901 23';
657 5829 848 5892 Baron'.
884 5839 975 5893 52.

1866 652 2005 721 plius
2038 655 2209 711 feram
2238 658 2441 717 Grzecis
2467 662 2771 735 disciplinis
2803 668 3013 725 institui
3064 672 3299 728 maxime
3331 675 3436 729 im-

1866 746 2013 815 pium
2044 764 2214 817 genus
2247 751 2707 810 Christianorum.
2762 756 2898 814 Ecce
2946 760 3091 815 enim
3126 777 3293 819 saera
3339 764 3437 820 do-

1862 841 2053 897 ctrinze
2075 844 2253 914 aliqua
2292 861 2355 900 ex
2390 860 2543 918 parte
2572 850 2801 907 effectus
2836 856 3110 924 particeps
3136 856 3227 912 hic
3258 859 3428 923 canis,

1865 933 1989 987 licet
2015 949 2121 988 non
2152 945 2317 1002 recte,
2347 939 2546 995 multas
2567 951 2743 997 tamen
2775 955 2827 1001 et
2856 945 3180 1014 injucundas
3203 948 3436 1019 ineptias

1865 1024 2057 1079 effudit
2100 1029 2243 1081 circa
2293 1026 2598 1086 historiam.
2652 1033 2777 1090 Haec
2815 1053 2938 1093 cum
2988 1040 3240 1103 dixisset,
3281 1041 3438 1110 jubet

1865 1126 2154 1187 martyrem
2187 1121 2325 1174 tradi
2362 1122 2667 1188 lictoribus,
2697 1136 2751 1181 et
2783 1127 2961 1200 ﬂagris
2987 1132 3119 1186 caedi
3161 1134 3227 1186 ad
3270 1134 3436 1201 quin-

1864 1215 2048 1274 gentas
2073 1224 2242 1278 usque
2267 1210 2466 1282 plagas.
2497 1214 2572 1269 Illi
2598 1227 2776 1270 autem
2806 1233 2928 1272 eum
2954 1231 3235 1290 acceptum
3256 1220 3437 1290 ﬂagris

1863 1298 2141 1350 caedebant
2168 1300 2489 1358 inhumane.
2526 1305 2591 1361 Et
2625 1323 2800 1377 prwco
2826 1310 3128 1365 clamabat:
3162 1311 3270 1366 Fac
3294 1314 3437 1381 quod

1838 1387 1978 1441 ‘vnlt
2029 1390 2366 1459 imperator:
2396 1397 2586 1453 desine
2618 1401 2781 1455 stulta
2833 1403 3000 1471 loqui,
3038 1413 3092 1458 et
3124 1405 3442 1459 liberaberis

1865 1482 1933 1537 ab
1966 1485 2050 1547 iis,
2083 1488 2174 1554 qui
2215 1498 2266 1541 te
2316 1491 2570 1557 puniunt.
2600 1491 2799 1563 Martyr
2824 1505 3005 1549 autem
3057 1495 3270 1551 fortiter
3303 1496 3439 1551 tule-

1864 1574 2037 1640 rabat,
2067 1576 2196 1631 dum
2247 1576 2652 1646 verberat-etur,
2702 1592 2911 1652 tacens,
2954 1596 3009 1640 et
3051 1586 3187 1640 nihil
3216 1589 3440 1641 omnino

1862 1665 2110 1735 loquens.
2147 1670 2202 1723 In
2238 1672 2457 1727 beatum
2494 1690 2623 1728 vero
2649 1675 2944 1732 Macarium
2981 1678 3168 1733 oculos
3198 1678 3438 1748 deligens

1863 1756 2182 1826 imperator,
2211 1762 2260 1814 ei
2291 1762 2462 1816 dicit:
2492 1765 2574 1819 Tu
2605 1777 2783 1821 autem
2821 1770 2949 1838 quid
2991 1770 3124 1825 dicis
3146 1772 3212 1825 de
3238 1771 3435 1843 teipse.

1864 1846 2046 1902 infelix
2080 1849 2444 1907 homuncule?
2470 1852 2670 1909 Beatus
2706 1867 2888 1912 autem
2921 1858 3057 1914 dixit
3083 1870 3325 1931 martyr:
3354 1860 3436 1915 Tu

1860 1954 1921 1996 es
1949 1956 2133 1995 revera
2160 1941 2369 2013 infelix,
2395 1955 2448 2000 et
2476 1948 2721 2002 omnium
2750 1949 3031 2005 hominum
3058 1951 3395 2006 miserrimus
3422 1970 3435 2005 :

1858 2046 1959 2101 ego
1990 2042 2172 2088 autem
2217 2050 2344 2091 vere
2382 2036 2598 2101 beatus,
2632 2040 2841 2095 habens
2888 2044 3305 2112 appellationem
3356 2044 3435 2099 rei

1856 2125 2294 2192 convenientem,
2322 2128 2579 2197 quoniam
2610 2129 2888 2186 Christum
2915 2135 3182 2188 confitens
3227 2136 3435 2191 adoro:

1856 2214 1971 2285 ipse
1998 2226 2179 2271 autem
2222 2232 2347 2273 eum
2390 2221 2621 2290 negasﬁ,
2656 2220 2999 2277 daemonibus
3042 2224 3328 2279 adhaerens
3384 2233 3438 2278 et

1856 2307 2093 2371 diabolo,
2143 2311 2234 2377 qui
2268 2319 2320 2365 te
2350 2311 2435 2365 vel
2485 2312 2717 2367 invitum
2760 2317 3129 2371 transmittent
3159 2316 3223 2371 ad
3258 2316 3436 2389 ignem

1856 2411 2141 2456 aeternum.
2174 2400 2573 2473 Transgressor
2622 2417 2804 2461 autem
2832 2404 3078 2463 Julianus
3107 2426 3119 2460 :
3168 2407 3321 2475 Scio,
3350 2409 3435 2464 in-

1855 2493 1991 2562 quit.
2028 2503 2079 2547 te
2102 2504 2331 2549 mortem
2353 2510 2573 2565 cupere,
2603 2506 2657 2551 et
2688 2498 2905 2552 studere
2935 2513 3021 2553 me
3051 2499 3118 2553 ad
3150 2499 3284 2553 iram
3317 2514 3432 2555 mo-

1854 2600 2007 2649 vere,
2057 2598 2116 2639 ut
2164 2595 2216 2641 te
2260 2587 2369 2643 cito
2398 2602 2740 2645 consumam.
2800 2590 2995 2644 Verum
3038 2604 3145 2645 non
3186 2591 3257 2645 ita
3304 2593 3431 2656 erit,

1856 2688 1914 2731 ut
1946 2678 2196 2747 sperasti.

1923 2882 2041 2937 XX.
2083 2882 2188 2939 Sed
2238 2884 2342 2940 hoc
2372 2886 2506 2940 mihi
2554 2885 2787 2955 primum
2827 2885 3118 2955 responde,
3170 2884 3430 2953 quidnam

1853 2976 2005 3030 vobis
2035 2976 2208 3030 visum
2235 2977 2323 3043 sit,
2360 2994 2393 3033 ο
2423 2978 2763 3043 exsecrandi,
2794 2978 2971 3046 quod,
3016 2978 3307 3032 cumnulla
3340 2992 3433 3029 vo-

1853 3066 1936 3120 bis
1981 3067 2211 3134 jusserit
2245 3058 2508 3139 potestas,
2543 3084 2736 3125 omnes
2766 3079 2952 3141 partes
2992 3070 3283 3130 obeuntes,
3316 3084 3430 3123 ma-

1852 3172 2081 3228 gnorum
2129 3160 2356 3215 deorum
2396 3162 2629 3216 studetis
2668 3170 2919 3215 evertere
2966 3161 3225 3215 libamina
3261 3170 3427 3229 atque

1654 3227 1751 3279 ἀν·
1778 3235 1820 3293 C
1854 3227 2113 3305 sacriﬁcia
2181 3252 2441 3307 docentes
2492 3253 2768 3317 homines,
2805 3267 2903 3307 eos
2952 3268 3061 3305 non
3104 3267 3226 3307 esse
3272 3253 3425 3313 deos,

1851 3357 2028 3411 neque
2062 3353 2369 3398 servatores
2402 3344 2551 3398 orbis
2587 3353 2770 3408 terrae,
2806 3358 2907 3398 nee
2959 3343 3185 3397 humani
3212 3343 3428 3413 generis

1849 3444 2035 3484 Curam
2069 3448 2277 3499 gerere,
2305 3449 2442 3501 quos
2469 3435 2536 3488 ab
2562 3448 2680 3488 aevo
2710 3443 2765 3489 et
2793 3432 2975 3488 multis
3012 3444 3159 3488 retro
3184 3432 3426 3495 saeculis,

1849 3535 1878 3572 a
1930 3520 2172 3589 patribus
2227 3522 2351 3575 data
2401 3524 2689 3578 hominum
2744 3526 3110 3591 consuetudo,
3165 3525 3425 3579 colendus

1850 3612 2067 3666 tradidit
2110 3620 2165 3665 et
2211 3612 2552 3668 adorandus:
2583 3613 2861 3670 Christum
2911 3625 3118 3681 autem,
3164 3617 3257 3685 qui
3307 3616 3423 3670 heri

1846 3703 2014 3770 cmpit
2044 3718 2191 3765 esse,
2240 3713 2295 3757 et
2340 3719 2449 3758 non
2493 3709 2722 3760 multum
2754 3717 2881 3762 ante
2914 3718 3154 3761 nostram
3182 3715 3423 3771 aetatem,

1848 3794 2014 3849 Deum
2044 3804 2169 3849 ante
2204 3795 2421 3859 saecula,
2464 3808 2519 3849 et
2558 3796 2758 3867 Regem
2793 3800 3177 3854 universorum
3221 3800 3419 3868 praedi-

1844 3890 1999 3940 catis.
2032 3886 2301 3942 Macarius
2344 3899 2524 3943 autem
2553 3907 2566 3943 :
2600 3889 2716 3944 Non
2748 3890 2843 3946 tibi
2888 3892 3246 3953 suffecerunt,
3282 3907 3315 3945 ο
3342 3891 3424 3944 vir

1844 3978 2205 4046 iniquissime,
2258 3979 2534 4048 sapientes
2595 3980 2826 4051 Eugenii
2898 3982 3417 4045 demonstrationes,

1842 4071 1987 4140 quod
2026 4072 2211 4127 eadem
2244 4082 2298 4127 et
2336 4073 2405 4129 de
2442 4074 2631 4129 iisdem
2679 4090 2901 4145 semper
2933 4077 3271 4145 interrogas?
3300 4074 3419 4129 Cae-

1844 4175 2017 4218 terum
2049 4181 2149 4235 ego
2176 4181 2393 4235 quoque
2421 4169 2515 4222 tibi
2548 4170 2739 4224 eodem
2790 4169 2974 4235 modo,
3011 4184 3121 4238 quo
3146 4168 3265 4237 ipse.
3290 4166 3419 4222 red-

1839 4256 1961 4310 dam
2000 4270 2298 4324 responsa:
2333 4255 2490 4322 Quod
2521 4258 2794 4321 Christus,
2842 4274 3003 4327 quem
3039 4270 3091 4313 tu
3124 4259 3321 4313 irrides
3353 4273 3418 4313 ae

1840 4347 2150 4412 ludificaris,
2197 4350 2311 4417 ipse
2351 4348 2463 4403 suis
2496 4346 2634 4404 dixit
2660 4349 2939 4418 discipulis
2979 4368 2995 4404 :
3037 4367 3055 4400 ι
3096 4347 3302 4404 Euntes
3355 4351 3412 4404 in

1842 4434 2103 4487 mundum
2151 4435 2493 4497 universum,
2526 4435 2727 4491 docete
2766 4451 2958 4491 omnes
2982 4447 3192 4504 gentes,
3242 4436 3417 4507 bapti-

1840 4534 2028 4579 zantes
2057 4539 2153 4579 eos
2185 4526 2239 4578 in
2291 4526 2517 4580 nomine
2561 4526 2761 4590 Patris,
2789 4537 2845 4581 et
2877 4527 3018 4591 Filii,
3068 4538 3126 4583 et
3174 4528 3415 4599 Spiritus

1838 4618 2034 4681 sancti,
2093 4616 2355 4671 docentes
2409 4631 2505 4671 eos
2564 4632 2786 4672 servare
2836 4620 3018 4672 omnia
3072 4634 3413 4689 quacunque

1838 4708 2093 4763 mandavi
2141 4710 2297 4763 vobis
2322 4711 2363 4764 '.
2399 4727 2418 4759 ι
2452 4707 2557 4775 Qui
2588 4710 2750 4764 etiam
2799 4709 3027 4781 profecti
3062 4711 3174 4765 haec
3208 4712 3413 4767 docue-

1839 4811 1988 4866 runt,
2016 4800 2203 4870 fugere
2240 4817 2375 4855 vana
2407 4802 2720 4865 simulacra,
2751 4813 2807 4857 et
2836 4804 3086 4857 converti
3118 4804 3185 4857 ad
3237 4803 3409 4858 Deum

1836 4893 2043 4951 vivum,
2091 4892 2182 4957 qui
2220 4891 2427 4946 creavit
2479 4893 2681 4947 caelum
2739 4902 2794 4948 et
2854 4904 3077 4949 terram.
3110 4893 3192 4949 Dii
3228 4905 3410 4950 autem

1837 4984 1941 5047 tui,
1972 4998 2110 5053 quos
2139 4984 2257 5053 ipse
2286 4984 2505 5049 adoras,
2540 4996 2671 5040 sunt
2706 4985 2961 5054 ﬁgmenta
2992 4986 3327 5049 daemonum,
3356 4998 3415 5042 et

1836 5076 2060 5131 inventa
2105 5076 2414 5130 fabularum
2441 5078 2835 5147 diaboliczeque
2863 5075 3007 5133 fetus
3047 5079 3409 5147 operationis.

1834 5167 1911 5222 De
1941 5169 2009 5222 iis
2038 5170 2186 5223 enim
2222 5169 2354 5225 dicit
2382 5182 2570 5225 nostra
2609 5172 2888 5241 Scriptura
2920 5187 2933 5222 :
2977 5188 2998 5223 ι
3037 5168 3140 5234 Dii,
3172 5171 3266 5239 qui
3298 5186 3412 5226 ca:—

1832 5259 1941 5313 lum
1984 5270 2040 5314 et
2083 5270 2279 5315 terram
2318 5274 2428 5316 non
2462 5261 2731 5324 fecerunt,
2760 5260 2988 5331 pereadt
3028 5262 3068 5315 ³.
3107 5280 3126 5313 ι
3163 5260 3275 5316 Nec
3305 5262 3412 5318 hoc

1833 5350 2032 5415 solum,
2063 5352 2159 5406 sed
2184 5352 2289 5405 alia
2320 5368 2538 5423 quoque
2574 5354 2658 5408 lex
2693 5353 3051 5421 imperatoria
3078 5369 3107 5407 a
3132 5352 3405 5407 Constan-

1841 5442 1956 5495 tino
1992 5451 2083 5494 tuo
2110 5452 2339 5511 cognato
2364 5442 2493 5508 lata,
2519 5458 2614 5498 eos
2646 5444 2867 5513 expellit
2888 5444 2957 5498 ab
2988 5442 3328 5506 adoratione,
3351 5452 3408 5498 et

1840 5532 2092 5589 dissolvit
2123 5549 2312 5590 eorum
2338 5535 2518 5591 cultus
2540 5536 2600 5590 ἰ
2631 5537 2723 5607 qui
2751 5552 2873 5592 eum
2900 5535 2955 5590 in
2986 5533 3264 5591 Christum
3289 5549 3409 5591 ere-

1302 5781 1485 5851 legum
1521 5786 1769 5841 meminit
1799 5786 2000 5843 Euseb.
2048 5788 2140 5845 lib.
2198 5806 2235 5844 ιι
2272 5789 2403 5844 Vitae
2442 5787 2782 5846 Constantini
2829 5804 2950 5860 cap.
2986 5788 3073 5856 43,
3115 5788 3182 5844 44
3230 5786 3321 5855 65,
3350 5794 3404 5843 et
