4142 6476
744 431 878 496 118Ἷ

2013 415 2293 474 ΜΕΝΞΙΞ
2332 413 2693 475 OCTOBER.

3847 408 3967 472 1188

741 543 918 614 capita
969 547 1153 592 nostra
1180 535 1274 594 ⁸.»
1316 532 1504 587 Restat
1545 544 1674 598 ergo
1721 539 1776 582 ut
1829 535 2165 579 transeamus
2211 541 2305 595 per

2429 544 2537 589 ιους
2570 525 2665 577 ἐπὶ
2689 523 2784 585 τὰς
2807 523 3044 593 κεφαλὰς
3073 525 3250 594 ἡμων.
3277 523 3529 592 Λείψεται
3556 519 3652 578 οὖν
3669 523 3732 576 τὸ
3754 523 3969 576 διελθεῖν

741 639 919 707 ignem
967 641 1020 685 et
1059 643 1278 697 aquam,
1334 635 1390 678 ut
1437 638 1536 676 nos
1588 622 1784 674 educas
1834 620 1887 671 in
1940 618 2300 687 refrigerium.

742 725 1001 782 Precibus
1040 731 1223 773 autem
1255 717 1437 776 finitis,
1479 713 1640 767 veluti
1680 727 1861 764 secum
1911 710 2159 777 loquens,
2193 724 2300 761 ma-

742 831 882 888 gnus
911 813 1045 867 dixit
1073 809 1384 864 Artemius:
1410 806 1640 867 Artcmi,
1679 817 1804 856 ecce
1827 802 2025 854 Christi
2053 801 2303 870 stigmata

743 908 797 960 in
823 915 916 959 tuo
946 917 1174 970 corpore
1204 907 1330 954 sunt
1363 895 1664 963 insculpta:
1692 902 1903 961 Oportet
1933 891 2114 959 itaque
2142 900 2191 943 te
2211 906 2304 958 pro

745 998 834 1052 illo
858 996 1025 1065 ipsam
1046 1007 1262 1062 quoque
1289 988 1617 1058 profundere
1640 985 1892 1037 animam.
1923 984 1984 1036 Et
2009 980 2301 1049 adjiciens:

744 1091 860 1160 Ago
895 1088 989 1141 tibi
1041 1084 1262 1156 gratias,
1315 1081 1558 1140 Domine,
1595 1077 1829 1139 dicebat,
1867 1075 2011 1144 quod
2063 1073 2157 1126 tibi
2197 1071 2306 1141 pla-

745 1179 940 1242 cuerit,
972 1185 1034 1229 ut
1067 1190 1166 1246 ego
1201 1171 1552 1244 glorificarer,
1582 1167 1853 1236 susceptis
1883 1181 1979 1234 pro
2009 1176 2057 1218 te
2090 1177 2308 1232 perpes-

746 1269 1009 1330 sionibus,
1058 1277 1112 1319 et
1161 1279 1245 1318 me
1292 1261 1678 1317 connumerari
1726 1259 1778 1311 in
1809 1257 2034 1311 chorum
2089 1265 2304 1308 tuorum

746 1374 1082 1415 sanctorum.
1146 1356 1277 1417 Sed,
1329 1353 1376 1408 o'
1409 1354 1640 1422 benigne
1696 1350 1938 1412 Domine,
1990 1361 2308 1402 consumma

748 1467 967 1505 cursum
1005 1464 1181 1502 meum
1211 1448 1264 1499 in
1297 1456 1381 1499 tua
1417 1444 1779 1503 c0nfessione,
1803 1452 1857 1494 et
1888 1455 1953 1493 ne
1987 1455 2070 1493 me
2099 1438 2310 1508 judices

751 1548 852 1598 hoc
882 1554 1061 1612 empto
1115 1542 1417 1610 indignum.
1453 1539 1561 1608 Ego
1594 1540 1738 1591 enim
1772 1551 1857 1588 me
1905 1547 2074 1587 tomm
2107 1530 2310 1586 contuli

750 1637 816 1690 ad
847 1645 966 1689 tuas
1004 1635 1397 1688 miserationes.
1430 1630 1553 1684 Hrcc
1586 1643 1709 1682 cum
1740 1627 1879 1696 apud
1914 1641 1972 1680 se
2010 1637 2154 1679 esset
2188 1637 2311 1691 pre-

752 1739 929 1788 catus,
957 1726 1102 1779 venit
1155 1725 1208 1776 in
1244 1723 1544 1776 custodiam
1578 1736 1700 1774 cum
1751 1720 1951 1772 sanctis
1988 1716 2313 1785 martyribus

753 1820 990 1889 Eugenio
1023 1830 1078 1871 et
1112 1816 1364 1878 Macario,
1395 1825 1449 1867 et
1482 1813 1767 1865 traduntur
1800 1808 2009 1863 custodi
2034 1809 2265 1860 carceris
2295 1824 2307 1861 :

2404 622 2552 690 ἡμᾶς
2589 617 2676 670 διὰ
2711 617 2879 686 πυρός
2906 635 2964 670 τε
3022 616 3114 669 καὶ
3147 616 3358 682 ὕδατος,
3384 619 3530 679 ὅπως
3563 618 3645 680 είς
3693 614 3968 684 ἀναψυχὴν

2404 711 2676 784 ἑξαγάγῃς
2706 714 2865 782 ἡμᾶς.
2902 711 3009 762 Καὶ
3038 710 3134 778 τῆς
3165 708 3330 778 εὐχῆς
3358 707 3765 777 πληρωθείσης.
3791 707 3966 774 ὥσπερ

2403 804 2779 874 διαλεγόμενος
2824 802 3002 871 ἐαυτῷ
3052 803 3154 870 ἔφη
3184 802 3212 852 6
3263 800 3433 870 μέγας
3494 803 3822 871 Ἀρτέμιος·
3855 803 3966 865 ’Λρο

2404 899 2580 965 τέμιε,
2641 896 2747 949 ἰδοῦ
2777 897 2846 948 τὰ
2906 896 3182 961 στίγματα
3236 893 3329 946 τοῦ
3373 893 3610 961 Χριστοῦ
3648 894 3727 961 τῷ
3769 892 3970 959 σώματί

2409 1002 2502 1037 σου
2529 988 2889 1055 κεχάρακται,
2932 986 3012 1037 δεῖ
3051 979 3144 1036 οὖν
3187 985 3280 1036 καὶ
3319 984 3487 1053 αὑτὴν
3523 984 3793 1051 προέσθαι
3839 984 3966 1050 ὑπὲρ

2408 1076 2576 1128 αὑτοῦ
2630 1075 2727 1144 τὴν
2784 1077 2980 1144 ψυχὴν,
3034 1075 3125 1126 καὶ
3188 1074 3460 1144 προσθεὶς,
3506 1074 3842 1141 Εὐχαριστῶ
3876 1091 3967 1134 σοι.

2412 1167 2603 1236 Κύριε,
2663 1166 2868 1232 ἔλεγεν,
2917 1167 2995 1218 ὅτι
3043 1166 3151 1227 τοῖς
3188 1165 3325 1233 ὑπὲρ
3360 1164 3452 1216 σοῦ
3492 1165 3562 1234 μὲ.
3601 1164 3804 1215 πάθεσι
3831 1163 3971 1224 δεξει-

2412 1259 2603 1327 σθῆναι
2632 1258 2948 1324 εὐδόκησας,
2977 1257 3070 1308 καὶ
3101 1255 3174 1324 τῷ
3210 1255 3354 1324 χορῷ
3382 1256 3488 1306 τῶν
3517 1255 3695 1321 ἁγίων
3728 1270 3824 1304 σου
3862 1270 3972 1305 sw-

2409 1350 2747 1419 ηρίθμησας,
2806 1348 2966 1411 ἀλλὰ,
2999 1348 3348 1417 φιλάνθρωπε
3393 1347 3662 1407 Δέσποτα,
3697 1345 3976 1396 τελείωσόν

2417 1457 2514 1509 μου
2543 1439 2631 1490 τὸν
2681 1440 2878 1508 δρόμον
2910 1442 2967 1491 ἐν
3002 1443 3066 1508 τῇ
3103 1438 3360 1508 ὁμολογία
3394 1454 3509 1499 σου,
3535 1437 3632 1488 καὶ
3666 1437 3742 1505 μὴ
3768 1436 3978 1500 ἀνάξιόν

2417 1550 2482 1597 με
2517 1533 2708 1601 κρίνῃς
2741 1532 2833 1582 τοῦ
2865 1533 3286 1600 ἐγχειρήματος.
3328 1531 3431 1579 Καὶ
3466 1528 3641 1579 ταῦτα
3680 1530 3822 1597 προς
3852 1529 3975 1579 ἐαυ-

2414 1625 2504 1677 τὸν
2535 1625 2855 1692 εὐξάμενος,
2895 1624 3086 1690 φθάνει
3122 1621 3218 1691 τὴν
3248 1621 3490 1690 φυλακὴν
3520 1621 3660 1689 μετὰ
3680 1621 3792 1670 τῶν
3821 1621 3981 1685 ἁγίων

2419 1715 2708 1783 μαρτύρων
2755 1713 3012 1780 Εὑγενίου
3066 1715 3156 1766 καὶ
3193 1713 3504 1783 Μακαρίου,
3537 1713 3634 1763 καὶ
3664 1711 3746 1779 τῷ
3796 1712 3981 1777 δεσμο-

2418 1804 2615 1870 φύλακι
2645 1804 2783 1871 πρὸς
2814 1804 3046 1871 τήρησιν
3079 1804 3481 1870 παραδίδονται.
3514 1804 3623 1854 Καὶ
3648 1801 3824 1866 οὕτως
3850 1796 3982 1869 ἦσαν

751 1921 808 1964 et
838 1911 917 1964 sic
943 1916 1100 1961 erant
1130 1904 1497 1958 communiter
1525 1903 1693 1954 Deum
1741 1898 2121 1969 glorificantes.
2155 1897 2309 1950 Mane

2429 1900 2573 1966 ιοινῇ
2604 1897 2916 1960 δοξάζοντες
2933 1897 3021 1948 τὸν
3050 1897 3197 1948 Θεόν.
3230 1895 3438 1964 Πρωῖας
3461 1897 3515 1948 δὲ
3545 1895 3848 1962 γενομένης
3873 1895 3984 1950 τοὺς

752 2001 931 2050 autem
958 2010 1079 2049 cum
1108 1992 1309 2046 Christi
1342 2000 1606 2057 martyres
1637 1996 1878 2041 curasset
1911 1988 2177 2041 sistendos
2217 1989 2315 2039 la:-

754 2089 995 2157 difragus
1024 2085 1294 2143 Julianus,
1325 2092 1378 2136 et
1403 2096 1494 2134 eos
1515 2081 1658 2134 nulla
1694 2081 1948 2148 dignatus
1981 2088 2124 2132 esset
2153 2079 2315 2129 inter-

755 2181 1057 2249 rogatione,
1092 2177 1195 2229 nisi
1225 2176 1366 2244 quotl
1396 2174 1566 2227 solum
1595 2175 1756 2240 jussit
1791 2186 2042 2240 magnum
2075 2168 2314 2238 separari

756 2273 1076 2334 Artemium,
1111 2271 1214 2324 fert
1251 2272 1304 2321 in
1357 2269 1474 2321 illos
1523 2266 1845 2321 sententiam
1879 2265 2074 2318 exsilii.
2109 2263 2317 2316 Emittit

754 2380 851 2420 eos
878 2363 1081 2425 Oasim,
1120 2363 1210 2429 qui
1245 2369 1328 2413 est
1359 2360 1620 2427 pesrilens
1655 2358 1807 2410 locus
1839 2357 1892 2408 in
1925 2355 2140 2417 Arabia,
2178 2363 2235 2405 ut
2265 2355 2318 2405 in

756 2472 864 2526 quo
895 2454 1042 2508 venti
1070 2454 1278 2523 spirant
1301 2450 1540 2504 exitiosi.
1574 2448 1724 2504 Unde
1757 2448 1918 2500 etiam
1946 2445 2125 2499 nullus
2146 2444 2316 2506 exiis,

757 2551 855 2619 qui
899 2549 1024 2601 illuc
1062 2548 1373 2608 mittuntur,
1412 2543 1626 2596 duravit
1663 2555 1832 2608 usque
1861 2539 1926 2591 ad
1951 2553 2150 2590 annum
2182 2555 2194 2591 :
2226 2537 2321 2592 sed

760 2640 1013 2713 gravibus
1039 2637 1241 2692 morbis
1273 2634 1528 2702 correpti,
1554 2647 1744 2686 omnes
1769 2640 1994 2700 pereunt
2020 2629 2319 2684 celerrime.

759 2734 895 2788 Cum
944 2732 1070 2785 illuc
1120 2745 1248 2799 ergo
1305 2728 1605 2797 relegasset
1647 2733 1864 2778 sanctos
1921 2722 2220 2792 Eugenium
2269 2730 2324 2776 et

761 2820 1053 2876 Macarium
1099 2831 1379 2890 tyrannus,
1410 2817 1482 2871 ibi
1520 2817 1682 2870 etiam
1711 2815 1874 2882 jussit
1900 2829 2086 2867 eorum
2119 2827 2324 2880 ampu-

765 2915 860 2969 tari
883 2918 1077 2984 capita.
1102 2913 1283 2980 Itaque
1315 2920 1430 2980 post
1456 2911 1660 2978 aliquot
1682 2908 1796 2962 dies
1821 2906 2075 2962 vicesimo
2102 2904 2325 2959 Decem-

763 3006 878 3059 bris
905 3014 1236 3072 acceperunt
1271 3003 1490 3055 beatum
1530 3000 1712 3052 finem.
1747 2998 1865 3062 Quo
1891 2998 1943 3049 in
1974 2997 2094 3049 loco
2126 2995 2325 3048 factum

764 3105 847 3149 est
894 3095 1234 3157 miraculum,
1269 3092 1492 3163 dignum
1523 3089 1666 3160 quod
1711 3088 1996 3142 mandetur
2030 3084 2324 3139 memoriae.

2414 1990 2507 2042 τοῦ
2539 1989 2776 2057 Χριστοῦ
2812 1991 3093 2057 μάρτυρας
3126 1989 3152 2039 6
3193 1988 3517 2056 παραϐάτης
3555 1985 3986 2056 παραστησάμεο

2416 2100 2525 2144 νος,
2576 2082 2665 2133 καὶ
2709 2081 2979 2150 μηδεμιᾶς
3069 2079 3262 2140 αὐτοὺς
3345 2079 3664 2147 ἐρωτήσ;ως
3734 2077 3987 2139 ἀξιώσας,

2417 2175 2448 2244 ἦ
2479 2176 2636 2244 μόνον
2660 2175 2748 2225 τὸν
2799 2191 2962 2242 μιγαν
3003 2172 3291 2242 Ἀρτέμιον
3324 2171 3660 2240 διαιρεθῆναι
3703 2170 3988 2229 κελεύσας,

2419 2267 2631 2334 ὲξορίαν
2669 2267 2890 2317 ἐκείνων
2924 2263 3386 2332 καταψηφίζεται,
3411 2265 3502 2315 καὶ
3539 2263 3757 2330 πέμπει
3795 2265 3988 2319 αὐτοὺς

2419 2365 2476 2414 ἐν
2517 2360 2682 2411 Οάσει
2747 2360 2842 2428 τῆς
2888 2356 3168 2425 Ἀραϐίας,
3220 2357 3439 2426 νοσεροῦ
3487 2357 3858 2425 τυγχάνοντος
3905 2353 3992 2404 τοῦ

2421 2453 2620 2522 χωρίου
2653 2450 2748 2504 ἁτε
2801 2450 2863 2519 δὴ
2916 2449 3006 2503 καὶ
3051 2449 3159 2501 ὑπὸ
3194 2448 3531 2518 φθοροποιῶν
3571 2449 3804 2517 ἀνέμων
3835 2463 3995 2497 κατα-

2422 2545 2745 2612 πνεομένου,
2783 2541 2904 2594 ὅθεν
2933 2540 3107 2603 οὐδείς
3155 2557 3283 2592 ποτε
3333 2541 3437 2592 τῶν
3467 2541 3648 2591 ἐκεῖσε
3686 2540 3994 2605 διαπεμπο-

2427 2637 2601 2705 μένων
2660 2633 2787 2702 ἄχρι
2819 2632 2915 2685 καὶ
2946 2634 3025 2695 είς
3054 2633 3298 2684 ἐνιαυτὸν
3327 2631 3637 2701 διήρκεσεν,
3678 2630 3819 2682 ἀλλά
3850 2631 4000 2698 χαλε-

2427 2731 2545 2790 ποῖς
2579 2729 2881 2794 νοσήμασιν
2910 2725 3278 2792 ἁλισκόμενοι,
3331 2723 3608 2790 ταχύτατα
3647 2721 3998 2790 θνήσκουσι-ι’

2426 2824 2541 2874 ἐκεῖ
2583 2820 2762 2873 τοίνυν
2792 2820 2918 2880 τοὺς
2953 2818 3142 2886 ἁγίους
3179 2817 3493 2886 περιορίσας
3528 2817 3554 2867 6
3580 2814 3876 2884 τύραννος,
3906 2814 3998 2863 EG-

2428 2916 2604 2983 γένιον
2655 2913 2749 2966 καὶ
2802 2912 3111 2981 Μακάριον,
3157 2912 3215 2962 ἐν
3269 2912 3403 2980 αὐτῇ
3456 2910 3552 2960 καὶ
3605 2910 3709 2968 τὰς
3762 2907 4003 2973 κεφαὶάς

2427 3007 2814 3076 ἀποτμηθῆναι
2870 3004 3266 3065 διεκελεύσατο,
3318 3003 3366 3053 οἳ
3404 3002 3495 3052 καὶ
3539 3001 3680 3068 μετά
3736 2999 4003 3064 τεσσαρά-

2430 3117 2596 3153 κοντα
2657 3099 2866 3168 ἡμέρας
2899 3097 3040 3150 κατά
3066 3097 3162 3165 τὴν
3192 3094 3378 3145 εἰκάδα
3405 3091 3497 3143 τοῦ
3531 3090 3876 3161 Δεκεμϐρίου
3911 3106 4008 3155 μη-

765 3187 898 3241 Nam
934 3203 1056 3239 cum
1089 3187 1264 3256 inopia
1298 3200 1449 3252 aqua“:
1486 3183 1756 3236 laboraret
1785 3181 1955 3244 locus,
1999 3179 2118 3232 fons
2149 3185 2327 3232 scatu-

2435 3193 2544 3255 νδς,
2573 3191 2630 3244 τό
2681 3189 3015 3260 μαρτυρικὸν
3051 3186 3295 3249 ἐδέξαντο
3329 3185 3498 3247 τέλος,
3531 3184 3661 3235 ἔνθα
3697 3185 3796 3235 καὶ
3827 3182 4009 3248 θαῦμα

769 3277 878 3337 riit,
918 3292 1114 3330 curans
1141 3292 1354 3329 omnem
1400 3274 1647 3329 morbum
1685 3283 1740 3326 et
1781 3271 2179 3338 aegritudinem.
2223 3271 2325 3331 Qui

767 3370 930 3423 etiam
959 3379 1140 3422 manet
1169 3384 1336 3438 usque
1366 3369 1418 3420 in
1453 3367 1776 3420 hodiernum
1809 3363 1973 3417 diem.

841 3649 1006 3708 XXV.
1028 3651 1320 3721 Imperator
1342 3661 1542 3712 autem,
1568 3648 1752 3703 divino
1775 3648 2039 3702 accersito
2061 3658 2330 3720 martyre:

773 3745 910 3811 Tua,
941 3746 1137 3813 inquit,
1167 3744 1446 3797 temeritas
1471 3757 1557 3795 me
1581 3741 1760 3809 coegit
1779 3741 1863 3795 vel
1883 3741 2111 3794 invitum
2139 3743 2336 3808 probro

773 3838 985 3892 allicere
1016 3846 1167 3891 tuum
1198 3849 1392 3906 genus,
1422 3844 1476 3887 et
1504 3844 1597 3887 tuo
1628 3832 1904 3902 splendori
1935 3833 2156 3887 inurere
2183 3833 2336 3903 igno-

774 3931 1019 3992 miniam,
1051 3936 1104 3982 et
1135 3931 1279 3998 ipsas
1308 3940 1428 3982 tuas
1457 3942 1649 3982 carnes
1676 3927 1962 3996 attingere.
1992 3926 2098 3980 Sed
2131 3928 2174 3982 si
2204 3927 2335 3980 mihi

775 4033 982 4074 rnorem
1006 4033 1181 4089 geras,
1205 4034 1236 4073 o
1258 4017 1487 4081 Artemi,
1513 4026 1567 4070 et
1594 4017 1858 4070 accedens
1887 4019 2207 4071 saerilicaris
2234 4019 2337 4070 diis

779 4111 1200 4173 immortalibus,
1248 4117 1304 4163 et
1353 4107 1583 4162 maxime
1616 4107 1891 4178 Daphnzeo
1924 4108 2180 4179 Apollini,
2230 4124 2338 4162 non

778 4202 952 4255 solum
981 4199 1286 4271 expiaberis
1315 4215 1343 4252 a
1381 4200 1526 4254 crede
1558 4199 1744 4253 fratris
1774 4201 1902 4264 mei,
1937 4202 2032 4255 sed
2075 4202 2338 4272 majorem

781 4308 969 4346 rursus
997 4293 1232 4360 accipies
1295 4292 1611 4362 dignitatem
1645 4298 1698 4345 et
1730 4291 1898 4359 magis
1942 4291 2296 4346 honorificam
2325 4310 2340 4348 :

777 4393 831 4439 et
860 4393 911 4438 te
942 4385 1268 4438 constituam
1301 4383 1611 4452 praefectum
1638 4383 1914 4453 pratorio,
1937 4391 2096 4452 teque
2123 4400 2345 4454 magno-

780 4491 900 4531 rum
933 4476 1156 4530 deorum
1215 4477 1411 4530 creabo
1461 4476 1794 4545 pontificem,
1839 4487 1892 4530 et
1928 4478 2210 4548 appellabo
2241 4492 2343 4547 pa-

785 4575 943 4626 trem,
975 4574 1029 4618 ct
1063 4566 1271 4620 tenebis
1302 4566 1599 4619 secundum
1629 4566 1806 4620 locum
1848 4565 1901 4619 in
1933 4583 2053 4621 meo
2093 4568 2341 4636 imperio,
2371 4547 2418 4602 θ

783 4671 839 4712 et
864 4659 973 4712 eris
1002 4658 1284 4712 nobiscum
1321 4667 1431 4712 toto
1474 4659 1596 4712 vita:
1628 4668 1729 4712 ture
1758 4667 2022 4727 tempore,
2055 4659 2239 4713 fruens
2268 4659 2345 4714 fe-

782 4749 873 4806 lici
903 4759 957 4804 et
999 4763 1258 4820 prospero
1294 4763 1473 4802 rerum
1510 4757 1671 4803 statu.
1723 4749 1856 4803 Nam
1896 4760 1950 4802 tu
1994 4764 2210 4818 quoque
2241 4750 2346 4803 scis

787 4835 1006 4890 fratrem
1043 4853 1220 4890 meum
1250 4851 1358 4890 non
1389 4845 1534 4892 recte
1558 4853 1658 4893 nec
1678 4838 1823 4907 juste
1858 4839 2024 4899 fuisse
2055 4839 2292 4893 occisum
2317 4853 2346 4891 a

784 4928 1138 4984 Constantio:
1175 4929 1265 4982 sed
1295 4929 1468 4997 ipsum
1491 4930 1725 4983 confecit
1757 4931 1980 4995 invidia,
2019 4943 2070 4986 et
2101 4931 2344 4985 omnium

787 5018 1068 5073 hominum
1094 5018 1327 5073 maxime
1357 5020 1553 5088 impius
1577 5018 1861 5085 Eusebius,
1889 5024 2099 5076 etiamsi
2131 5037 2235 5076 non
2262 5038 2349 5075 sa-

792 5109 859 5163 tis
889 5125 1170 5178 pmnarum
1203 5125 1302 5181 pro
1329 5112 1493 5180 impio
1524 5110 1766 5167 facinore
1807 5113 1906 5166 luit
1934 5115 2012 5166 vir
2043 5115 2350 5168 sceleratis-

791 5203 983 5258 simus.
1036 5202 1203 5256 Porro
1256 5213 1434 5256 autem
1486 5204 1589 5257 hoc
1635 5219 1851 5274 quoque
1896 5204 2021 5269 scis,
2081 5206 2225 5275 quod
2284 5207 2346 5260 ad

790 5303 1034 5347 nostrum
1099 5307 1273 5365 genus
1332 5295 1499 5362 magis
1541 5296 1777 5364 pertinet
1827 5296 2137 5363 imperium.
2195 5296 2348 5351 Meus

791 5384 937 5437 enim
984 5392 1134 5452 pater
1177 5384 1530 5440 Constantius
1602 5396 1763 5441 natus
1809 5387 1910 5440 fuit
1960 5404 2061 5442 avo
2114 5405 2231 5441 meo
2284 5405 2350 5442 ex

792 5474 1104 5529 Maximiani
1140 5474 1245 5527 ﬁlia
1275 5477 1601 5533 'l‘lieodora:
1639 5477 2034 5534 Constantinus
2068 5490 2246 5534 autem
2279 5496 2346 5534 ex

796 5565 994 5618 Helena
1021 5566 1108 5618 vili
1137 5577 1192 5621 et
1214 5565 1424 5633 abj'ecta
1454 5571 1671 5633 femina,
1705 5581 1759 5623 et
1790 5569 2021 5624 obscuro
2053 5572 2172 5626 loco
2193 5583 2347 5636 nata,

793 5655 956 5725 idque
987 5670 1109 5709 cum
1143 5658 1381 5711 nondum
1409 5670 1623 5714 creatus
1657 5672 1801 5716 esset
1833 5661 2033 5727 Caesar,
2067 5663 2159 5717 sed
2189 5664 2348 5717 vitam

903 5833 922 5863 "
951 5834 1072 5890 l’sal
1096 5851 1220 5904 uv,
1260 5833 1324 5887 10
1354 5849 1505 5908 seqq.

2440 3286 2658 3355 μνήμης
2694 3285 2839 3348 ἄξιον
2874 3284 3096 3350 γέγονεν
3136 3297 3149 3312 ο
3181 3281 3409 3350 ἀπορίαν
3437 3280 3544 3349 γὰρ
3592 3279 3791 3337 ὓδατος
3818 3276 4011 3327 δυστυ-

2431 3377 2648 3448 χοῦντος
2707 3375 2799 3428 τοῦ
2854 3375 3019 3427 τόπου
3072 3375 3222 3442 πηγὴ
3279 3372 3538 3440 ἀνεδόθη,
3605 3371 3769 3421 νόσου
3833 3371 4012 3434 πάσης

2432 3472 2525 3522 καὶ
2564 3468 2828 3537 μαλακίας
2878 3466 3111 3532 ἰάσιμος,
3162 3466 3197 3530 ἢ
3245 3467 3338 3514 καὶ
3393 3464 3469 3524 εἰς
3503 3463 3667 3530 δεῦρο
3702 3477 3880 3529 μενει,
3912 3461 4017 3511 των

2435 3559 2604 3623 ἁγίων
2640 3553 2889 3618 σώζουσα
2920 3553 3018 3622 τὴν
3044 3551 3382 3622 ἐπωνυμίαν.

2505 3647 2634 3704 KE'.
2679 3648 2734 3701 Ὀ
2770 3646 3024 3716 βασιλεὺς
3056 3645 3114 3696 δὲ
3148 3645 3237 3696 τὸν
3269 3642 3408 3696 θεῖον
3465 3642 3730 3711 μάρτυρα
3769 3657 4019 3709 μετακα-

2433 3744 2729 3810 λεσάμενος
2747 3757 2760 3769 °
2778 3741 2841 3790 'H
2874 3738 3171 3807 προπέτειὰ
3212 3754 3325 3801 σου,
3356 3738 3509 3803 φησὶ,
3537 3734 3934 3803 κατηνάγκασέ
3959 3751 4022 3802 με

2438 3833 2528 3886 καὶ
2564 3833 2638 3902 μὴ
2676 3830 3023 3901 βουλόμενον,
3081 3826 3349 3895 ἀτιμάσαι
3379 3826 3438 3876 τὸ
3471 3826 3632 3891 γένος
3688 3842 3808 3887 σου,
3845 3827 3928 3886 εἷς
3966 3842 4022 3876 τε

2437 3929 2534 3996 τὴν
2558 3923 2862 3993 προσοῦσάν
2891 3937 2972 3973 σοι
3003 3918 3362 3989 περιφάνειαν
3382 3915 3687 3987 ὲξυὸρίσαι,
3714 3917 3815 3968 καὶ
3841 3918 4024 3968 αὐτῶν

2439 4016 2749 4083 ἐφάψασθαι
2777 4012 2884 4064 τῶν
2916 4011 3131 4079 σαρκῶν
3161 4026 3278 4073 σου,
3306 4008 3418 4061 ἀλλ’
3443 4010 3601 4076 εἰπερ
3633 4005 3869 4076 πεισθῇς
3911 4022 4022 4073 μοι,

2454 4107 2732 4177 Ἀρτέμιε,
2755 4101 2848 4154 καὶ
2866 4098 3177 4173 προσελθὼν
3191 4098 3374 4159 θύσεις
3397 4100 3506 4158 τοῖς
3532 4097 3827 4158 ἀθανάτοις
3853 4097 4021 4155 θεοῖς,

2441 4203 2536 4254 καὶ
2597 4198 2834 4266 μάλιστα
2886 4194 2964 4263 τῷ
3041 4192 3295 4261 Δαφναίῳ
3353 4190 3676 4250 Ἀπόλλωνι,
3734 4191 3799 4241 οὐ
3859 4191 4024 4255 μόνον

2442 4292 2764 4359 ἀθωωθῆναι
2794 4287 2893 4356 τῆς
2941 4285 3035 4338 τοῦ
3074 4285 3208 4355 ἐμοῦ
3237 4285 3468 4351 ἀδελφοῦ
3503 4283 3725 4352 σφαγῆς
3789 4284 4025 4349 ἐκγενὴ-

2448 4383 2598 4433 σεταί
2630 4398 2734 4443 σοι,
2764 4380 2898 4431 ἀλλὰ
2927 4378 3022 4430 καὶ
3052 4379 3150 4446 τὴν
3190 4377 3345 4439 ἀξίαν
3380 4376 3605 4446 μείζονα
3637 4379 3730 4426 καὶ
3766 4376 4032 4442 τιμιωτέ-

2457 4491 2554 4544 ραν
2583 4468 2737 4534 αὖθις
2794 4469 3064 4541 ἀναλήψῃ,
3092 4469 3327 4537 ἔπαρχον
3361 4484 3417 4518 τε
3453 4467 3811 4535 πραιτωρέων
3865 4482 4035 4517 κατα-

2450 4564 2632 4630 στήσω
2658 4578 2738 4624 σε,
2765 4559 2859 4612 καὶ
2889 4556 3148 4627 ἀρχιερέα
3181 4557 3290 4608 τῶν
3312 4553 3562 4623 μεγάλων
3591 4551 3730 4603 θεῶν
3756 4552 4034 4619 τιμήσας,

2443 4655 2656 4722 πατέρα
2711 4653 2838 4722 ἐμὸν
2877 4649 3149 4719 ὀνομάσω,
3186 4647 3277 4700 καὶ
3310 4646 3406 4715 τῆς
3438 4646 3575 4714 ἐμῆς
3611 4642 3907 4712 βασιλείας
3933 4643 4035 4694 τῶν

2443 4745 2763 4814 δευτερείων
2812 4742 3157 4808 καταξιώσω.
3201 4741 3310 4793 Καὶ
3365 4739 3484 4808 μεθ’
3547 4737 3707 4805 ήμῶν
3760 4737 3865 4807 ἔσῃ
3905 4738 4033 4810 παρ’

2443 4837 2560 4889 ὅλον
2611 4835 2701 4885 τὸν
2758 4833 2854 4900 τῆς
2891 4832 3034 4898 ζωῆς
3086 4849 3177 4885 σου
3236 4831 3442 4899 χρόνον,
3497 4828 3678 4897 πάσης
3730 4832 4037 4881 ἀπολαύων

2445 4927 2762 4995 εὐημερίας·
2803 4919 2949 4986 οἶδας
2980 4924 3088 4992 γὰρ
3121 4924 3211 4975 καὶ
3239 4922 3419 4985 αὐτὸς,
3451 4921 3525 4982 ὠς
3551 4922 3578 4973 6
3600 4921 3733 4990 ὲμὺς
3796 4923 4035 4989 ἀδελφὸς

2445 5023 2505 5074 οὐ
2527 5019 2705 5080 καλῶς
2724 5016 2840 5070 οὐδὲ
2856 5017 3077 5077 δικαίως
3100 5017 3424 5087 πεφόνευται
3447 5014 3595 5085 παρὰ
3611 5017 4038 5076 Κωνπαντίου,

2445 5113 2581 5167 ἀλλὰ
2619 5111 2810 5179 φθόνος
2851 5127 2908 5162 τε
2940 5109 3105 5163 αὑτὸν
3161 5112 3580 5178 κατειργάσατο,
3615 5108 3713 5160 καὶ
3743 5109 3775 5158 6
3809 5109 4038 5161 πάντων

2448 5203 2749 5274 ἀνθρώπων
2796 5201 3157 5266 ἀνοσιώτατος
3206 5204 3233 5255 6
3289 5201 3539 5270 εὐνοῦχος
3599 5198 3902 5266 Εὐσέϐιος,
3947 5206 4041 5255 κᾶν

2448 5297 2548 5348 οὺκ
2608 5294 2885 5365 ἀρκοῦσαν
2950 5293 3150 5362 ὑπέσχε
3213 5292 3369 5362 δίκην
3429 5293 3528 5360 τῆς
3578 5293 4043 5362 ἀνοσιουργίαςό

2450 5387 2812 5459 μιαρώτατος,
2836 5382 2990 5439 οἶσθα
3022 5386 3078 5438 δὲ
3108 5389 3201 5439 καὶ
3230 5386 3408 5450 τοῦτο,
3439 5384 3511 5445 ὼς
3549 5387 3616 5455 τῇ
3649 5387 3917 5458 ἡμετέρᾳ
3953 5406 4040 5454 γε.

2450 5485 2543 5552 νεᾷ
2586 5482 2782 5551 μᾶλλον
2812 5483 2844 5551 ἡ
2879 5479 3123 5550 βασιλεία
3154 5485 3417 5552 προσήκει
3455 5497 3468 5510 ’
3495 5481 3520 5532 6
3552 5482 3662 5552 γὰρ
3688 5484 3825 5552 ἐμὸς
3862 5487 4045 5554 πατὴρ

2455 5574 2832 5634 Κωνστάντιος
2881 5573 2944 5623 ἐκ
3012 5573 3110 5641 τῆς
3145 5571 3488 5640 Μαξιμιανοῦ
3519 5574 3799 5644 θυγατρὶς
3831 5573 4046 5629 850643;-

2458 5685 2556 5737 ρας
2607 5668 2929 5740 γεγέννηται
2988 5670 3061 5738 τῷ
3101 5667 3216 5740 ὲμῷ
3276 5670 3486 5740 πάππῳ
3541 5673 3964 5741 Κώνσταντι,ὁ
4003 5676 4049 5728 δὲ
