4142 6514
167 484 298 548 1189
1302 468 1771 530 MARTYBIUM
1810 468 1869 529 ὃ.
1919 466 2268 525 ARTEMH.
3268 462 3407 530 1190

161 586 563 645 κωνσταντίνος
588 579 647 644 ἐξ
688 577 903 644 Ἑλένης
930 573 1137 644 φαύλης
1165 573 1309 633 τινος
1335 573 1601 638 γυναικὸς
1637 574 1731 626 κα)⁵

1842 573 2014 626 adhuc
2045 582 2228 642 ageret
2258 572 2546 641 privatam.
2595 569 2992 627 Constantinus
3019 588 3099 640 se,
3135 575 3280 631 sicut
3306 593 3406 647 pa-

158 682 393 750 ἀσήμου,
435 669 734 729 καὶταῦτα
783 668 950 740 μήπω
995 666 1239 734 γεγονότι
1274 664 1538 736 Καίσαρι,
1591 666 1728 720 ἀλλά

1842 674 1934 729 Ler,
1971 677 2191 734 gerens,
2238 662 2464 716 fratrem
2517 678 2696 716 meum
2723 662 2934 717 Gallum
2967 667 3207 720 occidit:
3245 668 3408 736 idque

167 771 258 824 καὶ
305 766 459 836 αὑτῷ
495 764 574 818 ἔτι
610 763 703 814 τὸν
757 757 974 828 ἰδιώτην
1006 757 1217 809 ἕλκοντι
1255 756 1391 826 βίον.
1460 757 1519 810 '0
1552 759 1733 810 τοίνυν

1842 769 1954 810 :um
1981 752 2227 806 horribili
2256 751 2616 821 jurejurando
2649 753 2696 806 ei
2735 754 2990 809 cavisset.
3027 754 3194 809 Porro
3222 765 3408 810 autem

160 861 536 919 Κωσταντῖνος
573 853 869 922 θρασύτητι
901 849 1123 918 γνώμης
1178 848 1276 918 τὴν
1319 847 1599 917 βασιλείαν
1637 851 1736 918 ἀρ-

165 957 361 1016 πάσας,
414 950 508 1004 τόν
559 964 618 1000 τε
670 945 881 1011 πατέρα
920 941 1008 992 τὸν
1063 939 1213 1009 ὲμδν,
1268 941 1364 991 καὶ
1407 941 1532 1001 τοὺς
1567 941 1732 994 αὑτοῦ

161 1044 422 1112 ἀδελφοὺς
477 1040 678 1100 ἀδίκως
737 1033 1049 1095 ἀπέκτεινε,
1083 1034 1176 1086 καὶ
1213 1033 1240 1084 ό
1291 1030 1484 1084 τούτου
1520 1032 1576 1084 δὲ
1617 1033 1733 1094 υίὸς

161 1131 554 1192 Κωνστάντιος,
601 1127 669 1178 τὰ
695 1125 856 1193 ὅμοια
889 1121 968 1189 τῷ
1014 1123 1364 1191 γεγεννηκότι
1399 1121 1595 1184 ποιῶν,
1641 1122 1730 1173 τὸν

164 1223 290 1291 ἐμὸν
324 1221 552 1287 ἀδελφὸν
586 1216 791 1271 Γάλλον
841 1212 1169 1284 πεφονευκε,
1198 1215 1292 1266 καὶ
1321 1213 1492 1267 ταῦτα
1529 1214 1731 1281 ὅρκους

160 1313 306 1382 αὑτῷ
339 1309 629 1381 φρικώδεις
676 1309 756 1370 είς
828 1305 1128 1374 ἀσφάλειαν
1181 1306 1617 1375 παρασχόμενος,
1668 1303 1729 1356 ού

163 1403 264 1470 μὴν
295 1402 376 1463 δὲ,
421 1400 557 1451 ἀλλά
586 1399 680 1450 καὶ
725 1399 869 1468 ἡμᾶς
897 1397 1112 1461 αὐτοὺς,
1146 1398 1194 1449 εί
1231 1395 1308 1466 μὴ
1337 1395 1476 1447 θεῶν
1504 1395 1732 1466 προνοίᾳ

161 1490 595 1560 περιεσώθημεν,
653 1489 792 1542 οὕτω
854 1486 1102 1556 διέθηκεν
1153 1487 1242 1542 ἄν.
1286 1486 1426 1538 Ἀλλ’
1478 1485 1634 1540 αύτοί
1667 1502 1726 1537 τε

159 1583 517 1648 διεκώλυσαν,
551 1584 646 1636 καὶ
674 1583 804 1651 ἡμῖν
827 1579 1053 1648 αύτοψεὶ
1081 1577 1179 1649 τὴν
1211 1581 1485 1648 σωτηρίαν
1515 1597 1724 1649 προμε-

1834 861 1934 900 nos
1981 859 2201 915 quoque
2233 843 2382 914 ipsos
2416 845 2490 898 ita
2541 843 2834 910 aﬂ‘ecisset,
2869 846 2972 898 nisi
3023 847 3226 900 servari
3263 863 3416 901 esseo

1834 950 1955 989 mus
1984 935 2211 988 deorum
2249 933 2618 1002 providentia.
2679 932 2785 986 Sed
2835 933 2935 1002 ipsi
2985 933 3408 1001 prohibuerunt,

1835 1028 1995 1083 nobis
2022 1037 2150 1081 ante
2174 1027 2366 1081 oculos
2390 1026 2745 1080 ostendentes
2764 1026 3018 1090 salutem,
3047 1041 3168 1094 quae
3191 1025 3258 1078 ab
3281 1025 3412 1094 ipsis

1831 1118 2218 1188 proficiscitur.
2251 1116 2462 1182 Quibus
2496 1130 2596 1186 ego
2624 1115 2820 1181 fretus,
2849 1117 3101 1186 abjurato
3134 1117 3408 1169 Christia-

1831 1213 2032 1275 nismo,
2065 1210 2338 1265 declinavi
2381 1209 2448 1262 ad
2483 1207 2798 1264 Graecorum
2832 1208 3152 1278 religionem
3181 1227 3192 1260 :
3231 1219 3288 1261 ut
3319 1207 3411 1276 qui

1830 1303 1972 1358 bene
2003 1303 2197 1365 sciam,
2245 1302 2392 1371 quod
2441 1300 2754 1355 Graecorum
2804 1309 2858 1354 et
2903 1297 3270 1354 Romanorum
3303 1300 3411 1350 vita

1831 1394 2238 1462 antiquissima,
2271 1392 2431 1447 bonis
2457 1401 2615 1447 utens
2646 1393 2893 1449 moribus
2937 1401 2992 1446 et
3023 1393 3249 1463 legibus,
3281 1393 3413 1445 deos

1836 1488 2096 1555 appellat,
2122 1487 2212 1556 qui
2258 1500 2325 1540 ex
2354 1499 2536 1537 rerum
2580 1485 2818 1552 ipsarum
2852 1485 3082 1537 veritate
3113 1483 3215 1537 sibi
3251 1481 3411 1535 ﬁdem

1836 1578 2062 1634 faciunt.

162 1676 490 1745 μηνύκασιν.
533 1676 647 1744 Ἐφ’
685 1671 768 1738 οἷς
833 1675 942 1742 ἐγὼ
1002 1674 1098 1727 καὶ
1145 1673 1502 1744 τεθαρρηκὼς
1543 1672 1633 1724 τὸν
1673 1673 2102 1743 Χριστιανισμὺν
2147 1676 2570 1744 ἐξομοσάμενος,
2623 1672 2757 1742 πρὸς
2808 1671 2868 1723 τὸ
2943 1669 3255 1738 Ἑλληνικὸν
3303 1668 3410 1720 ἀπ-

173 1770 358 1823 έκλινα
390 1771 575 1833 σέϐας,
619 1765 678 1822 εὖ
718 1768 892 1831 είδὼς,
929 1767 1005 1828 ὡς
1038 1767 1066 1817 ό
1111 1765 1219 1817 τῶν
1281 1763 1549 1833 Ἐλλήνων
1594 1763 1687 1816 καὶ
1756 1763 2042 1834 Ῥωμαίων
2092 1768 2448 1836 ἀρχαιότατος
2491 1766 2625 1834 βίος,
2674 1763 2857 1824 καλοῖς
2896 1761 3041 1814 ἔθεσι
3079 1763 3172 1813 καὶ
3229 1761 3412 1827 νόμοις

158 1862 531 1929 χρησάμενος,
574 1860 728 1920 θεοὺς
790 1854 1212 1926 προσαγορεύει,
1263 1855 1390 1917 τοὺς
1436 1856 1496 1908 τὸ
1531 1856 1725 1908 πιστὸν
1754 1858 1860 1910 ἀπὸ
1897 1860 1996 1927 τῆς
2036 1861 2143 1912 τῶν
2185 1859 2526 1930 πραγμάτων
2557 1855 2780 1924 ἔχοντας
2814 1854 3093 1922 ἀληθείας.

228 1985 377 2050 KG".
429 1981 527 2042 Τίς
594 1981 701 2050 γάρ
759 1977 856 2048 τὴν
922 1975 1149 2050 γνώμην
1209 1977 1533 2047 ἀμφίὸολος,
1594 1979 1740 2049 ἥλιον

1919 1981 2108 2039 XXVI.
2151 1983 2282 2048 Quis
2306 1983 2450 2036 enim
2479 1981 2645 2035 animi
2675 1979 2842 2035 fuerit
2884 1979 3103 2041 dubius,
3138 1978 3232 2047 qui
3264 1979 3412 2033 vide-

162 2078 374 2147 βλέπων
430 2073 644 2144 ούρανῷ
676 2070 1053 2135 διιππεύοντα,
1113 2070 1311 2140 ἐπίσης
1373 2070 1430 2122 δὲ
1480 2071 1576 2125 καὶ
1647 2089 1733 2124 σε·

158 2169 326 2238 λήνην
370 2167 456 2234 ἐφ’
504 2165 750 2234 ἅρματος
787 2163 1210 2235 χρυσαντύγους
1255 2162 1312 2216 '0
1360 2162 1458 2232 μὲν
1489 2163 1599 2233 γὰρ
1634 2166 1732 2234 τὴν

160 2261 378 2330 ἡμέραν
416 2259 644 2329 φαεινὴν
672 2258 1066 2327 ἀπεργάζεται,
1097 2257 1189 2309 καὶ
1235 2256 1363 2319 τοὺς
1403 2257 1732 2326 ἀνθρώπους

163 2356 243 2416 είς
275 2352 412 2421 ἔργα
444 2352 776 2422 διανιστᾷ,ὴ
833 2350 888 2403 δὲ
948 2350 1046 2418 τὴν
1103 2347 1277 2401 νύκτα
1333 2346 1730 2417 λαμπαδουχεί,

159 2443 502 2516 ἀγρυπνοῦσί
541 2461 598 2496 τε
658 2444 750 2496 καὶ
787 2439 1106 2510 όδοποροῦσι
1142 2437 1278 2493 πολύ
1333 2456 1386 2492 τι
1444 2439 1576 2508 παρ’
1608 2441 1735 2490 ἑαυ-

159 2539 272 2600 τοῖς
327 2539 595 2606 παρέσχει
649 2535 708 2586 τὸ
762 2535 1058 2603 χρήσιμον.
1102 2530 1286 2584 Ταῦτα
1342 2530 1604 2600 Ἕλληνες
1643 2533 1735 2583 καὶ

177 2627 441 2694 Ῥωμαῖοι
472 2624 745 2688 θειάζουσί
772 2639 829 2675 τε
860 2623 952 2674 καὶ
985 2623 1231 2686 σέϐουσι,
1259 2622 1354 2676 καὶ
1387 2622 1538 2691 αύτῴ
1564 2623 1735 2692 ἀνήρ-

159 2718 446 2788 τησαντάς
475 2717 719 2781 ἐλπίδας,
737 2714 828 2768 τὸν
856 2714 953 2784 μὲν
980 2714 1190 2778 Ἥλιον,
1228 2713 1539 2766 Ἀπόλλωνα
1562 2729 1735 2781 προσ-

161 2810 586 2878 αγορεύσαντες,
619 2806 717 2878 τὴν
760 2806 997 2877 Σελήνην
1029 2806 1085 2860 δὲ
1133 2807 1422 2877 ΙἌρτεμιν,
1486 2806 1579 2858 καὶ⁵
1613 2805 1736 2864 τοὺς

165 2901 463 2973 μεγίστους
493 2898 602 2950 τῶν
657 2898 926 2966 ἀστέρων,
958 2896 1048 2959 οὓς
1088 2901 1182 2949 καὶ
1217 2898 1494 2968 πλάνητας
1526 2898 1736 2948 ἀποκα-

160 2991 314 3046 λοῦσι
355 2991 482 3052 τοὺς
513 2987 610 3050 τὰς
660 2987 801 3039 ἑπτά
846 2985 1021 3050 ζώνας
1058 2987 1155 3047 τάς
1191 2987 1474 3054 οὐρανίους
1507 2986 1738 3054 ἐπέχον-

160 3099 284 3148 τας,
316 3084 375 3135 ὃν
409 3081 508 3150 μὲν
540 3077 768 3151 Κρόνον,
805 3076 864 3130 ὃν
894 3075 951 3127 δὲ
980 3075 1099 3141 Δία,
1127 3075 1186 3128 ὃν
1232 3075 1289 3127 δὲ
1333 3074 1562 3144 Ἑρμῆν,
1593 3075 1650 3127 ὃν
1683 3075 1738 3127 δὲ

164 3176 366 3244 Ἀρεα,
413 3173 472 3226 ὃν
502 3173 557 3226 δὲ
601 3170 919 3240 Ἀφροδίτην
961 3165 1410 3238 ἐπονομάζουσιν.
1446 3159 1607 3219 Οὗτοι
1633 3166 1739 3236 γὰρ

1836 2079 1905 2132 rit
1932 2077 2100 2132 solem
2136 2076 2190 2129 in
2229 2075 2368 2129 caelo
2412 2074 2774 2142 equitantem,
2823 2072 3077 2125 similiter
3122 2081 3303 2123 autem
3355 2080 3410 2123 et

1835 2171 2039 2233 lunam,
2066 2183 2185 2236 qua:
2213 2167 2434 2219 vehitur
2457 2182 2621 2220 curru
2656 2165 2881 2218 aurato?
2912 2163 3044 2216 Nam
3073 2164 3163 2217 ille
3191 2164 3410 2233 quidem

1835 2263 1977 2316 diem
2014 2259 2176 2314 ellicit
2207 2258 2471 2319 lucidum,
2513 2266 2567 2310 et
2595 2255 2845 2310 homines
2872 2257 3070 2308 excitat
3100 2257 3167 2308 ad
3201 2271 3365 2323 opera
3394 2274 3406 2308 :

1839 2356 1954 2409 haec
1981 2363 2161 2407 autem
2211 2352 2357 2406 nocti
2396 2350 2619 2420 praefert
2652 2348 2822 2412 faces,
2867 2349 3326 2419 vigilantibusque
3359 2359 3412 2400 et

1837 2447 1940 2500 iter
1970 2443 2296 2497 facientibus
2343 2457 2406 2496 ex
2454 2457 2512 2496 se
2548 2456 2798 2510 magnam
2851 2441 3055 2510 praebet
3098 2440 3408 2493 utilitatem.

1838 2539 1911 2591 Ea
1938 2537 2110 2592 Graeci
2142 2544 2197 2590 et
2223 2533 2450 2588 Romani
2483 2533 2536 2586 in
2576 2532 2710 2586 deos
2746 2533 3012 2594 referunt,
3047 2540 3100 2585 et
3128 2531 3330 2592 colunt,
3358 2541 3412 2584 et

1837 2643 1988 2698 spem
2026 2627 2083 2680 in
2118 2625 2250 2695 ipsis
2285 2623 2647 2684 collocarunt,
2675 2623 2844 2677 solem
2875 2623 3095 2691 quidem
3129 2620 3409 2692 appellan-

1843 2727 1922 2773 tes
1941 2717 2269 2787 Apollinem,
2301 2716 2484 2769 lunam
2518 2730 2643 2770 vero
2667 2714 2913 2770 Dianam.
2936 2714 3038 2768 Sed
3072 2724 3127 2768 et
3152 2728 3217 2767 ex
3240 2713 3412 2770 stellis

1838 2810 2119 2872 maximas,
2148 2809 2395 2878 planetas
2425 2807 2678 2862 videlicet
2714 2806 3031 2876 appellatas.
3064 2821 3162 2874 pro
3191 2805 3293 2858 diis
3320 2805 3414 2856 ha-

1837 2901 1989 2965 bent,
2032 2916 2151 2970 quae
2187 2900 2420 2970 reliquas
2443 2900 2682 2968 quinque
2708 2913 2874 2952 zonas
2910 2897 3158 2951 caelestes
3185 2905 3411 2950 tenent:

1839 3004 1893 3047 et
1910 2993 2067 3047 aliam
2087 2992 2304 3063 quidem
2334 2990 2652 3054 Saturnum,
2674 2991 2832 3045 aliam
2851 2989 3061 3053 Jovem,
3081 2989 3238 3042 aliam
3271 2988 3415 3041 Mer-

1840 3085 2075 3149 curium,
2101 3086 2259 3138 aliam
2295 3085 2544 3147 Martem,
2577 3083 2739 3137 aliam
2787 3093 2968 3136 autem
3009 3081 3274 3135 Venerem
3314 3095 3413 3132 no-

1811 3161 2070 3230 Iminant.
2094 3177 2182 3230 Ea:
2202 3179 2348 3229 cnim
2375 3176 2637 3230 mundum
2667 3175 2980 3229 universum
3006 3173 3413 3235 administrant,

159 3266 338 3317 τόντε
395 3266 602 3330 κόσμον
647 3263 864 3315 ἅπαντα
911 3259 1195 3322 διοικοῦσι,
1248 3261 1339 3313 καὶ
1381 3261 1502 3321 ταῖς
1561 3259 1740 3312 αὐτῶν

1842 3276 1897 3322 et
1923 3282 2110 3322 earum
2139 3267 2437 3320 virtutibus
2468 3266 2674 3338 regitur
2710 3267 2966 3320 universa
2998 3275 3160 3328 terra,
3192 3280 3311 3334 qum
3334 3274 3415 3318 est

157 3356 458 3426 δυνάμεσιν
494 3355 526 3423 ἠ
559 3353 652 3406 ὑπ’
682 3351 910 3419 οὐρανὸν
937 3351 1124 3403 ἅπασα
1155 3350 1485 3418 διεξάγεται.
1519 3353 1739 3405 Τούτων

1848 3360 1948 3415 sub
1980 3360 2140 3414 caelo.
2180 3359 2382 3413 Horum
2416 3373 2545 3429 ergo
2576 3366 2880 3413 statuentes
2922 3357 3208 3427 imagines,
3240 3357 3419 3410 homi-

158 3450 347 3503 τοίνυν
401 3447 616 3508 είκόνας
672 3446 969 3515 στήσαντες
1015 3443 1270 3496 σέίὶουσιν
1317 3443 1595 3513 ἄνθρωποι
1643 3443 1739 3495 καὶ

158 3540 423 3613 τιμῶσιν,
449 3539 566 3609 ἅμα
592 3537 687 3592 καὶ
714 3535 916 3607 μύθους
937 3535 1090 3601 τινὰς
1113 3536 1251 3606 πρὸς
1273 3534 1472 3608 ἡδονὴν
1495 3534 1741 3589 ἀναπλά-

163 3651 384 3698 σαντες,
419 3632 521 3703 οὐχ
566 3631 640 3695 ὡς
687 3629 843 3694 θεοὺς
890 3631 948 3684 δὲ
997 3630 1197 3702 τιμῶσι
1248 3633 1341 3684 καὶ
1391 3632 1489 3694 τὰς
1525 3632 1741 3694 εἰκόνας

168 3726 379 3790 αὐτῶν,
449 3725 654 3789 ἄπαγε,
727 3720 888 3774 τοῦτο
943 3721 1054 3791 γὰρ
1111 3721 1173 3772 τὸ
1232 3720 1598 3792 ἁπλούστερον
1649 3721 1743 3774 καὶ

168 3816 497 3888 ἀγροικικὸν
523 3815 629 3868 τῶν
657 3811 959 3885 ἀνθρώπων
995 3811 1390 3883 ὑπολαμῦἀνει,
1426 3814 1655 3885 ἐπείπερ
1693 3815 1742 3866 oi

165 3911 365 3978 σοφίας
395 3907 754 3978 ἐπιθυμηταὶ,
791 3907 883 3959 καὶ
927 3905 996 3958 τὰ
1031 3905 1135 3958 τῶν
1186 3905 1324 3958 θεῶν
1353 3905 1594 3974 ἀκριὸὦς
1629 3906 1745 3972 ἑξε-

161 4004 449 4070 τάςοντες,
504 4001 681 4055 οἴδασι
728 3999 834 4053 τίνι
869 3996 968 4067 τὴν
1024 3997 1192 4068 τιμὴν
1239 3999 1595 4066 ἀπονέμουσι,
1650 3998 1745 4051 καὶ

163 4095 306 4168 πρὸς
330 4095 455 4148 τίνα
486 4095 520 4165 ὴ
549 4095 657 4148 τὼν
681 4090 840 4145 θείων
866 4089 1202 4161 ἀγαλμάτων
1230 4089 1602 4161 προσκύνησις
1628 4088 1742 4143 δια-

164 4191 365 4248 ϐαίνει.

237 4329 367 4382 KZ'.
389 4321 648 4393 Παραινῶ
675 4319 856 4372 τοίνυν
877 4319 944 4387 τῇ
976 4319 1042 4386 σῇ
1071 4315 1413 4383 γενναιότητι
1445 4314 1566 4385 μεθ’
1589 4312 1748 4386 ἡμῶν

163 4439 226 4476 τε
259 4418 426 4484 εἶναι,
448 4415 542 4470 καὶ
573 4412 714 4467 κατά
753 4410 814 4464 τὸ
850 4409 982 4480 ἡμῖν
1032 4408 1270 4480 ἀρέσκον
1326 4406 1496 4477 βιοῦν,
1532 4410 1632 4478 τήν
1687 4424 1746 4461 τε

167 4511 473 4585 θρησκείαν
533 4504 850 4576 Ελληνίζειν
874 4502 1052 4574 ὀρθῶς
1084 4501 1178 4555 καὶ
1207 4500 1315 4553 τῶν
1337 4499 1581 4571 ἀρχαίων
1609 4500 1747 4554 ἐθῶν

166 4606 263 4657 καὶ
298 4598 648 4672 πραγμάτων
681 4592 1027 4662 ἀντέχεσθαι.
1088 4592 1148 4643 '0
1177 4591 1287 4660 γὰρ
1339 4592 1747 4652 Κωνσταντϊνος

1848 3465 1945 3502 nes
1973 3465 2064 3504 eas
2098 3451 2281 3504 colunt
2321 3459 2375 3505 ct
2404 3451 2697 3515 honorant,
2748 3450 2910 3504 simul
2958 3450 3121 3504 etiam
3156 3449 3415 3516 quasdam

1849 3541 2056 3596 fabulas
2081 3541 2341 3611 ﬁngentes
2373 3543 2438 3596 ad
2467 3543 2824 3611 voluptatem.
2859 3541 2976 3595 Non
3006 3545 3261 3610 tanquam
3288 3543 3420 3594 deos

1849 3644 2028 3689 autem
2062 3635 2247 3689 colunt
2280 3649 2469 3690 eorum
2507 3634 2773 3707 imagines
2807 3635 3011 3704 tabsit),
3043 3636 3147 3688 hoc
3171 3634 3314 3687 enim
3349 3635 3420 3685 ita

1849 3724 2120 3792 accipiunt
2150 3727 2481 3793 agrestiores
2517 3727 2772 3783 homines
2806 3737 2862 3782 et
2893 3727 3291 3797 simpliciores:
3322 3725 3418 3778 sed

1849 3816 1942 3884 qui
1973 3815 2269 3886 cupiditate
2315 3825 2574 3872 tenentur
2617 3818 2919 3888 sapientiae,
2953 3826 3008 3873 et
3056 3832 3140 3872 res
3188 3816 3420 3871 deorum

1851 3917 2104 3961 accurate
2136 3907 2444 3976 inquirunt,
2474 3909 2655 3963 sciunt
2683 3909 2771 3963 cui
2794 3909 3059 3964 honorem
3081 3909 3342 3972 tribuant,
3366 3916 3423 3962 et

1852 3999 1918 4053 ad
1947 4013 2104 4070 quem
2133 4009 2377 4057 transeat
2403 3999 2650 4056 adoratio
2682 4002 2992 4056 divinarum
3024 4001 3345 4072 imaginum.

1922 4309 2133 4367 XXVII.
2165 4311 2335 4366 Tuam
2367 4328 2497 4387 ergo
2523 4313 2717 4369 hortor
2744 4314 3132 4385 praestantiam,
3168 4325 3227 4371 ut
3259 4325 3364 4371 stet
3390 4332 3421 4371 a

1851 4408 2030 4472 nobis,
2056 4415 2110 4462 et
2138 4406 2305 4474 vivat,
2338 4414 2395 4462 ut
2418 4407 2580 4462 nobis
2607 4408 2809 4478 placet,
2875 4420 2930 4463 et
2977 4419 3124 4462 recte
3178 4407 3420 4463 Graecam

1852 4512 2110 4570 sequatur
2142 4501 2482 4571 religionem,
2513 4510 2568 4557 et
2598 4502 2829 4557 retineat
2855 4515 3036 4556 mores
3089 4510 3145 4557 et
3191 4516 3277 4556 res
3320 4517 3418 4556 ve-

1857 4595 2022 4648 teres.
2053 4591 2446 4648 Constantinus
2473 4593 2642 4656 enim,
2677 4594 2819 4646 sicut
2849 4595 2966 4664 ipse
3017 4608 3124 4647 non
3181 4593 3422 4664 ignoras.

165 4693 363 4762 ὥσπερ
398 4687 523 4741 οὐδὲ
572 4682 734 4745 αὐτὸς
792 4681 1037 4748 ἀγνοεῖς,
1088 4675 1492 4745 εὐεξαπάτητος
1542 4674 1740 4744 ἀνδρῶκ

1857 4693 1974 4739 erat
1997 4680 2244 4739 omnium
2262 4682 2545 4738 hominum
2573 4683 2805 4754 deceptu
2828 4683 3153 4740 facillimus:
3182 4695 3239 4738 et
3295 4698 3420 4737 cum

163 4783 394 4855 ἀμαθής
445 4794 505 4830 τε
561 4775 656 4827 καὶ
710 4772 936 4843 ἀνόητος
975 4764 1074 4835 ὢν,
1115 4768 1247 4839 περὶ
1292 4767 1392 4836 τὴν
1454 4765 1754 4837 θρησκείαν

163 4876 513 4942 ἑνεωτέρισε,
561 4867 814 4928 καὶτοὺς
859 4862 1125 4931 Ἑλλήνων
1157 4861 1429 4931 ἀθετήσας
1473 4861 1626 4923 θεοὺς
1662 4861 1756 4913 ἰπὶ

160 4968 258 5022 τὸν
303 4960 738 5034 Χριστιανισμδν
802 4954 1066 5021 ἐξέκλινε,
1129 4952 1231 5016 τὰς
1285 4952 1543 5014 ἀνοσίους
1587 4951 1754 5005 αὑτοῦ

163 5055 402 5127 πράξεις
432 5045 923 5116 ὲπαισχυνόμενος,
973 5045 1066 5097 καὶ
1098 5044 1180 5098 ὃτι
1212 5044 1260 5096 οι
1292 5041 1404 5095 θεοὶ
1434 5042 1618 5106 αὑτὸν,
1653 5041 1752 5108 τῆς

162 5148 322 5215 ἱερᾶς
357 5140 540 5195 αὐτῶν
573 5138 661 5192 καὶ
698 5133 1118 5202 παναγεστάτης
1171 5128 1469 5202 θρησκείας
1516 5131 1590 5194 ὡς
1626 5128 1751 5193 ἐξά.

159 5253 356 5308 γιστον
386 5233 484 5287 καὶ
515 5230 773 5303 πονηρὸν,
807 5227 998 5297 πόρρω
1047 5243 1151 5280 που
1182 5229 1279 5279 καὶ
1313 5223 1540 5295 μακράν
1584 5221 1744 5277 ἀπώ-

161 5344 353 5392 σαντο,
383 5324 482 5379 ατε
529 5324 620 5376 καὶ
649 5320 906 5391 ὁμογνίου
936 5316 1166 5387 αἵματος
1197 5316 1491 5385 γενόμενον
1521 5314 1696 5367 αῐτιον
1729 5329 1745 5348 ο

157 5418 293 5482 τούς
320 5434 381 5471 τε
413 5416 522 5484 γάρ
550 5413 811 5482 ἀδελφοὺς
843 5411 1190 5473 ἀπέκτεινεν,
1223 5407 1378 5460 οὐδὲν
1407 5406 1609 5460 ἄτοπον
1634 5407 1748 5476 είρο

159 5511 507 5582 γασμένους,
535 5507 631 5559 καὶ
656 5506 754 5574 τὴν
777 5505 1014 5572 γυναῖκα
1039 5500 1315 5566 Φαύσταν,
1345 5501 1439 5552 καὶ
1462 5499 1552 5552 τὸν
1577 5497 1747 5552 αὑτοῦ

157 5605 279 5659 υίδν
314 5602 578 5672 Πρίσκον,
605 5598 839 5669 χρηστόν
864 5612 922 5649 τε
955 5597 1050 5649 καὶ
1086 5595 1291 5662 ἀγαθὸν
1321 5595 1495 5666 ἄνδρα
1533 5594 1747 5664 τυγχά-

160 5713 352 5752 vanas
407 5693 507 5746 Διά
549 5691 724 5756 τοῦτο,
756 5689 1175 5758 θαυμασιώτατε
1209 5687 1442 5755 ἀνδρῶν,
1475 5688 1616 5758 ὁρῶν
1651 5703 1747 5740 σου

157 5787 261 5856 τῆς
290 5783 537 5844 διανοίας
567 5781 628 5834 τὸ
654 5781 913 5854 ἐμϐριθές
947 5795 1005 5830 τε
1037 5781 1130 5832 καὶ
1163 5777 1451 5845 στάσιμον,
1485 5776 1747 5847 βούλομαί

161 5895 221 5932 σε
259 5878 360 5947 τῆς
415 5876 690 5946 ἡμετέρας
739 5871 983 5945 ἑταιρίας
1040 5872 1133 5925 καὶ
1191 5869 1410 5942 μερίδος
1469 5869 1746 5939 γενέσθαι.

1854 4785 1999 4831 esset
2027 4773 2279 4831 indoctus
2305 4784 2358 4831 et
2387 4791 2594 4840 amens,
2646 4777 2924 4831 innovavit
2973 4776 3311 4847 religionem,
3369 4785 3420 4830 et

1852 4868 1955 4922 diis
1981 4867 2294 4922 Graecorum
2323 4867 2563 4932 abolitis,
2606 4868 2896 4922 declinavit
2948 4867 3014 4920 ad
3062 4866 3420 4921 Christianis-

1852 4975 2025 5020 mum.
2048 4974 2172 5014 cum
2199 4959 2493 5030 impiorum
2527 4975 2750 5015 suorum
2775 4959 3040 5016 factorqu
3077 4974 3203 5014 eum
3249 4961 3421 5030 pude-

1853 5061 1956 5117 ret,
1977 5059 2034 5105 et
2066 5051 2212 5120 quod
2244 5050 2317 5105 dii
2339 5065 2486 5116 eum,
2510 5059 2765 5121 tanquam
2794 5050 3067 5120 impurum
3098 5059 3152 5104 et
3184 5050 3421 5104 scelera-

1852 5153 1986 5205 tum,
2017 5157 2048 5197 a
2085 5151 2432 5196 sacrosancta
2463 5157 2562 5196 sua
2615 5142 2870 5212 religione
2926 5139 3248 5209 expulerant
3303 5140 3422 5193 lon-

1847 5236 2089 5308 gissimc,
2123 5243 2184 5289 ut
2207 5235 2296 5303 qui
2325 5243 2615 5305 cognatum
2646 5233 2963 5304 sanguinem
2999 5233 3233 5288 fuderat.
3283 5231 3416 5285 Nam

1846 5335 1904 5379 et
1930 5325 2127 5378 fratres
2150 5323 2370 5389 occidit,
2394 5324 2485 5393 qui
2513 5323 2649 5377 nihil
2681 5323 2805 5377 mali
2837 5321 3103 5387 fecerant,
3123 5333 3178 5377 et
3197 5338 3418 5377 uxorein

1848 5416 2142 5480 Faustam,
2194 5423 2250 5470 et
2291 5429 2450 5469 suum
2476 5414 2645 5469 ﬁlium
2681 5412 2922 5470 Priscum
2960 5413 3281 5486 [CriSpum].
3328 5412 3420 5484 qui

1847 5516 1965 5561 erat
1990 5508 2076 5559 vir
2107 5506 2248 5576 frugi
2278 5515 2333 5560 et
2364 5504 2562 5560 bonus.
2586 5506 2903 5575 Propterea,
2937 5520 2971 5560 ο
3021 5505 3100 5558 vir
3156 5506 3419 5574 imprimis

1848 5597 2185 5659 adniirande,
2216 5612 2341 5653 cum
2371 5597 2585 5654 videam
2620 5607 2723 5652 tua:
2761 5598 2959 5652 mentis
3008 5596 3326 5668 gravitatem
3365 5605 3423 5651 et

1848 5689 2237 5753 constantiam,
2265 5689 2388 5743 volo
2417 5698 2470 5744 te
2498 5705 2620 5746 esse
2649 5697 2956 5745 nostrarum
2986 5690 3242 5758 partium.
3275 5689 3414 5758 Age-

1850 5777 1978 5830 dum
2013 5791 2159 5846 ergo,
2188 5792 2220 5831 ο
2259 5779 2486 5842 Artemi,
2517 5780 2584 5834 ad
2612 5781 2844 5850 patriam
2887 5788 2940 5835 et
2982 5781 3418 5850 antiquissimam

1852 5877 1906 5924 et
1934 5873 2167 5926 maxime
2208 5870 2519 5928 diuturnam
2583 5869 2953 5928 Romanorum
3007 5882 3062 5928 et
3108 5871 3416 5928 Gracorum
