4142 6494
740 444 879 509 1195
2041 444 2321 504 MENSIS
2360 446 2376 502 l

2370 444 2724 509 DCTOBER.
3890 444 4006 508 1196

732 561 1015 614 admirans
1038 558 1291 628 martyris
1322 557 1522 611 variam
1540 572 1600 613 ac
1621 557 1978 629 multiplicem
2004 559 2330 625 doctrinam,
2363 609 2368 622 η

2367 568 2407 623 Α
2438 555 2750 631 πολυμαϐὲς
2796 558 2889 612 τοῦ
2926 558 3203 630 μάρτυρος
3229 563 3321 615 καὶ
3356 562 3492 633 πρὸς
3522 563 3829 633 ἀπόκρισιν
3880 566 4003 614 ἐτα-

732 662 786 704 et
842 650 906 705 ad
957 648 1397 720 respondendum
1434 649 1774 705 facilitatem.
1825 650 1921 705 Cui
1963 667 2152 705 rursus
2179 653 2314 707 dicit

2419 654 2670 722 μὸτατον,
2707 654 2846 721 Πρὸς
2880 652 2937 704 ὃν
2975 654 3132 706 πάλιν
3162 654 3188 705 ὁ
3214 654 3305 704 τοῦ
3336 654 3573 723 Χριστοῦ
3606 655 3825 725 μάρτυς
3865 657 4002 722 φησὶ,

730 744 926 796 Christi
964 752 1163 810 martyr
1208 758 1220 795 :
1260 741 1497 803 Dimitte,
1521 743 1884 812 oimperator,
1910 742 2021 810 jam
2043 753 2311 796 mortuam

2420 745 2609 810 Ἄφες,
2642 736 2685 794 ὦ
2726 742 2969 812 βασιλεῦ,
3011 743 3108 813 τὴν
3163 746 3360 812 νεκρὰν
3397 746 3493 814 ήδη
3536 747 3636 797 καὶ
3685 744 4005 815 ἐξῳδηκνίαν

728 846 782 888 et
806 835 1025 888 fetidant
1046 833 1284 903 gentium
1313 833 1632 903 religionem
1691 836 1775 903 (ea
1803 835 1943 887 enim
1963 837 2071 903 jam
2101 837 2190 889 diu
2214 851 2313 905 pu-

2414 833 2521 883 τῶν
2564 832 2831 900 Ἑλλήνων
2878 832 3177 902 Θρησκείαν
3228 833 3388 904 (αὕτη
3410 836 3516 903 γάρ
3550 838 3647 888 καὶ
3680 836 3791 904 πρὸ
3822 836 3998 887 ποῖ.λοῦ

732 928 913 995 truit),
937 935 991 978 et
1019 925 1219 978 accede
1250 925 1314 977 ad
1335 922 1433 978 Clu
1452 927 1614 978 istum
1641 933 1755 978 :est
1781 927 1921 978 enim
1949 926 2214 997 benignus
2256 935 2313 981 et

2417 926 2671 993 σέσηπε),
2712 926 2803 977 καὶ
2836 928 3097 995 προσελοε
3127 928 3204 996 τῷ
3240 928 3480 997 Χριστῷ·
3521 931 3884 999 μακρόουμος
3912 934 4004 1000 γάρ

728 1019 984 1080 clemens,
1024 1027 1078 1071 et
1111 1024 1161 1071 te
1198 1033 1305 1070 non
1351 1018 1598 1086 repellet,
1639 1019 1681 1070 si
1714 1018 1933 1072 ducaris
1961 1020 2305 1088 poenitentia.

2413 1019 2530 1069 ἐστι
2566 1020 2656 1070 καὶ
2691 1018 3093 1086 φιλάνθρωπος,
3148 1020 3241 1072 καὶ
3296 1022 3394 1071 οὐκ
3434 1020 3725 1072 ἁπὼσεταὶ
3762 1040 3820 1074 σε
3851 1041 4000 1091 μετιο

727 1110 830 1165 Sed
869 1112 983 1163 fieri
1009 1125 1114 1163 non
1146 1118 1379 1178 poterat,
1411 1118 1469 1162 ut
1526 1119 1726 1178 martyr
1766 1112 2047 1163 resisteret
2086 1110 2308 1179 impetui

2425 1109 2785 1179 μελούμενον.
2819 1111 2959 1163 Ἀλλ’
2977 1112 3075 1161 οὐκ
3103 1106 3169 1182 ἦν
3188 1113 3295 1181 ἄρα
3326 1113 3551 1183 γνώμης
3579 1114 4002 1182 ἐθελοκακούσης

726 1203 941 1265 animat,
976 1218 1093 1268 quae
1121 1201 1257 1254 mala
1288 1201 1467 1254 libens
1498 1216 1557 1255 ac
1582 1202 1770 1256 volens
1800 1203 2133 1270 sequebatur
2154 1244 2168 1267 ,
2210 1218 2311 1257 nec

2411 1204 2685 1272 ἀντισχεῖν
2710 1204 2799 1256 τὸν
2827 1205 3081 1274 μάρτυρα
3111 1207 3231 1265 ταῖς
3257 1206 3485 1273 ὁρμαῖς,
3522 1206 3636 1257 οὐδ’
3670 1207 4000 1259 ἁνακαὶέσα-

728 1306 785 1349 ιιι
832 1301 1111 1348 revocaret
1136 1294 1535 1362 auimam,quae
1585 1309 1680 1347 sua
1720 1306 1920 1363 sponte
1963 1295 2219 1351 tendebat
2243 1298 2308 1350 ad

2418 1295 2542 1347 σθαι
2562 1295 2740 1364 ψυχὴν
2765 1296 3082 1364 αὐτομόλως
3110 1294 3393 1365 χωροῦσαν
3422 1299 3559 1366 προς
3584 1303 3684 1367 τὴν
3712 1299 4000 1350 ἀπώλειαν.

730 1386 1035 1439 interitum.
1077 1383 1329 1438 Julianus
1367 1386 1516 1437 enim
1556 1386 1669 1455 jam
1720 1386 1808 1439 diu
1857 1387 2079 1455 quidem
2126 1388 2310 1441 animo

2424 1383 2484 1436 '0
2539 1387 2648 1455 γὰρ
2718 1386 3043 1452 Ἰουλιανὸς,
3111 1388 3279 1440 πάλαι
3330 1389 3421 1441 τὸν
3468 1388 3851 1458 Ἑλληνισμὸς)
3885 1393 4006 1442 κατὰ

727 1478 1041 1546 parturiens
1068 1476 1257 1528 falsam
1295 1476 1541 1545 gentium
1580 1476 1925 1545 religionem,
1966 1492 2128 1545 quam
2177 1492 2307 1529 con-

2409 1475 2587 1545 ψυχὴν
2637 1476 2868 1541 ὠδίνων,
2907 1480 2971 1530 ὲκ
2999 1478 3109 1529 τῶν
3138 1479 3197 1529 ἐν
3241 1478 3415 1549 Ἰωνίᾳ
3476 1480 3837 1549 γενομένων·
3868 1482 4003 1545 αὑτῴ

735 1578 959 1638 ceperat
1008 1569 1062 1621 in
1106 1566 1255 1620 lonia
1294 1583 1357 1620 ex
1396 1583 1494 1621 sua
1571 1570 1957 1638 congressione
1994 1584 2116 1622 cum
2145 1569 2310 1621 Maxi-

2415 1567 2552 1632 μετα
2582 1566 2689 1617 τῶν
2715 1568 2857 1635 ἀμφὶ
2880 1567 2971 1619 τον
3006 1568 3257 1638 Μάξιμον
3319 1569 3634 1638 φιλοσόφων
3690 1570 4005 1629 συνουσιῶν,

725 1676 815 1714 mo
866 1659 1028 1730 Tyrio
1079 1658 1438 1728 philosopho,
1484 1660 1727 1727 quandiu
1774 1661 1994 1728 quidem
2028 1670 2306 1730 superstes

2412 1658 2497 1728 ἐφ’
2519 1661 2641 1711 ὅσον
2670 1660 2769 1728 μὲν
2791 1661 2878 1712 ὅτε
2910 1661 3136 1730 ἁδελφὸς
3160 1662 3310 1732 αὐτῷ
3339 1663 3558 1733 περιῆν,
3587 1667 3685 1715 καὶ
3713 1665 3838 1733 μετ’
3865 1665 4006 1718 αὐτὸν

724 1752 829 1806 fuit
871 1754 993 1821 ejus
1036 1750 1227 1815 frater,
1270 1760 1323 1803 et
1369 1760 1492 1819 post
1529 1751 1707 1818 ipsum
1756 1749 2131 1814 Constantius,
2170 1751 2305 1805 nihil

2412 1751 2811 1815 Κωνστάντιος,
2856 1754 2883 1803 ὁ
2910 1753 2965 1804 δὲ
3001 1753 3155 1804 οὐδὲν
3202 1755 3602 1824 παραγυμνοῦν
3640 1756 3878 1827 ἐθάρρει
3933 1758 4006 1809 διὰ

724 1859 891 1898 ausus
950 1851 1034 1898 est
1075 1844 1290 1913 aperire
1332 1852 1559 1913 prapter
1602 1843 1817 1896 illorum
1874 1853 2101 1900 metum.
2148 1844 2305 1898 Post-

2409 1840 2471 1891 τὸ
2510 1840 2568 1902 ἐξ
2600 1842 2825 1892 ἐκείνων
2850 1840 2995 1905 δέος,
3023 1846 3144 1895 ἐπεὶ
3168 1844 3223 1895 δὲ
3250 1838 3397 1897 οὗτοι
3423 1846 3481 1908 ἐξ
3503 1845 3831 1915 ἀνθρώπων
3860 1842 4007 1915 ἦσαν»

724 1952 885 2006 quam
921 1945 1102 1989 autem
1156 1935 1192 1988 ii
1235 1950 1264 1987 e
1304 1935 1445 1989 vivis
1478 1944 1856 1999 excesserunt,
1888 1936 2002 2005 ipse
2041 1950 2167 1989 vero
2194 1937 2304 2004 jam
2338 1923 2360 1981 Ῑ

2371 1927 2577 1993 labro;
2607 1931 2661 1982 δὲ
2692 1934 2802 1984 τῶν
2842 1934 3191 2005 πραγμάτων
3245 1936 3346 2005 ἥδη
3406 1937 3599 2002 κύριος
3666 1933 3763 2005 ἦν,
3813 1940 3934 1989 τότε
3955 1939 4007 2007 δὴ

725 2045 907 2083 rerum
952 2028 1260 2097 potiretur,
1313 2036 1446 2081 tunc
1478 2026 1592 2096 ipse
1633 2042 1691 2081 se
1722 2038 1910 2096 aperte
1952 2042 2179 2090 exuens,
2220 2043 2306 2080 re-

2410 2025 2489 2085 εἰς
2530 2024 2590 2075 τὸ
2625 2026 2861 2094 φανερὸν
2897 2027 3418 2095 άπαμφιασάμενος,
3450 2028 3659 2089 πάσαις
3709 2027 3913 2097 ἁθρὲον
3939 2015 4005 2091 ei;

723 2128 885 2191 pente
927 2129 1040 2175 toto
1066 2120 1232 2172 animi
1267 2119 1452 2173 studio
1484 2121 1667 2187 erupit
1717 2121 1784 2173 ad
1812 2120 2056 2189 gentium
2095 2122 2307 2174 vanita-

2406 2114 2503 2164 τὸν
2539 2112 2891 2183 Ἑλληνισμὸν
2923 2114 3197 2185 ἐξερράγη
3215 2120 3331 2181 ταῖς
3362 2118 3725 2187 προθυμίαιςδ
3767 2118 4008 2189 Ἀπεκρί-

726 2223 857 2265 tem.
928 2210 1237 2281 Respondit
1285 2211 1470 2281 itaque
1522 2212 1743 2282 martyri
1788 2229 1801 2265 :
1860 2212 2130 2277 Quoniam
2185 2229 2303 2267 mea

2408 2222 2537 2256 νατο
2566 2205 2857 2273 τοιγαροῦν
2890 2208 3024 2274 πρὸς
3054 2209 3145 2259 τὸν
3178 2211 3456 2279 μάρτυρα,
3504 2210 3663 2261 Ἐπεὶ
3684 2212 3822 2272 τοὺς
3860 2215 4008 2281 ἐμοὺς

723 2306 887 2359 verba
918 2304 1336 2373 contempsisti,
1380 2321 1412 2359 ο
1460 2304 1786 2359 sceleratum
1821 2315 2006 2374 caput,
2038 2320 2204 2359 ausus
2245 2322 2304 2359 es

2408 2296 2703 2363 ἐφαύλισας
2739 2297 2952 2363 λόγους,
2974 2292 3019 2349 ὧ
3048 2302 3189 2368 κακὴ
3215 2301 3447 2369 κεφαλὴ,
3492 2302 3819 2371 ἐτόλμησας
3850 2303 3905 2356 δὲ
3928 2306 4007 2357 καὶ

726 2405 905 2449 autem
968 2396 1053 2450 vel
1103 2394 1284 2450 facere
1322 2396 1658 2466 periculum,
1711 2403 1772 2448 ut
1817 2406 2172 2449 converterer
2237 2402 2303 2449 ad

2406 2387 2635 2437 καΘείνα
2695 2390 2911 2457 πεῖραν,
2943 2387 3082 2440 ὥστε
3116 2391 3249 2459 πρὸς
3284 2392 3342 2443 τὸ
3389 2395 3552 2445 αὐτόν
3589 2411 3675 2445 σοι
3728 2394 3830 2447 τοῦ
3889 2398 4009 2466 Χριο

727 2485 1001 2549 eumdem,
1040 2485 1106 2538 ad
1137 2500 1298 2554 quem
1339 2495 1418 2547 tu,
1465 2485 1666 2538 Christi
1722 2487 1961 2548 cultum,
2005 2501 2104 2554 ego
2165 2501 2305 2553 quo-

2412 2479 2740 2546 στιανισμοῦ
2809 2482 2971 2543 σὲὅας
3037 2482 3385 2551 μεταϐαλεῖν,
3447 2485 4007 2557 ἀντιφιλοτιμήσομαέ

726 2593 835 2647 que
875 2588 926 2631 te
964 2577 1146 2646 dignis
1181 2577 1345 2630 rebus
1397 2577 1632 2630 vicissim
1683 2578 2096 2632 remunerabor.
2139 2575 2305 2630 Iubet

2413 2585 2497 2620 σοι
2543 2568 2698 2635 κάγὼ
2744 2574 2853 2632 τοῖς
2889 2573 3062 2637 ἀξίοις
3116 2575 3355 2643 ῥήμασι.
3386 2576 3625 2627 Κελεύει
3659 2578 3856 2630 τοίνυν
3891 2582 4007 2631 ἁπο-

726 2674 909 2741 itaque
958 2671 1083 2725 exui
1124 2681 1437 2740 martyrem,
1471 2680 1523 2723 et
1557 2669 1771 2724 subulis
1834 2669 2027 2724 ferreis
2064 2673 2304 2725 canden-

2405 2660 2750 2728 γυμνοῦσθαι
2783 2664 2873 2715 τὸν
2913 2666 3167 2735 μάρτυρα
3197 2667 3293 2718 καὶ
3327 2667 3586 2728 σούελαις
3618 2670 3889 2739 σιδηραῖς
3922 2688 4002 2721 πε-

727 2765 871 2818 tibus
904 2766 1021 2834 ejus
1046 2763 1211 2817 latera
1253 2762 1471 2834 conligi,
1507 2772 1561 2815 et
1601 2763 1776 2815 acutis
1814 2762 2027 2815 tribulis
2079 2762 2299 2815 dorsum

2406 2759 2869 2820 πυρακτωμέναις
2902 2758 3000 2817 τας
3029 2752 3268 2825 πλευράς
3309 2757 3475 2808 αὐτοῦ
3536 2759 4002 2829 διαπερονᾶσθαι,

725 2857 843 2926 ejus
879 2858 1071 2927 pungi,
1118 2867 1171 2909 et
1215 2856 1509 2924 disrumpi,
1554 2855 1681 2908 dum
1750 2856 1988 2924 supinus
2041 2857 2299 2908 trahitur.

2407 2845 2500 2894 καὶ
2540 2844 2627 2896 τὸν
2660 2844 2828 2897 νῶτον
2857 2847 3020 2898 αὑτοῦ
3055 2848 3326 2916 τριϐόλοις
3360 2848 3505 2911 ὀξέσι
3564 2855 4002 2907 κατακεντίσὸει

726 2950 823 3003 His
861 2959 1040 3003 autem
1068 2950 1465 3018 quamprimum
1501 2949 1684 3011 illatis,
1728 2957 1845 3007 erat
1873 2949 1923 3001 ei
1949 2948 2162 3006 cadent,
2190 2946 2301 2998 sie-

2408 2936 2499 2986 καὶ
2529 2934 2961 3006 διαρρήγνυσθαι
2984 2938 3283 3008 συρόμενον
3308 2939 3517 2993 ὕπτιον.
3548 2940 3779 2997 Τούτων
3797 2946 3853 2997 δὲ
3877 2947 4000 3014 πρὸς

730 3052 789 3096 ιιι
820 3043 990 3111 prius,
1055 3042 1383 3094 constantia.
1444 3040 1623 3092 Multis
1660 3042 1846 3107 itaque
1882 3039 2031 3092 horis
2063 3052 2119 3090 se
2157 3053 2301 3089 mar-

2405 3024 2570 3093 τάχος
2643 3025 3052 3095 ἐπενεχθέντων
3082 3028 3153 3099 τῷ
3199 3032 3458 3101 μάρτυρι,
3488 3034 3520 3101 ἡ
3554 3035 3703 3102 αὑτὴ
3740 3040 4000 3105 καρτερία

730 3144 842 3205 tyre
871 3133 1080 3187 fortiter
1106 3141 1328 3203 gerente
1365 3131 1419 3185 in
1450 3131 1763 3193 tormentis,
1811 3129 2096 3192 et,nullam
2142 3129 2305 3183 emit-

2404 3112 2682 3190 ἦνάὺτῷ,
2713 3121 2966 3189 καθάπερ
2996 3122 3062 3192 δὴ
3092 3128 3186 3174 καὶ
3211 3123 3272 3175 τὸ
3303 3125 3589 3192 πρότερον.
3635 3127 3772 3178 Ἐπὶ
3790 3129 4002 3192 πολλαῖς

728 3237 877 3282 tente
915 3242 1098 3280 vocem
1151 3236 1242 3279 aut
1270 3226 1555 3294 gemitum,
1594 3232 1834 3277 maestus
1871 3222 1961 3277 ille
1992 3232 2045 3276 et
2079 3222 2253 3276 tristis
2284 3264 2297 3286 ,
2330 3262 2364 3325 Ε

2366 3264 2371 3285 Ι
2406 3214 2499 3267 οὖν
2533 3219 2649 3277 ταῖς
2678 3216 2849 3287 ὥραις
2902 3220 3022 3279 ταῖς
3055 3218 3314 3286 βασάνοις
3341 3220 3569 3283 ταύταις
3602 3225 4002 3293 ἐγκαρτεροῦν-

2366 3303 2373 3322 Ι
2412 3323 2459 3325 _,
2488 3324 2497 3325 κ
2532 3323 2554 3325 ξ
2596 3306 2619 3317 ⁵
2707 3310 2718 3323 ι
2884 3324 2887 3325 ,
3069 3310 3081 3325 \
3214 3310 3254 3325 δι
3352 3312 3363 3325 ι
3615 3316 3625 3325 ι
3720 3317 3740 3325 η

729 3322 984 3381 tanquam
1038 3314 1250 3375 \‘lClllS,
1313 3310 1555 3365 surrexit
1611 3327 1641 3365 e
1700 3311 1997 3374 tribunali,
2055 3321 2109 3364 et
2146 3306 2365 3378 jubet“

2364 3306 2373 3322 '
2408 3323 2499 3368 τος
2528 3306 2622 3358 τοῦ
2652 3310 2950 3377 μάρτυρος,
2994 3310 3089 3362 καὶ
3129 3310 3264 3381 μηδὲ
3304 3312 3434 3381 μίαν
3486 3316 3676 3385 φωνὴν
3713 3317 3746 3387 ἥ
3784 3334 4000 3385 στεναγ-

729 3415 1026 3474 martyrem
1085 3419 1273 3456 rursus
1319 3401 1515 3457 abduci
1571 3404 1623 3455 in
1681 3417 1984 3461 carcerem,
2029 3409 2083 3452 et
2125 3413 2303 3468 neque

2412 3397 2513 3466 μὸν
2575 3399 2852 3469 ἀφιέντος,
2910 3407 3161 3473 κατηφὴς
3244 3406 3449 3468 ἐκεῖνος
3516 3409 3614 3460 καὶ
3680 3412 4002 3481 σκυθρωπὸς

729 3512 923 3567 panem
981 3511 1153 3565 neque
1178 3511 1371 3564 aquam
1420 3494 1468 3546 ei
1502 3493 1769 3562 praeberi,
1829 3507 1931 3547 nec
1970 3507 2305 3563 quaecunque

2407 3489 2596 3561 ὥσπερ
2618 3494 2950 3563 ἡττώμενος,
2975 3496 3234 3567 ἐξανέστη
3262 3496 3354 3550 τοῦ
3382 3498 3653 3568 βήματος,
3680 3502 3781 3554 καὶ
3799 3504 4000 3559 κελεύει

730 3589 796 3643 ad
834 3586 1035 3640 victum
1066 3594 1289 3639 sumunt
1320 3584 1590 3640 homines.
1636 3582 1757 3652 Ipse
1803 3596 1983 3638 autem
2020 3587 2301 3655 profectus

2406 3584 2498 3635 τὸν
2526 3588 2781 3651 μάρτυρα
2804 3587 2967 3637 πάλιν
2999 3588 3093 3639 ἐπὶ
3127 3588 3224 3655 τὴν
3267 3590 3490 3659 εἱρκτὴν
3527 3595 3885 3662 ἀπαχθῆναι,
3917 3596 4001 3647 καὶ

727 3678 903 3734 estad
938 3676 1237 3747 Daphnem,
1274 3677 1364 3747 qui
1394 3685 1477 3731 est
1506 3674 1813 3730 Antiochiae
1891 3675 2043 3728 locus
2100 3676 2303 3743 jucun-

2411 3676 2545 3741 μήτε
2586 3675 2763 3745 ίᾶρτον
2816 3679 2954 3747 μήτε
3027 3675 3171 3748 ὕδωρ
3205 3679 3353 3747 αὑτῴ
3397 3687 3851 3752 παρασκευῆναι,
3885 3685 4000 3754 μιηό.

728 3770 1002 3823 dlSSlmUS-
2407 3764 2505 3815 ὅσα
2537 3767 2670 3834 πρὸς
2709 3766 2770 3818 τὸ
2802 3767 2904 3836 ζῇν
2940 3768 3455 3839 μεταλαμϐάνουσιν
3481 3772 3797 3843 ἄνθρωποι.
3836 3779 3999 3837 Aetla;

2406 3854 2463 3907 ιε
2502 3857 2596 3908 ἐπὶ
2658 3857 2759 3928 τὴν
2800 3862 3018 3931 Δάφνην
3051 3861 3343 3934 ἐξώρμησε
3376 3864 3476 3933 τῆς
3547 3866 3898 3939 Ἀντιοχείας
3948 3872 3999 3922 τὸ

2404 3948 2785 4017 χαριέστατον.

797 4045 1014 4100 XXXII.
1090 4044 1245 4099 Circa
1271 4043 1506 4098 mediam
1563 4056 1745 4099 autem
1793 4054 2007 4100 noctem
2076 4059 2302 4118 apparet

2478 4040 2601 4091 AB’.
2632 4043 2767 4111 Περὶ
2794 4044 2851 4095 δὲ
2889 4045 3061 4113 μέσας
3121 4047 3321 4112 νύκτας
3350 4051 3443 4102 ἐπὶ
3489 4052 3590 4121 τῆς
3624 4054 3889 4126 φυλακῆς
3912 4058 3994 4109 εὖ·

728 4138 982 4193 Cltristus
1027 4136 1247 4207 martyri
1294 4136 1467 4189 oranti
1527 4135 1580 4188 in
1633 4137 1913 4199 custodia,
1947 4138 2193 4190 animum
2250 4140 2299 4193 ei

2408 4132 2623 4200 χομένῳ
2657 4136 2733 4200 τῷ
2769 4134 3036 4203 μάρτυρι,
3072 4138 3098 4188 6
3127 4140 3358 4208 Χριστὸς
3389 4142 3772 4207 ἐπιφαίνεται,
3802 4149 3995 4217 θάρσος

727 4233 956 4294 addens,
1002 4237 1057 4282 et
1090 4244 1148 4281 se
1180 4242 1301 4279 cum
1341 4240 1407 4280 eo
1451 4226 1675 4280 omnino
1710 4226 1952 4281 futurum
2009 4228 2296 4297 pollicens,

2407 4237 2465 4271 τε
2500 4222 2731 4284 ἐντιθεὶς
2765 4225 2860 4276 καὶ
2898 4229 3139 4280 συνεῖναι
3169 4230 3319 4296 αὐτῷ
3350 4231 3607 4298 καθάπαξ
3656 4237 3995 4305 ἐπαγγελλό-

728 4333 785 4377 et
809 4323 1043 4377 dicens;
1089 4318 1372 4384 Quomodo
1412 4318 1526 4388 ipse
1571 4335 1655 4373 me
1692 4318 1976 4374 confessus
2002 4323 2148 4375 luisti
2200 4339 2300 4376 co-

2410 4330 2589 4383 μενος,
2618 4316 2829 4387 Ὥσπερ
2854 4319 3039 4385 αὐτὸς,
3060 4319 3255 4389 λέγων,
3278 4321 3641 4395 ὡμολόγησάς
3674 4346 3746 4394 με
3767 4331 3995 4384 ἐνώπιον

729 4429 842 4469 ram
874 4413 1188 4469 hominibus
1216 4428 1379 4481 super
1411 4422 1628 4476 terram,
1674 4427 1775 4480 ego
1800 4428 2017 4481 quoque
2049 4423 2099 4465 te
2130 4415 2300 4466 conli-

2403 4407 2510 4457 τῶν
2542 4408 2847 4480 ἀνθρώπων
2882 4414 2973 4463 ἐπὶ
3023 4414 3123 4482 τῆς
3168 4416 3294 4484 γῆς,
3352 4418 3679 4488 ὁμολογήσω
3744 4425 3904 4491 κάγὼ
3938 4426 3991 4476 σὲ

729 4510 883 4559 tebor
930 4519 1112 4557 coram
1160 4502 1316 4554 Patre
1364 4517 1525 4565 tneo,
1565 4502 1656 4570 qui
1704 4512 1787 4555 est
1844 4503 1898 4555 in
1955 4503 2127 4558 cwlis.
2180 4500 2300 4559 Haec

2408 4497 2643 4551 ἐνώπιον
2677 4501 2770 4550 τοῦ
2795 4501 3006 4569 Πατρός
3034 4520 3135 4571 μου
3161 4508 3253 4557 τοῦ
3288 4509 3345 4558 ἐν
3371 4513 3482 4571 τοῖς
3502 4516 3783 4578 οὐρανοῖς.
3812 4519 3992 4569 Ταῦτα

727 4613 850 4652 cum
897 4605 1102 4665 martyr
1144 4593 1408 4647 audiisset
1446 4609 1475 4646 ιι
1509 4591 1756 4655 Domino,
1804 4594 2049 4659 conﬁdit,
2088 4605 2144 4647 et
2182 4603 2292 4649 tota
2331 4598 2363 4653 D

2354 4603 2369 4651 )
2400 4588 2426 4639 ὁ
2460 4590 2668 4657 μάρτυς
2699 4590 2937 4654 ἀκούσας
2973 4597 3121 4663 παρα
3145 4598 3369 4667 Κυρίου,
3399 4600 3699 4672 ἐθάρσησε,
3735 4611 3834 4659 καὶ
3868 4611 3990 4679 παρ’

668 4694 681 4711 ⁴
726 4700 884 4745 nocte
932 4690 1099 4743 Deum
1143 4686 1495 4757 glorificavit,
1535 4694 1588 4738 et
1618 4687 1664 4738 ei
1694 4686 1802 4755 egit
1842 4687 2062 4756 gratias.
2102 4686 2146 4737 A
2178 4688 2291 4755 pla-

2403 4680 2531 4748 ὅλην
2573 4680 2739 4732 νύκτα
2772 4683 3068 4752 δοξοὶ.ογῶν
3096 4684 3183 4758 ἦν,
3214 4691 3307 4741 καὶ
3339 4691 3567 4761 χάριτας
3604 4696 3897 4766 ὁμολογῶν
3921 4703 3990 4769 τῴ

724 4781 809 4849 gis
842 4780 987 4831 enim
1015 4777 1128 4828 suis
1156 4789 1209 4827 et
1243 4777 1562 4829 vulneribus
1588 4784 1813 4841 repente
1848 4775 1948 4828 fuit
1981 4777 2257 4829 relaxatus
2280 4817 2293 4841 ,

2401 4771 2539 4839 Θεῷ.
2583 4773 2792 4843 Ἀνείθη
2830 4777 2939 4845 γάρ
2970 4781 3033 4830 ἐκ
3060 4780 3167 4830 τῶν
3202 4782 3425 4849 πληγῶν
3458 4789 3551 4836 καὶ
3602 4803 3716 4837 των
3749 4805 3992 4857 τραυμα-

723 4873 857 4926 adeo
893 4878 952 4924 ut
991 4885 1058 4922 ne
1103 4867 1292 4923 vibieis
1328 4868 1545 4937 quidem
1593 4868 1875 4936 vestigium
1908 4878 2199 4938 appareret
2243 4869 2295 4921 in

2398 4882 2506 4915 των
2528 4865 2694 4916 αὑτοῦ
2751 4870 3109 4937 παραχρῆμα,
3164 4870 3303 4925 ὥστε
3339 4876 3470 4942 μηδὲ
3518 4877 3796 4944 μώλωπος
3852 4883 3989 4951 [χνος

724 4971 914 5015 sancto
945 4960 1064 5028 ejus
1095 4974 1343 5028 corpore.
1396 4958 1582 5027 Spatio
1614 4968 1795 5013 autem
1829 4960 2139 5028 quindecim
2176 4960 2295 5013 die-

2399 4960 2455 5008 ὲν
2485 4956 2559 5024 τῷ
2618 4957 2756 5027 ἁγίῳ
2783 4960 2944 5011 αὐτοῦ
3001 4962 3401 5016 ἐντετυπῶσὺαι
3438 4964 3673 5035 σώματι.
3734 4971 3987 5044 Ἦμερὼτδ

723 5068 845 5106 rum
901 5051 1104 5105 mansit
1150 5052 1374 5104 omnino
1410 5053 1633 5119 jejunus
1681 5051 1735 5104 in
1765 5066 2006 5114 carcere,
2055 5054 2295 5107 nutritus

2397 5047 2451 5097 δὲ
2519 5048 2914 5100 πεντεκαίδεκα
2973 5050 3390 5120 διαγενομένων,
3439 5053 3628 5117 ἄσιτος
3685 5059 3879 5125 ἔμεινε
3934 5064 3988 5108 το

725 5158 863 5213 pane
895 5142 1232 5211 angelorum,
1284 5156 1381 5195 seu
1435 5141 1605 5211 gratia
1657 5140 1788 5195 boui
1816 5141 2073 5210 Spiritus.
2123 5141 2294 5195 Julia-

2401 5139 2665 5207 παράπαν
2698 5141 2753 5189 ὲν
2789 5143 2845 5208 τῇ
2882 5141 3093 5210 εἱρκτῇ,
3130 5144 3372 5210 ἀγγέλων
3404 5146 3575 5214 ἄρτῳ,
3614 5148 3717 5199 εἶτ’
3760 5146 3860 5203 οὖν
3891 5154 3985 5221 χά-

723 5250 827 5288 ttus
874 5248 1001 5286 vero
1038 5248 1180 5293 cum,
1215 5232 1354 5285 sicut
1397 5232 1655 5297 diximus,
1713 5234 1954 5286 venisset
1983 5234 2294 5302 Daplmem,

2402 5244 2513 5299 ριτι
2542 5229 2632 5278 τοῦ
2664 5230 2869 5296 αγαοοῦ
2902 5233 3237 5302 τρεφόμενος
3275 5234 3615 5302 Πνεῦματος.
3660 5236 3720 5290 Ὁ
3753 5241 3813 5291 δὲ
3857 5242 3986 5294 ἰουο

724 5326 989 5382 sacrificia
1038 5325 1259 5393 parabat
1311 5325 1573 5392 Apollini.
1621 5340 1848 5393 sperans
1886 5325 2001 5378 fore
2036 5335 2092 5381 nt
2124 5326 2191 5379 ab
2231 5342 2296 5381 eo

2400 5321 2599 5384 λιανὸς,
2635 5325 2723 5374 ἐπὶ
2764 5324 2863 5394 τὴν
2893 5325 3109 5392 Δάφνην
3155 5327 3467 5396 γενόμενος,
3501 5327 3697 5400 ὠσπερ
3752 5335 3984 5402 ἔφημεν,

723 5421 833 5472 cito
887 5417 1159 5485 aeciperet
1204 5429 1483 5484 reSponsa.
1523 5416 1748 5484 Daphne
1795 5426 1879 5469 est
1916 5417 2291 5471 suburbanum

2400 5413 2585 5475 Ουσία,
2618 5410 2683 5485 ἦν
2724 5414 3142 5485 ὲτοιμαζόμενος
3167 5417 3244 5487 τῷ
3283 5418 3599 5484 Ἀπόλλωνι,
3624 5420 3858 5486 εὔελπις
3893 5425 3985 5483 ὧν.

721 5507 1039 5569 Antiochia,
1094 5507 1255 5560 situm
1309 5508 1362 5557 in
1422 5510 1542 5576 ejus
1590 5508 1719 5562 locis
1768 5507 2075 5571 altioribus,
2108 5518 2162 5561 et
2217 5519 2296 5563 te-

2400 5508 2490 5558 καὶ
2520 5506 2641 5569 τοὺς
2666 5508 2756 5558 ὑπ’
2788 5508 2951 5559 αὑτοῦ
2980 5512 3259 5578 χρησμοὺς
3285 5511 3418 5579 ταχὺ
3456 5511 3742 5574 δέξασθαι.
3788 5517 3858 5568 Ἠ
3887 5520 3984 5568 Δα-

720 5611 867 5654 ςιυιη
912 5614 1071 5651 omne
1120 5613 1290 5667 genus
1322 5600 1650 5653 arboribus:
1691 5614 1799 5668 quo
1829 5598 1882 5651 in
1920 5599 2039 5653 loco
2078 5610 2130 5653 et
2162 5600 2294 5655 alia-

2399 5612 2505 5665 φνη
2544 5598 2599 5649 δὲ
2652 5599 2974 5669 προάστειον
3008 5603 3123 5653 ἐστι
3163 5600 3264 5669 τῆς
3331 5602 3690 5672 Ἀντιοχείας,
3742 5607 3843 5659 ἐπὶ
3883 5612 3984 5662 τῶν

720 5704 842 5744 rum
875 5692 1131 5742 arborqu
1161 5698 1214 5743 et
1250 5693 1551 5759 prtesertim
1595 5705 1982 5758 cupressorum
2005 5728 2018 5753 ,
2054 5693 2288 5747 maxima

2400 5686 2747 5760 ὑψηλοτέρων
2788 5690 2957 5761 αὐτῆς
3006 5692 3218 5761 χωρίων
3276 5693 3547 5763 κείμενον,
3596 5697 3793 5750 διλσεσι
3850 5717 3982 5751 παλι-

719 5782 821 5833 l‘uit
878 5781 1113 5849 plantata
1158 5782 1465 5849 multitudo,
1521 5783 1955 5853 pulchritudine.
2000 5783 2288 5841 altitudine

2397 5781 2561 5846 τοίοις
2600 5784 2899 5854 συνηρεφές
2927 5801 2941 5816 ο
2981 5787 3107 5838 ἔνθα
3147 5785 3252 5838 τῶν
3280 5804 3338 5840 τε
3371 5788 3550 5841 ἄλλων
3601 5796 3830 5844 πάντων
3856 5794 3982 5845 δέν-

720 5880 775 5924 et
807 5872 1176 5943 magnitudine
1241 5889 1583 5946 nequaquam
1648 5876 1950 5931 imitabilis.
2002 5876 2289 5936 Labunt-ur

2400 5875 2564 5947 ὅρων,
2588 5877 2682 5933 καὶ
2710 5877 2774 5949 δὴ
2808 5880 2902 5933 καὶ
2932 5881 3280 5953 κυπαρίττων
3331 5881 3517 5951 ἔξοχόν
3553 5900 3607 5938 τι
3639 5885 3980 5958 πετὺτενται
