4142 6496
734 446 874 511 1195
2034 445 2315 506 MENSIS
2355 446 2717 510 OCTOBER.
3886 444 4009 509 1196

727 562 1010 615 admirans
1032 559 1286 630 martyris
1317 559 1595 615 variamac
1615 558 1972 630 multiplicem
1998 560 2325 627 doetrmam,
2358 608 2363 623 ι

2368 569 2401 625 Α
2432 557 2744 633 πολυμαϐὲς
2791 560 2883 613 τοῦ
2920 559 3197 631 μάρτυρος
3223 564 3315 616 καὶ
3350 564 3486 634 πρὸς
3515 564 3821 633 ἀπόκρισιν
3874 566 4004 615 ἐτοι-

726 663 781 706 et
837 651 901 707 ad
952 650 1392 722 respondendum
1429 651 1769 706 facilitatem.
1820 651 1915 707 Cui
1958 668 2146 707 rursus
2174 655 2309 708 dicit

2413 656 2664 724 μότατον.
2701 655 2841 723 Πρὸς
2875 654 2932 705 ὃν
2969 655 3125 707 πάλιν
3156 656 3183 706 6
3209 655 3298 706 τοῦ
3331 655 3566 725 Χριστοῦ
3598 656 3816 726 μάρτυς
3858 658 4002 723 φησι,

725 745 921 797 Christi
959 753 1158 812 martyr
1202 760 1215 797 :
1255 742 1491 805 Dimitte,
1515 744 1878 813 oimperatur,
1904 744 2015 812 jam
2037 754 2305 798 mortuam

2414 746 2603 811 Ἄφες,
2636 737 2679 795 ὧ
2720 743 2964 814 βασιλεῦ,
3005 744 3102 814 τὴν
3158 747 3354 813 νεκρὰν
3392 747 3487 816 ἤδη
3530 748 3628 799 καὶ
3677 744 4004 816 ἐξῳδηκυῖαν

723 847 777 889 et
800 836 1020 890 fetidam
1041 834 1279 905 gentium
1308 835 1626 904 religionem
1686 837 1770 905 (ea
1798 836 1938 889 enim
1958 838 2065 904 jam
2095 837 2184 891 diu
2209 852 2307 906 pu~

2407 835 2514 885 τῶν
2558 834 2827 902 Ἑλλήνων
2873 834 3171 904 θρησκείαν
3223 834 3382 905 (αὕτη
3405 837 3511 904 γὰρ
3544 839 3639 889 καὶ
3672 838 3781 905 πρὸ
3812 837 3996 888 πολλοῦ

726 928 907 996 truit),
932 936 985 980 et
1013 927 1213 980 accede
1245 926 1309 979 ad
1330 923 1428 979 Chi
1447 928 1609 980 istum
1635 945 1647 979 :
1669 934 1750 980 est
1776 929 1915 980 enim
1942 928 2208 998 benignus
2250 936 2306 983 et

2411 928 2666 995 σέσηπε),
2706 927 2797 978 καὶ
2830 929 3091 996 πρόσελθε
3122 928 3198 997 τῷ
3234 928 3475 999 Χριστῷ*
3514 931 3874 999 μακρόθνμος
3903 935 4002 1001 γάρ

721 1020 978 1082 clemens,
1019 1029 1073 1072 et
1106 1026 1157 1072 te
1193 1035 1300 1072 non
1346 1019 1593 1087 repellet,
1634 1020 1676 1072 si
1710 1020 1927 1073 ducaris
1954 1021 2299 1089 pmnitentia.

2407 1020 2524 1071 ἐστι
2560 1021 2651 1072 καὶ
2686 1020 3087 1088 φιλάνθρωπος,
3142 1021 3236 1074 καὶ
3291 1023 3388 1073 οὐκ
3428 1021 3713 1073 ἁπώσεταί
3750 1042 3808 1075 σε
3839 1042 3998 1093 μετα-

722 1112 824 1167 Sed
862 1113 977 1165 ticri
1003 1126 1109 1165 non
1141 1119 1373 1180 poterat,
1405 1119 1464 1163 ut
1522 1120 1721 1180 martyr
1762 1112 2041 1165 resisteret
2080 1111 2301 1181 impetui

2418 1111 2779 1180 μελούμενον.
2814 1111 2954 1164 Ἀλλ’
2972 1113 3069 1163 οὐκ
3098 1108 3163 1184 ἦν
3183 1114 3290 1182 ἄρα
3322 1114 3544 1184 γνώμης
3572 1115 3999 1183 ἐθελοκακούσης

720 1205 934 1260 animae.
970 1219 1088 1269 quae
1115 1202 1252 1256 mala
1284 1203 1462 1256 libens
1493 1218 1552 1257 ac
1577 1203 1765 1258 volens
1793 1204 2126 1272 sequebatur
2148 1244 2162 1269 ,
2204 1219 2306 1258 nec

2405 1205 2679 1273 ἀντισχεῖν
2705 1205 2794 1258 τὸν
2822 1206 3075 1275 μάρτυρα
3105 1208 3225 1267 ταῖς
3252 1206 3479 1275 ὁρμαῖς,
3516 1207 3628 1259 οὐδ’
3661 1208 3996 1260 ἀνακαὶέσει-

723 1307 779 1350 ιιι
826 1303 1105 1350 revocaret
1131 1296 1531 1363 animam,qua:
1580 1310 1675 1348 sua
1716 1308 1913 1365 sponte
1956 1297 2213 1353 tendebat
2236 1299 2302 1351 ad

2412 1296 2536 1348 σθαι
2557 1296 2735 1365 ψυχὴν
2759 1297 3077 1366 αὐτομόλως
3104 1297 3388 1367 χωροῦσαν
3417 1300 3553 1368 προς
3576 1304 3674 1368 τὴν
3700 1300 3996 1352 ἀπώλειαν.

724 1387 1029 1440 interitum.
1071 1384 1323 1440 Julianus
1361 1387 1511 1440 enim
1552 1387 1663 1456 jam
1714 1388 1803 1441 diu
1850 1388 2073 1457 quidem
2120 1388 2304 1442 animo

2418 1384 2477 1438 '0
2533 1388 2642 1457 γὰρ
2712 1388 3037 1454 Ἰουλιανὸς,
3105 1389 3273 1441 πάλαι
3324 1390 3416 1442 τὸν
3462 1388 3836 1459 Ἐλληνισμδν
3869 1394 4003 1443 κατὰ

722 1479 1036 1547 parturiens
1063 1477 1251 1530 falsam
1290 1478 1536 1547 gentium
1575 1477 1918 1547 religionem,
1959 1494 2121 1547 quam
2171 1493 2301 1531 con-

2403 1476 2581 1547 ψυχὴν
2631 1477 2863 1543 ὠδίνων,
2902 1482 2966 1532 ἐκ
2993 1479 3103 1531 τῶν
3132 1480 3191 1530 ἐν
3236 1479 3410 1551 Ἰωνίᾳ
3471 1482 3821 1550 γενομένων.
3853 1482 3998 1546 αὑτῴ

729 1580 954 1640 ceperat
1003 1570 1056 1622 in
1100 1568 1249 1622 lonia
1289 1585 1351 1622 ex
1391 1585 1488 1622 sua
1565 1572 1951 1641 congressione
1987 1585 2109 1624 cum
2139 1570 2303 1623 Maxi-

2409 1568 2547 1634 μετὰ
2577 1567 2683 1619 τῶν
2710 1570 2851 1637 ἀμφὶ
2874 1569 2965 1621 τὸν
3000 1570 3252 1640 Μάξιμον
3313 1570 3626 1639 φιλοσόφων
3680 1571 4000 1631 συνουσιῶν,

720 1677 810 1715 mo
862 1660 1023 1731 Tyrio
1074 1660 1432 1730 phil050pho,
1477 1662 1720 1729 quandiu
1767 1663 1987 1730 quidem
2021 1671 2300 1731 superstes

2406 1661 2492 1729 ἐφ’
2513 1662 2635 1712 ὅσον
2665 1662 2764 1729 μὲν
2786 1662 2873 1714 ὅτε
2905 1662 3131 1731 ἀδελφὸς
3154 1664 3305 1734 αὐτῷ
3334 1665 3551 1735 περιῆν,
3579 1668 3675 1717 καὶ
3702 1666 3822 1733 μετ’
3851 1666 4001 1719 αὑτὸν

721 1753 825 1807 fuit
867 1754 989 1823 ejus
1031 1752 1222 1817 frater,
1265 1761 1318 1805 et
1365 1762 1485 1821 post
1522 1752 1700 1821 ipsum
1750 1751 2124 1816 Constantius,
2164 1753 2299 1806 nihil

2406 1752 2806 1817 Κωνστάντιος,
2851 1755 2878 1805 6
2905 1754 2960 1805 δὲ
2995 1754 3149 1806 οὐδὲν
3196 1756 3595 1825 παραγυμνοῦν
3631 1756 3863 1828 ἐθάρρει
3921 1759 4001 1810 διὰ

721 1860 886 1899 ausus
946 1852 1030 1899 est
1071 1845 1286 1913 aperire
1329 1854 1552 1915 propter
1596 1845 1810 1898 illorum
1867 1854 2094 1902 metum.
2142 1846 2299 1900 Post-

2404 1842 2465 1893 τὸ
2505 1841 2562 1905 ἐξ
2595 1843 2820 1895 ἐκείνων
2845 1842 2989 1907 δέος,
3017 1847 3139 1896 ἐπεὶ
3162 1844 3218 1896 δὲ
3245 1839 3393 1898 οὗτοι
3418 1848 3476 1910 ἐξ
3498 1846 3816 1916 ἀνθρώπων
3845 1843 4001 1916 ἦσαν.

720 1952 881 2007 quam
917 1947 1097 1991 autem
1152 1936 1188 1989 ii
1230 1952 1259 1989 e
1299 1937 1440 1989 vivis
1472 1945 1849 2002 excesserunt,
1881 1938 1996 2007 ipse
2034 1951 2161 1991 vero
2188 1939 2298 2005 jam
2333 1925 2356 1983 Ῑ

2366 1929 2571 1994 labro;
2601 1933 2656 1984 δὲ
2687 1935 2797 1987 τών
2838 1936 3185 2006 πραγμάτων
3240 1938 3341 2007 1ἠδη
3401 1938 3591 2003 κύριος
3657 1934 3750 2007 ἧν,
3799 1940 3923 1990 τότε
3945 1940 4002 2007 δὴ

721 2046 902 2085 rerum
948 2029 1217 2099 potiretur
1242 2071 1255 2094 ,
1308 2037 1441 2083 tunc
1473 2028 1587 2098 ipse
1628 2044 1687 2083 se
1717 2039 1903 2098 aperte
1946 2044 2173 2092 exuens,
2214 2044 2299 2081 re-

2404 2026 2483 2087 εἰς
2525 2025 2585 2077 τὸ
2620 2027 2855 2096 φανερδν
2892 2029 3413 2097 ἁπαμφιασὰμενος,
3445 2030 3650 2091 πάσαις
3699 2028 3897 2098 ἁθρὸον
3927 2032 3999 2092 εἰς

719 2129 881 2192 pente
922 2131 1035 2176 toto
1062 2121 1227 2174 animi
1262 2120 1447 2175 studio
1479 2122 1662 2189 erupit
1712 2122 1777 2175 ad
1806 2122 2050 2191 gentium
2088 2124 2301 2176 vanita-

2400 2116 2497 2166 τὸν
2533 2114 2885 2185 Ἑλληνισμὸν
2917 2115 3192 2188 ἐξερράγη
3209 2121 3326 2182 ταῖς
3357 2119 3715 2189 προθυμίαιςδ
3754 2119 4002 2190 Ἀπεκρί-

721 2224 852 2267 tem.
923 2211 1232 2283 Respondit
1281 2213 1465 2282 itaque
1517 2213 1737 2284 martyri
1782 2231 1795 2267 :
1854 2214 2124 2279 Quoniam
2179 2231 2297 2269 mea

2402 2223 2532 2257 vat-.0
2560 2208 2852 2275 τοιγαροῦν
2884 2210 3018 2276 πρὸς
3049 2211 3139 2261 τὸν
3172 2213 3451 2281 μάρτυρα,
3498 2211 3655 2263 Ἐπεὶ
3675 2213 3809 2273 τοὺς
3845 2215 4002 2282 ἐμοὺς

718 2307 883 2360 verba
914 2306 1331 2375 contempsisti,
1376 2322 1408 2361 ο
1455 2306 1780 2361 sceleratum
1814 2317 2001 2375 caput,
2032 2322 2198 2361 ausus
2240 2324 2298 2361 es

2402 2297 2698 2365 ἐφαύλισας
2733 2299 2946 2365 λόγους,
2968 2293 3013 2351 ὧ
3043 2303 3184 2369 κακὴ
3210 2302 3442 2371 κεφαλὴ,
3487 2303 3806 2372 ἐτόλμησας
3836 2304 3889 2356 δὲ
3916 2306 4000 2357 καὶ

722 2406 900 2451 autem
963 2397 1048 2451 vel
1099 2396 1280 2452 facere
1316 2397 1653 2467 periculum,
1706 2405 1766 2450 ut
1810 2408 2166 2451 converterer
2232 2404 2297 2450 ad

2401 2389 2629 2439 καθείνα
2689 2391 2905 2459 πεῖραν,
2937 2389 3077 2442 ὥστε
3110 2393 3244 2461 πρὸς
3279 2394 3337 2444 τὸ
3384 2396 3546 2446 αὐτόν
3582 2412 3666 2447 σοι
3719 2395 3817 2447 τοῦ
3875 2398 4003 2467 Χρι-

723 2486 996 2550 cumdem,
1036 2486 1101 2540 ad
1133 2502 1293 2555 quem
1334 2496 1413 2549 tu,
1460 2486 1662 2540 Christi
1717 2489 1955 2551 cultum,
1999 2503 2098 2556 ego
2160 2503 2299 2555 qun-

2406 2480 2734 2548 στιανισμοῦ
2804 2482 2965 2545 σέὸας
3032 2484 3381 2554 μεταϐαλεῖν,
3442 2486 4002 2558 ἀντιφιλοτιμήσομαὲ

722 2594 831 2648 que
871 2589 922 2632 te
960 2578 1141 2647 dignis
1177 2578 1340 2632 rebus
1392 2578 1628 2632 vicissim
1679 2580 2090 2633 remunerabor.
2133 2577 2299 2632 Jubet

2408 2586 2491 2621 σοι
2537 2570 2693 2638 κάγὼ
2739 2576 2848 2634 τοῖς
2884 2575 3057 2639 ἀξίοις
3111 2576 3350 2645 ῥήμασι.
3382 2577 3618 2629 Κελεύει
3650 2579 3843 2631 τοίνυν
3876 2582 4002 2632 dao-

722 2675 905 2743 itaque
953 2673 1079 2726 exui
1119 2682 1433 2742 martyrem,
1467 2682 1520 2724 et
1554 2671 1765 2726 subulis
1828 2671 2021 2726 ferreis
2059 2674 2299 2726 canden-

2400 2662 2744 2730 γυμνοῦσθαι
2778 2665 2867 2717 τὸν
2908 2668 3161 2737 μάρτυρα
3192 2669 3287 2720 καὶ
3322 2669 3579 2730 σούσλαις
3612 2672 3877 2740 σιδηραῖς
3911 2688 3996 2722 πε-

722 2767 866 2819 tibus
900 2768 1016 2836 ejus
1041 2765 1206 2818 latera
1248 2763 1467 2837 conligi,
1504 2773 1557 2816 et
1598 2765 1770 2817 acutis
1808 2764 2021 2817 tribulis
2073 2764 2295 2817 dorsum

2401 2760 2863 2823 πυρακτωμέναις
2896 2760 2995 2818 τὰς
3023 2754 3263 2827 πλευρὰς
3304 2759 3469 2810 αὑτοῦ
3530 2760 3996 2830 διαπερονᾶσθαι,

720 2858 839 2927 ejus
876 2859 1066 2928 pungi,
1114 2869 1166 2911 et
1210 2858 1505 2926 disrumpi,
1551 2856 1678 2909 dum
1745 2857 1982 2926 supinus
2035 2859 2294 2910 trahitur.

2402 2848 2494 2896 καὶ
2534 2846 2622 2898 τὸν
2654 2846 2823 2899 νῶτον
2852 2848 3014 2899 αὑτοῦ
3050 2849 3321 2918 τριϐόλοις
3355 2850 3499 2913 ὀξέσι
3558 2856 3998 2907 κατακεντᾶσθαι

721 2951 818 3004 His
857 2961 1036 3004 autem
1063 2952 1461 3020 quamprimum
1498 2950 1680 3013 illatis,
1723 2959 1839 3009 erat
1867 2950 1916 3003 ei
1944 2950 2157 3008 eadem,
2185 2948 2295 3000 sie-

2402 2938 2493 2988 καὶ
2523 2936 2956 3008 διαρρηγννσθαι
2978 2940 3278 3010 συρόμενον
3303 2941 3511 2996 ὕπτιον.
3542 2942 3769 2998 Τούτων
3787 2947 3843 2998 δὲ
3867 2949 3996 3014 πρὸς

724 3053 784 3097 ιιι
815 3045 985 3113 prius,
1050 3044 1378 3095 constantia.
1439 3041 1619 3093 Multis
1657 3043 1840 3109 itaque
1876 3041 2026 3094 horis
2058 3054 2114 3092 se
2152 3055 2297 3091 mar-

2400 3025 2565 3094 τάχος
2638 3027 3047 3097 ἐπενεχθέντων
3078 3029 3148 3101 τῷ
3193 3033 3454 3103 μάρτυρι,
3482 3036 3514 3103 ἡ
3546 3036 3694 3104 αὑτὴ
3731 3040 3997 3106 καρτερία

725 3146 837 3206 tyre
866 3135 1077 3188 fortiter
1101 3143 1323 3204 gerente
1360 3132 1414 3186 in
1445 3132 1757 3195 tormentis,
1805 3131 2091 3195 et,nullain
2137 3130 2300 3184 emit-

2399 3113 2676 3192 ἦνάὺτῷ,
2708 3123 2961 3191 καθάπερ
2991 3124 3056 3194 δὴ
3086 3129 3180 3176 καὶ
3206 3126 3266 3177 τὸ
3298 3127 3583 3194 πρότερον.
3628 3128 3762 3180 Ἐπὶ
3781 3130 3999 3193 πολλαῖς

723 3239 872 3283 tente
910 3244 1095 3282 vocem
1146 3238 1238 3280 aut
1265 3228 1551 3296 gemitum,
1590 3234 1829 3279 'mcestus
1865 3224 1956 3279 ille
1986 3233 2040 3279 et
2073 3224 2247 3278 tristis
2280 3266 2292 3288 ,
2324 3264 2359 3326 ς

2362 3265 2366 3287 Ι
2401 3215 2494 3268 οὖν
2527 3221 2643 3279 ταῖς
2672 3218 2843 3289 ὥραις
2896 3222 3017 3281 ταῖς
3049 3220 3309 3288 βασάνοις
3336 3222 3561 3285 ταύταις
3594 3226 3998 3295 ἐγκαρτεροῦν-

2362 3304 2368 3324 Ι
2408 3324 2429 3326 _
2590 3308 2613 3319 ⁸⁵
2702 3312 2712 3325 ρ
3064 3312 3075 3326 ι
3209 3312 3248 3326 nl
3348 3314 3359 3326 ι
3607 3318 3617 3326 ι
3710 3318 3730 3326 ..

724 3323 979 3382 tanquam
1034 3315 1246 3377 victus,
1308 3312 1550 3366 surrexit
1606 3328 1636 3366 e
1696 3313 1991 3376 tribunali,
2050 3322 2103 3366 et
2140 3308 2360 3380 jubet“

2361 3308 2368 3324 '
2403 3324 2493 3370 τος
2522 3308 2616 3360 τοῦ
2646 3312 2945 3379 μάρτυρος,
2989 3312 3083 3364 καὶ
3123 3312 3259 3384 μηδὲ
3299 3314 3429 3383 μίαν
3479 3318 3667 3386 φωνὴν
3703 3318 3735 3389 ἢ
3775 3335 3997 3387 στεναγ-

724 3416 1021 3476 martyrem
1081 3420 1268 3457 rursus
1314 3402 1511 3459 abduci
1566 3405 1619 3456 in
1676 3418 1979 3463 carcerem,
2024 3411 2077 3454 et
2120 3415 2297 3470 neque

2407 3399 2508 3468 μον
2569 3400 2846 3471 ἀφιέντος,
2905 3409 3155 3474 κατηφὴς
3239 3408 3443 3470 ἐκεῖνος
3510 3410 3607 3461 καὶ
3670 3413 4000 3482 σκυθρωπὸς

725 3514 918 3568 panem
976 3513 1148 3566 neque
1173 3512 1367 3565 aquam
1416 3495 1464 3548 ei
1499 3495 1724 3563 praeberi
1750 3535 1764 3557 ,
1824 3509 1926 3549 nec
1965 3508 2300 3565 quaecunque

2402 3490 2590 3563 ὥσπερ
2612 3496 2945 3565 ἡττώμενος,
2969 3498 3229 3569 ἐξανέστη
3257 3498 3349 3552 τοῦ
3376 3500 3643 3570 βήματος,
3670 3503 3769 3555 καὶ
3789 3504 3996 3559 κελεύει

725 3590 791 3645 ad
829 3588 1030 3642 vietum
1061 3595 1284 3640 sumunt
1316 3586 1586 3641 homines.
1632 3583 1753 3654 Ipse
1798 3598 1978 3640 autem
2015 3588 2296 3656 profecms

2401 3586 2492 3637 τὸν
2521 3590 2776 3653 μάρτυρα
2798 3588 2961 3639 πάλιν
2994 3590 3088 3641 ἐπὶ
3122 3590 3218 3657 τὴν
3262 3592 3484 3661 εἱρκτὴν
3521 3596 3874 3663 ἀπαχθῆναι,
3908 3596 3997 3647 καὶ

723 3679 898 3735 estad
934 3677 1233 3748 liaphncm,
1270 3678 1359 3748 qui
1390 3685 1473 3732 est
1502 3675 1808 3730 Antiochiae
1886 3677 2039 3729 locus
2095 3678 2298 3744 jucun-

2406 3678 2539 3743 μήτε
2580 3676 2757 3746 ίᾶρτον
2810 3680 2949 3749 μήτε
3021 3677 3166 3750 ὕδωρ
3200 3681 3347 3749 αὐτῷ
3392 3688 3839 3754 παρασχεθῆναι,
3873 3686 3997 3755 μηδ’

723 3771 998 3824 dissimus.
2402 3765 2500 3817 ὅσα
2532 3769 2664 3835 πρὸς
2704 3768 2764 3820 τὸ
2796 3768 2899 3838 ζῇν
2935 3770 3449 3841 μεταλαμόάνονσιν
3475 3774 3785 3844 ἄνθρωποι.
3825 3781 3995 3838 Αὐτὸς

2401 3856 2457 3909 ιι
2496 3860 2590 3910 ἐπὶ
2652 3859 2753 3930 τὴν
2794 3863 3013 3933 Δάφνην
3046 3863 3337 3936 ἐξώρμησε
3371 3866 3470 3936 τῆς
3540 3868 3886 3940 Ἀντιοχείας
3939 3874 3995 3923 το

2399 3950 2779 4019 χαριέστατον.

792 4047 1008 4102 XXXII.
1085 4046 1239 4100 Circa
1266 4045 1503 4099 mediam
1559 4056 1741 4100 autem
1788 4054 2002 4101 noctem
2071 4060 2297 4119 apparet

2473 4042 2595 4093 AB'.
2626 4044 2762 4114 Περὶ
2788 4046 2844 4097 δὲ
2883 4047 3055 4114 μέσας
3115 4048 3315 4115 νύκτας
3346 4053 3438 4104 ἐπὶ
3482 4054 3582 4122 τῆς
3614 4055 3875 4127 φυλακῆς
3902 4060 3990 4110 εὐ-

723 4140 977 4194 Cbristus
1021 4138 1242 4209 martyri
1288 4137 1463 4190 oranti
1524 4136 1576 4188 in
1628 4138 1909 4200 custodia,
1943 4139 2187 4191 animum
2245 4141 2293 4193 ei

2403 4135 2617 4201 χομένῳ
2651 4138 2728 4202 τῷ
2763 4136 3031 4205 μάρτυρι,
3065 4140 3092 4189 6
3120 4142 3353 4210 Χριστὸς
3384 4144 3758 4209 ἐπιφαίνεται,
3787 4148 3992 4217 θάρσος

722 4234 951 4295 addens,
997 4239 1051 4284 et
1085 4245 1142 4282 se
1174 4244 1296 4280 cum
1336 4242 1402 4281 eo
1446 4227 1671 4281 omnino
1706 4226 1947 4281 futurum
2005 4230 2291 4298 pollicens,

2402 4238 2459 4273 τε
2494 4224 2726 4287 ἐντιθεὶς
2760 4226 2853 4278 καὶ
2891 4231 3132 4282 συνεῖναι
3163 4232 3313 4298 αὐτῷ
3345 4233 3599 4300 καθάπαξ
3645 4238 3992 4305 ἐπαγγέλλοι

724 4324 1036 4378 etdicens;
1084 4320 1367 4386 Quomodo
1407 4319 1522 4389 ipse
1567 4335 1651 4373 me
1688 4319 1972 4375 confessus
1998 4324 2143 4376 luisti
2195 4340 2295 4377 co-

2405 4333 2584 4385 μενος,
2612 4317 2822 4389 Ὥσπερ
2847 4320 3033 4387 αὐτὸς,
3054 4320 3248 4390 λέγων,
3273 4323 3631 4396 ὡμολόγησας
3664 4347 3733 4395 με
3753 4332 3991 4385 ἐνώπιον

724 4430 838 4470 ram
870 4414 1182 4469 hominibus
1211 4429 1374 4482 super
1407 4423 1624 4476 terram,
1670 4427 1770 4481 ego
1797 4428 2013 4481 quoque
2045 4424 2094 4467 te
2125 4416 2295 4467 eonﬁ-

2398 4408 2505 4459 τῶν
2536 4410 2840 4481 ἀνθρώπων
2875 4416 2967 4464 ἐπὶ
3017 4416 3117 4484 τῆς
3162 4418 3288 4486 γῆς,
3346 4420 3668 4489 ὁμολογήσω
3730 4425 3894 4491 κάγὼ
3930 4427 3987 4477 σὲ

725 4510 879 4560 tcbor
926 4520 1107 4558 coram
1154 4504 1311 4556 Patre
1360 4518 1521 4564 meo,
1562 4503 1652 4571 qui
1701 4512 1783 4555 est
1840 4504 1893 4555 in
1950 4504 2122 4559 cwlis.
2175 4502 2295 4560 Haec

2403 4500 2637 4552 ἐνώπιον
2672 4503 2765 4552 τοῦ
2788 4502 3000 4570 Πατρός
3028 4523 3129 4573 μου
3154 4509 3246 4559 τοῦ
3282 4511 3339 4559 ἐν
3365 4515 3475 4573 τοῖς
3495 4517 3769 4580 οὐρανοῖς.
3797 4519 3988 4569 Ταῦτα

723 4614 846 4653 eum
893 4607 1097 4667 martyr
1139 4595 1404 4649 audiissct
1441 4609 1472 4646 a
1507 4591 1753 4655 Domino,
1800 4594 2044 4660 conlidit,
2083 4606 2139 4648 et
2177 4604 2287 4650 tota
2326 4599 2359 4654 D

2351 4605 2364 4651 ι
2395 4590 2421 4641 ὁ
2454 4592 2662 4659 μάρτυς
2694 4592 2931 4655 ἀκούσας
2967 4599 3115 4665 παρὰ
3138 4599 3363 4668 Κυρίου,
3393 4601 3689 4673 ἐθάρσησε,
3723 4611 3821 4659 καὶ
3857 4612 3987 4681 παρ’

664 4692 675 4713 ³
722 4700 881 4746 nocte
927 4690 1095 4743 Deum
1138 4688 1493 4759 glorificavit,
1532 4694 1585 4739 et
1614 4688 1661 4739 ei
1691 4686 1798 4755 egit
1838 4687 2057 4756 gratias.
2098 4687 2141 4738 A
2174 4689 2286 4756 pla-

2398 4681 2525 4751 ὅλην
2568 4681 2733 4734 νύκτα
2766 4684 3061 4754 δοξο).ογῶν
3090 4686 3177 4760 ἦν,
3208 4692 3301 4743 καὶ
3333 4693 3560 4763 χάριτας
3597 4695 3887 4766 ὁμολογῶν
3913 4705 3987 4770 τῷ

720 4782 806 4850 gis
839 4781 982 4832 enim
1010 4778 1123 4830 suis
1151 4790 1205 4829 et
1238 4777 1558 4829 vulneribus
1584 4784 1808 4841 repente
1844 4776 1943 4829 fuit
1976 4778 2252 4830 relaxatus
2275 4817 2289 4841 ,

2396 4773 2533 4842 Θεῷ.
2577 4774 2785 4844 ’Λνείθη
2823 4778 2932 4846 γὰρ
2963 4782 3026 4832 ὲκ
3053 4781 3161 4831 τῶν
3195 4784 3419 4851 πληγῶν
3450 4790 3545 4837 καὶ
3594 4804 3705 4839 των
3737 4805 3989 4860 τραυμαο

719 4874 854 4927 adeo
890 4879 948 4925 ut
986 4887 1053 4924 ne
1099 4868 1288 4924 vibicis
1325 4868 1541 4937 quidem
1590 4868 1870 4936 vestigium
1904 4880 2194 4939 appareret
2238 4870 2290 4922 in

2393 4882 2500 4917 των
2523 4867 2688 4917 αὑτοῦ
2746 4871 3102 4939 παραχρῆμα,
3158 4872 3297 4927 ὥστε
3332 4877 3463 4944 μηδὲ
3512 4878 3784 4945 μώλωπος
3841 4884 3986 4951 [χνος

720 4972 911 5016 sancto
941 4962 1059 5029 ejus
1091 4974 1340 5029 corpore.
1393 4957 1579 5027 Spatio
1611 4968 1790 5012 autem
1824 4961 2135 5029 quindecim
2171 4962 2290 5014 die-

2394 4960 2450 5010 ὲν
2480 4958 2554 5025 τῷ
2612 4958 2937 5029 ἁγίῳαιῖηοῦ
2994 4964 3395 5018 ἐντετυπῶσθαι
3432 4965 3665 5037 σώματι.
3722 4972 3986 5045 Ἥμερὼν

719 5068 842 5107 rum
898 5052 1100 5106 mansit
1146 5052 1371 5105 omnino
1406 5053 1630 5118 jejunus
1677 5051 1731 5104 in
1761 5066 2001 5115 carcere,
2051 5055 2290 5107 nutritus

2392 5048 2446 5098 δὲ
2514 5049 2907 5101 πεντεκαίδεκα
2966 5051 3384 5121 διαγενομένων,
3433 5055 3620 5118 ἄσιτος
3676 5059 3870 5125 ἔμεινε
3928 5065 3986 5110 τὸ

721 5159 860 5214 pane
891 5144 1228 5213 angelorum,
1280 5156 1378 5195 seu
1432 5140 1602 5210 gratia
1653 5140 1784 5195 boni
1812 5142 2067 5212 Spiritus.
2118 5142 2289 5196 Julia-

2395 5141 2660 5209 παράπαν
2693 5143 2747 5191 ὲν
2783 5142 2838 5208 τῇ
2874 5142 3087 5212 εἱρκτῇ,
3123 5146 3365 5212 ἀγγέλων
3398 5148 3568 5216 ἄρτῳ,
3607 5149 3707 5200 εἶτ’
3750 5146 3851 5203 οὖν
3882 5159 3983 5222 χά,

719 5251 823 5290 nus
870 5250 997 5287 vero
1034 5249 1177 5294 cum,
1212 5233 1351 5285 sicut
1395 5232 1652 5297 diximus,
1710 5234 1949 5287 venisset
1978 5235 2290 5304 Daphnem,

2396 5247 2507 5299 ριτι
2536 5229 2626 5279 τοῦ
2659 5231 2862 5298 αγαιθοῦ
2895 5236 3231 5303 τρεφόμενος
3268 5236 3607 5303 Πνεύματος.
3652 5238 3711 5291 ’0
3743 5241 3803 5292 δὲ
3848 5243 3985 5295 Ἰου-

721 5327 987 5383 sacrificia
1035 5326 1256 5395 parabat
1308 5326 1570 5393 Apollini,
1617 5340 1843 5394 sperans
1880 5327 1996 5379 fore
2032 5337 2087 5383 ut
2119 5328 2185 5381 ab
2226 5342 2291 5381 eo

2395 5323 2594 5385 λιανὸς,
2629 5326 2718 5375 ἐπὶ
2758 5325 2856 5394 τὴν
2887 5327 3102 5393 Δάφνην
3148 5328 3461 5398 γενόμενος,
3495 5328 3688 5401 ὥσπερ
3744 5334 3984 5403 ἔφημεν,

719 5422 831 5474 cito
884 5418 1157 5486 aeciperet
1202 5429 1481 5485 reSponsa.
1521 5415 1743 5485 Daphne
1790 5428 1873 5471 est
1911 5418 2287 5471 suburbanum

2395 5415 2580 5475 θυσία,
2612 5410 2678 5486 ἦν
2720 5415 3136 5486 ὲτοιμαξόμενος
3160 5418 3238 5489 τῷ
3277 5420 3592 5485 Ἀπόλλωνι,
3616 5421 3850 5487 εὔελπις
3885 5426 3985 5485 ὢν.

717 5509 1037 5570 Antiochiae,
1092 5509 1253 5561 situm
1307 5508 1360 5559 in
1421 5508 1538 5575 ejus
1586 5508 1715 5562 locis
1763 5508 2069 5573 altioribus,
2103 5520 2157 5564 et
2212 5520 2291 5564 te-

2395 5510 2485 5559 καὶ
2514 5507 2636 5570 τοὺς
2662 5509 2751 5560 ὑπ’
2782 5509 2946 5560 αὑτοῦ
2975 5514 3253 5580 χρησμοὺς
3279 5512 3412 5580 ταχὺ
3449 5512 3734 5575 δέξασθαι.
3781 5518 3850 5569 Ἠ
3880 5523 3986 5571 Ai-

716 5613 865 5657 crum
910 5615 1070 5653 omne
1118 5613 1288 5669 genus
1320 5599 1646 5651 arboribus:
1687 5615 1794 5669 quo
1824 5600 1877 5654 in
1914 5601 2034 5655 loco
2073 5612 2125 5655 et
2157 5602 2289 5656 alia-

2393 5615 2499 5668 φνη
2538 5599 2593 5649 δὲ
2646 5600 2969 5670 προαστειόν
3004 5604 3118 5654 ἐστι
3157 5602 3258 5671 τῆς
3325 5604 3682 5674 Ἀντιοχείας,
3735 5608 3836 5660 ἐπὶ
3875 5614 3985 5665 τών

716 5706 840 5746 rum
873 5693 1129 5743 arborum
1159 5699 1213 5743 et
1248 5692 1547 5760 praesertim
1591 5705 2014 5759 cupressorum,
2049 5695 2282 5747 maxima

2394 5689 2742 5761 ὑψηλοτέρων
2784 5691 2953 5761 αὐτῆς
3001 5694 3213 5761 χωρίων
3270 5695 3540 5764 κείμενον,
3588 5697 3785 5751 ἄλσεσι
3845 5719 3984 5753 παν-

715 5783 819 5835 ιύἱι
877 5782 1111 5851 plantata
1156 5782 1463 5847 multitudo,
1518 5783 1949 5852 pulchritudine.
1995 5784 2283 5842 altitudine

2391 5784 2556 5847 τοιοις
2594 5785 2896 5855 συνηρεφὲς
2923 5802 2937 5817 ο
2976 5788 3103 5839 ἔνθα
3142 5786 3247 5839 τῶν
3275 5806 3333 5841 τε
3366 5789 3543 5843 ἄλλων
3593 5796 3825 5846 πάντων
3852 5796 3984 5847 iii-a-

714 5883 773 5927 et
806 5873 1175 5944 magnitudine
1239 5890 1578 5944 nequaquam
1643 5877 1944 5933 imitabilis.
1997 5878 2284 5936 Labuntur

2395 5875 2559 5948 δρων,
2582 5879 2677 5934 καὶ
2705 5878 2770 5949 δὴ
2804 5880 2897 5933 καὶ
2928 5882 3275 5953 κυπαρίττων
3326 5882 3509 5952 ἔξοχόν
3545 5901 3597 5938 τι
3630 5886 3985 5958 περύτενται
