4142 6490
195 452 325 514 1197

1324 461 1784 527 MARTYRIUM
1832 469 1891 526 S.
1943 471 2198 532 ARTEM
2215 474 2291 533 II.

3288 494 3426 558 1198

182 564 374 634 χρῆμα
417 567 550 636 πρός
581 584 641 620 τε
675 568 868 633 κάλλος
913 574 1003 625 καὶ
1053 573 1211 642 ὕψος,
1264 574 1362 627 καὶ
1417 575 1649 643 μέγεθος
1700 593 1723 627 ο

1826 614 1832 636 .
1866 594 1992 633 vero
2049 583 2103 635 in
2144 598 2362 638 omnem
2398 598 2602 655 partem
2638 592 2840 647 ﬂuenta
2876 611 3137 665 aquarum
3169 608 3428 669 poculen-

186 659 444 725 μιμητόν.
479 658 718 727 Νάματά
749 677 804 713 τε
840 664 946 732 γὰρ
995 665 1243 734 πανταχῆ
1274 664 1476 717 διαθέει
1512 665 1756 733 ποτίμων

184 747 415 813 ὑδάτων,
449 751 725 817 μεγίστων
751 752 938 804 αὐτόθι
968 754 1160 824 πηγῶν
1194 756 1599 823 ἀναδιδομένων
1623 774 1639 790 ο
1664 758 1755 823 ἀφ’

181 835 257 893 ὧν
301 842 393 893 καὶ
433 844 464 912 ή
503 844 655 905 πόλις
689 847 745 896 ἐν
776 846 985 912 ὀλίγαις
1046 848 1109 918 δὴ
1172 849 1378 902 πόλεων
1426 852 1754 919 εὐυδροτατη

180 930 469 1000 τυγχάνειν
504 933 672 997 δοκεῖ,
700 934 791 985 καὶ
826 938 931 1004 μὴν
982 938 1293 1004 οἰκοδομαῖς
1328 937 1607 1007 λαμπραῖς
1659 950 1754 992 κα-

178 1022 458 1076 ταλύσεων
488 1026 581 1076 καὶ
611 1022 873 1093 λουτρῶν,
919 1029 1010 1079 καὶ
1039 1028 1146 1080 τῶν
1172 1029 1347 1081 ἄλλων
1376 1032 1751 1096 κατασκευῶν,

178 1113 257 1173 εἷς
289 1129 345 1163 τε
375 1114 561 1183 χρείαν
587 1116 678 1167 καὶ
736 1118 937 1185 κόσμον
972 1118 1031 1171 εὖ
1086 1120 1227 1187 μάλα
1275 1120 1576 1181 πολυτελῶς
1627 1122 1750 1188 ἑξή-

180 1216 378 1269 σκηται
410 1204 470 1254 τὸ
501 1204 720 1274 χωρίον.
756 1206 1015 1260 Ἐνταῦθα
1046 1210 1133 1261 καὶ
1162 1210 1333 1265 ἄλλων
1360 1213 1455 1278 μὲν
1478 1211 1749 1278 δαιμόνων

175 1291 291 1341 ναοί
327 1308 381 1342 τε
414 1294 507 1343 καὶ
536 1295 821 1363 ἀγάλματα
852 1294 937 1366 ἦν,
986 1299 1359 1369 διαφερόντως
1404 1319 1464 1368 γε
1522 1304 1625 1373 μὴν
1684 1304 1746 1355 τὸ

170 1381 266 1432 τοῦ
323 1383 653 1447 ’Λπόλλωνος
705 1387 944 1458 ἀρχῆθεν
1006 1391 1218 1461 ὑπῆρχε
1274 1392 1737 1464 θεραπευόμενον.

170 1468 370 1525 Αὖτόθι
409 1476 518 1546 γὰρ
560 1479 738 1529 καὶτὸ
777 1482 903 1551 περὶ
932 1480 1029 1551 τὴν
1064 1486 1282 1553 Δάφνην
1331 1487 1428 1554 τὴν
1476 1486 1744 1557 παρθένον

169 1565 446 1634 συμδῆναι
486 1568 655 1632 πάθος
697 1574 723 1623 6
760 1571 1069 1641 Ἑλληνικὸς
1120 1576 1320 1631 ἔπλασε
1361 1575 1635 1648 μῦθος·ἦς
1680 1580 1742 1653 δὴ

164 1656 261 1705 καὶ
298 1655 532 1721 μάλιστα
564 1660 747 1727 φέρειν
781 1660 929 1713 δοκεῖ
975 1663 1073 1730 τὴν
1109 1664 1431 1732 ἐπωνυμίαν
1467 1668 1493 1718 6
1551 1670 1739 1731 τόπος.

236 1744 360 1798 AI".
389 1748 459 1798 Ἰδ
496 1749 552 1800 δὲ
606 1749 830 1818 ἄγαλμα
879 1751 972 1802 τοῦ
1021 1753 1379 1818 Ἀπόλλωνος,
1412 1758 1614 1810 τοιόνδε
1686 1775 1738 1813 τι

161 1838 265 1907 ’τὴν
295 1839 635 1910 κατασκευὴν
668 1836 735 1910 ἦν
768 1858 780 1870 ·
811 1844 869 1908 ἐξ
902 1844 1147 1912 ἀμπέλου
1197 1846 1295 1914 μὲν
1347 1849 1491 1919 αὐτῷ
1544 1867 1740 1903 συνεπ-

1864 681 2077 734 tarum,
2143 679 2569 735 scaturientibus
2644 685 2769 739 inde
2831 690 3078 744 maximis
3138 693 3425 763 fontibus:

1861 779 1974 832 quo
2035 767 2131 828 ﬁt,
2187 779 2245 823 ut
2302 774 2493 827 civitas
2548 776 2690 829 inter
2730 788 2956 833 cartcras
3009 801 3145 852 aqua
3188 789 3434 845 abundet

1857 860 2114 916 maxime.
2154 861 2433 919 Praeclaris
2480 884 2696 938 quoque
2758 878 3223 935 exstrue-tionibus
3272 885 3426 938 habi—

1859 951 2183 1019 taculorum,
2219 967 2271 1009 et
2306 956 2669 1023 lavacrorum,
2698 974 2752 1015 et
2797 964 3032 1020 aliorum
3068 971 3420 1028 tediliciorum

1856 1040 2007 1095 locus
2042 1055 2127 1098 est
2162 1047 2444 1116 magniﬁce
2502 1052 2806 1109 instructus
2862 1067 2917 1111 et
2951 1072 3194 1115 ornatus.
3238 1064 3333 1119 Hic
3372 1077 3426 1120 et

1852 1131 2083 1187 aliorqu
2108 1138 2326 1203 quidem
2359 1141 2665 1197 daemonum
2715 1150 2913 1215 templa
2965 1163 3202 1207 erantet
3234 1156 3424 1224 imagi-

1851 1238 1986 1287 nes,
2034 1229 2306 1296 praecipue
2366 1242 2544 1287 autem
2594 1239 2854 1306 templum
2888 1242 3151 1310 Apollinis
3202 1248 3424 1301 eoleba-

1851 1323 1940 1392 tur
1968 1317 2035 1371 ab
2066 1318 2244 1373 initio.
2275 1321 2370 1377 Hic
2396 1326 2540 1378 enim
2577 1327 2625 1380 id
2647 1366 2660 1389 ,
2697 1332 2837 1398 quod
2868 1332 2935 1385 de
2963 1330 3186 1402 Daphne
3217 1338 3420 1407 virgine

1850 1420 2125 1471 narratur,
2160 1412 2424 1467 accidisse
2455 1414 2653 1471 Greca:
2690 1419 2965 1477 tinxerunt
3001 1425 3226 1481 fabula:
3262 1433 3419 1501 cujus

1845 1497 2010 1552 etiam
2046 1516 2349 1572 cognomen
2388 1508 2617 1563 maxime
2652 1512 2864 1566 videtur
2894 1514 3034 1570 ferre
3064 1518 3238 1574 Iocus.

1919 1764 2154 1820 XXXIII.
2176 1766 2354 1837 Imago
2374 1776 2551 1824 autem
2572 1770 2835 1841 Apollinis
2853 1790 2968 1832 erat
2987 1778 3087 1835 hoc
3110 1787 3269 1839 modo
3283 1802 3417 1842 con-

1843 1866 2046 1911 structa
2078 1876 2090 1912 :
2137 1860 2197 1914 Ei
2225 1876 2289 1915 ex
2309 1861 2415 1915 vite
2445 1874 2560 1917 erat
2596 1880 2791 1933 corpus
2809 1874 3190 1940 compositum,
3244 1881 3416 1933 admia

159 1930 357 1997 επήγει
384 1931 443 1982 τὸ
476 1932 653 1999 σῶμα,
698 1934 992 2004 θαυμασία,
1037 1940 1145 1991 τινὶ
1181 1938 1366 2010 τέχνῃ,
1413 1943 1549 2011 πρὸς
1609 1948 1723 2013 μιᾶς

1847 1949 2000 2001 rabili
2036 1953 2264 2018 quadam
2308 1964 2423 2006 arte
2465 1954 2536 2006 ita
2572 1970 2935 2025 compactum.
2962 1972 3145 2032 utprze
3164 1982 3221 2021 se
3249 1970 3415 2027 ferret

160 2020 441 2085 συμφυΐας
490 2021 633 2074 ίδέαν
664 2027 1056 2095 συναρμοσθὲν,
1101 2030 1289 2099 χρυσῷ
1315 2032 1369 2082 δὲ
1402 2033 1509 2094 πᾶς
1537 2034 1564 2084 6
1595 2052 1746 2104 περι-

156 2111 411 2173 κείμενος
456 2114 654 2175 πέπλος
677 2118 1130 2185 ἀμφιεννύμενος,
1170 2124 1280 2183 τοῖς
1311 2139 1743 2192 παραγεγυμνω-

158 2204 343 2268 μένοις
387 2207 480 2257 καὶ
509 2204 761 2276 ἁχρύσοίς
811 2210 901 2262 τοῦ
939 2210 1187 2278 σώματος
1244 2214 1322 2275 είς
1380 2214 1655 2283 ἄφραστόν
1689 2234 1739 2273 τι

158 2298 514 2364 συνεφαίνετο
576 2302 791 2362 κάλλος.
837 2302 1139 2357 Ἐστῶτιδὲ
1188 2306 1326 2375 μετὰ
1373 2308 1557 2377 χεῖρας
1604 2295 1734 2378 ἦνὴ

138 2387 384 2454 οκιθάρα,
413 2390 855 2456 μουσηγετοῦντά
882 2411 998 2444 τινα
1024 2396 1436 2466 ἑκμιμουμένῳ,
1472 2400 1530 2449 αῖ
1556 2417 1613 2451 τε
1647 2401 1739 2454 κὰ-

157 2495 258 2545 μαι
288 2481 383 2531 καὶ
423 2481 517 2547 τῆς
553 2484 765 2552 Δάφνης
791 2487 817 2535 6
854 2485 1137 2553 στέφανος,
1162 2488 1250 2538 τὸν
1278 2491 1477 2556 χρυσόν
1532 2494 1736 2559 ἀναμὶξ

153 2572 447 2641 ἐπήνθουν,
479 2575 554 2634 ὼς
584 2574 778 2643 ἔμελλε
812 2576 969 2645 χάρις
1002 2576 1398 2647 ἐξαστράπτειν
1426 2570 1592 2651 πολλὴ
1624 2587 1734 2645 τοῖς

153 2664 483 2732 Θεωμένοις.
542 2665 821 2720 Ὑάκινθοί
851 2685 907 2729 τε
928 2670 1072 2738 αὐτῷ
1099 2669 1191 2722 δύο
1215 2670 1351 2724 λίθοι
1378 2673 1603 2741 μεγάλοι
1644 2677 1731 2727 τὸν

148 2755 261 2804 τῶν
304 2755 600 2824 ὀφθαλμῶν
625 2760 955 2829 ἐξεπλήρουν
988 2761 1153 2813 τύπον
1212 2764 1352 2814 κατὰ
1387 2765 1607 2835 μνήμην
1635 2764 1728 2818 τοῦ

160 2846 505 2912 Ἀμυκλαίου
538 2850 723 2909 παιδὸς
767 2849 1077 2904 Ὑακίνθου.
1104 2855 1208 2905 Καὶ
1235 2855 1321 2905 ἀεὶ
1350 2856 1407 2907 τὸ
1436 2858 1540 2908 τῶν
1570 2859 1729 2914 λίθων

146 2937 351 2998 κάλλος
409 2940 503 2991 καὶ
554 2942 782 3008 μέγεθος
837 2941 930 2991 τὸν
986 2944 1242 3010 μέγιστον
1282 2950 1595 3015 προσετέλει
1651 2952 1727 3021 τῷ

148 3028 435 3096 ἀγάλματι
468 3031 693 3100 κόσμον,
718 3032 784 3083 ἵν’
813 3032 894 3084 ὅτι
942 3032 1214 3096 πλείστοις
1258 3036 1566 3089 ἀπατᾶσθαι
1598 3041 1725 3108 περὶ

142 3120 315 3172 αὑτοῦ
348 3124 624 3193 συμὸαίνῃ
652 3125 727 3192 τῷ
769 3124 1088 3194 περικαλλεῖ
1133 3126 1232 3194 τῆς
1283 3129 1721 3200 προφαινομένης

1846 2043 2081 2110 speciem
2154 2046 2313 2097 unius
2343 2046 2740 2102 coalescentim.
2790 2052 2939 2105 Auro
3011 2065 3189 2111 autem
3243 2060 3409 2118 lllitus

1846 2141 2012 2193 totus,
2048 2135 2137 2200 qui
2170 2135 2497 2189 induebatur
2519 2141 2771 2201 amictus,
2812 2144 3051 2209 nudatis,
3084 2156 3137 2201 et
3167 2166 3275 2203 non
3311 2170 3408 2206 au-

1841 2222 1974 2275 ratis
2016 2226 2260 2291 corporis
2290 2227 2551 2294 partibus,
2582 2232 2907 2286 ostendebat
2936 2239 3246 2307 quamdam,
3286 2262 3407 2314 qua:

1838 2300 1943 2367 dici
1998 2330 2103 2368 non
2154 2328 2354 2384 potest,
2398 2320 2885 2388 pulchritudinem.
2922 2300 3096 2384 S‘tauti
3133 2347 3260 2389 vero
3290 2300 3410 2392 erat

1786 2472 1789 2475 _
1840 2406 1893 2458 in
1950 2408 2202 2463 manibus
2264 2411 2499 2472 cithara.
2574 2425 2625 2466 et
2664 2430 2783 2467 eam
2840 2418 3126 2476 videbatur
3167 2428 3403 2495 pulsare.

1836 2498 2017 2550 Comae
2051 2512 2233 2555 autem
2269 2513 2319 2556 et
2374 2504 2510 2557 lauri
2549 2521 2747 2560 corona
2799 2528 2929 2567 auro
2979 2513 3246 2572 ﬂorebant
3276 2537 3401 2588 per-

1835 2589 2019 2649 misto,
2088 2602 2144 2643 ut
2194 2609 2381 2661 magna
2418 2595 2702 2665 eﬂulgerct
2742 2606 2912 2669 gratia
2980 2612 3397 2675 spectatoribus.

1833 2676 2258 2751 Duoque‘magni
2288 2684 2565 2754 hyacinthi
2591 2688 2884 2757 implebant
2918 2697 2966 2748 ei
3000 2697 3221 2766 figuram
3265 2719 3399 2757 ocu-

1832 2768 2030 2835 lorum,
2094 2774 2146 2826 in
2208 2778 2524 2832 memoriam
2573 2779 2859 2850 Hyacinthi
2919 2790 3072 2855 pueri
3114 2791 3392 2863 Amyclari.

1834 2863 1896 2916 Et
1928 2880 2262 2930 gemmarum
2296 2869 2643 2936 pulchritudo
2695 2884 2749 2929 et
2800 2881 3112 2948 magnitudo
3178 2884 3397 2956 imagini

1832 2954 2123 3007 maximum
2168 2957 2423 3012 aﬂ'erebat
2465 2972 2738 3023 ornatum,
2775 2966 2910 3019 adeo
2942 2978 2998 3021 ut
3036 2985 3195 3038 quam
3222 2954 3394 3040 pluri.

1829 3044 1934 3096 mis
1965 3046 2016 3096 in
2046 3060 2110 3097 eo
2146 3048 2319 3116 decipi
2351 3050 2708 3119 contingeret.
2745 3063 2802 3105 ut
2833 3058 2921 3123 qui
2965 3070 3188 3129 prapter
3225 3079 3392 3134 appa-

1828 3135 2001 3187 rentis
2068 3136 2257 3190 forma:
2326 3141 2825 3207 pulchritudinem,
2880 3148 3255 3206 inescarentur
3327 3158 3389 3211 ad

147 3215 392 3282 μορφῆς,
446 3217 522 3276 είς
564 3218 621 3266 τὸ
673 3220 1029 3284 προσκυνεῖν’
1058 3220 1207 3287 αὑτῴ
1255 3219 1665 3288 δελεαζομένοις
1700 3237 1712 3249 ·

1826 3240 1952 3279 eum
1995 3227 2354 3283 adorandum.
2409 3231 2561 3294 Quod
2615 3236 2829 3301 quidem
2864 3239 2965 3307 ipsi
3008 3257 3237 3311 quoque»
3294 3246 3394 3302 Ju-

142 3308 283 3375 ὅπερ
311 3304 404 3359 οὖν
437 3308 529 3357 καί
562 3308 720 3370 αὐτὸς
762 3308 1043 3370 Ἰουλιανὸς
1068 3310 1348 3371 πεπονθὼς
1374 3310 1459 3379 ἦν.
1489 3314 1715 3366 Πλείονα

140 3397 274 3461 γοῦν
312 3398 341 3466 ἢ
378 3398 626 3465 σύμπασι
658 3402 768 3460 τοῖς
805 3400 982 3462 ἄλλοις
1018 3401 1291 3467 ἀγάλμασι
1336 3402 1579 3469 προσῆγε
1619 3406 1716 3472 τὴν

141 3489 469 3558 Θεραπείαν,
514 3491 796 3559 χιλιόμὸας
830 3492 955 3556 ὅλας
1004 3493 1063 3559 ἐξ
1093 3495 1325 3549 ἑκάστου
1352 3495 1538 3561 γένους
1566 3496 1710 3566 αὐτῷ

144 3581 433 3649 θυόμενος,
465 3586 555 3633 καὶ
606 3584 1023 3650 ἀντιλαμεὰνων
1056 3588 1386 3655 χρηστήρια.

212 3681 333 3729 AA'.
384 3676 538 3725 Ἐπεὶ
665 3675 814 3743 αὐτῷ
862 3676 1039 3728 πάντα
1069 3680 1135 3728 τὰ
1176 3679 1467 3747 ἀγάλματα
1523 3680 1714 3749 βαθεῖα

140 3769 324 3836 σιωπὴ
360 3765 630 3834 κατεῖχεν,
679 3768 931 3832 ἐνταῦθα,
970 3768 1195 3842 νομίσας
1227 3773 1291 3823 τὰ
1318 3772 1425 3826 ἀπὸ
1458 3773 1554 3839 τῆς
1587 3790 1715 3841 γοη-

140 3863 291 3922 τείας
365 3860 560 3925 ἐνδεῖν,
632 3863 696 3930 ἣν
755 3861 1065 3930 ἱερουργίαν
1106 3862 1374 3913 καλοῦσιν
1430 3862 1708 3931 Ἕλληνες,

139 3949 406 4002 Εὑσέὸιον
458 3968 579 4003 τινα
641 3951 898 4017 μέγιστον
975 3951 1067 4001 ἐπὶ
1108 3951 1184 4018 τῷ
1237 3951 1410 4003 ταῦτα
1449 3952 1709 4006 δύνασθαι

138 4045 482 4111 κεκτημένον
530 4043 586 4091 ἐν
635 4040 859 4108 "immo;
938 4042 1115 4103 κλέος,
1193 4045 1707 4114 μεταπεμψάμενος,

136 4132 315 4202 τούτῳ
359 4133 750 4201 προσέταττεν,
774 4132 1033 4185 ἐπίπνοον
1068 4134 1150 4186 ὅτι
1190 4134 1431 4200 μάλιστα
1459 4139 1516 4188 τὸ
1551 4137 1709 4203 ἄγαλ-

140 4243 240 4294 μα,
267 4228 362 4277 καὶ
399 4228 617 4292 ἐνεργὸν
679 4225 1019 4290 ἀποφαίνειν,
1053 4227 1279 4294 μηδενὸς
1325 4220 1400 4280 ὧν
1434 4229 1512 4289 είς
1553 4230 1709 4282 τοῦτο

137 4316 398 4383 προσδεῖν
450 4316 595 4383 αὐτῷ
643 4316 849 4383 νομίζοι
882 4314 1218 4384 φξιδόμενον.
1261 4317 1349 4386 Τῷ
1388 4318 1464 4382 δὲ,
1520 4319 1705 4389 ἐπειδὴ

139 4411 323 4469 πάσας
371 4404 567 4458 ἑαυτοῦ
610 4408 920 4473 κεκινηκότι
973 4410 1070 4469 τὰς
1127 4409 1372 4477 μηχανὰς
1414 4413 1505 4462 καὶ
1544 4414 1707 4480 μηδὲν

133 4498 162 4549 ὅ
195 4515 249 4551 τι
285 4499 445 4551 πλέον
478 4498 542 4550 ἂν
587 4499 890 4564 ἐννοήσειεν
920 4496 1326 4567 ὑπολιπομένῳ,
1373 4501 1462 4551 τὸν
1523 4501 1703 4568 ὅμοιον

1824 3316 1967 3370 liano
2016 3326 2294 3381 evenerat.
2374 3319 2629 3390 Maiorem
2675 3338 2822 3381 certe
2871 3331 2917 3381 ei
2974 3333 3177 3385 cultum
3235 3338 3392 3390 exhi-

1819 3408 1999 3471 bebat,
2035 3427 2192 3477 quam
2226 3415 2480 3469 omnibus
2520 3417 2640 3471 aliis
2674 3418 3016 3490 imaginibtns,
3058 3438 3120 3476 ex
3165 3427 3393 3497 singulis

1818 3502 2107 3569 generibtis
2158 3502 2206 3555 ei
2270 3504 2435 3558 millia
2502 3510 2834 3573 sacrificans,
2878 3517 2937 3564 et
2968 3516 3036 3568 ab
3085 3532 3151 3569 eo
3198 3533 3394 3588 exspe-

1819 3602 1976 3646 ctans
2009 3609 2290 3664 responsa.

1891 3676 2133 3736 XXXIV.
2161 3688 2297 3738 Cum
2338 3695 2515 3741 autem
2543 3703 2733 3745 omnes
2759 3690 3020 3764 imagines
3061 3699 3388 3766 profundum

1817 3785 2025 3829 teneret
2054 3777 2362 3843 silentium,
2395 3782 2707 3837 existimans
2748 3802 2884 3853 opus
2919 3803 3037 3842 esse
3078 3796 3383 3861 praestigiis,

1814 3881 1948 3934 quas
1970 3866 2138 3921 Graeci
2168 3881 2363 3923 vocant
2381 3871 2730 3942 hierurgiam,
2749 3880 3011 3931 aet-ersito
3030 3883 3387 3950 qtlodamLtt-

1814 3957 1986 4018 sebio,
2013 3972 2171 4025 quem
2198 3960 2522 4029 ingentibus
2551 3962 2689 4017 fama
2721 3976 2836 4018 erat
2862 3967 2961 4020 hac
2991 3970 3040 4020 in
3074 3987 3129 4023 re
3157 3976 3382 4028 multum

1817 4064 1998 4117 posse,
2041 4049 2088 4103 ei
2122 4050 2284 4116 jussit
2312 4062 2367 4104 ut
2395 4067 2558 4120 quam
2588 4056 2818 4109 maxime
2859 4057 3154 4125 spirantem
3187 4070 3240 4112 et
3268 4063 3380 4115 elIi-

1811 4156 1995 4194 cacem
2085 4143 2331 4195 redderet
2381 4144 2707 4213 imaginem,
2764 4148 2896 4200 nulli
2944 4150 3020 4203 rei
3085 4154 3377 4220 parcendo,

1808 4247 1911 4301 qua
1965 4231 2028 4283 ad
2070 4231 2173 4285 hoc
2200 4248 2335 4302 opus
2376 4248 2500 4287 esse
2528 4246 2797 4290 censeret.
2847 4237 2982 4292 Cum
3028 4252 3209 4295 autem
3246 4246 3379 4297 nihil

1810 4342 1918 4379 non
1956 4327 2458 4381 essetmachinatus
2480 4367 2493 4389 ,
2527 4335 2579 4382 et
2604 4329 2736 4382 nihil
2774 4334 3204 4399 praztermisisset
3234 4338 3376 4403 quod

1809 4416 1916 4468 sibi
1949 4416 2000 4467 in
2034 4411 2581 4481 mentem'venisset,
2640 4418 2730 4472 ille
2760 4429 2937 4473 tamen
2976 4424 3161 4476 eodem
3218 4426 3377 4480 modo

1810 4511 2087 4573 tacuisset,
2137 4526 2309 4579 neque
2334 4513 2502 4581 magis
2536 4529 2696 4580 quam
2729 4524 2885 4566 antea
2919 4516 3250 4583 loqueretur,
3285 4518 3379 4572 hic

133 4591 505 4660 ἑσεσιωπῄκει
543 4591 634 4641 καί
673 4591 812 4640 κατὰ
837 4589 998 4657 φύσιν
1038 4590 1259 4657 τρόπον,
1286 4591 1438 4641 οὐδέν
1473 4609 1523 4642 τι
1561 4594 1695 4659 μᾶλ-

1831 4620 1913 4657 am
1970 4614 2185 4673 rogatus
2216 4622 2242 4657 a
2273 4602 2508 4669 Iuliano,
2536 4621 2635 4660 cur
2672 4606 2905 4660 maxime
2949 4618 3171 4675 taceret,
3212 4612 3373 4680 idque

133 4683 225 4737 λον
261 4683 292 4753 ἢ
332 4685 425 4733 καὶ
462 4681 694 4751 πρόσθεν
727 4680 1118 4749 φθεγγόμενος,
1144 4680 1379 4733 ἐνταῦθα
1424 4683 1524 4752 ἤδη
1568 4687 1701 4751 πρὸς

130 4774 227 4827 τοῦ
285 4773 576 4826 Ἰουλιανοῦ
639 4773 1012 4844 ἐρωτώμενος,
1069 4774 1161 4825 καὶ
1207 4773 1397 4827 καθότι
1465 4774 1703 4841 μάλιστα

133 4866 378 4928 σιωπῶν,
417 4863 521 4917 ’καί
568 4865 738 4918 ταῦτα
770 4862 986 4916 πάντων
1033 4863 1391 4918 τελεσθέντων
1421 4868 1508 4918 ἐπ’
1554 4868 1701 4936 αὐτῷ

129 4961 238 5013 τῶν
269 4955 771 5029 νομιζομένων,τὸν
800 4957 1047 5009 Βαϐύλαν
1076 4956 1177 5025 ἔφη
1216 4957 1315 5025 τῆς
1348 4958 1559 5028 σιωπῆς
1586 4960 1701 5011 τού-

128 5068 221 5103 του
241 5070 298 5105 τε
331 5054 423 5103 καὶ
448 5047 554 5101 τῶν
585 5047 784 5100 λοιπῶν
813 5050 1141 5119 ἀγαλμάτων
1189 5048 1509 5103 αἰτιώτατον
1536 5048 1695 5116 εἶναι,

126 5143 288 5197 αὑτοῦ
313 5145 370 5196 ὲν
399 5145 463 5212 τῇ
485 5143 668 5214 Δάφνῃ
692 5143 965 5209 κειμένου,
986 5141 1056 5203 ὡς
1085 5143 1195 5195 τῶν
1226 5142 1362 5194 θεῶν
1389 5144 1477 5193 τὸν
1507 5144 1698 5214 νεκρὸν

126 5237 289 5291 αὑτοῦ
321 5234 781 5305 βδελυττομένων,
801 5238 892 5285 καὶ
917 5236 1003 5287 διὰ
1029 5233 1186 5286 τοῦτο
1228 5237 1339 5296 τοῖς
1376 5235 1520 5287 ἔθεσι
1552 5237 1699 5302 σφῶν

125 5332 415 5401 ἑπιφοιτᾷν
465 5330 564 5381 οὐκ
622 5327 981 5399 ἀνεχομένων.
1032 5331 1104 5381 Οὐ
1135 5331 1241 5399 γὰρ
1288 5329 1548 5393 ἠϐούλετο
1599 5346 1698 5401 την

123 5419 501 5496 ἀληθεστάτην
542 5422 719 5474 αἰτίαν
749 5422 941 5486 εἰπεῖν,
998 5423 1026 5472 ὁ
1077 5423 1394 5475 παντάπασί
1427 5439 1487 5488 γε
1522 5421 1692 5491 αὐτῆς

119 5513 522 5585 ἁνεπαίσθητος
553 5513 811 5581 γεγονὼς,
839 5515 919 5567 ὅτι
946 5512 1009 5582 δὴ
1046 5514 1311 5583 κρείττων
1366 5515 1595 5583 δύναμις
1624 5512 1691 5585 ἦν

1809 4712 1931 4749 cum
1974 4696 2109 4749 facta
2147 4705 2332 4750 essent
2359 4696 2539 4750 omnia
2564 4738 2578 4759 ,
2608 4714 2727 4767 qua:
2763 4698 2829 4752 de
2864 4714 3011 4752 more
3040 4700 3191 4763 fiunt,
3217 4703 3371 4763 dixit.

1810 4786 2062 4856 Babylam
2113 4800 2234 4842 esse
2284 4789 2608 4855 praecipuam
2653 4802 2868 4841 causam
2896 4787 3094 4843 siIentii
3131 4801 3238 4843 tam
3275 4793 3374 4845 hu-

1802 4882 1914 4950 jus.
1958 4894 2116 4946 quam
2148 4878 2475 4946 reliquarum
2511 4878 2830 4947 imaginum,
2873 4896 2995 4934 cum
3040 4881 3085 4934 is
3125 4883 3262 4936 situs
3286 4900 3373 4934 es-

1808 4976 1890 5019 set
1915 4967 1966 5017 in
1997 4966 2219 5032 Daphne
2249 4974 2428 5033 utpote
2455 4969 2595 5035 quod
2620 4969 2691 5021 dii
2714 4970 2830 5038 ejus
2849 4972 3081 5024 cadaver
3106 4973 3369 5026 abhorre-

1804 5069 1944 5121 rent,
1969 5068 2021 5112 et
2060 5056 2183 5112 ideo
2208 5073 2477 5113 moresuo
2511 5061 2696 5113 venire
2737 5078 2841 5113 non
2880 5063 3235 5116 sustinerent.
3258 5064 3369 5115 Νο-

1805 5152 1952 5204 lebat
1987 5152 2128 5204 enim
2154 5152 2201 5203 ei
2226 5166 2440 5203 causam
2464 5151 2646 5205 dicere
2670 5152 3036 5217 verissimam,
3060 5154 3200 5221 quod
3224 5156 3367 5208 scili-

1803 5250 1890 5297 cet
1917 5250 2034 5297 erat
2065 5251 2252 5310 aperte
2274 5239 2446 5307 major
2470 5242 2665 5309 virtus,
2693 5258 2810 5312 quae
2835 5245 3147 5314 alligaverat
3171 5246 3368 5305 daemo-

1804 5352 1933 5390 num
1965 5332 2345 5402 operationes:
2378 5334 2611 5387 maxime
2642 5350 2763 5389 cum
2791 5336 3021 5399 daemon,
3053 5337 3144 5401 qui
3172 5339 3366 5405 agebat

1806 5427 2131 5496 Apollinem,
2184 5425 2231 5477 ei
2269 5433 2456 5493 aperte
2496 5425 2886 5495 respondisset,
2930 5434 2988 5477 ut
3047 5424 3264 5488 dicitur,
3306 5444 3367 5481 se

1801 5533 1909 5572 non
1935 5531 2094 5585 posse
2119 5516 2261 5584 loqui
2291 5526 2512 5585 propter
2533 5516 2804 5588 Babylain.

120 5614 329 5679 σαφῶς,
354 5612 388 5679 ἡ
426 5608 522 5670 τὰς
546 5607 652 5659 τῶν
685 5606 953 5676 δαιμόνων
973 5607 1251 5676 ἐνεργείας
1316 5610 1690 5682 πεδησαμένη,
1751 5613 1922 5672 ἄλλως
1953 5626 2008 5660 τε
2051 5610 2142 5661 καὶ
2171 5608 2261 5662 τοῦ
2296 5607 2545 5675 δαίμονος
2601 5610 2748 5677 αὑτῴ
2785 5608 2877 5661 τοῦ
2907 5609 2997 5660 τὸν
3039 5609 3369 5661 Ἀπόλλωνα·

120 5707 564 5776 ὑποκριναμένου
595 5702 781 5771 σαφῶς
818 5700 1138 5775 διαρρήδην,
1173 5702 1246 5763 ὡς
1277 5700 1516 5768 λέγεται,
1564 5705 1867 5775 είρηκότος,
1901 5702 1974 5771 μὴ
2004 5700 2261 5754 δύνασθαι
2300 5698 2478 5754 λαλεῖν
2511 5700 2600 5753 διὰ
2629 5698 2892 5754 Βαὸὑλαν,

185 5802 311 5856 AE’.
349 5804 410 5854 Ὀ
442 5804 549 5871 γὰρ
573 5801 635 5871 δὴ
665 5797 911 5860 Βαδύλας
939 5793 1094 5861 οὗτος
1146 5799 1362 5865 λέγεται
1388 5797 1685 5861 ἐπίσκοπος

118 5898 212 5961 μὲν
240 5893 502 5959 γενέσθαι
524 5894 613 5959 τῆς
654 5893 1004 5959 Ἀντιοχείας·
1032 5890 1392 5960 Νονμεριανῷ
1409 5891 1462 5945 δὲ
1500 5890 1572 5958 τῷ
1600 5891 1693 5957 βα-

1858 5794 2003 5851 ΧΧΧ
2017 5796 2073 5849 ν.
2098 5796 2192 5850 Hic
2210 5796 2350 5848 enim
2373 5794 2595 5865 Babylas
2612 5794 2807 5847 dicitur
2823 5792 3037 5862 quidem
3057 5790 3223 5846 fuisse
3254 5792 3365 5859 epi-

1803 5904 2001 5957 scopus
2024 5888 2341 5953 Antiochia,
2363 5885 2751 5942 Numerianum
2769 5895 2945 5939 autem
2967 5884 3365 5952 imperatorem.
