4142 6516
212 434 341 500 1905

1356 438 1827 500 MABTYRIUM
1875 442 1944 503 S.
1980 442 2330 504 ARTEMII.

3332 450 3465 512 1206

207 551 362 616 θεῶν,
394 552 781 623 ἀφρονέστατε,
816 555 1179 624 σεμνύνεσθαι
1210 554 1266 607 δὲ
1312 558 1405 608 καὶ
1438 557 1652 625 χαῖρειν
1699 556 1782 621 ἐφ’

1893 568 2107 610 tuorum
2157 556 2404 622 deorum,
2446 573 2477 612 0
2523 557 2891 612 stultissime:
2940 559 3153 628 gloriari
3187 565 3368 614 autem
3414 575 3465 615 et

205 640 284 707 οἷς
316 647 342 698 6
370 645 503 708 Θεός
532 664 631 716 μου
662 645 780 698 καθ’
815 647 1051 717 ἑκάστην
1083 647 1515 717 θαυματουργεῖ,
1550 650 1769 719 ἐκδίκη-

210 753 292 787 σιν
318 735 372 788 δὲ
400 735 509 789 τῶν
533 736 679 805 παρὰ
720 735 831 791 σοῦ,
856 753 943 806 μοι
969 738 1323 805 ἐπαγομένων
1364 740 1483 792 ἐκεῖ
1523 739 1768 808 δέξομαι,

206 828 401 879 ὁπόταν
436 827 497 879 τὸ
544 829 652 898 πῦρ
682 829 853 881 ἐκεῖνό
882 846 939 881 σε
968 829 1277 901 καταλάϐῃ,
1326 831 1420 883 καὶ
1458 832 1490 900 ή
1540 831 1774 885 διαιωνεο

207 921 369 981 ζουσα
387 920 626 982 κόλασις.
646 920 938 973 Κάνταῦθα
965 922 1022 974 δὲ
1057 924 1118 975 οὐ
1139 923 1273 976 πολὺ
1294 924 1351 975 τὸ
1377 923 1563 992 μέσον.
1596 925 1687 976 καὶ
1710 926 1772 977 τὸ

211 1011 358 1080 «Μνη
372 1011 597 1077 μόσυνόν
618 1029 708 1064 σου
730 1013 1009 1066 ἀπολεῖται
1030 1017 1147 1083 μετ’
1167 1015 1319 1085 ἦχον.
1356 1034 1373 1065 ι
1424 1018 1531 1068 Καὶ
1551 1019 1578 1069 6
1595 1035 1771 1088 παρα-

208 1102 373 1171 ϐάτης
396 1118 411 1134 ·
444 1103 509 1155 Εἰ
536 1102 627 1155 οὖν
670 1104 761 1154 ἐπὶ
788 1102 1002 1164 τούτοις
1033 1105 1264 1174 ἀγάλλῃ,
1308 1104 1629 1174 προσθήκην
1663 1108 1773 1172 ἐγώ

210 1210 288 1245 σοι
318 1194 467 1263 θήσω
511 1193 608 1259 τῆς
634 1194 844 1262 ἡδονῆς.
904 1194 1067 1247 Ἀλλά
1096 1195 1345 1264 φείδομαῖ
1366 1213 1458 1248 σου
1489 1197 1772 1250 διὀἰκείαν

208 1286 565 1356 χρηστότητα,
581 1286 674 1338 καὶ
690 1286 947 1354 βούλομαί
964 1304 1023 1339 σε
1036 1289 1133 1357 τῆς
1153 1290 1356 1351 οἰκείας
1367 1289 1549 1351 ἀνοίας
1571 1290 1775 1343 παυσά-

212 1396 387 1447 μενον,
409 1378 643 1447 σώφρονι
666 1378 912 1448 λογισμῷ
933 1380 1267 1449 χρήσασθαι,
1290 1383 1385 1434 καί
1404 1382 1773 1451 προσελθόντα

208 1470 364 1523 θῦσαι
403 1472 515 1532 τοῖς
543 1470 828 1533 ἀθανάτοις
859 1471 1021 1532 θεοῖς.
1058 1473 1164 1523 Καὶ
1207 1471 1480 1541 ἀξιώματι
1523 1472 1631 1544 γὰρ
1679 1490 1774 1541 με-

206 1563 377 1631 γίστῳ
406 1562 723 1632 τετίμησαι,
746 1563 840 1616 καὶ
866 1562 1093 1624 πλοῦτος
1124 1563 1303 1627 ἱκανὸς
1332 1564 1539 1618 ἄνωθέν
1579 1582 1658 1616 σοι
1682 1567 1776 1618 καὶ

206 1657 272 1707 ἐκ
304 1655 587 1723 προγόνων
619 1654 1043 1723 συνήθροισται,
1086 1654 1178 1705 καὶ
1226 1655 1436 1717 πολλοῖς
1463 1672 1523 1707 σε
1556 1656 1772 1708 πλεονε-

208 1749 482 1815 κτήμασιν
504 1747 702 1815 ὰρετῆς
735 1745 1045 1813 ἐκόσμησαν
1065 1744 1112 1796 οἱ
1137 1743 1270 1806 θεοὶ,
1294 1744 1570 1809 κᾶναῦτδς
1587 1745 1775 1814 ὤφθης

211 1839 335 1906 περὶ
362 1838 488 1900 τοὺς
526 1837 966 1905 εύηργετηκότας
994 1836 1311 1906 ἀχάριστος.
1337 1838 1445 1890 Καὶ
1476 1839 1504 1889 6
1529 1838 1735 1909 μάρτυς
1757 1857 1770 1869 -

209 1928 272 1983 Τί
308 1928 503 1999 μαίνῃ,
540 1928 1011 1998 παρανομώτατε,
1074 1929 1167 1980 καὶ
1200 1916 1402 2000 ἀσχολῇ
1457 1931 1550 1982 ἐπὶ
1603 1931 1773 1983 τοῖσδε

206 2024 316 2084 τοῖς
347 2021 653 2091 ἀνονήτοις,
702 2021 869 2084 ἐάσας
899 2037 956 2073 τε
984 2020 1081 2083 τὰς
1118 2018 1780 2093 βαρϐαρικὰςὲπαναστά-

210 2130 341 2178 σεις,
380 2113 473 2165 καὶ
526 2114 614 2165 τὸν
645 2114 911 2183 Περσικὸν
944 2114 1350 2184 ἀναϐαλόμενος
1397 2116 1653 2185 πόλεμον,
1709 2117 1777 2170 δι’

206 2206 265 2256 ὃν
296 2206 395 2273 τὴν
434 2206 764 2274 οἰκουμένην
810 2208 993 2258 πᾶσαν
1037 2207 1354 2269 ὲσάλευσας,
1402 2209 1481 2272 εἰς
1532 2209 1632 2277 ἐμὲ
1688 2210 1778 2262 τὸν

206 2296 299 2351 τοῦ
330 2296 465 2350 Θεοῦ
522 2297 705 2349 δοῦλον
740 2298 837 2366 τὴν
872 2300 1000 2367 ὃλην
1054 2301 1208 2366 ἄγεις
1265 2303 1501 2372 σχολήν;
1540 2304 1639 2356 Ὃν
1688 2300 1781 2357 οὖν

209 2394 386 2461 βούλει
419 2391 540 2446 καθ’
577 2394 729 2461 ημῶν
758 2394 983 2446 θάνατον
1015 2397 1315 2461 ἀποφαῖνον
1340 2414 1352 2427 ·
1382 2399 1491 2464 ἐγὼ
1522 2399 1627 2468 γὰρ
1657 2399 1781 2453 οὔτε

206 2488 315 2547 τοῖς
343 2484 484 2546 θεοῖς
520 2501 615 2537 σου
650 2486 920 2555 λατρεύω,
958 2484 1082 2537 οὔτε
1115 2489 1221 2548 τοῖς
1253 2491 1639 2556 προστάγμασι
1670 2495 1781 2554 τοῖς

216 2579 328 2639 σοῖς
355 2576 637 2646 πείθομαι.

290 2668 427 2723 MA'.
470 2671 655 2724 Ταῦτα
703 2672 731 2725 6
783 2672 1105 2743 παραϐάτης
1158 2673 1419 2737 ἀκούσας,
1470 2675 1564 2727 καὶ
1610 2673 1782 2747 θυμοῦ

210 2760 477 2829 πλησθεὶς
570 2762 668 2831 τὴν
736 2766 981 2832 καρδίαν,
1050 2768 1319 2835 λατίμους
1403 2768 1785 2835 μετακαλεῖται

206 2854 299 2908 καὶ
324 2852 618 2919 λιθοξὸους,
649 2856 769 2918 καὶ,
819 2854 1035 2925 Ὁρᾶτε,
1066 2858 1190 2926 ἔφη,
1230 2860 1385 2926 τήνδε
1424 2860 1521 2929 τὴν
1547 2862 1783 2931 πέτραν;

208 2944 384 3009 δείξας
412 2945 687 3015 ἀπότομον
709 2963 830 2999 τινα
857 2949 1141 3000 κατέναντι
1165 2948 1258 3001 τοῦ
1286 2948 1512 3018 θεάτρου
1541 2968 1553 2985 ο
1580 2952 1783 3019 ταύτην

206 3036 328 3106 διχῆ
362 3037 649 3103 διελόντες,
689 3039 785 3091 καὶ
820 3039 1050 3110 θάτερον
1103 3041 1269 3112 μέρος
1318 3043 1397 3105 εἰς
1434 3043 1540 3111 γῆν
1593 3042 1816 3097 ὕπτιον

215 3127 454 3197 θέμενοι,
481 3131 687 3184 ἄνωθέν
715 3149 771 3184 τε
807 3133 967 3185 αὑτὸν
1001 3134 1452 3203 ύραπλώσαντες,
1493 3136 1568 3206 τῷ
1618 3138 1789 3206 ἑτέρῳ

1874 643 2048 708 laetari
2084 659 2307 719 propter
2337 648 2619 712 miracula,
2650 664 2769 719 qua:
2795 647 2938 703 Deus
2976 664 3128 704 meus
3161 649 3288 703 facit
3326 668 3465 724 quo~
3515 722 3523 729 ι

1883 745 2033 799 tidie.
2072 744 2342 800 Ultionem
2381 755 2511 796 vero
2542 755 2757 801 eorum,
2790 755 2911 809 quae
2947 753 2975 792 a
3023 750 3073 793 te
3106 738 3240 793 mihi
3286 741 3467 794 inten-

1878 848 2082 900 tantur,
2114 836 2223 890 illic
2251 834 2541 903 accipiam,
2574 832 2795 902 quando
2835 842 2884 886 te
2918 832 3055 901 ignis
3085 831 3176 886 ille
3219 847 3466 901 compre-

1878 928 2128 982 lienderit
2181 936 2236 981 et
2270 935 2536 979 aeternum
2572 925 2925 993 supplicium.
2957 923 3125 978 Porro
3153 932 3337 977 autem
3375 924 3462 978 hic

1874 1034 2115 1088 quoque,
2152 1034 2260 1071 non
2300 1017 2472 1071 multo
2504 1016 2802 1082 interjecto
2844 1025 3109 1083 tempore,
3148 1034 3165 1064 ι
3207 1013 3460 1071 Memoria

1874 1118 1964 1168 tua
1981 1110 2181 1178 peribit
2200 1124 2320 1163 cum
2340 1108 2522 1163 sonitu
2541 1108 2605 1159 ‘°.
2634 1126 2650 1157 ›
2667 1105 3009 1176 Foedilragus
3027 1121 3159 1160 vero
3177 1104 3456 1159 Julianus:

1871 1202 2006 1256 Cum
2041 1201 2259 1255 videam
2297 1210 2348 1254 te
2380 1198 2661 1268 suppliciis
2696 1196 2977 1258 delectari,
3013 1212 3114 1266 ego
3148 1197 3240 1249 tibi
3277 1211 3461 1251 acces-

1875 1295 2087 1349 sionem
2127 1293 2351 1347 afferam
2388 1292 2703 1361 voluptatis.
2742 1289 2847 1344 Sed
2894 1290 2991 1344 tibi
3042 1304 3205 1358 parco
3238 1298 3454 1359 propter

1877 1400 2051 1438 meam
2080 1383 2496 1454 benignitatem,
2530 1396 2584 1438 et
2614 1383 2736 1437 volo
2769 1392 2838 1446 te,
2868 1381 3088 1437 dimissa
3130 1382 3452 1455 ignorantia,

1879 1474 2107 1546 sapienti
2143 1475 2217 1528 uti
2266 1456 2716 1537 ratiocinatione,
2761 1483 2816 1528 et
2866 1474 3209 1527 accedentem
3252 1473 3462 1527 sacriﬁ—

1878 1585 2003 1624 care
2042 1569 2148 1622 diis
2197 1566 2616 1621 immortalibus.
2666 1566 2799 1619 Nam
2837 1576 2887 1619 et
2934 1567 3166 1619 maxima
3197 1566 3458 1635 dignitate

1878 1678 1936 1717 es
1968 1670 2218 1725 ornatus,
2245 1669 2299 1714 et
2331 1659 2462 1713 satis
2493 1673 2698 1729 magna:
2735 1659 2937 1712 divitiae
2964 1676 2989 1710 a
3028 1661 3135 1713 tuis
3162 1659 3460 1725 majoribus

1879 1756 1973 1809 tibi
2003 1764 2131 1808 sunt
2176 1761 2539 1824 congregaue,
2574 1761 2625 1804 et
2663 1749 2850 1805 multis
2881 1750 3098 1803 virtutis
3145 1751 3362 1803 dotibus
3407 1759 3461 1803 te

1881 1848 1951 1902 dii
1986 1848 2369 1909 honestarum,
2406 1844 2618 1898 etiamsi
2657 1851 2984 1912 conspectus
3018 1842 3094 1896 sis
3127 1841 3375 1912 ingratus
3402 1841 3459 1895 in

1881 1956 1996 2004 eos,
2039 1939 2129 2009 qui
2182 1950 2233 1993 te
2280 1938 2582 1992 affecerunt
2630 1936 2919 1991 benelicio.
2974 1934 3172 2006 Martyr
3211 1943 3391 1989 autem
3444 1952 3460 1989 :

1880 2032 2018 2098 Quid
2050 2033 2277 2097 insanis,
2316 2026 2512 2099 inquit,
2554 2047 2585 2083 ο
2632 2030 2995 2099 iniquissime,
3065 2038 3118 2082 et
3152 2026 3463 2081 immoraris

1881 2124 1931 2174 in
1962 2122 2065 2181 his,
2099 2134 2217 2189 quae
2252 2120 2384 2173 nihil
2412 2118 2746 2187 proliciunt?
2772 2120 2993 2170 mittens
3027 2126 3210 2170 autem
3249 2115 3461 2185 aggredi

1883 2213 2173 2276 Barbaros,
2242 2222 2297 2267 et
2344 2211 2547 2266 bellum
2590 2210 2848 2265 dill'erens
2894 2209 3193 2273 Persicum,
3238 2216 3462 2278 propter

1882 2303 2025 2373 quod
2070 2304 2385 2357 universum
2438 2301 2620 2356 orbem
2655 2310 2816 2354 terra:
2856 2298 3237 2364 commovisti,
3281 2298 3334 2350 in
3378 2312 3463 2351 me

1889 2398 1976 2451 Dei
2029 2412 2245 2451 servum
2293 2403 2464 2450 totum
2511 2394 2793 2448 consumis
2835 2394 3028 2471 otium.
3068 2393 3465 2461 Quamcunque

1885 2504 2013 2557 ergo
2037 2489 2118 2541 vis
2150 2495 2379 2541 mortem
2416 2488 2468 2541 in
2503 2502 2602 2540 nos
2631 2486 2947 2554 pronuntia.
2975 2484 3084 2549 Ego
3108 2485 3252 2537 enim
3287 2497 3462 2552 neque

1885 2581 2015 2633 deos
2052 2589 2171 2632 tuos
2193 2578 2388 2640 colam,
2421 2590 2601 2645 neque
2626 2574 2734 2630 tuis
2759 2576 2925 2642 jussis
2956 2574 3179 2643 parebo.

1957 2672 2093 2732 XLI.
2142 2671 2266 2726 Hac
2302 2686 2423 2725 cum
2460 2670 2726 2723 audiisset
2765 2666 3037 2729 Julianus,
3074 2679 3127 2723 et
3158 2675 3307 2722 esset
3344 2667 3465 2720 ani-

1890 2780 2010 2819 mus
2030 2765 2145 2835 ejus
2172 2764 2249 2819 ira
2276 2759 2534 2834 repletus,
2554 2763 2786 2817 accersit
2807 2762 3088 2829 lapicidas.
3119 2770 3168 2813 et
3192 2776 3208 2814 :
3234 2757 3461 2822 Videtis,

1892 2859 2083 2928 inquit,
2120 2859 2261 2912 hanc
2292 2856 2543 2926 petram?
2575 2856 2896 2919 (ostendens
2929 2852 3215 2923 quamdam
3259 2865 3463 2923 praeru-

1893 2960 2038 3017 ptam
2074 2965 2135 3004 ex
2169 2950 2396 3003 adverso
2430 2948 2672 3015 theatri).
2706 2946 2835 3000 Eam
2864 2946 2915 2999 in
2952 2946 3087 3000 duas
3118 2956 3297 3016 partes
3323 2939 3464 2999 divi-

1892 3041 2003 3094 dite
2050 3057 2064 3091 :
2105 3051 2160 3094 et
2195 3055 2318 3094 cum
2357 3042 2579 3095 alteram
2624 3050 2831 3110 partem
2872 3041 3121 3110 supinam
3166 3039 3215 3091 in
3265 3049 3462 3093 terram

1894 3133 2225 3203 dejeceritis,
2268 3139 2323 3185 et
2374 3147 2493 3185 eam
2544 3134 2779 3201 desuper
2823 3134 2969 3187 hunc
3024 3131 3326 3185 maleﬁcum
3377 3145 3465 3184 ex.

208 3220 363 3288 μέρει
398 3221 519 3289 μεθ’
543 3222 721 3291 όρμῆς
754 3224 1161 3292 συγκαλύψατε,
1195 3223 1433 3288 ῖνόὗτος
1466 3230 1627 3297 μέσος
1658 3230 1782 3282 ἁπο-

1899 3222 2199 3287 tenderitis,
2250 3222 2416 3276 altera
2452 3230 2602 3291 parte
2632 3239 2756 3276 cum
2798 3224 3004 3292 impetu
3053 3224 3228 3292 ipsum
3269 3237 3461 3291 coopeo

204 3309 457 3377 ληφθεὶς,
496 3313 711 3381 σάρκας
740 3329 799 3364 τε
828 3314 918 3365 καί
940 3316 1073 3367 ὀστᾶ
1100 3315 1449 3384 διαψθαρείη,
1475 3321 1569 3369 καὶ
1601 3320 1781 3387 ἔργοις

206 3401 391 3463 αὐτοῖς
429 3400 593 3468 μάθοι
634 3403 743 3455 τίνι
789 3420 849 3456 τε
883 3405 1356 3470 ἀνθίσταται,.καὶ
1386 3408 1483 3477 τῆς
1515 3408 1606 3462 τοῦ
1647 3411 1780 3463 Θεοῦ

207 3492 379 3545 αὐτοῦ
419 3492 673 3563 βοηθείας
706 3497 1140 3565 παραπολαύσοι.
1170 3500 1278 3554 Τοῦ
1303 3500 1469 3572 ἔργου
1499 3504 1553 3556 δὲ
1587 3503 1780 3556 θᾶττον

213 3583 306 3636 τοῦ
340 3585 503 3652 λόγου
548 3589 966 3655 περαιωθέντος,
996 3593 1089 3644 καὶ
1115 3592 1210 3645 τοῦ
1234 3594 1393 3660 ἁγίου
1429 3595 1538 3649 τῶν
1568 3596 1783 3667 πετρῶν

210 3675 380 3740 μέσον
417 3676 853 3743 ἀποληφθέντος,
908 3681 1148 3752 τοσαύτη
1202 3700 1285 3747 τις
1337 3680 1405 3755 ἦν
1445 3687 1476 3753 ἡ
1526 3686 1785 3748 πιέζουσα

207 3765 402 3819 τοῦτον
436 3766 549 3835 βίοι,
577 3766 719 3820 ὥστε
749 3770 858 3824 τῶν
886 3772 1060 3827 ὀστῶν
1088 3777 1254 3829 αὐτοῦ
1271 3778 1782 3847 καταθραυομένων,

205 3856 341 3927 ἦχόν
391 3875 513 3911 τινα
566 3861 658 3914 καὶ
701 3864 896 3932 κρότον
953 3869 1065 3929 τοῖς
1132 3869 1346 3930 πολλοῖς
1405 3870 1782 3937 ἐξακούεσθαι,

208 3953 299 4003 καὶ
332 3951 441 4020 γὰρ
475 3954 653 4007 πάντα
684 3958 748 4008 τά
775 3958 926 4019 ἐντὸς
970 3958 1137 4011 αὑτοῦ
1170 3958 1460 4034 saepem,
1488 3965 1519 4034 ἠ
1550 3966 1786 4035 ἁρμονία

205 4060 265 4095 τε
303 4046 458 4098 πᾶσα
490 4047 597 4100 τῶν
631 4047 803 4100 ὀστῶν
858 4052 1237 4121 συντέτριπτο,
1276 4058 1329 4108 αἱ
1369 4058 1527 4126 κόραι
1568 4075 1625 4110 τε
1678 4059 1786 4111 τῶν

205 4136 509 4205 ὀφθαλμῶν
555 4141 653 4208 τῆς
698 4140 831 4204 ἰδίας
895 4144 1351 4215 έκπεπηδήκεσαν
1403 4148 1583 4217 ἕδρας.
1630 4148 1787 4203 Ἀλλὰ

208 4231 302 4280 καὶ
328 4229 503 4291 οὕτως
538 4231 674 4297 ἔχων
709 4233 975 4301 ἀνάγκης,
1021 4237 1119 4304 τῆς
1154 4239 1293 4303 πρὸς
1332 4236 1463 4289 Θεὸν
1491 4238 1631 4306 ὼδῆς
1690 4242 1789 4294 οὐκ

205 4322 631 4391 ἠμέλει,Ἕψαλε
647 4325 772 4393 γάρ.
790 4324 876 4376 Ἐν
896 4325 1086 4395 πέτρᾳ,
1104 4328 1296 4395 λέγων,
1318 4328 1537 4398 ’ύψωσάς
1557 4349 1640 4401 με,
1659 4330 1801 4403 oar):

204 4412 382 4481 γησάς
424 4430 512 4482 με,
543 4415 623 4466 ὃτι
661 4415 951 4485 ἐγεννήθης
971 4417 1120 4480 ἐλπίς
1137 4436 1234 4488 μου
1256 4419 1459 4489 πύργος
1482 4421 1660 4491 ἰσχύος
1688 4424 1792 4474 ἀπὸ

208 4504 504 4573 προσώπου
531 4506 748 4575 ἐχθροῦ.
786 4509 1059 4577 Ἔστητας
1090 4512 1183 4563 ἐπὶ
1215 4514 1419 4579 πέτραν
1459 4516 1586 4576 τοὺς
1623 4516 1785 4577 πόδας

210 4614 312 4665 μου
329 4599 421 4649 καὶ
443 4599 777 4662 κατεύθυνας
800 4603 865 4650 τὰ
879 4602 1188 4671 διαδήματα
1206 4622 1332 4672 μου.
1368 4607 1527 4671 Δέξαι
1550 4605 1667 4673 οὖν,
1694 4612 1789 4660 παῖ

205 4689 340 4741 Θεοῦ
376 4692 681 4757 μονογενὲς,
724 4692 782 4742 τὸ
812 4694 1025 4761 πνεῦμά
1060 4713 1181 4764 μου,
1220 4697 1316 4750 καὶ
1358 4699 1431 4769 μὴ
1462 4700 1784 4773 συγκλείσῃς

220 4799 287 4850 με
342 4784 422 4843 εἰς
460 4785 647 4851 χεῖρας
704 4785 934 4855 ἐχθρῶν.
989 4787 1174 4849 Οὕτως
1218 4789 1310 4842 οὖν
1360 4792 1417 4844 ὲν
1472 4793 1622 4863 μέσῳ
1678 4794 1784 4845 τῶν

207 4874 426 4942 πετρῶν
458 4873 672 4943 ἡμέραν
712 4877 838 4947 ὃλην
874 4880 965 4930 καὶ
1000 4881 1172 4935 νύκτα
1200 4882 1302 4935 τοῦ
1341 4882 1619 4953 μάρτυρος
1661 4884 1781 4936 δια-

210 4968 520 5035 μείναντος,
554 4967 841 5021 ἐκέλευσεν
868 4974 895 5024 6
919 4976 1236 5044 παράνομος
1262 4977 1653 5048 διαζευχθῆναι
1686 4980 1786 5039 τὰς

207 5059 441 5129 πέτρας,
474 5062 661 5114 τέλεον
692 5061 1014 5133 διεφθάρθαι
1048 5066 1240 5119 τοῦτον
1280 5070 1376 5120 καὶ
1415 5072 1540 5139 μηδ’
1580 5072 1662 5123 δτι
1695 5067 1786 5122 οὖν

209 5148 370 5217 αὐτῷ.
450 5151 759 5219 πνεύματος
824 5153 988 5221 μέρος
1042 5156 1467 5221 καταλελεῖφθαι
1510 5162 1635 5211 ὅσον
1682 5160 1789 5211 ἀπὸ

206 5240 300 5292 τοῦ
333 5236 527 5292 πολλοῦ
565 5243 772 5294 ἐκείνου
803 5241 999 5311 βάρους
1030 5247 1300 5313 οἰόμενος.
1350 5246 1407 5300 Ὀ
1440 5250 1496 5301 δὲ
1547 5251 1653 5300 τῶν
1688 5268 1786 5302 πε-

208 5334 356 5401 τρῶν
424 5332 805 5399 διαιρεθεισῶν
857 5334 1004 5404 ἐξῄει
1055 5338 1289 5406 βαδίζων
1340 5340 1433 5392 καὶ
1476 5343 1588 5402 τοῖς
1640 5342 1791 5405 ἰδίοις

218 5426 341 5475 ποσὶ
402 5424 706 5499 χρώμενος,
771 5428 957 5496 θαῦμα
1019 5430 1186 5491 ὅντως
1237 5431 1406 5500 ὁρῶσι
1464 5434 1646 5503 μόνοις
1693 5435 1791 5486 οὐκ

209 5514 638 5587 ἀπιστούμενον.
678 5519 1013 5590 Ἄνθρωπος-ς
1039 5522 1268 5589 γυμνὸς,
1310 5523 1438 5586 τοὺς
1476 5499 1789 5595 ὀιρθαλμῗοὺς

209 5604 351 5673 ἔχων
375 5611 838 5679 ἐκκεκομμένους,
900 5609 1115 5665 ὀστᾶδὲ
1148 5616 1613 5684 συντετριμμένα,
1650 5616 1784 5685 μέλη

208 5700 261 5750 δὲ
296 5700 391 5750 καὶ
422 5703 630 5773 σάρκας
670 5707 730 5775 τῇ
760 5704 866 5757 τῶν
902 5707 1120 5775 πετρῶν
1157 5706 1465 5777 συμπςύξει
1497 5709 1573 5773 ὼς
1616 5709 1679 5763 ἄν
1708 5726 1790 5772 τις

288 5883 331 5913 ¹⁴⁵
365 5878 501 5935 Psal.
535 5900 602 5947 ix,
640 5885 688 5936 7.
808 5889 843 5918 ”
872 5885 1014 5941 Psal.
1050 5903 1134 5952 ιλ,
1164 5888 1215 5953 5,
1250 5890 1314 5957 τί,
1348 5907 1529 5959 suis,
1558 5892 1609 5945 ὖ.

1885 3316 2006 3378 rite,
2045 3325 2103 3369 ut
2132 3316 2175 3368 is
2212 3314 2423 3369 medius
2451 3314 2785 3382 interceptus
2845 3313 3004 3367 simul
3041 3314 3238 3366 habeat
3270 3328 3464 3368 carnes

1884 3414 1936 3460 et
1979 3422 2100 3461 ossa
2137 3417 2415 3475 corrupta,
2466 3417 2519 3459 et
2567 3406 2725 3462 lactis
2766 3406 2899 3474 ipsis
2924 3405 3097 3459 discat
3125 3405 3342 3458 cuinam
3376 3418 3464 3458 re-

1886 3500 2058 3562 sistat,
2090 3507 2144 3552 et
2173 3514 2242 3551 an
2268 3499 2360 3552 Dei
2386 3498 2467 3552 sui
2502 3496 2709 3549 fruatur
2744 3497 2967 3549 auxilio.
3003 3496 3078 3548 Eo
3110 3505 3291 3550 autem
3324 3495 3465 3550 facto

1887 3593 2030 3646 dicto
2060 3591 2245 3654 citius,
2279 3601 2331 3645 et
2374 3600 2563 3645 sancto
2596 3590 2649 3645 in
2696 3590 2890 3646 mediis
2937 3588 3109 3658 petris
3155 3587 3465 3656 intercepto

1890 3694 2034 3738 tanta
2085 3696 2204 3739 erat
2248 3686 2327 3739 vis
2385 3701 2505 3754 qua).
2542 3701 2665 3739 eum
2712 3685 2995 3754 premebat
3036 3693 3115 3747 ut,
3172 3696 3296 3736 cum
3344 3682 3464 3749 ejus

1886 3790 2008 3827 ossa
2059 3774 2560 3845 conlringereutur,
2616 3774 2836 3844 quidam
2887 3790 3054 3829 sonus
3102 3782 3157 3828 et
3204 3772 3387 3842 fragor
3436 3787 3465 3824 a

1890 3867 2074 3922 multis
2123 3868 2496 3921 exaudiretur.
2559 3867 2813 3935 Disrupta
2866 3866 3010 3918 enim
3072 3873 3200 3916 sunt
3258 3862 3465 3924 omnia,

1890 3975 2011 4030 quae
2039 3969 2195 4015 erant
2216 3960 2358 4013 intra
2382 3961 2579 4028 ipsum,
2608 3966 2658 4013 et
2682 3959 2929 4013 contrita
2955 3964 3082 4010 sunt
3103 3970 3296 4010 omnes
3321 3969 3467 4009 com-

1893 4068 2055 4122 pages
2110 4054 2228 4122 ejus
2284 4054 2531 4116 ossium,
2576 4064 2632 4117 et
2678 4053 2816 4107 oculi
2862 4057 3210 4108 excesserunt
3259 4063 3289 4102 θ
3338 4046 3467 4101 sede

1894 4144 2133 4214 pr0pria.
2178 4144 2281 4196 Sed
2331 4145 2582 4212 quamvis
2613 4152 2755 4197 esset
2790 4142 2854 4195 ad
2891 4142 3029 4195 hanc
3074 4140 3338 4194 adductus
3369 4153 3467 4193 nc-

1893 4235 2222 4300 cessitatem,
2268 4251 2374 4287 non
2426 4234 2667 4305 neglexit
2719 4243 2898 4289 tamen
2942 4232 3009 4286 ad
3049 4231 3216 4284 Deum
3246 4245 3466 4285 canere.

1897 4326 2162 4381 Psallebat
2199 4328 2367 4390 enim,
2407 4347 2424 4377 ι
2461 4327 2518 4380 lu
2547 4336 2720 4397 petra,
2749 4327 2958 4394 dicens,
2990 4324 3237 4379 exaltasti
3273 4338 3380 4387 me,
3414 4332 3469 4377 et

1896 4420 2164 4475 deduxisti
2206 4435 2312 4481 me,
2346 4420 2605 4487 quoniam
2650 4419 2825 4474 lactus
2858 4434 2917 4473 es
2954 4432 3076 4486 spes
3116 4432 3263 4479 mea,
3301 4414 3468 4469 turris

1889 4512 2113 4566 virtutis
2136 4526 2163 4564 a
2189 4509 2328 4565 l'acic.
2351 4510 2580 4565 inimici.
2611 4510 2857 4563 Statuisti
2884 4522 3044 4575 supra
3071 4515 3277 4575 petram
3304 4504 3470 4575 pedes

1898 4620 2067 4667 meos,
2104 4614 2158 4659 et
2192 4602 2440 4659 direxisti
2483 4616 2702 4672 gressus
2740 4615 2892 4655 meos
2924 4602 2986 4653 ”.
3032 4618 3052 4651 ι
3086 4596 3284 4668 Accipe
3317 4611 3469 4666 ergo,

1895 4696 1992 4751 Fili
2029 4697 2118 4750 Dei
2149 4695 2447 4765 unigenite,
2479 4694 2730 4763 spiritum
2755 4709 2959 4754 meum.
2989 4702 3045 4747 et
3072 4705 3141 4744 ne
3172 4690 3468 4744 concludas

1895 4804 1981 4843 me
2014 4790 2066 4842 in
2106 4802 2301 4840 manus
2337 4783 2703 4837 inimicorum.
2748 4784 2837 4836 Sic
2866 4796 2993 4851 ergo
3024 4794 3146 4833 cum
3192 4780 3245 4831 in
3290 4777 3467 4835 medio

1893 4891 2167 4952 petrarum
2211 4888 2381 4932 totum
2413 4877 2557 4931 diem
2588 4887 2643 4930 et
2674 4884 2889 4930 noctem
2922 4873 3209 4928 mansisset
3243 4883 3465 4942 martyr,

1887 4974 2049 5043 jussit
2091 4970 2390 5033 sceleratus
2428 4968 2679 5023 Julianus
2704 4965 2937 5034 disjungi
2977 4974 3175 5033 petras,
3209 4976 3333 5017 eum
3368 4977 3464 5031 pe-

1894 5068 2041 5120 nitus
2072 5065 2365 5125 interiisse,
2401 5070 2456 5114 et
2500 5061 2702 5112 nullam
2753 5059 2975 5128 spiritus
3006 5064 3210 5124 partem
3255 5068 3376 5109 esse
3416 5054 3464 5108 ei

1894 5159 2133 5212 relictam
2166 5172 2272 5225 prae
2307 5151 2396 5206 illo
2424 5152 2593 5206 nimio
2630 5166 2796 5206 onere
2827 5150 3116 5205 arbitrans.
3149 5148 3243 5205 ille
3282 5154 3462 5202 autem

1893 5258 2108 5303 amotus
2148 5262 2179 5300 a
2233 5246 2425 5315 petris,
2470 5258 2723 5314 egressus
2775 5253 2879 5307 est,
2932 5242 3211 5302 incedens,
3259 5250 3312 5292 et
3356 5238 3469 5292 suis

1897 5352 2053 5397 utens
2082 5340 2332 5407 pedibus,
2365 5351 2549 5392 revera
2580 5334 2902 5389 miraculum
2937 5332 3167 5389 maxime
3194 5329 3469 5384 admiran-

1891 5434 2045 5488 dum.
2088 5430 2263 5486 Homo
2303 5430 2500 5491 nudus,
2528 5427 2616 5482 cui
2646 5428 2847 5498 egressi
2880 5426 3097 5496 quidem
3126 5430 3278 5478 erant
3302 5421 3468 5483 oculi,

1894 5544 2017 5584 ossa
2049 5525 2309 5586 contrita,
2344 5523 2587 5576 membra
2624 5532 2676 5577 et
2706 5534 2901 5577 carnes
2932 5528 3206 5589 petrarum
3242 5513 3468 5583 compli-

1893 5622 2108 5679 catioue
2165 5630 2502 5687 compressa,
2563 5615 2681 5684 ejus
2740 5623 2921 5667 autem
2972 5610 3229 5664 intestina
3288 5605 3467 5660 omnia

1897 5715 2092 5771 misere
2121 5708 2449 5767 efﬂuxerant
2477 5726 2491 5764 :
2519 5707 2565 5764 is
2595 5708 2648 5781 (ο
2677 5720 2877 5763 novum
2906 5712 2955 5758 et
2989 5703 3221 5757 alienum
3256 5704 3466 5768 specta-
