4142 6508
206 423 336 487 l‘213

1503 432 1670 490 VITA
1714 435 1774 494 S.
1810 435 2141 494 ABEHCII.

3296 440 3429 504 1214

196 533 567 601 διαχεομένην,
605 533 840 601 χαλεπὸν
894 536 955 590 τὸ
1004 538 1235 605 πρᾶγμα
1285 538 1379 590 καὶ
1407 538 1598 601 δεινῶς
1629 542 1751 594 ἆτο-

1865 548 1987 603 bus.
2027 561 2152 600 cum
2204 546 2457 615 lacrymis
2490 546 2656 601 Deum
2690 561 2933 603 seorsum
2969 550 3311 618 precabatur,
3345 553 3423 607 di-

198 640 291 673 πον
322 623 689 691 ἡγησάμενος,
739 622 833 675 καὶ
886 620 975 676 οἷα
1034 624 1174 693 ὑπὲρ
1229 626 1473 694 ἀδελφῶν
1528 630 1759 699 πληγεὶς

196 713 291 779 τήν
317 712 514 779 ψυχὴν,
552 714 607 764 ἐν
642 713 868 782 δάκρυσι
899 713 975 778 τῷ
1017 713 1483 785 Θεῷρκαταμὸνας
1516 722 1756 789 προσηύ-

199 818 338 867 χετο,
369 801 491 863 Θεέ,
512 801 706 868 λέγων,
732 802 837 853 τῶν
863 801 1097 873 αἰώνων,
1124 805 1218 854 καὶ
1245 804 1414 872 Κύριε
1442 807 1534 857 τοῦ
1554 807 1758 873 ἐλέους,

197 891 287 942 καὶ
313 892 607 959 δημιουργὲ
663 892 754 943 τοῦ
791 891 1103 961 σύμπαντος
1134 894 1287 948 τοῦδε
1322 899 1413 949 καὶ
1472 899 1755 967 συνοχεύς,

193 982 219 1035 ὁ
262 981 682 1049 ἐνανθρωπῆσαι
739 982 825 1032 τὸν
878 986 1140 1055 μονογενῆ
1171 986 1264 1037 σοῦ
1295 988 1467 1041 Παῖδα
1516 988 1583 1041 δι’
1614 993 1759 1057 ἡμᾶς

194 1071 513 1138 εὐδοκήσας,
542 1074 687 1125 ἔπιδε
725 1074 815 1125 καὶ
861 1074 957 1127 νῦν
989 1076 1072 1143 ἐφ’
1103 1077 1161 1130 ὅν
1194 1078 1635 1149 ἐδημιούργησας
1670 1083 1758 1135 κό-

198 1179 365 1230 σμον,
408 1165 541 1233 μηδέ
566 1166 664 1233 τὴν
696 1166 794 1233 σὴν
842 1167 1048 1236 ταύτην
1071 1170 1226 1221 πόλιν
1266 1172 1322 1223 ἐν
1427 1189 1495 1239 με
1527 1174 1761 1241 ποιμένα

194 1253 301 1303 τῶν
332 1255 438 1305 σῶν
470 1255 593 1306 ἔθου
624 1256 934 1325 προϐάτων,
967 1260 1059 1310 καὶ
1088 1255 1154 1330 ἧς
1176 1257 1252 1326 τῷ
1287 1261 1493 1329 ἀναξίῳ
1518 1261 1637 1328 ἐμοὶ
1662 1262 1760 1327 τὴν

192 1345 499 1412 ἐπισκοπὴν
519 1346 874 1415 ἐνεχείρισας,
914 1350 1309 1417 χειροποιήτοις
1341 1348 1486 1401 οὕτω
1512 1351 1760 1421 περιίδῃς

193 1431 532 1499 βδελύγμασι
566 1437 968 1504 προσκειμένην
990 1452 1002 1466 ·
1041 1437 1176 1489 ἀλλά
1210 1438 1304 1488 τοῦ
1340 1439 1760 1503 ἐπισκοτοῦντος

190 1521 329 1593 αύτῇ
383 1525 479 1593 τῆς
506 1526 719 1594 ἀπάτης
761 1528 958 1595 νέφους
1009 1529 1352 1595 ἀπαλλάξας,
1390 1530 1469 1601 τῷ
1504 1531 1581 1600 σῷ
1618 1532 1757 1600 φωτὶ

195 1620 643 1686 προσοικείωσον.

259 1705 334 1759 B'.
370 1708 555 1761 Ταῦτα
587 1712 679 1763 ἐπὶ
720 1712 851 1765 πολὺ
900 1711 997 1779 τῆς
1035 1712 1245 1779 ἡμέρας
1291 1712 1754 1781 προσευξάμενος,

191 1799 285 1849 καὶ
323 1797 476 1866 ὕπνῳ
526 1801 646 1863 δοὺς
681 1804 889 1865 ἑαυτὸν,
925 1794 1037 1871 ὸρᾷλ
1078 1803 1295 1854 νεανίαν
1328 1803 1526 1866 ὡραῖόν
1570 1822 1628 1856 τε
1660 1806 1757 1857 καὶ

189 1889 356 1941 καλὸν
377 1892 438 1942 τὸ
467 1888 625 1956 εἶδος,
647 1894 838 1962 ῥάϐδον
855 1893 1001 1961 αύτῷ
1029 1894 1421 1965 ἐγχειρίζοντα,
1446 1896 1537 1949 καὶ
1570 1897 1656 1948 Ἐν
1681 1896 1759 1967 τῷ

186 1981 413 2048 ὄνοματὶ
446 2000 571 2050 μου,
614 1983 881 2053 ’Δόἑρκιε,
905 1984 1155 2051 λέγοντα,
1197 1989 1492 2055 πορεύθητι
1523 1988 1634 2051 νῦν,
1665 1987 1758 2039 καὶ

189 2070 480 2139 σύντριψον
537 2075 603 2142 τῇ
654 2073 923 2144 βακτηρία
983 2077 1160 2145 ταύτῃ
1223 2078 1347 2137 τοὺς
1402 2079 1497 2145 τῆς
1550 2078 1757 2146 πλάνης

185 2164 419 2223 αἰτίους.
490 2165 829 2228 Διυπνισθεὶς
894 2163 1008 2229 οὖν,
1079 2170 1172 2220 καὶ
1225 2167 1307 2219 ὅτι
1355 2167 1554 2235 Κύριος
1600 2164 1667 2237 ἦν
1730 2171 1757 2220 ὁ

186 2256 379 2319 φανεὶς
420 2254 566 2324 αύτῷ
627 2257 800 2318 καλῶς
836 2260 1116 2326 ἐννοήσας,
1178 2257 1337 2320 εὐθὺς
1398 2259 1754 2322 διανίσταται,

188 2346 286 2398 καὶ
360 2347 593 2415 θάρσους
676 2351 1036 2417 ἐμπίπλαται,
1126 2350 1220 2402 καὶ
1298 2350 1648 2419 παμμέγεθές
1707 2370 1758 2404 τι

189 2437 353 2499 ξύλον
411 2439 686 2509 ἁρπάσας,
742 2440 925 2492 ἄπεισι
980 2441 1157 2492 πνέων
1208 2441 1372 2510 ζήλου
1429 2444 1523 2494 καὶ
1585 2441 1755 2511 ὀργῆς

181 2530 395 2590 ἐκεῖνος
454 2532 602 2600 παρᾶ
646 2534 703 2582 τὸ
747 2530 839 2583 τοῦ
904 2532 1235 2594 ’Λπόλλωνος
1287 2532 1451 2600 ἱερὸν,
1511 2532 1638 2583 ἔνθα
1696 2533 1753 2584 αἱ

183 2621 439 2673 πλεῑσιαι
467 2624 686 2675 σπονδαί
719 2641 777 2675 τε
813 2624 905 2676 καὶ
946 2624 1129 2678 θυσίαι
1165 2624 1520 2682 διετελοῦντο.
1549 2619 1656 2675 Ἦν
1688 2624 1745 2676 δὲ

182 2716 318 2782 περί
348 2732 450 2769 που
500 2717 595 2785 τὴν
630 2718 827 2787 ἐνάτην
875 2717 1022 2787 ὥραν
1057 2720 1087 2787 ἡ
1122 2718 1236 2783 νὺξ,
1275 2719 1366 2770 καὶ
1401 2720 1465 2787 τῇ
1508 2718 1624 2787 θεία
1656 2735 1753 2770 πει-

181 2801 392 2866 ποιθὼς
424 2807 715 2872 ἐμφανεία,
771 2808 959 2874 πρῶτα
994 2808 1092 2874 μὲν
1119 2808 1307 2867 αὑταῖς
1338 2811 1493 2877 χερσὶ
1515 2810 1609 2868 τὰς
1657 2808 1751 2862 τοῦ

181 2897 290 2945 νεὼ
326 2893 501 2955 πύλας
542 2893 705 2946 ὠθεῖ·
738 2896 830 2945 καὶ
861 2897 981 2946 ἐπεὶ
1011 2897 1070 2949 αἶ
1113 2913 1173 2947 τε
1202 2897 1407 2961 κλεῖδες
1458 2898 1606 2966 αὐτῷ
1659 2898 1753 2950 καὶ

180 2986 231 3037 οἱ
283 2985 475 3053 μοχλοὶ
513 2985 925 3055 συνετρίϐησαν,
979 2990 1073 3037 καὶ
1102 2988 1159 3040 αἱ
1193 2986 1355 3039 πύλαι
1384 2987 1754 3056 ἀνεπετάσθη-

183 3093 308 3139 σαν,
342 3079 422 3139 είς
457 3079 621 3144 μέσον
639 3078 726 3127 τὸν
756 3077 879 3128 ναὸν
903 3078 1236 3147 εἰσδραμὼν,
1268 3079 1328 3130 τὸ
1358 3075 1527 3138 ἑστὼς
1572 3078 1749 3128 ἐκεῖσε

174 3168 281 3221 τοῦ
331 3168 663 3230 Ἀπόλλωνος
707 3168 923 3222 εἴδωλον
966 3171 1197 3235 κατέαξὲ
1230 3189 1285 3223 τε
1318 3176 1408 3225 καὶ
1435 3173 1512 3235 εἰς
1573 3170 1748 3222 λεπτά

180 3260 403 3313 διεῖλεν.
471 3256 605 3312 Εἶτα
638 3258 731 3310 καὶ
772 3261 837 3310 τά
870 3260 976 3312 τῶν
1022 3262 1195 3313 ἄλλων
1232 3263 1371 3314 θεῶν
1429 3260 1745 3330 περιελθὼν,
1776 3228 1819 3290 C

178 3350 377 3418 ἐπίσης
419 3349 657 3412 διέθηκε.
696 3349 801 3398 Καὶ
834 3350 879 3399 οἱ
911 3349 1022 3400 θεοὶ
1067 3350 1165 3401 ούκ
1223 3349 1519 3417 ἠμύναντο,
1556 3351 1646 3399 καὶ
1683 3349 1746 3398 τὰ

176 3442 337 3510 κωφά
362 3444 455 3494 καὶ
488 3441 715 3510 μάταια,
746 3443 896 3509 κωφά
929 3442 1069 3496 ούτω
1098 3446 1189 3496 καὶ
1224 3444 1411 3510 ἄφωνα
1437 3437 1501 3512 ἦν
1522 3459 1534 3473 ·
1569 3440 1748 3509 φωνὴν

181 3536 450 3603 μεγίστην
489 3533 597 3585 ἀπὸ
640 3535 748 3585 τῶν
799 3534 979 3604 ἔργων
1009 3537 1261 3602 ἀφιέντα,
1297 3536 1378 3587 ὅτι
1442 3535 1751 3603 μεμήνασιν

175 3628 459 3695 ἄνθρωποι
520 3627 785 3687 τοιούτοις
836 3625 955 3678 οὖσι
1002 3632 1383 3693 προσέχοντες,
1452 3629 1545 3676 καὶ
1596 3626 1748 3686 θεοὺς

175 3722 377 3780 αύτοὺς
412 3718 792 3785 ὀνομάζοντες,
838 3720 929 3768 καὶ
976 3720 1056 3769 ὅτι
1100 3716 1273 3768 ταῦτα
1320 3716 1355 3767 ἆ
1397 3716 1593 3782 πάσχει
1630 3712 1747 3778 νῦν,

172 3810 397 3867 δικαίως
428 3808 614 3858 ἐκεῖνα
645 3807 838 3873 πάσχει
888 3806 980 3857 καὶ
1014 3805 1134 3858 λίαν
1184 3806 1512 3866 ἐπαινετῶς.

235 3900 335 3951 Τ’.
391 3896 459 3951 Οἱ
500 3900 680 3966 μέντοι
716 3897 1048 3966 θεραπευταὶ
1087 3898 1193 3949 τῶν
1227 3897 1362 3948 θεῶν
1396 3900 1488 3949 καὶ
1537 3896 1628 3949 τοῦ
1646 3896 1749 3948 νεὼ

173 3993 471 4061 ὑπηρέται,
500 3994 567 4041 τὰ
592 3990 932 4057 γεγενημένα
956 3988 1127 4041 ταῦτα
1157 3990 1299 4040 κατά
1330 3987 1527 4057 πολλὴν
1544 3990 1747 4056 τόλμαν

176 4083 401 4145 ἰδόντες,
440 4083 629 4151 μεστοὶ
674 4081 989 4148 ἐκπλήξεως
1052 4083 1145 4131 καὶ
1192 4082 1427 4150 ἀπορίας
1473 4081 1745 4151 εἱστήκει-

172 4163 299 4233 σάν,
364 4175 424 4227 ’0
472 4175 551 4236 δὲ,
584 4174 716 4243 πρὸς
778 4174 976 4233 αὐτοὺς
1029 4174 1406 4239 ἐπιστραφεὶς,
1487 4173 1623 4242 ὀργῇ
1689 4190 1747 4224 τε

168 4267 358 4334 δικαία
391 4266 418 4313 ὁ
449 4264 653 4323 δίκαιος
682 4262 908 4326 ἀπιδὼν,
937 4264 1154 4326 "Am-.5,
1188 4261 1340 4330 φησὶ,
1368 4264 1430 4330 τῇ
1468 4262 1628 4330 βουλῇ
1657 4263 1748 4313 καὶ

167 4356 248 4426 τῷ
283 4357 445 4425 δήμῳ
475 4354 637 4404 παντὶ
689 4344 1082 4419 ἀπαγγείλατε,
1138 4354 1211 4413 ὡς
1254 4355 1301 4405 οἱ
1336 4352 1448 4407 θεοὶ
1494 4353 1643 4422 ὑμῶν
1678 4355 1741 4420 τῇ

168 4447 547 4518 παρατεθείση
582 4444 704 4515 χθὲς
736 4443 917 4505 αὐτοῖς
974 4444 1174 4512 εὐωχίᾳ
1229 4447 1322 4496 καὶ
1377 4443 1525 4511 αύτῴ
1576 4442 1748 4510 κώμῳ

170 4538 539 4609 μεθύσαντες,
561 4533 885 4604 συνέτριψαν
915 4550 972 4585 τε
1006 4534 1293 4601 ἀλλήλους,
1318 4535 1411 4584 καὶ
1446 4535 1523 4594 εἰς
1550 4533 1745 4598 ἔδαφος

165 4633 312 4683 οὕτω
336 4628 723 4680 κατέσπασαν.
774 4627 913 4678 ’Λλϊ
946 4627 1124 4695 ὑμεῖς,
1162 4626 1213 4677 εἴ
1257 4642 1318 4692 γε
1351 4614 1424 4693 δή
1457 4625 1548 4675 καὶ
1586 4624 1741 4689 ὀλίγα

167 4722 383 4790 φρενῶν
441 4719 720 4787 μετέχετε,
774 4720 839 4769 τὰ
895 4720 1278 4787 συντρίμματα
1334 4717 1441 4768 τῶν
1508 4713 1742 4767 εἰδώλων

162 4813 338 4866 ταῦτα
382 4810 597 4876 καμίνῳ
648 4810 912 4880 παράδοτε
978 4812 1068 4859 καὶ
1110 4810 1260 4876 πνρί.
1311 4810 1463 4878 Τάχα
1499 4810 1607 4879 γάρ
1679 4810 1744 4860 ἂν

163 4908 340 4966 οὕτως
389 4908 518 4974 ὑμῖν
550 4906 597 4956 οἱ
644 4896 751 4956 θεοὶ
794 4907 1057 4974 χρήσιμοί
1085 4919 1182 4954 που
1216 4904 1459 4970 ὀφθεῖεν,
1504 4906 1591 4957 διά
1644 4901 1763 4972 τῆς¹

164 5000 457 5059 ἀσϐέστου,
485 4996 647 5065 φημὶ,
678 4995 775 5062 τῆς
807 4996 864 5061 ἐξ
893 4995 1070 5047 αὐτῶν
1097 4994 1321 5047 ἐκείνων
1344 4995 1741 5064 γενησομένης.

163 5090 351 5143 Ταῦτα
374 5089 587 5158 πραξας
619 5087 895 5156 Ἀϐἐρκιος
922 5086 1015 5136 καὶ
1038 5085 1228 5148 εἰπὼν,
1253 5086 1435 5138 οἴκαδε
1478 5085 1741 5153 ἐπανῆκε,

164 5182 421 5249 καθάπερ
474 5195 557 5238 τις
605 5178 857 5245 ἀριστεὺς
916 5178 1132 5238 κοινοὺς
1167 5176 1371 5228 ἀνελὼν
1424 5176 1740 5253 πολεμίους,

162 5272 375 5324 πολλῶν
408 5270 575 5330 ὄντως
605 5266 789 5335 ψυχῶν
821 5262 1093 5327 ἀπωλείας
1124 5264 1355 5326 αἰτίους.
1395 5262 1744 5317 Ἐπανελθὼν

162 5366 217 5415 δὲ
253 5362 379 5421 τοὺς
420 5360 555 5427 πρὸς
629 5358 791 5409 αὑτὸν
829 5356 1161 5427 συρρέοντας
1209 5353 1492 5407 ἐδίδασκεν
1549 5356 1744 5424 ὄχλους

163 5454 480 5513 θεοσεϐείας
534 5448 765 5516 ἀληθοῦς
824 5446 1065 5515 ἔχεσθαι,
1126 5446 1219 5496 καὶ
1286 5450 1405 5516 βίου
1465 5449 1743 5518 σώφρονος

162 5542 568 5614 ἐπιμελεῖσθαι.
607 5538 744 5589 Ὑπὸ
764 5538 819 5589 δὲ
856 5536 955 5602 τὴν
989 5537 1156 5605 αὐτὴν
1182 5537 1377 5603 νύκτα,
1412 5539 1467 5590 οἴ
1493 5557 1550 5592 τε
1583 5540 1741 5592 θύται

162 5640 254 5689 καὶ
302 5636 353 5685 οἱ
388 5632 647 5699 νεωκόροι
681 5629 939 5691 προσίασι
979 5632 1041 5696 τῇ
1092 5627 1277 5698 βουλῇ,
1339 5630 1433 5681 καὶ
1489 5648 1741 5697 προσαγ-

160 5729 413 5798 γέλλονσι
441 5726 538 5791 μὲν
570 5721 870 5789 ’Ᾱϐἐρκιο-θ,
898 5720 1317 5773 ἀναδιδάσκουσι
1351 5721 1408 5771 δὲ
1426 5725 1495 5775 τα
1518 5739 1743 5791 γεγενη-

166 5824 325 5889 μένα,
360 5820 450 5868 καὶ
478 5814 587 5883 ἅμα
616 5812 749 5880 φωτὶ
779 5810 931 5877 λόγος
959 5811 1121 5872 εύθὺς
1146 5809 1231 5864 διὰ
1266 5814 1484 5867 πάντων
1518 5814 1737 5883 ἐχώρει,

1870 652 2039 690 cens:
2074 636 2216 689 Deus
2252 638 2596 702 saeculorum,
2645 648 2701 693 et
2758 640 2983 693 Domine
3015 641 3425 704 misericordiae,

1864 729 1954 796 qui
1988 727 2093 780 hoc
2118 731 2435 783 universum
2468 730 2758 785 fabricatus
2819 731 2869 785 id
2901 732 3185 786 contines:
3221 736 3309 801 qui
3338 749 3428 788 vo.

1865 819 2033 880 luisti,
2067 830 2126 871 ιιι
2157 821 2468 890 uuigenitus
2501 832 2625 877 tuus
2652 822 2820 877 Filius
2875 818 3095 891 propter
3132 839 3232 877 nos
3264 822 3426 878 homo

1867 909 2037 973 ﬁeret,
2066 926 2210 964 nunc
2240 927 2457 980 quoque
2488 914 2675 982 aspice
2698 914 2981 974 mundum,
3015 931 3173 983 quem
3206 923 3259 968 tu
3296 930 3426 969 con-

1863 1000 2090 1054 didisti:
2138 1017 2315 1071 neque
2363 1004 2503 1058 hanc
2554 1014 2700 1059 tuam
2751 1006 3045 1071 civitatem,
3083 1007 3135 1059 in
3182 1022 3286 1075 qua
3340 1024 3425 1061 me

1865 1092 2096 1159 posuisti
2149 1108 2419 1161 pasmrem
2472 1106 2683 1150 tuarum
2731 1100 2934 1161 ovium,
2983 1108 3037 1153 et
3082 1101 3239 1166 cujus
3292 1101 3422 1153 mihi

1865 1182 2087 1252 indigno
2120 1186 2440 1241 commisisti
2473 1188 2863 1256 episc0patum,
2899 1190 3168 1257 despicias
3200 1191 3277 1243 sic
3308 1206 3421 1242 ina-

1864 1272 2098 1328 nufactis
2146 1275 2383 1329 deditam
2425 1278 2961 1333 abominationibus:
3016 1280 3108 1333 sed
3143 1296 3237 1332 eos
3289 1281 3426 1332 Iibe-

1865 1370 2009 1418 ratos
2056 1382 2084 1418 a
2135 1368 2275 1421 nube
2319 1369 2540 1434 erroris,
2579 1386 2699 1439 quae
2749 1370 2828 1423 eis
2869 1370 3098 1424 oﬂundit
3145 1370 3417 1434 tenebras,

1863 1458 2097 1527 adjunge
2126 1460 2219 1512 luo
2253 1461 2470 1514 lumini.

1932 1716 1995 1772 ll.
2041 1716 2161 1772 Haec
2197 1735 2317 1772 cum
2350 1735 2539 1789 magna
2568 1721 2674 1774 diei
2707 1732 2858 1790 parte
2893 1732 3036 1777 esset
3065 1735 3339 1792 precatus,
3366 1736 3421 1779 et

1862 1825 1920 1864 se
1968 1826 2160 1864 somno
2203 1812 2456 1875 dedisset,
2507 1813 2653 1865 videt
2686 1813 3087 1867 adolescentem
3119 1816 3417 1884 elegantem

1862 1914 1926 1955 ac
1956 1901 2286 1969 speciosum,
2340 1902 2543 1972 virgam
2579 1903 2626 1956 ei
2660 1902 2713 1956 in
2750 1919 2966 1956 manum
3003 1905 3333 1965 tradentem,
3368 1917 3423 1958 et

1860 1990 2131 2044 dicentem
2161 2008 2174 2043 ι
2216 1990 2272 2043 ln
2306 1994 2526 2060 nomine
2572 2008 2711 2052 meo,
2746 1994 2960 2055 Aberci,
2994 2009 3140 2046 nunc
3178 1995 3417 2054 ambula,

1858 2090 1911 2134 et
1949 2082 2051 2134 hoc
2085 2081 2276 2134 baculo
2310 2092 2533 2137 contere
2593 2094 2845 2137 auctores
2893 2084 3114 2137 erroris.
3156 2085 3193 2137 l".
3228 2100 3420 2137 soumo

1857 2184 1983 2239 ergo
2025 2172 2313 2233 excitatus,
2356 2188 2478 2225 cum
2521 2185 2666 2226 recte
2738 2175 3091 2227 intellexisset
3134 2174 3417 2226 Dominum

1859 2259 1959 2311 sibi
1993 2260 2326 2327 apparuisse,
2378 2263 2557 2317 statim
2591 2264 2782 2331 surgit,
2817 2273 2868 2316 et
2904 2264 3157 2330 impletur
3197 2263 3416 2325 ﬁducia,

1860 2359 1912 2403 et
1940 2352 2173 2404 maximo
2207 2352 2351 2422 ligno
2391 2363 2633 2422 arri-pio,
2662 2355 2797 2408 abiit
2846 2354 2954 2413 ille,
2996 2355 3167 2406 zelum
3207 2354 3421 2421 Spirans

1860 2448 1912 2491 et
1941 2437 2094 2499 iram,
2129 2438 2193 2491 ad
2240 2442 2499 2507 templum
2552 2441 2839 2509 Apollinis,
2897 2440 2983 2493 ubi
3023 2441 3420 2510 peragebantur

1859 2528 2009 2595 plura
2042 2528 2307 2581 sacriﬁcia
2344 2540 2397 2581 et
2426 2529 2705 2595 libamina.
2748 2531 2878 2584 Erat
2928 2542 3107 2588 autem
3143 2531 3287 2584 circa
3323 2546 3412 2582 no-

1858 2632 1980 2668 nam
2008 2617 2192 2670 horam
2220 2622 2419 2673 noctis.
2448 2620 2629 2688 Itaque
2652 2622 2835 2674 divina
2865 2621 3036 2674 fretus
3056 2623 3416 2690 apparitione,

1856 2707 2087 2775 primum
2116 2710 2331 2776 quidem
2355 2713 2485 2778 ipsis
2511 2713 2759 2765 manibus
2784 2713 2959 2780 pulsat
2982 2714 3164 2782 templi
3198 2724 3379 2782 portas
3406 2736 3416 2767 :

1857 2811 1911 2851 et
1940 2816 2060 2855 cum
2116 2802 2294 2856 claves
2325 2813 2377 2856 et
2425 2815 2605 2857 vectes
2636 2804 2704 2856 ab
2753 2820 2818 2857 eo
2868 2814 3052 2857 essent
3087 2804 3331 2866 contriti,
3363 2814 3419 2858 et

1856 2902 2055 2961 apertae
2108 2905 2292 2949 essent
2325 2905 2511 2965 porta',
2569 2898 2619 2948 in
2668 2897 2903 2949 medium
2951 2911 3240 2949 accurrens
3278 2906 3417 2950 [em-

1856 2986 2025 3053 plum,
2056 2987 2338 3055 Apollinis,
2369 2989 2510 3056 quod
2539 2987 2643 3040 illic
2675 2988 2872 3050 stabat,
2906 2988 3255 3041 simulacrum
3282 3004 3416 3041 cono

1855 3075 2014 3144 fregit
2050 3092 2111 3131 ac
2146 3080 2486 3132 comminuit.
2525 3079 2731 3132 Deinde
2761 3080 2862 3132 alia
2915 3093 3132 3147 quoque
3184 3080 3411 3133 aliorum

1857 3168 2077 3221 deorum
2111 3170 2399 3222 simulacra
2430 3170 2643 3232 obiens,
2677 3171 2859 3225 allecit
2892 3171 3275 3225 similiterxbii
3318 3170 3414 3223 au-

1856 3274 1961 3316 tem
1989 3276 2097 3314 non
2126 3276 2183 3315 se
2214 3261 2596 3324 defenderunt,
2625 3272 2677 3315 ct
2707 3277 2825 3334 quae
2858 3274 2984 3314 sunt
3015 3263 3175 3316 surda
3211 3270 3267 3314 et
3301 3265 3417 3314 ina-

1854 3354 1963 3415 nia,
1995 3356 2070 3408 sic
2114 3363 2271 3406 erant
2298 3353 2455 3423 plane
2504 3352 2664 3409 surda
2706 3361 2760 3406 et
2805 3363 2971 3415 muta,
3011 3368 3197 3406 vocem
3232 3362 3413 3405 tamen

1854 3444 2143 3495 maximam
2192 3445 2352 3495 rebus
2388 3444 2521 3510 ipsis
2551 3445 2877 3509 emittentia,
2912 3445 3133 3499 insanos
3161 3458 3279 3497 esse
3316 3446 3413 3496 ho-

1852 3536 2046 3599 mines,
2081 3532 2172 3601 qui
2223 3548 2317 3587 eos
2355 3536 2559 3593 colunt,
2590 3543 2643 3585 et
2692 3535 2821 3587 deos
2853 3536 3177 3589 nominant:
3209 3546 3262 3589 et
3295 3552 3414 3603 qua:

1853 3640 1998 3679 nunc
2034 3625 2332 3691 patiuntur,
2384 3624 2471 3677 illa
2524 3624 2740 3693 quidem
2790 3625 2935 3693 juste
2984 3625 3117 3693 pati,
3162 3635 3215 3677 et
3260 3626 3414 3677 valde

1852 3717 2217 3771 laudabiliter.

1921 3892 2006 3947 lll.
2052 3892 2283 3946 Deorum
2315 3900 2493 3944 autem
2537 3892 2799 3956 cultores,
2832 3901 2885 3945 et
2933 3891 3118 3961 templi
3153 3890 3412 3953 ministri,

1850 4002 1970 4041 cum
2000 3987 2115 4040 haec
2138 4000 2329 4053 magna
2355 3983 2579 4036 audacia
2608 3982 2753 4036 facta
2788 3998 2908 4035 esse
2942 3984 3227 4045 vidissent,
3257 3994 3415 4037 erant

1851 4078 1995 4146 pleni
2020 4086 2240 4143 stupore
2264 4086 2318 4130 et
2347 4074 2701 4129 dubitatione.
2730 4073 2776 4127 Is
2809 4089 2936 4127 vero
2966 4073 3031 4127 ad
3056 4089 3151 4126 eos
3183 4088 3416 4127 conver-

1850 4184 1963 4232 sus,
1992 4169 2209 4238 etjusta
2244 4182 2364 4220 cum
2387 4168 2486 4228 ira,
2516 4166 2695 4233 justus
2728 4166 2980 4217 intuens:
3008 4166 3186 4227 Abite,
3220 4168 3413 4234 inquit,

1849 4262 1913 4315 ad
1938 4272 2206 4321 senatum,
2227 4271 2280 4313 et
2305 4248 2401 4314 toti
2429 4259 2626 4329 p0pulo
2650 4260 2980 4320 renuntiate,
2999 4260 3141 4325 quod
3158 4258 3229 4310 dii
3253 4259 3413 4310 vestri

1853 4355 2109 4405 hesterno
2142 4350 2396 4403 inebriati
2426 4351 2679 4405 convivio
2712 4363 2764 4405 et
2799 4352 3214 4412 comessationc,
3244 4367 3302 4404 se
3335 4352 3415 4402 iu-

1852 4441 2020 4494 vicem
2053 4439 2452 4502 contriverunt,
2492 4451 2545 4492 et
2594 4440 2675 4492 sic
2723 4444 2780 4491 in
2844 4448 3039 4491 terram
3073 4439 3413 4508 deiecerunt.

1783 4566 1821 4618 υ
1857 4530 1963 4585 Sed
1996 4530 2113 4592 vos,
2144 4531 2185 4583 si
2216 4532 2344 4599 quid
2372 4532 2446 4583 ‘sit
2472 4532 2525 4583 in
2559 4532 2708 4582 vobis
2739 4544 2959 4592 sensus,
2995 4530 3271 4584 confracta
3303 4531 3416 4583 lucc

1853 4624 2139 4679 simulacra
2186 4623 2405 4678 camino
2444 4622 2697 4677 mandate
2742 4631 2801 4674 et
2852 4621 2981 4690 igni.
3034 4621 3125 4675 Sic
3156 4622 3299 4673 enim
3338 4621 3410 4673 dii

1853 4720 2014 4771 vestri
2039 4718 2187 4771 vobis
2208 4717 2343 4770 forte
2368 4716 2570 4770 fuerint
2593 4716 2770 4777 utiles,
2805 4729 2901 4781 per
2925 4713 3146 4777 calcem,
3171 4712 3409 4780 inquam,

1851 4825 1967 4880 quae
2022 4820 2101 4863 est
2155 4824 2218 4861 ex
2259 4808 2362 4861 illis
2407 4807 2676 4860 l‘acienda.
2736 4804 2862 4857 Haec
2912 4819 3033 4858 cum
3092 4803 3310 4856 iecisset
3358 4815 3412 4858 et

1852 4900 2393 4962 dixissethbercius,
2423 4898 2648 4951 domum
2686 4896 2866 4957 rediit,
2903 4906 3153 4964 tanquam
3186 4898 3265 4947 vir
3301 4897 3411 4948 for-

1854 4997 2113 5059 tissimus,
2144 4993 2256 5048 suis
2280 4990 2575 5061 peremptis
2607 4988 2873 5050 hostibus,
2905 4986 2995 5056 qui
3031 4996 3189 5039 erant
3221 5000 3405 5038 revera

1852 5096 2100 5141 auctores
2129 5084 2279 5139 exitii
2320 5082 2608 5134 multarum
2645 5080 2969 5131 animarum.
2999 5077 3272 5132 Reversus
3308 5094 3408 5131 au-

1854 5191 1959 5234 tem
1991 5178 2219 5231 dueebat
2254 5173 2677 5235 multitudinem,
2714 5186 2832 5240 quae
2862 5170 2926 5223 ad
2963 5171 3137 5236 ipsum
3175 5170 3408 5224 conﬂuc-

1850 5276 1961 5331 bat.
1997 5288 2174 5329 veram
2206 5270 2358 5339 sequi
2393 5263 2729 5338 religionem,
2761 5276 2812 5319 et
2844 5264 3134 5317 moderatae
3163 5264 3285 5316 vitae
3312 5278 3407 5316 cu-

1852 5380 1963 5418 ram
1998 5380 2207 5434 gerere.
2239 5362 2350 5415 Sub
2399 5360 2570 5429 ipsam
2602 5367 2841 5418 noctem,
2876 5356 3104 5410 sacriﬁci
3139 5368 3193 5409 et
3224 5355 3407 5409 aeditui

1850 5454 2116 5507 accedunt
2158 5451 2533 5510 advsenatum,
2570 5457 2626 5527 et
2672 5446 2923 5503 deferunt
2977 5445 3193 5513 quidem
3237 5445 3407 5498 Aber-

1850 5546 2019 5608 cium,
2073 5544 2268 5598 docent
2298 5553 2475 5596 autem
2514 5558 2599 5603 ca,
2633 5556 2753 5609 qua:
2785 5538 2922 5591 facta
2951 5537 3190 5590 fuerant.
3227 5536 3406 5601 Itaque

1850 5650 1969 5688 cum
1995 5635 2228 5702 primum
2258 5633 2452 5695 illuxit,
2485 5632 2623 5684 fatua
2655 5644 2749 5697 per
2774 5641 2961 5681 omnes
2988 5624 3243 5693 pervasit,
3263 5623 3406 5690 quod

1852 5741 2079 5795 magnus
2110 5725 2326 5793 quidem
2379 5722 2645 5777 Abercius
2677 5722 2729 5774 in
2764 5732 3017 5789 magnum
3053 5731 3293 5771 errorem
3324 5716 3406 5769 in-

1851 5818 2091 5882 cidisset,
2128 5816 2179 5869 in
2222 5817 2351 5869 deos
2384 5822 2569 5870 autem
2608 5810 3014 5875 insurrexissct,
3063 5817 3119 5862 et
3172 5806 3313 5876 quod
3341 5822 3407 5861 ea
