4142 6500
194 454 319 523 1221

1493 456 1671 517 VITA
1713 455 1772 514 S.
1801 453 2113 515 ABERCII

3308 452 3442 519 1222

196 575 455 638 εξιὸντος,
490 574 522 644 ἡ
559 572 721 642 ὲνάτη
752 571 852 641 τῆς
895 570 1112 643 ἡμέρας
1136 570 1254 641 ῶρα
1309 568 1444 639 πρὶς
1496 570 1557 621 τδ
1615 566 1759 629 τέλος

1873 567 2007 631 eius,
2044 583 2186 621 nona
2222 568 2353 623 hora
2385 568 2493 623 diei
2524 567 2674 622 ‘llnita
2723 567 2770 622 ei
2819 582 3035 637 quoque
3081 568 3237 622 affert
3281 568 3442 621 finem

186 668 285 738 ἠδη
319 668 584 737 γενομένη
608 707 622 730 ,
650 667 804 731 τέλος
834 666 983 735 αὐτῷ
1032 663 1124 718 καὶ
1159 664 1236 734 τῷ
1279 663 1388 715 τῶν
1451 661 1621 728 λόγων
1671 663 1764 712 ἐπα

190 763 331 829 ἀγει,
386 762 480 813 xal.
514 760 754 813 διέλυσεν
785 762 842 813 ἐν
877 764 1089 821 τούτοις
1115 757 1215 826 τὴν
1244 756 1486 826 ὁμιλίαν,
1518 757 1616 826 τῆς
1646 773 1767 807 συν-

190 853 353 922 ἤθους
386 853 550 906 αὐτὸν
601 852 911 923 προσευχῆς
945 851 1230 921 ἑλκούσης,
1256 850 1335 913 είς
1351 849 1570 919 ὁμιλίαν
1600 849 1765 916 ἄλλην

187 942 277 994 τοῦ
313 942 676 1011 ποθουμένου.
721 942 783 999 '0
815 945 914 1012 μὲν
949 941 1041 994 οὖν
1094 943 1294 1010 ἀνέστη
1346 939 1443 993 καὶ
1475 928 1575 1000 τὰς
1612 939 1763 1008 ίεράς

187 1027 402 1092 ὲκείνας
433 1034 619 1101 χεῖρας
647 1033 756 1094 τοῖς
787 1031 974 1093 κακῶς
1004 1030 1222 1100 ἔχουσιν
1275 1029 1513 1093 ἐπιθεὶς,
1568 1027 1762 1079 ἐσϐεσέ

183 1138 241 1174 τε
276 1123 459 1184 αὐτοῖς
480 1124 576 1185 τὰς
608 1122 796 1185 όδύνας
822 1123 913 1174 καὶ
949 1122 1084 1193 πρὸς
1114 1124 1329 1175 τελείαν
1365 1121 1580 1187 ὑγίειάν
1601 1122 1765 1171 ἐπαν-

185 1218 412 1283 ήγαγεν.
479 1211 611 1267 Εἶτα
664 1214 829 1267 πᾶσιν
867 1214 1236 1283 ὲπευξάμενός
1293 1232 1352 1267 τε
1402 1216 1499 1266 καὶ
1534 1202 1761 1280 εὐλογή-

188 1320 305 1367 σας,
339 1305 477 1356 ἀλλὰ
511 1304 616 1373 μὴν
648 1304 743 1356 καὶ
787 1303 883 1357 τοῦ
920 1305 979 1356 ὲν
1010 1304 1201 1375 Κυρίῳ
1236 1304 1542 1373 φιλήματος
1594 1318 1760 1369 μετα-

186 1400 328 1460 δοὺς,
355 1397 449 1449 καὶ
481 1391 591 1449 οἷόν
618 1414 737 1449 τινα
767 1398 1038 1469 σφραγῖδα
1084 1396 1240 1449 τοῦτο
1270 1397 1451 1457 αὐτοῖς
1503 1393 1714 1452 ἐπιθεὶς
1742 1433 1757 1458 ,

186 1489 325 1541 ὥστε
382 1488 565 1551 καλῶς
621 1488 965 1558 φυλαχθῆναι
1014 1488 1167 1558 παρὰ
1220 1487 1434 1549 τούτοις
1483 1486 1552 1537 τὰ
1608 1485 1761 1553 εἰρη-

189 1581 326 1648 μένα
350 1621 362 1641 ,
395 1580 578 1633 οίκαδὲ
652 1579 749 1632 σὺν
787 1582 899 1641 τοῖς
921 1578 1168 1644 ἀδελφοῖς
1198 1575 1393 1646 ἐχώρει
1418 1591 1433 1606 ο
1465 1576 1525 1628 τὸ
1548 1576 1604 1628 δὲ
1634 1575 1763 1643 πλῆ-

186 1671 274 1732 θος
336 1670 759 1735 ἐπηκολούθουν,
815 1669 910 1722 καὶ
972 1666 1340 1738 βαπτισθῆναι
1403 1666 1496 1720 ὑπ’
1548 1668 1758 1720 ἐκείνου

187 1762 415 1813 ἐδέοντο.
462 1760 519 1813 ’0
545 1762 599 1813 δὲ
633 1761 953 1830 ἀποδέχεται
990 1758 1087 1828 μὲν
1131 1758 1192 1808 τὸ
1236 1758 1543 1828 πρόθυμον,
1571 1760 1757 1830 ῶσπερ

186 1854 355 1916 εἰκός,
386 1852 567 1922 πολλῷ
613 1853 833 1904 πλείονα
864 1852 958 1903 καὶ
991 1852 1153 1914 αὐτὸς
1188 1851 1326 1921 ἔχων
1358 1855 1413 1905 ἐν
1461 1851 1635 1921 τούτῳ
1662 1852 1758 1918 τὴν

185 1944 531 2013 προθυμίανο
561 1944 682 1995 ἐπεὶ
724 1942 777 1994 δὲ
816 1943 888 2013 μὴ
923 1942 1020 1996 καὶ⁵
1065 1944 1133 1995 τὰ
1162 1946 1257 2012 τῆς
1316 1943 1465 2012 ὧρας
1527 1943 1756 2012 συμϐαίη

184 2054 344 2088 νοντα
398 2032 487 2102 ἧν,
526 2036 606 2096 είς
649 2034 747 2100 τὴν
775 2034 966 2104 αύριον
1016 2036 1077 2087 τὸ
1113 2036 1395 2104 βάπτισμα
1443 2035 1757 2089 ἀνεϐάλετο.

184 2127 247 2176 Οἱ
285 2126 383 2193 μὲν
418 2123 517 2176 οὖν
542 2124 728 2178 πολλοὶ
754 2126 958 2178 τούτων
988 2127 1064 2196 τῷ
1100 2125 1288 2196 θερμῷ
1333 2126 1496 2193 ἔρωτι
1540 2124 1633 2176 τοῦ
1667 2124 1762 2193 βα-

183 2219 511 2286 πτίσματος,
534 2217 653 2270 οὐδὲ
666 2217 959 2288 τὴνόῖκαδε
978 2218 1323 2288 ὑποστροφὴν
1349 2217 1758 2287 ὑπομείναντες.

186 2310 352 2361 αὐτοῦ
390 2326 492 2364 που
528 2312 681 2383 παρά
709 2312 769 2364 τὸ
797 2311 1072 2382 δωμάτιον
1104 2312 1501 2381 ἐκοιμήθησαν.
1535 2309 1757 2377 Ἐπειδὴ

183 2401 238 2453 δὴ
272 2397 340 2472 ἦν
370 2404 433 2454 ὲκ
465 2405 645 2471 μέσων
671 2403 904 2468 νυκτῶν,
937 2404 964 2456 ὁ
1000 2402 1254 2455 τοσοῦτον
1301 2404 1357 2454 ἐν
1388 2402 1570 2471 χάριτι
1617 2400 1760 2470 λάμ-

180 2491 289 2560 ψας
366 2493 668 2562 Ἀδέρκιος,
712 2493 1154 2563 προσευξάμενος
1188 2491 1264 2562 τῷ
1319 2491 1437 2561 Θεῷ
1463 2492 1630 2555 ἔξεισι
1662 2491 1760 2560 τῆς

185 2586 392 2648 οἰκίας,
423 2588 519 2638 καῖ⁵
554 2587 642 2637 τὸν
674 2585 830 2653 ὄχλον
887 2583 1260 2654 περιεστῶτάς
1314 2602 1373 2635 τε
1406 2585 1501 2635 καὶ
1554 2584 1760 2652 ὑπομέ-

184 2698 379 2742 νοντας
411 2682 772 2749 θεασάμενος,
802 2681 868 2732 τὰ
900 2680 1125 2749 ὄμματα
1179 2681 1258 2740 εἰς
1314 2680 1578 2748 οὐρανοὺς
1625 2683 1761 2733 ἀναο

186 2772 355 2844 σχὼν,
402 2773 723 2843 Εύχαριστῶ
756 2790 860 2835 σοι,
897 2774 1142 2825 Δέσποτα
1175 2774 1269 2825 καὶ
1302 2773 1420 2837 Θεὲ,
1469 2768 1645 2835 εἶπεν,
1679 2774 1758 2825 ὅτι

189 2882 259 2932 με
290 2866 383 2917 τὸν
422 2868 659 2933 ποιμένα
690 2866 797 2919 τῶν
848 2866 958 2918 σῶν
996 2866 1235 2935 λογικῶν
1268 2866 1558 2935 προϐάτων
1592 2866 1756 2933 ἠλέη·

184 2970 311 3019 σας,
339 2956 435 3006 καὶ
459 2959 549 3006 τὸν
601 2957 994 3025 ἀγρυπνοῦντα
1029 2958 1153 3010 καθ’
1183 2959 1340 3026 ήμῶν
1373 2958 1557 3021 λύκον,
1590 2973 1753 3025 κεχη-

182 3046 313 3097 νότα
346 3048 521 3116 μάτην
550 3047 860 3112 ἀπέδειξας,
914 3050 1006 3099 καὶ
1044 3048 1139 3118 τὴν
1167 3048 1596 3100 διασπασθεῖσαν
1652 3046 1759 3098 ἀπὸ

180 3143 283 3209 τῆς
310 3137 570 3209 ἀληθείας
606 3138 701 3191 τοῦ
755 3139 1008 3208 ποιμνίου
1046 3142 1239 3209 μοῖραν
1275 3141 1607 3203 ἀνεκαλέσω,
1664 3142 1757 3191 καὶ

1869 659 2085 713 dicendi
2139 676 2152 713 :
2200 671 2253 714 et
2298 660 2349 712 in
2416 661 2498 713 his
2551 660 2711 714 solvit
2774 674 3103 721 sermonem,
3169 663 3444 717 consuetis

1867 752 2120 819 precibus
2154 766 2276 803 eum
2306 750 2653 805 trahentibus
2679 752 2744 805 ad
2787 752 2952 804 alium
3000 768 3310 806 sermonem
3353 754 3448 815 ha:-

1867 841 2102 895 bendum
2145 858 2268 896 cum
2308 858 2397 907 eo,
2422 859 2582 911 quem
2614 844 2979 897 desiderabat.
3011 842 3107 897 Ille
3140 860 3269 914 ergo
3318 861 3444 897 sur-

1869 934 2126 996 rexit;et
2176 949 2300 986 cum
2360 949 2543 988 sacras
2591 950 2785 988 manus
2824 936 3171 1001 imposuisset
3222 938 3307 998 iis,
3350 942 3440 1005 qui

1866 1025 2008 1075 male
2044 1039 2104 1077 se
2145 1024 2439 1087 habebant,
2475 1036 2530 1078 et
2558 1041 2745 1078 eorum
2790 1026 3051 1080 exstinxit
3099 1027 3335 1088 dolores,
3388 1039 3443 1080 et

1818 1112 1928 1164 ..ad
1974 1114 2271 1180 perfectam
2304 1114 2522 1167 reduxit
2564 1117 2874 1168 sanitatem.
2913 1114 3116 1170 Deinde
3147 1131 3269 1169 cum
3302 1116 3440 1169 bene

1868 1213 2125 1274 precatus
2190 1214 2336 1256 esset
2393 1205 2663 1268 omnibus,
2723 1214 2777 1258 et
2846 1206 3232 1271 benedixisset,
3309 1208 3439 1276 quin

1867 1293 2037 1347 etiam
2090 1295 2280 1348 osculo
2313 1295 2363 1347 in
2429 1294 2657 1350 Domino
2717 1296 3092 1365 impertiisset,
3148 1308 3202 1352 et
3275 1299 3438 1351 veluti

1864 1385 2137 1453 quoddam
2173 1387 2515 1457 signaculum
2542 1389 2622 1441 eis
2658 1390 3025 1457 imposuisset,
3060 1398 3119 1442 ut
3154 1404 3275 1456 qua:
3297 1390 3440 1444 dicta

1866 1486 2029 1543 sunt,
2052 1488 2200 1532 recte
2233 1479 2301 1533 ab
2333 1480 2409 1533 eis
2436 1481 2870 1543 custodirentur,
2910 1481 3131 1534 domum
3179 1483 3289 1535 ibat
3314 1494 3436 1535 cum

1865 1571 2126 1625 fratribus
2172 1590 2184 1625 :
2227 1571 2518 1626 multitudo
2572 1586 2753 1627 autem
2807 1589 2930 1627 eum
2982 1578 3335 1642 sequebatur,
3387 1583 3442 1626 et

1863 1665 2106 1734 rogabat,
2139 1665 2222 1723 ut,
2249 1666 2316 1718 ab
2359 1666 2449 1720 illo
2491 1665 2883 1735 baptizaretur.
2919 1668 3014 1720 ille
3065 1677 3248 1720 autem
3296 1668 3441 1721 acci-

1843 1742 1941 1825 ‘pit
1981 1758 2228 1825 quidem,
2273 1768 2332 1811 ut
2367 1774 2465 1827 par
2493 1768 2632 1821 erat,
2680 1770 2988 1828 promptum
3036 1775 3225 1813 eormn
3271 1758 3440 1813 animi

1864 1849 2128 1914 studium,
2158 1849 2276 1916 ipse
2312 1866 2528 1918 quoque
2585 1852 2639 1903 in
2694 1866 2759 1904 eo
2808 1852 3015 1905 habens
3066 1852 3224 1920 longe
3266 1851 3439 1918 majo-

1867 1955 2003 2003 rem,
2035 1954 2196 2009 quam
2218 1941 2249 1993 ii
2277 1940 2569 2003 habebant,
2598 1941 2762 1994 animi
2784 1942 3115 1997 alacritatem
3154 1961 3166 1996 :
3194 1947 3288 1996 sed
3308 1958 3444 2011 quo-

1867 2033 2012 2085 niam
2055 2048 2163 2085 non
2191 2043 2307 2086 erat
2333 2042 2547 2103 tempus
2580 2035 2936 2100 conveniens,
2969 2038 3294 2101 baptismum
3338 2035 3441 2089 dif-

1867 2126 1971 2177 fert
2012 2124 2063 2177 in
2106 2125 2248 2178 diem
2292 2137 2636 2193 sequentem.
2688 2128 2863 2196 Atque
2906 2129 3058 2181 multi
3121 2130 3339 2198 quidem
3373 2144 3440 2183 ex

1867 2216 1934 2267 iis
1971 2225 2194 2285 pt-Opter
2228 2231 2483 2286 maguum
2524 2218 2776 2287 baptismi
2816 2220 3170 2283 desiderium,
3205 2236 3326 2275 cum
3371 2235 3443 2275 ne

1865 2305 2084 2359 domum
2123 2308 2341 2375 quidem
2393 2309 2570 2364 redire
2629 2311 3044 2372 susuuuissent,
3101 2314 3444 2366 dormierunt

1866 2399 1974 2469 illic
2032 2416 2203 2470 prope
2268 2402 2678 2457 domunculam.
2737 2404 2873 2458 Cum
2915 2416 3096 2458 autem
3157 2417 3299 2460 esset
3329 2421 3442 2460 me.

1865 2493 2014 2546 dium
2058 2494 2261 2555 noctis,
2313 2496 2484 2564 gratia
2554 2496 2907 2564 resplendens
2968 2499 3256 2562 Abercius,
3317 2515 3439 2552 cum

1867 2582 2034 2636 Deum
2069 2594 2326 2651 precatus
2362 2585 2572 2647 fuisset,
2605 2602 2633 2639 e
2665 2588 2828 2640 domo
2860 2590 3136 2656 egreditur
3169 2606 3180 2640 :
3230 2598 3285 2641 et
3316 2600 3436 2643 cum

1864 2676 2360 2729 circumsistentem
2406 2678 2630 2732 vidisset
2668 2680 2904 2743 turbam,
2958 2688 3011 2732 et
3052 2681 3438 2743 sustinentem,

1863 2768 2092 2823 sublatis
2130 2770 2182 2822 in
2207 2770 2374 2823 caelos
2405 2770 2576 2823 oculis
2617 2788 2630 2824 :
2673 2771 2785 2840 Ago
2814 2771 2907 2824 tibi
2946 2774 3169 2841 gratias,
3214 2771 3440 2826 Domine

1865 2859 2027 2924 Deus,
2090 2860 2289 2930 inquit,
2346 2863 2488 2929 quod
2551 2861 2805 2915 misertus
2852 2863 2927 2916 sis
2987 2864 3115 2927 tnei,
3172 2864 3261 2931 qui
3320 2879 3437 2918 Sum

1862 2962 2050 3023 pastor
2084 2962 2299 3006 tuarum
2332 2955 2514 3008 ovium
2570 2955 2798 3008 rationis
2835 2966 3148 3023 compotum
3190 2976 3201 3009 :
3241 2965 3313 3019 et,
3346 2958 3437 3025 qui

1865 3047 1917 3097 in
1953 3059 2051 3100 nos
2086 3045 2362 3115 vigilabat,
2398 3046 2581 3113 lupum
2617 3044 2819 3100 frustra
2884 3047 3126 3100 hiantem
3184 3048 3439 3101 reddide-

1865 3134 1960 3197 ris,
2001 3144 2056 3188 et
2087 3151 2116 3188 a
2147 3136 2376 3190 veritate
2417 3136 2682 3191 divulsam
2730 3138 2869 3191 hanc
2896 3138 3071 3208 gregis
3106 3152 3315 3206 partem
3348 3154 3439 3193 re-

184 3232 287 3298 τῆς
324 3232 413 3285 διὰ
443 3230 538 3283 τοῦ
590 3230 971 3301 βαπτίσματος
1004 3231 1276 3293 υἱοθεσίας
1316 3232 1416 3301 ἤδη
1471 3229 1755 3298 κατηξίου.

1866 3228 2100 3291 vocaris,
2141 3237 2195 3282 et
2242 3230 2355 3297 jam
2410 3231 2644 3284 filiorum
2702 3233 2994 3298 adoptione
3048 3232 3289 3302 digneris
3343 3249 3440 3303 per

184 3322 377 3375 Ταῦτα
435 3322 515 3392 τῷ
565 3324 673 3374 τῶν
724 3324 863 3375 ὅλων
917 3322 1043 3389 Θεῴ
1072 3323 1394 3392 διαλεχθεὶς,
1447 3321 1757 3377 ἀκολουθεῖν

182 3413 335 3482 αὐτῷ
372 3412 510 3483 πρὸς
541 3414 641 3481 τὴν
688 3413 989 3480 ἐκκλησίαν
1031 3416 1093 3466 τὸ
1130 3415 1334 3484 πλῆθος
1365 3416 1755 3485 προτρέπεται.

194 3500 418 3569 Ἐπειδὴ
449 3502 506 3553 δὲ
531 3503 790 3570 ἀφίκοντο
817 3502 940 3571 ἤδη,
971 3504 1069 3565 τὰς
1095 3506 1349 3574 συνήθεις
1384 3508 1568 3567 αὐτοῖς
1595 3508 1759 3572 εὐχὰς

180 3593 453 3659 ὶπειπὼν,
485 3595 683 3666 τελειοῖ
741 3594 818 3663 τῷ
854 3584 1194 3664 βαπτίσματι
1240 3597 1439 3665 ἄνδρας
1491 3613 1758 3650 πεντακοο

182 3689 339 3749 σίους
368 3687 458 3738 τὸν
500 3687 757 3756 ἀριθμόν,
812 3687 996 3740 πολλοὶ
1029 3687 1122 3741 οὖν
1175 3698 1324 3761 παρὰ
1362 3692 1452 3741 τὸν
1481 3690 1652 3758 ἄνδρα
1698 3690 1760 3742 τὸ

181 3780 279 3832 ἀπ’
314 3781 525 3832 ἐκείνου
557 3783 870 3850 συνέρρεον,
907 3783 964 3830 οὐ
1002 3782 1099 3850 τῆς
1138 3784 1383 3851 μεγάλης
1434 3786 1595 3851 μόνον
1622 3784 1761 3854 Φρυ-

183 3874 313 3939 γίας
345 3874 438 3939 καὶ
469 3874 565 3940 τῆς
598 3873 908 3941 περιχώρου
959 3874 1161 3944 πάσης,
1194 3875 1331 3928 ἀλλὰ
1364 3878 1457 3929 καὶ
1506 3878 1617 3929 ὅσοι
1665 3876 1761 3947 τὴν

192 3965 386 4016 Ἀσίαν
416 3961 617 4032 ᾤκουν,
644 3966 758 4015 ὅσοι
790 3980 847 4016 τε
876 3969 939 4033 τῇ
970 3968 1163 4037 Λυδίᾳ,
1202 3971 1295 4020 καὶ
1328 3972 1440 4021 ὅσοι
1472 3972 1538 4037 τῇ
1577 3971 1760 4038 Καρίᾳ

180 4059 308 4118 ταῖς
340 4057 633 4127 ἐπαρχίαις
662 4059 994 4128 ἐπεδήμουν.
1032 4062 1138 4112 Καὶ
1185 4062 1293 4131 γὰρ
1322 4062 1408 4124 διὰ
1455 4064 1632 4131 πάσης
1663 4063 1760 4113 πό-

178 4150 321 4211 λεως
348 4154 476 4218 περὶ
511 4150 675 4203 αὑτοῦ
701 4152 854 4219 λόγος
886 4151 1105 4221 ἐχώρει,
1133 4156 1192 4206 ού
1222 4156 1377 4217 κενὸς
1415 4155 1491 4206 ῶν
1530 4161 1622 4207 καὶ
1654 4156 1762 4223 μά-

179 4257 336 4302 ταιος
371 4245 466 4294 καὶ
494 4242 580 4293 διὰ
614 4237 773 4294 τοῦτο
799 4246 891 4295 καὶ
925 4245 1214 4314 σϐεσθῆναι
1244 4248 1301 4297 τὸ
1332 4249 1492 4314 τάχος
1524 4248 1757 4313 δυνὰμε-

180 4353 273 4400 νος
302 4373 318 4400 ,
351 4334 490 4387 ἀλλὰ
542 4334 743 4403 πολλὴν
776 4339 912 4404 ἔχων
963 4338 1062 4405 τὴν
1110 4340 1302 4406 ῥώμην
1343 4339 1450 4388 απὸ
1495 4337 1591 4405 τῆς
1628 4339 1761 4405 ἀλη-

178 4429 357 4489 θείας.
394 4427 692 4495 Συνέρρεον
744 4427 924 4476 τοίνυν
973 4428 1102 4494 παρ’
1139 4429 1319 4491 αὐτόν,
1374 4430 1420 4479 οἱ
1475 4430 1571 4497 μὲν
1617 4430 1758 4482 ῶστε

176 4520 251 4573 τὰ
289 4520 537 4589 σωτήρια
571 4514 912 4586 διδαχθῆναι,
954 4517 1003 4567 οί
1033 4517 1087 4571 δὲ
1121 4520 1215 4571 καί
1250 4520 1359 4573 τῶν
1400 4521 1759 4590 ἐνοχλούντων

176 4613 569 4681 ἀπαλλαγῆναι
619 4611 774 4669 ὅσους
824 4608 1024 4678 δηλαδὴ
1076 4613 1230 4672 νόσος
1291 4614 1481 4675 ἐπίεζέ
1516 4614 1758 4681 τιςνῆτι

178 4705 275 4755 καὶ
314 4702 444 4755 ἄλλο
481 4702 699 4768 κατεῖχε
746 4700 936 4750 κακόν.
967 4693 1076 4751 ἾΙν
1122 4703 1232 4769 γὰρ
1259 4701 1463 4764 διδάξαι
1518 4706 1608 4754 τὸν
1658 4704 1759 4771 τῆς

176 4795 441 4864 ἀληθείας
468 4793 625 4857 λόγον
657 4790 1002 4857 δεξιώτατος,
1052 4795 1146 4844 καὶ
1194 4793 1582 4846 οἰκειώσασθαι
1634 4798 1760 4857 τοὺς

178 4888 515 4960 προσιόντας
542 4884 629 4935 διὰ
660 4883 894 4953 Χριστὸν
918 4883 1289 4953 ἑτοιμότατος,
1329 4886 1422 4938 καὶ
1454 4886 1761 4953 ἀπαλλάξαι

180 4978 377 5034 κακῶν
403 4975 686 5037 ὀξύτατος.

244 5069 325 5124 8'.
388 5068 598 5133 Ὀλὶγαι
658 5066 790 5131 γοῦν
844 5065 1123 5135 παρῆλθον
1181 5069 1412 5137 ἡμέραι,
1471 5070 1565 5121 καὶ
1630 5072 1758 5133 τους

178 5163 598 5236 πρεσϐυτέρους
645 5160 739 5210 καὶ
776 5159 1080 5225 διακόνους,
1119 5162 1255 5229 πρὸς
1286 5162 1343 5212 δὲ
1402 5162 1497 5213 καὶ
1527 5163 1624 5231 τὴν
1654 5165 1761 5215 λοι-

179 5261 293 5329 πήν
322 5256 663 5322 ἀδελφότητα
706 5250 1065 5321 παραλαϐὼν,
1096 5254 1334 5331 πρόεισι,
1383 5257 1478 5307 καὶ
1529 5257 1760 5319 καθίσας

179 5353 263 5414 εἰς
300 5353 470 5418 ὅνπερ
523 5346 701 5399 εἰώθει
755 5347 939 5408 τόπον,
993 5342 1181 5415 ὥσπερ
1243 5347 1305 5399 ἐκ
1358 5364 1503 5408 τινος
1539 5348 1760 5418 ἡδίστης

181 5443 373 5514 πηγῆς
405 5443 473 5493 τὰ
504 5437 816 5506 γλυκύτατα
845 5436 943 5505 τῆς
968 5434 1323 5501 διδασκαλίας
1370 5440 1559 5510 ῥεῖθρα
1584 5443 1762 5509 προΐει

176 5538 274 5590 τοῦ
311 5536 606 5603 στόματος.
653 5532 743 5583 Ἐν
771 5531 951 5601 τούτῳ
995 5529 1051 5581 δὲ
1080 5532 1354 5601 προσῆλθέ
1385 5551 1470 5595 τις
1516 5536 1619 5586 ὖπδ
1650 5552 1765 5604 Z3"

182 5628 425 5702 ραγωγῴ
483 5626 619 5692 γυνὴ
671 5624 779 5675 τῶν
860 5624 1167 5689 ἐπιφανῶν,
1208 5626 1597 5695 ἐκκεκομμένη
1631 5632 1760 5691 τοὺς

178 5721 545 5790 ὀφθαλμοὺς,
589 5717 759 5783 ὄνομα
812 5714 1119 5785 Φρύγελλα,
1171 5716 1523 5781 Εὑξεινιανοῦ
1578 5725 1761 5791 μήτηρ

180 5815 521 5871 Ποπλὶωνος.
566 5810 626 5860 '0
662 5808 718 5861 δὲ
749 5806 815 5881 ἦν
843 5810 951 5860 τῶν
988 5809 1141 5879 παρὰ
1176 5810 1255 5878 τῷ
1303 5814 1672 5885 αύτοκράτορί
1702 5833 1760 5868 τε

179 5910 276 5961 καί
306 5904 558 5978 τῇηπόλει
612 5904 778 5976 πάσῃ,
816 5901 913 5965 τὰς
951 5902 1173 5971 πρώτας
1232 5902 1467 5972 ἐχόντων
1510 5907 1673 5974 τιμὰς
1727 5912 1754 5961 ο

1793 4568 1840 4627 D

1865 3322 2217 3389 baptismum.
2272 3321 2395 3375 Haec
2430 3338 2555 3376 cum
2605 3323 2831 3376 dixisset
2877 3323 2986 3377 Deo
3034 3326 3435 3389 universorum,

1858 3414 2014 3484 jubet
2048 3415 2450 3469 multitudinem
2491 3431 2613 3469 eum
2667 3417 2819 3485 sequi
2868 3417 2933 3469 ad
2959 3419 3265 3471 ecclesiam.
3301 3420 3437 3471 Cum

1864 3514 2044 3559 autem
2082 3506 2192 3574 jam
2249 3507 2549 3571 venissent,
2602 3509 2881 3561 consuetis
2940 3509 3099 3562 dictis
3157 3511 3435 3579 precibus,

1864 3594 2135 3663 baptismo
2164 3594 2340 3648 initiat
2369 3599 2514 3650 viros
2543 3613 2771 3650 numero
2802 3600 3153 3669 quingentos.
3196 3603 3270 3655 Ex
3305 3602 3434 3655 hinc

1865 3694 2046 3739 autem
2078 3684 2230 3739 multi
2276 3686 2343 3740 ad
2396 3686 2545 3740 illutn
2599 3687 2962 3751 conﬂuebant,
3005 3706 3110 3742 non
3142 3693 3315 3745 solum
3370 3709 3437 3746 es

1865 3791 2057 3845 magna
2098 3776 2349 3846 Phrygia,
2386 3791 2439 3831 et
2474 3779 2729 3833 universa
2782 3780 3012 3835 finitima
3060 3783 3302 3852 regione,
3342 3786 3437 3838 sed

1864 3868 2025 3922 etiam
2054 3869 2144 3937 qui
2169 3869 2345 3922 Asiam
2371 3870 2711 3935 habitabant,
2736 3882 2790 3926 et
2824 3874 2915 3941 qui
2940 3876 3207 3943 «legebant
3233 3876 3285 3928 in
3310 3894 3436 3945 pro-

1864 3960 2056 4011 vinciis
2074 3958 2238 4027 Lydia
2261 3970 2313 4013 et
2335 3960 2517 4014 Caria.
2553 3964 2759 4016 Etenim
2787 3980 2879 4031 per
2912 3967 3218 4018 universam
3242 3970 3433 4021 civita-

1866 4058 1968 4101 tem
1998 4049 2063 4103 de
2101 4050 2217 4117 ipso
2250 4052 2506 4104 manabat
2534 4067 2732 4116 sermo,
2761 4058 2849 4123 qui
2885 4071 2990 4109 non
3028 4066 3143 4109 erat
3175 4074 3345 4111 vanus
3382 4068 3437 4110 et

1866 4142 2048 4196 inanis
2093 4152 2146 4196 et
2192 4143 2317 4198 ideo
2350 4145 2455 4198 cito
2490 4156 2698 4213 p0terat
2728 4149 3020 4218 exstingui,
3099 4151 3192 4204 sed
3246 4150 3335 4220 qui
3369 4167 3432 4204 ex

1865 4236 2092 4288 veritate
2137 4251 2356 4306 magnas
2386 4238 2621 4291 habebat
2654 4240 2812 4292 vires.
2852 4242 2930 4292 Ad
2981 4257 3104 4292 eum
3139 4259 3264 4311 ergo
3301 4258 3435 4294 con-

1864 4326 2121 4391 fluebant,
2154 4330 2241 4381 alii
2277 4329 2497 4398 quidem
2549 4340 2607 4384 ut
2647 4331 2920 4385 discerent
2966 4349 3085 4401 quae
3124 4344 3281 4401 erant
3344 4351 3435 4390 sa-

1867 4421 2084 4483 lutaria,
2119 4417 2207 4474 alii
2241 4431 2421 4475 autem
2450 4432 2509 4476 ut
2536 4424 2900 4478 liberarentur
2940 4426 3007 4478 ab
3046 4426 3130 4488 iis.
3177 4444 3295 4495 quae
3355 4432 3435 4482 eis

1866 4515 2168 4568 aﬂ‘erehant
2228 4516 2531 4568 molestiam
2597 4535 2610 4569 :
2677 4533 2811 4584 quos
2877 4514 3083 4571 scilicet
3158 4524 3435 4588 premebat

1869 4605 2112 4665 morbus,
2146 4616 2241 4659 aut
2274 4610 2439 4660 etiam
2486 4608 2702 4677 aliquod
2752 4608 2898 4661 aliud
2957 4612 3175 4666 tenebat
3210 4616 3433 4667 malum.

1865 4696 1995 4750 Erat
2021 4697 2163 4750 enim
2206 4698 2527 4766 aptissimus
2561 4699 2629 4753 ad
2684 4700 2987 4755 docendum
3019 4704 3244 4757 verbum
3291 4707 3438 4759 veri-

1867 4789 2012 4850 tatis,
2048 4797 2101 4841 et
2152 4788 2537 4856 paratissimus
2588 4780 2885 4845 familiares
2939 4792 3161 4848 Christo
3208 4795 3434 4848 reddere

1866 4896 1979 4943 eos,
2012 4882 2104 4950 qui
2136 4881 2488 4935 accedebant.

1938 5084 2029 5139 IX.
2087 5084 2251 5139 Pauci
2319 5086 2435 5142 dies
2490 5091 2890 5159 prmterierunt,
2951 5109 3073 5146 cum
3138 5100 3434 5167 assumptis

1868 5177 2197 5247 presbyteris
2231 5187 2285 5232 et
2333 5179 2612 5246 diaconis,
2663 5187 2717 5234 et
2768 5183 2966 5251 reliqua
3028 5199 3283 5253 praeterea
3327 5192 3436 5245 fra-

1869 5272 2144 5335 ternitate,
2213 5271 2454 5340 procedit
2492 5289 2506 5325 :
2544 5282 2598 5325 et
2652 5273 2848 5328 sedens
2884 5275 2933 5327 in
2977 5292 3041 5330 eo
3067 5280 3209 5340 loco,
3240 5284 3289 5333 in
3323 5298 3431 5351 quo

1868 5372 2249 5426 consueverat,
2300 5373 2556 5430 tanquam
2590 5380 2653 5417 ex
2688 5368 2871 5435 aliquo
2903 5368 3051 5421 fonte
3080 5373 3431 5438 suavissimo,

1866 5470 1932 5508 ex
1960 5470 2053 5508 ore
2081 5454 2360 5523 profundit
2411 5455 2670 5511 doctrinm
2708 5457 2908 5511 ﬂuenta
2956 5464 3293 5518 suavissima.
3340 5465 3428 5517 ln-

1868 5556 2014 5599 terea
2045 5556 2223 5598 autem
2256 5548 2486 5600 accessit
2520 5549 2750 5603 adducta
2785 5551 3010 5606 illustris
3060 5557 3302 5622 quaedam
3350 5557 3430 5610 fe-

1872 5639 2039 5700 mina,
2107 5638 2280 5691 oculis
2331 5641 2540 5702 orbata,
2600 5643 2821 5696 nomine
2899 5642 3202 5713 Phryge-lla,
3257 5659 3430 5701 mater

1867 5728 2171 5782 Euxeniani
2206 5729 2501 5799 Poplionis.
2580 5732 2630 5786 Is
2665 5750 2790 5787 \‘ero
2819 5733 3042 5800 Poplion
3075 5739 3216 5807 apud
3255 5739 3428 5806 impeo

1871 5830 2103 5874 ratorem
2162 5828 2213 5873 et
2270 5823 2578 5876 universam
2631 5826 2903 5879 civitatein
2960 5828 3192 5896 primum
3253 5828 3429 5883 locum

1868 5915 1918 5967 in
1960 5914 2161 5971 honore
2190 5916 2485 5972 obtinebat.
2530 5919 2770 5973 Adducta
2803 5935 2951 5990 ergo,
2987 5922 3127 5975 sicut
3167 5922 3425 5989 diximus,
