4142 6498
185 439 319 501 1225

1450 441 1627 502 VITA
1660 442 1722 504 S.
1761 439 2088 503 ABERCII.

3274 440 3404 504 i226

180 562 283 599 σιν.
334 547 392 600 Ὀ
444 548 624 603 τοίνυν
675 547 1048 619 περιεστηκὼς
1097 549 1252 619 ὄχλος
1308 549 1366 601 τὸ
1418 548 1603 602 καινὸν
1635 549 1728 602 τοῦ

1836 550 2058 619 Magnus
2087 564 2166 614 es,
2202 550 2346 607 Deus
2386 545 2849 614 Christianorum,
2914 564 3037 602 nam
3088 549 3122 603 ii
3186 566 3403 620 quoque

179 638 456 708 θαύματος
484 640 869 707 ἐκπλαγέντες,
902 642 1089 709 Μέγας
1124 638 1189 703 εί,
1254 642 1348 693 κα).
1378 637 1541 708 οὗτοι,
1573 644 1601 694 ὁ
1626 642 1734 695 τῶν

177 727 520 799 Χριστιανῶν
576 728 729 793 Θεὸς,
786 729 1108 798 ἀνεόὀησαν,
1158 733 1284 783 ἐπεὶ
1335 734 1432 786 καὶ
1486 732 1734 801 μεγάλων

176 820 343 881 ὅντως
378 819 706 873 ἀπολαύουσι
743 820 850 874 τῶν
874 821 1112 891 χαρίτων
1160 824 1208 873 oi
1234 821 1298 875 τὸ
1329 822 1419 875 σδν
1452 824 1738 875 ἐπικαλου-

178 926 326 979 μενοι
356 909 545 978 6νομα.
585 911 670 962 Ἐν
703 911 874 977 τούτῳ
905 911 960 962 δὲ
992 912 1018 962 δ
1052 911 1194 975 θεῖος
1240 912 1546 982 Ἀὅὲρκιος.
1579 913 1731 975 Ἰδοὺ,

173 1002 354 1067 γύναι,
398 1003 581 1071 φησὶν,
638 1002 805 1068 ἔγνως
851 1004 999 1065 ὅπως
1032 1004 1059 1054 δ
1092 1004 1221 1065 ἐμος
1255 1005 1531 1072 Δεσπότης
1578 1006 1735 1074 ἀμεί-

171 1093 329 1148 ϐεται
374 1095 673 1162 φιλοτίμως
726 1095 851 1155 τοὺς
882 1093 1198 1157 ἐλπίζοντας
1254 1094 1342 1145 ἐπ’
1397 1096 1585 1148 αὐτόν.
1638 1097 1738 1148 [Io-

175 1185 336 1251 ρεύου
374 1185 662 1254 τοιγαροῦν
685 1189 764 1247 εἰς
795 1187 1038 1254 εἰρήνην,
1066 1186 1230 1254 ἑαυτῇ
1268 1201 1324 1237 τε
1366 1186 1733 1254 προσέχουσα,

170 1280 408 1346 κάκείνῳ
448 1280 829 1348 προσήκουσαν
865 1278 959 1345 τὴν
1000 1277 1353 1348 εὐχαριστίαν
1384 1278 1730 1332 ἀποδιδοῦσα.

170 1371 352 1423 Ταῦτα
408 1372 436 1423 ὁ
499 1370 598 1439 μὲν
649 1371 864 1434 ἓλεγεν’
928 1370 960 1439 ἡ
1022 1370 1077 1422 δὲ
1136 1368 1273 1437 πρὸς
1309 1369 1407 1437 μὲν
1452 1369 1513 1421 τὸ
1558 1370 1729 1439 παρὸν

168 1463 455 1525 ἀφίστατοο
490 1459 654 1513 πάλιν
703 1462 760 1513 δὲ
798 1462 1163 1530 ἐπανήρχετο,
1191 1462 1285 1514 καὶ
1327 1461 1468 1514 κατὰ
1504 1461 1639 1514 πολὺ
1672 1464 1728 1515 τὸ

169 1559 332 1615 σέϐας
365 1559 532 1613 αὐτοῦ
575 1560 770 1629 εἴχετο,
823 1560 916 1612 καὶ
963 1560 1217 1629 οὐδαμῶς
1272 1560 1331 1611 τὸ
1383 1560 1521 1631 μετά
1579 1563 1751 1613 ταῦτα
1809 1560 2089 1615 διίστατο·

167 1659 363 1729 νήθους
395 1659 768 1723 διδασκαλίας.

241 1750 342 1804 ΙΑ¹.
399 1752 506 1803 Τοῦ
538 1752 593 1802 δὲ
649 1752 788 1803 κατὰ
824 1752 919 1824 τὴν
971 1751 1284 1819 Φρύγελλαν
1338 1750 1615 1822 θαύματος
1652 1753 1732 1815 εἰς

168 1843 340 1893 πολλὰ
388 1844 488 1911 τῆς
563 1842 665 1908 γῆς
720 1842 857 1912 μέρη
919 1842 1274 1909 διαδοθέντος,
1336 1845 1731 1914 προσέρχονται

164 1933 313 2001 αὐτῷ
346 1932 702 2002 πρεσϐύτιδες
738 1936 905 2003 τρεῖς,
936 1934 1033 1995 τὰς
1058 1934 1207 2001 δψεις
1238 1936 1332 1986 καὶ
1365 1930 1524 1989 αὗται
1554 1953 1731 2005 πεπη-

164 2027 412 2093 ρωμέναι
450 2040 464 2054 ·
500 2025 852 2093 Πιστεύομεν,
901 2026 1180 2092 λέγουσαι,
1215 2028 1308 2079 καὶ
1339 2030 1496 2098 ἡμεῖς
1529 2029 1607 2088 εἰς
1637 2029 1727 2079 τὸν

164 2117 269 2169 ὑπὸ
303 2116 397 2169 σοῦ
429 2117 832 2186 κηρυττόμενον
852 2116 1078 2185 Ἰησοῦνο
1131 2120 1355 2187 φανήτω
1385 2117 1729 2187 τοιγαροῦνή

163 2208 537 2277 εὐσπλαγχνία
562 2208 714 2259 τοῦδε
740 2209 833 2261 καὶ
863 2210 946 2276 ἐφ’
980 2209 1148 2277 ἡμᾶς,
1179 2211 1271 2261 καὶ
1302 2209 1492 2273 δεῖξον,
1527 2204 1572 2260 ὧ
1600 2210 1731 2261 Ouu-

165 2305 350 2368 μάσιε,
382 2302 475 2351 καὶ
504 2302 652 2369 ἡμῖν,
689 2300 877 2368 ῶσπερ
908 2301 1016 2371 ἄρα
1050 2305 1141 2353 καὶ
1168 2301 1468 2374 Φρυγέλλῃ,
1506 2302 1564 2354 τὺ
1594 2302 1728 2370 φῶς.

173 2393 233 2444 '0
261 2393 342 2455 δὲ,
400 2392 459 2443 El
489 2393 517 2458 ἡ
553 2395 727 2452 πίστις
764 2393 916 2460 ὑμῶν
955 2395 1087 2462 πρὸς
1115 2393 1206 2445 τὸν
1236 2393 1409 2464 ἁληθῆ
1438 2393 1571 2446 Θεὸν
1602 2394 1733 2462 ἁληο

163 2486 261 2553 θής
292 2488 459 2546 ἐστιν,
486 2482 558 2544 ῶς
590 2499 742 2551 φατε,
780 2486 887 2545 τοῖς
915 2487 1120 2553 νοητοῖς
1150 2486 1312 2537 αὐτὸν
1359 2488 1455 2554 τῆς
1506 2486 1756 2555 καρδίας

161 2576 359 2643 δψεσθε
391 2573 705 2641 ὀφθαλμοῖς.
736 2573 919 2625 Ταῦτά
945 2589 1003 2625 τε
1035 2573 1243 2642 εἴρηκε,
1272 2575 1363 2626 καὶ
1386 2575 1508 2636 τοὺς
1537 2575 1732 2642 ὀφθαλα

164 2666 297 2733 μους
333 2665 617 2724 ἀνατείνας
646 2679 659 2693 ·
694 2660 863 2730 Κύριε
911 2660 1082 2729 ’1ησοῦ
1118 2662 1341 2733 Χριστὲ,
1377 2661 1566 2730 δέομαί
1603 2679 1719 2727 σου,

162 2758 291 2824 ἔφη,
331 2754 588 2807 ίδέτωσαν
637 2755 730 2807 καὶ
774 2751 934 2808 αὗται
964 2755 1022 2807 τὸ
1054 2754 1169 2824 QG);
1219 2755 1313 2822 τῆς
1350 2757 1447 2823 σῆἰ
1496 2757 1729 2823 κεῖνόν

162 2863 325 2910 σεως,
360 2846 455 2897 καὶ
508 2846 603 2913 τῆς
643 2846 997 2915 ἐπικειμένης
1022 2848 1211 2908 αὐταῖς
1248 2846 1443 2917 ἀχλύος
1509 2848 1730 2914 ἀνενεγ-

165 2939 398 3000 κοῦσαι,
453 2935 923 3005 διαόλεψάτωσαν,
982 2937 1249 3000 Δέσποτα,
1307 2937 1442 3005 πρὸς
1481 2939 1580 2998 τὰς
1636 2940 1734 2999 σὰς

161 3029 260 3094 τῆς
293 3026 558 3094 ἀληθείας
608 3026 804 3093 αὐγάς.
856 3024 1039 3086 Οὕτως
1078 3023 1303 3094 ηὔξατο,
1347 3027 1439 3076 καὶ
1479 3025 1589 3077 ίδοὺ
1642 3027 1732 3077 τὸν

161 3121 326 3171 τόπον
367 3118 492 3170 ἔνθα
527 3118 591 3188 δὴ
623 3118 717 3170 καὶ
765 3118 1112 3187 εἱστήκεσαν,
1149 3115 1265 3181 φῶς
1307 3116 1509 3170 ἄνωθεν
1544 3117 1735 3189 περιή-

162 3225 411 3281 στραπτε
473 3210 636 3278 μέγα,
672 3209 766 3260 καὶ
801 3211 1006 3269 πάντας
1035 3204 1144 3277 εἶχε
1184 3209 1440 3272 πεσόντας
1470 3211 1502 3280 ή
1534 3212 1625 3281 γῆ,
1656 3210 1734 3279 τῷ

161 3301 458 3371 παραδόξῳ
487 3301 583 3367 τῆς
619 3299 747 3363 θέας
780 3301 1235 3366 καταπλαγέντας
1260 3316 1273 3328 ·
1312 3301 1370 3352 τὸ
1401 3302 1454 3352 δὲ
1488 3303 1603 3369 φῶς
1633 3304 1729 3372 οὐχ

161 3392 275 3449 οἷον
304 3398 363 3459 ἐξ
400 3396 553 3466 ἡλίου
609 3395 705 3446 καὶ
758 3395 1052 3463 ἀστραπῆς
1105 3394 1346 3465 ἔρχεται,
1384 3396 1519 3447 ἀλλὰ
1549 3400 1731 3448 καινὸν

162 3487 340 3550 ἄλλως
369 3489 465 3540 καὶ
496 3487 722 3557 φρικτὸν
754 3488 846 3538 καὶ
899 3486 1191 3557 ἀσύνηθες.
1260 3486 1505 3541 Ἰσταντο
1554 3489 1733 3541 τοίνυν

162 3584 410 3644 ἀκλινείς
446 3576 638 3643 αὗται,
675 3580 896 3634 πάντων
947 3580 1024 3651 τῷ
1057 3580 1241 3649 ἐδάφει
1294 3581 1732 3646 καταπεσόντων,

161 3676 258 3725 καὶ
292 3673 354 3725 τὸ
391 3673 561 3743 φανὲν
595 3674 770 3723 ἐκεῖνο
807 3671 920 3738 φῶς
956 3672 1110 3737 πολὺ,
1139 3675 1259 3734 ταῖς
1316 3672 1472 3740 ὄψεσι
1531 3673 1734 3724 τούτων

162 3765 635 3836 ἐγκατασκῆψαν,
673 3765 979 3834 ἀναϐλέψαι
1009 3781 1068 3817 τε
1100 3764 1268 3826 αὐτὲις
1299 3764 1521 3833 ἐποίησε
1559 3780 1733 3833 παρα⁴

161 3858 379 3928 Χρῆμα.
412 3861 506 3909 καὶ
533 3856 592 3908 τὸ
623 3856 846 3926 ἡλιακὸν
872 3858 1028 3910 τοῦτο
1048 3856 1158 3923 φῶς
1189 3856 1247 3907 τδ
1268 3855 1439 3923 γλυκὺ
1474 3859 1562 3907 κλῖ
1585 3857 1735 3924 φίλον

164 3948 482 4020 ανθρώποις
519 3948 665 4006 ἰδεῖν.
702 3949 761 4000 ὐ
789 3947 844 3999 δὲ
875 3947 949 4009 ὼς
1008 3946 1180 4008 οὕτως
1208 3946 1374 4013 ὑγιῶς
1418 3947 1523 3998 τῶν
1554 3946 1737 4017 ὀμμάο

161 4058 273 4095 των
306 4042 539 4110 ἐχούσας
581 4036 687 4090 εἶδε
718 4053 732 4069 ’
775 4038 839 4089 Τί
877 4038 987 4107 ἄρα
1036 4037 1096 4089 τὸ
1130 4040 1298 4107 φανὲν
1358 4039 1506 4109 ὑμῖν,
1542 4039 1723 4109 ἤρετο,

160 4134 259 4185 καὶ
288 4133 342 4186 τί
376 4131 592 4199 πρῶτον
617 4127 977 4199 διαδλέψασαι
1010 4128 1212 4193 εἴδετες
1251 4129 1315 4181 ’11
1337 4129 1435 4197 μὲν
1451 4127 1563 4191 οὖν,
1598 4128 1737 4196 Πρε-

166 4226 403 4295 σδύτην,
435 4223 564 4293 ἔφη,
600 4222 659 4275 τὸ
686 4218 845 4285 εἶδος,
886 4223 1124 4292 ἄρρητον
1155 4225 1253 4289 τὴν
1287 4219 1456 4290 ὤραν,
1489 4220 1734 4290 φαιδρόν·

162 4320 196 4387 ἡ
235 4318 318 4379 δὲ,
352 4315 654 4374 Νεανίσκος
674 4311 832 4380 ὤφθη
867 4330 956 4380 μοι
997 4328 1010 4341 ·
1044 4315 1076 4381 ἡ
1103 4312 1160 4365 δὲ
1199 4312 1389 4381 ἑτέρα,
1445 4311 1737 4381 Παιδάριον

169 4409 403 4479 κομιδῆ,
438 4408 626 4476 φησὶν,
662 4404 839 4475 ἧψατό
876 4421 977 4474 μου
1008 4404 1119 4458 τῶν
1149 4404 1468 4474 ὀφθαλμῶν.
1518 4406 1735 4456 Τούτων

162 4501 412 4562 ἀκούσας
456 4499 762 4566 Ἀὂέρκιος,
792 4496 886 4548 καὶ
940 4496 1019 4564 τῷ
1050 4497 1156 4548 τῶν
1206 4498 1527 4561 θαυμασίων
1577 4499 1734 4565 χάριν

158 4594 510 4663 ὁμολογήσας
543 4589 681 4659 Θεῷ,
713 4589 922 4640 διέλυσε
950 4589 1046 4655 τὴν
1079 4587 1455 4640 διδασκαλίαν.

234 4687 337 4741 ιίιν,
394 4684 489 4734 Ἐκ
512 4682 567 4732 δὲ
593 4681 701 4730 τῶν
741 4678 1028 4747 παρόντων
1063 4681 1187 4741 τοὺς
1245 4677 1499 4746 συνήθεις
1551 4694 1733 4747 παρα-

160 4776 373 4837 λαϐὼν,
406 4773 588 4825 οἶκαδε
614 4772 880 4841 ἐπανῆκε,
929 4767 1025 4821 καὶ
1058 4769 1183 4831 τοὺς
1214 4769 1313 4839 τῆς
1362 4769 1557 4839 ἐνάτης
1591 4770 1740 4838 ὧρας

158 4868 367 4936 ὕμνους
434 4863 665 4925 ἀποδοὺς
712 4862 890 4933 (τοῦτο
910 4861 1019 4929 γάρ
1044 4858 1357 4929 αὐτῷέθος,
1390 4860 1551 4911 οἱονεὶ⁸
1602 4860 1743 4912 κατὰ

164 4966 452 5027 πάρεργον
490 4958 583 5005 και
634 4955 766 5021 πρὸς
800 4952 878 5021 τῷ
908 4951 1052 5003 τέλει
1085 4951 1182 5019 τῆς
1215 4951 1434 5018 ἡμέρας
1470 4948 1743 5001 ποιεῖσθαι

159 5060 255 5103 καὶ
290 5050 387 5102 τοῦ
417 5045 670 5115 σώματος
704 5043 907 5112 λόγον,)
941 5041 1113 5113 βραχύ
1136 5059 1184 5093 τι
1227 5043 1394 5109 ἄρτου
1450 5038 1734 5109 μεταλαμ-

158 5147 338 5205 βάνει.
404 5138 622 5192 Τούτων
677 5135 857 5187 τοίνυν
903 5137 993 5187 ὑπ’
1050 5132 1217 5186 αὑτοῦ
1269 5133 1602 5199 γενομένων,
1643 5129 1740 5196 τῆς

160 5231 481 5306 περιχώρου
531 5229 759 5290 πολλοὺς
808 5224 875 5297 ἦν
909 5228 1042 5296 ὁρᾷν
1104 5228 1241 5295 πρὸς
1274 5226 1364 5277 τὸν
1410 5222 1577 5293 ἄνδρα
1614 5222 1743 5291 συῤ-

163 5334 394 5401 ῥέοντας
429 5323 526 5377 καὶ
556 5326 632 5385 εἰς
664 5323 833 5387 ὄνομα
868 5320 1108 5389 Πατρος,
1132 5319 1264 5371 Υίοῦ
1291 5320 1385 5372 καὶ
1425 5315 1740 5383 Πνεύματος

157 5424 322 5489 ἁγίου
374 5412 826 5484 βαπτιζομένους.
879 5410 968 5462 Ἐν
996 5411 1233 5477 τοσούτῳ
1270 5410 1325 5460 δὲ
1366 5410 1432 5461 τά
1472 5411 1609 5460 κατά
1636 5408 1735 5478 τὴν

160 5511 383 5584 μητέρα
411 5505 572 5572 γνοὺς
626 5503 993 5568 Εὐξεινιανδς,
1048 5501 1192 5560 ὅπως
1245 5516 1303 5549 τε
1360 5515 1733 5568 χειραγωγου-

162 5612 304 5677 μένη
337 5599 630 5672 προσέλθοι
658 5596 735 5663 τῷ
780 5596 941 5665 ἁγίῳ,
998 5594 1093 5645 καὶ
1121 5594 1267 5650 ὅπως
1316 5595 1735 5659 πεπηρωμένων

158 5701 302 5768 αὑτῄ
356 5695 468 5746 τῶν
501 5686 794 5758 ὀφθαλμῶν
855 5682 1233 5751 ἀναϐλέψειεν,
1269 5681 1512 5751 ἀκριϐῶς
1560 5682 1736 5731 πάντα

162 5788 222 5851 ἐξ
251 5788 429 5854 αὐτῆς
463 5781 788 5850 πυθόμενος,
816 5776 1005 5829 ἄπεισι
1037 5775 1190 5845 παρὰ
1210 5772 1421 5835 τοῦτον,
1445 5773 1539 5822 καὶ
1565 5773 1739 5824 ἀσπά-

161 5859 424 5948 σάμενος,
475 5875 542 5928 Εἴ
578 5890 636 5926 σε
688 5872 856 5941 ᾔδειν,
905 5866 1103 5934 πάτερ,
1163 5862 1293 5931 ἐγὼ,
1330 5865 1517 5934 φησὶν,
1564 5864 1738 5932 ἡδέως

449 5971 715 6029 Parnm.
763 5964 879 6022 Gn.
931 5959 1116 6020 CXV.

1831 642 2043 713 magnis
2071 658 2198 699 vere
2268 643 2522 699 fruuntur
2563 644 2771 713 gratiis,
2827 643 2919 713 qui
2991 650 3139 695 tuum
3202 657 3400 694 nomen

1834 740 2113 794 invocant.
2178 736 2335 792 Tunc
2388 748 2569 792 autem
2625 736 2841 790 divinus
2906 737 3202 790 Abereius:
3241 732 3402 793 Ecce.

1836 830 2047 899 inquit,
2114 827 2337 892 mulier,
2403 826 2742 896 cognovisti,
2784 842 2940 895 quam
2997 824 3293 879 liberaliter
3344 840 3406 877 ac

1835 916 2094 970 muniﬁce
2162 915 2423 971 Dominus
2491 933 2645 972 meus
2701 933 2795 974 eos
2848 926 3259 979 remurmratnr,
3314 916 3405 984 qui

1838 1018 2061 1076 sperant
2096 1008 2149 1061 in
2180 1008 2383 1076 ipsum.
2417 1009 2563 1064 Vade
2587 1025 2715 1079 ergo
2748 1009 2799 1063 in
2842 1024 2992 1078 pace,
3033 1008 3125 1060 tibi
3160 1009 3401 1061 animum

1834 1100 2129 1157 adhibens.
2173 1109 2227 1153 et
2281 1101 2352 1154 illi
2412 1116 2577 1170 agens
2600 1116 2714 1163 eas,
2758 1116 2893 1170 quas
2918 1118 3015 1169 par
3045 1110 3148 1165 est,
3181 1099 3405 1169 gratias.

1833 1191 1960 1245 Haec
2013 1193 2104 1245 ille
2158 1207 2279 1246 cum
2342 1194 2588 1257 dixisset,
2624 1193 2898 1263 Plirygella
2929 1194 3156 1248 recessit
3183 1193 3403 1261 quidem

1831 1282 1884 1335 in
1919 1284 2248 1351 prcesentia:
2306 1301 2497 1339 rursus
2543 1297 2719 1340 autem
2778 1287 2956 1343 rediit.
3002 1295 3055 1338 et
3086 1300 3209 1337 eum
3250 1283 3402 1336 valde

1834 1371 2014 1425 colere
2043 1377 2431 1441 perseveravit.
2464 1376 2635 1443 Atque
2663 1390 2851 1428 rursus
2882 1373 3094 1443 quidem
3118 1386 3402 1443 aggressus

1836 1470 1919 1522 est
1962 1463 2224 1517 Abcrcius
2261 1473 2577 1520 consuetam
2609 1467 2932 1520 doctrinam.

2151 1562 2353 1632 ἥπτετο
2405 1564 2505 1630 μὲν
2546 1564 2637 1617 οὖν
2681 1564 2960 1634 ’Λδέρκιος
2994 1558 3147 1625 αὖθις
3178 1563 3277 1632 τῆς
3310 1579 3406 1614 συ-

1909 1753 1999 1807 ΧΙ.
2046 1751 2180 1805 Cum
2237 1762 2415 1806 autem
2455 1748 2599 1820 quod
2657 1746 2709 1800 in
2756 1746 3035 1817 Plirygella
3065 1746 3265 1801 factum
3301 1749 3405 1803 fuit

1840 1843 2183 1905 miraculum,
2238 1845 2293 1896 in
2348 1842 2545 1896 multas
2616 1850 2773 1894 terrae
2827 1848 3006 1909 partes
3049 1840 3395 1907 pervasisset.

1835 1938 2102 1991 accedunt
2132 1936 2198 1990 ad
2258 1951 2382 1989 eum
2437 1944 2546 1987 tres
2588 1934 2799 1994 vetulae,
2859 1947 2977 2000 quae
3028 1933 3159 2000 ipsa:
3189 1949 3404 2002 quoque

1835 2038 1990 2081 erant
2058 2027 2261 2081 orbatae
2322 2025 2514 2088 oculis,
2559 2025 2805 2079 dicentes
2838 2041 2851 2076 :
2888 2022 2997 2077 Nos
3027 2024 3188 2077 etiam
3219 2026 3400 2079 credi-

1833 2136 1953 2173 mus
1984 2121 2034 2171 in
2066 2120 2271 2182 .lesum,
2299 2118 2389 2185 qui
2422 2133 2448 2169 a
2478 2127 2527 2170 te
2560 2115 2905 2184 praedicatur.
2954 2118 3226 2185 Appareat
3268 2134 3398 2188 ergo

1833 2212 1886 2265 in
1912 2226 2011 2265 nos
2053 2225 2265 2280 quoque
2306 2211 2424 2277 ejus
2469 2208 2776 2272 clementia,
2836 2217 2890 2261 et
2942 2208 3097 2261 nobis
3128 2208 3325 2268 lucem.
3365 2225 3398 2263 ο

1832 2309 1913 2359 vir
1944 2306 2277 2368 admirande,
2303 2302 2548 2367 ostende,
2573 2302 2712 2356 sicut
2734 2300 3047 2371 Pbrygellze.
3070 2300 3164 2355 Ille
3192 2311 3395 2365 autem,

1834 2397 1889 2450 Si
1934 2398 2067 2450 tides
2096 2407 2296 2456 vestra,
2359 2395 2555 2463 inquit,
2614 2407 2735 2446 vera
2770 2402 2854 2446 est
2904 2394 2955 2445 in
2987 2407 3173 2446 verum
3207 2393 3398 2455 Deum,

1831 2491 1973 2544 sicut
2003 2490 2205 2552 dicitis,
2277 2502 2401 2542 eum
2436 2485 2686 2539 videbitis
2741 2485 2919 2539 cordis
2947 2486 3141 2550 oculis,
3174 2485 3264 2553 qui
3306 2500 3400 2536 ca-

1832 2581 1968 2646 dunt
2017 2581 2118 2634 sub
2155 2578 2585 2649 intelligentiam.
2637 2574 2758 2630 "320
2798 2575 2953 2634 dixit.
3014 2586 3221 2631 etcum
3277 2592 3401 2631 sus-

1833 2668 2045 2722 tulisset
2104 2668 2292 2721 ocnlos
2362 2685 2374 2720 :
2440 2666 2664 2721 Domine
2724 2665 2847 2721 Jesu
2900 2667 3135 2728 Christe.
3205 2667 3400 2736 inquit,

1831 2772 1966 2828 rogo
2031 2767 2103 2821 te,
2137 2757 2354 2809 videant
2404 2756 2532 2824 ipsa:
2590 2770 2805 2824 quoque
2854 2756 3031 2808 lucem
3087 2766 3191 2811 tuae
3250 2757 3402 2827 agni-

1834 2852 1998 2905 tionis
2033 2868 2046 2904 :
2076 2860 2129 2904 et
2171 2849 2237 2903 ab
2264 2864 2345 2903 ea.
2373 2864 2491 2918 quae
2528 2856 2607 2901 est
2653 2847 2733 2901 eis
2775 2846 2965 2911 oﬂ‘usa,
3036 2848 3275 2903 liberata:
3312 2865 3403 2904 ea-

1837 2942 2022 3012 ligine,
2070 2941 2359 3012 aspiciant,
2430 2938 2676 3001 Domine,
2734 2938 2916 2991 radios
2980 2946 3083 2995 ture
3131 2942 3397 2996 veritatis.

1836 3034 1926 3085 Sic
1964 3042 2047 3085 est
2100 3041 2397 3101 precatus:
2439 3039 2492 3085 et
2525 3045 2651 3084 ecce
2675 3030 2875 3091 locum,
2939 3030 2994 3083 in
3021 3047 3129 3100 quo
3162 3031 3400 3093 stabant,

1838 3137 2028 3192 magna
2064 3122 2152 3174 lux
2190 3121 2555 3175 circumfulsit
2579 3121 2815 3191 desuper
2846 3139 2858 3174 :
2888 3131 2942 3174 et
2968 3137 3159 3176 omnes
3190 3124 3243 3175 in
3286 3134 3398 3177 ter-

1762 3250 1806 3311 C
1838 3228 1950 3267 ram
1973 3211 2286 3266 ceciderunt
2309 3211 2669 3280 obstupefacti
2687 3214 3016 3281 spectaculo,
3038 3216 3181 3285 quod
3206 3226 3401 3285 praeter

1836 3303 2149 3373 opinionem
2181 3311 2454 3357 evenerat.
2502 3300 2619 3356 Non
2667 3312 2783 3357 erat
2845 3315 3025 3358 autem
3082 3308 3191 3369 lux,
3222 3308 3406 3376 cujus-

1835 3397 2071 3452 modica
2105 3407 2206 3462 est,
2252 3414 2370 3467 qua:
2429 3399 2578 3453 venit
2638 3414 2704 3452 ex
2762 3398 2876 3453 sole
2938 3407 2993 3452 et
3022 3398 3261 3468 fulgure,
3305 3400 3399 3453 sed

1835 3502 1971 3541 nova
2030 3503 2275 3557 prorsus,
2312 3498 2368 3541 et
2414 3490 2699 3557 stupenda.
2765 3500 2820 3541 et
2885 3489 3124 3543 insueta.
3157 3488 3245 3543 Eae
3273 3506 3403 3559 ergo

1838 3579 2051 3633 stabant
2080 3579 2332 3641 immotae,
2367 3594 2489 3633 eum
2523 3593 2710 3632 omnes
2733 3578 2879 3630 humi
2919 3577 3243 3631 cecidissent
3284 3595 3296 3629 :
3344 3588 3401 3631 et

1838 3671 1927 3725 lux
1960 3671 2067 3736 illa,
2097 3686 2215 3740 quae
2244 3672 2511 3739 apparuit,
2544 3686 2668 3724 cum
2713 3671 2867 3724 valde
2899 3671 2951 3724 in
2986 3686 3177 3725 eorum
3210 3672 3401 3725 oculos

1840 3765 2196 3826 incubuisset,
2233 3779 2326 3817 eas
2361 3765 2542 3818 statim
2588 3764 2713 3818 fecit
2763 3764 2967 3825 videre.
3015 3774 3069 3818 et
3102 3765 3243 3818 hanc
3272 3782 3401 3818 sua-

1841 3871 1959 3908 vem
1999 3867 2052 3908 et
2108 3856 2418 3909 hominibus
2487 3866 2692 3925 gratam
2764 3856 2895 3909 solis
2948 3857 3122 3909 lucem
3175 3857 3399 3909 intueri.

1844 3945 1934 4000 Ille
1970 3954 2148 3998 autem
2186 3959 2309 3999 eum
2334 3954 2441 3998 tam
2470 3944 2615 3999 sanis
2646 3960 2736 3999 eas
2760 3945 2987 3999 vidisset
3012 3947 3185 4000 oculis
3222 3945 3401 4011 :Quid

1839 4044 1943 4097 est,
1979 4035 2204 4103 rogavit.
2241 4035 2384 4105 quod
2418 4036 2567 4091 vobis
2587 4038 2855 4105 apparuit,
2883 4047 2937 4091 et
2983 4040 3110 4107 quid
3160 4040 3397 4098 vidistis.

1839 4141 1962 4181 cum
2004 4128 2236 4196 primum
2267 4129 2592 4197 aspexistis?
2622 4128 2737 4183 Una
2771 4139 2953 4182 autem
2989 4148 3002 4180 :
3050 4128 3271 4193 Senem,
3307 4132 3397 4183 in-

1841 4217 1974 4286 quit,
2002 4217 2132 4281 vidi,
2176 4218 2332 4287 cujus
2363 4217 2549 4272 forma:
2580 4234 2691 4271 non
2737 4228 2913 4287 potest
2945 4218 3133 4274 referri
3160 4221 3401 4289 pulchri-

1842 4309 1971 4363 tudo
1994 4316 2051 4361 et
2092 4308 2363 4362 alacritas.
2425 4310 2602 4362 Altera
2669 4320 2849 4363 autem
2883 4327 2895 4361 :
2934 4309 3092 4363 Visus
3148 4321 3230 4365 est
3267 4314 3398 4366 milii

1842 4401 2177 4453 adolescens.
2213 4399 2389 4453 Tertia
2423 4415 2549 4454 vero
2578 4417 2591 4453 :
2629 4400 2787 4465 Puer,
2815 4402 3009 4472 inquit.
3047 4419 3193 4458 meos
3225 4405 3401 4476 attigit

1843 4490 2047 4544 oculos.
2093 4488 2199 4544 Has
2228 4506 2351 4544 cum
2414 4492 2656 4545 audisset
2706 4494 2992 4555 Abereius.
3019 4504 3072 4546 et
3095 4510 3274 4549 rerum
3303 4498 3397 4549 ad-

1770 4605 1813 4659 υ
1846 4582 2168 4636 mirabilium
2209 4582 2316 4635 Deo
2349 4581 2541 4651 egisset
2582 4583 2803 4652 gratias,
2845 4585 3141 4641 intermisit
3175 4590 3394 4642 docere.

1910 4673 2032 4728 XII.
2066 4673 2137 4725 Ex
2176 4672 2240 4725 iis
2291 4678 2497 4735 autem,
2550 4677 2642 4743 qui
2692 4676 2939 4742 aderant,
2982 4678 3047 4731 iis
3079 4683 3397 4745 assumptis.

1841 4766 1931 4836 qui
1959 4773 2114 4820 erant
2144 4764 2455 4828 fanniliares,
2499 4766 2717 4819 domum
2778 4769 2958 4826 rediit.
3005 4780 3211 4823 etcum
3252 4770 3400 4825 herae

1844 4875 2001 4913 nona:
2036 4859 2265 4929 hymnos
2326 4859 2666 4922 absolvisset,
2724 4874 2912 4929 parum
2941 4860 3099 4929 panis
3144 4864 3398 4916 assumit.

1846 4950 1917 5002 lta
1952 4952 2095 5002 enim
2133 4949 2357 5012 solebat,
2389 4959 2641 5017 tanquam
2672 4952 2812 5004 aliud
2857 4953 3087 5020 agendo,
3118 4954 3246 5006 etin
3295 4953 3401 5006 ﬁne

1843 5039 1969 5105 diei,
2005 5042 2247 5110 corporis
2288 5040 2493 5093 habere
2529 5043 2811 5094 rationem.
2851 5043 2974 5095 Haec
3001 5060 3120 5095 cum
3173 5044 3241 5097 ab
3280 5045 3398 5111 ipso

1845 5134 1985 5189 facta
2026 5142 2229 5195 essent,
2273 5134 2466 5185 licebat
2502 5133 2684 5187 videre
2717 5135 2912 5187 multos
2950 5150 3010 5185 ev
3043 5151 3128 5194 ea.
3165 5153 3283 5205 quae
3321 5148 3402 5191 est

1841 5226 2213 5288 circumcirca,
2243 5230 2461 5293 regione
2518 5225 2581 5278 ad
2621 5242 2744 5277 eum
2798 5226 3091 5282 conﬂuere.
3125 5238 3177 5279 et
3234 5228 3405 5295 bapti-

1840 5321 1947 5372 zari
1982 5321 2031 5371 iu
2070 5318 2289 5370 nomine
2330 5318 2526 5377 Patris,
2571 5328 2624 5370 et
2655 5317 2792 5379 Filii,
2827 5329 2877 5371 et
2909 5318 3144 5385 Spiritus
3201 5324 3396 5372 sancti.

1844 5410 2058 5463 Interim
2090 5418 2270 5461 autem
2305 5425 2426 5462 cum
2454 5424 2571 5475 quae
2605 5410 2760 5460 matri
2810 5408 3137 5467 evenissent.
3202 5424 3402 5476 cogno-

1847 5509 2009 5556 visset
2035 5500 2402 5562 Euxenianus,
2447 5510 2500 5554 et
2556 5501 3008 5568 quemadmodum
3050 5499 3278 5554 deducta
3311 5518 3401 5555 ac-

1846 5592 2094 5647 cessisset
2138 5592 2203 5644 ad
2263 5603 2531 5655 sanctum,
2580 5602 2633 5644 et
2691 5592 3146 5662 quemadmodum
3210 5596 3397 5648 orbata

1849 5683 2017 5734 visum
2081 5690 2474 5745 recuperasset,
2535 5685 2715 5735 omnia
2780 5699 2844 5735 ex
2901 5683 3014 5752 ipsa
3070 5683 3399 5745 sciscitatus,

1847 5773 1993 5827 venit
2020 5773 2084 5826 ad
2118 5774 2290 5837 illum,
2323 5787 2385 5825 ac
2431 5791 2444 5828 :
2485 5773 2537 5826 Si
2581 5784 2632 5827 te
2666 5775 2879 5836 scirem,
2942 5776 3135 5843 inquit,
3172 5790 3202 5827 ο
3230 5786 3400 5842 pater,

1848 5863 2079 5920 libenter
2136 5862 2380 5932 aspicere
2436 5864 2501 5920 ad
2558 5866 2837 5933 pecunias,
2871 5881 2978 5920 non
3004 5866 3402 5921 distribuissetn

3015 5959 3089 6015 39
