4142 6504
202 479 335 542 1229

1486 476 1657 535 Vl'l‘A
1704 475 1757 532 S.
1800 472 2126 535 ABERCIL

3282 463 3414 526 1230

194 594 326 666 ἔφη,
361 595 654 663 αὐτόνομον
677 611 733 647 τε
766 589 902 648 εἶναι
943 596 1035 647 καὶ
1079 592 1447 656 αὐτεξούσιον,
1487 593 1578 643 καὶ
1620 587 1754 641 κατὰ

1860 595 2049 657 sponte
2078 589 2259 640 venire.
2288 590 2350 642 ad
2385 587 2736 658 peccandum.
2768 583 2870 639 Sed
2908 584 3029 637 dum
3056 586 3119 637 de
3154 583 3233 637 his
3260 584 3419 636 rebus

200 686 425 753 γνώμην
454 684 545 735 ἐπὶ
566 684 621 736 τὸ
648 685 983 755 ἁμαρτάνειν
1016 683 1290 753 ἔρχεσθαι.
1337 681 1573 735 Τοιαῦτα
1618 680 1753 749 πρὸς

200 775 461 842 ἀλλήλους
489 775 929 845 διαμιλλιιιμένων
954 776 1157 838 αὐτῶν,
1189 777 1222 844 ἡ
1252 775 1436 841 ἐνάτη,
1469 775 1626 825 πάλιν
1657 789 1753 822 κα-

198 867 527 929 ταλαϐοῦσα,
563 865 767 918 διέλυσε
796 868 892 929 τὰς
930 867 1208 935 ζητήσεις.
1272 866 1533 926 Ἀναστάς
1566 864 1671 931 γὰρ
1726 863 1752 912 6

202 960 341 1021 θεῖος
394 960 674 1028 ’Λϐἐρκιος
709 959 1009 1022 ἀσπάζεται
1059 959 1183 1019 τοὺς
1238 957 1627 1029 περιεστῶτας,
1662 958 1752 1006 καὶ

201 1053 527 1119 εὐλογήσας,
567 1051 745 1102 οἴκαδε
786 1051 882 1102 σὺν
908 1050 1236 1118 [ὑξεινιανῷ
1267 1051 1492 1118 πέμπει.

273 1143 371 1194 1Δ’.
419 1143 624 1208 Ὀλίγαι
656 1140 715 1192 τὸ
750 1140 887 1209 μετὰ
912 1141 1086 1194 ταῦτα
1121 1141 1337 1209 διῆλθον
1389 1140 1612 1210 ἡμέραι,
1661 1140 1752 1190 καὶ

198 1233 295 1295 τὰς
335 1232 496 1302 πέριξ
522 1231 710 1300 κώμας
744 1232 836 1283 καῖ¹
872 1233 971 1303 ττρὸ
993 1250 1052 1299 γε
1080 1233 1186 1285 τῶν
1218 1232 1389 1287 ἄλλων
1420 1233 1516 1292 τὰς
1540 1232 1595 1280 ἐν
1640 1246 1749 1295 γειο

196 1324 388 1384 τόνων,
417 1324 529 1391 ἅμα
578 1324 688 1384 τοῖς
738 1324 985 1391 ἀδελφοῖς
1039 1323 1291 1394 περιῄειο
1324 1321 1589 1390 ἐμάνθανε
1644 1320 1749 1387 γὰρ

198 1413 296 1482 ἠδη
329 1413 556 1475 πολλοὺς
590 1414 703 1465 ἐκεῖ
744 1414 1020 1484 διαφόροις
1077 1414 1362 1476 πιέζεσθαι
1412 1416 1606 1475 νόσοις.
1651 1413 1751 1464 Πε-

197 1504 423 1576 ριελθὼν
449 1501 541 1558 οὖν
570 1507 661 1559 καὶ
688 1506 1027 1577 θεραπεύσας
1058 1507 1189 1574 εὑχῇ
1220 1507 1313 1557 καὶ
1341 1506 1540 1574 χειρῶν
1569 1505 1750 1557 ἐπιθέ-

199 1612 300 1659 σει,
338 1596 459 1647 ἐπεὶ
491 1595 772 1665 βαλανείου
800 1596 1003 1665 ἄπορον
1026 1594 1170 1667 ἐώρα
1202 1596 1293 1648 τὸν
1314 1597 1496 1659 τόπων
1521 1597 1751 1667 πθᾶγμα

198 1687 413 1739 νοσοῦσι
452 1688 623 1751 δεξιὸν
657 1686 1026 1756 παραμύθιον,
1061 1688 1139 1750 εἴς
1172 1705 1291 1740 τινα
1354 1688 1529 1756 χῶρον
1584 1687 1752 1739 ἐλθὼν

196 1773 239 1846 ᾧ
274 1780 466 1849 ’Δγρὸς
499 1781 593 1849 μὲν
618 1782 648 1849 ἠ
675 1780 883 1847 κλῆσις,
911 1779 1153 1848 ποταμὸς
1182 1780 1236 1831 δὲ
1262 1780 1407 1844 αὑτῷ
1426 1779 1748 1850 παραρρέει,

198 1873 264 1923 τά
306 1873 508 1938 γόνατα
536 1872 610 1940 τῷ
631 1872 746 1939 Θεῴ
770 1872 976 1934 κλίνας,
1005 1870 1097 1923 τοῦ
1128 1871 1352 1940 ἐδάφους
1388 1871 1563 1937 river;
1582 1888 1615 1922 t.
1646 1872 1751 1922 Καὶ

202 1966 310 2016 ῑδοὶ)
349 1966 545 2033 βροντὴ
583 1966 679 2031 μὲν
726 1964 783 2028 ἐξ
849 1964 1110 2035 ἀκριϐοῦς
1167 1966 1609 2033 καταρρήγνυται
1658 1964 1755 2031 τῆς

202 2057 418 2125 αἰθρίας
444 2070 458 2085 ⁸
485 2055 769 2107 ἀναδίδωσι
800 2055 861 2108 δὲ
898 2055 1082 2124 πηγάς
1121 2054 1340 2124 θερμῶν
1372 2054 1576 2108 ὑδάτων
1609 2054 1754 2122 ἡγῆ,

198 2150 292 2200 καί
326 2146 413 2197 διὰ
439 2145 651 2198 πάντων
676 2147 900 2216 ὑμνεῖτο
920 2147 1071 2211 θεὸς,
1099 2149 1333 2216 ἐπήκοος
1361 2144 1503 2196 οὑτω
1533 2143 1755 2196 δικαίων

195 2236 405 2304 ἀνδρῶν
424 2235 727 2303 γινόμενος.
758 2236 820 2289 ἸΙ
845 2236 1026 2303 μέντοι
1050 2234 1295 2303 μακαρία
1320 2233 1500 2300 ἐκείνη
1519 2231 1757 2299 γλῶσσα,

195 2328 435 2389 λάκκους
485 2326 676 2396 ἐρύξαι
728 2330 839 2389 τοῖς
896 2326 1158 2396 παροῦσιν
1210 2324 1586 2394 ἐντειλαμένη,
1619 2324 1757 2377 ὥστε

196 2418 461 2486 σύρροιαν
495 2420 552 2470 ἐν
576 2419 785 2480 τούτοις
833 2417 1078 2484 γίνεσθαι
1121 2418 1229 2469 τῶν
1263 2415 1477 2485 θερμῶν
1533 2416 1755 2478 ὑδάτων,

196 2511 289 2559 καὶ
317 2508 397 2570 εἰς
425 2508 719 2576 ἀνάκτησιν
741 2508 880 2560 αὑτά
898 2510 1164 2576 σωμάτων
1190 2501 1328 2559 εἶναι
1358 2508 1760 2575 πεπονηκότων,

197 2602 429 2671 ἐπανῄει
467 2601 603 2673 πρὸς
626 2601 722 2670 τὴν
754 2602 949 2653 οἰκίαν.
996 2601 1080 2652 Ἐν
1116 2600 1289 2668 τούτῳ
1314 2597 1406 2651 οὖν
1438 2600 1466 2651 6
1501 2603 1608 2652 των
1646 2618 1760 2653 πει·

200 2696 429 2765 ρασμῶν
458 2696 552 2747 καὶ
580 2696 682 2765 τῆς
706 2695 919 2764 ἀπάτης
956 2692 1158 2764 πατὴρ,
1190 2696 1216 2747 ὁ
1256 2693 1489 2763 πονηρὸς
1529 2692 1758 2761 δαίμων,

196 2786 520 2853 γυναικείαν
557 2787 872 2857 ὑποκριθείς
913 2786 1150 2857 μορςὴν,
1182 2786 1427 2853 πρόσεισι
1465 2785 1539 2851 τῷ
1599 2784 1755 2853 ἁγίῳ,

195 2879 450 2944 εὐλογίας
481 2881 661 2946 τυχεῖν
690 2880 850 2943 δῆθεν
880 2880 1008 2950 παρ’
1036 2880 1202 2934 αὑτοῦ
1230 2879 1577 2950 βουλόμενος.
1623 2881 1681 2931 ’0
1705 2878 1758 2931 δὲ

193 2968 476 3022 ἑπιόαλὼν
507 2969 703 3039 ἐκείνῳ
728 2970 853 3031 τοὺς
875 2970 1207 3038 ὀφθαλμοὺς,
1232 2975 1321 3022 καὶ
1349 2972 1436 3023 τὸν
1472 2972 1598 3022 εἴσω
1631 2987 1761 3040 κρυ-

196 3064 471 3130 πτόμενον
502 3060 666 3115 λύκον
703 3063 801 3115 οὑκ
833 3064 1125 3132 ἀγνοήσας,
1159 3064 1206 3115 εἰ
1238 3064 1332 3114 καὶ
1372 3064 1467 3132 τὴν
1494 3064 1587 3114 τοῦ
1623 3079 1759 3132 προ-

194 3153 367 3206 ϐάτου
403 3153 565 3222 δορὰν
607 3154 937 3224 περιέκειτο,
970 3154 1132 3216 εὐθὺς
1180 3157 1632 3225 μεταστρέφεται,
1667 3154 1761 3207 καὶ

198 3245 336 3314 λίθῳ
378 3248 707 3315 προσπταίει
744 3248 833 3299 τὸν
862 3247 999 3301 πόδα
1056 3246 1147 3300 τὸν
1206 3246 1400 3311 δεξιόν.
1455 3247 1762 3319 Περιαλγὴς
1788 3262 1831 3322 ο
1867 3245 2010 3299 enim

673 3340 695 3355 σν

192 3338 290 3393 οὖν
315 3338 631 3407 γενόμενος,
669 3340 900 3393 ἅπτεται
943 3341 1010 3407 τῇ
1040 3341 1182 3408 χειρὶ
1230 3341 1324 3391 τοῦ
1370 3340 1712 3407 ἀστραγάλου
1738 3356 1754 3371 ο

196 3428 365 3485 αὑτὸν
388 3429 496 3500 γάρ
527 3425 596 3499 ἦν
629 3428 947 3499 πεπληγώς.
979 3428 1089 3483 Καὶ
1109 3430 1136 3481 6
1171 3428 1428 3498 πονηρὸς,
1450 3431 1529 3490 εἰς
1568 3429 1757 3482 ἑαυτὸν

201 3520 370 3575 πάλιν
406 3518 746 3591 μεταϐαλὼν,
776 3519 992 3591 ἥδιστον
1025 3536 1085 3574 τε
1135 3521 1228 3575 καὶ
1270 3520 1468 3591 θερμὸν
1509 3520 1754 3587 άνεγέλα,

196 3616 296 3670 καὶ
323 3616 433 3669 ἀπὸ
464 3615 566 3685 τῆς
600 3614 759 3686 φίλης
805 3615 966 3679 εὐθὺς
1009 3615 1417 3685 ὑπερηφανίας·
1465 3615 1642 3685 Μήτοι
1693 3631 1758 3684 με

191 3708 409 3777 νόμιζε,
431 3709 597 3773 λέγει,
619 3707 725 3758 τῶν
749 3705 1021 3759 ταπεινῶν
1039 3702 1177 3758 εἶναι
1200 3709 1421 3759 ἐκείνων
1447 3706 1756 3775 δαιμονίων,

190 3799 228 3853 ἃ
264 3799 331 3850 σὺ
366 3798 626 3858 πολλάκις
659 3796 984 3864 φυγαδεύειν
1019 3792 1188 3863 οἶδας,
1236 3796 1330 3850 καὶ
1367 3798 1510 3867 μόνῳ
1554 3794 1631 3864 τῷ
1663 3795 1761 3864 ρή-

193 3900 350 3957 ματι⁸
380 3887 493 3941 ἀλλ’
529 3886 689 3947 αὑτός
722 3886 838 3955 ειμι
868 3889 1029 3951 αὑτὸς
1055 3889 1469 3957 ἑκατόνταρχος,
1500 3881 1561 3939 οὗ
1589 3886 1649 3955 δὴ
1670 3885 1761 3937 καὶ

196 3978 294 4032 νῦν
325 3980 405 4042 εἰς
439 3980 632 4048 πεῖραν
661 3975 849 4040 ἐλθὼν,
902 3976 1036 4045 ὁρᾷς
1094 3975 1209 4037 πῶς
1257 3975 1519 4045 χαλεπαῖς
1569 3972 1760 4041 βέϐλη-

198 4091 292 4131 σαι
321 4071 722 4143 περιωδυνίαις,
755 4068 782 4120 6
818 4067 1035 4130 πολλοῖς
1058 4068 1267 4135 ἑτέροις
1319 4066 1621 4135 λυσάμενος
1665 4063 1760 4125 τάς

197 4165 414 4226 ὀδύνας.
446 4163 629 4227 Οὕτως
652 4161 758 4216 άπὸ
780 4158 871 4214 τοῦ
903 4160 1161 4231 βλάπτειν
1185 4161 1212 4211 ὁ
1256 4160 1471 4228 μιαρῦς,
1509 4157 1760 4208 οὐδέποτε

196 4258 256 4312 δὲ
293 4257 403 4310 άπὸ
440 4257 530 4310 τοῦ
560 4256 791 4322 ὢφελεῖν
821 4258 1032 4317 οὐδένα,
1063 4252 1241 4322 ἐαυτῷ
1280 4252 1370 4303 τὸν
1399 4251 1615 4303 ἔπαινον
1661 4268 1761 4302 περ

200 4348 469 4418 ριτίθησι.
502 4346 687 4398 Ταῦτα
718 4346 897 4396 τοίνυν
932 4346 1071 4413 πρὸς
1101 4344 1190 4395 τὸν
1222 4340 1530 4411 θαυμαστὸν
1573 4340 1759 4409 Ἀδέρ-

195 4454 320 4491 κιον
359 4432 504 4503 εἷπε,
543 4434 637 4489 καί
668 4450 776 4487 τινι
800 4433 908 4487 τῶν
937 4434 1383 4503 περιεστηκότων
1439 4433 1597 4485 αὑτὸν
1643 4449 1761 4484 νεα-

194 4529 401 4582 νίσπων
431 4527 704 4599 ὲπιπηδᾷο
740 4528 799 4579 ὃν
832 4527 1083 4596 χαλεπῶς
1114 4527 1397 4595 σπαράξας
1425 4544 1482 4579 τε
1516 4529 1610 4581 καὶ
1643 4527 1729 4577 δια

193 4620 467 4690 ταράξας,
504 4618 706 4689 μεταξὺ
743 4620 959 4670 πάντων
991 4618 1236 4679 ἐλεεινῶς
1270 4618 1618 4671 καταϐάλλει.

267 4711 370 4767 ΙΕ’.
412 4712 470 4762 '0
503 4710 691 4779 μέντοι
736 4708 911 4777 μέγας
967 4708 1245 4778 ’Λὸἐρκιος
1281 4708 1423 4759 ἔλεον
1449 4708 1643 4759 αὐτίκα
1665 4705 1760 4759 τοῦ

191 4805 486 4857 νεανίσκου
540 4801 723 4855 λαόὼν
778 4800 871 4853 καὶ
915 4797 1128 4869 δεηθεὶς
1165 4798 1259 4851 τοῦ
1318 4799 1451 4852 Θεοῦ
1495 4800 1644 4851 λύσιν
1703 4815 1760 4851 τε

193 4894 349 4965 αὑτῷ
378 4893 563 4946 δίδωσι
593 4894 685 4946 τοῦ
714 4891 908 4955 κακοῦ,
945 4893 1039 4946 καὶ
1071 4893 1161 4946 τὸν
1195 4893 1610 4962 μιαρὸνὲκεῖνον
1645 4892 1760 4944 δαί-

194 5002 339 5056 μονα
393 4980 637 5035 ἐκποδὼν
658 4981 892 5049 τίθησιν,
919 4983 1066 5052 ἔργῳ
1091 4982 1333 5051 δηλώσας
1361 4983 1437 5043 τί,
1464 4984 1491 5034 6
1509 4981 1598 5034 τοῦ
1624 4982 1759 5047 ἀγα-

195 5078 297 5131 θοῦ
334 5074 580 5147 μαθητὴς
619 5076 713 5126 καὶ
736 5074 1030 5140 ἀγαθύνειν
1051 5074 1460 5140 δεδιδαγμένος,
1493 5076 1583 5126 καὶ
1622 5074 1700 5131 τίς
1734 5077 1760 5126 ὁ

188 5170 253 5231 ἐξ
286 5168 458 5235 ἀρχῆς
491 5163 746 5233 πονηρὸς,
782 5164 872 5215 καὶ
906 5161 1002 5214 τοῦ
1038 5166 1299 5232 πράττειν
1326 5163 1517 5224 ἄλλους
1545 5163 1609 5213 τά
1663 5179 1758 5213 πο-

188 5260 338 5331 νηρὰ
370 5258 705 5319 διδάσκαλος.
758 5254 998 5317 Ἐκεῖνος
1026 5255 1077 5307 δὲ
1113 5256 1228 5310 ἀλλ’
1252 5256 1312 5307 οὔ
1357 5256 1516 5326 μέχρι
1570 5255 1758 5308 τούτου

186 5358 344 5424 ἔστη,
377 5351 495 5403 οὐδὲ
525 5352 616 5402 ἐπὶ
651 5351 785 5419 μόνῃ
813 5353 876 5417 τῇ
912 5347 1139 5417 τοιαύτῃ
1169 5350 1381 5418 ἔμεινεν
1435 5349 1591 5417 ἥττῃ,
1626 5349 1759 5398 ἀλλά

190 5448 288 5499 καὶ
320 5446 515 5514 ἑτέραν
548 5442 694 5510 αὑτῴ
724 5440 1092 5510 προκηρύτ;ει
1129 5441 1309 5508 πάλην
1330 5456 1344 5470 '
1379 5436 1439 5493 οὗ
1490 5443 1620 5509 μηδὲ
1661 5441 1758 5510 τὴν

187 5538 418 5607 πρώτην
447 5536 765 5600 ὑπενεγκεῖν
819 5534 1058 5601 ἴσχυσεν.
1103 5534 1319 5601 Ἐπειδὴ
1353 5534 1455 5603 γάρ
1484 5540 1575 5586 καὶ
1612 5533 1759 5584 ἄκων

188 5630 359 5699 ἀπῄει
397 5631 488 5681 τὸν
510 5626 794 5678 νεανίσκον
833 5624 1120 5676 ἀπολιπὼν
1151 5628 1384 5694 τραχείᾳ
1413 5627 1485 5686 ὡς
1519 5623 1631 5693 εἶχε
1666 5628 1756 5675 καὶ

185 5721 395 5777 ἀναιδεῖ
421 5718 761 5789 χρησάμενος
790 5718 854 5783 τῇ
884 5716 1036 5784 φωνῇ
1065 5730 1078 5745 ’
1106 5714 1256 5783 Ταχύ
1283 5732 1363 5777 σε,
1398 5719 1525 5783 ἔφη,
1571 5715 1757 5781 ’Λϐέρ-

186 5832 297 5877 κιε,
325 5814 420 5866 καὶ
449 5814 653 5867 ἄκοντα
711 5808 1122 5878 παρασκευάσω
1150 5810 1248 5877 τὴν
1292 5806 1575 5874 Ῥωμαίων
1605 5807 1749 5857 εδεῖν,

186 5910 260 5961 Τὸ
306 5908 362 5961 δὲ
400 5908 502 5975 ἄρα
535 5905 595 5956 οὑ
640 5900 811 5971 πολλῷ
839 5900 1064 5965 ὕστερον
1091 5900 1271 5966 ἐξέϐη,
1308 5900 1379 5960 ὡς
1412 5902 1473 5951 τὰ
1502 5900 1625 5968 ἑξῆς
1663 5901 1752 5950 τοῦ

1788 4602 1838 4660 D

1861 678 1997 730 inter
2044 694 2098 729 se
2130 678 2513 746 disceptarent,
2574 677 2703 729 liora
2752 689 2892 727 nona
2941 690 3126 727 rursus
3175 675 3420 738 veniens,

1858 769 1989 821 {iniit
2023 769 2362 837 qumstioues.
2391 768 2581 822 Statim
2602 767 2744 820 enim
2770 782 2995 837 surgens
3020 767 3234 819 divinus
3256 767 3423 818 Aber-

1858 860 1993 921 eius,
2027 861 2221 913 salutat
2255 875 2369 923 eos,
2400 861 2487 929 qui
2511 858 2950 921 circumstabant,
3022 866 3073 909 et
3101 874 3219 909 cum
3258 858 3425 910 bene-

1858 950 2097 1013 dixisset,
2129 952 2346 1004 domum
2383 952 2549 1004 mittit
2579 965 2700 1003 cum
2747 949 3080 1001 Euxeniaun.

1929 1149 2063 1202 XIV.
2102 1148 2259 1203 Pauci
2312 1151 2424 1203 dies
2460 1160 2643 1219 postea
2691 1151 3082 1219 praeterierunt,
3127 1166 3249 1204 cum
3290 1152 3433 1205 vicos

1857 1242 2204 1295 circumcirca
2261 1242 2486 1310 positos,
2544 1250 2599 1293 et
2636 1254 2761 1295 ante
2797 1244 2950 1306 alios,
3006 1258 3100 1295 c0s
3138 1242 3228 1311 qui
3280 1254 3433 1296 erant

1859 1334 2168 1402 propinqui.
2196 1334 2329 1386 obiit
2355 1348 2480 1386 cum
2538 1333 2814 1389 fratribus.
2865 1334 2985 1387 Jam
3020 1335 3163 1387 enim
3206 1349 3432 1401 accepe-

1858 1433 1958 1486 rat,
1997 1422 2196 1475 multos
2224 1420 2386 1473 variis
2414 1421 2528 1475 illic
2556 1422 2757 1475 morbis
2793 1422 3052 1474 laborare.
3087 1420 3221 1472 Cum
3254 1428 3431 1471 autern

1857 1514 2096 1574 abiisset,
2129 1520 2185 1565 et
2214 1527 2305 1565 cos
2360 1522 2607 1566 curasset
2649 1511 2899 1581 precibus
2946 1520 2999 1564 et
3055 1524 3306 1563 manuum
3339 1509 3436 1561 im-

1859 1604 2144 1673 positione,
2178 1616 2459 1672 postquam
2484 1604 2618 1657 vidit
2644 1604 2817 1657 locum
2848 1616 3005 1672 egere
3035 1601 3246 1667 balneo,
3271 1599 3434 1669 (quod

1858 1696 2075 1764 quidem
2108 1695 2501 1763 aegrotantibus
2544 1705 2623 1749 est
2668 1706 2849 1763 aptum
2912 1692 3180 1748 solatium)
3213 1691 3433 1745 veniens

1857 1788 1910 1840 in
1943 1785 2230 1855 quemdam
2277 1785 2481 1844 loeum,
2543 1786 2631 1854 qui
2690 1785 2991 1853 appellatur
3042 1785 3201 1852 Ager,
3238 1781 3432 1836 ﬂuvius

1859 1889 2036 1935 autem
2077 1893 2243 1947 prope
2274 1892 2399 1930 eum
2460 1876 2597 1938 ﬂuit,
2660 1876 2811 1929 ﬂexis
2869 1876 2974 1930 Deo
3025 1876 3250 1944 genibus
3283 1874 3431 1927 humi

1862 1972 2114 2041 procidit.
2151 1968 2214 2021 Et
2239 1985 2366 2023 ecce
2409 1968 2643 2036 erumpit
2699 1966 2911 2034 quidem
2944 1967 3143 2019 tonitru
3180 1966 3318 2019 caelo
3349 1980 3432 2018 se-

1862 2076 2012 2121 reno,
2048 2059 2243 2113 emittit
2298 2068 2475 2111 autem
2516 2067 2655 2111 terra
2698 2056 2875 2109 fontes
2906 2070 3164 2123 aquarum
3230 2056 3431 2109 calida-

1860 2166 2013 2203 rum:
2042 2159 2095 2201 et
2136 2165 2229 2216 per
2260 2148 2436 2201 omnia
2468 2148 2788 2201 laudabatur
2854 2145 3013 2204 Deus,
3043 2145 3133 2211 qui
3156 2145 3326 2211 justas
3353 2144 3429 2198 sic

1857 2240 2095 2295 exaudit.
2134 2238 2268 2294 Cum
2312 2240 2467 2293 beata
2505 2249 2681 2292 autem
2724 2237 2806 2289 illa
2870 2237 3046 2302 lingua
3088 2238 3169 2293 iis,
3212 2235 3299 2300 qui
3328 2234 3426 2287 ad-

1861 2342 2037 2395 erant,
2061 2333 2313 2400 jussisset
2342 2330 2522 2384 fodere
2550 2330 2833 2389 cisternas,
2862 2335 2920 2379 ut
2965 2340 3115 2394 aqua:
3144 2323 3328 2376 calida:
3372 2323 3423 2375 in

1861 2439 1952 2477 eas
1986 2423 2340 2485 conﬂuerent,
2376 2431 2429 2476 et
2449 2436 2525 2475 ea:
2554 2428 2736 2475 essent
2776 2420 2841 2471 ad
2881 2414 3171 2471 recreandu
3197 2429 3424 2482 corpora

1861 2514 2182 2580 laborantia,
2214 2515 2431 2571 domum
2492 2513 2799 2565 revertitur.
2858 2508 3071 2562 Interim
3106 2515 3283 2559 autem
3309 2514 3426 2558 ten-

1863 2610 2127 2661 tationum
2176 2618 2230 2661 et
2281 2605 2612 2675 deceptionis
2664 2613 2815 2675 pater
2877 2600 3143 2668 malignus
3189 2596 3422 2661 derOIl,

1862 2697 2084 2751 indutus
2119 2697 2290 2751 forma
2324 2696 2594 2760 muliebri,
2647 2696 2788 2746 venit
2827 2691 2890 2745 ad
2945 2698 3211 2753 sanctum,
3239 2687 3425 2739 volens

1862 2790 1929 2843 ab
1957 2789 2076 2858 ipso
2137 2788 2391 2857 consequi
2447 2786 2898 2841 benedictionem.
2962 2780 3055 2835 llle
3087 2792 3263 2833 autem
3293 2792 3424 2830 cou-

1864 2881 2027 2949 jectis
2059 2881 2109 2932 in
2140 2880 2285 2932 illum
2315 2879 2503 2937 oculis,
2528 2878 2619 2945 qui
2650 2878 2791 2929 intus
2821 2873 3040 2934 latebat,
3088 2870 3271 2940 lupum
3316 2884 3419 2921 non

1868 2974 2144 3043 ignorans,
2197 2970 2403 3025 etiamsi
2462 2970 2576 3023 ovis
2604 2968 2796 3037 pellem
2832 2964 3116 3027 induisset,
3178 2959 3423 3031 protinus

1866 3062 2153 3128 avertitur,
2222 3071 2278 3115 et
2341 3060 2515 3129 lapide
2580 3058 2798 3113 oﬂ‘endit
2867 3056 3056 3126 pedem
3116 3053 3420 3108 dexterum.

1868 3151 2061 3205 Dolore
2122 3169 2249 3220 ergo
2306 3152 2551 3213 aﬂ‘ectus,
2599 3165 2759 3205 manu
2792 3149 2959 3218 tangit
2996 3146 3157 3200 talum
3198 3161 3212 3196 :
3246 3144 3421 3214 ipsum

2099 3253 2458 3311 percusserat.
2547 3241 2805 3310 Malignus
2880 3248 3058 3290 autem
3117 3250 3304 3288 rursus
3366 3233 3422 3286 in

1865 3336 2105 3405 seipsum
2140 3344 2397 3397 mutatus,
2428 3332 2745 3385 suavissime
2796 3329 2930 3389 risit,
2961 3336 3013 3382 et
3054 3326 3423 3381 vehementis-

1859 3428 2014 3489 sime,
2049 3436 2103 3479 et
2127 3428 2280 3479 solita
2307 3426 2553 3494 protinus
2585 3422 2868 3490 superbia:
2900 3419 2975 3474 Ne
3013 3434 3096 3473 me
3125 3418 3418 3478 existimes,

1860 3515 2054 3585 inquit.
2087 3529 2208 3570 esse
2241 3530 2303 3568 ex
2347 3515 2453 3568 illis
2508 3512 2802 3566 humilibus
2849 3510 3151 3571 daemoniis,
3206 3523 3325 3576 quae
3365 3517 3422 3562 tu

1861 3608 1966 3662 scis
2020 3623 2163 3678 saepe
2228 3606 2413 3678 fugare
2475 3604 2559 3659 vel
2613 3603 2778 3658 verbo
2834 3603 2949 3656 solo
2986 3619 3001 3655 :
3033 3601 3127 3655 sed
3161 3616 3277 3655 sum
3308 3602 3421 3670 ipse

1861 3699 2131 3760 centurio,
2167 3699 2324 3765 cujus
2356 3714 2479 3750 cum
2513 3713 2655 3750 nunc
2688 3696 2862 3751 fecisti
2904 3694 3228 3766 periculum,
3269 3694 3420 3747 vides

1861 3804 2020 3858 quam
2055 3788 2307 3860 gravibus
2329 3788 2403 3842 sis
2459 3787 2689 3841 aﬂ'ectus
2740 3786 3035 3847 doloribus,
3060 3785 3151 3853 qui
3181 3774 3418 3837 liberasti

1863 3882 2060 3934 multos
2087 3896 2114 3933 a
2159 3882 2442 3934 molestiis.
2490 3880 2580 3933 Sic
2636 3877 2995 3933 exsecrandus
3050 3893 3115 3931 ex
3160 3892 3245 3941 eo,
3278 3891 3349 3945 qu
3386 3875 3420 3929 d

1864 3972 2042 4035 laedat,
2104 3986 2379 4041 nunquam
2432 3981 2611 4025 autem
2668 3988 2733 4026 ex
2800 3986 2883 4034 co,
2923 3970 3063 4038 quod
3097 3968 3285 4036 prosit,
3317 3967 3417 4020 sibi

1862 4064 2069 4119 laudem
2100 4064 2308 4119 tribuit.
2343 4062 2464 4117 Haec
2498 4078 2624 4133 ergo
2658 4060 2959 4120 admirabili
3000 4060 3135 4115 dixit
3164 4060 3417 4123 Abercio,

1860 4168 1912 4210 et
1938 4158 2195 4225 impetqu
2261 4156 2386 4209 facit
2437 4158 2489 4209 in
2550 4156 2836 4225 quemdam
2898 4154 3085 4219 exiis,
3116 4154 3206 4222 qui
3236 4152 3415 4222 ipsum

1861 4249 2349 4310 circumsistebant,
2393 4248 2872 4302 adolescentibus:
2929 4260 3089 4313 quem
3124 4260 3245 4299 cum
3300 4259 3420 4313 gra-

1863 4339 1997 4393 viter
2029 4339 2421 4409 discerpsisset,
2442 4339 2821 4394 miserabiliter
2854 4338 3065 4408 projicit
3095 4346 3147 4393 in
3182 4338 3417 4392 medium

1862 4443 2125 4482 omnium.

1934 4717 2046 4772 XV.
2077 4718 2294 4789 Magnus
2324 4728 2502 4773 autem
2544 4720 2803 4774 Abercius
2832 4722 3011 4775 statim
3051 4720 3416 4775 misericordia

1864 4821 2042 4864 motus
2089 4811 2468 4876 adolescentis,
2515 4821 2563 4863 et
2606 4811 2767 4864 Deum
2819 4823 3088 4880 precatus,
3120 4830 3242 4868 eum
3277 4815 3416 4870 malo

1862 4903 2050 4963 solvit,
2104 4911 2156 4953 et
2216 4900 2606 4955 exsecrandum
2672 4902 2821 4955 illum
2878 4902 3175 4959 daemonem
3232 4906 3415 4965 procul

1862 4992 2105 5060 expellit,
2147 5007 2201 5042 re
2231 4992 2343 5058 ipsa
2374 4992 2685 5053 ostendens,
2720 4994 2965 5061 quisnam
2998 4996 3064 5045 sit
3098 4996 3221 5047 boni
3249 4997 3415 5050 disci-

1863 5083 2042 5153 pulus,
2077 5091 2131 5134 et
2163 5084 2250 5150 qui
2310 5083 2445 5135 bene
2493 5082 2665 5136 facere
2719 5083 3010 5137 didicerit:
3063 5095 3118 5137 et
3166 5089 3412 5153 quisnam

1862 5175 1906 5228 is
1932 5174 2019 5232 sit.
2052 5174 2139 5242 qui
2190 5183 2271 5227 est
2324 5175 2495 5227 malus
2531 5174 2596 5225 ab
2641 5174 2813 5236 initio,
2863 5184 2916 5227 et
2969 5176 3224 5242 magister
3276 5179 3414 5231 male

1863 5266 2090 5318 faciendi
2122 5265 2258 5318 aliis.
2302 5265 2390 5317 llle
2441 5274 2619 5317 autem
2673 5282 2778 5316 ttutt
2824 5280 2886 5317 eo
2933 5281 3101 5334 usque
3145 5268 3410 5332 constitit,

1862 5372 2035 5424 neque
2068 5356 2229 5410 semel
2281 5365 2589 5420 superatum
2633 5370 2752 5407 esse
2789 5356 2918 5408 satis
2963 5358 3147 5410 habuit
3184 5375 3198 5410 :
3230 5358 3324 5411 sed
3356 5359 3409 5411 ei

1863 5463 2050 5499 rursus
2080 5446 2276 5499 bellum
2307 5448 2609 5510 denuntiat,
2652 5449 2805 5515 cujus
2839 5449 3069 5517 primum
3105 5448 3409 5503 conﬂictum

1862 5555 1967 5592 non
2002 5541 2171 5608 potuit
2213 5543 2501 5593 sustinere.
2542 5540 2770 5603 Quando
2804 5542 2948 5594 enim
2995 5541 3195 5593 invitus
3237 5555 3411 5594 reces-

1862 5630 1948 5691 sit,
1990 5630 2174 5681 relicto
2220 5628 2582 5691 adolescente,
2628 5645 2813 5697 aspera
2852 5640 2905 5682 et
2955 5630 3249 5699 impudenti
3282 5646 3413 5683 voce

1864 5736 1991 5773 usus
2028 5738 2041 5774 ;
2076 5722 2191 5773 (lito
2235 5735 2303 5782 te,
2335 5721 2525 5789 inquit,
2552 5736 2581 5771 o
2618 5722 2827 5783 Aberci,
2861 5720 2943 5774 vel
2970 5721 3192 5775 invitum
3221 5722 3412 5774 faciam

1864 5813 2044 5866 videre
2110 5811 2471 5864 Romanorum
2543 5812 2837 5864 civitatem.
2892 5813 3003 5866 Iluc
3074 5821 3251 5865 autem
3307 5828 3413 5866 non

1865 5905 2029 5958 multo
2061 5913 2179 5971 post
2214 5904 2413 5969 evenit,
2444 5915 2502 5959 ut
2524 5903 2776 5970 deinceps
2801 5905 3167 5960 ostendemus.
3192 5902 3411 5959 Divinus
