4142 6524
206 485 340 546 1933

1490 481 1660 539 νιΤΑ
1706 480 1763 537 S.
1809 479 1847 535 Α
1863 479 2078 539 BERC!
2096 481 2141 536 ῐ.

3316 482 3454 546 1234

203 598 386 650 πείαν.
412 593 494 648 Τὰ
515 596 569 649 δὲ
595 595 725 647 κενά
746 612 801 648 τε
826 594 1104 664 ηλέγχετο,
1126 594 1216 647 καὶ
1240 591 1577 661 ἀγριώτερον
1604 589 1779 642 ἐποίει

1888 592 2391 656 conducebantur,
2449 605 2501 648 et
2561 595 2855 664 malignum
2920 594 3226 649 daatnouem
3286 596 3455 663 magis

203 689 289 740 τὸν
322 687 559 755 πονηρὸν
583 685 818 753 δαίμονα
875 688 936 755 τῇ
969 686 1124 755 κόρῃ.
1178 683 1395 752 Ἀμέλει
1431 683 1524 733 καὶ
1561 681 1771 734 τοιάνδε

202 779 322 832 τινά
350 778 442 830 διὰ
467 777 566 845 τῆς
600 776 790 840 παιδὸς
820 776 1030 845 ἐκείνης
1056 776 1208 844 ἠφίει
1238 775 1447 844 φωνήν⁸
1482 773 1579 835 ὼς,
1610 773 1673 825 Ei
1701 772 1774 843 μὴ

216 868 503 939 Ἀϐἐρκιος
526 871 554 922 6
579 868 677 937 τῆς
715 872 771 922 ἐν
814 871 878 938 τῇ
913 869 1084 939 μικρᾷ
1112 868 1322 937 Φρυγίᾳ
1373 865 1483 918 τῶν
1527 865 1775 935 Ἱεραπο-

204 964 371 1018 λιτῶν
400 965 701 1027 ἐπίσκοπος
733 963 894 1025 ἔλθοι,
929 962 1027 1015 οὐκ
1058 962 1122 1015 ἂν
1155 963 1262 1014 άπὸ
1290 960 1385 1013 τοῦ
1419 957 1777 1029 σκηνώματος

204 1056 479 1127 ἐξέλθοιμι
514 1055 689 1110 τοῦδε.
738 1054 823 1119 Ὠς
854 1055 946 1108 οὖν
975 1055 1066 1107 ἐπὶ
1107 1054 1302 1124 συχνάς
1333 1052 1548 1124 ἡμέρας
1600 1049 1777 1104 ταῦτα

204 1149 357 1214 ἐϐόα,
382 1149 696 1219 διηπορεῖτο
735 1147 857 1199 καθ’
885 1146 1078 1200 ἑαυτὸν
1120 1146 1459 1206 ’Δντωνῖνος,
1494 1144 1547 1195 τί
1595 1143 1663 1196 ἂν
1691 1140 1776 1213 εἴη

204 1240 363 1294 τοῦτο
390 1238 783 1304 σκοπούμενος,
810 1238 904 1291 καί
926 1256 1054 1293 ποτε
1080 1237 1400 1300 εἰσκαλέσας
1429 1236 1518 1289 τὸν
1539 1236 1777 1307 ἔπαρχον

204 1333 303 1402 τῆς
331 1331 503 1399 αὐλῆς
535 1331 925 1400 Κορνηλιανὸν,
990 1330 1392 1385 ἀνεπυνθάνετο
1425 1329 1479 1382 εί
1532 1330 1633 1381 πού
1695 1345 1778 1391 τις

216 1422 523 1493 Ἰεράπολις
578 1422 681 1476 ὑπὸ
722 1424 926 1492 μικράν
958 1423 1196 1492 Φρυγίαν
1225 1422 1391 1475 ἐστίν.
1434 1421 1493 1474 '0
1541 1422 1621 1486 δέ,
1668 1420 1779 1472 Καὶ

209 1516 377 1586 μάλα,
404 1515 661 1579 δέσποτα,
697 1514 827 1585 ἔφη,
861 1515 958 1568 καὶ
983 1515 1077 1569 ἀπ’
1108 1516 1273 1585 αὐτῆς
1307 1514 1653 1579 Εὐξεινιανὺν
1683 1514 1778 1585 ὁρ-

211 1606 445 1676 μᾶσθαι,
502 1600 547 1674 ᾧ
613 1606 876 1671 πολλάκις
944 1608 1073 1678 περὶ
1136 1606 1413 1677 δημοσίων
1458 1604 1779 1669 ἐπέστειλας

207 1700 575 1767 πραγμάτων.
634 1699 805 1753 Τοῦτο
840 1699 1076 1762 ἀκούσας
1130 1700 1158 1751 6
1202 1699 1513 1760 Ἀντωνῖνος
1544 1697 1686 1767 ἥσθη
1718 1713 1778 1749 τε

209 1782 297 1841 οἶα
322 1788 423 1858 τῆς
463 1789 742 1860 φροντίδος
773 1788 1065 1852 ἀπολυθεὶς
1088 1790 1279 1857 ὅτιπερ
1306 1786 1643 1855 Εὐξεινιανὸς
1666 1788 1783 1841 ἐκεῖ

208 1880 523 1950 διατρίϐων,
546 1879 718 1945 δεξιὸς
758 1881 905 1951 αὐτῷ
928 1880 1082 1934 ἔσται
1109 1879 1203 1933 τοῦ
1230 1881 1554 1952 πράγματος
1577 1880 1782 1935 οἰκονό-

212 1988 313 2041 μος
343 1987 356 2001 ·
395 1972 488 2026 καὶ
535 1972 832 2043 Οὐαλέριον
888 1973 980 2026 καὶ
1027 1973 1292 2027 Βασιανὸν
1354 1974 1781 2047 μαγιστριανοὺς

209 2064 377 2126 εὐθὺς
447 2064 872 2134 εὐτρεπισθῆναι
930 2064 1216 2130 κελεύσας,
1273 2067 1580 2120 ἐπιστέλλει
1631 2067 1781 2138 αὺτῷ

207 2155 403 2209 ταῦτα’
475 2156 790 2221 ’Λντωνῖνος
862 2159 1227 2230 αὐτοκράτωρ
1295 2160 1556 2221 σεϐαστδς
1596 2158 1782 2223 Εὐξει·

209 2246 379 2316 νιανῷ
406 2247 680 2302 Ποπλίωνι
724 2251 957 2321 χαίρειν.
1008 2250 1148 2319 Ἐγὼ
1196 2253 1274 2313 είς
1327 2252 1522 2319 πεῖραν
1552 2251 1649 2319 τῆς
1683 2250 1782 2318 σῆς

207 2339 489 2407 ἀγχινοίας
524 2342 705 2412 ἔργοις
754 2344 938 2405 αὐτοῖς
974 2343 1266 2407 καταστάς,
1303 2344 1396 2396 καὶ
1440 2344 1673 2414 μάλιστα
1702 2340 1783 2405 οἷς

207 2432 439 2503 ἔναρχος
478 2436 767 2502 προστάξει
791 2437 884 2489 τοῦ
928 2438 1201 2507 ἡμετέρου
1234 2439 1469 2509 κράτους
1506 2436 1785 2509 διεπράξω

206 2530 350 2579 κατὰ
380 2527 480 2598 τὴν
519 2527 773 2597 Σμύρναν
798 2546 809 2560 ·
842 2531 1201 2597 ἐπικουφίσας
1231 2532 1560 2600 Σμυρναίοις
1590 2532 1687 2601 τὴν
1722 2533 1785 2584 ἐκ

206 2616 303 2670 τοῦ
331 2618 522 2671 κλόνου
554 2621 652 2688 τῆς
684 2618 785 2688 γῆς
819 2619 1220 2689 ἐπιγενομένην
1243 2621 1426 2683 αὐτοῖς
1471 2623 1780 2692 συμφοράν,

207 2707 384 2778 ἣσθην
415 2725 496 2776 τε,
517 2708 707 2781 ὥσπερ
751 2710 915 2775 είκδς,
952 2710 1044 2764 καί
1068 2728 1125 2765 σε
1160 2711 1261 2781 τῆς
1290 2712 1401 2766 τῶν
1444 2715 1784 2783 πραγμάτων

208 2800 530 2870 ἐπιμελείας
550 2801 792 2872 ἐπῄνεσα
813 2820 826 2833 ·
855 2804 1060 2873 ἔμαθον
1077 2805 1185 2874 γάρ
1211 2805 1426 2859 ἅπαντα
1457 2807 1595 2876 μετὰ
1623 2808 1782 2879 άκρι-

208 2890 385 2953 ϐείας,
436 2891 649 2963 ὥσπερ,
689 2896 755 2947 ἂν
788 2898 835 2947 εἰ
869 2898 1077 2966 παρών.
1116 2900 1189 2950 ’Ἡ
1226 2916 1284 2951 τε
1315 2899 1422 2968 γάρ
1487 2901 1638 2970 παρὰ
1690 2900 1784 2953 σοῦ

213 2982 529 3051 πεμφθεῖσα
587 2983 862 3055 ἀναφορὰ,
916 2988 942 3039 ὅ
986 3004 1044 3040 τε
1098 2989 1385 3053 ἀποδιδοὺς
1419 2992 1647 3061 ταύτην,
1691 2993 1785 3045 καὶ

214 3074 410 3137 Κέλιος
441 3076 469 3128 6
505 3076 799 3147 ἐπίτροπος
824 3076 980 3147 ὑμῶν
1000 3077 1221 3133 ἅπαντά
1249 3097 1340 3148 μοι
1373 3082 1561 3149 σαφῶς
1592 3082 1785 3153 διηγή-

216 3182 373 3221 σατο.
417 3166 542 3220 Ἐπὶ
576 3168 632 3222 δὲ
661 3168 755 3222 τοῦ
788 3171 1055 3241 παρόντος
1107 3172 1351 3241 γνωσθὲν
1400 3173 1476 3241 τῷ
1528 3174 1786 3246 ἡμετέρῳ

1879 682 2173 736 eﬂ‘et'abant
2218 684 2266 737 iu
2315 685 2565 752 puellam.
2607 688 2875 741 (Steterunt
2927 688 2971 740 is
3028 687 3187 741 talem
3240 698 3455 755 qquuc

1880 791 2066 829 Vocem
2112 776 2393 831 emittebat
2447 794 2541 847 per
2602 780 2855 848 puellam,
2900 779 3068 847 quod,
3116 778 3216 830 nisi
3250 777 3457 831 veniret

1878 868 2142 922 Abereius
2202 867 2775 940 Ilierapolitnnorum,
2850 872 2939 939 qui
2999 882 3124 924 sunt
3177 872 3227 923 in
3290 886 3455 938 parva

1882 958 2130 1029 Phrygia,
2166 961 2474 1031 episcopus.
2502 978 2563 1016 ex
2604 979 2669 1017 eo
2719 980 2823 1017 non
2867 964 3035 1016 exiret
3080 961 3451 1016 tabernaculo.

1879 1047 2015 1102 Cum
2046 1050 2161 1104 luec
2191 1066 2320 1122 ergo
2346 1051 2544 1106 multos
2585 1054 2704 1108 dies
2749 1052 3164 1117 vociferaretur,
3208 1054 3348 1119 apud
3398 1068 3456 1106 se

1880 1140 2160 1196 dubitabat
2191 1142 2517 1209 Antoninus,
2554 1148 2816 1215 quidnam
2862 1147 2967 1202 hoc
2998 1160 3161 1209 esset.
3202 1148 3458 1203 conside-

1882 1248 2029 1294 rans,
2062 1244 2115 1287 et
2162 1235 2451 1303 aliquando
2502 1240 2768 1293 accersito
2815 1240 3149 1294 Corneliana
3205 1241 3459 1310 praefecto

1881 1326 2146 1393 praetorii,
2178 1330 2387 1398 rogavit
2417 1346 2485 1383 an
2541 1330 2594 1384 in
2647 1346 2807 1400 parva
2857 1331 3091 1400 Phrygia
3143 1341 3286 1386 esset
3332 1332 3459 1387 urbs

1882 1418 2103 1473 nomine
2152 1419 2471 1490 Hierapolis.
2532 1423 2581 1477 Is
2636 1432 2863 1478 autem:
2924 1423 3185 1488 Maxime,
3243 1425 3457 1492 inquit,

1880 1505 2121 1569 domine,
2158 1516 2210 1561 et
2260 1525 2323 1563 ex
2382 1526 2442 1564 ea
2478 1522 2630 1566 ortus
2664 1523 2747 1568 est
2786 1513 3157 1577 Euxenianus,
3190 1518 3253 1569 ad
3299 1531 3458 1583 quem

1880 1613 2025 1668 saepe
2062 1601 2331 1670 scripsisti
2384 1604 2451 1658 de
2497 1606 2657 1660 rebus
2704 1608 2956 1676 publicis.
3002 1608 3113 1662 Hoc
3153 1624 3273 1662 cum
3308 1610 3459 1661 audi-

1879 1692 2049 1747 visset
2082 1695 2412 1761 Antoninus,
2468 1698 2680 1752 lmtatus
2711 1710 2794 1752 est
2835 1701 2991 1769 quasi
3028 1716 3054 1752 a
3093 1715 3222 1752 cura
3267 1700 3461 1753 libera-

1886 1793 1994 1845 tus.
2030 1800 2249 1858 ,nempe
2290 1790 2431 1858 quod
2474 1789 2861 1853 Euxenianus,
2912 1791 3004 1859 qui
3062 1791 3166 1844 illic
3211 1792 3456 1860 degebat,

1887 1877 2032 1934 hanc
2066 1895 2179 1933 rem
2206 1880 2432 1951 pulchre
2477 1882 2523 1935 ei
2561 1890 2900 1950 procuraret.
2932 1881 2996 1936 Et
3026 1880 3240 1935 Valerio
3280 1894 3335 1937 et
3364 1882 3460 1937 Ba-

1886 1971 2037 2025 siano
2071 1972 2434 2043 magistrianis
2463 1990 2583 2030 mox
2620 1985 2812 2044 priesto
2835 1991 2956 2029 esse
2987 1975 3174 2045 jussis,
3219 1975 3331 2028 bzee
3382 1977 3461 2029 sie

1888 2064 2075 2118 scribit
2102 2080 2117 2117 :
2146 2066 2455 2122 Antoninus
2483 2069 2785 2135 imperator
2812 2069 3114 2139 Augustus,
3143 2067 3461 2121 Euxeniano

1887 2157 2135 2226 Poplioni
2164 2158 2390 2213 salutem
2425 2177 2436 2213 :
2475 2158 2584 2232 Ego
2611 2163 2683 2216 tui
2715 2161 2915 2230 ingenii
2950 2163 3227 2217 solertiam
3256 2178 3311 2214 re
3341 2162 3459 2229 ipsa

1886 2258 2162 2318 expertus,
2200 2259 2255 2304 et
2301 2253 2535 2308 maxime
2570 2255 2651 2318 iis,
2701 2256 2997 2324 quaejussu
3036 2266 3234 2310 nostrae
3270 2264 3459 2323 poten-

1888 2339 1973 2394 tia:
2007 2355 2182 2410 nuper
2237 2340 2415 2397 fecisti
2464 2343 2727 2415 Smyrnae,
2785 2343 2959 2396 levata
3030 2343 3462 2411 Smyruensibus

1886 2433 2212 2499 calamitate,
2257 2452 2375 2505 quze
2405 2435 2485 2491 eis
2515 2450 2577 2491 cx
2609 2447 2765 2490 terra:
2793 2446 2941 2490 motu
2970 2446 3250 2497 evenerat,
3284 2443 3339 2486 ut
3368 2449 3463 2502 par

1886 2536 2024 2591 erat,
2052 2541 2171 2580 sum
2208 2526 2437 2593 laetatus,
2475 2537 2529 2582 et
2572 2538 2716 2581 tuam
2770 2528 2822 2580 in
2872 2527 3035 2580 rebus
3062 2524 3312 2596 gerendis
3350 2525 3465 2577 lau-

1886 2618 2006 2671 davi
2070 2619 2428 2690 diligentiam.
2478 2618 2673 2674 Omnia
2725 2619 2874 2673 enim
2944 2627 3199 2672 accurate
3257 2616 3460 2678 didici,

1886 2709 2113 2778 perinde
2148 2725 2210 2763 ac
2240 2710 2282 2763 si
2323 2711 2639 2765 adfuissem.
2668 2709 2799 2763 Nam
2832 2720 2884 2764 et
2919 2725 2947 2762 a
2975 2720 3024 2763 te
3052 2710 3213 2762 missa
3249 2710 3460 2773 relatio,

1887 2810 1942 2854 et
1985 2802 2073 2869 qui
2109 2816 2228 2854 eam
2282 2801 2520 2855 reddidit
2570 2800 2844 2865 Cwlicius,
2905 2811 3223 2870 procurator
3253 2811 3459 2862 noster,

1887 2895 2066 2949 omnia
2108 2894 2241 2948 mihi
2286 2901 2472 2963 aperte
2512 2899 2770 2949 narravit.
2824 2893 2877 2947 ln
2936 2894 3226 2962 praesentia
3280 2902 3461 2944 autem

1887 3004 2010 3043 emn
2046 2989 2115 3042 sit
2171 2988 2425 3059 potentia:
2454 2998 2652 3043 nostrae
2711 2988 3112 3059 significatum,
3171 2986 3459 3041 Abercium

1888 3084 2178 3146 quemdam
2211 3084 2528 3151 episcopum
2581 3082 3053 3149 Hierapolitanum
3086 3087 3226 3148 apud
3261 3090 3312 3133 te
3344 3094 3466 3133 ver-

1886 3174 2014 3234 sari,
2045 3173 2218 3224 virum
2269 3176 2405 3225 adeo
2450 3174 2597 3241 pium
2630 3174 2681 3226 in
2720 3172 3032 3226 Christiana
3088 3173 3369 3242 religione,
3408 3180 3465 3223 ut

214 3259 409 3330 κράτει
452 3260 733 3335 Ἀϐέρκιόν
776 3282 896 3317 τινα
928 3265 1026 3335 τῆς
1074 3267 1458 3338 Ἰεραπολιτῶν
1491 3269 1783 3323 ἐπίσκοπον

1894 3264 2172 3319 medeatur
2200 3265 2571 3325 daemoniacis,
2606 3275 2663 3318 et
2689 3264 2825 3318 alios
2860 3266 3080 3318 morbos
3122 3272 3275 3317 curet
3319 3261 3466 3316 facil-

213 3350 369 3421 παρὰ
403 3352 487 3404 σοὶ
533 3353 872 3422 διατρίϐειν,
908 3356 1082 3426 ἄνδρα
1131 3358 1329 3428 εὐσεϐῆ
1385 3359 1530 3412 οὕτω
1586 3360 1652 3413 τά
1677 3362 1786 3414 τῶν

212 3443 581 3513 Χριστιανῶν,
620 3445 694 3509 ὡς
719 3447 1088 3517 δαιμονῶντάς
1129 3468 1186 3503 τε
1223 3451 1428 3514 ἰᾶσθαι,
1464 3454 1558 3505 καὶ
1593 3456 1784 3516 νόσους

210 3538 381 3603 ἄλλας
426 3537 777 3595 εὖκολώτατα
848 3541 1213 3612 θεραπεύεινο
1280 3545 1474 3600 τοῦτον
1536 3549 1679 3601 κατὰ
1725 3548 1785 3602 τὸ

210 3632 512 3700 ἀναγκαῖον
560 3634 724 3703 ⁴ἡμεῖς
770 3636 1086 3707 χρῄζοντες,
1143 3638 1442 3713 Οὐαλέριον
1501 3642 1594 3694 καὶ
1644 3640 1784 3695 Βασ-

210 3720 401 3775 οιανδν
456 3727 889 3794 μαγιστριανοὺς
945 3727 1055 3777 τῶν
1117 3728 1277 3779 θείων
1329 3731 1485 3799 ἡμῶν
1517 3733 1786 3800 όφφικίων

208 3816 568 3885 ἐπέμψαμεν,
603 3818 694 3869 τὸν
724 3818 894 3890 ἄνδρα
922 3818 1044 3890 μετ’
1080 3818 1261 3882 αἰδοῦς
1295 3824 1386 3874 καὶ
1429 3824 1596 3891 τιμῆς
1638 3826 1785 3880 άπά-

210 3922 315 3975 σης
345 3907 421 3970 ὡς
457 3908 607 3977 ⁴Ιιμιῖις
662 3910 912 3978 ἀγαγεῖν.
952 3912 1268 3980 Κελεύομεν
1313 3912 1405 3967 οὖν
1430 3917 1494 3984 τῇ
1526 3918 1591 3986 σῇ
1626 3920 1786 3988 στερ-

207 4000 405 4070 ῥότητι
454 4004 646 4054 πεῖσαι
685 4003 775 4055 τὸν
806 4004 974 4073 ἄνδρα
1006 4006 1102 4057 σὺν
1142 4005 1427 4080 προθυμίᾳ
1463 4010 1611 4082 πάσῃ
1648 4011 1787 4082 πρὸς

205 4093 363 4161 ἡμᾶς
393 4091 692 4162 ἀφικέσθαι
725 4091 784 4147 εὖ
814 4095 980 4149 εἰδότι
1037 4096 1113 4161 ὡς
1139 4100 1198 4153 οὐ
1228 4102 1453 4173 μέτριός
1492 4121 1575 4157 σοι
1606 4105 1787 4158 κείσε·

203 4202 296 4238 ται
322 4186 455 4256 παρ’
483 4188 615 4256 ἡμῖν
650 4188 745 4241 καὶ
771 4189 910 4259 ὑπὲρ
942 4190 1135 4245 τούτου
1169 4194 1197 4245 6
1232 4192 1477 4256 ἔπαινος.
1511 4197 1784 4266 Ἔρρωσο.

279 4276 364 4335 Η’.
403 4279 623 4352 Ταύτην
666 4285 780 4345 τοῖς
818 4291 1237 4355 μαγιστριανοῖς
1272 4287 1398 4351 δοὺς
1435 4288 1533 4357 τὴν
1563 4291 1786 4344 ἐπιστο-

203 4376 327 4443 λὴν,
363 4373 692 4440 ἀπέπεμψεν
744 4374 856 4427 άπὸ
920 4374 1160 4446 Ῥώμης,
1216 4378 1389 4432 εἰπὼν
1462 4380 1545 4433 ὃτι
1586 4382 1790 4439 Πολλά-

204 4463 451 4517 πλάσιον
476 4464 607 4534 ὑμῖν
627 4462 782 4533 θήσει
823 4464 922 4538 τὴν
944 4467 1025 4538 είς
1050 4469 1149 4539 ἐμὲ
1179 4468 1481 4539 θεραπείαν
1500 4475 1562 4526 τὸ
1601 4474 1789 4545 Ἀϐἐρ-

205 4574 332 4609 κιον
356 4558 629 4622 ἐνεγκεῖν,
654 4559 954 4628 προστεθὲν
983 4563 1077 4614 καὶ
1109 4565 1165 4617 τὸ
1198 4565 1380 4633 τάχος.
1414 4566 1478 4617 Ol
1509 4567 1563 4619 δὲ
1598 4567 1791 4621 λαϐόν-

1899 3358 2045 3422 lime,
2078 3373 2145 3412 eo
2177 3373 2299 3414 cum
2328 3371 2424 3412 nos
2450 3358 2757 3412 necessario
2794 3373 2931 3427 opus
2955 3356 3268 3416 habeamus.
3308 3356 3466 3410 Vale-

1890 3450 2026 3503 rium
2075 3463 2129 3503 et
2204 3450 2491 3505 Basianum
2560 3444 2942 3522 tnagistriano’s
3014 3452 3089 3520 (5)
3150 3452 3461 3504 divinorum

1886 3552 2198 3596 nostrorum
2226 3544 2525 3596 ciliciorum
2566 3547 2839 3606 misimus,
2889 3556 2945 3600 ut
2977 3561 3100 3599 eum
3133 3560 3258 3599 cum
3314 3545 3463 3598 omni

1891 3638 2095 3693 honore
2145 3647 2199 3693 et
2239 3638 2541 3693 reverentia
2575 3638 2637 3692 ad
2687 3654 2786 3691 nos
2840 3642 3134 3692 adducant.
3180 3640 3307 3692 'I'uac
3338 3656 3466 3709 ergo

1885 3730 2136 3800 iubemus
2168 3732 2509 3800 prtestantiaa,
2549 3742 2605 3787 ut
2637 3733 2682 3787 ei
2714 3732 3040 3802 persuadeas
3066 3732 3131 3785 ad
3154 3747 3253 3786 nos
3277 3730 3466 3786 venire

1888 3839 2011 3877 cum
2066 3840 2275 3879 summa
2305 3825 2468 3878 animi
2516 3825 2816 3885 alacritate,
2858 3826 3036 3880 sciens
3082 3841 3189 3880 non
3242 3841 3464 3893 parvam

1890 3916 1993 3968 hoc
2042 3917 2261 3970 nomine
2300 3916 2395 3970 tibi
2449 3917 2683 3969 futuram
2728 3932 2853 3973 esse
2897 3918 3042 3986 apud
3086 3934 3185 3972 nos
3227 3915 3463 3971 laudent.

1892 4006 2043 4062 Vale.

1964 4299 2152 4359 XVIII.
2191 4300 2337 4356 Hanc
2392 4318 2513 4355 cum
2568 4302 2932 4371 magistriauis
2976 4302 3219 4353 dedisset
3259 4303 3466 4367 epism-

1894 4396 2021 4456 Iam,
2056 4395 2222 4448 Roma
2261 4394 2426 4459 misit,
2453 4394 2641 4448 dicens
2672 4411 2683 4445 :
2718 4393 2848 4445 Rem
2870 4390 2999 4445 mihi
3035 4394 3190 4463 longe
3214 4392 3464 4461 gratissi-

1897 4501 2036 4542 mam
2064 4487 2323 4548 feceritis.
2372 4487 2413 4539 si
2462 4488 2749 4541 Abercium
2792 4489 2856 4540 ad
2892 4503 2976 4540 me
3019 4502 3181 4554 quam
3233 4487 3463 4539 maxima

1897 4579 2171 4632 celeritate
2194 4577 2526 4630 adduxeritis
2575 4578 2649 4629 Illi
2683 4586 2860 4629 autent
2889 4578 2966 4629 eis
2992 4578 3229 4640 acceptis
3249 4578 3462 4639 litteris,

203 4664 327 4712 τες,
354 4648 512 4701 οὐδὲν
563 4652 764 4718 τάχους
820 4653 912 4705 καὶ
968 4656 1250 4717 συντονίας
1308 4655 1593 4711 ἐνέλιπον·
1648 4660 1783 4713 ἀλλὰ

1892 4668 2024 4725 nihil
2057 4669 2358 4723 omiserunt
2402 4668 2700 4722 celeritatis
2732 4678 2788 4722 ct
2833 4668 3147 4738 diligentite.
3190 4670 3293 4723 Sed
3340 4685 3464 4724 cum

204 4742 337 4794 δυσὶ
364 4741 425 4794 τὸ
456 4741 771 4810 Βρεντέσιον
836 4744 1076 4815 ἡμέραις
1109 4747 1537 4814 καταλαϐόντες,
1601 4752 1790 4805 πλοίου

202 4853 266 4888 τε
297 4836 391 4887 ἐπὶ
415 4835 594 4906 τούτῳ
619 4841 1157 4908 παρεσκευασμένον
1207 4844 1360 4911 παρὰ
1390 4843 1485 4896 τοῦ
1541 4845 1787 4916 ὑπάρχου

204 4927 587 4999 Κορνηλιανοῦ
619 4931 934 4998 ἐπιϐάντες,
977 4934 1117 4986 κατὰ
1156 4936 1421 5007 πρύμναν
1464 4939 1652 5001 αὐτοῖς
1689 4941 1785 4993 τοῦ

207 5019 533 5088 πνεύματος
571 5021 891 5090 ἱσταμένου,
930 5025 998 5094 τῇ
1033 5024 1240 5096 ἐϐδόμῃ
1288 5028 1379 5081 τὸν
1453 5030 1640 5083 Ἰόνιον
1669 5031 1787 5084 δια-

206 5112 571 5175 πλεύσαντες,
600 5115 961 5186 καταίρουσιν
1006 5120 1063 5169 ὲν
1102 5120 1488 5192 Πελοπονήσῳ.
1542 5125 1786 5177 Ἐκεῖθεν

208 5206 267 5257 δέ
304 5205 593 5273 δημοσίοις
654 5208 846 5270 ἵπποις
901 5212 1265 5280 χρησάμενοι,
1298 5215 1655 5283 ἀφικνοῦνται
1690 5222 1789 5286 τῆς

208 5301 717 5371 πεντεκαιδεκάτης
752 5304 827 5365 εἰς
882 5302 942 5355 τὸ
978 5304 1294 5368 Βυζάντιον.
1336 5306 1468 5363 Εἶτα
1522 5312 1658 5379 πρὸς
1690 5316 1788 5381 τὴν

208 5393 576 5461 Νικομηδέων
618 5396 934 5466 αὐθημερὸν
999 5401 1429 5468 περαιωθέντες,
1487 5406 1581 5456 καὶ
1634 5400 1790 5466 αὖθις

204 5487 462 5555 δημοσίῳ
492 5489 831 5558 χρησάμενοι
870 5491 1085 5561 δρόμῳ.
1126 5497 1204 5558 είς
1266 5497 1470 5547 Σύναόα
1511 5500 1785 5567 μητρόπο·

208 5580 296 5631 λιν
345 5580 546 5648 ἥκουσι
586 5582 689 5649 τῆς
723 5585 967 5653 Φρυγίας
1053 5588 1327 5654 ἡγεμόνας
1386 5608 1443 5642 τε
1511 5591 1610 5659 τῆς
1670 5592 1788 5647 ὁδοῦ

205 5675 368 5745 παρὰ
406 5673 500 5725 τοῦ
532 5674 965 5745 ἡγεμονεύοντος
997 5681 1114 5733 ἐκεῖ
1145 5683 1456 5757 Σπινθῆρος
1486 5685 1743 5750 λαϐόντες
1774 5704 1787 5719 ο

1894 4764 2273 4835 pervenissent
2317 4761 2706 4825 Brundusium,
2744 4774 2799 4819 et
2834 4780 3025 4817 navem
3087 4772 3325 4833 paratam
3377 4779 3467 4816 as-

1894 4856 2237 4917 cendissent,
2312 4868 2474 4908 vento
2542 4854 2620 4909 usi
2686 4857 2927 4909 secundo
2990 4866 3197 4922 septem
3273 4856 3469 4909 diebus

1895 4949 2214 5003 transmisso
2272 4948 2453 5008 Ionio,
2516 4947 2797 5017 appellunt
2876 4946 2927 5000 in
3003 4944 3466 5017 Peloponnesum.

1895 5043 2042 5096 Illinc
2068 5051 2248 5094 autem
2284 5042 2438 5108 equis
2468 5042 2548 5094 usi
2600 5041 2896 5101 veloribus,
2942 5041 3047 5094 cito
3090 5041 3315 5090 veniunt
3359 5039 3464 5108 By-

1894 5134 2156 5187 zaulium.
2185 5132 2388 5186 Deinde
2419 5149 2541 5187 Cum
2577 5132 2691 5201 ipso
2718 5132 2805 5185 die
2844 5131 3182 5198 traiecissent
3211 5132 3262 5183 in
3307 5128 3469 5183 Nico-

1893 5226 2146 5286 mediam,
2178 5234 2231 5277 (τι
2260 5226 2341 5278 usi
2367 5236 2550 5281 essent
2576 5240 2765 5278 rursus
2783 5241 2945 5278 cursu
2978 5225 3213 5292 publico,
3241 5224 3467 5278 veniunt

1895 5316 2157 5387 Synadem
2211 5314 2454 5387 Phrygia:
2518 5317 2904 5393 metropolitn:
2954 5326 3005 5369 et
3064 5316 3300 5385 acceptis
3365 5316 3465 5369 vite

1896 5408 2125 5463 ducibus
2152 5422 2180 5459 a
2209 5409 2457 5477 prseside,
2495 5409 2585 5478 qui
2634 5409 2743 5463 illic
2793 5420 2933 5467 erat,
2968 5407 3252 5479 Spinthere
3295 5408 3466 5467 dicto.

1900 5514 1957 5555 ut
1988 5499 2233 5555 fueratei
2266 5500 2585 5568 imperatum
2626 5518 2654 5555 a
2698 5501 3044 5563 Corneliano,
3094 5502 3236 5552 circa
3280 5500 3466 5552 horam

1902 5596 2096 5647 nouam
2132 5595 2355 5649 veniunt
2391 5595 2444 5649 in
2474 5596 2752 5650 civitatem
2799 5593 3344 5661 Hierapolitanorum.
3385 5590 3467 5643 ln-

1903 5688 2212 5761 gredientes
2234 5706 2362 5760 ergo
2390 5690 2661 5745 civitatem
2692 5699 2985 5745 ()Ct'lll'l'lllli.
3018 5689 3268 5750 Abercio,
3303 5684 3465 5739 velut:

284 5852 362 5944 (.3!)
394 5854 777 5944 ΔΜιιείειιιτὶιιιιί
807 5860 998 5941 .aliter
1054 5862 1407 5944 dicebantuq
1432 5866 1680 5944 Agentes
1710 5873 1793 5944 _in
1839 5872 2018 5931 rebus.
2080 5874 2277 5944 quibus
2309 5892 2431 5931 cum
2484 5878 2609 5939 alia,
2660 5886 2771 5930 tum
2813 5877 2972 5933 etiam
3016 5876 3325 5931 erectiones
3367 5882 3472 5939 pa-

207 5919 349 5977 blici'
384 5919 581 5983 curs'us
621 5929 923 5987 commissae
962 5919 1161 5988 erautr
1190 5919 1330 5993 Vide
1375 5919 1785 5997 Βετῗξιέξιδεῖ
