  <div class='ocr_page' id='page_1' title='image "/cluster/home/n/w/nwhite01/storage/ocr_20150623/115/uva.x004215515/683.png"; bbox 0 0 4142 6472; ppageno 0'>
   <div class='ocr_carea' id='block_1_1' title="bbox 749 452 880 510">
    <p class='ocr_par' dir='ltr' id='par_1_1' title="bbox 749 452 880 510">
     <span class='ocr_line' id='line_1_1' title="bbox 749 452 880 510; baseline 0.023 -3"><span class='ocrx_word' id='word_1_1' title='bbox 749 452 880 510; x_wconf 66' lang='grc'>1235</span> 
     </span>
    </p>
   </div>
   <div class='ocr_carea' id='block_1_2' title="bbox 2018 448 2692 509">
    <p class='ocr_par' dir='ltr' id='par_1_2' title="bbox 2018 448 2692 509">
     <span class='ocr_line' id='line_1_2' title="bbox 2018 448 2692 509; baseline 0.004 -2"><span class='ocrx_word' id='word_1_2' title='bbox 2018 448 2295 508; x_wconf 73' lang='lat' dir='ltr'>MENSIS</span> <span class='ocrx_word' id='word_1_3' title='bbox 2335 448 2692 509; x_wconf 82' lang='lat' dir='ltr'>OCTOBER.</span> 
     </span>
    </p>
   </div>
   <div class='ocr_carea' id='block_1_3' title="bbox 3837 438 3969 502">
    <p class='ocr_par' dir='ltr' id='par_1_3' title="bbox 3837 438 3969 502">
     <span class='ocr_line' id='line_1_3' title="bbox 3837 438 3969 502; baseline 0 0"><span class='ocrx_word' id='word_1_4' title='bbox 3837 438 3969 502; x_wconf 73' lang='lat'>1236</span> 
     </span>
    </p>
   </div>
   <div class='ocr_carea' id='block_1_4' title="bbox 744 550 2318 631">
    <p class='ocr_par' dir='ltr' id='par_1_4' title="bbox 744 557 2309 631">
     <span class='ocr_line' id='line_1_4' title="bbox 744 557 2309 631; baseline -0.002 -19"><span class='ocrx_word' id='word_1_5' title='bbox 744 562 943 631; x_wconf 86' lang='lat' dir='ltr'>optima</span> <span class='ocrx_word' id='word_1_6' title='bbox 983 561 1103 613; x_wconf 84' lang='lat' dir='ltr'>data</span> <span class='ocrx_word' id='word_1_7' title='bbox 1159 560 1470 614; x_wconf 79' lang='lat' dir='ltr'>occasione.</span> <span class='ocrx_word' id='word_1_8' title='bbox 1524 557 1743 611; x_wconf 89' lang='lat' dir='ltr'>Solebat</span> <span class='ocrx_word' id='word_1_9' title='bbox 1797 558 1939 611; x_wconf 81' lang='lat' dir='ltr'>enini</span> <span class='ocrx_word' id='word_1_10' title='bbox 1992 558 2121 611; x_wconf 78' lang='lat' dir='ltr'>hora</span> <span class='ocrx_word' id='word_1_11' title='bbox 2170 574 2309 611; x_wconf 90' lang='lat' dir='ltr'>nona</span> 
     </span>
    </p>
   </div>
   <div class='ocr_carea' id='block_1_5' title="bbox 2422 550 3968 631">
    <p class='ocr_par' dir='ltr' id='par_1_5' title="bbox 2422 550 3968 630">
     <span class='ocr_line' id='line_1_5' title="bbox 2422 550 3968 630; baseline -0.008 -16"><span class='ocrx_word' id='word_1_12' title='bbox 2422 556 2503 617; x_wconf 78' lang='grc' dir='ltr'>οἷα</span> <span class='ocrx_word' id='word_1_13' title='bbox 2572 562 3051 630; x_wconf 79' lang='grc' dir='ltr'>προστεταγμένον</span> <span class='ocrx_word' id='word_1_14' title='bbox 3116 557 3265 629; x_wconf 83' lang='grc' dir='ltr'>αὑτῷ</span> <span class='ocrx_word' id='word_1_15' title='bbox 3319 556 3466 625; x_wconf 87' lang='grc' dir='ltr'>παρά</span> <span class='ocrx_word' id='word_1_16' title='bbox 3521 550 3832 623; x_wconf 80' lang='grc' dir='ltr'>Κορνηλίου</span> <span class='ocrx_word' id='word_1_17' title='bbox 3874 550 3968 602; x_wconf 78' lang='grc' dir='ltr'>τοῦ</span> 
     </span>
    </p>
   </div>
   <div class='ocr_carea' id='block_1_6' title="bbox 745 649 2304 716">
    <p class='ocr_par' dir='ltr' id='par_1_6' title="bbox 745 649 2304 716">
     <span class='ocr_line' id='line_1_6' title="bbox 745 649 2304 716; baseline -0.001 -11"><span class='ocrx_word' id='word_1_18' title='bbox 745 652 962 705; x_wconf 88' lang='lat' dir='ltr'>domum</span> <span class='ocrx_word' id='word_1_19' title='bbox 998 652 1169 705; x_wconf 87' lang='lat' dir='ltr'>redire</span> <span class='ocrx_word' id='word_1_20' title='bbox 1204 668 1231 703; x_wconf 88' lang='lat' dir='ltr'>a</span> <span class='ocrx_word' id='word_1_21' title='bbox 1274 651 1539 715; x_wconf 67' lang='lat' dir='ltr'>docendo,</span> <span class='ocrx_word' id='word_1_22' title='bbox 1575 651 1761 703; x_wconf 83' lang='lat' dir='ltr'>solitas</span> <span class='ocrx_word' id='word_1_23' title='bbox 1807 666 1992 716; x_wconf 75' lang='lat' dir='ltr'>preces</span> <span class='ocrx_word' id='word_1_24' title='bbox 2045 649 2150 704; x_wconf 88' lang='lat' dir='ltr'>Deo</span> <span class='ocrx_word' id='word_1_25' title='bbox 2186 650 2304 703; x_wconf 89' lang='lat' dir='ltr'>red-</span> 
     </span>
    </p>
   </div>
   <div class='ocr_carea' id='block_1_7' title="bbox 745 742 2304 812">
    <p class='ocr_par' dir='ltr' id='par_1_7' title="bbox 745 742 2304 812">
     <span class='ocr_line' id='line_1_7' title="bbox 745 742 2304 812; baseline -0.003 -15"><span class='ocrx_word' id='word_1_26' title='bbox 745 743 973 797; x_wconf 87' lang='lat' dir='ltr'>diturus.</span> <span class='ocrx_word' id='word_1_27' title='bbox 1007 748 1178 812; x_wconf 69' lang='lat' dir='ltr'>Atque</span> <span class='ocrx_word' id='word_1_28' title='bbox 1226 744 1297 796; x_wconf 88' lang='lat' dir='ltr'>illi</span> <span class='ocrx_word' id='word_1_29' title='bbox 1343 744 1559 811; x_wconf 78' lang='lat' dir='ltr'>quidem</span> <span class='ocrx_word' id='word_1_30' title='bbox 1596 744 1643 795; x_wconf 90' lang='lat' dir='ltr'>ei</span> <span class='ocrx_word' id='word_1_31' title='bbox 1694 743 1817 795; x_wconf 75' lang='lat' dir='ltr'>facti</span> <span class='ocrx_word' id='word_1_32' title='bbox 1880 742 2118 802; x_wconf 77' lang='lat' dir='ltr'>obviam,</span> <span class='ocrx_word' id='word_1_33' title='bbox 2152 758 2304 811; x_wconf 84' lang='lat' dir='ltr'>roga-</span> 
     </span>
    </p>
   </div>
   <div class='ocr_carea' id='block_1_8' title="bbox 745 836 2305 903">
    <p class='ocr_par' dir='ltr' id='par_1_8' title="bbox 745 836 2305 903">
     <span class='ocr_line' id='line_1_8' title="bbox 745 836 2305 903; baseline -0.001 -15"><span class='ocrx_word' id='word_1_34' title='bbox 745 844 868 889; x_wconf 91' lang='lat' dir='ltr'>runt</span> <span class='ocrx_word' id='word_1_35' title='bbox 905 837 1120 889; x_wconf 81' lang='lat' dir='ltr'>ubinam</span> <span class='ocrx_word' id='word_1_36' title='bbox 1151 847 1294 891; x_wconf 86' lang='lat' dir='ltr'>esset</span> <span class='ocrx_word' id='word_1_37' title='bbox 1331 838 1698 899; x_wconf 81' lang='lat' dir='ltr'>Ettxcnianns,</span> <span class='ocrx_word' id='word_1_38' title='bbox 1733 847 1786 888; x_wconf 92' lang='lat' dir='ltr'>et</span> <span class='ocrx_word' id='word_1_39' title='bbox 1815 851 2049 903; x_wconf 89' lang='lat' dir='ltr'>quonam</span> <span class='ocrx_word' id='word_1_40' title='bbox 2095 836 2169 887; x_wconf 90' lang='lat' dir='ltr'>ire</span> <span class='ocrx_word' id='word_1_41' title='bbox 2211 836 2305 887; x_wconf 84' lang='lat' dir='ltr'>de—</span> 
     </span>
    </p>
   </div>
   <div class='ocr_carea' id='block_1_9' title="bbox 742 925 2305 994">
    <p class='ocr_par' dir='ltr' id='par_1_9' title="bbox 742 925 2305 994">
     <span class='ocr_line' id='line_1_9' title="bbox 742 925 2305 994; baseline -0.001 -13"><span class='ocrx_word' id='word_1_42' title='bbox 742 927 955 989; x_wconf 87' lang='lat' dir='ltr'>berent,</span> <span class='ocrx_word' id='word_1_43' title='bbox 999 937 1054 980; x_wconf 92' lang='lat' dir='ltr'>ut</span> <span class='ocrx_word' id='word_1_44' title='bbox 1092 943 1211 981; x_wconf 90' lang='lat' dir='ltr'>eum</span> <span class='ocrx_word' id='word_1_45' title='bbox 1264 928 1647 981; x_wconf 74' lang='lat' dir='ltr'>convenirent.</span> <span class='ocrx_word' id='word_1_46' title='bbox 1706 925 1991 994; x_wconf 73' lang='lat' dir='ltr'>Postquam</span> <span class='ocrx_word' id='word_1_47' title='bbox 2042 941 2166 978; x_wconf 78' lang='lat' dir='ltr'>vero</span> <span class='ocrx_word' id='word_1_48' title='bbox 2217 926 2305 979; x_wconf 88' lang='lat' dir='ltr'>ille</span> 
     </span>
    </p>
   </div>
   <div class='ocr_carea' id='block_1_10' title="bbox 746 1017 2305 1088">
    <p class='ocr_par' dir='ltr' id='par_1_10' title="bbox 746 1017 2305 1088">
     <span class='ocr_line' id='line_1_10' title="bbox 746 1017 2305 1088; baseline -0.003 -17"><span class='ocrx_word' id='word_1_49' title='bbox 746 1020 973 1088; x_wconf 79' lang='lat' dir='ltr'>rogavit,</span> <span class='ocrx_word' id='word_1_50' title='bbox 1008 1020 1134 1087; x_wconf 87' lang='lat' dir='ltr'>quid</span> <span class='ocrx_word' id='word_1_51' title='bbox 1180 1026 1506 1088; x_wconf 72' lang='lat' dir='ltr'>qutererent,</span> <span class='ocrx_word' id='word_1_52' title='bbox 1548 1027 1598 1071; x_wconf 89' lang='lat' dir='ltr'>et</span> <span class='ocrx_word' id='word_1_53' title='bbox 1631 1034 1727 1071; x_wconf 90' lang='lat' dir='ltr'>cur</span> <span class='ocrx_word' id='word_1_54' title='bbox 1759 1017 2026 1077; x_wconf 80' lang='lat' dir='ltr'>venirent,</span> <span class='ocrx_word' id='word_1_55' title='bbox 2069 1017 2186 1083; x_wconf 84' lang='lat' dir='ltr'>ejus</span> <span class='ocrx_word' id='word_1_56' title='bbox 2222 1019 2305 1067; x_wconf 91' lang='lat' dir='ltr'>in-</span> 
     </span>
    </p>
   </div>
   <div class='ocr_carea' id='block_1_11' title="bbox 745 1107 2305 1181">
    <p class='ocr_par' dir='ltr' id='par_1_11' title="bbox 745 1107 2305 1181">
     <span class='ocr_line' id='line_1_11' title="bbox 745 1107 2305 1181; baseline -0.002 -19"><span class='ocrx_word' id='word_1_57' title='bbox 745 1112 1158 1181; x_wconf 79' lang='lat' dir='ltr'>terrogationem</span> <span class='ocrx_word' id='word_1_58' title='bbox 1204 1126 1341 1181; x_wconf 78' lang='lat' dir='ltr'>:egre</span> <span class='ocrx_word' id='word_1_59' title='bbox 1384 1109 1561 1164; x_wconf 77' lang='lat' dir='ltr'>ferens</span> <span class='ocrx_word' id='word_1_60' title='bbox 1608 1110 1871 1170; x_wconf 86' lang='lat' dir='ltr'>Valerius,</span> <span class='ocrx_word' id='word_1_61' title='bbox 1921 1119 1972 1161; x_wconf 93' lang='lat' dir='ltr'>et</span> <span class='ocrx_word' id='word_1_62' title='bbox 2010 1107 2151 1176; x_wconf 89' lang='lat' dir='ltr'>quod</span> <span class='ocrx_word' id='word_1_63' title='bbox 2200 1123 2305 1159; x_wconf 93' lang='lat' dir='ltr'>non</span> 
     </span>
    </p>
   </div>
   <div class='ocr_carea' id='block_1_12' title="bbox 744 1195 2305 1270">
    <p class='ocr_par' dir='ltr' id='par_1_12' title="bbox 744 1195 2305 1270">
     <span class='ocr_line' id='line_1_12' title="bbox 744 1195 2305 1270; baseline -0.003 -17"><span class='ocrx_word' id='word_1_64' title='bbox 744 1202 851 1254; x_wconf 85' lang='lat' dir='ltr'>cito</span> <span class='ocrx_word' id='word_1_65' title='bbox 904 1201 971 1254; x_wconf 82' lang='lat' dir='ltr'>ad</span> <span class='ocrx_word' id='word_1_66' title='bbox 1034 1202 1253 1268; x_wconf 65' lang='lat' dir='ltr'>quaesita</span> <span class='ocrx_word' id='word_1_67' title='bbox 1317 1201 1717 1270; x_wconf 86' lang='lat' dir='ltr'>respondisset,</span> <span class='ocrx_word' id='word_1_68' title='bbox 1778 1197 2041 1251; x_wconf 80' lang='lat' dir='ltr'>audacius</span> <span class='ocrx_word' id='word_1_69' title='bbox 2104 1195 2305 1264; x_wconf 88' lang='lat' dir='ltr'>aliquid</span> 
     </span>
    </p>
   </div>
   <div class='ocr_carea' id='block_1_13' title="bbox 745 1287 2306 1360">
    <p class='ocr_par' dir='ltr' id='par_1_13' title="bbox 745 1287 2306 1360">
     <span class='ocr_line' id='line_1_13' title="bbox 745 1287 2306 1360; baseline -0.004 -15"><span class='ocrx_word' id='word_1_70' title='bbox 745 1292 926 1357; x_wconf 89' lang='lat' dir='ltr'>audet,</span> <span class='ocrx_word' id='word_1_71' title='bbox 963 1292 1100 1347; x_wconf 81' lang='lat' dir='ltr'>forte</span> <span class='ocrx_word' id='word_1_72' title='bbox 1138 1302 1314 1345; x_wconf 87' lang='lat' dir='ltr'>motus</span> <span class='ocrx_word' id='word_1_73' title='bbox 1363 1310 1389 1344; x_wconf 85' lang='lat' dir='ltr'>a</span> <span class='ocrx_word' id='word_1_74' title='bbox 1426 1293 1680 1360; x_wconf 81' lang='lat' dir='ltr'>maligno,</span> <span class='ocrx_word' id='word_1_75' title='bbox 1736 1300 1788 1343; x_wconf 89' lang='lat' dir='ltr'>et</span> <span class='ocrx_word' id='word_1_76' title='bbox 1830 1287 2073 1341; x_wconf 74' lang='lat' dir='ltr'>extendit</span> <span class='ocrx_word' id='word_1_77' title='bbox 2122 1287 2306 1339; x_wconf 82' lang='lat' dir='ltr'>dexte-</span> 
     </span>
    </p>
   </div>
   <div class='ocr_carea' id='block_1_14' title="bbox 746 1374 2307 1446">
    <p class='ocr_par' dir='ltr' id='par_1_14' title="bbox 746 1374 2307 1446">
     <span class='ocr_line' id='line_1_14' title="bbox 746 1374 2307 1446; baseline -0.004 -13"><span class='ocrx_word' id='word_1_78' title='bbox 746 1398 856 1435; x_wconf 90' lang='lat' dir='ltr'>ram</span> <span class='ocrx_word' id='word_1_79' title='bbox 879 1382 1144 1435; x_wconf 87' lang='lat' dir='ltr'>adversus</span> <span class='ocrx_word' id='word_1_80' title='bbox 1182 1390 1452 1443; x_wconf 87' lang='lat' dir='ltr'>sanctum,</span> <span class='ocrx_word' id='word_1_81' title='bbox 1486 1380 1673 1432; x_wconf 76' lang='lat' dir='ltr'>volens</span> <span class='ocrx_word' id='word_1_82' title='bbox 1708 1391 1831 1431; x_wconf 87' lang='lat' dir='ltr'>eum</span> <span class='ocrx_word' id='word_1_83' title='bbox 1873 1374 2080 1446; x_wconf 81' lang='lat' dir='ltr'>ﬂagello</span> <span class='ocrx_word' id='word_1_84' title='bbox 2113 1391 2307 1445; x_wconf 86' lang='lat' dir='ltr'>percu-</span> 
     </span>
    </p>
   </div>
   <div class='ocr_carea' id='block_1_15' title="bbox 744 1468 2306 1539">
    <p class='ocr_par' dir='ltr' id='par_1_15' title="bbox 744 1468 2306 1539">
     <span class='ocr_line' id='line_1_15' title="bbox 744 1468 2306 1539; baseline -0.004 -14"><span class='ocrx_word' id='word_1_85' title='bbox 744 1483 877 1527; x_wconf 84' lang='lat' dir='ltr'><strong>lere.</strong></span> <span class='ocrx_word' id='word_1_86' title='bbox 915 1472 1104 1526; x_wconf 81' lang='lat' dir='ltr'>Manus</span> <span class='ocrx_word' id='word_1_87' title='bbox 1155 1482 1372 1534; x_wconf 87' lang='lat' dir='ltr'>autem,</span> <span class='ocrx_word' id='word_1_88' title='bbox 1415 1486 1532 1539; x_wconf 70' lang='lat' dir='ltr'>qua:</span> <span class='ocrx_word' id='word_1_89' title='bbox 1584 1485 1707 1524; x_wconf 89' lang='lat' dir='ltr'>eum</span> <span class='ocrx_word' id='word_1_90' title='bbox 1749 1469 1985 1538; x_wconf 75' lang='lat' dir='ltr'>desuper</span> <span class='ocrx_word' id='word_1_91' title='bbox 2035 1468 2306 1530; x_wconf 80' lang='lat' dir='ltr'>servabat,</span> 
     </span>
    </p>
   </div>
   <div class='ocr_carea' id='block_1_16' title="bbox 742 1560 2303 1631">
    <p class='ocr_par' dir='ltr' id='par_1_16' title="bbox 742 1560 2303 1631">
     <span class='ocr_line' id='line_1_16' title="bbox 742 1560 2303 1631; baseline -0.002 -17"><span class='ocrx_word' id='word_1_92' title='bbox 742 1577 851 1616; x_wconf 92' lang='lat' dir='ltr'>non</span> <span class='ocrx_word' id='word_1_93' title='bbox 887 1561 986 1615; x_wconf 76' lang='lat' dir='ltr'>fuit</span> <span class='ocrx_word' id='word_1_94' title='bbox 1021 1563 1318 1631; x_wconf 75' lang='lat' dir='ltr'>negligens.</span> <span class='ocrx_word' id='word_1_95' title='bbox 1352 1562 1444 1616; x_wconf 89' lang='lat' dir='ltr'>sed</span> <span class='ocrx_word' id='word_1_96' title='bbox 1477 1562 1650 1616; x_wconf 80' lang='lat' dir='ltr'><strong>audax</strong></span> <span class='ocrx_word' id='word_1_97' title='bbox 1700 1560 2027 1630; x_wconf 87' lang='lat' dir='ltr'>puniebatur</span> <span class='ocrx_word' id='word_1_98' title='bbox 2057 1560 2303 1622; x_wconf 82' lang='lat' dir='ltr'>dextera,</span> 
     </span>
    </p>
   </div>
   <div class='ocr_carea' id='block_1_17' title="bbox 742 1649 2308 1720">
    <p class='ocr_par' dir='ltr' id='par_1_17' title="bbox 742 1649 2308 1720">
     <span class='ocr_line' id='line_1_17' title="bbox 742 1649 2308 1720; baseline -0.001 -17"><span class='ocrx_word' id='word_1_99' title='bbox 742 1659 796 1704; x_wconf 90' lang='lat' dir='ltr'>et</span> <span class='ocrx_word' id='word_1_100' title='bbox 831 1660 946 1703; x_wconf 90' lang='lat' dir='ltr'>erat</span> <span class='ocrx_word' id='word_1_101' title='bbox 978 1651 1289 1715; x_wconf 77' lang='lat' dir='ltr'>immobilis,</span> <span class='ocrx_word' id='word_1_102' title='bbox 1323 1660 1575 1720; x_wconf 76' lang='lat' dir='ltr'>tanquam</span> <span class='ocrx_word' id='word_1_103' title='bbox 1605 1652 1783 1705; x_wconf 88' lang='lat' dir='ltr'>vincta</span> <span class='ocrx_word' id='word_1_104' title='bbox 1819 1650 1997 1719; x_wconf 79' lang='lat' dir='ltr'>aliquo</span> <span class='ocrx_word' id='word_1_105' title='bbox 2026 1649 2308 1719; x_wconf 80' lang='lat' dir='ltr'>compede.</span> 
     </span>
    </p>
   </div>
   <div class='ocr_carea' id='block_1_18' title="bbox 742 1741 2313 1813">
    <p class='ocr_par' dir='ltr' id='par_1_18' title="bbox 742 1741 2313 1813">
     <span class='ocr_line' id='line_1_18' title="bbox 742 1741 2313 1813; baseline -0.001 -17"><span class='ocrx_word' id='word_1_106' title='bbox 742 1742 952 1796; x_wconf 83' lang='lat' dir='ltr'>invadit</span> <span class='ocrx_word' id='word_1_107' title='bbox 986 1743 1211 1797; x_wconf 90' lang='lat' dir='ltr'>alterum</span> <span class='ocrx_word' id='word_1_108' title='bbox 1242 1760 1458 1813; x_wconf 88' lang='lat' dir='ltr'>quoque</span> <span class='ocrx_word' id='word_1_109' title='bbox 1500 1750 1675 1797; x_wconf 89' lang='lat' dir='ltr'>metus</span> <span class='ocrx_word' id='word_1_110' title='bbox 1710 1752 1931 1812; x_wconf 85' lang='lat' dir='ltr'>propter</span> <span class='ocrx_word' id='word_1_111' title='bbox 1977 1758 2175 1795; x_wconf 85' lang='lat' dir='ltr'>novum</span> <span class='ocrx_word' id='word_1_112' title='bbox 2212 1741 2313 1795; x_wconf 90' lang='lat' dir='ltr'>hoc</span> 
     </span>
    </p>
   </div>
   <div class='ocr_carea' id='block_1_19' title="bbox 742 1834 2314 1906">
    <p class='ocr_par' dir='ltr' id='par_1_19' title="bbox 742 1834 2314 1906">
     <span class='ocr_line' id='line_1_19' title="bbox 742 1834 2314 1906; baseline 0 -19"><span class='ocrx_word' id='word_1_113' title='bbox 742 1838 1104 1902; x_wconf 72' lang='lat' dir='ltr'>spectaculum</span> <span class='ocrx_word' id='word_1_114' title='bbox 1126 1855 1138 1889; x_wconf 90' lang='lat'>:</span> <span class='ocrx_word' id='word_1_115' title='bbox 1159 1845 1212 1890; x_wconf 93' lang='lat' dir='ltr'>et</span> <span class='ocrx_word' id='word_1_116' title='bbox 1242 1838 1402 1891; x_wconf 89' lang='lat' dir='ltr'>ambo</span> <span class='ocrx_word' id='word_1_117' title='bbox 1424 1837 1491 1890; x_wconf 89' lang='lat' dir='ltr'>ab</span> <span class='ocrx_word' id='word_1_118' title='bbox 1524 1837 1676 1906; x_wconf 87' lang='lat' dir='ltr'>equis</span> <span class='ocrx_word' id='word_1_119' title='bbox 1708 1836 2117 1895; x_wconf 85' lang='lat' dir='ltr'>descendentes,</span> <span class='ocrx_word' id='word_1_120' title='bbox 2139 1834 2314 1904; x_wconf 83' lang='lat' dir='ltr'>proci-</span> 
     </span>
    </p>
   </div>
   <div class='ocr_carea' id='block_1_20' title="bbox 741 1926 2309 1995">
    <p class='ocr_par' dir='ltr' id='par_1_20' title="bbox 741 1926 2309 1995">
     <span class='ocr_line' id='line_1_20' title="bbox 741 1926 2309 1995; baseline -0.001 -15"><span class='ocrx_word' id='word_1_121' title='bbox 741 1927 957 1980; x_wconf 90' lang='lat' dir='ltr'>duntad</span> <span class='ocrx_word' id='word_1_122' title='bbox 979 1928 1145 1981; x_wconf 91' lang='lat' dir='ltr'>sancti</span> <span class='ocrx_word' id='word_1_123' title='bbox 1176 1927 1362 1994; x_wconf 82' lang='lat' dir='ltr'><strong>pedes,</strong></span> <span class='ocrx_word' id='word_1_124' title='bbox 1386 1938 1440 1981; x_wconf 91' lang='lat' dir='ltr'>et</span> <span class='ocrx_word' id='word_1_125' title='bbox 1470 1927 1665 1980; x_wconf 81' lang='lat' dir='ltr'>liuntei</span> <span class='ocrx_word' id='word_1_126' title='bbox 1696 1926 1987 1995; x_wconf 83' lang='lat' dir='ltr'>supplices,</span> <span class='ocrx_word' id='word_1_127' title='bbox 2021 1936 2075 1979; x_wconf 88' lang='lat' dir='ltr'>ut</span> <span class='ocrx_word' id='word_1_128' title='bbox 2101 1941 2309 1991; x_wconf 87' lang='lat' dir='ltr'>manus,</span> 
     </span>
    </p>
   </div>
   <div class='ocr_carea' id='block_1_21' title="bbox 741 2017 2311 2087">
    <p class='ocr_par' dir='ltr' id='par_1_21' title="bbox 741 2017 2311 2087">
     <span class='ocr_line' id='line_1_21' title="bbox 741 2017 2311 2087; baseline 0.003 -20"><span class='ocrx_word' id='word_1_129' title='bbox 741 2032 861 2085; x_wconf 69' lang='lat' dir='ltr'>qua:</span> <span class='ocrx_word' id='word_1_130' title='bbox 892 2028 1250 2080; x_wconf 82' lang='lat' dir='ltr'>emarcuerat,</span> <span class='ocrx_word' id='word_1_131' title='bbox 1282 2028 1333 2072; x_wconf 90' lang='lat' dir='ltr'>et</span> <span class='ocrx_word' id='word_1_132' title='bbox 1364 2027 1480 2071; x_wconf 89' lang='lat' dir='ltr'>erat</span> <span class='ocrx_word' id='word_1_133' title='bbox 1506 2018 1659 2087; x_wconf 67' lang='lat' dir='ltr'>quasi</span> <span class='ocrx_word' id='word_1_134' title='bbox 1690 2027 1922 2080; x_wconf 86' lang='lat' dir='ltr'>mortua,</span> <span class='ocrx_word' id='word_1_135' title='bbox 1948 2017 2311 2072; x_wconf 83' lang='lat' dir='ltr'>emoresceret</span> 
     </span>
    </p>
   </div>
   <div class='ocr_carea' id='block_1_22' title="bbox 744 2108 2311 2179">
    <p class='ocr_par' dir='ltr' id='par_1_22' title="bbox 744 2108 2311 2179">
     <span class='ocr_line' id='line_1_22' title="bbox 744 2108 2311 2179; baseline 0.003 -21"><span class='ocrx_word' id='word_1_136' title='bbox 744 2122 932 2162; x_wconf 82' lang='lat' dir='ltr'>rursus</span> <span class='ocrx_word' id='word_1_137' title='bbox 962 2116 1018 2163; x_wconf 89' lang='lat' dir='ltr'>et</span> <span class='ocrx_word' id='word_1_138' title='bbox 1050 2108 1418 2174; x_wconf 77' lang='lat' dir='ltr'>revivisceret,</span> <span class='ocrx_word' id='word_1_139' title='bbox 1460 2124 1632 2179; x_wconf 87' lang='lat' dir='ltr'>neque</span> <span class='ocrx_word' id='word_1_140' title='bbox 1684 2109 1762 2164; x_wconf 88' lang='lat' dir='ltr'>sic</span> <span class='ocrx_word' id='word_1_141' title='bbox 1808 2120 2111 2163; x_wconf 86' lang='lat' dir='ltr'>remaneret</span> <span class='ocrx_word' id='word_1_142' title='bbox 2168 2125 2311 2163; x_wconf 84' lang='lat' dir='ltr'>mur-</span> 
     </span>
    </p>
   </div>
   <div class='ocr_carea' id='block_1_23' title="bbox 742 2206 853 2255">
    <p class='ocr_par' dir='ltr' id='par_1_23' title="bbox 742 2206 853 2255">
     <span class='ocr_line' id='line_1_23' title="bbox 742 2206 853 2255; baseline 0.036 -4"><span class='ocrx_word' id='word_1_143' title='bbox 742 2206 853 2255; x_wconf 88' lang='lat' dir='ltr'>tua.</span> 
     </span>
    </p>
   </div>
   <div class='ocr_carea' id='block_1_24' title="bbox 2409 640 3970 723">
    <p class='ocr_par' dir='ltr' id='par_1_24' title="bbox 2409 640 3970 723">
     <span class='ocr_line' id='line_1_24' title="bbox 2409 640 3970 723; baseline -0.008 -19"><span class='ocrx_word' id='word_1_144' title='bbox 2409 654 2648 722; x_wconf 78' lang='grc' dir='ltr'>ἐπάρχου</span> <span class='ocrx_word' id='word_1_145' title='bbox 2681 653 2807 723; x_wconf 84' lang='grc' dir='ltr'>περί</span> <span class='ocrx_word' id='word_1_146' title='bbox 2844 670 2942 705; x_wconf 84' lang='grc' dir='ltr'>που</span> <span class='ocrx_word' id='word_1_147' title='bbox 2968 650 3068 721; x_wconf 82' lang='grc' dir='ltr'>τὴν</span> <span class='ocrx_word' id='word_1_148' title='bbox 3098 650 3291 717; x_wconf 82' lang='grc' dir='ltr'>ἐνάτην</span> <span class='ocrx_word' id='word_1_149' title='bbox 3318 648 3466 716; x_wconf 81' lang='grc' dir='ltr'>ὥραν</span> <span class='ocrx_word' id='word_1_150' title='bbox 3516 646 3615 715; x_wconf 81' lang='grc' dir='ltr'>τὴν</span> <span class='ocrx_word' id='word_1_151' title='bbox 3658 640 3970 713; x_wconf 75' lang='grc' dir='ltr'>Ἱεραπολιο</span> 
     </span>
    </p>
   </div>
   <div class='ocr_carea' id='block_1_25' title="bbox 2406 732 3970 814">
    <p class='ocr_par' dir='ltr' id='par_1_25' title="bbox 2406 732 3970 814">
     <span class='ocr_line' id='line_1_25' title="bbox 2406 732 3970 814; baseline -0.011 -15"><span class='ocrx_word' id='word_1_152' title='bbox 2406 748 2515 799; x_wconf 78' lang='grc' dir='ltr'>τῶν</span> <span class='ocrx_word' id='word_1_153' title='bbox 2556 745 3091 814; x_wconf 75' lang='grc' dir='ltr'>καταλαμϐάνουσιν.</span> <span class='ocrx_word' id='word_1_154' title='bbox 3130 742 3402 802; x_wconf 79' lang='grc' dir='ltr'>Εἰσιόντες</span> <span class='ocrx_word' id='word_1_155' title='bbox 3428 735 3719 806; x_wconf 76' lang='grc' dir='ltr'>τοιγαροῦν</span> <span class='ocrx_word' id='word_1_156' title='bbox 3747 734 3849 801; x_wconf 86' lang='grc' dir='ltr'>τὴν</span> <span class='ocrx_word' id='word_1_157' title='bbox 3872 732 3970 783; x_wconf 64' lang='lat'>1:6-</span> 
     </span>
    </p>
   </div>
   <div class='ocr_carea' id='block_1_26' title="bbox 2407 821 3969 905">
    <p class='ocr_par' dir='ltr' id='par_1_26' title="bbox 2407 821 3969 905">
     <span class='ocr_line' id='line_1_26' title="bbox 2407 821 3969 905; baseline -0.01 -16"><span class='ocrx_word' id='word_1_158' title='bbox 2407 839 2512 901; x_wconf 81' lang='grc' dir='ltr'>λιν,</span> <span class='ocrx_word' id='word_1_159' title='bbox 2551 838 2831 889; x_wconf 81' lang='grc' dir='ltr'>ὑπαντῶσι</span> <span class='ocrx_word' id='word_1_160' title='bbox 2874 836 2952 905; x_wconf 84' lang='grc' dir='ltr'>τῷ</span> <span class='ocrx_word' id='word_1_161' title='bbox 2990 834 3282 903; x_wconf 73' lang='grc' dir='ltr'>’Δὸερκίῳ,</span> <span class='ocrx_word' id='word_1_162' title='bbox 3342 831 3437 885; x_wconf 72' lang='grc' dir='ltr'>καὶ</span> <span class='ocrx_word' id='word_1_163' title='bbox 3494 828 3664 881; x_wconf 77' lang='grc' dir='ltr'>ταῦτα</span> <span class='ocrx_word' id='word_1_164' title='bbox 3719 825 3831 878; x_wconf 73' lang='grc' dir='ltr'>ἀπὸ</span> <span class='ocrx_word' id='word_1_165' title='bbox 3877 821 3969 874; x_wconf 68' lang='grc' dir='ltr'>τοῦ</span> 
     </span>
    </p>
   </div>
   <div class='ocr_carea' id='block_1_27' title="bbox 2412 916 3970 998">
    <p class='ocr_par' dir='ltr' id='par_1_27' title="bbox 2412 916 3970 998">
     <span class='ocr_line' id='line_1_27' title="bbox 2412 916 3970 998; baseline -0.012 -17"><span class='ocrx_word' id='word_1_166' title='bbox 2412 931 2752 998; x_wconf 78' lang='grc' dir='ltr'>παρήκοντος</span> <span class='ocrx_word' id='word_1_167' title='bbox 2780 944 2794 957; x_wconf 71' lang='grc' dir='ltr'>ο</span> <span class='ocrx_word' id='word_1_168' title='bbox 2829 926 3011 979; x_wconf 79' lang='grc' dir='ltr'>είὼθει</span> <span class='ocrx_word' id='word_1_169' title='bbox 3040 927 3148 995; x_wconf 81' lang='grc' dir='ltr'>γὰρ</span> <span class='ocrx_word' id='word_1_170' title='bbox 3182 924 3320 977; x_wconf 86' lang='grc' dir='ltr'>κατά</span> <span class='ocrx_word' id='word_1_171' title='bbox 3350 923 3446 990; x_wconf 77' lang='grc' dir='ltr'>τὴν</span> <span class='ocrx_word' id='word_1_172' title='bbox 3474 920 3672 987; x_wconf 81' lang='grc' dir='ltr'>ἐνάτην</span> <span class='ocrx_word' id='word_1_173' title='bbox 3723 916 3877 985; x_wconf 84' lang='grc' dir='ltr'>ὤραν</span> <span class='ocrx_word' id='word_1_174' title='bbox 3908 916 3970 964; x_wconf 73' lang='grc' dir='ltr'>ἐκ</span> 
     </span>
    </p>
   </div>
   <div class='ocr_carea' id='block_1_28' title="bbox 2410 1006 3971 1089">
    <p class='ocr_par' dir='ltr' id='par_1_28' title="bbox 2410 1006 3971 1089">
     <span class='ocr_line' id='line_1_28' title="bbox 2410 1006 3971 1089; baseline -0.013 -14"><span class='ocrx_word' id='word_1_175' title='bbox 2410 1022 2509 1089; x_wconf 77' lang='grc' dir='ltr'>τῆς</span> <span class='ocrx_word' id='word_1_176' title='bbox 2538 1020 2892 1081; x_wconf 80' lang='grc' dir='ltr'>διδασκαλίας</span> <span class='ocrx_word' id='word_1_177' title='bbox 2921 1018 3104 1071; x_wconf 86' lang='grc' dir='ltr'>οίκαδε</span> <span class='ocrx_word' id='word_1_178' title='bbox 3163 1015 3523 1084; x_wconf 79' lang='grc' dir='ltr'>ἀναστρέφειν</span> <span class='ocrx_word' id='word_1_179' title='bbox 3574 1010 3675 1072; x_wconf 77' lang='grc' dir='ltr'>τὰς</span> <span class='ocrx_word' id='word_1_180' title='bbox 3716 1006 3971 1075; x_wconf 74' lang='grc' dir='ltr'>συνήθεις</span> 
     </span>
    </p>
   </div>
   <div class='ocr_carea' id='block_1_29' title="bbox 2412 1102 3972 1181">
    <p class='ocr_par' dir='ltr' id='par_1_29' title="bbox 2412 1102 3972 1181">
     <span class='ocr_line' id='line_1_29' title="bbox 2412 1102 3972 1181; baseline -0.012 -16"><span class='ocrx_word' id='word_1_181' title='bbox 2412 1112 2708 1166; x_wconf 68' lang='grc' dir='ltr'>ἀποδώσων</span> <span class='ocrx_word' id='word_1_182' title='bbox 2740 1112 2906 1179; x_wconf 70' lang='grc' dir='ltr'>εὑχὲις</span> <span class='ocrx_word' id='word_1_183' title='bbox 2928 1109 3005 1181; x_wconf 84' lang='grc' dir='ltr'>τῷ</span> <span class='ocrx_word' id='word_1_184' title='bbox 3039 1108 3180 1178; x_wconf 81' lang='grc' dir='ltr'>Θεῷ.</span> <span class='ocrx_word' id='word_1_185' title='bbox 3210 1110 3270 1161; x_wconf 86' lang='lat' dir='ltr'>Oi</span> <span class='ocrx_word' id='word_1_186' title='bbox 3310 1108 3407 1175; x_wconf 81' lang='grc' dir='ltr'>μὲν</span> <span class='ocrx_word' id='word_1_187' title='bbox 3435 1102 3526 1158; x_wconf 78' lang='grc' dir='ltr'>οὖν</span> <span class='ocrx_word' id='word_1_188' title='bbox 3559 1102 3972 1167; x_wconf 75' lang='grc' dir='ltr'>ὑπαντήσαντες</span> 
     </span>
    </p>
   </div>
   <div class='ocr_carea' id='block_1_30' title="bbox 2414 1190 3971 1273">
    <p class='ocr_par' dir='ltr' id='par_1_30' title="bbox 2414 1190 3971 1273">
     <span class='ocr_line' id='line_1_30' title="bbox 2414 1190 3971 1273; baseline -0.013 -16"><span class='ocrx_word' id='word_1_189' title='bbox 2414 1205 2586 1273; x_wconf 82' lang='grc' dir='ltr'>αὑτῷ,</span> <span class='ocrx_word' id='word_1_190' title='bbox 2627 1203 3085 1268; x_wconf 76' lang='grc' dir='ltr'>ἀνεπυνθάνοντο,</span> <span class='ocrx_word' id='word_1_191' title='bbox 3121 1200 3223 1254; x_wconf 76' lang='grc' dir='ltr'>ποῦ</span> <span class='ocrx_word' id='word_1_192' title='bbox 3250 1215 3379 1252; x_wconf 81' lang='grc' dir='ltr'>ποτε</span> <span class='ocrx_word' id='word_1_193' title='bbox 3412 1196 3650 1264; x_wconf 78' lang='grc' dir='ltr'>ὑπάρχοι</span> <span class='ocrx_word' id='word_1_194' title='bbox 3684 1190 3971 1255; x_wconf 67' lang='grc' dir='ltr'>Εὗξεινια-</span> 
     </span>
    </p>
   </div>
   <div class='ocr_carea' id='block_1_31' title="bbox 2412 1280 3963 1363">
    <p class='ocr_par' dir='ltr' id='par_1_31' title="bbox 2412 1280 3963 1363">
     <span class='ocr_line' id='line_1_31' title="bbox 2412 1280 3963 1363; baseline -0.008 -14"><span class='ocrx_word' id='word_1_195' title='bbox 2412 1297 2523 1357; x_wconf 83' lang='grc' dir='ltr'>νὸς,</span> <span class='ocrx_word' id='word_1_196' title='bbox 2554 1297 2647 1348; x_wconf 77' lang='grc' dir='ltr'>καὶ</span> <span class='ocrx_word' id='word_1_197' title='bbox 2681 1297 2787 1363; x_wconf 86' lang='grc' dir='ltr'>ὅπη</span> <span class='ocrx_word' id='word_1_198' title='bbox 2817 1296 3119 1363; x_wconf 83' lang='grc' dir='ltr'>γενόμενοι,</span> <span class='ocrx_word' id='word_1_199' title='bbox 3154 1292 3429 1361; x_wconf 79' lang='grc' dir='ltr'>ἐντύχοιεν</span> <span class='ocrx_word' id='word_1_200' title='bbox 3460 1288 3536 1356; x_wconf 78' lang='grc' dir='ltr'>τῷ</span> <span class='ocrx_word' id='word_1_201' title='bbox 3570 1284 3753 1352; x_wconf 84' lang='grc' dir='ltr'>ἀνδρί.</span> <span class='ocrx_word' id='word_1_202' title='bbox 3798 1281 3859 1331; x_wconf 82' lang='grc' dir='ltr'>Ὀ</span> <span class='ocrx_word' id='word_1_203' title='bbox 3888 1280 3963 1337; x_wconf 69' lang='grc' dir='ltr'>δὲ.</span> 
     </span>
    </p>
   </div>
   <div class='ocr_carea' id='block_1_32' title="bbox 2413 1369 3974 1453">
    <p class='ocr_par' dir='ltr' id='par_1_32' title="bbox 2413 1369 3974 1453">
     <span class='ocr_line' id='line_1_32' title="bbox 2413 1369 3974 1453; baseline -0.003 -17"><span class='ocrx_word' id='word_1_204' title='bbox 2413 1385 2603 1453; x_wconf 83' lang='grc' dir='ltr'>ἐπειδὴ</span> <span class='ocrx_word' id='word_1_205' title='bbox 2631 1386 2723 1436; x_wconf 68' lang='grc' dir='ltr'>καὶ</span> <span class='ocrx_word' id='word_1_206' title='bbox 2756 1386 2917 1447; x_wconf 78' lang='grc' dir='ltr'>αὑτὸς</span> <span class='ocrx_word' id='word_1_207' title='bbox 2948 1385 3028 1447; x_wconf 86' lang='grc' dir='ltr'>τίς</span> <span class='ocrx_word' id='word_1_208' title='bbox 3078 1401 3133 1436; x_wconf 89' lang='grc' dir='ltr'>τε</span> <span class='ocrx_word' id='word_1_209' title='bbox 3169 1384 3200 1450; x_wconf 87' lang='grc' dir='ltr'>ἠ</span> <span class='ocrx_word' id='word_1_210' title='bbox 3254 1382 3483 1450; x_wconf 80' lang='grc' dir='ltr'>ζήτησις</span> <span class='ocrx_word' id='word_1_211' title='bbox 3521 1376 3616 1429; x_wconf 79' lang='grc' dir='ltr'>τοῦ</span> <span class='ocrx_word' id='word_1_212' title='bbox 3646 1371 3849 1442; x_wconf 77' lang='grc' dir='ltr'>ἀνδρὸς</span> <span class='ocrx_word' id='word_1_213' title='bbox 3882 1369 3974 1419; x_wconf 63' lang='grc' dir='ltr'>καὶ</span> 
     </span>
    </p>
   </div>
   <div class='ocr_carea' id='block_1_33' title="bbox 2412 1463 3976 1544">
    <p class='ocr_par' dir='ltr' id='par_1_33' title="bbox 2412 1463 3976 1544">
     <span class='ocr_line' id='line_1_33' title="bbox 2412 1463 3976 1544; baseline -0.006 -14"><span class='ocrx_word' id='word_1_214' title='bbox 2412 1474 2497 1542; x_wconf 76' lang='grc' dir='ltr'>ἐφ’</span> <span class='ocrx_word' id='word_1_215' title='bbox 2522 1474 2630 1542; x_wconf 85' lang='grc' dir='ltr'>ὅτῳ</span> <span class='ocrx_word' id='word_1_216' title='bbox 2661 1476 2848 1543; x_wconf 71' lang='grc' dir='ltr'>ἥκοιεν</span> <span class='ocrx_word' id='word_1_217' title='bbox 2895 1476 3082 1544; x_wconf 72' lang='grc' dir='ltr'>ἠρετο,</span> <span class='ocrx_word' id='word_1_218' title='bbox 3128 1473 3226 1541; x_wconf 77' lang='grc' dir='ltr'>τὴν</span> <span class='ocrx_word' id='word_1_219' title='bbox 3259 1472 3470 1523; x_wconf 85' lang='grc' dir='ltr'>ἐκείνου</span> <span class='ocrx_word' id='word_1_220' title='bbox 3513 1466 3787 1537; x_wconf 77' lang='grc' dir='ltr'>ἐρώτησιν</span> <span class='ocrx_word' id='word_1_221' title='bbox 3822 1463 3976 1533; x_wconf 72' lang='grc' dir='ltr'>χαλεο</span> 
     </span>
    </p>
   </div>
   <div class='ocr_carea' id='block_1_34' title="bbox 2416 1556 3973 1631">
    <p class='ocr_par' dir='ltr' id='par_1_34' title="bbox 2416 1556 3973 1631">
     <span class='ocr_line' id='line_1_34' title="bbox 2416 1556 3973 1631; baseline -0.008 -15"><span class='ocrx_word' id='word_1_222' title='bbox 2416 1563 2530 1627; x_wconf 77' lang='grc' dir='ltr'>πῶς</span> <span class='ocrx_word' id='word_1_223' title='bbox 2562 1566 2803 1631; x_wconf 82' lang='grc' dir='ltr'>ἐνεγκὼν</span> <span class='ocrx_word' id='word_1_224' title='bbox 2840 1565 3159 1631; x_wconf 77' lang='grc' dir='ltr'>Οὐαλέριος,</span> <span class='ocrx_word' id='word_1_225' title='bbox 3198 1565 3281 1615; x_wconf 80' lang='grc' dir='ltr'>ὅτι</span> <span class='ocrx_word' id='word_1_226' title='bbox 3318 1562 3391 1631; x_wconf 81' lang='grc' dir='ltr'>μὴ</span> <span class='ocrx_word' id='word_1_227' title='bbox 3430 1564 3566 1630; x_wconf 79' lang='grc' dir='ltr'>ταχὺ</span> <span class='ocrx_word' id='word_1_228' title='bbox 3611 1556 3973 1625; x_wconf 83' lang='grc' dir='ltr'>ἀπεκρίνατο.</span> 
     </span>
    </p>
   </div>
   <div class='ocr_carea' id='block_1_35' title="bbox 2412 1643 3975 1726">
    <p class='ocr_par' dir='ltr' id='par_1_35' title="bbox 2412 1643 3975 1726">
     <span class='ocr_line' id='line_1_35' title="bbox 2412 1643 3975 1726; baseline -0.005 -20"><span class='ocrx_word' id='word_1_229' title='bbox 2412 1656 2587 1726; x_wconf 83' lang='grc' dir='ltr'>τολμᾷ</span> <span class='ocrx_word' id='word_1_230' title='bbox 2617 1673 2667 1707; x_wconf 91' lang='grc' dir='ltr'>τι</span> <span class='ocrx_word' id='word_1_231' title='bbox 2704 1659 2797 1708; x_wconf 78' lang='grc' dir='ltr'>καὶ</span> <span class='ocrx_word' id='word_1_232' title='bbox 2829 1654 3187 1725; x_wconf 84' lang='grc' dir='ltr'>θρασύτερον,</span> <span class='ocrx_word' id='word_1_233' title='bbox 3241 1654 3373 1714; x_wconf 72' lang='grc' dir='ltr'>ἴσως</span> <span class='ocrx_word' id='word_1_234' title='bbox 3424 1652 3529 1703; x_wconf 71' lang='grc' dir='ltr'>ὑπὸ</span> <span class='ocrx_word' id='word_1_235' title='bbox 3582 1649 3680 1702; x_wconf 79' lang='grc' dir='ltr'>τοῦ</span> <span class='ocrx_word' id='word_1_236' title='bbox 3737 1643 3975 1712; x_wconf 61' lang='grc' dir='ltr'>πονηριιῦ</span> 
     </span>
    </p>
   </div>
   <div class='ocr_carea' id='block_1_36' title="bbox 2417 1736 3975 1815">
    <p class='ocr_par' dir='ltr' id='par_1_36' title="bbox 2417 1736 3975 1815">
     <span class='ocr_line' id='line_1_36' title="bbox 2417 1736 3975 1815; baseline -0.008 -18"><span class='ocrx_word' id='word_1_237' title='bbox 2417 1747 2680 1815; x_wconf 76' lang='grc' dir='ltr'>κινηθεὶς,</span> <span class='ocrx_word' id='word_1_238' title='bbox 2718 1748 2811 1798; x_wconf 75' lang='grc' dir='ltr'>καὶ</span> <span class='ocrx_word' id='word_1_239' title='bbox 2836 1746 3111 1798; x_wconf 73' lang='grc' dir='ltr'>ἀνατείνει</span> <span class='ocrx_word' id='word_1_240' title='bbox 3145 1743 3284 1794; x_wconf 85' lang='grc' dir='ltr'>κατὰ</span> <span class='ocrx_word' id='word_1_241' title='bbox 3314 1741 3407 1793; x_wconf 79' lang='grc' dir='ltr'>τοῦ</span> <span class='ocrx_word' id='word_1_242' title='bbox 3440 1742 3595 1806; x_wconf 79' lang='grc' dir='ltr'>ἁγίου</span> <span class='ocrx_word' id='word_1_243' title='bbox 3626 1740 3731 1805; x_wconf 76' lang='grc' dir='ltr'>τὴν</span> <span class='ocrx_word' id='word_1_244' title='bbox 3775 1736 3975 1798; x_wconf 77' lang='grc' dir='ltr'>δεξιὰν,</span> 
     </span>
    </p>
   </div>
   <div class='ocr_carea' id='block_1_37' title="bbox 2418 1826 3975 1905">
    <p class='ocr_par' dir='ltr' id='par_1_37' title="bbox 2418 1826 3975 1905">
     <span class='ocr_line' id='line_1_37' title="bbox 2418 1826 3975 1905; baseline -0.008 -17"><span class='ocrx_word' id='word_1_245' title='bbox 2418 1837 2617 1904; x_wconf 69' lang='grc' dir='ltr'>πλῆξαι</span> <span class='ocrx_word' id='word_1_246' title='bbox 2642 1837 2831 1889; x_wconf 79' lang='grc' dir='ltr'>τοῦτον</span> <span class='ocrx_word' id='word_1_247' title='bbox 2883 1840 2949 1905; x_wconf 82' lang='grc' dir='ltr'>τῇ</span> <span class='ocrx_word' id='word_1_248' title='bbox 2990 1836 3217 1905; x_wconf 67' lang='grc' dir='ltr'>μάστιγι</span> <span class='ocrx_word' id='word_1_249' title='bbox 3256 1831 3570 1904; x_wconf 79' lang='grc' dir='ltr'>βουληθείς’</span> <span class='ocrx_word' id='word_1_250' title='bbox 3614 1828 3714 1880; x_wconf 77' lang='grc' dir='ltr'>καὶ</span> <span class='ocrx_word' id='word_1_251' title='bbox 3753 1826 3975 1890; x_wconf 70' lang='grc' dir='ltr'>εὑθξιςή</span> 
     </span>
    </p>
   </div>
   <div class='ocr_carea' id='block_1_38' title="bbox 2420 1917 3977 1999">
    <p class='ocr_par' dir='ltr' id='par_1_38' title="bbox 2420 1917 3977 1999">
     <span class='ocr_line' id='line_1_38' title="bbox 2420 1917 3977 1999; baseline -0.011 -17"><span class='ocrx_word' id='word_1_252' title='bbox 2420 1927 2735 1999; x_wconf 75' lang='grc' dir='ltr'>φρουροῦσα</span> <span class='ocrx_word' id='word_1_253' title='bbox 2769 1928 2893 1996; x_wconf 71' lang='grc' dir='ltr'>χεὶρ</span> <span class='ocrx_word' id='word_1_254' title='bbox 2923 1926 3129 1979; x_wconf 81' lang='grc' dir='ltr'>ἄνωθεν</span> <span class='ocrx_word' id='word_1_255' title='bbox 3164 1926 3261 1977; x_wconf 81' lang='grc' dir='ltr'>οὑκ</span> <span class='ocrx_word' id='word_1_256' title='bbox 3286 1925 3497 1993; x_wconf 76' lang='grc' dir='ltr'>ἠμέλει,</span> <span class='ocrx_word' id='word_1_257' title='bbox 3528 1922 3624 1973; x_wconf 69' lang='grc' dir='ltr'>καὶ</span> <span class='ocrx_word' id='word_1_258' title='bbox 3669 1919 3701 1988; x_wconf 78' lang='grc' dir='ltr'>ἡ</span> <span class='ocrx_word' id='word_1_259' title='bbox 3732 1917 3977 1985; x_wconf 72' lang='grc' dir='ltr'>τολμηρὰ</span> 
     </span>
    </p>
   </div>
   <div class='ocr_carea' id='block_1_39' title="bbox 2416 2011 3976 2086">
    <p class='ocr_par' dir='ltr' id='par_1_39' title="bbox 2416 2011 3976 2086">
     <span class='ocr_line' id='line_1_39' title="bbox 2416 2011 3976 2086; baseline -0.008 -16"><span class='ocrx_word' id='word_1_260' title='bbox 2416 2018 2708 2081; x_wconf 73' lang='grc' dir='ltr'>ἐκολάζετο</span> <span class='ocrx_word' id='word_1_261' title='bbox 2734 2032 2747 2046; x_wconf 78' lang='grc'><strong><em>⁸</em></strong></span> <span class='ocrx_word' id='word_1_262' title='bbox 2811 2017 2907 2069; x_wconf 79' lang='grc' dir='ltr'>καὶ</span> <span class='ocrx_word' id='word_1_263' title='bbox 2941 2016 3199 2086; x_wconf 82' lang='grc' dir='ltr'>ἀκίνητος</span> <span class='ocrx_word' id='word_1_264' title='bbox 3227 2011 3292 2083; x_wconf 77' lang='grc' dir='ltr'>ἦν</span> <span class='ocrx_word' id='word_1_265' title='bbox 3324 2015 3510 2082; x_wconf 79' lang='grc' dir='ltr'>ὥσπερ</span> <span class='ocrx_word' id='word_1_266' title='bbox 3540 2014 3649 2065; x_wconf 66' lang='grc' dir='ltr'>τινὶ</span> <span class='ocrx_word' id='word_1_267' title='bbox 3706 2024 3976 2079; x_wconf 83' lang='grc' dir='ltr'>προκατα-</span> 
     </span>
    </p>
   </div>
   <div class='ocr_carea' id='block_1_40' title="bbox 2422 2099 3971 2181">
    <p class='ocr_par' dir='ltr' id='par_1_40' title="bbox 2422 2099 3971 2181">
     <span class='ocr_line' id='line_1_40' title="bbox 2422 2099 3971 2181; baseline -0.01 -18"><span class='ocrx_word' id='word_1_268' title='bbox 2422 2111 2680 2179; x_wconf 84' lang='grc' dir='ltr'>σχεθεῐσα</span> <span class='ocrx_word' id='word_1_269' title='bbox 2714 2110 2868 2181; x_wconf 77' lang='grc' dir='ltr'>πέδη.</span> <span class='ocrx_word' id='word_1_270' title='bbox 2893 2107 3179 2179; x_wconf 78' lang='grc' dir='ltr'>Λαμϐάνει</span> <span class='ocrx_word' id='word_1_271' title='bbox 3234 2106 3329 2159; x_wconf 61' lang='grc' dir='ltr'>κοιλ⁵</span> <span class='ocrx_word' id='word_1_272' title='bbox 3382 2104 3472 2157; x_wconf 79' lang='grc' dir='ltr'>τὸν</span> <span class='ocrx_word' id='word_1_273' title='bbox 3500 2106 3693 2171; x_wconf 74' lang='grc' dir='ltr'>ἕτερον</span> <span class='ocrx_word' id='word_1_274' title='bbox 3723 2102 3844 2161; x_wconf 77' lang='grc' dir='ltr'>δέος</span> <span class='ocrx_word' id='word_1_275' title='bbox 3891 2099 3971 2150; x_wconf 75' lang='grc' dir='ltr'>ἐπὶ</span> 
     </span>
    </p>
   </div>
   <div class='ocr_carea' id='block_1_41' title="bbox 2418 2189 3974 2271">
    <p class='ocr_par' dir='ltr' id='par_1_41' title="bbox 2418 2189 3974 2271">
     <span class='ocr_line' id='line_1_41' title="bbox 2418 2189 3974 2271; baseline -0.01 -17"><span class='ocrx_word' id='word_1_276' title='bbox 2418 2203 2497 2269; x_wconf 78' lang='grc' dir='ltr'>τῷ</span> <span class='ocrx_word' id='word_1_277' title='bbox 2530 2202 2699 2271; x_wconf 82' lang='grc' dir='ltr'>καινῷ</span> <span class='ocrx_word' id='word_1_278' title='bbox 2727 2201 2900 2271; x_wconf 82' lang='grc' dir='ltr'>τούτῳ</span> <span class='ocrx_word' id='word_1_279' title='bbox 2931 2200 3191 2268; x_wconf 78' lang='grc' dir='ltr'>θεάματι,</span> <span class='ocrx_word' id='word_1_280' title='bbox 3222 2198 3315 2252; x_wconf 71' lang='grc' dir='ltr'>καὶ</span> <span class='ocrx_word' id='word_1_281' title='bbox 3349 2195 3657 2255; x_wconf 71' lang='grc' dir='ltr'>ἀποϐάντες</span> <span class='ocrx_word' id='word_1_282' title='bbox 3684 2195 3854 2260; x_wconf 65' lang='grc' dir='ltr'>ἄμφω</span> <span class='ocrx_word' id='word_1_283' title='bbox 3878 2189 3974 2241; x_wconf 80' lang='grc' dir='ltr'>τῶν</span> 
     </span>
    </p>
   </div>
   <div class='ocr_carea' id='block_1_42' title="bbox 742 2285 3980 2364">
    <p class='ocr_par' dir='ltr' id='par_1_42' title="bbox 742 2285 3980 2364">
     <span class='ocr_line' id='line_1_42' title="bbox 742 2285 3980 2364; baseline -0.002 -22"><span class='ocrx_word' id='word_1_284' title='bbox 742 2288 947 2357; x_wconf 78' lang='grc' dir='ltr'>ἵππων,</span> <span class='ocrx_word' id='word_1_285' title='bbox 1007 2296 1414 2364; x_wconf 74' lang='grc' dir='ltr'>προσπίπτουσι</span> <span class='ocrx_word' id='word_1_286' title='bbox 1472 2313 1528 2348; x_wconf 87' lang='grc' dir='ltr'>τε</span> <span class='ocrx_word' id='word_1_287' title='bbox 1588 2299 1701 2361; x_wconf 83' lang='grc' dir='ltr'>τοῖς</span> <span class='ocrx_word' id='word_1_288' title='bbox 1740 2294 1834 2349; x_wconf 80' lang='grc' dir='ltr'>τοῦ</span> <span class='ocrx_word' id='word_1_289' title='bbox 1883 2295 2038 2363; x_wconf 82' lang='grc' dir='ltr'>ἀγίου</span> <span class='ocrx_word' id='word_1_290' title='bbox 2087 2294 2233 2358; x_wconf 77' lang='grc' dir='ltr'>ποσὶ,</span> <span class='ocrx_word' id='word_1_291' title='bbox 2259 2294 2353 2347; x_wconf 75' lang='grc' dir='ltr'>καὶ</span> <span class='ocrx_word' id='word_1_292' title='bbox 2402 2295 2577 2347; x_wconf 79' lang='grc' dir='ltr'>ἱκέται</span> <span class='ocrx_word' id='word_1_293' title='bbox 2610 2295 2851 2362; x_wconf 89' lang='grc' dir='ltr'>γίνονται</span> <span class='ocrx_word' id='word_1_294' title='bbox 2879 2292 3128 2346; x_wconf 70' lang='grc' dir='ltr'>ταπεινοὶ</span> <span class='ocrx_word' id='word_1_295' title='bbox 3160 2291 3302 2355; x_wconf 88' lang='grc' dir='ltr'>λίαν,</span> <span class='ocrx_word' id='word_1_296' title='bbox 3334 2288 3476 2340; x_wconf 77' lang='grc' dir='ltr'>ὥστε</span> <span class='ocrx_word' id='word_1_297' title='bbox 3524 2286 3625 2354; x_wconf 76' lang='grc' dir='ltr'>τὴν</span> <span class='ocrx_word' id='word_1_298' title='bbox 3658 2285 3980 2351; x_wconf 71' lang='grc' dir='ltr'>ἀπομαραν-</span> 
     </span>
    </p>
   </div>
   <div class='ocr_carea' id='block_1_43' title="bbox 743 2379 3882 2461">
    <p class='ocr_par' dir='ltr' id='par_1_43' title="bbox 743 2379 3882 2461">
     <span class='ocr_line' id='line_1_43' title="bbox 743 2379 3882 2461; baseline -0.002 -22"><span class='ocrx_word' id='word_1_299' title='bbox 743 2386 928 2441; x_wconf 80' lang='grc' dir='ltr'>θεῖσαν</span> <span class='ocrx_word' id='word_1_300' title='bbox 963 2392 1120 2456; x_wconf 75' lang='grc' dir='ltr'>χεῖρα</span> <span class='ocrx_word' id='word_1_301' title='bbox 1148 2392 1241 2443; x_wconf 77' lang='grc' dir='ltr'>καὶ</span> <span class='ocrx_word' id='word_1_302' title='bbox 1297 2393 1459 2444; x_wconf 78' lang='grc' dir='ltr'>οἱονεὶ</span> <span class='ocrx_word' id='word_1_303' title='bbox 1490 2392 1821 2460; x_wconf 76' lang='grc' dir='ltr'>τεθνηκυῖαν</span> <span class='ocrx_word' id='word_1_304' title='bbox 1877 2392 2142 2459; x_wconf 75' lang='grc' dir='ltr'>άναθῆλαι</span> <span class='ocrx_word' id='word_1_305' title='bbox 2196 2390 2357 2442; x_wconf 69' lang='grc' dir='ltr'>πάλιν</span> <span class='ocrx_word' id='word_1_306' title='bbox 2394 2392 2485 2442; x_wconf 72' lang='grc' dir='ltr'>καὶ</span> <span class='ocrx_word' id='word_1_307' title='bbox 2512 2392 2805 2459; x_wconf 70' lang='grc' dir='ltr'>ἀναξῆσαι,</span> <span class='ocrx_word' id='word_1_308' title='bbox 2846 2391 2980 2461; x_wconf 81' lang='grc' dir='ltr'>μηδὲ</span> <span class='ocrx_word' id='word_1_309' title='bbox 3013 2389 3188 2451; x_wconf 83' lang='grc' dir='ltr'>οὑτως</span> <span class='ocrx_word' id='word_1_310' title='bbox 3222 2385 3618 2455; x_wconf 77' lang='grc' dir='ltr'>ἀπολειφθῆναι</span> <span class='ocrx_word' id='word_1_311' title='bbox 3650 2379 3882 2448; x_wconf 78' lang='grc' dir='ltr'>νεκράν.</span> 
     </span>
    </p>
   </div>
   <div class='ocr_carea' id='block_1_44' title="bbox 816 2479 2319 2551">
    <p class='ocr_par' dir='ltr' id='par_1_44' title="bbox 816 2479 2319 2551">
     <span class='ocr_line' id='line_1_44' title="bbox 816 2479 2319 2551; baseline 0.001 -18"><span class='ocrx_word' id='word_1_312' title='bbox 816 2479 956 2535; x_wconf 82' lang='lat' dir='ltr'>XIX.</span> <span class='ocrx_word' id='word_1_313' title='bbox 987 2481 1081 2536; x_wconf 90' lang='lat' dir='ltr'>llle</span> <span class='ocrx_word' id='word_1_314' title='bbox 1103 2490 1283 2537; x_wconf 89' lang='lat' dir='ltr'>autem</span> <span class='ocrx_word' id='word_1_315' title='bbox 1316 2482 1366 2535; x_wconf 89' lang='lat' dir='ltr'>in</span> <span class='ocrx_word' id='word_1_316' title='bbox 1399 2482 1503 2536; x_wconf 91' lang='lat' dir='ltr'>hoc</span> <span class='ocrx_word' id='word_1_317' title='bbox 1534 2497 1751 2551; x_wconf 88' lang='lat' dir='ltr'>quoque</span> <span class='ocrx_word' id='word_1_318' title='bbox 1789 2491 2047 2536; x_wconf 88' lang='lat' dir='ltr'>consueta</span> <span class='ocrx_word' id='word_1_319' title='bbox 2084 2496 2209 2534; x_wconf 88' lang='lat' dir='ltr'>usus</span> <span class='ocrx_word' id='word_1_320' title='bbox 2234 2488 2319 2533; x_wconf 84' lang='lat' dir='ltr'>est</span> 
     </span>
    </p>
   </div>
   <div class='ocr_carea' id='block_1_45' title="bbox 745 2571 2309 2644">
    <p class='ocr_par' dir='ltr' id='par_1_45' title="bbox 745 2571 2309 2644">
     <span class='ocr_line' id='line_1_45' title="bbox 745 2571 2309 2644; baseline -0.001 -19"><span class='ocrx_word' id='word_1_321' title='bbox 745 2572 1139 2635; x_wconf 86' lang='lat' dir='ltr'>misericordia,</span> <span class='ocrx_word' id='word_1_322' title='bbox 1176 2584 1230 2628; x_wconf 92' lang='lat' dir='ltr'>et</span> <span class='ocrx_word' id='word_1_323' title='bbox 1289 2574 1461 2642; x_wconf 76' lang='lat' dir='ltr'>tangit</span> <span class='ocrx_word' id='word_1_324' title='bbox 1500 2574 1720 2644; x_wconf 84' lang='lat' dir='ltr'>quidem</span> <span class='ocrx_word' id='word_1_325' title='bbox 1759 2590 1979 2626; x_wconf 87' lang='lat' dir='ltr'>manum</span> <span class='ocrx_word' id='word_1_326' title='bbox 2015 2574 2151 2626; x_wconf 85' lang='lat' dir='ltr'>male</span> <span class='ocrx_word' id='word_1_327' title='bbox 2180 2571 2309 2625; x_wconf 73' lang='grc' dir='ltr'>οσο-</span> 
     </span>
    </p>
   </div>
   <div class='ocr_carea' id='block_1_46' title="bbox 744 2664 2316 2735">
    <p class='ocr_par' dir='ltr' id='par_1_46' title="bbox 744 2664 2316 2735">
     <span class='ocr_line' id='line_1_46' title="bbox 744 2664 2316 2735; baseline -0.001 -17"><span class='ocrx_word' id='word_1_328' title='bbox 744 2673 910 2727; x_wconf 85' lang='lat' dir='ltr'>ctam,</span> <span class='ocrx_word' id='word_1_329' title='bbox 960 2679 1149 2718; x_wconf 84' lang='lat' dir='ltr'>sanam</span> <span class='ocrx_word' id='word_1_330' title='bbox 1198 2680 1325 2720; x_wconf 84' lang='lat' dir='ltr'>vero</span> <span class='ocrx_word' id='word_1_331' title='bbox 1371 2681 1489 2721; x_wconf 84' lang='lat' dir='ltr'>eam</span> <span class='ocrx_word' id='word_1_332' title='bbox 1550 2666 1722 2720; x_wconf 90' lang='lat' dir='ltr'>reddit</span> <span class='ocrx_word' id='word_1_333' title='bbox 1786 2666 2052 2735; x_wconf 86' lang='lat' dir='ltr'>protinus.</span> <span class='ocrx_word' id='word_1_334' title='bbox 2112 2664 2316 2718; x_wconf 87' lang='lat' dir='ltr'>Deinde</span> 
     </span>
    </p>
   </div>
   <div class='ocr_carea' id='block_1_47' title="bbox 748 2755 2313 2826">
    <p class='ocr_par' dir='ltr' id='par_1_47' title="bbox 748 2755 2313 2826">
     <span class='ocr_line' id='line_1_47' title="bbox 748 2755 2313 2826; baseline 0 -19"><span class='ocrx_word' id='word_1_335' title='bbox 748 2771 935 2810; x_wconf 82' lang='lat' dir='ltr'>rursus</span> <span class='ocrx_word' id='word_1_336' title='bbox 980 2755 1291 2813; x_wconf 80' lang='lat' dir='ltr'>sciscitatus</span> <span class='ocrx_word' id='word_1_337' title='bbox 1327 2771 1563 2826; x_wconf 89' lang='lat' dir='ltr'>quanam</span> <span class='ocrx_word' id='word_1_338' title='bbox 1602 2755 1670 2811; x_wconf 91' lang='lat' dir='ltr'>de</span> <span class='ocrx_word' id='word_1_339' title='bbox 1700 2772 1865 2809; x_wconf 82' lang='lat' dir='ltr'>causa</span> <span class='ocrx_word' id='word_1_340' title='bbox 1899 2768 2039 2809; x_wconf 87' lang='lat' dir='ltr'>esset</span> <span class='ocrx_word' id='word_1_341' title='bbox 2069 2756 2147 2807; x_wconf 89' lang='lat' dir='ltr'>eis</span> <span class='ocrx_word' id='word_1_342' title='bbox 2175 2770 2313 2823; x_wconf 91' lang='lat' dir='ltr'>opus</span> 
     </span>
    </p>
   </div>
   <div class='ocr_carea' id='block_1_48' title="bbox 746 2847 2316 2916">
    <p class='ocr_par' dir='ltr' id='par_1_48' title="bbox 746 2847 2316 2916">
     <span class='ocr_line' id='line_1_48' title="bbox 746 2847 2316 2916; baseline -0.002 -16"><span class='ocrx_word' id='word_1_343' title='bbox 746 2861 868 2900; x_wconf 90' lang='lat' dir='ltr'>eum</span> <span class='ocrx_word' id='word_1_344' title='bbox 907 2847 1234 2910; x_wconf 85' lang='lat' dir='ltr'>convenire,</span> <span class='ocrx_word' id='word_1_345' title='bbox 1284 2856 1337 2901; x_wconf 90' lang='lat' dir='ltr'>et</span> <span class='ocrx_word' id='word_1_346' title='bbox 1394 2848 1750 2901; x_wconf 76' lang='lat' dir='ltr'>intellexisset</span> <span class='ocrx_word' id='word_1_347' title='bbox 1809 2848 1950 2916; x_wconf 85' lang='lat' dir='ltr'>quod</span> <span class='ocrx_word' id='word_1_348' title='bbox 2009 2848 2075 2901; x_wconf 89' lang='lat' dir='ltr'>ad</span> <span class='ocrx_word' id='word_1_349' title='bbox 2140 2848 2316 2916; x_wconf 88' lang='lat' dir='ltr'>ipsum</span> 
     </span>
    </p>
   </div>
   <div class='ocr_carea' id='block_1_49' title="bbox 748 2937 2319 3008">
    <p class='ocr_par' dir='ltr' id='par_1_49' title="bbox 748 2937 2319 3008">
     <span class='ocr_line' id='line_1_49' title="bbox 748 2937 2319 3008; baseline 0.002 -18"><span class='ocrx_word' id='word_1_350' title='bbox 748 2937 954 2991; x_wconf 74' lang='lat' dir='ltr'>ferrent</span> <span class='ocrx_word' id='word_1_351' title='bbox 982 2938 1193 2993; x_wconf 87' lang='lat' dir='ltr'>litteras</span> <span class='ocrx_word' id='word_1_352' title='bbox 1243 2938 1607 3008; x_wconf 83' lang='lat' dir='ltr'>imperatoris,</span> <span class='ocrx_word' id='word_1_353' title='bbox 1650 2939 1707 2992; x_wconf 79' lang='lat' dir='ltr'>(lt</span> <span class='ocrx_word' id='word_1_354' title='bbox 1750 2940 1829 2993; x_wconf 91' lang='lat' dir='ltr'>eis</span> <span class='ocrx_word' id='word_1_355' title='bbox 1853 2940 1959 2993; x_wconf 80' lang='lat' dir='ltr'>dux</span> <span class='ocrx_word' id='word_1_356' title='bbox 1993 2940 2223 3004; x_wconf 90' lang='lat' dir='ltr'>itineris,</span> <span class='ocrx_word' id='word_1_357' title='bbox 2264 2952 2319 2993; x_wconf 85' lang='lat' dir='ltr'>et</span> 
     </span>
    </p>
   </div>
   <div class='ocr_carea' id='block_1_50' title="bbox 748 3028 2321 3099">
    <p class='ocr_par' dir='ltr' id='par_1_50' title="bbox 748 3028 2321 3099">
     <span class='ocr_line' id='line_1_50' title="bbox 748 3028 2321 3099; baseline 0.001 -16"><span class='ocrx_word' id='word_1_358' title='bbox 748 3028 967 3083; x_wconf 85' lang='lat' dir='ltr'>deducit</span> <span class='ocrx_word' id='word_1_359' title='bbox 1002 3030 1403 3099; x_wconf 84' lang='lat' dir='ltr'>quamprimum</span> <span class='ocrx_word' id='word_1_360' title='bbox 1446 3031 1511 3083; x_wconf 86' lang='lat' dir='ltr'>ad</span> <span class='ocrx_word' id='word_1_361' title='bbox 1552 3032 1695 3083; x_wconf 62' lang='lat' dir='ltr'>aedes</span> <span class='ocrx_word' id='word_1_362' title='bbox 1720 3029 2038 3083; x_wconf 76' lang='lat' dir='ltr'>Euxeniani.</span> <span class='ocrx_word' id='word_1_363' title='bbox 2084 3030 2177 3083; x_wconf 81' lang='lat' dir='ltr'>llle</span> <span class='ocrx_word' id='word_1_364' title='bbox 2224 3046 2321 3084; x_wconf 86' lang='lat' dir='ltr'>au-</span> 
     </span>
    </p>
   </div>
   <div class='ocr_carea' id='block_1_51' title="bbox 750 3120 2310 3192">
    <p class='ocr_par' dir='ltr' id='par_1_51' title="bbox 750 3120 2310 3192">
     <span class='ocr_line' id='line_1_51' title="bbox 750 3120 2310 3192; baseline 0.001 -17"><span class='ocrx_word' id='word_1_365' title='bbox 750 3130 878 3184; x_wconf 82' lang='lat' dir='ltr'>tem,</span> <span class='ocrx_word' id='word_1_366' title='bbox 909 3121 1146 3191; x_wconf 89' lang='lat' dir='ltr'>acceptis</span> <span class='ocrx_word' id='word_1_367' title='bbox 1194 3120 1404 3184; x_wconf 89' lang='lat' dir='ltr'>litteris,</span> <span class='ocrx_word' id='word_1_368' title='bbox 1455 3136 1577 3175; x_wconf 91' lang='lat' dir='ltr'>cum</span> <span class='ocrx_word' id='word_1_369' title='bbox 1631 3138 1751 3192; x_wconf 73' lang='lat' dir='ltr'>qua:</span> <span class='ocrx_word' id='word_1_370' title='bbox 1791 3122 2205 3177; x_wconf 85' lang='lat' dir='ltr'>continebantur</span> <span class='ocrx_word' id='word_1_371' title='bbox 2258 3123 2310 3176; x_wconf 91' lang='lat' dir='ltr'>in</span> 
     </span>
    </p>
   </div>
   <div class='ocr_carea' id='block_1_52' title="bbox 2489 2474 3975 2551">
    <p class='ocr_par' dir='ltr' id='par_1_52' title="bbox 2489 2474 3975 2551">
     <span class='ocr_line' id='line_1_52' title="bbox 2489 2474 3975 2551; baseline -0.01 -16"><span class='ocrx_word' id='word_1_372' title='bbox 2489 2480 2591 2537; x_wconf 72' lang='lat'>16&#39;.</span> <span class='ocrx_word' id='word_1_373' title='bbox 2636 2484 2696 2536; x_wconf 83' lang='lat'>&#39;0</span> <span class='ocrx_word' id='word_1_374' title='bbox 2719 2484 2774 2536; x_wconf 83' lang='grc' dir='ltr'>δὲ</span> <span class='ocrx_word' id='word_1_375' title='bbox 2810 2483 2911 2551; x_wconf 75' lang='grc' dir='ltr'>τῆς</span> <span class='ocrx_word' id='word_1_376' title='bbox 2943 2480 3208 2551; x_wconf 84' lang='grc' dir='ltr'>συνήθους</span> <span class='ocrx_word' id='word_1_377' title='bbox 3239 2481 3343 2531; x_wconf 76' lang='grc' dir='ltr'>κάν</span> <span class='ocrx_word' id='word_1_378' title='bbox 3374 2478 3551 2544; x_wconf 78' lang='grc' dir='ltr'>τούτῳ</span> <span class='ocrx_word' id='word_1_379' title='bbox 3593 2474 3815 2543; x_wconf 85' lang='grc' dir='ltr'>γίνεται</span> <span class='ocrx_word' id='word_1_380' title='bbox 3843 2487 3975 2538; x_wconf 73' lang='lat' dir='ltr'>cup-</span> 
     </span>
    </p>
   </div>
   <div class='ocr_carea' id='block_1_53' title="bbox 2419 2562 3977 2641">
    <p class='ocr_par' dir='ltr' id='par_1_53' title="bbox 2419 2562 3977 2641">
     <span class='ocr_line' id='line_1_53' title="bbox 2419 2562 3977 2641; baseline -0.012 -13"><span class='ocrx_word' id='word_1_381' title='bbox 2419 2575 2667 2639; x_wconf 83' lang='grc' dir='ltr'>παθείας,</span> <span class='ocrx_word' id='word_1_382' title='bbox 2697 2577 2793 2628; x_wconf 73' lang='grc' dir='ltr'>καὶ</span> <span class='ocrx_word' id='word_1_383' title='bbox 2820 2577 3060 2629; x_wconf 78' lang='grc' dir='ltr'>ἅπτεται</span> <span class='ocrx_word' id='word_1_384' title='bbox 3101 2572 3199 2641; x_wconf 81' lang='grc' dir='ltr'>μὲν</span> <span class='ocrx_word' id='word_1_385' title='bbox 3232 2571 3330 2639; x_wconf 85' lang='grc' dir='ltr'>τῆς</span> <span class='ocrx_word' id='word_1_386' title='bbox 3356 2567 3731 2637; x_wconf 75' lang='grc' dir='ltr'>πηρωθείσηςο</span> <span class='ocrx_word' id='word_1_387' title='bbox 3770 2564 3899 2630; x_wconf 74' lang='grc' dir='ltr'>ὑγιὶ</span> <span class='ocrx_word' id='word_1_388' title='bbox 3925 2562 3977 2612; x_wconf 70' lang='grc' dir='ltr'>δὲ</span> 
     </span>
    </p>
   </div>
   <div class='ocr_carea' id='block_1_54' title="bbox 2416 2657 3970 2739">
    <p class='ocr_par' dir='ltr' id='par_1_54' title="bbox 2416 2657 3970 2739">
     <span class='ocr_line' id='line_1_54' title="bbox 2416 2657 3970 2739; baseline -0.012 -18"><span class='ocrx_word' id='word_1_389' title='bbox 2416 2669 2584 2739; x_wconf 83' lang='grc' dir='ltr'>αὑτὴν</span> <span class='ocrx_word' id='word_1_390' title='bbox 2610 2669 2772 2731; x_wconf 78' lang='grc' dir='ltr'>εὐθὺς</span> <span class='ocrx_word' id='word_1_391' title='bbox 2804 2667 3104 2721; x_wconf 88' lang='grc' dir='ltr'>δείκνυσιν.</span> <span class='ocrx_word' id='word_1_392' title='bbox 3143 2661 3274 2718; x_wconf 80' lang='grc' dir='ltr'>Εἶτα</span> <span class='ocrx_word' id='word_1_393' title='bbox 3304 2663 3402 2733; x_wconf 84' lang='grc' dir='ltr'>τὴν</span> <span class='ocrx_word' id='word_1_394' title='bbox 3440 2660 3623 2713; x_wconf 80' lang='grc' dir='ltr'>αἰτίαν</span> <span class='ocrx_word' id='word_1_395' title='bbox 3664 2660 3760 2711; x_wconf 72' lang='grc' dir='ltr'>καὶ</span> <span class='ocrx_word' id='word_1_396' title='bbox 3814 2657 3970 2709; x_wconf 67' lang='grc' dir='ltr'>πάλιν</span> 
     </span>
    </p>
   </div>
   <div class='ocr_carea' id='block_1_55' title="bbox 2417 2748 3980 2828">
    <p class='ocr_par' dir='ltr' id='par_1_55' title="bbox 2417 2748 3980 2828">
     <span class='ocr_line' id='line_1_55' title="bbox 2417 2748 3980 2828; baseline -0.01 -17"><span class='ocrx_word' id='word_1_397' title='bbox 2417 2760 2513 2826; x_wconf 79' lang='grc' dir='ltr'>τῆς</span> <span class='ocrx_word' id='word_1_398' title='bbox 2544 2758 2636 2811; x_wconf 84' lang='grc' dir='ltr'>τοῦ</span> <span class='ocrx_word' id='word_1_399' title='bbox 2668 2758 2862 2828; x_wconf 78' lang='grc' dir='ltr'>ἀνδρὸς</span> <span class='ocrx_word' id='word_1_400' title='bbox 2891 2758 3080 2827; x_wconf 82' lang='grc' dir='ltr'>χρείας</span> <span class='ocrx_word' id='word_1_401' title='bbox 3108 2757 3388 2825; x_wconf 71' lang='grc' dir='ltr'>ἐρόμενος,</span> <span class='ocrx_word' id='word_1_402' title='bbox 3422 2750 3518 2802; x_wconf 72' lang='grc' dir='ltr'>καὶ</span> <span class='ocrx_word' id='word_1_403' title='bbox 3548 2748 3740 2818; x_wconf 80' lang='grc' dir='ltr'>μαθὼν</span> <span class='ocrx_word' id='word_1_404' title='bbox 3772 2748 3857 2798; x_wconf 78' lang='grc' dir='ltr'>ὅτι</span> <span class='ocrx_word' id='word_1_405' title='bbox 3892 2748 3980 2815; x_wconf 78' lang='grc' dir='ltr'>βα-</span> 
     </span>
    </p>
   </div>
   <div class='ocr_carea' id='block_1_56' title="bbox 2420 2838 3976 2918">
    <p class='ocr_par' dir='ltr' id='par_1_56' title="bbox 2420 2838 3976 2918">
     <span class='ocr_line' id='line_1_56' title="bbox 2420 2838 3976 2918; baseline -0.008 -18"><span class='ocrx_word' id='word_1_406' title='bbox 2420 2849 2601 2900; x_wconf 81' lang='grc' dir='ltr'>σιλικὰ</span> <span class='ocrx_word' id='word_1_407' title='bbox 2634 2849 2766 2918; x_wconf 78' lang='grc' dir='ltr'>πρὸς</span> <span class='ocrx_word' id='word_1_408' title='bbox 2808 2848 2970 2899; x_wconf 71' lang='grc' dir='ltr'>αὑτὸν</span> <span class='ocrx_word' id='word_1_409' title='bbox 3004 2844 3282 2915; x_wconf 74' lang='grc' dir='ltr'>κομίζοιεν</span> <span class='ocrx_word' id='word_1_410' title='bbox 3309 2843 3637 2911; x_wconf 77' lang='grc' dir='ltr'>γράμματα,</span> <span class='ocrx_word' id='word_1_411' title='bbox 3668 2838 3865 2904; x_wconf 76' lang='grc' dir='ltr'>ὁδηγός</span> <span class='ocrx_word' id='word_1_412' title='bbox 3894 2838 3976 2901; x_wconf 58' lang='lat' dir='ltr'>yi-</span> 
     </span>
    </p>
   </div>
   <div class='ocr_carea' id='block_1_57' title="bbox 2418 2926 3983 3011">
    <p class='ocr_par' dir='ltr' id='par_1_57' title="bbox 2418 2926 3983 3011">
     <span class='ocr_line' id='line_1_57' title="bbox 2418 2926 3983 3011; baseline -0.011 -18"><span class='ocrx_word' id='word_1_413' title='bbox 2418 2958 2571 2993; x_wconf 74' lang='grc' dir='ltr'>νεῖαι</span> <span class='ocrx_word' id='word_1_414' title='bbox 2602 2941 2708 2993; x_wconf 83' lang='grc' dir='ltr'>τῶν</span> <span class='ocrx_word' id='word_1_415' title='bbox 2735 2940 2967 3011; x_wconf 79' lang='grc' dir='ltr'>ἀνδρῶν,</span> <span class='ocrx_word' id='word_1_416' title='bbox 2995 2939 3089 2991; x_wconf 82' lang='grc' dir='ltr'>καὶ</span> <span class='ocrx_word' id='word_1_417' title='bbox 3131 2940 3212 2999; x_wconf 71' lang='grc' dir='ltr'>εἷς</span> <span class='ocrx_word' id='word_1_418' title='bbox 3243 2936 3332 2989; x_wconf 80' lang='grc' dir='ltr'>τὸν</span> <span class='ocrx_word' id='word_1_419' title='bbox 3361 2930 3714 2998; x_wconf 78' lang='grc' dir='ltr'>Εὑξεινιανοῦ</span> <span class='ocrx_word' id='word_1_420' title='bbox 3748 2926 3898 2981; x_wconf 83' lang='grc' dir='ltr'>οἷκον</span> <span class='ocrx_word' id='word_1_421' title='bbox 3927 2927 3983 2977; x_wconf 72' lang='grc' dir='ltr'>τὸ</span> 
     </span>
    </p>
   </div>
   <div class='ocr_carea' id='block_1_58' title="bbox 2414 3020 3981 3101">
    <p class='ocr_par' dir='ltr' id='par_1_58' title="bbox 2414 3020 3981 3101">
     <span class='ocr_line' id='line_1_58' title="bbox 2414 3020 3981 3101; baseline -0.011 -16"><span class='ocrx_word' id='word_1_422' title='bbox 2414 3033 2578 3101; x_wconf 82' lang='grc' dir='ltr'>τάχος</span> <span class='ocrx_word' id='word_1_423' title='bbox 2622 3032 2839 3097; x_wconf 80' lang='grc' dir='ltr'>ἐπάγει.</span> <span class='ocrx_word' id='word_1_424' title='bbox 2888 3032 3125 3093; x_wconf 80' lang='grc' dir='ltr'>Ἐκεῖνος</span> <span class='ocrx_word' id='word_1_425' title='bbox 3184 3028 3371 3096; x_wconf 84' lang='grc' dir='ltr'>μέντοι</span> <span class='ocrx_word' id='word_1_426' title='bbox 3426 3024 3493 3077; x_wconf 71' lang='grc' dir='ltr'>τὰ</span> <span class='ocrx_word' id='word_1_427' title='bbox 3531 3022 3850 3090; x_wconf 80' lang='grc' dir='ltr'>γράμματα</span> <span class='ocrx_word' id='word_1_428' title='bbox 3909 3020 3981 3076; x_wconf 80' lang='grc' dir='ltr'>εἰς</span> 
     </span>
    </p>
   </div>
   <div class='ocr_carea' id='block_1_59' title="bbox 2413 3110 3984 3194">
    <p class='ocr_par' dir='ltr' id='par_1_59' title="bbox 2413 3110 3984 3194">
     <span class='ocr_line' id='line_1_59' title="bbox 2413 3110 3984 3194; baseline -0.013 -17"><span class='ocrx_word' id='word_1_429' title='bbox 2413 3126 2601 3194; x_wconf 85' lang='grc' dir='ltr'>χεῖρας</span> <span class='ocrx_word' id='word_1_430' title='bbox 2631 3121 2831 3184; x_wconf 75' lang='grc' dir='ltr'>λαϐὼν,</span> <span class='ocrx_word' id='word_1_431' title='bbox 2863 3122 2953 3173; x_wconf 78' lang='grc' dir='ltr'>καὶ</span> <span class='ocrx_word' id='word_1_432' title='bbox 2979 3120 3047 3173; x_wconf 67' lang='grc' dir='ltr'>τὰ</span> <span class='ocrx_word' id='word_1_433' title='bbox 3091 3118 3387 3184; x_wconf 80' lang='grc' dir='ltr'>ὲγκείμενα</span> <span class='ocrx_word' id='word_1_434' title='bbox 3435 3110 3765 3177; x_wconf 79' lang='grc' dir='ltr'>ἐπεξελθὼν,</span> <span class='ocrx_word' id='word_1_435' title='bbox 3825 3124 3984 3177; x_wconf 81' lang='grc' dir='ltr'>μετα-</span> 
     </span>
    </p>
   </div>
   <div class='ocr_carea' id='block_1_60' title="bbox 750 3197 2318 3284">
    <p class='ocr_par' dir='ltr' id='par_1_60' title="bbox 750 3212 2318 3284">
     <span class='ocr_line' id='line_1_60' title="bbox 750 3212 2318 3284; baseline 0 -16"><span class='ocrx_word' id='word_1_436' title='bbox 750 3212 850 3277; x_wconf 85' lang='lat' dir='ltr'>cis,</span> <span class='ocrx_word' id='word_1_437' title='bbox 884 3212 1226 3283; x_wconf 78' lang='lat' dir='ltr'>perlegisset,</span> <span class='ocrx_word' id='word_1_438' title='bbox 1262 3220 1451 3265; x_wconf 89' lang='lat' dir='ltr'>sancto</span> <span class='ocrx_word' id='word_1_439' title='bbox 1485 3213 1665 3267; x_wconf 86' lang='lat' dir='ltr'>statim</span> <span class='ocrx_word' id='word_1_440' title='bbox 1713 3213 1876 3268; x_wconf 84' lang='lat' dir='ltr'>tradit</span> <span class='ocrx_word' id='word_1_441' title='bbox 1922 3214 2229 3284; x_wconf 85' lang='lat' dir='ltr'>epistolam,</span> <span class='ocrx_word' id='word_1_442' title='bbox 2265 3222 2318 3268; x_wconf 88' lang='lat' dir='ltr'>et</span> 
     </span>
    </p>
   </div>
   <div class='ocr_carea' id='block_1_61' title="bbox 2422 3197 3981 3284">
    <p class='ocr_par' dir='ltr' id='par_1_61' title="bbox 2422 3197 3981 3282">
     <span class='ocr_line' id='line_1_61' title="bbox 2422 3197 3981 3282; baseline -0.012 -15"><span class='ocrx_word' id='word_1_443' title='bbox 2422 3214 2601 3267; x_wconf 78' lang='grc' dir='ltr'>δίδωσι</span> <span class='ocrx_word' id='word_1_444' title='bbox 2629 3214 2730 3282; x_wconf 79' lang='grc' dir='ltr'>τὴν</span> <span class='ocrx_word' id='word_1_445' title='bbox 2776 3210 3073 3278; x_wconf 81' lang='grc' dir='ltr'>ἐπιστολὴν</span> <span class='ocrx_word' id='word_1_446' title='bbox 3135 3206 3294 3269; x_wconf 75' lang='grc' dir='ltr'>εὐθὺς</span> <span class='ocrx_word' id='word_1_447' title='bbox 3348 3205 3426 3275; x_wconf 84' lang='grc' dir='ltr'>τῷ</span> <span class='ocrx_word' id='word_1_448' title='bbox 3479 3202 3643 3271; x_wconf 86' lang='grc' dir='ltr'>ἀγίῳ,</span> <span class='ocrx_word' id='word_1_449' title='bbox 3704 3200 3803 3253; x_wconf 66' lang='grc' dir='ltr'>καὶ</span> <span class='ocrx_word' id='word_1_450' title='bbox 3834 3197 3981 3267; x_wconf 65' lang='grc' dir='ltr'>ἠξίου</span> 
     </span>
    </p>
   </div>
   <div class='ocr_carea' id='block_1_62' title="bbox 750 3301 2318 3375">
    <p class='ocr_par' dir='ltr' id='par_1_62' title="bbox 750 3301 2318 3375">
     <span class='ocr_line' id='line_1_62' title="bbox 750 3301 2318 3375; baseline 0.003 -21"><span class='ocrx_word' id='word_1_451' title='bbox 750 3312 919 3372; x_wconf 81' lang='lat' dir='ltr'>rogat,</span> <span class='ocrx_word' id='word_1_452' title='bbox 953 3310 1012 3356; x_wconf 88' lang='lat' dir='ltr'>ut</span> <span class='ocrx_word' id='word_1_453' title='bbox 1043 3301 1180 3355; x_wconf 83' lang='lat' dir='ltr'>nihil</span> <span class='ocrx_word' id='word_1_454' title='bbox 1221 3302 1462 3368; x_wconf 81' lang='lat' dir='ltr'>diﬂ&#39;erat,</span> <span class='ocrx_word' id='word_1_455' title='bbox 1495 3303 1589 3357; x_wconf 80' lang='lat' dir='ltr'>sed</span> <span class='ocrx_word' id='word_1_456' title='bbox 1634 3304 1777 3357; x_wconf 89' lang='lat' dir='ltr'>sicut</span> <span class='ocrx_word' id='word_1_457' title='bbox 1829 3304 2125 3375; x_wconf 86' lang='lat' dir='ltr'>imperator</span> <span class='ocrx_word' id='word_1_458' title='bbox 2170 3306 2318 3359; x_wconf 80' lang='lat' dir='ltr'>vole-</span> 
     </span>
    </p>
   </div>
   <div class='ocr_carea' id='block_1_63' title="bbox 751 3392 2321 3464">
    <p class='ocr_par' dir='ltr' id='par_1_63' title="bbox 751 3392 2321 3464">
     <span class='ocr_line' id='line_1_63' title="bbox 751 3392 2321 3464; baseline 0.002 -18"><span class='ocrx_word' id='word_1_459' title='bbox 751 3394 883 3458; x_wconf 88' lang='lat' dir='ltr'>bat,</span> <span class='ocrx_word' id='word_1_460' title='bbox 943 3394 1047 3447; x_wconf 88' lang='lat' dir='ltr'>iter</span> <span class='ocrx_word' id='word_1_461' title='bbox 1103 3394 1505 3463; x_wconf 89' lang='lat' dir='ltr'>quamprimum</span> <span class='ocrx_word' id='word_1_462' title='bbox 1567 3394 1733 3447; x_wconf 78' lang='lat' dir='ltr'>ineat.</span> <span class='ocrx_word' id='word_1_463' title='bbox 1789 3392 1958 3458; x_wconf 86' lang='lat' dir='ltr'>Quam</span> <span class='ocrx_word' id='word_1_464' title='bbox 2021 3409 2146 3449; x_wconf 88' lang='lat' dir='ltr'>cum</span> <span class='ocrx_word' id='word_1_465' title='bbox 2207 3394 2321 3464; x_wconf 83' lang='lat' dir='ltr'>ipse</span> 
     </span>
    </p>
   </div>
   <div class='ocr_carea' id='block_1_64' title="bbox 750 3483 2321 3556">
    <p class='ocr_par' dir='ltr' id='par_1_64' title="bbox 750 3483 2321 3556">
     <span class='ocr_line' id='line_1_64' title="bbox 750 3483 2321 3556; baseline 0.003 -19"><span class='ocrx_word' id='word_1_466' title='bbox 750 3501 965 3555; x_wconf 90' lang='lat' dir='ltr'>quoque</span> <span class='ocrx_word' id='word_1_467' title='bbox 1015 3486 1273 3556; x_wconf 80' lang='lat' dir='ltr'>legisset:</span> <span class='ocrx_word' id='word_1_468' title='bbox 1314 3483 1562 3549; x_wconf 73' lang='lat' dir='ltr'>Veniam,</span> <span class='ocrx_word' id='word_1_469' title='bbox 1612 3485 1807 3553; x_wconf 88' lang='lat' dir='ltr'>inquit,</span> <span class='ocrx_word' id='word_1_470' title='bbox 1863 3496 2217 3556; x_wconf 84' lang='lat' dir='ltr'>promptaque</span> <span class='ocrx_word' id='word_1_471' title='bbox 2267 3496 2321 3542; x_wconf 89' lang='lat' dir='ltr'>et</span> 
     </span>
    </p>
   </div>
   <div class='ocr_carea' id='block_1_65' title="bbox 752 3574 2321 3631">
    <p class='ocr_par' dir='ltr' id='par_1_65' title="bbox 752 3574 2321 3631">
     <span class='ocr_line' id='line_1_65' title="bbox 752 3574 2321 3631; baseline 0.003 -4"><span class='ocrx_word' id='word_1_472' title='bbox 752 3576 916 3630; x_wconf 79' lang='lat' dir='ltr'>alacri</span> <span class='ocrx_word' id='word_1_473' title='bbox 953 3577 1134 3629; x_wconf 87' lang='lat' dir='ltr'>animo</span> <span class='ocrx_word' id='word_1_474' title='bbox 1164 3577 1265 3629; x_wconf 84' lang='lat' dir='ltr'>iter</span> <span class='ocrx_word' id='word_1_475' title='bbox 1297 3576 1599 3631; x_wconf 78' lang='lat' dir='ltr'>conficiam.</span> <span class='ocrx_word' id='word_1_476' title='bbox 1642 3574 1725 3630; x_wconf 77' lang='lat' dir='ltr'>Fit</span> <span class='ocrx_word' id='word_1_477' title='bbox 1775 3578 1919 3631; x_wconf 90' lang='lat' dir='ltr'>enim</span> <span class='ocrx_word' id='word_1_478' title='bbox 1952 3578 2052 3631; x_wconf 89' lang='lat' dir='ltr'>hoc</span> <span class='ocrx_word' id='word_1_479' title='bbox 2097 3579 2185 3630; x_wconf 92' lang='lat' dir='ltr'>Dei</span> <span class='ocrx_word' id='word_1_480' title='bbox 2223 3594 2321 3631; x_wconf 84' lang='lat' dir='ltr'>vo-</span> 
     </span>
    </p>
   </div>
   <div class='ocr_carea' id='block_1_66' title="bbox 750 3666 2318 3735">
    <p class='ocr_par' dir='ltr' id='par_1_66' title="bbox 750 3666 2318 3735">
     <span class='ocr_line' id='line_1_66' title="bbox 750 3666 2318 3735; baseline 0.003 -17"><span class='ocrx_word' id='word_1_481' title='bbox 750 3666 981 3731; x_wconf 81' lang='lat' dir='ltr'>luntate,</span> <span class='ocrx_word' id='word_1_482' title='bbox 1030 3679 1089 3721; x_wconf 90' lang='lat' dir='ltr'>ut</span> <span class='ocrx_word' id='word_1_483' title='bbox 1131 3667 1261 3721; x_wconf 89' lang='lat' dir='ltr'>mihi</span> <span class='ocrx_word' id='word_1_484' title='bbox 1296 3684 1511 3735; x_wconf 90' lang='lat' dir='ltr'>quoque</span> <span class='ocrx_word' id='word_1_485' title='bbox 1543 3670 1653 3734; x_wconf 81' lang='lat' dir='ltr'>jam</span> <span class='ocrx_word' id='word_1_486' title='bbox 1702 3684 1731 3718; x_wconf 87' lang='lat' dir='ltr'>a</span> <span class='ocrx_word' id='word_1_487' title='bbox 1790 3668 2015 3721; x_wconf 89' lang='lat' dir='ltr'>Domino</span> <span class='ocrx_word' id='word_1_488' title='bbox 2067 3679 2186 3723; x_wconf 88' lang='lat' dir='ltr'>meo</span> <span class='ocrx_word' id='word_1_489' title='bbox 2219 3669 2318 3723; x_wconf 80' lang='lat' dir='ltr'>fuit</span> 
     </span>
    </p>
   </div>
   <div class='ocr_carea' id='block_1_67' title="bbox 751 3758 2321 3827">
    <p class='ocr_par' dir='ltr' id='par_1_67' title="bbox 751 3758 2321 3827">
     <span class='ocr_line' id='line_1_67' title="bbox 751 3758 2321 3827; baseline 0.002 -17"><span class='ocrx_word' id='word_1_490' title='bbox 751 3759 1134 3827; x_wconf 73' lang='lat' dir='ltr'>signiﬁcatth</span> <span class='ocrx_word' id='word_1_491' title='bbox 1166 3759 1231 3811; x_wconf 85' lang='lat' dir='ltr'>Et</span> <span class='ocrx_word' id='word_1_492' title='bbox 1277 3758 1611 3826; x_wconf 72' lang='lat' dir='ltr'>magistriani</span> <span class='ocrx_word' id='word_1_493' title='bbox 1646 3758 1864 3827; x_wconf 89' lang='lat' dir='ltr'>quidem</span> <span class='ocrx_word' id='word_1_494' title='bbox 1921 3761 2173 3827; x_wconf 71' lang='lat' dir='ltr'>przeclare</span> <span class='ocrx_word' id='word_1_495' title='bbox 2224 3762 2321 3813; x_wconf 91' lang='lat' dir='ltr'>de-</span> 
     </span>
    </p>
   </div>
   <div class='ocr_carea' id='block_1_68' title="bbox 750 3846 2321 3919">
    <p class='ocr_par' dir='ltr' id='par_1_68' title="bbox 750 3846 2321 3919">
     <span class='ocr_line' id='line_1_68' title="bbox 750 3846 2321 3919; baseline 0.001 -19"><span class='ocrx_word' id='word_1_496' title='bbox 750 3848 895 3900; x_wconf 87' lang='lat' dir='ltr'>ducti</span> <span class='ocrx_word' id='word_1_497' title='bbox 930 3848 993 3900; x_wconf 87' lang='lat' dir='ltr'>ad</span> <span class='ocrx_word' id='word_1_498' title='bbox 1033 3846 1432 3909; x_wconf 77' lang='lat' dir='ltr'>Euxenianum,</span> <span class='ocrx_word' id='word_1_499' title='bbox 1482 3848 1633 3902; x_wconf 87' lang='lat' dir='ltr'>etab</span> <span class='ocrx_word' id='word_1_500' title='bbox 1670 3864 1735 3901; x_wconf 93' lang='lat' dir='ltr'>eo</span> <span class='ocrx_word' id='word_1_501' title='bbox 1771 3846 2072 3903; x_wconf 80' lang='lat' dir='ltr'>honoriﬁce</span> <span class='ocrx_word' id='word_1_502' title='bbox 2114 3850 2321 3919; x_wconf 86' lang='lat' dir='ltr'>accepti</span> 
     </span>
    </p>
   </div>
   <div class='ocr_carea' id='block_1_69' title="bbox 754 3936 2325 4007">
    <p class='ocr_par' dir='ltr' id='par_1_69' title="bbox 754 3936 2325 4007">
     <span class='ocr_line' id='line_1_69' title="bbox 754 3936 2325 4007; baseline 0.002 -17"><span class='ocrx_word' id='word_1_503' title='bbox 754 3938 1005 4005; x_wconf 81' lang='lat' dir='ltr'>hospitio,</span> <span class='ocrx_word' id='word_1_504' title='bbox 1037 3953 1165 3990; x_wconf 92' lang='lat' dir='ltr'>cum</span> <span class='ocrx_word' id='word_1_505' title='bbox 1202 3936 1336 3990; x_wconf 90' lang='lat' dir='ltr'>duos</span> <span class='ocrx_word' id='word_1_506' title='bbox 1363 3938 1478 3992; x_wconf 90' lang='lat' dir='ltr'>dies</span> <span class='ocrx_word' id='word_1_507' title='bbox 1512 3936 1651 4007; x_wconf 90' lang='lat' dir='ltr'>apud</span> <span class='ocrx_word' id='word_1_508' title='bbox 1684 3938 1857 4007; x_wconf 87' lang='lat' dir='ltr'>ipsum</span> <span class='ocrx_word' id='word_1_509' title='bbox 1887 3942 2239 4002; x_wconf 82' lang='lat' dir='ltr'>mansissent,</span> <span class='ocrx_word' id='word_1_510' title='bbox 2271 3948 2325 3993; x_wconf 88' lang='lat' dir='ltr'>et</span> 
     </span>
    </p>
   </div>
   <div class='ocr_carea' id='block_1_70' title="bbox 751 4029 2323 4095">
    <p class='ocr_par' dir='ltr' id='par_1_70' title="bbox 751 4029 2323 4095">
     <span class='ocr_line' id='line_1_70' title="bbox 751 4029 2323 4095; baseline 0.001 -13"><span class='ocrx_word' id='word_1_511' title='bbox 751 4030 798 4082; x_wconf 86' lang='lat' dir='ltr'>ei</span> <span class='ocrx_word' id='word_1_512' title='bbox 827 4040 994 4082; x_wconf 87' lang='lat' dir='ltr'>totum</span> <span class='ocrx_word' id='word_1_513' title='bbox 1024 4032 1150 4092; x_wconf 80' lang='lat' dir='ltr'>iter,</span> <span class='ocrx_word' id='word_1_514' title='bbox 1172 4038 1223 4080; x_wconf 92' lang='lat' dir='ltr'>et</span> <span class='ocrx_word' id='word_1_515' title='bbox 1262 4030 1653 4095; x_wconf 74' lang='lat' dir='ltr'>navigationem</span> <span class='ocrx_word' id='word_1_516' title='bbox 1703 4029 2130 4095; x_wconf 85' lang='lat' dir='ltr'>renuntiassent,</span> <span class='ocrx_word' id='word_1_517' title='bbox 2172 4031 2323 4083; x_wconf 81' lang='lat' dir='ltr'>abie-</span> 
     </span>
    </p>
   </div>
   <div class='ocr_carea' id='block_1_71' title="bbox 753 4117 2325 4186">
    <p class='ocr_par' dir='ltr' id='par_1_71' title="bbox 753 4117 2325 4186">
     <span class='ocr_line' id='line_1_71' title="bbox 753 4117 2325 4186; baseline 0 -14"><span class='ocrx_word' id='word_1_518' title='bbox 753 4129 879 4173; x_wconf 85' lang='lat' dir='ltr'>runt</span> <span class='ocrx_word' id='word_1_519' title='bbox 933 4120 1094 4172; x_wconf 89' lang='lat' dir='ltr'>tertio</span> <span class='ocrx_word' id='word_1_520' title='bbox 1140 4118 1251 4180; x_wconf 88' lang='lat' dir='ltr'>die,</span> <span class='ocrx_word' id='word_1_521' title='bbox 1299 4118 1536 4186; x_wconf 87' lang='lat' dir='ltr'>acceptis</span> <span class='ocrx_word' id='word_1_522' title='bbox 1583 4118 1648 4171; x_wconf 85' lang='lat' dir='ltr'>ah</span> <span class='ocrx_word' id='word_1_523' title='bbox 1695 4132 1758 4171; x_wconf 85' lang='lat' dir='ltr'>eo</span> <span class='ocrx_word' id='word_1_524' title='bbox 1796 4117 2032 4173; x_wconf 82' lang='lat' dir='ltr'>litteris:</span> <span class='ocrx_word' id='word_1_525' title='bbox 2070 4135 2196 4173; x_wconf 90' lang='lat' dir='ltr'>cum</span> <span class='ocrx_word' id='word_1_526' title='bbox 2246 4118 2325 4172; x_wconf 90' lang='lat' dir='ltr'>eis</span> 
     </span>
    </p>
   </div>
   <div class='ocr_carea' id='block_1_72' title="bbox 754 4206 2323 4277">
    <p class='ocr_par' dir='ltr' id='par_1_72' title="bbox 754 4206 2323 4277">
     <span class='ocr_line' id='line_1_72' title="bbox 754 4206 2323 4277; baseline -0.001 -14"><span class='ocrx_word' id='word_1_527' title='bbox 754 4218 899 4266; x_wconf 89' lang='lat' dir='ltr'>esset</span> <span class='ocrx_word' id='word_1_528' title='bbox 928 4208 1201 4277; x_wconf 85' lang='lat' dir='ltr'>pollicitus</span> <span class='ocrx_word' id='word_1_529' title='bbox 1236 4206 1588 4261; x_wconf 87' lang='lat' dir='ltr'>admirandus</span> <span class='ocrx_word' id='word_1_530' title='bbox 1615 4206 1898 4274; x_wconf 80' lang='lat' dir='ltr'>Ahercius,</span> <span class='ocrx_word' id='word_1_531' title='bbox 1933 4219 2050 4275; x_wconf 91' lang='lat' dir='ltr'>post</span> <span class='ocrx_word' id='word_1_532' title='bbox 2092 4207 2323 4277; x_wconf 87' lang='lat' dir='ltr'>quadra-</span> 
     </span>
    </p>
   </div>
   <div class='ocr_carea' id='block_1_73' title="bbox 754 4297 2326 4368">
    <p class='ocr_par' dir='ltr' id='par_1_73' title="bbox 754 4297 2326 4368">
     <span class='ocr_line' id='line_1_73' title="bbox 754 4297 2326 4368; baseline 0.002 -17"><span class='ocrx_word' id='word_1_533' title='bbox 754 4300 899 4368; x_wconf 80' lang='lat' dir='ltr'>ginta</span> <span class='ocrx_word' id='word_1_534' title='bbox 942 4298 1082 4361; x_wconf 85' lang='lat' dir='ltr'>dies,</span> <span class='ocrx_word' id='word_1_535' title='bbox 1131 4297 1183 4349; x_wconf 94' lang='lat' dir='ltr'>in</span> <span class='ocrx_word' id='word_1_536' title='bbox 1231 4297 1417 4361; x_wconf 80' lang='lat' dir='ltr'>Portn,</span> <span class='ocrx_word' id='word_1_537' title='bbox 1459 4298 1547 4366; x_wconf 92' lang='lat' dir='ltr'>qui</span> <span class='ocrx_word' id='word_1_538' title='bbox 1594 4299 1808 4362; x_wconf 91' lang='lat' dir='ltr'>dicitur,</span> <span class='ocrx_word' id='word_1_539' title='bbox 1855 4300 1943 4366; x_wconf 90' lang='lat' dir='ltr'>qui</span> <span class='ocrx_word' id='word_1_540' title='bbox 1993 4299 2209 4368; x_wconf 84' lang='lat' dir='ltr'>quidem</span> <span class='ocrx_word' id='word_1_541' title='bbox 2243 4310 2326 4354; x_wconf 88' lang='lat' dir='ltr'>est</span> 
     </span>
    </p>
   </div>
   <div class='ocr_carea' id='block_1_74' title="bbox 756 4389 2326 4460">
    <p class='ocr_par' dir='ltr' id='par_1_74' title="bbox 756 4389 2326 4460">
     <span class='ocr_line' id='line_1_74' title="bbox 756 4389 2326 4460; baseline 0.001 -18"><span class='ocrx_word' id='word_1_542' title='bbox 756 4406 922 4460; x_wconf 88' lang='lat' dir='ltr'>prope</span> <span class='ocrx_word' id='word_1_543' title='bbox 950 4390 1202 4452; x_wconf 81' lang='lat' dir='ltr'>Romam,</span> <span class='ocrx_word' id='word_1_544' title='bbox 1229 4405 1284 4443; x_wconf 88' lang='lat' dir='ltr'>se</span> <span class='ocrx_word' id='word_1_545' title='bbox 1312 4405 1433 4442; x_wconf 87' lang='lat' dir='ltr'>esse</span> <span class='ocrx_word' id='word_1_546' title='bbox 1461 4389 1689 4443; x_wconf 74' lang='lat' dir='ltr'>invicem</span> <span class='ocrx_word' id='word_1_547' title='bbox 1739 4398 2129 4453; x_wconf 83' lang='lat' dir='ltr'>conventuros,</span> <span class='ocrx_word' id='word_1_548' title='bbox 2167 4401 2220 4443; x_wconf 90' lang='lat' dir='ltr'>et</span> <span class='ocrx_word' id='word_1_549' title='bbox 2250 4391 2326 4444; x_wconf 86' lang='lat' dir='ltr'>sic</span> 
     </span>
    </p>
   </div>
   <div class='ocr_carea' id='block_1_75' title="bbox 756 4480 2323 4549">
    <p class='ocr_par' dir='ltr' id='par_1_75' title="bbox 756 4480 2323 4549">
     <span class='ocr_line' id='line_1_75' title="bbox 756 4480 2323 4549; baseline -0.002 -14"><span class='ocrx_word' id='word_1_550' title='bbox 756 4482 913 4535; x_wconf 90' lang='lat' dir='ltr'>simul</span> <span class='ocrx_word' id='word_1_551' title='bbox 970 4498 1095 4535; x_wconf 83' lang='lat' dir='ltr'>cum</span> <span class='ocrx_word' id='word_1_552' title='bbox 1150 4481 1256 4534; x_wconf 91' lang='lat' dir='ltr'>illis</span> <span class='ocrx_word' id='word_1_553' title='bbox 1317 4480 1544 4533; x_wconf 80' lang='lat' dir='ltr'>Romam</span> <span class='ocrx_word' id='word_1_554' title='bbox 1607 4494 1728 4534; x_wconf 87' lang='lat' dir='ltr'>esse</span> <span class='ocrx_word' id='word_1_555' title='bbox 1789 4482 2182 4549; x_wconf 81' lang='lat' dir='ltr'>ingressurum.</span> <span class='ocrx_word' id='word_1_556' title='bbox 2245 4482 2323 4535; x_wconf 90' lang='lat' dir='ltr'>Illi</span> 
     </span>
    </p>
   </div>
   <div class='ocr_carea' id='block_1_76' title="bbox 2426 3290 3983 3376">
    <p class='ocr_par' dir='ltr' id='par_1_76' title="bbox 2426 3290 3983 3376">
     <span class='ocr_line' id='line_1_76' title="bbox 2426 3290 3983 3376; baseline -0.012 -17"><span class='ocrx_word' id='word_1_557' title='bbox 2426 3308 2587 3376; x_wconf 73' lang='grc' dir='ltr'>μηδὲν</span> <span class='ocrx_word' id='word_1_558' title='bbox 2618 3303 2971 3374; x_wconf 78' lang='grc' dir='ltr'>ὑπερθέσθαι,</span> <span class='ocrx_word' id='word_1_559' title='bbox 3025 3300 3139 3355; x_wconf 86' lang='grc' dir='ltr'>ἀλλ’</span> <span class='ocrx_word' id='word_1_560' title='bbox 3190 3299 3378 3368; x_wconf 78' lang='grc' dir='ltr'>ὥσπερ</span> <span class='ocrx_word' id='word_1_561' title='bbox 3410 3294 3548 3364; x_wconf 80' lang='grc' dir='ltr'>αὑτὴ</span> <span class='ocrx_word' id='word_1_562' title='bbox 3582 3290 3983 3365; x_wconf 73' lang='grc' dir='ltr'>ἠδούλετο,τὴν</span> 
     </span>
    </p>
   </div>
   <div class='ocr_carea' id='block_1_77' title="bbox 2421 3384 3981 3470">
    <p class='ocr_par' dir='ltr' id='par_1_77' title="bbox 2421 3384 3981 3470">
     <span class='ocr_line' id='line_1_77' title="bbox 2421 3384 3981 3470; baseline -0.014 -16"><span class='ocrx_word' id='word_1_563' title='bbox 2421 3399 2683 3470; x_wconf 79' lang='grc' dir='ltr'>ταχίστην</span> <span class='ocrx_word' id='word_1_564' title='bbox 2712 3394 2982 3451; x_wconf 75' lang='grc' dir='ltr'>ἅπτεσθαι</span> <span class='ocrx_word' id='word_1_565' title='bbox 3017 3391 3261 3464; x_wconf 86' lang='grc' dir='ltr'>πορείας.</span> <span class='ocrx_word' id='word_1_566' title='bbox 3315 3388 3374 3443; x_wconf 87' lang='grc' dir='ltr'><strong>Ὀ</strong></span> <span class='ocrx_word' id='word_1_567' title='bbox 3403 3388 3479 3450; x_wconf 83' lang='grc' dir='ltr'>δὲ,</span> <span class='ocrx_word' id='word_1_568' title='bbox 3509 3388 3604 3439; x_wconf 76' lang='grc' dir='ltr'>καὶ</span> <span class='ocrx_word' id='word_1_569' title='bbox 3653 3385 3821 3445; x_wconf 67' lang='grc' dir='ltr'>αύτὶς</span> <span class='ocrx_word' id='word_1_570' title='bbox 3853 3384 3981 3434; x_wconf 63' lang='grc' dir='ltr'>ἀνα-</span> 
     </span>
    </p>
   </div>
   <div class='ocr_carea' id='block_1_78' title="bbox 2424 3473 3985 3559">
    <p class='ocr_par' dir='ltr' id='par_1_78' title="bbox 2424 3473 3985 3559">
     <span class='ocr_line' id='line_1_78' title="bbox 2424 3473 3985 3559; baseline -0.013 -16"><span class='ocrx_word' id='word_1_571' title='bbox 2424 3492 2607 3559; x_wconf 84' lang='grc' dir='ltr'>γνοὺς,</span> <span class='ocrx_word' id='word_1_572' title='bbox 2625 3486 2969 3557; x_wconf 68' lang='grc' dir='ltr'>Ἐλεύσομαι,</span> <span class='ocrx_word' id='word_1_573' title='bbox 3002 3483 3128 3551; x_wconf 77' lang='grc' dir='ltr'>ἔφη,</span> <span class='ocrx_word' id='word_1_574' title='bbox 3160 3483 3253 3534; x_wconf 78' lang='grc' dir='ltr'>καὶ</span> <span class='ocrx_word' id='word_1_575' title='bbox 3276 3481 3374 3532; x_wconf 86' lang='grc' dir='ltr'>οὑκ</span> <span class='ocrx_word' id='word_1_576' title='bbox 3405 3476 3746 3548; x_wconf 70' lang='grc' dir='ltr'>ἀπροθύμως</span> <span class='ocrx_word' id='word_1_577' title='bbox 3769 3473 3869 3541; x_wconf 80' lang='grc' dir='ltr'>τὴν</span> <span class='ocrx_word' id='word_1_578' title='bbox 3895 3488 3985 3524; x_wconf 83' lang='grc' dir='ltr'>πο-</span> 
     </span>
    </p>
   </div>
   <div class='ocr_carea' id='block_1_79' title="bbox 2427 3566 3985 3650">
    <p class='ocr_par' dir='ltr' id='par_1_79' title="bbox 2427 3566 3985 3650">
     <span class='ocr_line' id='line_1_79' title="bbox 2427 3566 3985 3650; baseline -0.013 -17"><span class='ocrx_word' id='word_1_579' title='bbox 2427 3581 2577 3650; x_wconf 90' lang='grc' dir='ltr'>ρείαν</span> <span class='ocrx_word' id='word_1_580' title='bbox 2609 3577 2812 3639; x_wconf 86' lang='grc' dir='ltr'>ἀνύσω,</span> <span class='ocrx_word' id='word_1_581' title='bbox 2847 3578 2969 3626; x_wconf 72' lang='grc' dir='ltr'>ἐπεὶ</span> <span class='ocrx_word' id='word_1_582' title='bbox 2996 3574 3139 3625; x_wconf 76' lang='grc' dir='ltr'>κατὰ</span> <span class='ocrx_word' id='word_1_583' title='bbox 3169 3570 3392 3638; x_wconf 82' lang='grc' dir='ltr'>γνώμην</span> <span class='ocrx_word' id='word_1_584' title='bbox 3421 3567 3556 3620; x_wconf 83' lang='grc' dir='ltr'>Θεοῦ</span> <span class='ocrx_word' id='word_1_585' title='bbox 3586 3568 3650 3619; x_wconf 83' lang='grc' dir='ltr'>τὸ</span> <span class='ocrx_word' id='word_1_586' title='bbox 3679 3566 3985 3633; x_wconf 74' lang='grc' dir='ltr'>γινόμενον.</span> 
     </span>
    </p>
   </div>
   <div class='ocr_carea' id='block_1_80' title="bbox 2421 3658 3985 3740">
    <p class='ocr_par' dir='ltr' id='par_1_80' title="bbox 2421 3658 3985 3740">
     <span class='ocr_line' id='line_1_80' title="bbox 2421 3658 3985 3740; baseline -0.012 -15"><span class='ocrx_word' id='word_1_587' title='bbox 2421 3672 2497 3737; x_wconf 83' lang='grc' dir='ltr'>ὡς</span> <span class='ocrx_word' id='word_1_588' title='bbox 2528 3670 2695 3740; x_wconf 79' lang='grc' dir='ltr'>κάμοὶ</span> <span class='ocrx_word' id='word_1_589' title='bbox 2723 3668 2821 3739; x_wconf 71' lang='grc' dir='ltr'>ἤδη</span> <span class='ocrx_word' id='word_1_590' title='bbox 2857 3670 3009 3739; x_wconf 82' lang='grc' dir='ltr'>παρά</span> <span class='ocrx_word' id='word_1_591' title='bbox 3060 3666 3155 3721; x_wconf 78' lang='grc' dir='ltr'>τοῦ</span> <span class='ocrx_word' id='word_1_592' title='bbox 3213 3664 3419 3738; x_wconf 82' lang='grc' dir='ltr'>Κυρίου</span> <span class='ocrx_word' id='word_1_593' title='bbox 3466 3680 3569 3733; x_wconf 78' lang='grc' dir='ltr'>μου</span> <span class='ocrx_word' id='word_1_594' title='bbox 3625 3658 3897 3728; x_wconf 73' lang='grc' dir='ltr'>ἐδηλώθη.</span> <span class='ocrx_word' id='word_1_595' title='bbox 3931 3660 3985 3709; x_wconf 83' lang='lat' dir='ltr'>Oi</span> 
     </span>
    </p>
   </div>
   <div class='ocr_carea' id='block_1_81' title="bbox 2428 3747 3989 3831">
    <p class='ocr_par' dir='ltr' id='par_1_81' title="bbox 2428 3747 3989 3831">
     <span class='ocr_line' id='line_1_81' title="bbox 2428 3747 3989 3831; baseline -0.01 -17"><span class='ocrx_word' id='word_1_596' title='bbox 2428 3762 2524 3831; x_wconf 82' lang='grc' dir='ltr'>μὲν</span> <span class='ocrx_word' id='word_1_597' title='bbox 2557 3760 2650 3814; x_wconf 80' lang='grc' dir='ltr'>οὖν</span> <span class='ocrx_word' id='word_1_598' title='bbox 2709 3762 3100 3830; x_wconf 71' lang='grc' dir='ltr'>μαγιστριανοὶ</span> <span class='ocrx_word' id='word_1_599' title='bbox 3150 3758 3421 3827; x_wconf 82' lang='grc' dir='ltr'>λαμπρῶς</span> <span class='ocrx_word' id='word_1_600' title='bbox 3482 3752 3616 3824; x_wconf 76' lang='grc' dir='ltr'>παρ’</span> <span class='ocrx_word' id='word_1_601' title='bbox 3660 3747 3989 3815; x_wconf 73' lang='grc' dir='ltr'>Εὑξεινιανῷ</span> 
     </span>
    </p>
   </div>
   <div class='ocr_carea' id='block_1_82' title="bbox 2426 3840 3994 3920">
    <p class='ocr_par' dir='ltr' id='par_1_82' title="bbox 2426 3840 3994 3920">
     <span class='ocr_line' id='line_1_82' title="bbox 2426 3840 3994 3920; baseline -0.009 -14"><span class='ocrx_word' id='word_1_602' title='bbox 2426 3852 2759 3920; x_wconf 82' lang='grc' dir='ltr'>ξενισθέντες</span> <span class='ocrx_word' id='word_1_603' title='bbox 2786 3892 2799 3914; x_wconf 93' lang='grc'>,</span> <span class='ocrx_word' id='word_1_604' title='bbox 2836 3850 2929 3902; x_wconf 82' lang='grc' dir='ltr'>δύο</span> <span class='ocrx_word' id='word_1_605' title='bbox 2959 3852 3018 3904; x_wconf 83' lang='grc' dir='ltr'>τέ</span> <span class='ocrx_word' id='word_1_606' title='bbox 3048 3867 3201 3911; x_wconf 89' lang='grc' dir='ltr'>τινας</span> <span class='ocrx_word' id='word_1_607' title='bbox 3252 3849 3461 3917; x_wconf 79' lang='grc' dir='ltr'>ἡμέρας</span> <span class='ocrx_word' id='word_1_608' title='bbox 3512 3845 3645 3914; x_wconf 82' lang='grc' dir='ltr'>παρ’</span> <span class='ocrx_word' id='word_1_609' title='bbox 3680 3842 3833 3912; x_wconf 80' lang='grc' dir='ltr'>αὑτῷ</span> <span class='ocrx_word' id='word_1_610' title='bbox 3878 3840 3994 3911; x_wconf 82' lang='grc' dir='ltr'>μεί-</span> 
     </span>
    </p>
   </div>
   <div class='ocr_carea' id='block_1_83' title="bbox 2426 3931 3988 4013">
    <p class='ocr_par' dir='ltr' id='par_1_83' title="bbox 2426 3931 3988 4013">
     <span class='ocr_line' id='line_1_83' title="bbox 2426 3931 3988 4013; baseline -0.012 -15"><span class='ocrx_word' id='word_1_611' title='bbox 2426 3962 2638 4008; x_wconf 83' lang='grc' dir='ltr'>ναντες,</span> <span class='ocrx_word' id='word_1_612' title='bbox 2671 3942 2767 4013; x_wconf 72' lang='grc' dir='ltr'>τὴν</span> <span class='ocrx_word' id='word_1_613' title='bbox 2792 3942 3020 4012; x_wconf 85' lang='grc' dir='ltr'>πορείαν</span> <span class='ocrx_word' id='word_1_614' title='bbox 3046 3959 3103 3994; x_wconf 88' lang='grc' dir='ltr'>τε</span> <span class='ocrx_word' id='word_1_615' title='bbox 3138 3944 3322 3994; x_wconf 82' lang='grc' dir='ltr'>πᾶσαν</span> <span class='ocrx_word' id='word_1_616' title='bbox 3357 3935 3505 4004; x_wconf 85' lang='grc' dir='ltr'>αὑτῷ</span> <span class='ocrx_word' id='word_1_617' title='bbox 3552 3935 3648 3987; x_wconf 74' lang='grc' dir='ltr'>καὶ</span> <span class='ocrx_word' id='word_1_618' title='bbox 3677 3933 3773 3985; x_wconf 73' lang='grc' dir='ltr'>τὸν</span> <span class='ocrx_word' id='word_1_619' title='bbox 3826 3931 3988 3983; x_wconf 76' lang='grc' dir='ltr'>πλοῦν</span> 
     </span>
    </p>
   </div>
   <div class='ocr_carea' id='block_1_84' title="bbox 2426 4026 3988 4107">
    <p class='ocr_par' dir='ltr' id='par_1_84' title="bbox 2426 4026 3988 4107">
     <span class='ocr_line' id='line_1_84' title="bbox 2426 4026 3988 4107; baseline -0.01 -16"><span class='ocrx_word' id='word_1_620' title='bbox 2426 4040 2888 4107; x_wconf 74' lang='grc' dir='ltr'>ἀπαγγείλαντες,</span> <span class='ocrx_word' id='word_1_621' title='bbox 2955 4040 3019 4107; x_wconf 83' lang='grc' dir='ltr'>τῇ</span> <span class='ocrx_word' id='word_1_622' title='bbox 3100 4037 3264 4107; x_wconf 76' lang='grc' dir='ltr'>τρίτῃ</span> <span class='ocrx_word' id='word_1_623' title='bbox 3341 4034 3656 4099; x_wconf 81' lang='grc' dir='ltr'>ἀντίγραφα</span> <span class='ocrx_word' id='word_1_624' title='bbox 3716 4026 3988 4089; x_wconf 75' lang='grc' dir='ltr'>λαϐόντες,</span> 
     </span>
    </p>
   </div>
   <div class='ocr_carea' id='block_1_85' title="bbox 2427 4118 3987 4200">
    <p class='ocr_par' dir='ltr' id='par_1_85' title="bbox 2427 4118 3987 4200">
     <span class='ocr_line' id='line_1_85' title="bbox 2427 4118 3987 4200; baseline -0.008 -17"><span class='ocrx_word' id='word_1_625' title='bbox 2427 4130 2694 4200; x_wconf 82' lang='grc' dir='ltr'>ἀπῄεσαν,</span> <span class='ocrx_word' id='word_1_626' title='bbox 2735 4131 3118 4198; x_wconf 79' lang='grc' dir='ltr'>ὑπεσχημένον</span> <span class='ocrx_word' id='word_1_627' title='bbox 3154 4129 3335 4188; x_wconf 84' lang='grc' dir='ltr'>αὑτοῖς</span> <span class='ocrx_word' id='word_1_628' title='bbox 3369 4126 3473 4177; x_wconf 71' lang='grc' dir='ltr'>ὑπὸ</span> <span class='ocrx_word' id='word_1_629' title='bbox 3517 4123 3617 4175; x_wconf 82' lang='grc' dir='ltr'>τοῦ</span> <span class='ocrx_word' id='word_1_630' title='bbox 3666 4118 3987 4191; x_wconf 81' lang='grc' dir='ltr'>θαυμαστοῦ</span> 
     </span>
    </p>
   </div>
   <div class='ocr_carea' id='block_1_86' title="bbox 2439 4210 3990 4291">
    <p class='ocr_par' dir='ltr' id='par_1_86' title="bbox 2439 4210 3990 4291">
     <span class='ocr_line' id='line_1_86' title="bbox 2439 4210 3990 4291; baseline -0.01 -16"><span class='ocrx_word' id='word_1_631' title='bbox 2439 4222 2725 4291; x_wconf 76' lang='grc' dir='ltr'>Ἀϐερκίου</span> <span class='ocrx_word' id='word_1_632' title='bbox 2780 4220 2919 4290; x_wconf 83' lang='grc' dir='ltr'>μετά</span> <span class='ocrx_word' id='word_1_633' title='bbox 2948 4218 3364 4288; x_wconf 82' lang='grc' dir='ltr'>τεσσαράκοντα</span> <span class='ocrx_word' id='word_1_634' title='bbox 3412 4216 3539 4274; x_wconf 79' lang='grc' dir='ltr'>ὅλας</span> <span class='ocrx_word' id='word_1_635' title='bbox 3603 4215 3827 4281; x_wconf 72' lang='grc' dir='ltr'>ἡμέρας</span> <span class='ocrx_word' id='word_1_636' title='bbox 3859 4210 3990 4264; x_wconf 79' lang='grc' dir='ltr'>κατὰ</span> 
     </span>
    </p>
   </div>
   <div class='ocr_carea' id='block_1_87' title="bbox 2426 4306 3987 4384">
    <p class='ocr_par' dir='ltr' id='par_1_87' title="bbox 2426 4306 3987 4384">
     <span class='ocr_line' id='line_1_87' title="bbox 2426 4306 3987 4384; baseline -0.008 -15"><span class='ocrx_word' id='word_1_637' title='bbox 2426 4318 2516 4369; x_wconf 60' lang='grc' dir='ltr'>τον</span> <span class='ocrx_word' id='word_1_638' title='bbox 2543 4316 2834 4384; x_wconf 77' lang='grc' dir='ltr'>λεγόμενον</span> <span class='ocrx_word' id='word_1_639' title='bbox 2870 4312 3077 4381; x_wconf 80' lang='grc' dir='ltr'>Πὸρτον</span> <span class='ocrx_word' id='word_1_640' title='bbox 3108 4312 3166 4375; x_wconf 85' lang='grc' dir='ltr'>ὃς</span> <span class='ocrx_word' id='word_1_641' title='bbox 3239 4312 3497 4380; x_wconf 68' lang='grc' dir='ltr'>ἐχόμενος</span> <span class='ocrx_word' id='word_1_642' title='bbox 3541 4308 3771 4377; x_wconf 83' lang='grc' dir='ltr'>Ῥώμης</span> <span class='ocrx_word' id='word_1_643' title='bbox 3825 4306 3987 4367; x_wconf 70' lang='grc' dir='ltr'>ἐστὶν,</span> 
     </span>
    </p>
   </div>
   <div class='ocr_carea' id='block_1_88' title="bbox 2428 4398 3992 4475">
    <p class='ocr_par' dir='ltr' id='par_1_88' title="bbox 2428 4398 3992 4475">
     <span class='ocr_line' id='line_1_88' title="bbox 2428 4398 3992 4475; baseline -0.007 -17"><span class='ocrx_word' id='word_1_644' title='bbox 2428 4408 2680 4475; x_wconf 76' lang='grc' dir='ltr'>ἀλλήλοις</span> <span class='ocrx_word' id='word_1_645' title='bbox 2714 4408 2987 4474; x_wconf 82' lang='grc' dir='ltr'>ἐντυχεῖν,</span> <span class='ocrx_word' id='word_1_646' title='bbox 3028 4408 3121 4458; x_wconf 72' lang='grc' dir='ltr'>καὶ</span> <span class='ocrx_word' id='word_1_647' title='bbox 3148 4404 3319 4466; x_wconf 82' lang='grc' dir='ltr'>οὑτως</span> <span class='ocrx_word' id='word_1_648' title='bbox 3348 4404 3462 4469; x_wconf 65' lang='grc' dir='ltr'>ἅμα</span> <span class='ocrx_word' id='word_1_649' title='bbox 3506 4401 3746 4462; x_wconf 83' lang='grc' dir='ltr'>ἐκείνοις</span> <span class='ocrx_word' id='word_1_650' title='bbox 3774 4401 3876 4465; x_wconf 67' lang='grc' dir='ltr'>τῆς</span> <span class='ocrx_word' id='word_1_651' title='bbox 3909 4398 3992 4448; x_wconf 62' lang='grc' dir='ltr'>πόν-</span> 
     </span>
    </p>
   </div>
   <div class='ocr_carea' id='block_1_89' title="bbox 2429 4491 3992 4563">
    <p class='ocr_par' dir='ltr' id='par_1_89' title="bbox 2429 4491 3992 4563">
     <span class='ocr_line' id='line_1_89' title="bbox 2429 4491 3992 4563; baseline -0.008 -14"><span class='ocrx_word' id='word_1_652' title='bbox 2429 4498 2565 4558; x_wconf 83' lang='grc' dir='ltr'>λεως</span> <span class='ocrx_word' id='word_1_653' title='bbox 2597 4496 2871 4563; x_wconf 75' lang='grc' dir='ltr'>ἐπιϐῆναι.</span> <span class='ocrx_word' id='word_1_654' title='bbox 2906 4498 2968 4548; x_wconf 87' lang='grc' dir='ltr'><strong>Οἱ</strong></span> <span class='ocrx_word' id='word_1_655' title='bbox 2998 4497 3055 4548; x_wconf 78' lang='grc' dir='ltr'>δὲ</span> <span class='ocrx_word' id='word_1_656' title='bbox 3086 4498 3337 4548; x_wconf 82' lang='grc' dir='ltr'>ἀπιστεῖν</span> <span class='ocrx_word' id='word_1_657' title='bbox 3366 4496 3464 4546; x_wconf 68' lang='grc' dir='ltr'>οὑκ</span> <span class='ocrx_word' id='word_1_658' title='bbox 3489 4492 3709 4561; x_wconf 76' lang='grc' dir='ltr'>ἔχοντες</span> <span class='ocrx_word' id='word_1_659' title='bbox 3768 4491 3992 4558; x_wconf 71' lang='grc' dir='ltr'>(ἔκρινον</span> 
     </span>
    </p>
   </div>
   <div class='ocr_carea' id='block_1_90' title="bbox 755 4556 2318 4661">
    <p class='ocr_par' dir='ltr' id='par_1_90' title="bbox 755 4572 2318 4643">
     <span class='ocr_line' id='line_1_90' title="bbox 755 4572 2318 4643; baseline -0.001 -17"><span class='ocrx_word' id='word_1_660' title='bbox 755 4584 933 4627; x_wconf 84' lang='lat' dir='ltr'>autem</span> <span class='ocrx_word' id='word_1_661' title='bbox 963 4586 1086 4626; x_wconf 90' lang='lat' dir='ltr'>cum</span> <span class='ocrx_word' id='word_1_662' title='bbox 1130 4587 1237 4625; x_wconf 91' lang='lat' dir='ltr'>non</span> <span class='ocrx_word' id='word_1_663' title='bbox 1264 4580 1481 4640; x_wconf 87' lang='lat' dir='ltr'>possent</span> <span class='ocrx_word' id='word_1_664' title='bbox 1528 4588 1635 4627; x_wconf 90' lang='lat' dir='ltr'>non</span> <span class='ocrx_word' id='word_1_665' title='bbox 1680 4572 1921 4634; x_wconf 72' lang='lat' dir='ltr'>credere,</span> <span class='ocrx_word' id='word_1_666' title='bbox 1978 4574 2146 4643; x_wconf 86' lang='lat' dir='ltr'>(recte</span> <span class='ocrx_word' id='word_1_667' title='bbox 2176 4574 2318 4627; x_wconf 87' lang='lat' dir='ltr'>enim</span> 
     </span>
    </p>
   </div>
   <div class='ocr_carea' id='block_1_91' title="bbox 2422 4556 3991 4661">
    <p class='ocr_par' dir='ltr' id='par_1_91' title="bbox 2430 4581 3991 4661">
     <span class='ocr_line' id='line_1_91' title="bbox 2430 4581 3991 4661; baseline -0.01 -16"><span class='ocrx_word' id='word_1_668' title='bbox 2430 4594 2539 4661; x_wconf 79' lang='grc' dir='ltr'>γάρ</span> <span class='ocrx_word' id='word_1_669' title='bbox 2569 4589 2744 4660; x_wconf 78' lang='grc' dir='ltr'>ὀρθῶς</span> <span class='ocrx_word' id='word_1_670' title='bbox 2780 4588 2837 4653; x_wconf 81' lang='grc' dir='ltr'>ἐξ</span> <span class='ocrx_word' id='word_1_671' title='bbox 2868 4583 2938 4641; x_wconf 75' lang='grc' dir='ltr'>ὧν</span> <span class='ocrx_word' id='word_1_672' title='bbox 2964 4587 3166 4641; x_wconf 76' lang='grc' dir='ltr'>ἔπαθόν</span> <span class='ocrx_word' id='word_1_673' title='bbox 3193 4605 3251 4639; x_wconf 89' lang='grc' dir='ltr'>τε</span> <span class='ocrx_word' id='word_1_674' title='bbox 3278 4586 3373 4639; x_wconf 74' lang='grc' dir='ltr'>καὶ</span> <span class='ocrx_word' id='word_1_675' title='bbox 3404 4581 3590 4652; x_wconf 77' lang='grc' dir='ltr'>εἷδον),</span> <span class='ocrx_word' id='word_1_676' title='bbox 3623 4584 3707 4635; x_wconf 81' lang='grc' dir='ltr'>ὅτι</span> <span class='ocrx_word' id='word_1_677' title='bbox 3738 4582 3991 4634; x_wconf 72' lang='grc' dir='ltr'>ὸ.δυ’νατο·ι</span> 
     </span>
    </p>
   </div>
   <div class='ocr_carea' id='block_1_92' title="bbox 753 4659 2321 4732">
    <p class='ocr_par' dir='ltr' id='par_1_92' title="bbox 753 4659 2321 4732">
     <span class='ocr_line' id='line_1_92' title="bbox 753 4659 2321 4732; baseline 0.003 -18"><span class='ocrx_word' id='word_1_678' title='bbox 753 4662 1069 4730; x_wconf 84' lang='lat' dir='ltr'>judicabant</span> <span class='ocrx_word' id='word_1_679' title='bbox 1098 4676 1159 4713; x_wconf 78' lang='lat' dir='ltr'>ex</span> <span class='ocrx_word' id='word_1_680' title='bbox 1195 4659 1280 4721; x_wconf 89' lang='lat' dir='ltr'>iis,</span> <span class='ocrx_word' id='word_1_681' title='bbox 1308 4676 1425 4728; x_wconf 72' lang='lat' dir='ltr'>qua:</span> <span class='ocrx_word' id='word_1_682' title='bbox 1459 4669 1759 4719; x_wconf 86' lang='lat' dir='ltr'>senserant.</span> <span class='ocrx_word' id='word_1_683' title='bbox 1789 4670 1843 4714; x_wconf 87' lang='lat' dir='ltr'>et</span> <span class='ocrx_word' id='word_1_684' title='bbox 1877 4663 2144 4726; x_wconf 80' lang='lat' dir='ltr'>viderant,</span> <span class='ocrx_word' id='word_1_685' title='bbox 2178 4664 2321 4732; x_wconf 88' lang='lat' dir='ltr'>quod</span> 
     </span>
    </p>
   </div>
   <div class='ocr_carea' id='block_1_93' title="bbox 758 4754 2329 4822">
    <p class='ocr_par' dir='ltr' id='par_1_93' title="bbox 758 4754 2329 4822">
     <span class='ocr_line' id='line_1_93' title="bbox 758 4754 2329 4822; baseline 0.004 -18"><span class='ocrx_word' id='word_1_686' title='bbox 758 4755 867 4806; x_wconf 82' lang='lat' dir='ltr'>tieri</span> <span class='ocrx_word' id='word_1_687' title='bbox 911 4770 1019 4807; x_wconf 92' lang='lat' dir='ltr'>non</span> <span class='ocrx_word' id='word_1_688' title='bbox 1065 4762 1269 4821; x_wconf 72' lang='lat' dir='ltr'>posset,</span> <span class='ocrx_word' id='word_1_689' title='bbox 1322 4762 1377 4805; x_wconf 93' lang='lat' dir='ltr'>ut</span> <span class='ocrx_word' id='word_1_690' title='bbox 1410 4755 1508 4815; x_wconf 81' lang='lat' dir='ltr'>vir,</span> <span class='ocrx_word' id='word_1_691' title='bbox 1556 4754 1645 4822; x_wconf 90' lang='lat' dir='ltr'>qui</span> <span class='ocrx_word' id='word_1_692' title='bbox 1703 4754 1895 4807; x_wconf 87' lang='lat' dir='ltr'>talibus</span> <span class='ocrx_word' id='word_1_693' title='bbox 1933 4766 1986 4808; x_wconf 92' lang='lat' dir='ltr'>et</span> <span class='ocrx_word' id='word_1_694' title='bbox 2022 4756 2183 4809; x_wconf 90' lang='lat' dir='ltr'>tantis</span> <span class='ocrx_word' id='word_1_695' title='bbox 2212 4768 2329 4811; x_wconf 88' lang='lat' dir='ltr'>erat</span> 
     </span>
    </p>
   </div>
   <div class='ocr_carea' id='block_1_94' title="bbox 756 4843 2329 4915">
    <p class='ocr_par' dir='ltr' id='par_1_94' title="bbox 756 4843 2329 4915">
     <span class='ocr_line' id='line_1_94' title="bbox 756 4843 2329 4915; baseline 0.003 -19"><span class='ocrx_word' id='word_1_696' title='bbox 756 4845 1045 4913; x_wconf 79' lang='lat' dir='ltr'>dignatus,</span> <span class='ocrx_word' id='word_1_697' title='bbox 1101 4843 1492 4899; x_wconf 84' lang='lat' dir='ltr'>conscientiam</span> <span class='ocrx_word' id='word_1_698' title='bbox 1546 4848 1601 4899; x_wconf 83' lang='lat' dir='ltr'>ét</span> <span class='ocrx_word' id='word_1_699' title='bbox 1651 4846 1884 4915; x_wconf 80' lang='lat' dir='ltr'>linguam</span> <span class='ocrx_word' id='word_1_700' title='bbox 1940 4845 2162 4903; x_wconf 76' lang='lat' dir='ltr'>haberet</span> <span class='ocrx_word' id='word_1_701' title='bbox 2218 4863 2329 4900; x_wconf 91' lang='lat' dir='ltr'>non</span> 
     </span>
    </p>
   </div>
   <div class='ocr_carea' id='block_1_95' title="bbox 755 4937 2335 5004">
    <p class='ocr_par' dir='ltr' id='par_1_95' title="bbox 755 4937 2335 5004">
     <span class='ocr_line' id='line_1_95' title="bbox 755 4937 2335 5004; baseline 0.003 -16"><span class='ocrx_word' id='word_1_702' title='bbox 755 4940 964 5004; x_wconf 82' lang='lat' dir='ltr'>sanam)</span> <span class='ocrx_word' id='word_1_703' title='bbox 989 4937 1231 5003; x_wconf 81' lang='lat' dir='ltr'>publicos</span> <span class='ocrx_word' id='word_1_704' title='bbox 1248 4953 1435 4989; x_wconf 76' lang='lat' dir='ltr'>rursus</span> <span class='ocrx_word' id='word_1_705' title='bbox 1452 4953 1617 5004; x_wconf 84' lang='lat' dir='ltr'>equos</span> <span class='ocrx_word' id='word_1_706' title='bbox 1636 4940 2008 5003; x_wconf 83' lang='lat' dir='ltr'>ascendentes,</span> <span class='ocrx_word' id='word_1_707' title='bbox 2032 4939 2278 4992; x_wconf 83' lang='lat' dir='ltr'>redicrun</span> <span class='ocrx_word' id='word_1_708' title='bbox 2292 4946 2335 4993; x_wconf 89' lang='grc' dir='ltr'>ι.</span> 
     </span>
    </p>
   </div>
   <div class='ocr_carea' id='block_1_96' title="bbox 825 5026 2331 5091">
    <p class='ocr_par' dir='ltr' id='par_1_96' title="bbox 825 5026 2331 5091">
     <span class='ocr_line' id='line_1_96' title="bbox 825 5026 2331 5091; baseline 0.001 -12"><span class='ocrx_word' id='word_1_709' title='bbox 825 5026 939 5080; x_wconf 71' lang='lat' dir='ltr'>XX.</span> <span class='ocrx_word' id='word_1_710' title='bbox 977 5027 1200 5079; x_wconf 58' lang='lat' dir='ltr'>l‘nivinns</span> <span class='ocrx_word' id='word_1_711' title='bbox 1227 5037 1403 5079; x_wconf 82' lang='lat' dir='ltr'>autem</span> <span class='ocrx_word' id='word_1_712' title='bbox 1441 5027 1704 5081; x_wconf 81' lang='lat' dir='ltr'>Abcrcius</span> <span class='ocrx_word' id='word_1_713' title='bbox 1736 5044 1855 5081; x_wconf 84' lang='lat' dir='ltr'>cum</span> <span class='ocrx_word' id='word_1_714' title='bbox 1888 5028 2093 5091; x_wconf 78' lang='lat' dir='ltr'>vinum,</span> <span class='ocrx_word' id='word_1_715' title='bbox 2124 5040 2177 5081; x_wconf 86' lang='lat' dir='ltr'>et</span> <span class='ocrx_word' id='word_1_716' title='bbox 2208 5045 2331 5082; x_wconf 86' lang='lat' dir='ltr'>ace—</span> 
     </span>
    </p>
   </div>
   <div class='ocr_carea' id='block_1_97' title="bbox 758 5115 2335 5183">
    <p class='ocr_par' dir='ltr' id='par_1_97' title="bbox 758 5115 2335 5183">
     <span class='ocr_line' id='line_1_97' title="bbox 758 5115 2335 5183; baseline 0.002 -17"><span class='ocrx_word' id='word_1_717' title='bbox 758 5123 868 5166; x_wconf 87' lang='lat' dir='ltr'>tum</span> <span class='ocrx_word' id='word_1_718' title='bbox 890 5125 944 5168; x_wconf 86' lang='lat' dir='ltr'>ct</span> <span class='ocrx_word' id='word_1_719' title='bbox 962 5117 1138 5168; x_wconf 86' lang='lat' dir='ltr'>oleum</span> <span class='ocrx_word' id='word_1_720' title='bbox 1161 5116 1211 5167; x_wconf 93' lang='lat' dir='ltr'>in</span> <span class='ocrx_word' id='word_1_721' title='bbox 1241 5131 1403 5168; x_wconf 84' lang='lat' dir='ltr'>unum</span> <span class='ocrx_word' id='word_1_722' title='bbox 1427 5115 1736 5168; x_wconf 84' lang='lat' dir='ltr'>ctetnndem</span> <span class='ocrx_word' id='word_1_723' title='bbox 1765 5125 1935 5167; x_wconf 78' lang='lat' dir='ltr'>uti-ctu</span> <span class='ocrx_word' id='word_1_724' title='bbox 1960 5116 2253 5183; x_wconf 77' lang='lat' dir='ltr'>injecissct,</span> <span class='ocrx_word' id='word_1_725' title='bbox 2282 5128 2335 5170; x_wconf 71' lang='lat' dir='ltr'>et</span> 
     </span>
    </p>
   </div>
   <div class='ocr_carea' id='block_1_98' title="bbox 769 5204 2335 5270">
    <p class='ocr_par' dir='ltr' id='par_1_98' title="bbox 769 5204 2335 5270">
     <span class='ocr_line' id='line_1_98' title="bbox 769 5204 2335 5270; baseline 0.002 -16"><span class='ocrx_word' id='word_1_726' title='bbox 769 5218 971 5270; x_wconf 84' lang='lat' dir='ltr'>paucos</span> <span class='ocrx_word' id='word_1_727' title='bbox 1008 5219 1173 5269; x_wconf 78' lang='lat' dir='ltr'>panes</span> <span class='ocrx_word' id='word_1_728' title='bbox 1210 5214 1464 5269; x_wconf 67' lang='grc' dir='ltr'>ιη’ςινιιιτετι</span> <span class='ocrx_word' id='word_1_729' title='bbox 1498 5206 1838 5270; x_wconf 65' lang='lat' dir='ltr'>sumpsisset,</span> <span class='ocrx_word' id='word_1_730' title='bbox 1874 5213 1926 5255; x_wconf 72' lang='lat' dir='ltr'>et</span> <span class='ocrx_word' id='word_1_731' title='bbox 1966 5204 2163 5258; x_wconf 68' lang='lat' dir='ltr'>deinde</span> <span class='ocrx_word' id='word_1_732' title='bbox 2194 5214 2335 5259; x_wconf 89' lang='lat' dir='ltr'>esset</span> 
     </span>
    </p>
   </div>
   <div class='ocr_carea' id='block_1_99' title="bbox 760 5293 2333 5363">
    <p class='ocr_par' dir='ltr' id='par_1_99' title="bbox 760 5293 2333 5363">
     <span class='ocr_line' id='line_1_99' title="bbox 760 5293 2333 5363; baseline 0.001 -16"><span class='ocrx_word' id='word_1_733' title='bbox 760 5306 1122 5357; x_wconf 74' lang='lat' dir='ltr'>locutuscutn</span> <span class='ocrx_word' id='word_1_734' title='bbox 1168 5293 1441 5360; x_wconf 78' lang='lat' dir='ltr'>fratribus,</span> <span class='ocrx_word' id='word_1_735' title='bbox 1487 5310 1606 5363; x_wconf 60' lang='lat' dir='ltr'>quae</span> <span class='ocrx_word' id='word_1_736' title='bbox 1665 5311 1758 5362; x_wconf 84' lang='lat' dir='ltr'>par</span> <span class='ocrx_word' id='word_1_737' title='bbox 1807 5306 1922 5349; x_wconf 85' lang='lat' dir='ltr'>erat</span> <span class='ocrx_word' id='word_1_738' title='bbox 1966 5306 2017 5350; x_wconf 89' lang='lat' dir='ltr'>et</span> <span class='ocrx_word' id='word_1_739' title='bbox 2068 5296 2209 5349; x_wconf 83' lang='lat' dir='ltr'>illius</span> <span class='ocrx_word' id='word_1_740' title='bbox 2251 5314 2333 5349; x_wconf 88' lang='lat' dir='ltr'>re-</span> 
     </span>
    </p>
   </div>
   <div class='ocr_carea' id='block_1_100' title="bbox 761 5387 2337 5455">
    <p class='ocr_par' dir='ltr' id='par_1_100' title="bbox 761 5387 2337 5455">
     <span class='ocr_line' id='line_1_100' title="bbox 761 5387 2337 5455; baseline 0.002 -15"><span class='ocrx_word' id='word_1_741' title='bbox 761 5401 979 5440; x_wconf 76' lang='lat' dir='ltr'>Cessntn</span> <span class='ocrx_word' id='word_1_742' title='bbox 1048 5387 1428 5441; x_wconf 80' lang='lat' dir='ltr'>miserabiliter</span> <span class='ocrx_word' id='word_1_743' title='bbox 1474 5388 1735 5442; x_wconf 64' lang='lat' dir='ltr'>tit-ﬂentes</span> <span class='ocrx_word' id='word_1_744' title='bbox 1784 5390 2146 5455; x_wconf 67' lang='lat' dir='ltr'>pulcherrime</span> <span class='ocrx_word' id='word_1_745' title='bbox 2195 5401 2337 5443; x_wconf 74' lang='lat' dir='ltr'>esset</span> 
     </span>
    </p>
   </div>
   <div class='ocr_carea' id='block_1_101' title="bbox 768 5478 2337 5549">
    <p class='ocr_par' dir='ltr' id='par_1_101' title="bbox 768 5478 2337 5549">
     <span class='ocr_line' id='line_1_101' title="bbox 768 5478 2337 5549; baseline 0.004 -23"><span class='ocrx_word' id='word_1_746' title='bbox 768 5478 1101 5537; x_wconf 79' lang='lat' dir='ltr'>consolatus,</span> <span class='ocrx_word' id='word_1_747' title='bbox 1146 5479 1390 5531; x_wconf 84' lang='lat' dir='ltr'>ascendit</span> <span class='ocrx_word' id='word_1_748' title='bbox 1423 5479 1727 5532; x_wconf 80' lang='lat' dir='ltr'>vehiculum</span> <span class='ocrx_word' id='word_1_749' title='bbox 1776 5479 2067 5547; x_wconf 68' lang='lat' dir='ltr'>publicum,</span> <span class='ocrx_word' id='word_1_750' title='bbox 2105 5489 2157 5530; x_wconf 90' lang='lat' dir='ltr'>et</span> <span class='ocrx_word' id='word_1_751' title='bbox 2185 5496 2337 5549; x_wconf 73' lang='lat' dir='ltr'>egre-</span> 
     </span>
    </p>
   </div>
   <div class='ocr_carea' id='block_1_102' title="bbox 760 5570 2331 5640">
    <p class='ocr_par' dir='ltr' id='par_1_102' title="bbox 760 5570 2331 5640">
     <span class='ocr_line' id='line_1_102' title="bbox 760 5570 2331 5640; baseline 0 -16"><span class='ocrx_word' id='word_1_752' title='bbox 760 5570 906 5624; x_wconf 80' lang='lat' dir='ltr'>ditur</span> <span class='ocrx_word' id='word_1_753' title='bbox 939 5586 968 5623; x_wconf 93' lang='lat' dir='ltr'>e</span> <span class='ocrx_word' id='word_1_754' title='bbox 996 5572 1236 5624; x_wconf 81' lang='lat' dir='ltr'>civitate.</span> <span class='ocrx_word' id='word_1_755' title='bbox 1279 5572 1410 5623; x_wconf 77' lang='lat' dir='ltr'>Cum</span> <span class='ocrx_word' id='word_1_756' title='bbox 1457 5581 1635 5625; x_wconf 86' lang='lat' dir='ltr'>autem</span> <span class='ocrx_word' id='word_1_757' title='bbox 1666 5587 1853 5640; x_wconf 87' lang='lat' dir='ltr'>parum</span> <span class='ocrx_word' id='word_1_758' title='bbox 1882 5584 2232 5639; x_wconf 80' lang='lat' dir='ltr'>processisset</span> <span class='ocrx_word' id='word_1_759' title='bbox 2280 5574 2331 5625; x_wconf 92' lang='lat' dir='ltr'>in</span> 
     </span>
    </p>
   </div>
   <div class='ocr_carea' id='block_1_103' title="bbox 760 5660 2331 5729">
    <p class='ocr_par' dir='ltr' id='par_1_103' title="bbox 760 5660 2331 5729">
     <span class='ocr_line' id='line_1_103' title="bbox 760 5660 2331 5729; baseline 0.005 -20"><span class='ocrx_word' id='word_1_760' title='bbox 760 5663 866 5722; x_wconf 89' lang='lat' dir='ltr'>via,</span> <span class='ocrx_word' id='word_1_761' title='bbox 904 5660 1046 5713; x_wconf 85' lang='lat' dir='ltr'>videt</span> <span class='ocrx_word' id='word_1_762' title='bbox 1083 5662 1369 5729; x_wconf 82' lang='lat' dir='ltr'>quemdam</span> <span class='ocrx_word' id='word_1_763' title='bbox 1408 5662 1689 5715; x_wconf 85' lang='lat' dir='ltr'>vinitorem</span> <span class='ocrx_word' id='word_1_764' title='bbox 1737 5662 2049 5725; x_wconf 81' lang='lat' dir='ltr'>fodientem,</span> <span class='ocrx_word' id='word_1_765' title='bbox 2094 5672 2148 5714; x_wconf 75' lang='lat' dir='ltr'>et</span> <span class='ocrx_word' id='word_1_766' title='bbox 2197 5664 2331 5717; x_wconf 78' lang='lat' dir='ltr'>vites</span> 
     </span>
    </p>
   </div>
   <div class='ocr_carea' id='block_1_104' title="bbox 758 5751 2326 5822">
    <p class='ocr_par' dir='ltr' id='par_1_104' title="bbox 758 5751 2326 5822">
     <span class='ocr_line' id='line_1_104' title="bbox 758 5751 2326 5822; baseline 0.003 -20"><span class='ocrx_word' id='word_1_767' title='bbox 758 5751 1044 5820; x_wconf 81' lang='lat' dir='ltr'>diligenter</span> <span class='ocrx_word' id='word_1_768' title='bbox 1074 5752 1368 5815; x_wconf 70' lang='lat' dir='ltr'>colentem,</span> <span class='ocrx_word' id='word_1_769' title='bbox 1421 5754 1493 5822; x_wconf 87' lang='lat' dir='ltr'>(ei</span> <span class='ocrx_word' id='word_1_770' title='bbox 1538 5767 1734 5804; x_wconf 80' lang='lat' dir='ltr'>nomen</span> <span class='ocrx_word' id='word_1_771' title='bbox 1770 5761 1885 5803; x_wconf 85' lang='lat' dir='ltr'>erat</span> <span class='ocrx_word' id='word_1_772' title='bbox 1932 5751 2326 5819; x_wconf 78' lang='lat' dir='ltr'>&#39;l‘iophimion).</span> 
     </span>
    </p>
   </div>
   <div class='ocr_carea' id='block_1_105' title="bbox 760 5842 2329 5914">
    <p class='ocr_par' dir='ltr' id='par_1_105' title="bbox 760 5842 2329 5914">
     <span class='ocr_line' id='line_1_105' title="bbox 760 5842 2329 5914; baseline 0.002 -18"><span class='ocrx_word' id='word_1_773' title='bbox 760 5844 878 5908; x_wconf 80' lang='lat' dir='ltr'>Quo</span> <span class='ocrx_word' id='word_1_774' title='bbox 913 5845 1228 5900; x_wconf 85' lang='lat' dir='ltr'>nominatim</span> <span class='ocrx_word' id='word_1_775' title='bbox 1262 5855 1447 5898; x_wconf 83' lang='lat' dir='ltr'>vocato</span> <span class='ocrx_word' id='word_1_776' title='bbox 1485 5861 1497 5896; x_wconf 86' lang='lat'><strong>:</strong></span> <span class='ocrx_word' id='word_1_777' title='bbox 1550 5842 1813 5914; x_wconf 74' lang='lat' dir='ltr'>Agedum,</span> <span class='ocrx_word' id='word_1_778' title='bbox 1852 5843 2043 5911; x_wconf 62' lang='lat' dir='ltr'>inquit,</span> <span class='ocrx_word' id='word_1_779' title='bbox 2082 5846 2179 5897; x_wconf 75' lang='lat' dir='ltr'>iter</span> <span class='ocrx_word' id='word_1_780' title='bbox 2212 5861 2329 5899; x_wconf 67' lang='lat' dir='ltr'>tnev</span> 
     </span>
    </p>
   </div>
   <div class='ocr_carea' id='block_1_106' title="bbox 2430 4674 3991 4752">
    <p class='ocr_par' dir='ltr' id='par_1_106' title="bbox 2430 4674 3991 4752">
     <span class='ocr_line' id='line_1_106' title="bbox 2430 4674 3991 4752; baseline -0.01 -15"><span class='ocrx_word' id='word_1_781' title='bbox 2430 4683 2603 4752; x_wconf 81' lang='grc' dir='ltr'>ἄνδρα</span> <span class='ocrx_word' id='word_1_782' title='bbox 2632 4681 2888 4734; x_wconf 86' lang='grc' dir='ltr'>τοιούτων</span> <span class='ocrx_word' id='word_1_783' title='bbox 2927 4680 3233 4747; x_wconf 75' lang='grc' dir='ltr'>ἠξιωμένον</span> <span class='ocrx_word' id='word_1_784' title='bbox 3301 4678 3363 4730; x_wconf 82' lang='grc' dir='ltr'>τό</span> <span class='ocrx_word' id='word_1_785' title='bbox 3398 4694 3457 4728; x_wconf 87' lang='grc' dir='ltr'>τε</span> <span class='ocrx_word' id='word_1_786' title='bbox 3499 4674 3749 4736; x_wconf 63' lang='grc' dir='ltr'>συνειδὸς</span> <span class='ocrx_word' id='word_1_787' title='bbox 3783 4676 3877 4725; x_wconf 63' lang='grc' dir='ltr'>καὶ</span> <span class='ocrx_word' id='word_1_788' title='bbox 3905 4675 3991 4738; x_wconf 72' lang='grc' dir='ltr'>τὴν</span> 
     </span>
    </p>
   </div>
   <div class='ocr_carea' id='block_1_107' title="bbox 2433 4761 3993 4845">
    <p class='ocr_par' dir='ltr' id='par_1_107' title="bbox 2433 4761 3993 4845">
     <span class='ocr_line' id='line_1_107' title="bbox 2433 4761 3993 4845; baseline -0.007 -19"><span class='ocrx_word' id='word_1_789' title='bbox 2433 4776 2680 4843; x_wconf 83' lang='grc' dir='ltr'>γλῶτταν</span> <span class='ocrx_word' id='word_1_790' title='bbox 2716 4774 2860 4845; x_wconf 86' lang='grc' dir='ltr'>ἔχειν</span> <span class='ocrx_word' id='word_1_791' title='bbox 2897 4771 2995 4841; x_wconf 78' lang='grc' dir='ltr'>οὑχ</span> <span class='ocrx_word' id='word_1_792' title='bbox 3040 4770 3189 4836; x_wconf 84' lang='grc' dir='ltr'>ὑγιᾶ)</span> <span class='ocrx_word' id='word_1_793' title='bbox 3246 4772 3357 4831; x_wconf 88' lang='grc' dir='ltr'>τοῖς</span> <span class='ocrx_word' id='word_1_794' title='bbox 3389 4767 3678 4836; x_wconf 79' lang='grc' dir='ltr'>δημοσίοις</span> <span class='ocrx_word' id='word_1_795' title='bbox 3716 4768 3813 4819; x_wconf 66' lang='grc' dir='ltr'>καὶ</span> <span class='ocrx_word' id='word_1_796' title='bbox 3852 4761 3993 4825; x_wconf 72' lang='grc' dir='ltr'>αὖθις</span> 
     </span>
    </p>
   </div>
   <div class='ocr_carea' id='block_1_108' title="bbox 2433 4861 3303 4932">
    <p class='ocr_par' dir='ltr' id='par_1_108' title="bbox 2433 4861 3303 4932">
     <span class='ocr_line' id='line_1_108' title="bbox 2433 4861 3303 4932; baseline -0.003 -15"><span class='ocrx_word' id='word_1_797' title='bbox 2433 4867 2718 4928; x_wconf 69' lang='grc' dir='ltr'>ἐπιϐάντες</span> <span class='ocrx_word' id='word_1_798' title='bbox 2759 4866 2817 4915; x_wconf 87' lang='grc' dir='ltr'>ῖπ</span> <span class='ocrx_word' id='word_1_799' title='bbox 2829 4880 2944 4925; x_wconf 88' lang='grc' dir='ltr'>ποις</span> <span class='ocrx_word' id='word_1_800' title='bbox 2972 4861 3303 4932; x_wconf 75' lang='grc' dir='ltr'>ἐπανῄεσαν.</span> 
     </span>
    </p>
   </div>
   <div class='ocr_carea' id='block_1_109' title="bbox 2506 5015 3993 5092">
    <p class='ocr_par' dir='ltr' id='par_1_109' title="bbox 2506 5015 3993 5092">
     <span class='ocr_line' id='line_1_109' title="bbox 2506 5015 3993 5092; baseline -0.008 -13"><span class='ocrx_word' id='word_1_801' title='bbox 2506 5023 2592 5079; x_wconf 69' lang='grc' dir='ltr'>ις’.</span> <span class='ocrx_word' id='word_1_802' title='bbox 2642 5022 2927 5092; x_wconf 77' lang='grc' dir='ltr'>’Λϐέρκιος</span> <span class='ocrx_word' id='word_1_803' title='bbox 2966 5023 3019 5075; x_wconf 76' lang='lat'>6&#39;:</span> <span class='ocrx_word' id='word_1_804' title='bbox 3050 5025 3075 5073; x_wconf 89' lang='grc' dir='ltr'><em>ὀ</em></span> <span class='ocrx_word' id='word_1_805' title='bbox 3111 5024 3273 5079; x_wconf 81' lang='grc' dir='ltr'>θεῖος,</span> <span class='ocrx_word' id='word_1_806' title='bbox 3331 5015 3473 5071; x_wconf 76' lang='grc' dir='ltr'>οἶνόν</span> <span class='ocrx_word' id='word_1_807' title='bbox 3528 5034 3588 5070; x_wconf 87' lang='grc' dir='ltr'>τε</span> <span class='ocrx_word' id='word_1_808' title='bbox 3624 5020 3723 5071; x_wconf 69' lang='grc' dir='ltr'>καὶ</span> <span class='ocrx_word' id='word_1_809' title='bbox 3755 5019 3874 5080; x_wconf 74' lang='grc' dir='ltr'>ὄξος</span> <span class='ocrx_word' id='word_1_810' title='bbox 3913 5015 3993 5068; x_wconf 75' lang='grc' dir='ltr'>καὶ</span> 
     </span>
    </p>
   </div>
   <div class='ocr_carea' id='block_1_110' title="bbox 2438 5109 3992 5177">
    <p class='ocr_par' dir='ltr' id='par_1_110' title="bbox 2438 5109 3992 5177">
     <span class='ocr_line' id='line_1_110' title="bbox 2438 5109 3992 5177; baseline -0.006 -8"><span class='ocrx_word' id='word_1_811' title='bbox 2438 5119 2616 5169; x_wconf 74' lang='grc' dir='ltr'>ἔλαιον</span> <span class='ocrx_word' id='word_1_812' title='bbox 2654 5119 2732 5177; x_wconf 86' lang='grc' dir='ltr'>εἰς</span> <span class='ocrx_word' id='word_1_813' title='bbox 2764 5116 2857 5167; x_wconf 72' lang='grc' dir='ltr'>ἕνα</span> <span class='ocrx_word' id='word_1_814' title='bbox 2888 5116 2976 5165; x_wconf 71' lang='grc' dir='ltr'>καὶ</span> <span class='ocrx_word' id='word_1_815' title='bbox 3011 5114 3101 5163; x_wconf 71' lang='grc' dir='ltr'>τὸν</span> <span class='ocrx_word' id='word_1_816' title='bbox 3135 5112 3296 5164; x_wconf 76' lang='grc' dir='ltr'>αὑτὸν</span> <span class='ocrx_word' id='word_1_817' title='bbox 3335 5110 3499 5163; x_wconf 71' lang='grc' dir='ltr'>ἀσκὸν</span> <span class='ocrx_word' id='word_1_818' title='bbox 3541 5110 3831 5175; x_wconf 71' lang='grc' dir='ltr'>ἐμϐαλὼν,</span> <span class='ocrx_word' id='word_1_819' title='bbox 3872 5109 3992 5176; x_wconf 57' lang='grc' dir='ltr'>πρὸς</span> 
     </span>
    </p>
   </div>
   <div class='ocr_carea' id='block_1_111' title="bbox 2437 5200 3994 5275">
    <p class='ocr_par' dir='ltr' id='par_1_111' title="bbox 2437 5200 3994 5275">
     <span class='ocr_line' id='line_1_111' title="bbox 2437 5200 3994 5275; baseline -0.007 -15"><span class='ocrx_word' id='word_1_820' title='bbox 2437 5209 2493 5260; x_wconf 81' lang='grc' dir='ltr'>δὲ</span> <span class='ocrx_word' id='word_1_821' title='bbox 2532 5209 2629 5260; x_wconf 70' lang='grc' dir='ltr'>καὶ</span> <span class='ocrx_word' id='word_1_822' title='bbox 2680 5208 2877 5275; x_wconf 77' lang='grc' dir='ltr'>ἄρτους</span> <span class='ocrx_word' id='word_1_823' title='bbox 2916 5206 3129 5269; x_wconf 65' lang='grc' dir='ltr'>ὀλίγους</span> <span class='ocrx_word' id='word_1_824' title='bbox 3178 5201 3379 5261; x_wconf 78' lang='grc' dir='ltr'>λαὸὼν,</span> <span class='ocrx_word' id='word_1_825' title='bbox 3437 5200 3556 5253; x_wconf 72' lang='grc' dir='ltr'>εἶτα</span> <span class='ocrx_word' id='word_1_826' title='bbox 3600 5203 3718 5259; x_wconf 84' lang='grc' dir='ltr'>τοῖς</span> <span class='ocrx_word' id='word_1_827' title='bbox 3759 5200 3994 5267; x_wconf 65' lang='grc' dir='ltr'>ἁδελξιίς</span> 
     </span>
    </p>
   </div>
   <div class='ocr_carea' id='block_1_112' title="bbox 2437 5296 3107 5366">
    <p class='ocr_par' dir='ltr' id='par_1_112' title="bbox 2437 5296 3107 5366">
     <span class='ocr_line' id='line_1_112' title="bbox 2437 5296 3107 5366; baseline -0.012 -15"><span class='ocrx_word' id='word_1_828' title='bbox 2437 5297 2741 5366; x_wconf 77' lang='grc' dir='ltr'>διαλεχθεὶς</span> <span class='ocrx_word' id='word_1_829' title='bbox 2788 5297 2851 5347; x_wconf 69' lang='grc' dir='ltr'>τὰ</span> <span class='ocrx_word' id='word_1_830' title='bbox 2904 5312 2923 5343; x_wconf 82' lang='grc' dir='ltr'>ε</span> <span class='ocrx_word' id='word_1_831' title='bbox 2938 5296 3107 5355; x_wconf 67' lang='grc' dir='ltr'>Ξκότα,</span> 
     </span>
    </p>
   </div>
   <div class='ocr_carea' id='block_1_113' title="bbox 2440 5383 3997 5454">
    <p class='ocr_par' dir='ltr' id='par_1_113' title="bbox 2440 5383 3997 5454">
     <span class='ocr_line' id='line_1_113' title="bbox 2440 5383 3997 5454; baseline -0.007 -13"><span class='ocrx_word' id='word_1_832' title='bbox 2440 5390 2686 5453; x_wconf 81' lang='grc' dir='ltr'>ἐλεεινῶς</span> <span class='ocrx_word' id='word_1_833' title='bbox 2716 5386 3152 5454; x_wconf 78' lang='grc' dir='ltr'>ἁποδυρομένους</span> <span class='ocrx_word' id='word_1_834' title='bbox 3192 5384 3488 5448; x_wconf 75' lang='grc' dir='ltr'>δεξιώτατα</span> <span class='ocrx_word' id='word_1_835' title='bbox 3517 5400 3591 5437; x_wconf 84' lang='grc' dir='ltr'>πα</span> <span class='ocrx_word' id='word_1_836' title='bbox 3605 5383 3997 5453; x_wconf 77' lang='grc' dir='ltr'>ραμυθησάμεο</span> 
     </span>
    </p>
   </div>
   <div class='ocr_carea' id='block_1_114' title="bbox 3174 5290 3993 5361">
    <p class='ocr_par' dir='ltr' id='par_1_114' title="bbox 3174 5290 3993 5361">
     <span class='ocr_line' id='line_1_114' title="bbox 3174 5290 3993 5361; baseline -0.007 -20"><span class='ocrx_word' id='word_1_837' title='bbox 3174 5297 3269 5361; x_wconf 77' lang='grc' dir='ltr'>την</span> <span class='ocrx_word' id='word_1_838' title='bbox 3315 5292 3528 5344; x_wconf 80' lang='grc' dir='ltr'>ἐκείνου</span> <span class='ocrx_word' id='word_1_839' title='bbox 3579 5304 3639 5339; x_wconf 79' lang='grc' dir='ltr'>τε</span> <span class='ocrx_word' id='word_1_840' title='bbox 3694 5290 3993 5357; x_wconf 62' lang='grc' dir='ltr'>ἀποδημίαν</span> 
     </span>
    </p>
   </div>
   <div class='ocr_carea' id='block_1_115' title="bbox 2439 5473 3996 5549">
    <p class='ocr_par' dir='ltr' id='par_1_115' title="bbox 2439 5473 3996 5549">
     <span class='ocr_line' id='line_1_115' title="bbox 2439 5473 3996 5549; baseline -0.008 -19"><span class='ocrx_word' id='word_1_841' title='bbox 2439 5498 2547 5544; x_wconf 83' lang='grc' dir='ltr'>νος,</span> <span class='ocrx_word' id='word_1_842' title='bbox 2580 5479 2857 5549; x_wconf 79' lang='grc' dir='ltr'>ὀχήματος</span> <span class='ocrx_word' id='word_1_843' title='bbox 2889 5476 3171 5528; x_wconf 67' lang='grc' dir='ltr'>πολιτικοῦ</span> <span class='ocrx_word' id='word_1_844' title='bbox 3205 5475 3494 5531; x_wconf 71' lang='grc' dir='ltr'>ἐπιϐαίνει,</span> <span class='ocrx_word' id='word_1_845' title='bbox 3527 5474 3623 5525; x_wconf 65' lang='grc' dir='ltr'>καὶ</span> <span class='ocrx_word' id='word_1_846' title='bbox 3664 5474 3764 5538; x_wconf 69' lang='grc' dir='ltr'>τῆς</span> <span class='ocrx_word' id='word_1_847' title='bbox 3800 5473 3996 5527; x_wconf 67' lang='grc' dir='ltr'>πόλεως</span> 
     </span>
    </p>
   </div>
   <div class='ocr_carea' id='block_1_116' title="bbox 2439 5562 3997 5639">
    <p class='ocr_par' dir='ltr' id='par_1_116' title="bbox 2439 5562 3997 5639">
     <span class='ocr_line' id='line_1_116' title="bbox 2439 5562 3997 5639; baseline -0.007 -17"><span class='ocrx_word' id='word_1_848' title='bbox 2439 5571 2627 5635; x_wconf 73' lang='grc' dir='ltr'>ἔξεισι.</span> <span class='ocrx_word' id='word_1_849' title='bbox 2672 5569 2852 5639; x_wconf 62' lang='grc' dir='ltr'>Βραιιρ</span> <span class='ocrx_word' id='word_1_850' title='bbox 2882 5567 2934 5618; x_wconf 77' lang='grc' dir='ltr'>δὲ</span> <span class='ocrx_word' id='word_1_851' title='bbox 2969 5569 3063 5633; x_wconf 50' lang='lat' dir='ltr'>th;</span> <span class='ocrx_word' id='word_1_852' title='bbox 3090 5566 3212 5618; x_wconf 70' lang='grc' dir='ltr'>ὀδοῦ</span> <span class='ocrx_word' id='word_1_853' title='bbox 3276 5562 3577 5632; x_wconf 77' lang='grc' dir='ltr'>προελθὼν,</span> <span class='ocrx_word' id='word_1_854' title='bbox 3614 5563 3724 5635; x_wconf 75' lang='grc' dir='ltr'>ὁρᾷ</span> <span class='ocrx_word' id='word_1_855' title='bbox 3749 5579 3876 5615; x_wconf 84' lang='grc' dir='ltr'>τινα</span> <span class='ocrx_word' id='word_1_856' title='bbox 3906 5562 3997 5625; x_wconf 75' lang='grc' dir='ltr'>άμ-</span> 
     </span>
    </p>
   </div>
   <div class='ocr_carea' id='block_1_117' title="bbox 2441 5654 3997 5730">
    <p class='ocr_par' dir='ltr' id='par_1_117' title="bbox 2441 5654 3997 5730">
     <span class='ocr_line' id='line_1_117' title="bbox 2441 5654 3997 5730; baseline -0.009 -17"><span class='ocrx_word' id='word_1_857' title='bbox 2441 5663 2744 5730; x_wconf 63' lang='grc' dir='ltr'>πελουργὴν</span> <span class='ocrx_word' id='word_1_858' title='bbox 2777 5662 3113 5720; x_wconf 60' lang='lat' dir='ltr'>animm-.3,</span> <span class='ocrx_word' id='word_1_859' title='bbox 3141 5656 3235 5709; x_wconf 69' lang='grc' dir='ltr'>καὶ</span> <span class='ocrx_word' id='word_1_860' title='bbox 3260 5658 3388 5726; x_wconf 78' lang='grc' dir='ltr'>περὶ</span> <span class='ocrx_word' id='word_1_861' title='bbox 3422 5654 3520 5717; x_wconf 80' lang='grc' dir='ltr'>τὰς</span> <span class='ocrx_word' id='word_1_862' title='bbox 3549 5656 3846 5723; x_wconf 52' lang='grc' dir='ltr'>ἀμπέλους</span> <span class='ocrx_word' id='word_1_863' title='bbox 3891 5655 3997 5702; x_wconf 77' lang='grc' dir='ltr'>ἐπι-</span> 
     </span>
    </p>
   </div>
   <div class='ocr_carea' id='block_1_118' title="bbox 2446 5740 4000 5821">
    <p class='ocr_par' dir='ltr' id='par_1_118' title="bbox 2446 5740 4000 5821">
     <span class='ocr_line' id='line_1_118' title="bbox 2446 5740 4000 5821; baseline -0.005 -21"><span class='ocrx_word' id='word_1_864' title='bbox 2446 5753 2618 5820; x_wconf 68' lang='grc' dir='ltr'>μελιίς</span> <span class='ocrx_word' id='word_1_865' title='bbox 2652 5752 2840 5821; x_wconf 78' lang='grc' dir='ltr'>ἔχοντα</span> <span class='ocrx_word' id='word_1_866' title='bbox 2875 5751 3066 5816; x_wconf 64' lang='grc' dir='ltr'>(ὄνομα</span> <span class='ocrx_word' id='word_1_867' title='bbox 3104 5747 3179 5815; x_wconf 78' lang='grc' dir='ltr'>τῷ</span> <span class='ocrx_word' id='word_1_868' title='bbox 3211 5748 3364 5817; x_wconf 73' lang='grc' dir='ltr'>ἀνδρὶ</span> <span class='ocrx_word' id='word_1_869' title='bbox 3392 5746 3740 5817; x_wconf 78' lang='grc' dir='ltr'>’1’ρο;,;ιμίων)</span> <span class='ocrx_word' id='word_1_870' title='bbox 3772 5758 3785 5770; x_wconf 86' lang='lat'><strong>&#39;</strong></span> <span class='ocrx_word' id='word_1_871' title='bbox 3827 5740 4000 5794; x_wconf 76' lang='grc' dir='ltr'>τοῦτον</span> 
     </span>
    </p>
   </div>
   <div class='ocr_carea' id='block_1_119' title="bbox 2449 5833 3997 5910">
    <p class='ocr_par' dir='ltr' id='par_1_119' title="bbox 2449 5833 3997 5910">
     <span class='ocr_line' id='line_1_119' title="bbox 2449 5833 3997 5910; baseline -0.008 -15"><span class='ocrx_word' id='word_1_872' title='bbox 2449 5846 2707 5910; x_wconf 60' lang='grc' dir='ltr'>οντνμασιὶ</span> <span class='ocrx_word' id='word_1_873' title='bbox 2746 5843 3003 5902; x_wconf 74' lang='grc' dir='ltr'>καλέσας,</span> <span class='ocrx_word' id='word_1_874' title='bbox 3038 5839 3224 5910; x_wconf 71' lang='grc' dir='ltr'>Δεῦρο,</span> <span class='ocrx_word' id='word_1_875' title='bbox 3260 5840 3441 5908; x_wconf 63' lang='grc' dir='ltr'>φησὶν,</span> <span class='ocrx_word' id='word_1_876' title='bbox 3472 5834 3699 5904; x_wconf 67' lang='grc' dir='ltr'>ἁδεὶφὲ,</span> <span class='ocrx_word' id='word_1_877' title='bbox 3730 5833 3997 5889; x_wconf 72' lang='grc' dir='ltr'>συνδιάνν·</span> 
     </span>
    </p>
   </div>
  </div>
