4142 6482
753 397 884 458 1239

2027 395 2306 453 MENSIS
2348 393 2710 458 OCTOBER.

3839 375 3968 438 1260

751 513 929 580 magni
964 514 1213 576 honores,
1251 526 1302 570 et
1352 519 1490 571 dona
1541 516 1633 569 libi
1681 517 1868 568 collata
1921 515 2150 567 referent
2192 527 2306 581 gra—

2421 511 2589 563 σὼσαι
2639 509 2731 562 καὶ
2786 503 3120 575 θεραπεῦσαι
3173 501 3483 570 θυγάτριον.
3525 498 3680 550 υῦτω
3730 493 3838 563 γάρ
3890 509 3969 545 σοι

749 599 898 654 tiam.

819 776 987 830 XX".
1026 777 1148 831 Haec
1198 778 1281 830 illa
1336 795 1455 832 cum
1510 794 1697 847 magna
1745 778 1952 831 dicebat
2003 777 2305 829 all'ectioue.

747 867 878 921 Eam
915 869 1058 922 enim
1089 869 1337 923 ﬂectebat
1384 883 1590 922 natura:
1635 870 1945 928 necessitas.
2000 879 2052 920 et
2083 869 2310 920 faciebat

748 972 806 1014 ut
832 961 971 1013 illius
1009 963 1304 1028 postularet
1331 964 1614 1025 auxilium,
1650 978 1808 1030 quem
1862 964 1942 1030 (ut
1973 978 2092 1014 cum
2129 961 2308 1013 divino

744 1051 916 1104 dicam
952 1051 1167 1114 Davide)
1199 1055 1321 1107 odio
1353 1054 1620 1108 habebant
1666 1056 1849 1124 gratis,
1905 1064 1958 1107 et
2009 1070 2113 1106 non
2149 1054 2309 1106 sustio

745 1140 944 1192 nebant
972 1142 1195 1194 adorare
1224 1153 1473 1210 tanquam
1504 1160 1689 1196 verum
1710 1144 1876 1196 Deum
1909 1144 1947 1192 ‘.
1976 1143 2061 1194 Ille
2094 1153 2306 1194 autem:

745 1232 976 1297 Accepta
1018 1231 1231 1297 quidem
1293 1241 1394 1295 est,
1445 1233 1644 1301 inquit,
1693 1233 1849 1285 nobis
1882 1243 1966 1284 tua
2013 1231 2305 1284 voluntas:

743 1320 835 1371 sed
867 1320 1134 1373 nosnullo
1170 1337 1230 1373 ex
1271 1323 1355 1384 iis,
1389 1339 1507 1390 quae
1551 1332 1678 1376 sunt
1724 1322 1862 1391 apud
1915 1338 2024 1382 vos,
2073 1320 2308 1374 delecta-

745 1424 884 1471 mur,
929 1421 986 1462 ιιι
1021 1413 1109 1480 qui
1147 1429 1335 1465 \‘iulitlll
1375 1415 1514 1466 hanc
1559 1415 1800 1482 speciem
1845 1413 2172 1482 jampridem
2220 1427 2310 1464 ex-

746 1501 1058 1566 spuerimus
1111 1518 1125 1554 :
1184 1513 1236 1555 et
1293 1504 1488 1571 alioqui
1557 1521 1655 1556 nec
1705 1502 1954 1556 mercede
2007 1503 2309 1570 praebemus

741 1591 958 1656 gratias.
990 1608 1106 1659 quae
1136 1593 1291 1646 nobis
1317 1609 1343 1646 a
1383 1594 1490 1648 Deo
1522 1596 1658 1649 data:
1681 1603 1827 1654 sunt,
1864 1595 2029 1660 gratis
2065 1599 2304 1659 accepta,

743 1679 906 1746 gratis
958 1697 1170 1748 quoque
1222 1683 1347 1736 date
1399 1684 1533 1749 jussi
1571 1685 1610 1739 ⁸.
1664 1682 1769 1738 Sed
1827 1686 1914 1738 ubi
1965 1694 2065 1744 est,
2113 1678 2305 1750 inquit,

743 1769 885 1822 lilia?
915 1769 1165 1825 Faustina
1205 1787 1384 1827 autem
1419 1792 1580 1844 quam
1618 1777 1788 1845 potuit
1832 1776 2112 1829 celerrime
2143 1774 2308 1826 currit

2417 604 2650 670 μεγάλαι
2705 601 2862 670 τιμαὶ
2905 595 3036 668 παρ’
3085 593 3242 675 ἡμῶν
3290 592 3382 644 καὶ
3433 588 3632 658 δωρεαὶ
3683 584 3782 656 τὴν
3814 583 3972 653 χάριν

2412 693 2754 760 ἀμείψονται.

2483 785 2609 837 KB'.
2638 781 2821 835 Ταῦτα
2861 780 2996 848 μετὰ
3021 776 3216 844 πολλῆς
3247 774 3550 840 ὑπηγόρευε
3585 773 3684 837 τῆς
3730 783 3973 834 περιπαι

2412 875 2560 935 Θείας
2598 891 2609 903 ·
2639 873 2915 940 ἕκαμπτον
2941 871 3048 937 γάρ
3080 868 3246 932 αὐτὴν
3274 867 3326 917 αἱ
3354 865 3447 931 τῆς
3473 863 3684 928 φύσεως
3712 859 3978 923 ἀνάγκαι,

2412 968 2503 1016 καὶ
2532 965 2720 1034 βοηθὸν
2750 963 2964 1014 ἐποίουν
3016 961 3216 1012 ἐκεῖνον
3270 955 3543 1023 ἐπιζητεῖν
3595 952 3654 1003 ὃν
3688 951 3850 1018 (κατά
3879 950 3967 998 τάν

2411 1054 2551 1106 θεῖον
2585 1054 2748 1119 φάναι
2803 1049 2984 1114 Δανῒδ)
3023 1047 3226 1117 δωρεάν
3261 1047 3500 1114 ἐμίσουν,
3545 1043 3639 1093 καὶ
3672 1040 3747 1099 ὡς
3793 1037 3972 1099 diuelli

2411 1147 2732 1213 προσκυνεῖν
2757 1144 2854 1194 οὐκ
2887 1140 3176 1210 ἠνείχοντο.
3219 1138 3276 1188 Ὀ
3306 1137 3358 1189 δὲ
3379 1175 3393 1198 ,
3436 1134 3734 1186 Ἀπόδεκτα
3762 1131 3858 1194 μεν
3903 1129 3969 1178 τά

2408 1240 2505 1306 τῆς
2540 1238 2926 1306 προαιρέσεως,
2961 1234 3085 1301 ἔφη,
3119 1232 3216 1299 τῆς
3248 1231 3342 1296 σῆς
3363 1244 3377 1258 ·
3407 1226 3543 1295 πλὴν
3563 1224 3739 1277 οὐδενὶ
3760 1221 3967 1272 τούτων

2410 1331 2566 1396 ἡμεῖς
2605 1328 2712 1379 τῶν
2745 1326 2874 1394 παρ’
2923 1327 3049 1394 ὑμῖν
3097 1323 3304 1392 τιμίων⁸
3355 1317 3617 1387 ἡδόμεθα,
3657 1315 3827 1365 πάλαι
3877 1313 3972 1376 τήν

2410 1420 2568 1486 κενὴν
2597 1418 2799 1484 ταύτην
2831 1415 3225 1472 διαπτύσαντες
3253 1409 3572 1478 φαντασίαν·
3609 1405 3786 1462 άλλως
3808 1420 3864 1454 τε
3900 1402 3973 1465 δε,

2409 1510 2527 1563 οὖδέ
2550 1507 2849 1576 ἐμμίσθους
2889 1505 2984 1566 τὰς
3018 1503 3166 1571 παρὰ
3203 1500 3334 1553 Θεοῦ
3367 1499 3610 1558 δοθείσας
3638 1498 3766 1565 ἡμῖν
3800 1492 3971 1557 παρὲ-

2410 1618 2572 1671 χομεν
2625 1599 2868 1669 χάριτας,
2901 1595 3108 1661 δωρεάν
3143 1593 3419 1652 λαὸόντες,
3451 1590 3546 1642 καὶ
3578 1589 3715 1655 δωρε
3731 1586 3791 1637 ἂν
3840 1583 3973 1635 5'36-

2408 1712 2493 1746 ναι
2526 1689 2964 1758 κεκελευσμένοι.
3003 1685 3161 1739 Ἀλλά
3186 1683 3286 1736 ποῦ
3316 1700 3415 1746 σοι,
3440 1682 3656 1750 φησὶνή
3689 1679 3973 1744 θυγάτηρ;

2411 1788 2519 1838 Καὶ
2549 1788 2581 1853 ὴ
2613 1782 2902 1845 Φαυστίνα,
2931 1779 3005 1840 ὡς
3035 1776 3146 1847 εἶχε
3173 1777 3385 1846 τάχους,
3411 1773 3568 1833 εὐθὺς
3602 1771 3682 1832 είς
3702 1769 3792 1819 τὸν
3821 1768 3975 1818 θάλαο

745 1861 794 1911 in
834 1860 1149 1924 thalamum,
1185 1872 1237 1915 et
1287 1875 1561 1932 saeptam
1609 1865 1768 1917 tiliam
1807 1863 2030 1916 attrahit
2074 1863 2139 1916 ad
2184 1878 2306 1915 sau-

2416 1877 2513 1946 μόν
2539 1893 2593 1927 τε
2624 1873 2911 1942 είστρέχει,
2961 1872 3052 1924 καὶ
3101 1872 3197 1940 τῆς
3254 1867 3440 1928 παιδὸς
3485 1864 3622 1932 αὑτὴ
3675 1861 3973 1929 λαϐομένη,

741 1961 885 2003 ctum
911 1968 1068 2019 quam
1115 1955 1344 2007 maximo
1390 1955 1578 2008 ardore
1623 1966 1677 2008 et
1729 1955 1908 2009 studio
1949 1954 2055 2007 dici
2110 1962 2301 2020 potest.

743 2042 978 2096 Puellam
1035 2059 1160 2098 tero
1215 2046 1524 2099 inhabitans
1574 2046 2024 2098 sceleratissimus
2074 2046 2305 2105 daemon,

742 2150 863 2186 eum
896 2137 1229 2204 cognovisset
1268 2153 1324 2190 se
1364 2137 1427 2189 ad
1463 2153 1585 2191 cum
1621 2138 1836 2200 abduci,
1868 2154 1896 2190 a
1948 2153 2057 2206 quo
2105 2139 2307 2192 sciebat

742 2240 799 2277 se
831 2227 978 2293 prius
1021 2227 1186 2282 fuisse
1241 2239 1575 2298 snperatmn,
1610 2230 1946 2298 discerpebat
1993 2231 2222 2297 puellam
2254 2240 2306 2282 et

741 2318 1066 2385 dejiciebat:
1125 2322 1334 2381 timere,
1389 2322 1722 2382 conturbari,
1773 2330 2024 2384 tremere,
2077 2321 2306 2388 caligare

743 2409 993 2462 faciebat.
1024 2411 1228 2464 Deinde
1265 2413 1421 2464 etiam
1459 2428 1641 2464 vocem
1671 2427 1733 2464 ex
1779 2427 1842 2464 ea
1877 2412 2176 2472 emittebat,
2229 2412 2304 2464 di-

742 2509 954 2552 centem
989 2515 1001 2551 ε
1038 2499 1196 2560 Ecce,
1248 2499 1461 2566 Aberci,
1495 2515 1592 2569 ego
1647 2509 1696 2551 te
1733 2500 1952 2552 Romam
1987 2500 2133 2560 duxi,
2171 2502 2307 2552 sicut

743 2606 861 2642 sum
912 2591 1198 2660 pollicitus.
1237 2592 1328 2646 Ille
1358 2601 1574 2645 autem:
1614 2591 1792 2652 Certe,
1832 2593 2045 2659 inquit:
2089 2593 2180 2645 sed
2217 2608 2307 2643 ue-

744 2698 1009 2752 quaquam
1061 2692 1343 2751 propterea
1391 2682 1667 2753 gaudebis.
1720 2682 1808 2735 Sic
1863 2682 2015 2745 dixit,
2072 2691 2123 2733 et
2153 2681 2306 2749 jubet

745 2773 977 2842 puellam
1023 2775 1143 2827 duci
1189 2774 1286 2828 sub
1338 2773 1445 2827 dio.
1499 2774 1664 2827 Ducta
1709 2784 1791 2827 est
1835 2790 1959 2842 ergo
2004 2773 2177 2842 puella
2213 2789 2307 2839 per

745 2865 1194 2934 Hippodromum,
1232 2881 1351 2919 cum
1399 2865 1740 2934 imperatoris
1761 2867 2014 2919 satellites
2045 2876 2097 2917 et
2128 2876 2310 2917 custo-

744 2961 839 3012 des
874 2960 1045 3011 locum
1085 2959 1239 3025 prius
1273 2969 1648 3026 occupassent.
1700 2958 1917 3010 Interim
1965 2965 2143 3007 autem
2183 2971 2307 3008 cum

745 3052 833 3104 ille
879 3048 1168 3118 impudens
1211 3057 1266 3101 et
1312 3049 1604 3102 sceleratus
1640 3047 1846 3099 dzemon
1891 3046 2220 3113 discerperet
2255 3055 2307 3099 et

745 3143 1003 3211 dejiceret
1029 3141 1279 3211 puellam,
1309 3149 1362 3194 et
1393 3139 1524 3192 nihil
1563 3139 1708 3194 aliud
1753 3139 2008 3192 clamaret
2036 3137 2136 3189 nisi
2165 3136 2306 3205 quod

747 3237 918 3289 solum
959 3234 1290 3301 significabat
1321 3249 1376 3286 se
1421 3232 1641 3299 gloriari
1675 3241 1729 3284 et
1769 3233 1993 3298 jactare,
2038 3230 2177 3297 quod
2216 3241 2311 3296 per

747 3343 804 3381 se
829 3327 1070 3379 duxisset
1092 3339 1336 3379 sanetum
1370 3339 1463 3391 per
1492 3333 1698 3375 tantum
1730 3331 1884 3374 teme
1912 3329 1965 3373 et
1997 3319 2158 3372 maris
2184 3335 2308 3386 apa-

749 3422 881 3472 tium
917 3433 928 3470 :
968 3417 1191 3472 sublatis
1250 3417 1301 3470 in
1360 3416 1553 3470 coelum
1619 3414 1816 3480 oculis,
1861 3412 2140 3478 Abercius,
2186 3427 2306 3466 cum

729 3492 916 3563 Deum
953 3520 1098 3562 esset
1131 3519 1398 3576 precatus,
1443 3507 1671 3575 puellam
1706 3517 1900 3559 acriter
1936 3505 2192 3564 intuetur,
2229 3515 2304 3557 et:

746 3601 826 3656 Ab
856 3616 939 3663 ea,
995 3601 1187 3668 inquit,
1235 3601 1516 3668 egredere,
1569 3597 1798 3662 maligne
1853 3597 2085 3657 daemon,
2137 3593 2309 3662 ipsam

749 3692 882 3746 nihil
925 3692 1224 3746 oll‘endens.
1262 3689 1378 3741 Tibi
1423 3689 1523 3741 hoc
1566 3686 1720 3755 jubet
1768 3684 2014 3741 Christus
2061 3700 2228 3738 meus.
2259 3684 2307 3738 Is

750 3797 898 3844 vero,
929 3781 1141 3834 leonina
1191 3781 1274 3833 illa
1325 3780 1546 3834 audacia
1578 3779 1754 3829 statim
1802 3786 2005 3829 mutata
2045 3776 2098 3828 in
2131 3776 2307 3841 vulpis

753 3872 1146 3927 timiditatem:
1200 3871 1401 3936 Adjuro
1451 3877 1498 3920 te
1551 3883 1648 3937 ego
1692 3881 1931 3935 quoque,
1982 3865 2176 3933 inquit,
2214 3879 2308 3934 per

747 3964 924 4033 ipsqu
971 3965 1280 4028 Christum,
1334 3979 1400 4016 ne
1443 3980 1528 4018 me
1586 3963 1767 4017 mittas
1820 3965 1872 4016 in
1932 3963 2302 4024 solitudinem,

748 4073 923 4127 neque
961 4058 1125 4111 ullum
1157 4057 1318 4108 alium
1350 4057 1546 4116 locum,
1577 4055 1678 4107 nisi
1705 4055 1754 4105 in
1792 4070 1938 4116 emn,
1991 4054 2041 4105 in
2074 4070 2180 4122 quo
2213 4055 2309 4106 lia-

747 4151 1004 4205 bitabam.
1039 4148 1266 4198 Sanctus
1321 4156 1498 4198 autem
1535 4163 1547 4198 :
1588 4145 1774 4199 Abibis
1825 4145 2062 4214 quidem,
2111 4143 2302 4212 inquit,

746 4255 856 4297 non
897 4238 948 4291 in
997 4235 1362 4299 solitudinem,
1399 4233 1491 4288 sed
1540 4235 1590 4287 in
1619 4234 1792 4288 locum
1839 4243 2141 4303 paternum.
2177 4232 2304 4287 Pro-

747 4344 931 4403 pterea
968 4341 1168 4393 autem,
1202 4330 1341 4396 quod
1375 4346 1458 4383 me
1486 4329 1662 4384 fecisti
1694 4329 1872 4381 videre
1909 4326 2154 4390 Romam,
2190 4329 2304 4395 ipse

744 4437 960 4491 quoque
997 4419 1090 4472 tibi
1137 4419 1303 4486 jubco
1349 4420 1400 4470 in
1448 4418 1666 4470 nomine
1719 4416 1868 4476 Jesu.
1899 4425 1956 4469 ut
1986 4415 2124 4469 hanc
2155 4431 2302 4468 aram

2413 1969 2694 2033 ἐφέλκεται
2723 1969 2854 2037 πρὸς
2884 1969 2976 2018 τὸν
3008 1965 3186 2031 ἆγιον,
3211 1963 3330 2030 μεθ’
3359 1961 3491 2027 ὅσης
3527 1957 3592 2009 ἂν
3637 1954 3742 2022 τῆς
3779 1952 3976 2020 θερμό-

2413 2076 2570 2125 τητος
2601 2059 2772 2118 είποις
2808 2058 2901 2108 καὶ
2935 2057 3030 2124 τῆς
3057 2053 3311 2121 σπουδῆς.
3339 2051 3397 2102 Ὀ
3427 2050 3613 2118 μέντοι
3645 2043 3889 2097 ἐποικῶν
3917 2046 3974 2110 τῇ

2413 2150 2564 2201 παιδὶ
2598 2149 2961 2216 πονηρότατος
2985 2145 3215 2212 δαίμων,
3241 2141 3364 2194 ἐπεὶ
3409 2141 3543 2209 πρὸς
3575 2136 3742 2190 αὐτὸν
3774 2132 3976 2198 άπαγὸ-

2416 2259 2572 2310 μενος
2598 2242 2756 2306 ἔγνω,
2777 2232 2835 2290 οἶ)
2861 2239 2955 2288 καὶ
2983 2235 3246 2302 πρότερον
3276 2232 3566 2298 ἐγίνωσκεν
3587 2227 3868 2297 ἡττηθεὶς,
3899 2227 3976 2275 i3-

2414 2336 2655 2400 7‘5‘93775
2687 2332 2782 2397 τὴν
2814 2329 2997 2391 παῖδα,
3029 2324 3348 2385 κατέϐαλλε,
3375 2319 3975 2386 δεδοικέναι,ταράττεο

2416 2425 2561 2484 σθαι,
2587 2423 2826 2492 τρέμειν,
2859 2420 3095 2489 ίλιγγιᾷν
3134 2416 3324 2469 ἐποίει.
3356 2411 3486 2468 Εῐτα
3542 2415 3638 2466 καί
3700 2411 3888 2482 φωνὴν
3918 2413 3974 2461 ἐκ

2413 2516 2612 2582 ταύτης
2671 2514 2840 2582 ἠφίει,
2885 2512 3038 2572 Ἰδοὺ,
3105 2509 3376 2578 Ἀὅὲρκιε,
3425 2506 3717 2572 λέγουσαν,
3771 2505 3867 2555 καὶ
3902 2504 3972 2559 είς

2424 2609 2639 2676 Ῥώμην
2673 2623 2729 2658 σε
2761 2607 2989 2672 ἤγαγον,
3021 2602 3206 2668 ὥσπερ
3245 2599 3353 2666 ἄρα
3379 2593 3805 2663 ἐπηγγειλάμην
3827 2632 3841 2654 ,
3871 2593 3897 2640 ό
3925 2589 3974 2638 δὲ

2412 2702 2535 2762 Ναὶ,
2568 2698 2750 2766 φησίν·
2781 2695 2894 2749 ἀλλ’
2919 2694 2980 2744 οὑ
3018 2691 3297 2760 χαιρήσεις
3323 2686 3511 2738 τοὺτου
3547 2701 3609 2751 γε
3633 2686 3849 2734 ἕνεκεν.
3876 2679 3971 2733 Οὖ-

2413 2805 2516 2849 τως
2559 2789 2661 2852 ἔφη
2690 2786 2783 2836 καὶ
2816 2787 2912 2848 τὴν
2944 2782 3111 2849 κόρην
3164 2779 3243 2840 είς
3295 2775 3562 2846 ὕπαιθρον
3612 2773 3854 2841 ἀχθῆναι
3885 2787 3968 2823 xs-

2414 2880 2585 2932 λεύει.
2626 2875 2800 2944 Ἤχθη
2823 2869 2913 2928 οὖν
2943 2875 3043 2927 ἀνά
3059 2871 3148 2925 τὸν
3183 2871 3531 2939 Ἰππόδρομον
3553 2868 3587 2934 ἡ
3611 2869 3765 2929 παῖς,
3807 2865 3973 2916 ὐπασ-

2417 2972 2622 3025 πιστῶν
2655 2986 2713 3021 τε
2747 2965 3042 3036 βασιλικῶν
3076 2964 3337 3034 πρότερον
3366 2963 3458 3012 καὶ
3481 2959 3737 3028 φρουρῶν
3761 2956 3857 3007 τὸν
3888 2955 3967 3006 τό·

2414 3083 2512 3118 πον
2537 3061 2919 3126 διαλαϐόντων,
2944 3060 3002 3110 ἐν
3037 3056 3211 3123 τούτῳ
3242 3054 3296 3105 δέ
3336 3052 3428 3103 τοῦ
3472 3048 3723 3108 άναιδοῦς
3771 3046 3971 3097 ἐκείνου

2416 3157 2507 3206 καὶ
2544 3152 2740 3220 μιαροῦ
2780 3148 3052 3217 δαίμονος,
3071 3141 3474 3212 σπαράττοντός
3497 3157 3557 3191 τε
3581 3139 3677 3190 καὶ
3709 3135 3969 3189 καταὸάλο

2413 3226 2596 3305 λοντος
2626 3244 2724 3310 τὴν
2781 3240 2982 3309 κόρην,
3013 3238 3105 3290 καὶ
3153 3235 3303 3288 οὐδὲν
3350 3232 3475 3288 ἄλλο
3515 3229 3753 3300 βοῶντος
3788 3229 3866 3280 ὅτι
3902 3227 3968 3294 μὴ

2412 3337 2478 3390 τά
2515 3335 2685 3407 ὀφρὺν
2718 3333 2813 3386 καὶ
2848 3331 3058 3400 κόμπον
3108 3327 3372 3397 δηλοῦντα
3424 3324 3606 3393 μόνον,
3664 3321 3752 3391 ἐφ’
3786 3315 3829 3388 ᾧ
3883 3323 3965 3372 τὶν

2413 3432 2565 3498 ἅγιον
2599 3427 2867 3488 τοσαύτην
2897 3423 3173 3477 θάλασσάν
3203 3437 3262 3472 τε
3297 3419 3391 3471 καὶ
3419 3420 3520 3486 γῆν
3549 3416 3616 3469 δι’
3643 3416 3810 3467 αὑτὸν
3843 3415 3971 3480 άγάο

2411 3524 2617 3589 γοι,τδ
2643 3519 2796 3585 ὖμμα
2824 3519 2901 3576 είς
2945 3515 3206 3582 οὐρανοὺς
3279 3509 3484 3576 ἐπάρας
3544 3506 3828 3573 Ἀεὲρκιος
3887 3506 3973 3555 καὶ

2413 3609 2847 3682 προσευξάμενος
2877 3604 2954 3676 τῷ
2987 3604 3125 3674 Θεῷ,
3151 3600 3312 3671 δριμύ
3343 3616 3399 3651 τε
3422 3601 3488 3667 τῇ
3521 3598 3657 3665 κόρῃ
3692 3596 3970 3663 ἐμϐλέπει,

2413 3709 2504 3757 καὶ
2527 3702 2769 3770 Ἔξελθε,
2792 3701 2941 3771 φησὶ,
2963 3697 3188 3766 ταύτης,
3209 3692 3409 3763 πονηρὲ
3425 3692 3641 3760 δαῖμον.
3663 3688 3972 3742 Ἐπιτάστει

2411 3813 2492 3847 σοι
2528 3794 2761 3864 Χριστὸς
2785 3795 2811 3844 ὁ
2839 3795 2993 3860 ἐμὸς,
3031 3788 3196 3860 μηδὲν
3245 3785 3414 3854 αὐτὴν
3473 3782 3878 3852 λυμηνάμενος.
3915 3774 3969 3827 ὐ

2407 3889 2463 3942 δὲ
2492 3887 2652 3948 εὐθὺς
2682 3887 2741 3938 τὸ
2769 3883 3031 3936 λεόντειον
3065 3882 3239 3934 ἐκεῖνο
3265 3878 3462 3948 θράσος
3494 3876 3573 3935 είς
3600 3873 3814 3926 δειλίαν
3841 3869 3968 3924 άλώ-

2410 3996 2572 4038 πεκος
2610 3962 3057 4044 μεταὸεὸληιιὼς,
3098 3969 3331 4040 Ὁρκίζω
3379 3983 3438 4019 σε
3468 3963 3795 4032 κάγὼ,ἐφη,
3839 3963 3974 4016 κατα

2409 4069 2499 4121 τοῦ
2530 4065 2694 4120 αὑτοῦ
2728 4058 2989 4132 Χριστοῦ,
3018 4061 3092 4131 μὴ
3124 4063 3202 4120 είς
3236 4057 3474 4126 ἐρημίαν
3501 4071 3590 4124 με,
3622 4054 3699 4122 μὴ
3731 4055 3810 4115 είς
3857 4055 3970 4104 ’ἐτεο

2411 4177 2502 4230 ρον
2535 4156 2858 4224 ἀποπέμψαι
2888 4149 3228 4205 τόπον·άλλ’
3276 4147 3402 4200 ἔνθα
3451 4146 3515 4216 δὴ
3566 4147 3664 4196 καὶ
3716 4145 3974 4215 πρότερον

2406 4251 2604 4320 ᾠκουν.
2629 4248 2736 4302 Καὶ
2770 4247 2858 4299 τὸν
2889 4245 3044 4312 ἆγιον
3067 4260 3081 4274 ·
3120 4237 3421 4307 Ἀπελεύσῃ
3475 4237 3574 4307 μὲν
3605 4236 3709 4289 οὐκ
3737 4239 3816 4294 εἰς
3856 4239 3974 4303 ἐρηο

2411 4343 2559 4409 μίαν,
2590 4339 2702 4392 ἀλλ’
2732 4338 2812 4397 εἰς
2860 4335 2950 4386 τὸν
3006 4335 3170 4386 τόπον
3225 4331 3314 4383 τὸν
3350 4330 3640 4396 πατρικόν.
3683 4326 3830 4380 Ἀνθ’
3860 4325 3973 4377 ὅτου

2407 4431 2462 4483 δέ
2490 4445 2554 4498 με
2589 4428 2682 4481 καὶ
2707 4427 2803 4496 τὴν
2841 4424 3066 4492 Ῥώμην
3093 4423 3223 4474 ίδεῖν
3257 4419 3540 4483 ἐποίησας,
3575 4418 3858 4468 ὲπιτάττω
3899 4433 3970 4465 σοι

747 4517 922 4578 tollas,
954 4515 1022 4582 (ei
1049 4528 1208 4566 manu
1241 4512 1528 4568 ostendens
1556 4527 1700 4565 aram
1749 4492 2034 4581 lapideam)
2081 4519 2134 4564 et
2166 4510 2305 4564 feras

2412 4492 2502 4571 xui.
2534 4517 2694 4579 αὐτὸς
2727 4492 2886 4568 πάλιν
2921 4515 2977 4565 ἐν
3002 4509 3077 4581 τῷ
3135 4509 3356 4577 ὀνόματι
3396 4506 3572 4576 Ἰησοῦ
3640 4506 3734 4556 τὸν
3802 4505 3973 4574 βωμὸν

746 4624 916 4677 usque
970 4608 1034 4660 ad
1105 4622 1276 4660 meam
1326 4605 1647 4674 Hierapolim
1703 4613 1758 4658 et
1822 4615 2026 4658 statuas
2089 4613 2308 4672 propter

745 4708 954 4768 portam
999 4697 1316 4748 australem.
1354 4695 1573 4748 Audivit
1604 4693 1834 4748 dmmon.
1879 4700 1933 4744 et
1979 4692 2158 4744 statim
2188 4701 2304 4746 tan-

741 4803 902 4857 quam
935 4801 1142 4845 servus,
1169 4786 1256 4853 qui
1289 4784 1536 4840 terrribili
1561 4783 1778 4837 domino
1811 4783 1998 4837 didicit
2029 4782 2222 4836 cedere
2250 4781 2304 4833 in

743 4879 1015 4938 omnibus,
1051 4879 1253 4932 recedit
1297 4878 1510 4945 quidem
1542 4892 1570 4929 a
1599 4877 1792 4944 puella,
1839 4876 1972 4929 nihil
2003 4876 2052 4929 ei
2084 4873 2306 4930 omnino

743 4969 867 5023 mali
898 4968 1121 5021 faciens.
1151 4968 1355 5021 Deinde
1386 4967 1866 5020 innumerabilibus
1909 4967 2081 5019 orulis
2123 4964 2306 5017 viden-

743 5061 889 5116 tibus
945 5062 1013 5129 (o
1062 5059 1180 5128 quis
1228 5070 1314 5112 tua
1369 5057 1546 5112 omnia
1595 5072 1702 5108 nou
1763 5056 2154 5113 admirabitur.
2215 5069 2308 5106 rex

741 5152 954 5204 Christe
973 5151 1013 5216 ?)
1047 5165 1192 5204 aram
1223 5149 1383 5209 subit,
1411 5159 1465 5201 et
1511 5147 1647 5200 tollit
1697 5145 1930 5213 graviter
1973 5159 2217 5214 gemens,
2255 5152 2307 5195 et

745 5243 937 5300 transit
968 5258 1061 5310 per
1114 5240 1343 5293 medium
1380 5237 1829 5305 Hippodromum,
1874 5235 2035 5301 (quod
2089 5235 2305 5303 quidem

742 5334 916 5384 visum
954 5342 1033 5384 est
1062 5345 1258 5382 novum
1288 5325 1546 5380 Romanis
1573 5324 1967 5392 spectaculum)
2003 5337 2052 5379 et
2082 5325 2306 5394 deponit

744 5423 1012 5491 Hierapoli
1046 5422 1096 5481 in
1131 5424 1245 5476 loco
1274 5421 1597 5490 praestituto.

817 5756 837 5788 ⁸
863 5756 1001 5812 Psal.
1036 5775 1218 5826 l..\\'tlt,
1251 5761 1300 5816 ὅ.
1382 5762 1398 5791 ‘
1430 5759 1618 5814 Matth.
1662 5776 1711 5825 χ,
1742 5760 1793 5815 8.

2409 4611 2594 4663 τοῦτον
2627 4604 2756 4679 ἆραι
2809 4605 3008 4676 (δείξας
3039 4600 3186 4671 αὐτῷ
3228 4602 3291 4670 τῇ
3339 4597 3481 4669 χειρὶ
3523 4595 3710 4666 βωμὸν
3755 4595 3969 4656 λίθινον)

2413 4704 2576 4771 μέχρι
2607 4718 2666 4753 τε
2707 4698 3060 4768 Ἱεραπόλεως
3091 4694 3190 4762 τῆς
3225 4693 3364 4761 ἐμῆς
3393 4691 3667 4758 ἐνεγκεῖν,
3697 4689 3794 4740 καὶ
3834 4689 3972 4753 παρὰ

2410 4799 2473 4864 τῇ
2535 4795 2694 4862 νοτίῳ
2758 4793 2977 4860 φέροντι
3031 4786 3384 4856 παραστῆσαι
3435 4781 3963 4850 π·3λῃ.’11κουσενο

2409 4886 2636 4954 δαίμων,
2661 4883 2753 4936 καὶ
2770 4881 2930 4942 εὐθὺς
2959 4874 3046 4931 οἷα
3071 4877 3255 4936 δοῦλος
3285 4871 3500 4943 φοϐερῷ
3530 4872 3776 4942 δεσπότῃ
3806 4874 3968 4924 πάντα

2409 4976 2651 5028 ὑπείκειν
2669 4973 3095 5040 πεπαιδευμένος
3119 4966 3519 5020 ἀπαλλάττεται
3545 4964 3648 5034 μὲν
3667 4967 3766 5032 τῆς
3788 4965 3966 5032 κόρης,

2411 5071 2530 5141 μηδ’
2583 5069 2758 5124 ὁτιοῦν
2831 5065 2998 5135 αὐτὴν
3057 5063 3257 5132 δράσας
3312 5059 3502 5112 κακόν.
3560 5053 3697 5109 Εἶτα
3766 5057 3966 5126 μυρίων

2405 5165 2655 5234 ὁρώντων
2695 5159 2957 5230 ὀμμάτων
2992 5155 3058 5225 (ὣ
3086 5155 3167 5216 τίς
3205 5153 3278 5222 μὴ
3315 5151 3585 5219 θαυμάσει
3632 5167 3729 5201 σου
3772 5153 3966 5211 πάντα,

2407 5255 2606 5326 Χριστέ
2633 5251 2910 5324 βασιλεῦ;)
2943 5249 3242 5318 ὑπέρχεται
3295 5245 3386 5296 τὸν
3429 5242 3615 5311 βωμὸν
3670 5243 3768 5294 καὶ
3825 5245 3964 5293 άναιο

2409 5350 2601 5415 ρεῖται,
2630 5345 2765 5414 βαρὺ
2800 5341 3077 5404 στενάξας,
3108 5339 3200 5391 καὶ
3222 5337 3386 5390 δίεισε
3421 5335 3510 5386 διὰ
3558 5333 3656 5386 τοῦ
3700 5333 3967 5402 Ἱπποδρό-

2414 5438 2735 5507 μου(καινδν
2775 5435 2837 5504 δη
2883 5433 3040 5485 τοῦτο
3089 5431 3269 5498 θέαμα
3341 5427 3695 5494 Ῥωμαίοις),
3760 5433 3855 5477 και
3902 5424 3968 5491 τῷ

2408 5530 2695 5602 ὡρισμένῳ
2722 5530 2899 5598 φέρων
2931 5523 3273 5591 ἐναποτίθησι
3313 5523 3458 5589 τόπῳ
3482 5521 3626 5572 κατά
3672 5520 3771 5590 τὴν
3820 5517 3965 5589 Ἰερά-

2408 5623 2524 5675 πολι
2534 5641 2578 5678 ν.
