4142 6506
172 416 302 482 1241

1493 426 1667 490 νιϊΑ
1712 428 1774 488 S.
1814 426 2143 492 ABERCII.

3300 435 3435 497 1242

241 533 371 587 Kl".
402 534 472 588 Ἢ
497 536 554 589 δέ
579 536 712 608 κόρη
733 536 827 591 τοῦ
861 539 1206 608 ἐνοχλοῦντος
1253 541 1629 608 ἀπαλλαγεῖσα
1654 539 1736 591 δαί

1941 541 2128 599 XXIII.
2165 543 2347 599 Puella
2378 554 2559 599 autem
2594 546 2817 601 liberata
2842 561 2871 600 a
2902 546 3165 612 daemone,
3191 550 3281 618 qui
3312 566 3433 605 eam

172 641 355 693 μονος,
385 627 606 695 ἄφωνος
640 630 732 681 ἐπὶ
764 631 934 685 πολὺν
980 634 1172 701 χρόνον
1214 635 1324 687 τῶν
1372 635 1547 688 ποδῶν
1579 635 1756 703 εἴχετο

167 714 265 767 τοῦ
296 716 463 783 ἁγίου
488 735 502 751 ·
548 719 575 771 ὃ
620 722 716 773 καὶ
736 722 977 801 μάλιστα
1006 724 1105 794 τὴν
1138 727 1351 795 μητέρα
1378 728 1471 779 καὶ
1506 728 1631 790 τοὺς
1660 744 1756 778 πα-

169 806 371 872 ρόντας
436 810 717 881 ἐθορύϐει,
770 813 1080 878 δεδοικότας
1117 818 1191 887 μὴ
1228 819 1323 871 καὶ
1366 818 1464 889 τὴν
1510 819 1688 888 ψυχὴν
1726 820 1754 871 ὁ

166 897 385 968 δαίμων
409 903 668 970 ἀφείλετο
709 908 806 974 τῆς
837 908 1043 971 παιδός.
1074 910 1188 978 Τὴν
1232 911 1415 978 μέντοι
1448 910 1752 965 Φαυστίναν

169 991 246 1060 μὴ
272 992 580 1065 δυνηθῆναι
619 1001 793 1066 σιωπῇ
825 998 987 1052 τοῦτο
1026 1001 1322 1071 διενεγκεῖν
1348 1046 1361 1068 ,
1386 1004 1520 1056 ἀλλὰ
1547 1023 1611 1074 με
1624 1004 1752 1073 στῆν

166 1082 415 1148 ἀγωνίας
438 1087 672 1156 ἔχουσαν
700 1088 797 1158 τὴν
827 1093 1076 1161 καρδίαν,
1096 1095 1233 1164 πρὸς
1256 1095 1344 1147 τὸν
1375 1094 1527 1163 ἆγιον
1550 1098 1715 1165 φάναι
1732 1111 1745 1126 ·

166 1169 243 1226 Ἦ
272 1191 381 1229 που
418 1178 558 1246 μετά
592 1180 687 1231 τοῦ
744 1180 1011 1251 δαίμονος
1062 1185 1378 1255 ἁπήλλαξας
1424 1188 1523 1254 τὴν
1580 1188 1749 1240 παῖδα

167 1265 265 1317 καὶ
302 1267 407 1335 τῆς
447 1269 611 1338 ζωῆς.
658 1270 719 1323 Ὀ
748 1271 803 1325 δὲ
830 1274 1003 1338 οὕτως
1030 1278 1199 1348 αὐτὴν
1218 1277 1566 1349 διακειμένην
1600 1280 1747 1346 ίδὼν,

166 1357 263 1407 καὶ
303 1359 608 1427 οἰκτείρας,
632 1361 732 1433 τὴν
761 1366 917 1433 χεῖρα
944 1369 1009 1436 τῇ
1044 1369 1195 1421 παιδὶ
1226 1374 1535 1438 προτείνας,
1557 1373 1747 1445 ὥσπερ

166 1448 274 1499 ὑπὸ
314 1447 480 1517 βαθεί
506 1453 657 1524 ὕπνῳ
706 1457 1171 1529 κατειλημμένην,
1226 1464 1503 1531 νήφουσαν
1545 1467 1749 1538 ἐγείρει

163 1542 261 1591 καὶ
302 1544 714 1612 σωφρονοῦσαν,
743 1551 836 1601 καὶ
868 1550 1003 1619 πρὸς
1033 1552 1131 1622 τὴν
1159 1554 1463 1611 Φαυστίναν
1485 1559 1746 1629 ἐπιστρα-

164 1631 326 1698 φεὶς,
381 1635 540 1701 Ἰδοὺ,
588 1641 745 1708 φησὶ,
774 1643 1090 1713 παρέστηκέ
1125 1662 1204 1698 σοι
1246 1648 1277 1715 ἡ
1309 1650 1598 1715 παίς,οῦτε
1650 1654 1747 1723 τῆς

162 1722 318 1793 ζωῆς
355 1729 705 1800 στερηθεῖσα,
750 1736 842 1785 καὶ
891 1734 988 1805 τῆς
1027 1736 1121 1790 τοῦ
1173 1738 1423 1810 δαίμονος
1483 1722 1746 1815 ἐπηρείας

160 1816 573 1886 ἀπαλλαγεῖσα.
608 1819 695 1885 Ὠς
732 1819 824 1877 οῦν
853 1824 997 1879 οὓτω
1024 1828 1119 1895 τὴν
1143 1833 1363 1903 παῖδαὴ
1400 1836 1581 1906 μήτηρ
1616 1831 1744 1899 είδε,

160 1912 553 1980 περιϐαλοῦσα
588 1917 823 1987 ταύτην,
848 1922 945 1973 καὶ
974 1922 1184 1993 δάκρυα
1214 1929 1387 1995 χαρᾶς
1418 1930 1553 1999 αὐτῇ
1583 1947 1748 1984 κατα-

158 2001 363 2070 χέασα,
429 2008 663 2077 παρειάν
698 2025 754 2060 τε
795 2014 1005 2083 παρειᾷ
1056 2016 1318 2079 ἐπετίθει,
1372 2019 1465 2071 καὶ
1518 2020 1744 2089 στόματι

161 2093 366 2162 στόμα.
398 2097 553 2164 χερσί
582 2114 639 2149 τε
679 2100 935 2155 ἐνέϐαλλε
974 2106 1183 2174 χεῖρας,
1212 2108 1305 2160 καὶ
1357 2107 1543 2178 ὥσπερ
1596 2108 1743 2161 ἔνδον

156 2184 351 2238 λαϐετν
376 2189 476 2240 καὶ
511 2193 689 2261 γυμνῇ
733 2194 873 2265 αὐτῇ
909 2198 1268 2264 συγγενέσθαι
1300 2202 1363 2270 τῇ
1389 2201 1532 2269 ψυχῇ
1560 2201 1743 2272 γλιχο-

160 2276 331 2345 μένη,
356 2280 460 2330 οὐκ
485 2275 630 2349 εἶχεν
661 2283 689 2335 ὅ
728 2301 778 2336 τι
814 2286 906 2339 καὶ
936 2290 1166 2354 γένοιτο.
1204 2290 1418 2362 Ἐπειδὴ
1448 2292 1503 2345 δὲ
1542 2292 1744 2357 ἱκανῶς

158 2367 300 2437 αὐτῇ
336 2369 441 2440 ήδη
470 2372 537 2424 τὰ
570 2375 707 2443 πρὸς
737 2378 836 2447 τὴν
868 2379 1031 2431 παῖδα
1071 2377 1236 2450 εἶχεν,
1266 2384 1416 2452 ἠξίου
1466 2386 1559 2441 τὸν
1604 2387 1745 2441 θεῖον

172 2460 465 2532 Ἀὕέρκιον
520 2467 829 2537 θερμότατα
883 2472 1003 2525 λίαν
1059 2476 1331 2545 ήβασιλὶς
1366 2482 1441 2549 μὴ
1477 2485 1745 2553 παραιτή-

159 2555 365 2609 σασθαι
399 2559 531 2626 παρ’
559 2562 774 2631 ἐκείνης
808 2564 991 2618 λαϐεῖν
1021 2569 1277 2639 ἀμοιϐὴν,
1307 2567 1447 2645 ᾗτινι
1500 2576 1743 2645 μεγάλης

156 2646 337 2711 οὕτως
368 2651 533 2715 αὐτὸς
564 2655 659 2706 καὶ
700 2656 1012 2725 ἀναγκαίας
1054 2661 1264 2731 ὑπῆρξε
1324 2664 1568 2733 χάριτος.
1599 2665 1658 2722 '0
1685 2669 1741 2721 δέ

156 2742 467 2807 χρημάτων
503 2746 603 2812 μὶν
631 2748 751 2801 οὐδὲ
794 2752 1015 2820 μνήμην
1056 2755 1299 2825 ἀτεχνῶς
1341 2757 1595 2828 ἠνέσχετο
1620 2801 1633 2824 ,
1663 2761 1741 2813 εί-

161 2829 351 2921 ρηκὼς
405 2833 488 2886 δτι
529 2836 593 2887 Τί
629 2838 810 2907 δεήσοι
838 2844 1138 2910 χρημάτων
1195 2840 1347 2921 ᾧπερ
1425 2850 1589 2921 ἄρτος
1650 2855 1741 2905 καὶ

158 2920 306 2991 ὕδωρ
368 2922 659 2989 πολυτελὲς
713 2928 972 2997 ἄριοτον;
1022 2920 1535 3007 οίκοδομηθῆναιδὲ
1571 2944 1737 3012 βαλαο

156 3014 301 3066 νεῖον
326 3016 471 3067 αίτεί
503 3017 597 3069 ἐπὶ
626 3018 703 3089 τῷ
734 3022 885 3091 παρὰ
916 3026 1163 3093 ποταμὸν
1192 3030 1370 3098 ἀγρῷ,
1393 3029 1521 3084 ἔνθα
1551 3033 1737 3097 κλίνας

157 3106 323 3171 αὐτὸς
356 3108 427 3161 τὰ
480 3109 682 3175 γόνατα
723 3112 947 3183 ηὔξατο,
983 3121 1076 3172 καὶ
1112 3121 1144 3191 ἡ
1178 3121 1251 3191 γῆ
1309 3124 1492 3193 πηγὰς
1529 3114 1736 3179 ὑδάτων

1774 1879 1824 1939 Β

1861 636 2104 699 vexabat,
2142 648 2284 692 muta
2316 638 2474 709 longo
2508 648 2748 708 tempore
2797 640 2974 693 tenuit
3016 642 3184 695 sancti
3223 643 3431 711 pedes;

1857 727 1999 795 quod
2033 739 2280 795 matrem,
2318 741 2371 785 et
2420 746 2534 796 eos,
2594 732 2682 801 qui
2728 732 2973 797 aderant,
3026 734 3258 789 maxime
3301 751 3435 789 con-

1858 816 2130 881 turbabat,
2175 818 2431 873 timentes
2482 835 2551 873 ne
2603 820 2797 890 puella:
2845 822 3080 876 animam
3118 823 3436 880 abstulisset

1856 906 2087 960 dacmon.
2130 906 2388 963 Faustina
2440 921 2622 965 autem
2678 926 2783 965 non
2817 913 2996 981 potuit
3042 914 3146 970 hoc
3182 915 3323 971 ferre
3359 916 3434 970 si-

1856 994 2022 1057 lentio
2053 1017 2065 1051 :
2097 1000 2189 1053 sed
2224 1001 2427 1055 habens
2458 1017 2553 1055 cor
2594 1004 2813 1066 plenum
2868 1005 3099 1060 tristitia
3145 1016 3198 1060 et
3234 1022 3434 1077 angore

1854 1090 2045 1149 animi.
2095 1092 2233 1146 dixit
2304 1091 2728 1148 sancto:Certe
2789 1111 2914 1150 cum
2972 1098 3215 1153 dmmone
3268 1099 3430 1152 vitam

1854 1197 2069 1251 quoque
2101 1184 2351 1239 ademisti
2386 1186 2527 1241 filiae.
2559 1186 2653 1241 Ille
2679 1198 2859 1242 autem
2895 1205 3018 1244 cum
3048 1207 3167 1246 eam
3208 1192 3433 1249 vidisset

1855 1274 1940 1327 sic
1972 1273 2247 1339 alit-ctam,
2277 1286 2330 1329 et
2350 1277 2468 1345 ejus
2501 1289 2647 1332 esset
2683 1280 2965 1346 misertus,
2985 1283 3175 1352 puellae
3210 1300 3430 1339 manum

1857 1366 2139 1436 praebens,
2192 1377 2445 1439 tanquam
2520 1372 2788 1439 profundo
2846 1388 3038 1426 somno
3089 1389 3427 1442 Oppressam,

1853 1472 1975 1512 eam
2008 1458 2139 1513 facit
2160 1475 2380 1529 surgere
2415 1477 2559 1516 sanae
2600 1462 2797 1517 mentis
2827 1477 3151 1532 compotem.
3192 1466 3259 1519 Et
3300 1482 3431 1519 con—

1853 1566 2048 1608 versus
2092 1553 2161 1607 ad
2217 1555 2578 1609 Faustinam:
2640 1555 2798 1613 Ecce.
2861 1556 3074 1624 inquit,
3132 1558 3282 1610 adest
3335 1560 3423 1611 tibi

1853 1645 2036 1715 puella
2068 1660 2243 1716 neque
2267 1647 2371 1700 vita
2398 1646 2625 1716 privata,
2664 1655 2717 1700 et
2745 1646 2909 1699 libera
2942 1648 3010 1700 ab
3048 1649 3251 1702 insultu
3316 1648 3425 1703 dae-

1855 1739 2050 1794 monis.
2077 1737 2368 1808 Postquam
2401 1752 2531 1807 ergo
2566 1747 2739 1791 mater
2767 1737 2847 1792 sic
2894 1740 3026 1793 vidit
3078 1740 3268 1804 filiam,
3301 1756 3421 1794 eam

1856 1832 2155 1902 complexa,
2184 1841 2239 1886 et
2276 1847 2387 1903 pra:
2414 1832 2609 1903 gaudio
2644 1831 2879 1887 fundens
2907 1832 3194 1904 lacrymas,
3228 1818 3419 1901 genam

1852 1938 2000 1994 genae
2028 1923 2308 1992 imposuit,
2338 1934 2392 1977 et
2421 1939 2483 1978 os
2517 1924 2620 1985 ori,
2668 1930 2723 1977 et
2753 1914 3002 1977 manibUs
3046 1939 3240 1978 manus
3288 1940 3419 1979 con-

1850 2015 2037 2074 seruit.
2069 2024 2125 2069 et
2164 2014 2327 2069 veluti
2376 2014 2603 2082 cupiens
2656 2030 2777 2070 eam
2836 2014 3164 2070 intrinsecus
3223 2031 3420 2085 appre-

1851 2105 2110 2169 hendere,
2138 2115 2193 2160 et
2220 2120 2342 2159 cum
2369 2106 2513 2160 nuda
2554 2104 2666 2175 ipsa
2699 2105 2954 2175 congredi
2984 2106 3181 2169 anima,
3207 2107 3419 2161 nescie-

1848 2200 1939 2255 bat
1986 2200 2114 2268 quid
2171 2210 2379 2270 ageret.
2435 2201 2571 2255 Cum
2605 2210 2786 2256 autem
2822 2200 2998 2270 puella
3043 2202 3264 2271 quidem
3307 2202 3417 2271 jam

1848 2301 1994 2347 recte
2029 2306 2086 2345 se
2126 2290 2374 2355 haberet,
2414 2290 2660 2345 divinum
2708 2290 2999 2346 Abel-cium
3050 2292 3420 2347 vehementis-

1846 2384 1982 2438 sime
2014 2383 2222 2453 rogavit
2248 2381 2586 2451 imperatrix,
2622 2398 2693 2437 ne
2733 2391 3018 2438 recusaret
3047 2382 3115 2437 ab
3158 2400 3220 2439 ea
3273 2384 3420 2439 acci-

1846 2488 1976 2543 pere
2026 2473 2544 2537 remunerationem,
2591 2473 2678 2527 cui
2709 2473 2827 2543 ipse
2858 2474 2959 2528 fuit
2999 2490 3163 2531 causa
3213 2492 3421 2547 magna:

1844 2574 1899 2618 et
1927 2563 2244 2618 necessaria:
2275 2565 2483 2635 gratiae.
2514 2564 2607 2619 llle
2657 2574 2840 2620 autem
2877 2568 3126 2636 pecuniae
3157 2584 3225 2623 ne
3256 2571 3418 2624 suStio

1842 2659 1961 2712 nuit
1990 2658 2211 2727 quidem
2260 2659 2420 2713 ullam
2462 2659 2578 2714 fieri
2618 2662 2972 2727 mentionem,
3007 2662 3234 2717 dicens:
3271 2663 3410 2728 Quid

1842 2751 1890 2805 ei
1920 2766 2056 2819 opus
2081 2749 2244 2805 fuerit
2273 2752 2536 2821 pecuniis,
2569 2752 2656 2806 cui
2698 2752 2851 2821 panis
2891 2763 2947 2807 et
2993 2768 3129 2824 aqua
3169 2767 3251 2810 est
3297 2756 3415 2810 lau-

1844 2851 1954 2898 tum
2004 2853 2060 2898 et
2110 2845 2451 2915 magniﬁcum
2507 2844 2833 2913 prandium?
2907 2843 3050 2899 Petit
3102 2854 3303 2912 autem,
3357 2857 3418 2904 ut

1842 2952 2009 3006 prope
2043 2935 2369 3005 Hierapolim
2404 2944 2714 2988 exstruatur
2746 2935 2999 2989 balneum
3036 2936 3092 2990 in
3125 2952 3276 3008 agro,
3323 2940 3417 3007 qui

1840 3038 1923 3083 est
1956 3039 2175 3098 propter
2207 3028 2457 3091 ﬂuvium,
2493 3026 2582 3081 ubi
2609 3027 2726 3097 ipse
2757 3029 2931 3081 oravit
2963 3026 3114 3084 ﬂexis
3163 3032 3412 3101 genibus,

1838 3124 1891 3169 et
1938 3126 2079 3169 terra
2125 3116 2308 3170 emisit
2343 3114 2521 3169 fontes
2569 3129 2832 3183 aquarum
2865 3114 3207 3181 calidarum;
3258 3129 3314 3173 et
3358 3129 3417 3174 ut

155 3200 329 3269 ἀνῆκε
369 3201 590 3269 θερμῶν
615 3218 628 3232 ⁸
661 3208 971 3274 σιτηρέσιόν
996 3228 1055 3264 τε
1091 3216 1204 3275 τοῖς
1231 3216 1287 3268 ἐν
1323 3217 1389 3285 τῇ
1426 3215 1580 3271 πόλει
1637 3220 1733 3272 αὖε

1839 3206 2118 3271 mendicis,
2170 3208 2263 3275 qui
2311 3214 2468 3260 erant
2509 3204 2564 3258 in
2610 3218 2673 3257 ea
2721 3204 2963 3271 civitate,
3009 3206 3277 3262 darentur
3332 3219 3416 3264 ter

151 3290 248 3342 τοῦ
301 3297 545 3363 πτωχοῖς
603 3296 684 3357 εἰς
746 3299 1074 3369 τρισχιλίους
1118 3306 1332 3371 μοδίους
1366 3307 1727 3380 ἀποταγῆναι.

224 3385 361 3436 KA'.
392 3386 610 3439 Τούτων
644 3390 675 3457 ἡ
712 3388 923 3457 βασιλὶς
962 3394 1077 3462 ἅμα
1101 3412 1159 3447 τε
1193 3397 1417 3469 ἤκουσε,
1444 3402 1537 3455 καὶ
1562 3403 1732 3473 ἀσμέ-

151 3493 257 3540 νως
290 3478 535 3547 ἁρπάζει
558 3478 618 3533 τὺ
645 3482 885 3554 αἰτηθὲν.
916 3485 1282 3557 Κορνηλιανόν
1317 3508 1377 3544 τε
1410 3493 1502 3546 τὸν
1556 3493 1730 3567 ἐπαρη

150 3572 253 3638 χοιί
274 3570 358 3632 ὡς
398 3571 560 3641 τάχος
591 3576 979 3642 μετακαλετται
1010 3581 1104 3631 καὶ
1127 3584 1363 3654 σπουδὴν
1399 3586 1579 3639 πᾶσαν
1606 3588 1727 3640 είσ-

150 3665 403 3731 ενεγκεῖν
435 3667 570 3733 πρὸς
597 3667 663 3718 τὰ
682 3667 969 3736 αἰτηθέντα
991 3670 1227 3737 κελεύει,
1249 3673 1388 3728 ὥστε
1421 3676 1496 3747 μὴ
1523 3679 1733 3748 ἀμϐλῦ-

150 3770 239 3805 ναι
268 3754 374 3823 τὴν
403 3755 563 3824 χάριν
590 3755 699 3808 τῶν
728 3757 936 3829 ταχέως
984 3760 1393 3833 ὑποσχεθέντων
1438 3765 1731 3841 βραδυτῆτι

149 3844 455 3910 διακονίας.
480 3846 635 3901 Οὕτω
683 3850 841 3917 φύσει
891 3851 987 3905 καὶ
1044 3857 1208 3910 πάθει
1230 3860 1407 3929 ψυχῆς
1439 3862 1487 3913 σί
1518 3862 1731 3929 ἄνθρω-

149 3952 241 3989 ποι
273 3938 391 4000 τοῖς
418 3937 634 3991 ὀκνοῦσι
664 3940 762 4004 τὰς
787 3941 996 4013 δωρεὰς
1034 3946 1233 4014 μᾶλλον
1265 3948 1297 4019 ἢ
1325 3951 1439 4014 τοῖς
1483 3950 1617 4021 πρὸς
1670 3951 1731 4004 τὸ

148 4028 346 4083 λαϐεῖν
372 4030 613 4099 ἑτοίμοις
640 4032 876 4103 ἡδόμεθα
928 4037 1280 4109 χαριζόμενοι
1307 4042 1436 4107 τοὺς
1494 4043 1594 4112 μὲν
1642 4043 1730 4098 διὰ

146 4122 208 4174 τὸ
239 4122 439 4193 ἥττους
485 4123 714 4189 ὁρᾶσθαι
742 4126 851 4177 τῶν
903 4127 1195 4196 διδομένων
1242 4133 1727 4203 περιφρονοῦντες,

146 4214 258 4269 τῶν
285 4214 348 4268 δὲ
376 4214 437 4268 τὸ
472 4214 677 4287 ὑψηλὸν
703 4217 1095 4287 ἀσπαζόμενοι.
1144 4222 1201 4275 '0
1247 4222 1491 4295 ἔπαρχος
1524 4228 1730 4297 μέντοι,

150 4306 432 4378 μελλήσας
464 4309 638 4372 οὐδὲν,
666 4309 756 4363 τὸν
774 4311 1132 4381 ἀρχιτέκτονα
1158 4315 1297 4386 πρὸς
1325 4318 1417 4370 τὸν
1439 4320 1556 4373 κατ’
1592 4321 1731 4373 ἐκείσ-

146 4415 207 4453 νο
241 4400 441 4471 καιροῦ
462 4400 699 4470 ἄρχοντα
715 4404 953 4475 Φρυγίας
971 4407 1269 4479 ἐκπέμπει,
1291 4412 1378 4481 ἐφ’
1399 4406 1443 4481 ᾧ
1472 4415 1731 4485 χρήματα

146 4490 338 4545 λαϐεῖν
371 4490 504 4562 παρ’
554 4490 720 4545 αὑτοῦ
753 4491 1032 4566 πρδς’τὴν
1061 4497 1156 4550 τοῦ
1193 4498 1479 4568 βαλανείου
1517 4507 1725 4559 οίκοδο-

151 4582 427 4651 μὴν,δσον
448 4582 640 4647 δέοιτο,
672 4584 762 4636 καὶ
795 4582 1010 4653 μοδίους
1056 4590 1167 4653 τοῖς
1219 4592 1277 4643 ἐν
1317 4594 1383 4663 τῇ
1422 4593 1723 4665 Ἱεραπόλει

148 4675 344 4742 πένησι
394 4675 727 4745 τρισχιλίους
754 4676 1039 4748 ἀπονέμει.
1084 4681 1304 4756 Ἐπειδὴ
1328 4684 1386 4737 δὲ
1417 4689 1513 4740 καὶ
1541 4689 1600 4740 τὸ
1623 4688 1723 4757 βα-

146 4766 358 4818 λανεῖον
391 4767 839 4838 οἰκοδομούμενον
868 4771 1019 4833 τέλος
1064 4770 1233 4843 εἶχεν,
1277 4776 1379 4830 οὐκ
1432 4776 1513 4831 ἔτι
1540 4779 1600 4831 τὸ
1629 4780 1724 4834 ἀπ’

146 4860 358 4914 ἐκείνου
380 4861 533 4927 παρᾶ
551 4862 794 4930 ποταμὸν
818 4864 1148 4935 ’Δγρδς,ἀλλ’
1187 4869 1378 4941 Ἀγρὸς
1406 4871 1625 4941 θερμῶν
1646 4873 1723 4941 τῷ

147 4957 300 5024 τόπῳ
328 4953 393 5006 τὸ
419 4952 591 5021 ὄνομα
610 4968 624 4983 θ
654 4955 747 5006 καὶ
776 4956 835 5007 τὸ
871 4958 1178 5028 σιτηρέσιον
1199 4960 1255 5013 δὲ
1282 4963 1523 5031 διέμεινε
1564 4982 1725 5033 χορη-

144 5050 413 5119 γούμενον
466 5048 571 5111 ἕως
594 5048 701 5101 τῶν
742 5048 1025 5104 Ἰουλιανοῦ
1043 5053 1248 5122 χρόνων
1273 5055 1368 5108 τοῦ
1392 5056 1715 5120 δυσσεϐοῦς.

158 5140 398 5203 Ἐκεῖνος
445 5142 523 5206 δὲ,
556 5142 805 5213 καθάπερ
861 5144 970 5196 τῶν
1016 5147 1189 5201 ἄλλων
1219 5148 1443 5215 ἀγαθῶν
1481 5150 1719 5215 πάντων,

145 5234 386 5305 οὓτωοδὴ
426 5236 518 5287 καὶ
559 5234 750 5287 τούτου
795 5235 1068 5306 φθονήσας
1116 5238 1480 5306 Χριστιανοῖς,
1504 5240 1599 5310 τὴν
1630 5259 1721 5312 χο-

148 5328 346 5396 ρηγίαν
372 5326 532 5388 εὐθὺς
566 5328 778 5396 ἵστησιν

216 5597 349 5650 κε’.
386 5595 447 5647 Ὀ
479 5593 621 5657 θεῖος
674 5595 964 5663 τοιγαροῦν
1006 5595 1311 5666 Ἀϐέρκιος,
1339 5600 1406 5651 ἶν’
1439 5603 1525 5655 ἐπ’
1554 5604 1717 5660 αὐτὸν

148 5686 479 5753 ὶπανίωμεν,
509 5682 801 5751 Ῥωμαίοις
832 5686 1021 5754 χρόνον
1062 5687 1245 5741 ἱκανὸν
1296 5694 1715 5763 συγγενόμενος,

148 5780 239 5831 καὶ
269 5778 362 5832 τὸν
388 5777 699 5845 ὑγιαίνοντα
726 5777 826 5845 τῆς
894 5779 1131 5843 πίστεως
1174 5779 1332 5852 λόγον
1375 5786 1714 5853 Χριστιανῶν

152 5870 421 5941 παραδοὺς
442 5871 775 5943 ἐκκλησίαις,
794 5873 924 5944 ὄναρ
941 5875 1067 5928 ποτὶ
1089 5874 1179 5929 τὸν
1198 5877 1400 5947 Κύριον
1419 5880 1715 5941 ἰπιστάντα

1834 3300 1980 3354 mille
2010 3300 2173 3355 modii
2212 3298 2494 3355 frumenti.

1903 3391 2091 3447 XXIV.
2134 3393 2255 3448 Haec
2297 3393 2458 3448 simul
2504 3404 2667 3465 atque
2718 3395 2926 3449 audivit
2973 3394 3317 3465 imperatrix,
3354 3393 3422 3447 li-

1832 3483 2021 3537 benter
2062 3484 2332 3547 concedit,
2378 3486 2521 3553 quod
2571 3486 2750 3540 fuerat
2787 3486 3015 3555 petitum
3054 3506 3067 3541 :
3106 3498 3158 3541 et
3204 3486 3413 3541 Corne-

1834 3575 2035 3629 Iiannm
2080 3574 2334 3645 praetorio
2366 3574 2683 3645 prazfectum
2723 3578 3120 3645 quamprimum
3161 3578 3414 3642 accersit,

1833 3676 1885 3719 et
1919 3665 2075 3734 jubet
2125 3666 2191 3719 ad
2237 3680 2298 3718 ea
2334 3667 2659 3735 praestanda,
2684 3682 2804 3735 quae
2852 3675 2979 3722 sunt
3022 3665 3207 3737 petita,
3252 3683 3416 3723 omne

1834 3754 2097 3810 adbibere
2153 3754 2412 3822 studium,
2470 3770 2538 3811 ne
2590 3756 2700 3811 cito
2753 3758 3143 3826 promissorum
3189 3760 3415 3827 gratiam

1834 3848 2050 3902 hebetet
2100 3858 2154 3901 et
2205 3848 2457 3903 obscuret
2514 3851 2741 3905 tarditas
2797 3849 3104 3905 ministerii.
3159 3850 3288 3904 Tale
3330 3862 3416 3907 est

1833 3938 2113 3994 hominum
2146 3939 2442 4010 ingenium,
2496 3950 2551 3994 et
2598 3942 2671 3994 ita
2710 3952 2837 3994 sunt
2880 3943 3081 3997 allecti.
3119 3944 3189 3996 Iis
3238 3944 3415 3997 liben-

1836 4033 1943 4089 tius
1974 4032 2358 4103 gratilicamur.
2383 4037 2476 4102 qui
2506 4033 2647 4089 dona
2675 4032 2925 4087 dubitant
2949 4035 3218 4103 accipere,
3247 4052 3410 4105 quam

1832 4125 1922 4188 iis.
1949 4125 2039 4193 qui
2070 4136 2201 4181 sunt
2229 4126 2467 4197 prompti
2501 4127 2567 4181 ad
2600 4127 2975 4197 accipiendum
3013 4145 3026 4181 :
3061 4128 3160 4181 hos
3193 4129 3413 4197 quidem

1830 4217 2213 4288 despicientes,
2266 4220 2410 4287 quod
2458 4220 2746 4272 videantur
2782 4219 2910 4272 victi
2963 4236 2991 4271 a
3040 4221 3408 4275 muneribus:

1833 4312 2050 4367 illorum
2104 4320 2284 4366 autem
2325 4312 2717 4380 amplectentes
2757 4311 2922 4365 animi
2955 4312 3407 4381 magnitudinem.

1832 4402 2127 4459 Praefectus
2178 4412 2360 4458 autem
2394 4405 2631 4473 praetorii
2672 4404 2805 4459 nihil
2854 4415 3168 4468 cunctatus,
3212 4405 3411 4460 emittit

1830 4496 2184 4550 architectum
2232 4495 2299 4547 ad
2349 4496 2631 4564 przesidem
2677 4494 2957 4566 Phrygiae,
3009 4497 3102 4565 qni
3147 4506 3262 4549 erat
3314 4497 3405 4550 illo

1832 4598 2095 4655 tempore,
2125 4594 2182 4640 ut
2206 4587 2468 4656 pecunias
2506 4588 2575 4643 ab
2614 4602 2679 4642 eo
2706 4588 2996 4657 acciperet,
3029 4588 3246 4657 quantis
3268 4604 3407 4657 opus

1825 4695 1943 4739 erat
1964 4682 2033 4737 ad
2066 4682 2318 4738 balneum
2348 4681 2739 4736 exstruendum
2776 4695 2790 4734 :
2825 4688 2880 4735 et
2910 4690 2993 4736 ter
3022 4680 3169 4735 mille
3196 4681 3406 4736 modios

1826 4774 2085 4831 frumenti
2126 4774 2476 4827 distribueret
2510 4773 2864 4841 pauperibus,
2903 4773 2994 4840 qui
3026 4785 3181 4827 erant
3211 4774 3404 4827 Iliera-

1824 4870 1955 4941 poli.
2000 4868 2287 4937 Postquam
2337 4876 2516 4922 autem
2563 4865 2664 4921 fuit
2703 4864 2986 4935 impositus
3023 4864 3147 4920 linis
3185 4866 3403 4932 balneo,

1822 4961 1965 5031 quod
2007 4960 2396 5025 aedificabatur,
2442 4959 2511 5015 ab
2557 4959 2645 5014 illo
2682 4968 2923 5028 tempore
2962 4975 3068 5013 non
3111 4959 3405 5012 vocabatur

1824 5053 2056 5123 amplius
2086 5054 2238 5108 locus
2292 5053 2381 5107 ille
2431 5055 2594 5120 Ager,
2641 5050 2734 5120 qui
2774 5059 2858 5105 est
2887 5059 3113 5120 propter
3153 5049 3402 5115 ﬂuvium,

1822 5144 1917 5199 sed
1952 5145 2092 5213 Ager
2122 5143 2439 5198 calidarum.
2478 5142 2699 5196 Duravit
2731 5149 2912 5194 autem
2962 5140 3111 5193 illius
3144 5139 3403 5195 frumenti

1822 5235 2137 5291 distributio
2192 5250 2365 5304 usque
2420 5233 2487 5289 ad
2530 5244 2777 5301 tempora
2834 5231 2985 5301 impii
3032 5229 3256 5285 Juliani.
3307 5228 3402 5283 Ille

1822 5343 2080 5398 namque,
2107 5328 2381 5397 quomodo
2422 5326 2526 5380 alia
2559 5327 2720 5389 bona,
2760 5324 2832 5378 ita
2864 5325 2967 5378 hoc
3008 5336 3223 5393 quoque
3256 5318 3403 5374 invi-

1823 5421 1959 5475 dens
2020 5420 2342 5477 Christianis
2390 5420 2576 5475 statim
2629 5432 2844 5473 cessare
2905 5416 3034 5471 facit
3087 5414 3400 5483 suppedita-

1821 5514 2048 5569 tionem.

1892 5606 2052 5660 XXV.
2099 5606 2323 5661 Divinus
2344 5620 2471 5676 ergo
2499 5604 2784 5670 Abercius,
2822 5616 2879 5659 ut
2903 5605 2970 5660 ad
3001 5620 3124 5661 eum
3158 5619 3399 5663 reverta-

1821 5716 1961 5763 mur,
2024 5714 2148 5754 cum
2204 5698 2365 5770 longo
2413 5709 2657 5768 tempore
2712 5695 2905 5753 fuisset
2966 5708 3213 5755 versatus
3265 5714 3393 5756 cum

1821 5793 2091 5856 Romanis.
2124 5803 2181 5848 et
2209 5809 2393 5847 sanam
2425 5792 2545 5845 fidei
2573 5788 2836 5845 rationem
2869 5792 3177 5847 tradidisset
3205 5791 3392 5849 Eccle-

1824 5885 1917 5942 siis
1936 5886 2385 5951 Christianorum,
2414 5883 2555 5940 videt
2585 5882 2872 5953 aliquando
2894 5883 2945 5941 in
2974 5884 3178 5942 somnis
3199 5884 3388 5940 adesse
