4142 6512
185 471 317 537 1245

1474 475 1651 537 VlTA
1689 476 1747 533 S.
1790 474 2121 538 ABERCII.

3276 476 3409 540 1246

175 589 380 642 ἀνεῖναι
422 588 558 658 πρὸς
619 586 793 659 βραχὺ
842 590 1027 643 τόπον.
1065 590 1128 643 Ol
1168 587 1224 642 δὲ
1283 589 1381 659 οὐχ
1407 588 1682 656 ὑπήκουον
1712 597 1726 614 ’

1849 598 2015 641 tutem
2070 604 2173 642 non
2224 589 2604 644 exaudierunt.
2657 589 2863 643 Deinde
2910 596 3133 643 sanctus
3185 588 3406 654 quidem

176 673 293 731 εἶτα
324 681 351 731 6
386 680 484 748 μέν
516 684 789 751 προσευχῇ
831 682 968 753 μόνῃ
1004 682 1063 734 τὸ
1089 680 1306 751 πνεῦμα
1334 680 1595 745 κοιμίζει,
1618 680 1730 741 τοῖς

176 769 230 822 δέ
262 771 354 822 καὶ
380 771 606 823 ἄκουσιν
641 772 876 825 ἐπαύετο
915 774 946 841 ἡ
995 772 1222 841 σπουδή.
1258 771 1349 841 Μὴ
1379 771 1597 840 ἔχοντες
1640 767 1733 822 οὖν

178 861 203 912 6
228 877 277 912 τι
308 860 400 913 καὶ
432 861 640 924 ἐαυτοῖς
664 866 977 931 χρήσονται,
1010 863 1056 915 ot
1088 862 1188 931 μὲν
1237 862 1331 913 ἐπὶ
1358 860 1570 913 δεῖπνον
1606 856 1732 926 τρέ-

177 966 386 1017 πονται,
427 953 454 1003 6
486 951 562 1014 δὲ,
594 953 687 1004 καὶ
722 952 825 1021 γάρ
850 954 1005 1023 ἔτυχε
1058 953 1200 1021 δίψει
1228 952 1408 1016 ἁλοὺς,
1437 950 1580 1021 ὕδωρ
1605 948 1736 1018 παρ’

177 1041 353 1094 αὐτῶν
390 1042 528 1111 ᾔτει.
573 1041 713 1094 Ἀλλ’
754 1044 953 1096 ἐκεῖνοι
986 1044 1177 1108 δεινῶς
1224 1044 1403 1109 ἄξενοι
1437 1043 1610 1107 ὄντες,
1643 1040 1736 1094 καὶ

179 1132 417 1202 ἀκριϐῶς
461 1133 729 1202 ἄγροικοι,
774 1135 1159 1206 παρεθεὼρουν
1206 1134 1304 1206 τὴν
1350 1134 1589 1204 αίτησιν,
1640 1133 1736 1185 καὶ

177 1224 368 1294 χλεύην
397 1225 457 1277 τὸ
494 1227 723 1295 πρᾶγμα
754 1227 973 1281 ἐποίουν
999 1245 1014 1261 ο
1055 1228 1117 1282 Εί
1139 1228 1205 1281 δι’
1231 1227 1323 1280 ἕνα
1364 1228 1613 1296 γέροντα,
1646 1225 1735 1276 λέ-

177 1332 382 1382 γοντες,
434 1316 746 1386 ἀφεξόμεθα
792 1317 1088 1387 τραπέζης.
1146 1315 1461 1385 Ἐμέμψατο
1503 1311 1597 1368 οὖν
1637 1312 1736 1383 τὴν

176 1407 569 1477 ἀπανθρωπίαν
644 1408 848 1478 ταύτην
896 1411 923 1462 6
967 1407 1476 1479 φιλανθρωπότατος
1526 1403 1736 1473 ἀνδρῶν

186 1499 487 1567 Ἀϐέρκιος,
546 1499 641 1550 καὶ
689 1499 749 1550 τὸ
787 1499 923 1570 μηδὲ
978 1516 1107 1551 ποτε
1141 1498 1492 1568 κορέννυσθαι
1554 1496 1735 1557 αὐτοῖς

173 1589 589 1658 ἐπηράσατο.“0
609 1592 702 1642 καὶ
730 1590 889 1662 ἔσχον
906 1592 986 1653 εἰς
1012 1590 1169 1660 δεῦρο
1196 1589 1510 1660 παραμένον
1535 1587 1735 1650 αὐτοῖς,

175 1681 590 1755 μισανθρωπίας
666 1684 1049 1755 φιλάνθρωπον
1120 1682 1361 1751 ἀτεχνῶς

174 1772 307 1831 Εἶτα
346 1777 445 1846 τῆς
476 1779 682 1847 πέτρας
712 1776 1049 1841 ἀπαναστὰς,
1083 1774 1181 1845 τὴν
1221 1773 1415 1825 ἑαυτοῦ
1456 1772 1605 1824 πόλιν
1636 1787 1737 1823 κα-

170 1866 535 1938 ταλαμϐάνει.
571 1867 644 1919 Τὸ
702 1866 835 1935 γοῦν
888 1866 1090 1934 πλῆθος
1128 1864 1443 1934 αἰσθόμενοι
1492 1862 1592 1931 τῆς
1641 1861 1737 1914 τοῦ

172 1958 365 2030 ἀνδρὸς
398 1959 722 2030 παρουσίας,
758 1960 1049 2030 συνέρρεον
1084 1957 1378 2027 πανδημεὶ,
1428 1954 1739 2025 γλιχόμενοι

171 2051 297 2121 δψιν
332 2068 390 2103 τε
420 2051 519 2121 τὴν
548 2050 804 2117 γλυκεῖαν
853 2053 1000 2117 ἰδεῖν,
1053 2051 1148 2102 καὶ
1179 2050 1360 2118 φωνῆς
1390 2048 1616 2100 ἀκοῦσαι
1641 2047 1739 2114 τῆς

174 2142 538 2212 ποθουμένης.
587 2143 644 2196 '0
677 2144 779 2214 μὲν
803 2139 895 2196 οὖν
933 2143 1187 2211 ἁσμένως
1213 2140 1412 2202 αὐτοὺς
1437 2139 1739 2207 εὐλογήσας

173 2236 269 2287 καὶ
295 2234 703 2302 ἀσπασάμενος,
736 2234 950 2305 περιῄει
988 2236 1085 2302 τὴν
1116 2233 1268 2285 πόλιν
1306 2232 1399 2284 καὶ
1436 2227 1610 2293 αὖθις,
1658 2229 1737 2281 δι-

169 2324 388 2377 δάσκων
406 2340 463 2376 τε
481 2324 570 2377 τὸν
604 2324 761 2392 λόγον
781 2326 881 2396 τῆς
907 2325 1162 2393 ἀληθείας
1191 2324 1284 2377 σὺν
1317 2321 1619 2394 παρρησίᾳ,
1643 2321 1737 2373 καὶ

171 2419 299 2481 τοὺς
325 2418 649 2489 προσιόντας
681 2418 768 2472 διὰ
794 2419 890 2472 τοῦ
922 2418 1067 2472 θείου
1092 2417 1467 2489 βαπτίσματος
1495 2414 1737 2479 τελειῶν,

170 2509 469 2581 δαιμονῶσι
502 2509 655 2564 λύσιν
687 2509 781 2563 τοῦ
814 2510 985 2564 κακοῦ
1019 2511 1298 2582 παρέχων,
1352 2509 1541 2571 νόσους
1575 2507 1739 2577 ίὼμε-

171 2618 286 2668 νος,
333 2602 429 2657 καὶ
466 2601 670 2664 παντὸς
727 2602 1082 2672 ίσχυροτέραν
1118 2603 1325 2663 πάθους
1358 2603 1459 2673 τὴν
1490 2602 1550 2654 ἐν
1590 2599 1742 2669 αὐτῷ

171 2692 269 2748 τοῦ
304 2692 612 2762 πνεύματος
649 2689 878 2762 δύναμιν
926 2690 1377 2761 προϐαλλόμενος.
1433 2689 1652 2757 Συνθεὶς
1683 2688 1740 2741 δέ

178 2802 276 2841 και
320 2784 508 2855 βίϐλον
543 2784 895 2849 διδασκαλίας
946 2786 1088 2841 πάνυ
1156 2784 1447 2854 ὠφελίμως
1487 2782 1739 2853 ἔχουσαν,

174 2877 501 2937 καταλείπει
542 2881 655 2940 τοῖς
711 2879 803 2931 ὑπ’
855 2878 1019 2933 αὐτὸν
1075 2877 1469 2949 πρεσϐυτέροις
1502 2877 1620 2947 ἅμα
1650 2876 1743 2930 καὶ

175 2969 472 3035 διακόνοις,
503 2968 591 3023 ἴνα
620 2971 717 3023 καὶ
751 2970 892 3039 μετὰ
936 2971 1165 3026 θάνατον
1219 2970 1527 3041 φθέγγηται
1555 2969 1623 3023 δι’
1647 2970 1745 3023 αὑ-

175 3062 300 3133 τῆς,
338 3063 433 3116 καὶ
476 3060 677 3133 τρόπον
716 3062 839 3117 τινὰ
894 3062 1165 3134 μηδέποτε
1205 3062 1432 3132 ὠφελῶν
1479 3062 1741 3134 παύηται.

246 3151 384 3208 κη’.
424 3153 691 3208 ’Δνελθὼν
742 3149 836 3209 οὖν
875 3170 1006 3209 ποτε
1047 3155 1129 3218 είς
1172 3153 1296 3225 δρος
1348 3153 1552 3225 ὑψηλὸν
1600 3153 1740 3207 οὕτω

1438 1681 1733 1749 ἐπιτίμιον.

1837 678 1967 732 solis
1998 680 2252 747 precibus
2283 681 2427 749 sapit
2456 680 2732 749 spiritum,
2766 681 2870 734 illis
2902 690 3081 733 autem
3116 680 3197 731 vel
3230 678 3414 730 invitis

1836 772 2072 824 cessavit
2104 771 2366 826 studium.
2392 770 2525 826 Cum
2549 788 2674 841 ergo
2702 771 2971 824 nescirent
3002 770 3129 838 quid
3162 778 3406 838 agerent,

1838 862 1873 916 ii
1918 877 1977 917 se
2029 872 2356 918 convertunt
2404 864 2474 917 ad
2524 880 2730 917 ecetram
2768 880 2782 917 :
2835 862 2949 932 ipse
2990 872 3173 914 autem
3217 875 3407 929 aquam

1839 954 1946 1023 (siti
1995 954 2141 1008 enim
2195 955 2505 1023 laborabat)
2560 956 2628 1010 ab
2659 956 2739 1009 eis
2768 955 2941 1024 petiit.
3002 953 3108 1007 Sed
3163 952 3409 1021 agricolae

1837 1060 1959 1099 cum
2009 1055 2193 1101 essent
2223 1047 2377 1101 valde
2427 1048 2806 1117 inhospitales,
2851 1057 2905 1101 et
2956 1046 3115 1114 plane
3147 1053 3408 1113 agrestes,

1837 1136 2113 1202 despectui
2170 1138 2445 1193 habebant
2496 1139 2843 1208 petitionem,
2895 1146 2949 1191 et
2998 1152 3109 1189 rem
3169 1136 3409 1188 ludifica-

1835 1226 2031 1281 bantur
2081 1227 2360 1289 :scilicet.
2410 1238 2631 1299 propter
2674 1245 2842 1283 unum
2891 1243 3101 1291 senem,
3141 1227 3405 1285 dicentes,

1836 1334 1865 1373 a
1893 1335 2077 1373 mensa
2104 1320 2520 1376 abstinebimus.
2551 1320 2721 1391 [Egre
2753 1319 2875 1375 tulit
2908 1321 3047 1374 hanc
3098 1319 3415 1372 inhumani-

1840 1419 2004 1464 tatem
2037 1412 2464 1468 humanissimus
2499 1414 2739 1467 virorum
2775 1412 3042 1467 Abercius
3077 1427 3093 1465 :
3130 1419 3185 1464 et
3218 1410 3297 1463 eis
3328 1418 3413 1463 est

1838 1500 2185 1570 imprecatus,
2224 1514 2284 1559 ut
2332 1520 2610 1573 nunquam
2660 1506 3012 1558 satiarentur.
3060 1501 3212 1567 Quod
3245 1500 3411 1553 etiam

1840 1594 1915 1647 eis
1948 1593 2225 1664 hucusque
2267 1598 2602 1664 permansit:
2644 1597 2881 1650 humana
2928 1596 3086 1665 plane
3129 1609 3283 1663 pugna
3327 1593 3411 1644 in-

1841 1686 2211 1740 humanitatis.
2268 1686 2470 1740 Deinde
2521 1703 2549 1740 a
2611 1696 2758 1754 petra
2810 1687 3092 1747 recedens,
3144 1685 3294 1739 venit
3344 1682 3412 1735 ad

1841 1791 1991 1830 suam
2033 1776 2322 1831 civitatem.
2369 1776 2505 1830 Cum
2556 1792 2683 1846 ergo
2725 1779 2986 1831 sensisset
3032 1776 3261 1846 populus
3297 1775 3417 1842 ejus

1842 1864 2158 1927 adventum,
2209 1865 2355 1918 omni
2407 1880 2470 1918 ex
2518 1875 2669 1934 parte
2713 1865 3078 1929 confluebant,
3129 1864 3414 1934 cupientes

1846 1956 2027 2010 videre
2072 1957 2281 2012 dulcem
2325 1959 2553 2021 vultum,
2596 1968 2648 2014 et
2683 1959 2872 2014 audire
2920 1972 3109 2016 vocem
3142 1957 3419 2012 desidera-

1845 2059 1970 2104 tam.
2000 2052 2093 2105 Ille
2124 2067 2254 2121 ergo
2286 2065 2405 2104 cum
2442 2052 2672 2107 libenter
2694 2052 2772 2106 eis
2804 2050 3189 2113 benedixisset,
3241 2057 3293 2102 et
3320 2061 3417 2101 eos

1839 2142 2144 2206 salutasset,
2196 2159 2383 2196 rursus
2436 2144 2620 2197 obibat
2683 2145 2958 2197 civitatem
3004 2141 3175 2195 libere
3218 2140 3421 2194 docens

1840 2237 2069 2289 verbum
2108 2236 2372 2291 veritatis.
2408 2244 2461 2287 et
2491 2252 2605 2300 eos,
2648 2236 2735 2305 qui
2770 2234 3125 2297 accedebant,
3158 2248 3255 2301 per
3285 2230 3423 2284 divi—

1840 2343 1968 2381 num
2014 2328 2345 2397 baptismum
2400 2329 2645 2393 initians,
2695 2337 2749 2381 et
2779 2323 3132 2381 daemoniacis
3168 2322 3418 2391 praebens

1841 2419 1966 2474 mali
2000 2418 2328 2475 solutionem
2380 2438 2393 2474 :
2441 2420 2661 2475 morbos
2699 2433 2919 2484 curans,
2964 2425 3021 2471 et
3050 2412 3241 2484 quavis
3287 2410 3422 2465 affe-

1841 2514 2022 2567 ctione
2052 2511 2330 2567 fortiorem
2379 2512 2630 2581 spiritus,
2680 2525 2802 2580 quae
2838 2509 2893 2563 in
2925 2511 3044 2577 ipso
3075 2513 3212 2566 erat,
3246 2504 3421 2555 virtu.

1844 2612 1951 2659 tem
2011 2603 2312 2675 proferens.
2360 2603 2493 2660 Cum
2540 2610 2720 2656 autem
2767 2598 2923 2654 valde
2978 2609 3193 2667 quoque
3233 2592 3419 2646 utilem

1840 2697 2103 2752 doctrinae
2148 2696 2346 2753 librum
2399 2694 2819 2765 composuisset,
2870 2704 2995 2747 eum
3034 2688 3125 2742 dat
3183 2684 3270 2746 iis,
3328 2688 3419 2752 qui

1840 2789 1943 2844 sub
1993 2789 2113 2859 ipso
2149 2797 2326 2848 erant.
2378 2786 2711 2857 presbyteris
2764 2781 2927 2838 simul
2974 2789 3029 2835 et
3063 2776 3329 2835 diaconis,
3366 2784 3425 2831 ut

1847 2880 1930 2936 eis
1973 2880 2057 2936 vel
2106 2886 2228 2950 post
2280 2878 2507 2933 mortem
2551 2878 2891 2946 loqueretur,
2928 2879 2982 2924 et
3033 2870 3215 2940 aliquo
3261 2865 3422 2918 modo

1845 2986 2120 3042 nunquam
2148 2969 2228 3025 eis
2259 2976 2496 3024 cessaret
2524 2966 2806 3039 prodesse.

1909 3165 2146 3223 XXVIII.
2188 3168 2495 3236 Aliquando
2532 3167 2586 3220 in
2618 3172 2859 3219 montem
2889 3160 3190 3221 excelsum,
3222 3171 3324 3210 usu
3348 3154 3424 3209 ita

170 3243 394 3315 δεῆσαν,
451 3247 571 3300 ἐπεὶ
608 3246 735 3317 δίψῃ
785 3246 931 3317 δεινῇ
991 3244 1151 3309 αὑτός
1189 3262 1249 3299 τε
1291 3243 1387 3299 καὶ
1436 3246 1548 3299 ὅσοι
1594 3242 1742 3313 αὐτῷ

1849 3260 2174 3334 postulante,
2210 3256 2457 3311 ascendit
2483 3272 2496 3309 :
2528 3255 2749 3325 ipseque
2780 3263 2835 3307 et
2871 3251 2962 3321 qui
2992 3266 3115 3305 cum
3146 3263 3213 3304 eo
3243 3256 3423 3309 erant,

176 3337 423 3407 συνῆσαν
444 3337 681 3407 ῆλωσαν,
712 3338 804 3390 ἐπὶ
832 3338 923 3391 τὸν
950 3338 1129 3392 πάντα
1144 3338 1444 3406 δυνάμενον
1465 3333 1741 3403 atat-tapeti-

175 3438 286 3498 γει.
318 3432 428 3485 Καὶ
451 3431 611 3493 αὐτὸς
636 3430 735 3500 μὲν
757 3431 835 3492 είς
862 3430 1167 3499 προσευχὴν
1190 3429 1414 3494 κλιθεὶς,
1446 3429 1511 3481 τὰ
1539 3427 1745 3496 γόνατα

175 3524 256 3592 τῷ
282 3522 468 3591 ἐδάφει
518 3520 761 3574 δίδωσιν
794 3520 936 3593 ὕδωρ
969 3520 1025 3573 δὲ
1063 3521 1292 3591 πότιμον
1353 3519 1514 3583 εὐθὺς
1543 3520 1744 3591 ἀνῆκεν

181 3617 212 3685 ἡ
246 3616 337 3684 γῆ.
366 3614 475 3667 Καὶ
505 3614 533 3666 6
560 3614 725 3677 τόπος
764 3615 824 3679 ἐξ
850 3614 1056 3669 ἐκείνου
1117 3614 1281 3679 τόπος
1307 3614 1656 3684 γονυκλισίας
1688 3613 1749 3666 1:6

178 3708 366 3761 λοιπὸν
410 3708 634 3779 ἐκλήθη.
686 3708 832 3779 Πλὴν
875 3708 1009 3762 ἀλλά
1058 3708 1178 3762 τότε
1216 3709 1314 3777 μὲν
1366 3709 1445 3771 είς
1481 3708 1572 3761 τὸν
1600 3702 1749 3761 οἷκον

180 3800 347 3855 αὐτοῦ
416 3801 723 3867 ἐπανῆκεν·
754 3802 815 3852 οὐ
860 3800 1036 3870 πολλῷ
1087 3799 1145 3853 δὲ
1187 3798 1410 3869 ὕστερον
1438 3800 1539 3870 ὁρᾷ
1587 3800 1749 3854 πάλιν

180 3892 316 3961 ὄναρ
347 3888 496 3960 αὺτῷ
528 3888 618 3941 τὸν
655 3888 859 3961 Κύριον
891 3890 1188 3944 ἐπιστάντα
1216 3890 1328 3953 καὶ,
1366 3889 1634 3961 ’Λϐἐρκιε,
1663 3889 1748 3943 λέ-

182 3996 373 4049 γοντα,
410 3980 639 4050 ήγγικεν
688 3981 787 4050 ἥδη
821 3983 848 4033 6
893 3979 1106 4049 καιρὸς,
1137 3978 1276 4031 ὥστε
1333 3979 1751 4033 ἀναπαύσασθαί

184 4086 248 4124 οι
275 4069 386 4123 τῶν
422 4071 598 4122 πόνων
631 4086 724 4121 σου
761 4069 866 4122 τῶν
911 4071 1156 4139 μακρῶν.
1184 4071 1636 4141 Διαγρηγορησας
1691 4070 1749 4123 δὲ

183 4161 283 4215 καὶ
308 4161 469 4231 γνοὺς
500 4160 598 4230 τὴν
630 4159 886 4231 τελευτὴν
916 4161 1062 4233 αὐτῷ
1109 4162 1524 4233 προδηλοῦσθαι,
1563 4164 1621 4215 τὸ
1655 4182 1747 4232 φαο

183 4254 275 4309 νέν
300 4257 409 4316 τοῖς
439 4253 684 4322 ἀδελφοῖς
711 4253 1002 4324 διηγεῖται,
1039 4256 1130 4308 καὶ
1152 4255 1296 4307 λίθον
1330 4255 1452 4307 τινὰ
1476 4256 1753 4324 τετράγω-

184 4364 279 4401 νον
313 4347 489 4416 μῆκός
516 4363 573 4398 τε
607 4348 703 4398 καὶ
746 4349 942 4408 πλάτος
975 4350 1109 4411 ἴσον,
1142 4349 1317 4415 τάφον
1378 4348 1558 4419 ἑαυτῷ
1588 4366 1755 4403 κατα·

183 4438 471 4503 σκευάζει·
500 4440 591 4493 καὶ
605 4438 692 4491 τὸν
717 4438 896 4509 βωμὸν
922 4438 979 4503 ὃς
1003 4438 1211 4493 ἐκείνου
1232 4442 1624 4511 προστάξαντος
1648 4443 1755 4497 ἀπὸ

196 4534 417 4604 Ῥώμης
452 4532 557 4586 ὑπὸ
590 4533 684 4586 τοῦ
718 4532 969 4603 δαίμονος
1008 4535 1123 4587 ἐκεῖ
1150 4509 1478 4605 μετηνέχθη.
1511 4535 1589 4605 τῷ
1618 4509 1748 4603 λίθῳ

184 4621 463 4708 ἐφίστησι,
515 4627 715 4681 τοιόνδε
752 4644 801 4679 τι
847 4628 1170 4699 ἐπίγραμμα
1224 4629 1371 4698 αὖτῴ
1418 4629 1745 4700 ἐγχαράξαςο

201 4720 496 4784 Ἐκλεκτῆς
522 4718 727 4782 πόλεως
770 4720 993 4788 πολίτης
1023 4720 1128 4771 τόδ’
1152 4719 1378 4788 ἐποίησα
1409 4722 1537 4784 ζῶν,
1559 4722 1623 4773 ἵν’
1646 4722 1752 4789 ἔχω

189 4809 366 4880 καιρῷ
396 4810 646 4876 σώματος
672 4810 856 4863 ἐνθάδε
907 4810 1073 4871 θέσιν,
1102 4808 1337 4879 τοῦνομα
1378 4813 1653 4880 Ἀϐἐρκιος
1680 4828 1692 4841 ’
1726 4814 1754 4864 6

187 4903 266 4957 ὣν
303 4901 550 4973 μαθητὴς
611 4902 1084 4978 ποιμένοςηάγνοῦ,
1122 4902 1179 4964 ὃς
1238 4903 1420 4970 βόσκει
1469 4903 1753 4974 προϐάτων

187 4996 416 5065 ἀγέλας,
467 4993 616 5064 ὄρεσι
647 4997 846 5058 πεδίοις
880 5014 959 5057 τε,
991 4995 1303 5063 ὀφθαλμοὺς
1334 4996 1392 5058 ὃς
1440 4996 1546 5065 ἔχει
1583 4996 1753 5064 μεγά-

189 5089 339 5152 λους,
403 5088 577 5139 πάντα
636 5086 1000 5155 καθορῶντας.
1059 5081 1225 5148 Οὗτος
1285 5088 1391 5157 γάρ
1434 5105 1498 5157 με
1552 5088 1752 5151 ἐδίδαξε

190 5180 499 5247 γράμματα
533 5177 719 5237 πιστά,
751 5177 826 5238 εἰς
868 5176 1085 5246 Ῥώμην
1116 5179 1172 5240 6;
1196 5177 1441 5246 ἔπεμψεν
1470 5180 1569 5248 ἐμὲ
1605 5179 1758 5247 βασι-

190 5270 347 5321 λείαν
402 5271 660 5343 ἀθρῆσαι,
715 5272 807 5323 καὶ
849 5271 1166 5339 βασίλισσαν
1200 5276 1325 5325 ἰδεῖν
1376 5274 1753 5341 χρυσόστολον,

192 5364 600 5434 χρυσοπέδιλον.
634 5367 773 5418 Λαδν
807 5364 853 5417 δ’
882 5360 1020 5416 εἶδον
1051 5367 1165 5417 ἐκεῖ
1192 5366 1454 5435 λαμπράν
1486 5366 1757 5435 σφραγῖδα

191 5456 389 5526 ἔχοντα
417 5470 431 5485 ⁸
464 5458 554 5507 καὶ
585 5457 781 5526 Συρίης
813 5457 973 5509 πέδον
1020 5458 1201 5527 χώρας
1233 5456 1371 5511 εἶδον
1395 5477 1407 5489 ο
1445 5460 1538 5511 καὶ
1592 5460 1759 5512 ἄστεα

200 5549 377 5600 πάντα
419 5546 632 5598 Νίσιϐιν
665 5546 952 5619 Εὐφράτην
993 5549 1202 5611 διαϐάς.
1260 5552 1469 5612 Πάντας
1517 5550 1561 5602 δ’
1606 5551 1760 5619 ἔσχον

194 5639 550 5707 συνηγόρους,
575 5636 781 5692 Παῦλον
812 5640 1029 5693 ἔσωθεν.
1062 5641 1243 5701 "im;
1269 5642 1318 5692 δὲ
1345 5644 1500 5693 παντὶ
1531 5644 1758 5711 προῆγε,

196 5734 290 5783 καὶ
319 5730 599 5799 παρέθηκε
625 5734 829 5801 τροφήν
854 5750 867 5761 ·
896 5733 1046 5802 ἰχθὺν
1070 5733 1175 5785 ἀπὸ
1204 5734 1379 5801 πηγῆς
1404 5734 1757 5803 παμμεγέθη,

198 5820 439 5890 καθαρόν
468 5838 479 5851 ⁸
514 5822 571 5872 ὃν
605 5822 861 5893 ἐδράξατο
922 5823 1185 5889 παρθένος
1229 5825 1387 5892 ἁγνὴ,
1428 5829 1519 5876 καὶ
1574 5826 1760 5879 τοῦτον

202 5910 438 5965 inﬁnito-tt:
496 5915 663 5982 φὶλοις
716 5915 914 5970 ἐσθίειν
971 5918 1278 5979 διαπαντὸς,
1360 5913 1497 5971 οἶνον
1531 5921 1760 5985 γρηστὸν

1847 3354 1939 3410 siti
1969 3351 2307 3408 laborabant.
2341 3348 2597 3419 Confugit
2630 3356 2811 3401 autem
2847 3345 2914 3400 ad
2943 3356 3092 3407 eum,
3120 3342 3212 3412 qui
3247 3348 3425 3409 potest

1847 3447 2050 3505 omnia.
2086 3445 2271 3515 Itaque
2302 3456 2600 3497 conversus
2625 3440 2693 3494 ad
2728 3439 3051 3502 orationem,
3082 3436 3226 3489 humi
3270 3434 3424 3487 incli-

1852 3550 1946 3594 nat
1979 3553 2152 3608 genua
2189 3557 2201 3591 :
2236 3535 2581 3605 poculentatn
2619 3542 2801 3587 autem
2835 3545 3028 3601 aquam
3065 3538 3206 3583 terra
3239 3526 3421 3580 statim

1849 3630 2051 3687 emisit.
2096 3628 2177 3683 Ab
2212 3627 2303 3682 illo
2333 3635 2514 3681 autem
2546 3633 2792 3693 tempore
2836 3622 2990 3676 locus
3034 3621 3124 3674 ille
3169 3618 3428 3684 deinceps

1850 3723 1951 3776 fuit
1991 3721 2297 3791 appellatus
2342 3721 2493 3774 locus
2537 3713 2951 3788 genuflettionis.
2979 3711 3247 3767 Caeterum
3294 3719 3427 3761 tunc

1851 3813 2070 3884 quidem
2121 3811 2279 3867 rediit
2322 3810 2375 3863 in
2417 3809 2639 3864 domum
2684 3824 2835 3861 suam
2873 3823 2888 3861 ε
2939 3821 3046 3860 non
3092 3802 3262 3857 multo
3307 3809 3428 3870 post

1851 3911 2033 3959 autem
2065 3903 2213 3956 videt
2243 3914 2432 3955 rursus
2464 3897 2775 3961 Dominum,
2801 3894 2893 3965 qui
2925 3895 2972 3949 ei
3011 3894 3066 3947 in
3093 3890 3297 3948 somnis
3329 3906 3429 3958 ap-

1853 3997 2053 4071 paruit,
2086 4007 2139 4052 et
2169 3999 2219 4051 ei
2253 3996 2391 4050 dixit
2421 4011 2436 4048 :
2471 3993 2689 4056 Aberci,
2722 3992 2831 4060 jam
2865 4004 3034 4060 prope
3075 3996 3158 4043 est
3191 3995 3431 4052 tempus.

1854 4103 1913 4148 ut
1965 4106 2147 4147 cesses
2202 4104 2231 4144 a
2279 4087 2459 4157 longis
2505 4086 2611 4140 tuis
2657 4084 2951 4139 laboribus.
3003 4082 3138 4136 Cum
3188 4086 3368 4132 autem
3398 4092 3430 4129 e

1855 4200 2048 4241 somno
2104 4193 2249 4237 esset
2297 4180 2605 4241 excitatus,
2656 4186 2713 4231 et
2756 4177 3098 4247 cognovisset
3144 4172 3428 4225 decessum

1855 4276 1955 4331 sibi
1992 4272 2421 4345 praesignificari,
2458 4277 2645 4324 narrat
2683 4268 2944 4323 fratribus
2980 4265 3051 4327 id,
3087 4262 3230 4333 quod
3268 4276 3431 4330 appa-

1856 4377 2035 4423 ruerat
2072 4385 2084 4422 :
2128 4375 2184 4422 et
2212 4364 2503 4434 quemdam
2536 4369 2859 4433 quadratum
2905 4358 3166 4429 lapidem,
3191 4357 3429 4424 longitu-

1855 4467 1980 4521 dine
2032 4472 2088 4518 et
2134 4460 2420 4515 latitudine
2475 4458 2754 4526 aequalem,
2800 4455 2901 4510 sibi
2951 4452 3255 4523 sepulcrum
3299 4464 3431 4502 eon-

1859 4558 2017 4613 struit
2061 4572 2073 4608 :
2127 4563 2182 4607 et
2238 4568 2407 4613 arant,
2468 4567 2608 4619 quat,
2644 4548 2737 4603 illo
2784 4547 3028 4615 iubente,
3086 4546 3254 4597 Roma
3305 4541 3431 4595 illuc

1855 4645 2109 4702 translata
2139 4643 2337 4702 fuerat,
2370 4641 2534 4710 lapidi
2566 4640 2813 4707 imponit,
2851 4638 2899 4690 ei
2931 4636 3085 4689 talem
3117 4632 3433 4703 insculpens

1854 4736 2261 4806 inscriptionem
2298 4750 2309 4785 :
2348 4733 2544 4788 Eleclre
2586 4731 2737 4783 urbis
2771 4728 2905 4782 civis
2940 4726 3043 4781 hoc
3082 4726 3267 4779 vivens
3304 4724 3427 4785 feci,

1854 4838 1913 4883 ut
1939 4828 2023 4882 hic
2057 4837 2298 4894 tempore
2330 4823 2557 4876 habeam
2590 4821 2885 4889 posituram
2912 4816 3176 4885 corporis,
3212 4814 3431 4866 nomine

1854 4918 2134 4975 Abercius.
2167 4914 2267 4981 Qui
2298 4929 2417 4967 sum
2451 4912 2753 4980 discipulus
2787 4908 3018 4978 pastoris
3040 4907 3171 4960 casti
3204 4920 3436 4975 pascen—

1858 5011 1926 5066 tis
1960 5009 2140 5063 ovium
2186 5021 2373 5075 greges
2409 5003 2465 5058 in
2506 5004 2782 5057 montibus
2816 5010 2869 5053 et
2909 4999 3073 5069 agris,
3118 5013 3180 5052 ac
3209 5010 3432 5065 magnus

1858 5100 2108 5156 habentis
2163 5097 2374 5160 oculos,
2430 5096 2611 5148 omnia
2678 5095 2975 5145 intuentes.
3039 5090 3088 5142 ls
3142 5087 3286 5141 enim
3345 5102 3434 5140 me

1860 5190 2046 5247 docuit
2096 5188 2306 5241 litteras
2352 5186 2570 5246 ﬁdeles,
2610 5182 2838 5236 Romam
2895 5181 2986 5250 qui
3033 5195 3119 5232 me
3170 5178 3319 5232 misit
3364 5177 3433 5229 ad

1861 5282 2151 5339 videndum
2186 5279 2494 5349 imperium,
2527 5284 2580 5330 et
2617 5272 3015 5342 imperatricem
3054 5270 3293 5323 indutam
3332 5282 3431 5319 au-

1862 5374 1971 5429 reis
1995 5370 2235 5427 vestibus
2280 5379 2334 5422 et
2368 5364 2586 5420 calceis.
2634 5363 2742 5415 Illic
2786 5370 2968 5415 autem
3014 5359 3123 5411 vidi
3168 5357 3431 5426 populum

1863 5466 2197 5535 praeclarum,
2231 5460 2467 5527 insignes
2491 5456 2721 5510 annulos
2752 5455 2805 5508 in
2839 5453 3088 5507 manibus
3111 5450 3432 5521 gestantem.

1866 5558 1930 5612 Et
1970 5554 2138 5624 Syria:
2182 5552 2412 5619 regionis
2457 5564 2710 5617 campum
2763 5545 2891 5607 vidi,
2926 5554 2980 5597 et
3009 5542 3187 5597 omnia
3235 5538 3434 5606 oppida

1865 5645 2071 5701 Nisibin
2130 5653 2184 5696 et
2240 5641 2682 5707 Mesopotamiae,
2749 5636 3067 5690 transmisso
3128 5630 3432 5700 Euphrate.

1866 5738 2038 5797 Habui
2078 5746 2257 5791 autem
2288 5750 2479 5788 omnes
2517 5732 2581 5786 ad
2618 5730 2865 5786 eamdem
2905 5727 3186 5781 venientes
3214 5723 3436 5778 concio-

1868 5848 2009 5889 nem.
2047 5839 2102 5883 et
2137 5826 2359 5882 Paulum
2406 5824 2755 5879 intrinsecus.
2798 5818 2957 5873 Fides
2996 5829 3175 5873 autem
3203 5815 3434 5871 omnino

1872 5921 2113 5987 produxit
2154 5928 2203 5974 et
2233 5916 2482 5988 apposuit
2514 5915 2925 5970 nutrimentum.
2955 5910 3155 5980 piscem
3183 5922 3246 5962 ex
3281 5906 3430 5962 fonte
