4142 6496
717 434 849 497 1247

1996 437 2158 498 ΜΕΝ
2169 437 2282 499 SIS
2320 441 2684 502 OCTOBER.

3822 444 3940 511 1248

713 553 1015 624 ingentem,
1065 569 1228 624 quem
1272 569 1466 623 purum
1503 552 1866 624 apprehendit
1897 551 2047 624 virgo
2091 562 2242 609 casta
2278 569 2291 606 :

2408 557 2620 628 ἔχουσα,
2648 561 2900 631 κέρασμα
2929 560 3147 614 διδοῦσα
3194 566 3307 632 μετ’
3333 564 3516 633 ἀρτου.
3562 565 3747 620 Ταῦτα
3796 587 3947 639 παρετ

713 657 768 701 et
815 663 937 701 eum
974 658 1247 716 perpetuo
1288 648 1556 702 edendum
1595 647 1818 702 tradidit
1857 646 2074 713 amicis,
2108 649 2292 702 vinum

713 740 922 795 habens
966 740 1189 804 bonum,
1240 739 1381 808 quod
1417 740 1509 794 dat
1557 755 1678 794 cum
1729 753 1868 808 pane
1917 747 2292 809 temperatum.

713 830 838 885 Haec
883 830 1107 885 adstans
1147 830 1408 885 Abercius
1452 830 1635 900 jussit,
1661 838 1720 882 ut
1768 828 2163 892 scriberentur,
2204 843 2294 882 se-

713 923 1118 994 ptuagesimum
1171 923 1471 978 secundum
1522 937 1722 975 annum
1772 935 1898 977 vere
1947 936 2130 992 agens.
2173 920 2300 976 llaec

713 1018 961 1085 cogitans
996 1016 1236 1069 oraverit
1267 1030 1362 1082 pro
1391 1013 1639 1078 Aliercio,
1669 1013 1979 1083 quicunque
2009 1012 2300 1066 nobiscunt

715 1111 902 1164 sentit.
951 1107 1068 1162 Non
1119 1117 1298 1160 tamen
1349 1106 1576 1159 alterum
1613 1105 1882 1159 tutnulum
1924 1105 2078 1168 mihi,
2123 1118 2300 1172 neque

715 1202 863 1255 hunc
902 1201 956 1253 in
998 1198 1264 1268 superiori
1321 1197 1439 1251 loco
1486 1199 1735 1266 imponet
1786 1195 2003 1264 aliquis.
2048 1194 2200 1259 Quod
2253 1194 2294 1249 si

718 1292 930 1353 fecerit,
967 1289 1212 1344 Romano
1243 1290 1435 1343 aerario
1468 1290 1646 1342 solvet
1691 1287 1776 1341 bis
1818 1288 1966 1342 mille
1997 1303 2209 1345 aureos.
2243 1298 2298 1342 et

717 1388 871 1441 bona
935 1391 1121 1456 patriae
1182 1386 1450 1454 Hierapoli
1518 1385 1664 1438 mille
1722 1399 1942 1438 aureos.
2004 1384 2296 1453 Inscriptio

715 1480 932 1547 quidem
966 1479 1044 1532 sic
1089 1493 1148 1531 se
1188 1475 1424 1530 habebat
1463 1476 1532 1529 ad
1576 1476 1824 1542 verbum,
1862 1476 1958 1530 sed
2002 1485 2214 1544 tempus
2239 1490 2302 1528 ex

715 1572 1139 1625 desideraretur.

788 1661 980 1716 XXIX.
1026 1662 1145 1732 lpse
1198 1663 1414 1718 tandem
1461 1679 1585 1718 cum
1635 1661 1984 1733 presbyteros
2035 1661 2193 1714 simul
2242 1669 2296 1714 et

713 1755 998 1817 diaconos,
1039 1765 1096 1808 et
1126 1755 1389 1823 quosdam
1423 1763 1672 1811 vocasset
1709 1769 1773 1807 ex
1809 1754 2008 1823 populo
2044 1772 2056 1807 :
2097 1753 2294 1815 Filioli,

714 1846 913 1914 inquit,
951 1844 1084 1898 mihi
1117 1846 1331 1914 quidem
1376 1848 1484 1920 jani
1512 1847 1665 1900 adest
1711 1847 1833 1898 vita:
1863 1845 2006 1909 linis,
2054 1852 2107 1898 et
2141 1845 2294 1908 alwo,

714 1953 746 1991 o
785 1953 916 2008 grex
949 1939 1080 1992 milii
1105 1938 1299 1993 dilecte
1333 1955 1346 1992 :
1379 1940 1516 1993 abeo
1549 1939 1616 1995 ad
1671 1938 1744 2004 id,
1777 1939 1920 2006 quod
1961 1936 2044 1991 vel
2096 1938 2163 1989 ab
2216 1938 2299 1989 in-

717 2037 886 2079 eunte
947 2036 1104 2080 :etate
1141 2024 1551 2091 desiderabam,
1589 2027 1710 2081 vitae
1742 2042 1913 2098 genus
1953 2043 1967 2080 :
2001 2037 2051 2080 et
2082 2027 2146 2080 ad
2179 2043 2299 2080 eum

717 2119 875 2188 cujus
925 2135 1024 2189 ego
1060 2121 1227 2174 solius
1271 2129 1462 2174 teneor
1494 2120 1784 2184 desiderio,
1831 2130 1885 2174 et
1919 2119 2075 2190 cujus
2121 2117 2303 2173 divino

717 2228 904 2267 amore
962 2214 1316 2268 vehementer
1359 2215 1671 2268 incendor:
1716 2215 1852 2268 abeo
1890 2229 2015 2268 eum
2063 2215 2300 2267 visurus.

719 2307 883 2360 Vobis
929 2316 1111 2361 autem
1169 2308 1632 2362 considerandum
1685 2315 1789 2370 est,
1840 2322 2132 2375 quemnam
2186 2306 2304 2359 sitis

719 2398 872 2452 vobis
905 2399 1130 2451 eiecturi
1155 2401 1496 2468 episcopum,
1521 2400 1610 2466 qui
1643 2400 1696 2451 et
1720 2413 1815 2450 vos
1844 2407 1966 2466 post
1989 2412 2073 2450 me
2096 2407 2302 2466 pascet,

717 2500 772 2543 et
805 2491 960 2561 cujus
988 2504 1172 2544 vocem
1203 2490 1431 2559 pulchre
1470 2491 1698 2543 audient
1734 2504 1868 2543 mea:
1892 2504 2042 2551 oves,
2071 2506 2212 2560 quin,
2250 2501 2306 2545 nt

723 2579 839 2636 Deo
865 2582 1060 2650 placet,
1099 2583 1166 2636 ali
1203 2597 1268 2636 eo
1304 2591 1621 2651 pascentur.
1658 2581 1781 2636 llaec
1819 2598 1942 2637 cum
1975 2592 2197 2636 sanctus
2228 2585 2307 2638 eis

725 2673 977 2736 dixisset,
1012 2675 1084 2727 illi
1118 2689 1241 2728 cum
1281 2690 1450 2742 pauca
1485 2675 1624 2728 inter
1660 2689 1718 2728 se
1751 2675 2115 2729 communiter
2140 2675 2304 2729 locuti

723 2773 928 2828 essent,
953 2763 1491 2832 arcliipresliyterum
1520 2764 1782 2826 ecclesiae,
1809 2763 1894 2816 cui
1915 2764 2078 2816 etiam
2109 2779 2306 2820 nomen

721 2865 840 2909 erat
890 2855 1173 2919 Abercius,
1210 2856 1574 2908 communiter
1622 2855 1924 2923 elegerunt.
1977 2853 2306 2920 Quinetiam

724 2963 850 3000 cum
911 2949 1026 3016 ipse
1069 2961 1290 3016 quoque
1349 2947 1397 3001 ei
1451 2962 1551 3001 sua
1607 2947 1880 3003 sententia
1932 2947 2311 3000 conﬁrmasset

721 3039 1124 3108 episcopatum,
1183 3039 1234 3092 ei
1277 3040 1511 3107 imponit
1565 3053 1757 3090 manus
1810 3054 1823 3090 :
1867 3047 1919 3091 et
1968 3053 2090 3091 cum
2144 3039 2309 3093 bene-

722 3129 949 3182 dixisset
975 3146 988 3182 :
1020 3127 1124 3192 Tu,
1158 3127 1360 3197 inquit,
1388 3141 1418 3179 ο
1445 3125 1663 3190 Abcrci,
1689 3139 1832 3178 nunc
1864 3125 2153 3195 episcopus
2177 3140 2308 3178 con-

2393 650 2531 711 στὼς
2561 644 2715 702 εἶπεν
2766 651 3047 720 Ἀϐέρκιος
3080 645 3181 704 ὦδε
3222 655 3514 722 γραφῆναι,
3568 655 3948 726 ἑϐδομηκοστὸν

2392 739 2508 803 ἔτος
2544 742 2638 794 καὶ
2670 743 2918 811 δεύτερον
2959 745 3108 812 ἄγων
3142 744 3376 813 ἀληθῶς.
3431 747 3536 799 Τοῦ
3569 751 3613 802 θ’
3652 752 3679 801 ό
3711 751 3846 802 νοῶν
3874 752 3948 804 εὕρ

2396 832 2543 896 ξαιτο
2592 834 2733 903 ὑπὲρ
2793 833 3078 904 Ἀϐερκίου
3124 837 3232 898 πᾶς
3280 838 3307 888 6
3348 839 3598 908 συνῳδός.
3658 843 3736 894 Οὐ
3785 843 3948 910 μέντοι

2395 923 2601 993 τύμϐον
2631 925 2817 994 ἕτερόν
2835 942 2918 986 τις
2949 926 3043 978 ἀπ’
3076 926 3211 994 ἐμοῦ
3237 928 3422 980 ἐπάνω
3457 929 3610 998 θήσει
3639 947 3652 961 ·
3687 935 3734 984 εί
3771 933 3814 985 δ’
3856 932 3949 999 οὖν,

2408 1012 2698 1080 Ῥωμαίων
2723 1013 2935 1084 ταμείῳ
2963 1014 3118 1078 θήσει
3146 1017 3375 1087 δισχίλια
3406 1022 3604 1088 χρυσᾶ,
3641 1024 3736 1073 καὶ
3762 1029 3950 1093 χρηςτῇ

2399 1106 2616 1176 πατρίδι
2657 1107 2953 1177 Ἱεραπόλει
3011 1109 3158 1179 χίλια
3185 1113 3377 1180 χρυσᾶ.
3407 1114 3484 1164 Τὰ
3518 1114 3618 1181 μὲν
3645 1114 3708 1184 δὴ
3733 1114 3825 1167 τοῦ
3853 1120 3952 1168 ἐπι-

2396 1201 2722 1270 γράμματος
2747 1193 2848 1255 ὦδέ
2884 1219 3000 1263 πως
3025 1202 3117 1255 ἐπὶ
3139 1202 3334 1266 λέξεως
3361 1201 3507 1272 εἶχεν
3531 1221 3546 1235 °
3580 1207 3662 1258 ὅτι
3693 1207 3770 1275 μὴ
3802 1211 3826 1255 ό
3851 1210 3954 1276 χρό-

2395 1308 2482 1354 νος
2513 1293 2696 1361 ὑφεῐλε
2725 1295 2846 1346 κατ’
2877 1283 3058 1361 ὀλίγον
3087 1295 3185 1360 τῆς
3217 1296 3518 1364 ἀκριϐείας,
3576 1301 3672 1351 καὶ
3729 1301 3955 1370 ἡμαρτηο

2395 1385 2570 1452 μένως
2604 1383 2745 1452 ἔχειν
2773 1387 2870 1454 τὴν
2897 1384 3114 1455 γραφὴν
3150 1388 3580 1455 παρεσκεύασεν.

2357 1489 2419 1529 ea
2474 1475 2677 1544 aliquid
2728 1475 2984 1543 detraxit,
3041 1485 3097 1531 et
3148 1477 3330 1532 eiliacit
3382 1486 3440 1531 ut
3492 1481 3748 1535 nonnihil
3797 1495 3956 1552 postea

2476 1658 2606 1713 KG’.
2630 1656 2799 1719 Αὐτὸς
2827 1657 2900 1723 δὲ,
2935 1656 3056 1720 τοὺς
3091 1659 3493 1729 πρεσϐυτέρους
3539 1661 3620 1724 εἰς
3649 1663 3849 1714 ταυτὸν
3889 1666 3961 1717 καὶ

2402 1752 2527 1814 τοὺς
2579 1751 2882 1815 διακόνους,
2935 1748 3028 1802 καί
3075 1767 3227 1814 τινας
3279 1751 3372 1803 τοῦ
3412 1751 3658 1821 πλήθους
3711 1754 3960 1818 καλέσας’

2405 1843 2602 1904 Τέκνα,
2632 1839 2757 1908 ἔφη,
2790 1840 2910 1908 ἐμοὶ
2943 1840 3042 1908 μὲν
3074 1841 3246 1894 τὸτοῦ
3271 1841 3387 1910 βίου
3417 1842 3569 1902 τέλος
3596 1844 3702 1912 ἤδη
3736 1846 3960 1912 πάρεστι,

2407 1933 2499 1986 καὶ
2531 1933 2750 2001 ἄπειμι,
2789 1925 2833 1985 ὦ
2865 1934 3016 2001 φίλον
3042 1933 3166 2003 ἐμοὶ
3203 1936 3471 2004 ποῖμνιον,
3501 1935 3706 2004 ἄπειμι
3765 1938 3897 2005 πρὸς
3915 1940 3966 2004 ἦν

2405 2026 2634 2080 ἐπόθουν
2665 2029 2730 2079 ἐκ
2760 2025 2880 2079 νέου
2938 2027 3234 2095 διαγωγὴν,
3271 2030 3362 2080 καὶ
3408 2028 3542 2097 πρὸς
3569 2029 3632 2081 δν
3673 2029 3832 2098 μόνον
3877 2029 3964 2094 ἐγὼ

2403 2120 2503 2191 τὴν
2530 2120 2716 2186 ἔφεσιν
2747 2120 2875 2189 ἔχω,
2912 2120 3004 2172 καὶ
3029 2113 3090 2173 οὗ
3118 2136 3183 2189 με
3213 2119 3455 2188 σφοδρῶς
3477 2122 3504 2172 6
3528 2121 3673 2183 θεῖος
3700 2121 3966 2185 ἐξέκαυσεν

2406 2215 2565 2284 ἔρως,
2597 2213 2818 2284 ἄπειμι,
2851 2213 3040 2265 τοῦτον
3085 2212 3368 2283 ὀψόμενος.
3423 2211 3601 2280 ’Υμᾶς
3636 2214 3694 2265 δὲ
3729 2215 3832 2283 χρὴ
3861 2231 3966 2265 om.

2406 2310 2549 2369 πεῖν,
2578 2308 2635 2359 ὅν
2679 2323 2800 2358 τινα
2837 2307 3046 2368 ἑαυτοῖς
3076 2306 3376 2357 ἐπίσκοπον
3407 2304 3711 2373 ψηφιεῖσθε
3740 2321 3754 2337 ·
3785 2305 3839 2366 ὃς
3870 2321 3968 2356 ποι-

2411 2403 2575 2469 μανεῖ
2598 2416 2657 2450 τε
2710 2400 2851 2468 ὑμᾶς
2881 2399 2998 2467 μετ’
3032 2399 3153 2467 ἐμὲ,
3192 2399 3287 2452 καὶ
3337 2393 3397 2451 οὗ
3424 2395 3524 2463 τῆς
3554 2396 3751 2465 φωνῆς
3779 2396 3970 2447 ἀκούσει

2409 2491 2477 2545 τὰ
2511 2490 2618 2559 ἐμὰ
2656 2491 2904 2560 πρόϐατα
2935 2489 3115 2553 καλῶς
3143 2493 3235 2543 καὶ
3259 2490 3330 2550 ὡς
3363 2488 3483 2558 Θεῴ
3515 2489 3679 2556 φίλον
3712 2487 3802 2539 ὑπ’
3829 2485 3968 2538 αὑτοῦ

2411 2583 2832 2652 ποιμαινόμενα.
2865 2581 3050 2634 Ταῦτα
3077 2580 3167 2634 τοῦ
3199 2581 3354 2648 ἁγίου
3393 2581 3530 2648 πρὸς
3564 2581 3776 2641 αὐτοὺς
3818 2578 3972 2629 εἰπόν-

2409 2692 2522 2740 τος,
2560 2674 2763 2745 βραχέα
2825 2676 3024 2726 ἐκεῖνοι
3084 2674 3220 2744 πρὸς
3267 2672 3529 2742 ἀλλήλους
3562 2672 3734 2734 εὐθὺς
3769 2669 3975 2722 κοινολοο

2411 2768 2732 2838 γησάμενοι,
2781 2771 2872 2820 τὸν
2931 2763 3438 2835 ἀρχιπρεσϐύτερον
3516 2763 3622 2832 τῆς
3682 2762 3972 2829 ἐκκλησίας,

2411 2861 2582 2929 ὄνομα
2610 2862 2704 2914 καὶ
2735 2859 2894 2912 αὑτὸν
2934 2858 3242 2928 ’Λϐέρκιον,
3285 2856 3481 2918 κοινῶς
3509 2855 3873 2924 ἐψηφίσαντο·
3901 2853 3975 2905 καὶ

2413 2953 2575 3015 αὐτὸς
2615 2953 2670 3006 δὲ
2706 2953 2782 3023 τῷ
2827 2951 2979 3023 ἀνδρὶ
3017 2950 3116 3022 τὴν
3143 2948 3443 3019 ἐπισκοπὴν
3495 2947 3976 3016 ἐπιψηφισάμενος,

2415 3046 2686 3116 ἐπιτίθησί
2733 3063 2790 3098 τε
2831 3045 2978 3116 αὑτῷ
3014 3044 3111 3105 τὰς
3143 3046 3354 3113 χεῖρας,
3379 3043 3469 3093 καὶ
3504 3041 3844 3110 εὐλογήσας,
3883 3040 3976 3097 Σοὶ,

2415 3143 2539 3211 ἔφη,
2569 3134 2612 3191 ὦ
2658 3140 2928 3209 Ἀϐἐρκιε,
2987 3138 3269 3205 ἐπισκόπῳ
3321 3129 3459 3187 εἷναι
3509 3133 3741 3204 δίδωμι,
3777 3130 3902 3189 Θεοῦ
3931 3147 3974 3181 τε

725 3220 991 3283 stitueris,
1029 3219 1140 3273 Deo
1172 3221 1358 3280 dante,
1403 3225 1458 3270 et
1507 3232 1593 3270 me
1640 3229 1879 3283 quoque,
1933 3223 2194 3282 quantum
2228 3223 2304 3266 est

2411 3233 2646 3295 διδόντος
2673 3233 2765 3285 καὶ
2802 3230 2936 3301 ἐμοῦ
2973 3232 3097 3283 ὅσον
3143 3227 3231 3281 ἐπ’
3273 3227 3418 3298 ἐμοί.
3459 3222 3601 3279 Εἶτα
3638 3228 3722 3288 εἰς
3747 3225 3980 3293 οὐρανοὺς

724 3311 779 3364 in
829 3327 948 3365 mea
993 3311 1281 3380 potestate.
1339 3309 1545 3363 Deinde
1591 3323 1714 3363 cum
1753 3307 1913 3360 simul
1962 3321 2086 3360 cum
2141 3305 2310 3359 oculis

724 3418 920 3457 manus
961 3404 1013 3456 in
1055 3404 1223 3457 caelos
1253 3403 1586 3464 sustuliSset,
1623 3410 1681 3454 et
1722 3399 1890 3452 Deum
1932 3406 2163 3458 orasset.
2203 3395 2314 3466 spi-

727 3497 836 3550 ritu
878 3497 1006 3549 hinc
1052 3496 1285 3556 recedit,
1319 3503 1372 3546 et
1407 3491 1600 3546 transit
1641 3492 1708 3545 ad
1746 3491 2048 3556 Christum,
2083 3489 2147 3544 ad
2178 3490 2311 3545 cho-

729 3601 821 3640 ros
850 3587 1167 3656 angelorum
1221 3585 1596 3651 transmissus,
1643 3584 1733 3655 qui
1787 3599 1975 3637 revera
2014 3583 2216 3635 vixerat
2255 3591 2313 3635 ut

727 3681 976 3752 angelus.
1024 3680 1266 3750 Populus
1309 3689 1516 3742 autem,
1549 3678 1640 3745 (iui
1686 3676 1963 3730 habitabat
2008 3673 2308 3737 civitatem,

728 3783 1094 3842 congregatus
1135 3771 1201 3824 ad
1237 3784 1451 3822 sacrum
1494 3768 1623 3823 illud
1659 3768 1758 3821 viri
1805 3782 2038 3836 corpus,
2081 3780 2205 3819 cum
2235 3765 2310 3817 illi

730 3879 883 3918 sacra
933 3862 1224 3916 cecinisset
1275 3861 1510 3923 cantica,
1564 3869 1619 3914 et
1659 3868 1914 3928 tanquam
1968 3870 2311 3911 communem

731 3958 966 4028 aliquem
1000 3956 1320 4012 thesaurum
1356 3953 1688 4016 sustulisset,
1719 3951 1973 4021 deposuit
2010 3951 2062 4003 in
2103 3947 2305 4017 lapide,

730 4052 993 4106 vicesimo
1051 4052 1297 4105 secundo
1351 4049 1555 4101 mensis
1608 4045 1881 4099 Octobris.
1936 4042 2140 4096 Deinde
2186 4056 2308 4095 cum

733 4159 887 4205 eum,
933 4141 1025 4210 qui
1063 4142 1130 4194 ab
1172 4140 1291 4210 ipso
1331 4146 1619 4207 acceperat
1659 4135 2056 4206 episcopatum,
2109 4133 2161 4185 in
2195 4131 2312 4201 ejus

733 4237 992 4289 thronum
1039 4233 1418 4296 deduxissent,
1468 4229 1834 4285 communiter
1893 4224 2313 4296 magniﬁcarunt

732 4326 923 4390 Deum,
955 4325 1046 4397 qui
1086 4334 1168 4380 est
1199 4340 1367 4395 super
1407 4325 1664 4378 thronum
1707 4323 1892 4393 gloriae
1923 4321 2071 4390 regni
2106 4337 2121 4372 :
2151 4332 2312 4387 quem

731 4419 889 4474 decet
944 4421 1122 4474 omnis
1175 4421 1372 4484 honor,
1434 4417 1600 4489 gloria
1653 4424 1708 4471 et
1755 4415 2021 4480 adoratio,
2075 4426 2224 4466 nunc
2261 4419 2316 4464 et

733 4526 967 4580 semper,
993 4520 1047 4565 et
1074 4512 1129 4564 in
1163 4511 1360 4565 saacula
1392 4509 1736 4565 saeculorum.
1767 4507 1958 4561 Amen.

2417 3329 2512 3378 σὺν
2543 3328 2654 3389 τοῖς
2677 3325 2886 3395 ὄμμασι
2921 3323 3013 3376 καὶ
3045 3325 3232 3392 χετρσῖς
3260 3319 3538 3389 ἀνασχὼν,
3573 3321 3677 3371 καὶ
3710 3311 3982 3388 προσευξάο

2417 3436 2576 3488 μενος
2607 3418 2684 3487 τῷ
2719 3413 2858 3488 Θεῷ,
2896 3416 3118 3484 ἀπαίρει
3175 3432 3234 3467 τε
3289 3414 3396 3466 τῶν
3440 3411 3698 3465 ἐνταῦθα
3738 3409 3814 3478 τῷ
3847 3409 3982 3458 πνεύ-

2418 3529 2569 3583 ματι,
2629 3513 2724 3563 καὶ
2755 3512 2892 3579 πρὸς
2923 3507 3159 3574 Χριστὸν
3197 3505 3485 3568 διαϐαίνει,
3535 3507 3735 3574 χοροῖς
3770 3501 3982 3570 ἀγγέλων

2414 3607 2442 3656 6
2481 3604 2602 3656 κατ’
2633 3602 2862 3671 ἄγγελον
2915 3600 3130 3669 ἀληθῶς
3186 3599 3389 3668 βιώσας
3465 3599 3982 3666 παραπεμπόμενος.

2416 3698 2488 3750 Τὸ
2518 3695 2703 3766 μέντοι
2741 3696 2838 3766 τὴν
2888 3693 3041 3748 πόλιν
3075 3691 3258 3747 οἰκοῦν
3295 3691 3499 3759 πλῆθος
3538 3691 3708 3762 παρὰ
3744 3689 3805 3740 τὸ
3871 3687 3984 3751 ἱερὸν

2416 3793 2590 3843 ἐκεῖνο
2629 3788 2721 3841 τοῦ
2753 3788 2943 3856 ἀνδρὸς
3010 3787 3169 3857 σῶμα
3214 3782 3743 3853 συναθροισθέντες,
3792 3779 3902 3849 ἱερᾶ
3943 3794 3986 3827 τε

2417 3883 2566 3952 αὐτῷ
2625 3883 2921 3951 ἐπᾴσαντες
2955 3880 3200 3950 ᾄσματα,
3232 3877 3324 3929 καὶ⁸
3388 3876 3679 3945 λαμπρῶς
3709 3877 3986 3945 ἀνελόμενοι

2417 3974 2608 4045 ὥσπερ
2652 3976 2769 4027 τινὰ
2801 3974 2981 4026 κοινὸν
3013 3970 3284 4038 θησαυρὸν
3311 3969 3369 4020 ἐν
3398 3967 3476 4034 τῷ
3512 3967 3667 4036 λίθῳ
3699 3968 3983 4023 κατέθεντο,

2417 4066 2676 4135 δευτέραν
2705 4064 2798 4114 τοῦ
2844 4059 3176 4128 Ὀκτωϐρίου
3209 4061 3342 4130 πρὸς
3373 4063 3495 4121 ταῖς
3520 4061 3750 4113 εἴκοσιν
3774 4062 3986 4125 ἄγοντος

2417 4155 2535 4210 εἶτα
2574 4158 2665 4209 τὸν
2702 4156 2792 4209 ὑπ’
2827 4154 2994 4209 αὑτοῦ
3042 4152 3334 4222 δεξάμενον
3376 4151 3479 4222 τὴν
3545 4152 3888 4222 ἐπισκοπὴν,
3922 4150 3988 4202 ἐπὶ

2415 4250 2505 4302 τὸν
2538 4247 2704 4301 αὐτοῦ
2743 4246 2931 4318 θρόνον
2966 4243 3356 4310 ἀναγαγόντες,
3385 4244 3540 4313 κοινῇ
3583 4243 3685 4295 τὸν
3712 4244 3806 4295 ἐπὶ
3833 4243 3986 4312 Opim

2415 4341 2572 4410 δόξης
2625 4340 2724 4407 τῆς
2781 4338 3058 4408 βασιλείας
3088 4337 3222 4393 Θεὸν
3285 4335 3673 4406 ἐμεγάλυνον,
3730 4330 3774 4405 ᾧ
3818 4339 3986 4405 πρέπει

2417 4436 2568 4485 πᾶσα
2614 4433 2760 4497 δόξα,
2785 4429 2920 4500 τιμὴ
2952 4433 3044 4483 καὶ
3077 4429 3450 4499 προσκύνησις
3521 4429 3632 4482 νῦν
3668 4432 3767 4482 καὶ⁵
3806 4429 3886 4480 ἀεὶ
3919 4426 3988 4476 iul

2418 4524 2494 4586 είς
2526 4523 2652 4586 τοὺς
2682 4522 2878 4585 αἰῶνας
2908 4521 3017 4574 τῶν
3046 4520 3276 4574 αἰώνων.
3315 4521 3510 4593 Ἀμήν.
