4142 6494
174 424 306 485 1249
1308 428 1772 489 MARTYRiUM
1817 428 1876 490 S.
1912 428 2263 487 ARETH/E.
3285 428 3420 491 1250

172 595 3412 639 Μ

1347 766 2218 883 ΜΑΡΤΥΡΙΟΝ

1618 980 1755 1034 ΤΟΥ
1787 979 1992 1033 ΑΓΙΟΥ

635 1157 2247 1293 ΜΕΓΑΛΟΜΑΡΤΥΡΟΣ
2359 1156 2916 1295 ΑΡΕΘΑ

1191 1395 1312 1447 ΚΑΙ
1348 1394 1483 1447 ΤΩΝ
1522 1394 1659 1447 ΣΥΝ
1693 1395 1876 1467 ΛΥΤῼ
1921 1391 2384 1447 ΑΘΔΠΣΑΝΤΩΝ

1282 1556 1621 1647 ΑΓΙΩΝ
1696 1560 2285 1649 ΜΑΡΤΥΡΩΝ

840 1737 966 1791 ΚΑΙ
1004 1736 1300 1794 ΙΣΤΟΡΙΑ
1348 1742 1487 1795 ΤΩΝ
1535 1744 1710 1798 ΚΑΤΑ
1742 1744 1986 1799 ΧΩΡΑΣ
2037 1745 2216 1799 ΤΟΤΕ
2240 1746 2741 1801 ΠΡΑΧΘΕΝἸὩΝ.

1729 1926 1800 1939 ...-

1421 2093 2155 2183 MARTYBIUM

1648 2281 1893 2339 SANCTI

150 2474 394 2622 ET
554 2467 1169 2625 MAGNI
1333 2466 2337 2627 MARTYRIS
2500 2470 3422 2633 ARETHZE.

1024 2757 1114 2814 ET
1159 2757 1399 2816 EORUM
1437 2756 1557 2828 QUI
1607 2756 1750 2815 CUM
1810 2758 1898 2815 ΕΟ
1951 2757 2466 2816 DECERTARUNT

884 2931 1738 3023 SANCTORUM
1832 2932 2633 3024 MARTYBUM

1392 3124 1595 3289 TU‘EI:
1679 3121 1939 3288 ξΑΕέΑ
2003 3123 2208 3184 SUNT
2288 3125 2370 3186 ΙΝ
2456 3126 2816 3189 REGIONE
2892 3128 3400 3193 HOMERITIDE

1560 3229 1636 3288 ‘L
1731 3227 1831 3287 AB
1883 3227 1960 3286 ‘A

1560 3229 1636 3288 El.
1685 3226 1960 3288 SABIEA

144 3129 246 3192 ΕΤ
317 3131 694 3193 HISTORIA
771 3128 1047 3192 EORUM
1121 3125 1308 3201 QUJE

694 3392 891 3455 (Latine
918 3405 999 3452 ap.
1027 3389 1226 3439 Surium
1257 3389 1318 3438 ad
1349 3388 1480 3438 diem
1507 3388 1567 3437 21
1589 3388 1847 3449 Octobris;
1891 3391 2061 3441 Graece
2094 3405 2155 3441 ex
2191 3393 2300 3442 cod.
2327 3405 2416 3442 ms.
2446 3393 2599 3444 Paris.
2630 3406 2661 3443 n
2710 3393 2870 3457 H83.)

188 3739 265 3794 A'.
296 3738 455 3797 Ἔτος
482 3734 581 3804 μὲν
615 3731 717 3801 ήδη
750 3729 1009 3799 πέμπτον
1044 3728 1354 3799 ἐνειστήκει
1384 3724 1463 3792 τῷ
1491 3724 1698 3778 εὐσεδεῖ

1883 3723 1919 3778 1.
1965 3723 2205 3780 Instabat
2235 3724 2345 3795 jam
2379 3723 2605 3794 quintus
2652 3738 2852 3789 annus,
2898 3739 2962 3777 ex
2995 3736 3105 3792 quo
3148 3718 3402 3776 Justinus

146 3829 440 3898 Ἰουστῑνῳ,
509 3828 607 3896 τῆς
664 3821 949 3893 Ῥωμαίων
1001 3821 1179 3891 ἀρχῆς
1243 3821 1354 3874 τῶν
1412 3822 1698 3891 σκήπτρων

1813 3828 2103 3887 acceperat
2148 3826 2362 3886 sceptra
2419 3815 2651 3870 Romani
2701 3813 2919 3883 imperii
2959 3828 2973 3866 :
3023 3827 3132 3882 quo
3179 3809 3401 3881 quidem

133 3920 549 3992 ὲπειλημμένῳ,
573 3917 737 3989 ἡνίκα
765 3915 860 3969 καὶ
881 3912 1160 3966 Αἰθιόπων
1196 3912 1493 3965 Ἐλεσϐαὰν
1516 3908 1698 3981 ἦρχεν1

1811 3920 2053 3979 tempore
2080 3908 2381 3979 imperabat
2403 3908 2566 3962 etiam
2594 3905 2949 3974 Ethiopibus
2974 3902 3260 3962 Elesbaan,
3296 3902 3397 3965 vir,

131 4014 274 4084 ἀνὴρ
354 4015 442 4066 ἐπ’
476 4011 731 4081 εὐσεϐείᾳ
774 4007 869 4062 καὶ
897 4003 1214 4077 δικαιοσύνῃ
1256 4004 1511 4057 πλείστου
1559 4002 1698 4074 παρὰ

1809 4003 1899 4075 qui
1924 4010 2147 4074 propter
2169 4001 2427 4073 pietatem
2453 4008 2508 4055 et
2528 3998 2824 4070 justitiam,
2853 3996 2995 4065 apud
3017 4007 3209 4047 omnes
3232 3992 3404 4046 maxi-

130 4111 301 4163 πᾶσιν
339 4106 642 4177 ἠξιωμένος
693 4104 978 4172 ὀνόματος,
1028 4100 1085 4152 ὲν
1130 4098 1391 4171 “eos”
1435 4097 1588 4151 πόλει
1644 4098 1698 4150 τὰ

1811 4112 1959 4151 mum
2006 4109 2204 4149 nomen
2250 4093 2352 4147 fuit
2404 4099 2781 4147 consecutus:
2836 4088 2891 4142 in
2944 4085 3166 4142 civitate
3216 4092 3401 4138 autem

132 4200 384 4271 βασίλεια
464 4194 912 4255 κατεσκευακὼς.
976 4192 1233 4262 Ἐκράτει
1300 4190 1356 4241 δὲ
1450 4189 1545 4241 καὶ
1612 4188 1711 4257 τῆς

129 4294 468 4360 Εὐδαίμονος
530 4287 812 4358 Ἀραϐίοις,
852 4288 949 4355 τῆς
1006 4282 1171 4334 πάλαι
1220 4279 1322 4350 μὲν
1370 4280 1542 4342 Σαϐἄ,
1594 4281 1705 4333 νυνὶ

127 4387 186 4440 δὲ
230 4378 586 4453 ὐμηρίτιδος
638 4376 1006 4445 καλουμένης,
1049 4373 1291 4428 Δουναάν
1322 4390 1406 4436 τις
1456 4371 1706 4441 Ἐϐραῖος

127 4477 269 4546 ἀνὴρ
300 4471 565 4540 δυσσεϐὴς
630 4468 725 4520 καὶ
760 4466 835 4536 τῷ
866 4465 975 4519 τῶν
1012 4464 1360 4535 Χριστιανῶν
1394 4461 1541 4529 γένει
1586 4459 1706 4513 δια-

127 4568 405 4636 φερόντως
443 4561 724 4628 πολέμιος.
767 4557 863 4619 Ὃς
891 4556 1138 4617 καὶτοὺς
1170 4554 1274 4606 ὑπὸ
1306 4555 1467 4620 χεῖρα
1501 4552 1704 4610 πάντας

125 4657 526 4727 ἐκπεριτδμους
580 4648 749 4721 εἶχεν,
798 4646 892 4710 οὓς
933 4647 1035 4717 μὲν
1092 4644 1484 4708 ἰουδαΐζοντας,
1529 4641 1622 4704 οὓς
1647 4641 1702 4693 δὲ

78 4747 85 4753 ’
125 4757 221 4808 καὶ
252 4751 500 4822 ἀκριὸὦς
546 4744 950 4817 ἑλληνίζοντας,
1008 4742 1240 4805 θύοντας
1284 4740 1419 4809 ἡλίῳ
1468 4740 1563 4790 καὶ
1618 4754 1705 4789 σε-

122 4849 262 4919 λήνῃ
289 4846 383 4899 καὶ
406 4843 678 4913 δαίμοσιν,
712 4839 803 4901 οὓς
833 4838 940 4907 ἄρα
967 4834 1065 4887 καὶ
1106 4835 1248 4886 κατὰ
1291 4834 1379 4885 τὸν
1409 4832 1700 4902 ἐπιχώριον

121 4942 326 5010 τρόπον
379 4935 663 5003 ἀγάλμασι
695 4933 788 4983 καὶ
818 4928 1039 5000 στήλαις
1067 4925 1291 4995 ἐτίμων.
1334 4924 1701 4993 Ἀπηχθάνετο

119 5033 174 5084 δὲ
236 5031 334 5083 καὶ
389 5026 467 5095 τῷ
509 5020 805 5077 Ἐλεσϐαὰν
837 5022 864 5071 ὁ
907 5018 1179 5087 Ἐϐραῖος,
1221 5015 1301 5067 ὅτι
1356 5014 1419 5085 δὴ
1479 5016 1697 5068 πάντων

1811 4193 2056 4243 Auxume
2088 4187 2294 4256 regiam
2324 4192 2732 4239 construxerat.
2769 4181 2982 4234 Ditione
3012 4177 3231 4231 tenebat
3262 4176 3403 4229 Ara-

1807 4282 1951 4337 biam
1984 4277 2217 4334 Felicem
2259 4292 2379 4350 qua
2403 4275 2533 4331 olim
2569 4274 2786 4345 quidem
2822 4270 2984 4335 Saba,
3033 4285 3182 4325 nunc
3215 4277 3399 4324 autem

1808 4384 2030 4430 vocatur
2054 4371 2371 4434 Homeritis,
2413 4369 2642 4424 Dunaan
2671 4367 2951 4428 Hebraeus,
2986 4364 3068 4417 vir
3099 4362 3317 4430 impius,
3342 4369 3399 4413 et

1805 4464 2248 4521 Christianorum
2305 4463 2493 4536 generi
2548 4459 2959 4515 inimicissimus
3011 4476 3024 4509 :
3084 4455 3178 4524 qui
3231 4454 3397 4509 etiam

1806 4573 2014 4623 omnes,
2063 4558 2157 4623 qui
2189 4565 2350 4613 erant
2408 4557 2462 4608 in
2513 4568 2607 4607 sua
2644 4557 2935 4621 potestate,
2983 4546 3219 4602 habebat
3286 4547 3399 4601 cir-

1806 4649 2093 4714 cumcisos,
2150 4649 2357 4720 partim
2411 4644 2628 4716 quidem
2663 4639 2942 4697 Iudaicam
2976 4648 3265 4708 sequentes
3298 4650 3395 4689 su-

1804 4743 2209 4812 perstitionem,
2267 4740 2473 4811 partim
2520 4748 2700 4791 autem
2752 4734 2910 4804 plane
2956 4731 3182 4801 gentiles
3211 4728 3308 4781 soli
3342 4736 3399 4779 et

1803 4835 1945 4887 luna:
1974 4834 2356 4888 sacrificantes
2384 4840 2441 4884 et
2482 4828 2845 4888 dmnionibus,
2874 4840 3010 4892 quos
3048 4824 3212 4875 etiam
3245 4832 3400 4871 more

1802 4925 1975 4998 gentis
2008 4926 2359 4982 honorabant
2394 4922 2595 4979 statuis
2616 4928 2674 4975 et
2702 4918 2990 4975 columnis.
3024 4913 3192 4969 Porro
3218 4919 3402 4966 autem

1802 5022 1870 5073 ab
1909 5014 2174 5072 Elesbaan
2208 5015 2339 5073 odio
2375 5012 2689 5071 habebatur
2722 5009 2999 5067 llebrreus,
3051 5003 3192 5071 quod
3224 4999 3406 5053 omni-

121 5123 311 5193 σχεδὸν
351 5121 459 5173 τῶν
501 5118 593 5170 ὑπ’
628 5111 857 5184 οὐρανὸν
916 5112 1008 5163 τὸν
1038 5108 1277 5181 Χριστὸν
1315 5112 1695 5179 κηρυττόντων

1802 5112 1903 5165 bus
1929 5110 2060 5174 fere,
2092 5112 2189 5178 qui
2219 5114 2355 5165 sunt
2388 5110 2499 5165 sub
2552 5104 2715 5165 caelo,
2749 5100 3025 5154 Christum
3056 5093 3226 5147 Deum
3264 5106 3403 5161 prae-

119 5184 252 5269 Θεὸν
298 5214 394 5265 καὶ
440 5209 575 5263 Θεοῦ
617 5210 746 5261 Υἰδν
777 5202 978 5273 ἀληθῆ,
1014 5203 1109 5255 καὶ
1147 5202 1279 5272 ἡμῖν
1320 5201 1504 5271 ὅμοιον
1556 5200 1696 5253 κατὰ

1799 5201 2130 5265 dicantibus,
2170 5213 2224 5257 ct
2266 5214 2459 5254 verum
2508 5196 2606 5251 Dei
2648 5194 2872 5255 Filium,
2902 5198 2954 5244 et
3005 5186 3163 5243 nobis
3193 5184 3398 5240 factum

118 5310 215 5377 τὴν
243 5307 423 5375 σάρκα
455 5302 771 5370 γενόμενον,
805 5297 968 5359 αὐτὸς
1019 5296 1228 5350 ἀθετῶν
1261 5297 1562 5364 ἀπηρνεῖτο
1601 5296 1696 5347 καὶ

1799 5308 1960 5347 carne
2002 5292 2260 5355 similem,
2297 5290 2414 5360 ipse
2465 5303 2593 5343 eum
2644 5282 3007 5355 vilipendeus,
3052 5277 3398 5333 inliciabatur

118 5401 210 5451 τὸν
244 5396 373 5448 my
414 5394 509 5446 καὶ
549 5391 647 5459 τὴν
679 5393 975 5461 σάρκωσιν,
1026 5387 1332 5451 συσκιάζων
1374 5388 1435 5440 τὸ
1472 5390 1565 5441 ἐπὶ
1619 5388 1696 5458 τῷ

1799 5384 1912 5438 haec
1935 5383 2138 5446 omnia,
2174 5381 2363 5435 velans
2398 5390 2454 5436 et
2486 5382 2819 5435 adumbrans
2855 5388 3080 5429 suorum
3115 5371 3383 5441 majorum

1798 5480 1999 5538 scelus,
2034 5474 2179 5545 quod
2212 5475 2264 5526 in
2294 5488 2456 5528 cruce
2492 5473 2848 5533 admiserant,
2884 5468 3022 5522 adeo
3051 5475 3108 5519 ut
3136 5479 3229 5518 rex
3260 5463 3385 5532 pius

1787 5586 1930 5641 saepe
1960 5583 2085 5623 cum
2111 5580 2177 5619 eo
2200 5565 2339 5621 bello
2366 5578 2715 5635 congressus,
2749 5561 2797 5615 vi
2830 5560 3031 5615 fuderit
3057 5570 3121 5610 ac
3155 5554 3377 5627 fugarit,

1786 5676 1842 5719 et
1893 5662 2159 5717 tributum
2192 5658 2432 5729 pendere
2479 5657 2740 5727 coegerit.
2774 5653 2974 5707 Verum
3012 5648 3105 5705 ille
3154 5648 3375 5721 quidem

1786 5769 1895 5808 non
1921 5761 2074 5807 stans
2105 5750 2277 5821 pactis
2305 5747 2612 5813 conventis,
2646 5742 2942 5798 insurrexit
2968 5752 3158 5797 contra
3192 5751 3372 5811 regem

1788 5846 2075 5902 Elesbaan.
2112 5843 2377 5900 Elesbaan
2405 5850 2586 5897 autem
2620 5852 2745 5894 eum
2774 5852 2965 5893 rursus
3009 5834 3191 5890 valido
3218 5831 3376 5887 ador-

118 5488 341 5557 σταυρῷ
390 5486 499 5538 τῶν
547 5483 798 5554 πατέρων
840 5480 1122 5550 ἀνὸμημα,
1175 5481 1249 5543 ὼς
1293 5480 1387 5533 καὶ
1429 5481 1692 5543 πολλάκις

114 5583 263 5653 αὑτῴ
300 5580 647 5650 συμϐαλόντα
696 5578 787 5629 τὸν
842 5575 1043 5645 εὐσεϐῆ
1094 5574 1341 5645 βασιλέα,
1382 5575 1689 5648 τρέψασθαι

112 5693 170 5727 τε
207 5669 506 5727 αὑτὸνοάνά
538 5670 756 5739 κράτος,
784 5667 874 5718 καὶ
907 5668 1104 5734 φόρους
1134 5665 1444 5732 ἀναγκάσαι
1490 5666 1685 5719 τελεῖν.

114 5763 230 5824 Εἶθ’
271 5764 447 5827 οὕτως
491 5764 697 5816 ῑκεῖνον
740 5760 837 5830 μὲν
886 5759 984 5821 τὰς
1027 5757 1305 5827 συνθήκας
1351 5758 1683 5829 ὴθετηκότα,

115 5855 582 5925 κατεξαναστῆναι
615 5852 706 5905 τοῦ
765 5849 1027 5922 βασιλέως
1085 5850 1407 5908 Ἐλεσσαάν.
1465 5852 1569 5906 Τὸν
1629 5852 1684 5904 δὲ
