4142 6506
705 427 833 492 1251

1955 416 2230 475 MENSIS
2271 414 2633 473 OlZTOBER.

3796 405 3924 467 1252

705 552 790 593 tus
826 538 1084 602 exercitu,
1122 538 1331 593 fortiter
1362 536 1705 607 expugnavit,
1740 546 1792 588 et
1836 537 1885 585 in
1930 532 2106 601 fugam
2139 546 2237 583 con
2295 569 2305 589 ,

2406 530 2533 583 λάλιν
2564 531 2723 599 βαρεῖ
2748 528 2964 599 στρατῴ
2996 527 3119 581 κατ’
3144 526 3309 580 αύτοῦ
3338 527 3661 587 ἐπελθόντα,
3688 543 3928 589 καταγω-

705 629 882 684 vertit.
916 629 1157 697 Denique
1189 629 1251 681 ad
1281 629 1427 680 illum
1459 626 1755 680 cavendum
1792 624 1977 677 relicto
2001 623 2261 681 exercitu,

708 722 760 773 in
798 736 948 773 suam
990 721 1146 773 rediit
1176 720 1457 773 ditionem.

777 893 841 946 ll.
888 892 1103 945 Interim
1141 907 1243 944 non
1279 900 1484 958 poterat
1518 888 1771 942 Hebraeus
1817 886 2121 956 quiescere,
2175 882 2267 938 sed

710 998 766 1039 ut
818 995 1049 1053 accepta:
1095 983 1260 1038 cladis
1308 982 1511 1035 deleret
1560 979 1928 1051 ignominiam,
1974 993 2093 1030 cum
2145 990 2270 1028 suos

714 1076 1033 1145 collegisset,
1068 1084 1119 1127 et
1154 1090 1263 1137 eos,
1300 1072 1389 1140 qui
1431 1081 1583 1125 erant
1632 1073 1685 1123 in
1731 1068 2003 1138 praesidio,
2048 1068 2272 1120 invasis-

712 1175 813 1233 set,
852 1183 1039 1222 omnes
1069 1167 1206 1219 bello
1249 1165 1501 1235 perdidit,
1531 1174 1585 1217 et
1627 1162 1787 1232 jussit
1823 1174 2031 1221 omnes,
2075 1160 2162 1228 qui
2194 1160 2274 1211 iu-

712 1259 1068 1313 veniehantur
1098 1258 1371 1310 Christum
1405 1272 1524 1308 esse
1556 1254 1722 1306 Deum
1757 1251 2099 1311 conﬁtentes,
2140 1253 2271 1304 citra

716 1353 877 1404 ullam
916 1349 1135 1401 interire
1170 1345 1615 1399 misericordiam.
1653 1342 1844 1397 Nullus
1876 1352 2054 1395 autem
2084 1341 2182 1393 fuit
2210 1357 2273 1394 ex

716 1445 804 1505 iis,
841 1444 927 1510 qui
959 1449 1108 1493 erant
1141 1440 1239 1492 sub
1266 1440 1400 1507 ipso,
1437 1434 1781 1492 Christianis.
1812 1435 1899 1502 qui
1937 1449 1992 1485 se
2022 1449 2125 1484 non
2153 1433 2277 1485 huic

720 1535 887 1602 impio
921 1533 1097 1586 edicto
1127 1530 1435 1585 submiserit
1464 1529 1605 1581 illius
1652 1528 1817 1580 animi
1856 1525 2150 1578 formidans
2184 1538 2280 1576 sre-

720 1627 925 1679 vitiam.
955 1623 1203 1689 Quaedam
1230 1632 1407 1675 tamen
1430 1620 1618 1674 civitas
1647 1620 1903 1686 lrequens
1932 1617 2148 1684 populo,
2181 1615 2278 1667 sita

722 1715 777 1766 in
810 1712 1156 1777 Homeritide,
1185 1726 1304 1780 quae
1338 1718 1557 1765 vocatur
1585 1707 1818 1778 Nagran,
1846 1722 1962 1758 cum
1988 1707 2096 1773 jam
2126 1706 2282 1773 longo

724 1808 922 1861 abhinc
972 1815 1211 1873 tempore
1244 1804 1478 1857 venisset
1524 1802 1587 1855 ad
1635 1800 1967 1870 agnitionem
2022 1798 2282 1859 veritatis,

2367 620 2617 672 νίσασοαί
2652 637 2710 672 τε
2767 619 3049 688 γενναίως,
3091 617 3184 669 καὶ
3246 617 3456 685 φυγάδα
3508 616 3927 684 παρασκευάσαι

2368 710 2644 776 γενέσθαι.
2683 706 2814 761 Εἶτα
2853 709 2987 779 πρὸς
3021 708 3269 775 φυλακὴν
3309 709 3520 758 ’ἐκείνου
3558 703 3927 757 καταλιπᾶντι

2372 803 2617 869 στρατὸν,
2662 803 2737 862 εἰς
2765 802 2861 868 τὴν
2892 800 3095 851 οἰκείαν
3122 798 3276 859 αὖθις
3310 797 3476 866 ἀρχὴν
3501 796 3868 862 ὑποστρέψαι.

2442 890 2514 943 B’.
2563 891 2648 943 Ἐν
2667 891 2870 951 τούτοις
2886 889 2977 941 τὸν
3017 889 3263 956 Ἐϐραῖον
3290 890 3386 938 οὐκ
3412 883 3478 955 ἦν
3516 886 3612 952 ὴρε
3626 889 3749 953 μεῖν
3776 902 3790 916 ·
3823 882 3930 937 ἀλλ’

2373 983 2557 1052 ὥσπερ
2586 983 2684 1052 τὴν
2707 978 2875 1051 ἧτταν
2897 980 3361 1047 ἀνακαλούμενον,
3391 975 3789 1043 συλλεξάμενον
3816 975 3933 1035 τοὶς

2374 1075 2630 1137 οἰκείους,
2668 1075 2762 1125 καὶ
2795 1076 2907 1134 τοῖς
2937 1072 3036 1140 τὴν
3070 1070 3315 1138 φυλακὴν
3346 1069 3560 1138 ἔχουσιν
3587 1066 3933 1131 ἐπιθέμενον,

2376 1168 2598 1236 πολέμῳ
2637 1182 2691 1217 τε
2720 1164 2968 1227 ἅπαντας
3025 1163 3353 1230 διαφθεῖραι,
3386 1159 3481 1212 καὶ
3528 1156 3932 1217 κελεύσαιτοὶις

2378 1258 2795 1329 εὑρισκομένους
2812 1255 2941 1307 Θεὸν
2969 1257 3059 1307 τὸν
3086 1255 3317 1323 Χριστὸν
3341 1250 3742 1321 ὁμολογοῦντας
3794 1247 3936 1313 παρά

2379 1354 2486 1403 πᾶν
2522 1349 2665 1410 ἔλεος
2708 1346 3141 1415 διαφθείρεσθαι.
3192 1342 3298 1396 Ἠν
3344 1341 3436 1397 οὖν
3472 1344 3649 1402 οὐδεὶς
3688 1340 3799 1391 τῶν
3850 1338 3934 1389 ὑπ’

2380 1443 2527 1513 αύτῷ
2553 1439 2848 1493 τελούντων
2905 1439 3271 1509 Χριστιανῶν,
3327 1438 3384 1499 ὃς
3424 1436 3520 1504 οὐχ
3548 1434 3835 1486 ύπέκυπτε
3866 1431 3934 1496 τῷ

2382 1536 2631 1590 δυσσεϐεῖ
2676 1535 2850 1603 τούτῳ
2910 1531 3316 1602 προστάγματι,
3366 1528 3462 1594 τῆς
3500 1525 3684 1594 ψυχῆς
3730 1522 3937 1589 ἐκείνης

2383 1629 2599 1697 τρέμων
2633 1627 2729 1696 τὴν
2751 1624 3074 1694 ἀγριότητα.
3113 1621 3268 1682 Πόλις
3307 1622 3368 1685 γέ
3402 1637 3482 1682 τις
3518 1616 3940 1683 πολυάνθρωπος

2387 1722 2488 1772 om
2511 1720 2600 1772 τὸν
2646 1718 2944 1788 ὐμηρίτην
2971 1714 3195 1784 κειμένη
3229 1713 3537 1778 καλουμένη
3568 1708 3821 1776 Ναγρὰν,
3854 1722 3943 1756 cu-

2389 1814 2513 1883 χνὸν
2539 1813 2639 1882 ἤδη
2682 1812 2870 1880 χρόνον
2901 1810 2984 1869 εἰς
3035 1806 3328 1871 ἐπίγνωσιν
3390 1800 3617 1852 ἐλθοῦσα
3669 1798 3773 1865 τῆς
3822 1798 3946 1864 άλη-

722 1910 775 1954 et
803 1898 1055 1966 pietatem
1085 1895 1429 1964 suscepisset,
1470 1908 1663 1959 nempe
1699 1908 1759 1945 cx
1792 1906 1899 1959 quo
1927 1891 2276 1944 Constantius

2406 1905 2560 1968 ὶείας,
2621 1906 2714 1955 καὶ
2764 1901 2858 1968 τὴν
2915 1898 3199 1951 εὐπείθειαν
3268 1893 3667 1961 ὲπανελομένη,
3722 1889 3781 1951 ἐξ
3831 1892 3946 1941 δτον

725 1990 901 2059 magni
935 1984 1270 2041 Constantini
1300 1985 1459 2048 tilins,
1509 1984 1572 2036 ad
1610 1984 1854 2042 Sabaaos,
1888 1982 1974 2050 qui
2028 1995 2170 2032 nunc
2200 1995 2289 2031 vo-

727 2089 916 2134 cantur
952 2078 1264 2141 llomeritze,
1290 2076 1397 2129 orti
1422 2090 1549 2129 vero
1579 2084 1707 2129 sunt
1732 2088 1793 2127 ex
1824 2075 2014 2124 (letura
2044 2072 2288 2130 Abraiue,

729 2172 873 2224 misit
902 2171 1144 2239 legatos:
1179 2178 1232 2222 et
1282 2183 1408 2238 rege
1444 2166 1588 2219 illius
1618 2164 1795 2235 gentis
1844 2162 2158 2216 muneribus
2189 2161 2287 2214 sibi

729 2262 1036 2323 conciliato,
1089 2258 1376 2312 aediﬁcavit
1422 2258 1519 2310 hac
1557 2257 1609 2309 iu
1665 2255 1883 2308 civitate
1933 2253 2210 2311 ceclcsias,
2241 2260 2292 2303 et

732 2351 1017 2419 quemdam
1076 2350 1253 2403 virum
1311 2350 1479 2415 pium,
1527 2348 1614 2414 qui
1672 2347 1738 2398 ad
1782 2348 1941 2396 vitam
2000 2344 2296 2397 declinarat

736 2440 1113 2502 monasticam,
1146 2451 1199 2493 et
1228 2438 1517 2492 moralibus
1554 2447 1607 2491 et
1634 2436 1825 2490 activis
1858 2435 2149 2489 virtutibus
2180 2442 2296 2486 erat

736 2548 981 2602 magnus,
1014 2540 1174 2600 atque
1198 2530 1331 2582 adeo
1358 2526 1609 2581 omnibus
1636 2526 1718 2579 sui
1745 2526 1999 2594 temporis
2026 2524 2293 2592 superior,

738 2627 905 2682 misit,
960 2634 1018 2677 ut
1071 2632 1323 2692 pra-essrt
1372 2621 1457 2683 iis,
1491 2621 1578 2689 qui
1628 2620 1695 2672 ad
1728 2635 1905 2672 verum
1958 2626 2299 2671 accesserant

738 2716 1074 2783 religionem.
1125 2713 1244 2776 Quo
1269 2712 1487 2780 quidem
1535 2721 1777 2779 tempore
1808 2708 2008 2763 ludatis
2045 2712 2303 2762 resisten-

741 2808 903 2870 tibus,
932 2815 985 2858 et
1026 2802 1254 2857 barbaro
1286 2802 1660 2862 suadentibus,
1693 2816 1759 2855 ne
1782 2810 1888 2854 tam
1925 2800 2079 2853 facile
2121 2798 2304 2866 hospi-

741 2907 847 2951 tem
879 2896 1186 2949 admitteret
1232 2895 1284 2948 in
1331 2894 1628 2957 civitatem,
1664 2906 1834 2961 neque
1880 2892 2021 2944 circa
2055 2903 2140 2941 res
2172 2888 2303 2941 divi'

744 3004 840 3040 nas
887 2987 1089 3054 aliquid
1116 2988 1419 3044 innovaret,
1449 2984 1551 3034 nisi
1587 2983 1737 3050 prius
1770 2984 1852 3033 vir
1884 2979 2165 3045 religiosus
2204 2976 2305 3031 ali-

741 3080 885 3147 quod
929 3078 1141 3148 signutn
1174 3076 1503 3137 ostenderet,
1551 3073 1840 3143 (quomodo
1887 3072 2061 3127 solent
2093 3072 2179 3125 isti
2213 3086 2307 3141 pe—

746 3180 877 3233 tere,
910 3180 967 3222 ut
994 3170 1083 3238 qui
1121 3169 1232 3221 sint
1262 3168 1542 3235 increduli)
1581 3167 1723 3235 quod
1758 3166 1973 3235 quidem
2018 3164 2062 3218 si
2096 3164 2307 3231 praesti-

748 3260 893 3323 terit,
930 3268 1056 3312 tunc
1088 3258 1136 3312 ei
1186 3258 1511 3312 concederet
1548 3259 1848 3324 ingressum
1884 3255 1939 3305 in
1988 3255 2263 3305 civitatem
2293 3268 2307 3305 ι

749 3348 838 3402 ille
872 3347 1067 3401 divinis
1099 3348 1267 3401 fretus
1299 3345 1601 3417 promissis,
1635 3342 1778 3412 quod
1825 3342 1977 3413 signa
2016 3348 2313 3410 sequentur

748 3454 861 3496 eos.
885 3437 975 3505 qui
998 3436 1348 3497 crediderint,
1371 3432 1563 3485 annuit
1582 3432 1691 3485 cira
1709 3431 1866 3484 ullam
1884 3429 2306 3485 dubitationem:

749 3535 805 3577 et
850 3538 1038 3576 eorum
1082 3536 1202 3591 quae
1246 3520 1582 3591 petebantur,
1632 3518 2013 3572 miraculorum
2063 3533 2310 3585 magnam

751 3612 989 3665 ostendit
1019 3610 1415 3679 operationem.
1455 3606 1535 3657 Ab
1580 3605 1669 3656 illo
1704 3606 1813 3670 jam
1856 3611 2097 3671 tempore
2126 3603 2314 3656 civitas

757 3700 1041 3751 Dominum
1076 3709 1208 3763 pure
1233 3694 1438 3756 colens,
1468 3701 1521 3744 et
1549 3690 1849 3745 orthodoxa
1872 3690 2178 3743 divinorum
2213 3691 2315 3743 Pa-

756 3800 894 3842 trum
938 3803 1171 3857 sequens
1200 3787 1469 3855 dogmata,
1519 3785 1918 3853 perseverabat,
1955 3782 1999 3836 si
2042 3782 2169 3853 quid
2202 3793 2317 3837 erat

759 3877 907 3940 mali,
954 3878 1238 3945 repellere,
1298 3884 1352 3927 et
1402 3874 1633 3927 alienam
1683 3872 1920 3942 etl'ugere
1978 3871 2312 3942 religionem,

756 3971 889 4024 adeo
919 3980 975 4023 ut
1001 3972 1205 4024 sineret
1234 3967 1451 4035 quidem
1473 3981 1591 4019 eam
1625 3965 1691 4018 ad
1715 3979 1879 4018 aures
1907 3967 2210 4033 pervenire.

832 4192 916 4247 Ill.
960 4190 1210 4245 invidens
1237 4204 1365 4261 ergo
1394 4188 1679 4258 malignus,
1706 4197 1901 4252 totum,
1928 4199 2161 4258 quantus
2185 4196 2318 4253 erat,

759 4288 982 4340 subiens
1030 4284 1333 4345 Hebraeum,
1362 4296 1489 4334 eum
1528 4289 1700 4332 armat
1726 4281 1983 4333 adversus
2028 4280 2319 4341 civitatem,

765 4378 960 4443 partim
994 4374 1213 4442 quidem
1244 4374 1473 4439 opinans
1505 4368 1642 4431 fore,
1679 4379 1737 4421 ut
1769 4369 1821 4422 id
1862 4378 2007 4423 esset
2036 4370 2320 4423 molestum

764 4470 854 4536 pio
890 4470 996 4536 regi
1025 4464 1347 4532 Etliiopunt
1377 4480 1392 4517 :
1432 4463 1625 4532 partim
1658 4472 1837 4516 autem
1875 4477 1940 4519 eo
1971 4473 2240 4531 Spectans,
2268 4476 2325 4513 ut

2392 1996 2765 2052 Κωνσταντιος
2833 1992 2860 2042 ὁ
2924 1989 3018 2041 τοῦ
3086 1986 3321 2057 μεγάλου
3392 1980 3812 2036 Κωνσταντίνου
3847 1983 3951 2040 υίὸς

2392 2089 2526 2156 προς
2557 2084 2823 2142 Σαϐαίους
2854 2081 2980 2141 τοὺς
3030 2077 3124 2130 νῦν
3189 2076 3510 2147 Ὀμηρίτας,
3556 2073 3684 2134 τοὺς
3746 2073 3810 2122 ἐκ
3860 2071 3951 2138 τῆς

2393 2176 2669 2245 Χετούρας
2693 2172 2771 2241 τῷ
2811 2170 3061 2241 Ἀϐραὰμ
3087 2169 3419 2238 γενομένους
3454 2165 3759 2235 πρεσϐείαν
3788 2166 3956 2215 ὲστεζ-

2393 2270 2542 2333 λατο,
2578 2269 2670 2320 καὶ
2692 2266 2884 2333 δώροις
2909 2262 3329 2331 οἰκειωσάμενος
3358 2260 3448 2312 τὸν
3469 2259 3561 2312 τοῦ
3590 2260 3783 2319 ἔθνους
3810 2255 3955 2324 βασι-

2396 2362 2512 2423 λέα,
2533 2356 2823 2426 ἐκκλησίας
2848 2371 2906 2407 τε
2939 2354 3214 2424 ἐδείματο,
3256 2352 3348 2405 καί
3375 2369 3491 2404 τινα
3520 2349 3775 2419 θεόσιλον
3799 2348 3961 2418 ἄνδρα

2400 2453 2534 2522 προς
2572 2452 2656 2503 τὶν
2706 2449 2994 2518 μοναδικδν
3038 2445 3409 2500 ἀποκλίναντα
3464 2443 3605 2514 βίον,
3654 2444 3752 2496 καὶ
3795 2444 3961 2512 μέγαν

2399 2543 2691 2614 ὲνῄθικαίς
2745 2559 2801 2594 τε
2839 2541 2931 2594 καὶ
2981 2540 3313 2609 πρακτικαῖς
3366 2538 3620 2605 ἀρεταῖς,
3688 2537 3783 2585 καὶ
3832 2534 3962 2599 ὑπὲρ

2399 2641 2523 2701 τοὺς
2546 2638 2667 2690 τότε
2700 2635 2905 2695 πάντας
2936 2634 3251 2701 γενόμενον,
3288 2632 3364 2691 εἰς
3400 2629 3743 2696 προστασίαν
3769 2624 3875 2677 τῶν
3905 2628 3963 2692 τῇ

2402 2730 2657 2797 εὐσεϐείᾳ
2705 2723 3102 2791 συντιθεμένων
3142 2720 3472 2789 ἐξέπεμπεν.
3530 2719 3667 2771 "Urs
3721 2718 3819 2770 καὶ
3862 2715 3963 2768 τῶν

2416 2821 2688 2873 Ἰουδαίων
2755 2815 3170 2885 ἀνθισταμένων
3244 2814 3338 2867 καὶ
3404 2812 3816 2867 ἀναπειθόντων
3881 2812 3967 2862 τον

2408 2913 2703 2985 βάρϐαρον,
2737 2914 2810 2983 μὴ
2851 2913 3158 2985 προχείρως
3186 2907 3329 2963 οὓτω
3356 2908 3505 2972 ξένον
3536 2907 3617 2970 είς
3668 2906 3773 2973 τὴν
3824 2904 3968 2955 πολι-

2406 3010 2556 3059 τείαν
2586 3006 2951 3069 εἰσδέξασθαι,
2992 3005 3127 3075 μηδὲ
3173 3004 3302 3073 περὶ
3332 3004 3398 3053 τὰ
3435 3001 3554 3053 θεῖα
3603 2999 3969 3068 νεωτερίζειν,

2409 3102 2455 3150 εἰ
2497 3100 2569 3167 μή
2608 3115 2658 3149 τι
2700 3098 2965 3167 πρότερον
3004 3098 3229 3164 σημεῖον
3262 3096 3290 3145 ὁ
3330 3091 3578 3159 θεόφιλος
3619 3091 3971 3157 ἐπιδείξαιτο,

2334 3217 2378 3279 C
2411 3183 2497 3241 οἷα
2529 3188 2593 3257 δὴ
2636 3186 2804 3239 πολλὰ
2851 3184 3061 3248 τούτοις
3106 3183 3181 3247 ὼς
3232 3182 3479 3246 ἀπίστοις
3524 3184 3790 3236 ἀπαιτεῖν
3837 3183 3973 3244 ἔθος,

2413 3287 2505 3338 καὶ
2549 3285 2667 3336 τότε
2719 3281 3121 3352 παραχωρῆσαι
3177 3278 3327 3350 αύτῷ
3373 3279 3473 3347 τῆς
3526 3278 3609 3341 εἰς
3659 3280 3764 3347 τὴν
3828 3280 3975 3330 πόλιν

2411 3374 2636 3439 εἰσόδου,
2668 3375 2875 3426 ἐκεῖνον
2894 3374 3010 3436 ταῖς
3032 3370 3201 3435 θείαις
3220 3370 3572 3439 ἐπαγγελίαις
3594 3369 3976 3441 θαρρήσαντα,

2410 3468 2493 3520 ὅτι
2530 3466 2730 3534 σημεῖα
2781 3465 2893 3525 τοῖς
2946 3462 3271 3514 πιστεύσασι
3317 3461 3827 3531 παρακολουθήσει,
3868 3464 3978 3511 επι-

2413 3556 2601 3611 νεῦσαί
2640 3571 2699 3607 τε
2745 3552 3191 3616 ἀνεπιδοιάστως,
3251 3551 3345 3604 καὶ
3397 3551 3599 3620 πολλὴν
3652 3551 3769 3603 τῶν
3821 3555 3978 3604 ἀπαι-

2416 3648 2696 3719 τουμένων
2760 3646 3052 3718 θαυμάτων
3096 3643 3467 3710 ὶπιδείξασθαι
3519 3642 3620 3713 τὴν
3672 3645 3979 3713 ἐνέργειαν.

2428 3741 2517 3806 Ἐξ
2548 3740 2772 3793 ἐκείνων
2804 3740 2905 3811 ἥδη
2934 3738 3042 3791 τῶν
3078 3739 3291 3807 χρόνων
3321 3739 3353 3806 ἡ
3398 3736 3552 3798 πόλις
3604 3735 3871 3807 καθαρῶς
3901 3736 3981 3788 λα-

2413 3835 2682 3903 τρεύουσα
2726 3832 2802 3901 τῷ
2842 3831 2982 3900 Θεῷ,
3028 3832 3121 3883 καὶ
3150 3834 3259 3892 τοῖς
3310 3828 3617 3897 ὀρθοδὸξοις
3666 3829 3785 3882 τῶν
3834 3829 3983 3881 θείων

2427 3924 2688 3993 Πατέρων
2743 3922 3034 3993 στοιχοῦσα
3091 3921 3347 3989 δόγμασι,
3411 3918 3640 3970 διετέλει
3705 3922 3822 3973 πᾶν
3869 3922 3896 3972 ὅ
3938 3938 3985 3971 τι

2419 4016 2653 4085 πονηρὸν
2704 4014 3092 4083 ἀπωθουμένη,
3161 4012 3255 4062 καὶ
3312 4008 3615 4078 θρησκείαν
3694 4011 3983 4064 ἀλλόκοτον

2420 4106 2546 4175 ἄχρι
2576 4104 2704 4171 γοῦν
2738 4107 2833 4155 καὶ
2865 4102 3035 4171 ἀκοῆς
3091 4099 3497 4168 ἀποφεύγουσα.

2492 4196 2564 4252 1".
2609 4196 2884 4264 Φθονησας
2928 4193 3105 4247 τοίνυν
3148 4193 3176 4245 ὁ
3210 4191 3463 4261 πονηρὸς,
3498 4192 3593 4244 καὶ
3635 4189 3769 4243 ὅλον
3806 4192 3985 4244 ὑπεισ-

2421 4289 2511 4352 δὺς
2560 4289 2651 4341 τὸν
2690 4288 2969 4359 Ἐϐραῖον,
3024 4285 3234 4351 ὁπλίζει
3277 4286 3416 4337 κατὰ
3466 4286 3568 4353 τῆς
3614 4286 3860 4349 πόλεως,
3903 4286 3987 4337 καὶ

2425 4381 2584 4443 αὐτὸς
2612 4378 2766 4430 τοῦτο
2797 4379 2896 4447 μὲν
2923 4377 3303 4447 προσδοκήσας
3330 4376 3521 4427 λυπεῖν
3550 4377 3643 4427 τὸν
3670 4378 3785 4428 τῶν
3822 4378 3989 4429 Ated-

2430 4488 2546 4522 πων
2582 4468 2777 4537 εὐσεϐῆ
2823 4467 3071 4536 βασιλέα,
3109 4467 3265 4519 τοῦτο
3308 4465 3366 4518 δὲ
3415 4469 3505 4517 καὶ
3536 4465 3634 4534 τὴν
3681 4468 3830 4518 κατὰ
3869 4470 3994 4537 X9:-

767 4558 822 4609 in
879 4557 1151 4609 ChriStum
1208 4569 1359 4607 suam
1407 4552 1647 4622 expleret
1694 4552 1984 4615 insaniam,
2046 4562 2101 4606 et
2163 4567 2298 4619 genu

2436 4559 2561 4612 στού
2589 4558 2787 4628 μανίαν
2821 4558 3136 4627 ἀποπλῆσαι
3172 4557 3408 4620 σκοπῶν,
3436 4557 3528 4609 καὶ
3556 4558 3620 4608 τὸ
3649 4558 3993 4624 Χριστιανῶν

767 4648 1203 4702 Christianorum
1237 4644 1460 4697 omnino
1492 4652 1780 4696 everteret.
1811 4644 1996 4710 Itaque
2025 4641 2171 4695 venit
2196 4641 2328 4693 vali-

766 4741 894 4791 dum
927 4737 1201 4789 adducens
1226 4731 1520 4787 exercitum
1546 4749 1557 4784 :
1585 4742 1639 4785 et
1667 4748 1784 4787 cum
1808 4731 2160 4786 circumcirca
2188 4738 2329 4784 esset

765 4836 1204 4889 castrametatus,
1237 4825 1483 4894 valloque
1532 4833 1587 4879 et
1619 4825 1762 4878 fossa
1799 4823 1995 4877 moenia
2027 4823 2331 4877 circumda.

767 4920 955 4982 disset,
992 4918 1205 4971 obsedit
1235 4917 1469 4985 Nagran,
1498 4916 1757 4970 minitans
1788 4930 1845 4969 se
1878 4916 2020 4967 illam
2056 4929 2331 4983 expugna-

766 5022 969 5071 turum,
992 5020 1048 5063 et
1078 5023 1285 5068 omnes.
1307 5010 1399 5077 qui
1427 5008 1480 5061 in
1512 5006 1625 5076 ipsa
1651 5015 1830 5071 erant,
1856 5005 2327 5073 interempturum,

768 5104 871 5155 nisi
925 5116 1084 5154 cruce
1133 5099 1365 5161 Domini,
1422 5114 1450 5151 a
1499 5098 1708 5152 civibus
1763 5098 1825 5150 in
1867 5098 2081 5151 excelso
2131 5093 2327 5164 posita,

764 5208 926 5263 quam
959 5190 1345 5245 exsecrationis
1374 5189 1758 5258 signumtproh
1781 5188 1991 5254 dolor!)
2020 5187 2213 5241 stultus
2240 5202 2331 5239 vo-

768 5286 947 5343 cabat,
981 5284 1045 5336 ad
1083 5281 1310 5335 nihilum
1362 5280 1599 5341 redacta,
1635 5278 1834 5333 deinde
1881 5278 2160 5333 Christum
2196 5292 2331 5345 quo-

764 5392 871 5451 que
898 5383 1207 5443 negassent,
1239 5372 1332 5442 qui
1364 5372 1539 5427 fuerat
1572 5373 1625 5425 in
1652 5387 1713 5425 ea
1744 5386 2060 5441 suspensus.
2091 5369 2242 5433 Quod
2268 5385 2331 5423 eo

766 5469 983 5537 quidem
1011 5468 1236 5519 consilio
1267 5464 1517 5527 faciebat,
1552 5476 1608 5519 ut
1632 5481 1753 5519 cum
1784 5481 1877 5520 eos
1906 5464 2017 5528 illo,
2043 5464 2184 5533 quod
2209 5464 2332 5516 inde

767 5559 1043 5622 veniebat,
1090 5556 1339 5626 praesidio
1389 5558 1667 5622 nudasset,
1719 5559 1819 5611 hoc
1871 5567 1976 5610 tam
2014 5555 2187 5609 valido
2235 5554 2331 5607 de-

770 5655 942 5705 fectos
978 5653 1179 5704 auxilio
1214 5652 1411 5706 deinde
1439 5652 1743 5705 invaderet.
1777 5650 2006 5716 Quidam
2034 5664 2158 5716 ergo
2180 5664 2333 5701 exse-

770 5746 953 5797 erandi
1014 5743 1173 5812 hujus
1215 5744 1356 5811 regis
1406 5745 1684 5807 satellites,
1741 5747 1791 5797 in
1848 5746 2032 5795 urbem
2070 5744 2334 5795 obeuntes

771 5836 1067 5900 civitatem,
1122 5834 1311 5891 eadem
1362 5839 1842 5893 vociferabantur:
1888 5849 1960 5898 et,
2011 5839 2051 5890 si
2085 5846 2332 5905 parerent

2432 4654 2583 4720 γένος
2609 4654 2684 4713 είς
2718 4655 2861 4704 ἅπαν
2891 4649 3165 4721 ἐκτρῖψαι,
3193 4649 3361 4718 βαρὺν
3388 4647 3734 4717 ἑπαγόμενος
3771 4652 3991 4719 στρατὸν

2429 4746 2763 4813 ἀφικνεῖται,
2798 4744 2889 4796 καὶ
2923 4741 3533 4811 στρατοπεδευσάμενος
3562 4742 3721 4811 παρά
3754 4745 3819 4794 τί»
3851 4744 3993 4811 mpi-

2432 4834 2610 4897 ϐολον,
2641 4834 2732 4884 καὶ
2759 4832 2978 4901 χάρακα
3012 4831 3212 4901 βαλὼν,
3242 4832 3337 4883 καὶ
3376 4832 3855 4900 περιταφρεύσας,
3881 4838 3993 4886 ἑπο-

2432 4928 2638 4995 λιόρκει
2680 4923 2895 4993 Νεγράν
2924 4925 3066 4976 ἑλεῖν
3090 4938 3150 4974 τε
3203 4920 3372 4991 αὐτὴν
3396 4923 3662 4985 ἀπειλῶν,
3727 4928 3830 4975 καὶ
3879 4928 3991 4984 τοὺς

2434 5022 2491 5071 ὲν
2527 5021 2664 5088 αὐτῇ
2708 5020 2913 5080 πάντας
2940 5015 3169 5080 ἀνελεῖν,
3198 5014 3246 5066 εί
3282 5013 3356 5082 μὴ
3384 5014 3473 5066 τὸν
3494 5014 3602 5076 ἔξω
3648 5015 3855 5083 τειχῶν
3888 5017 3994 5067 ἀνε-

2436 5107 2779 5175 στηλωμένον
2830 5107 2887 5159 ὲν
2924 5102 3188 5173 μετεώρῳ
3238 5101 3331 5154 τοῦ
3390 5102 3598 5169 Κυρίου
3657 5104 3991 5172 necopino»;

2434 5198 2570 5267 ἀρᾶς
2604 5199 2793 5269 (οἶμοι)
2834 5197 3058 5263 σημεῖον
3100 5198 3129 5248 ὀ
3171 5192 3399 5261 ἀνόητος
3451 5192 3749 5256 ἀπεκάλει,
3796 5194 3991 5257 £59261-

2435 5290 2731 5351 νώσαντες,
2761 5284 2882 5340 εἶτα
2921 5286 3012 5338 τὸν
3047 5288 3102 5338 ὲν
3150 5284 3299 5352 αύτῷ
3335 5281 3722 5352 κρεμασθέντα
3770 5282 3995 5353 Χριστὸν

2433 5384 2756 5451 ἀρνησαιντο
2780 5397 2791 5408 ·
2827 5378 3013 5441 δεινῶς
3048 5378 3205 5431 τοῦτο
3233 5376 3324 5429 καὶ
3355 5374 3685 5443 πανούργως
3711 5378 3997 5449 ἐπινοήσας

2433 5477 2459 5526 ὁ
2485 5475 2785 5543 ἀλιτήριος,
2832 5473 2918 5522 ἵνα
2956 5475 3053 5540 τῆς
3090 5472 3298 5523 ἐκεῖθεν
3336 5467 3640 5535 ἀσφαλείας
3685 5471 3997 5538 γυμνώσας,

2439 5561 2537 5616 εἷθ’
2588 5566 2731 5616 οὕτω
2781 5565 2877 5631 τὴς
2934 5565 3159 5633 ἰσχυρᾶς
3211 5561 3411 5629 ταύτης
3451 5558 3711 5628 βοηθείας
3783 5564 3996 5634 ἔρημος

2436 5657 2586 5710 οὖσιν
2626 5656 2886 5710 ἐπίθοιτο.
2919 5657 3075 5719 Τινὲς
3117 5653 3211 5707 οὖν
3250 5654 3357 5707 τῶν
3427 5650 3521 5703 τοῦ
3567 5654 3778 5724 μιαροῦ
3825 5655 3997 5707 τούτου

2441 5750 2701 5817 βασιλέως
2723 5749 3101 5813 ὑπασπιστῶν,
3129 5747 3471 5817 περιθέοντες
3498 5743 3690 5816 κύκλῳ
3717 5748 3825 5816 τὴν
3844 5748 3996 5803 πόλιν,

2447 5841 2508 5891 τὰ
2542 5840 2675 5891 αὐτὰ
2703 5838 2869 5891 ταῦτα
2901 5838 3096 5890 ἐϐόων*
3135 5838 3224 5890 καὶ
3256 5835 3611 5904 πειθομένους
3642 5837 3775 5906 μὲν,
3804 5834 3999 5908 δωρεῶν
