4142 6510
727 420 857 483 1255

2009 408 2285 470 MENSIS
2321 407 2676 470 OCTOBER.

3833 410 3962 475 12.56

718 537 823 589 set,
857 534 910 580 et
941 533 1279 594 postremum
1326 522 1568 593 jurasset
1606 519 2010 590 jusjurandum,
2062 531 2288 587 persua-

2402 517 2486 567 ιιαὶ
2520 516 2862 577 τελευταίους
2901 516 3153 586 ὑποσχὼν
3177 519 3392 586 ὅρκους,
3433 521 3610 573 πείθει
3642 523 3774 583 τοὺς
3807 524 3865 574 ἐν
3897 527 3957 591 τῇ

720 616 812 668 det
843 616 928 676 iis,
957 615 1048 675 qui
1096 621 1225 667 sunt
1267 612 1321 665 in
1373 611 1611 673 civitate,
1648 625 1767 663 cum
1817 610 1924 662 Deo
1975 609 2284 661 universum

724 705 1130 775 permisiSsent,
1159 704 1251 773 qui
1288 712 1368 756 est
1402 704 1555 756 testis
1585 701 1930 762 sacramenti,
1979 712 2031 754 et
2067 700 2168 753 hoc
2201 716 2286 752 so-

719 797 831 850 lum
888 796 1165 857 dixissent,
1197 795 1412 864 regibus
1446 809 1543 846 nos
1580 793 1770 846 cedere
1799 792 2103 844 didicimus.
2136 791 2286 856 Quod

725 887 769 939 si
805 900 859 939 tu
915 902 1073 940 secus
1114 888 1370 938 statueris
1424 885 1620 946 facere,
1669 900 1826 950 quam
1879 883 2038 937 nobis
2089 884 2290 942 dixisti,

728 976 892 1040 Deus,
946 978 1034 1044 qui
1089 986 1171 1030 est
1221 986 1496 1044 spectator
1540 974 1916 1043 jurisjurandi.
1968 975 2016 1026 id
2071 974 2293 1025 omnino

723 1070 1036 1131 ulciseetur,
1095 1083 1270 1135 neque
1328 1068 1416 1120 diu
1491 1067 1706 1120 differet
1759 1067 2075 1119 vindictam.
2130 1063 2293 1119 Nobis

721 1160 892 1221 enim,
936 1159 1207 1218 dicebant,
1247 1157 1515 1210 oChrisle
1561 1158 1831 1216 Salvator,
1870 1154 2038 1207 etFili
2081 1153 2194 1214 Dei,
2240 1162 2294 1206 et

729 1253 894 1312 Deus,
959 1266 1056 1319 pro
1111 1259 1159 1303 te
1205 1251 1286 1302 vel
1349 1251 1603 1302 omnibus
1657 1247 1858 1316 privari
1928 1245 2292 1306 facultatibus,

722 1353 882 1412 atque
918 1344 1054 1396 adeo
1096 1342 1209 1409 ipsa
1241 1345 1368 1403 vita,
1399 1356 1506 1392 nou
1578 1341 1695 1392 leve
1742 1347 1822 1392 est
1872 1339 2104 1392 lucrum.
2137 1336 2293 1389 Absit

722 1446 924 1496 autem,
964 1445 1022 1485 ut
1052 1444 1200 1484 tuum
1237 1448 1430 1485 nomen
1461 1447 1740 1500 negemus,
1781 1441 1838 1483 ut
1874 1441 1954 1484 est
2005 1431 2290 1498 impiorum

725 1525 1032 1578 institutum
1073 1525 1085 1576 ί
1127 1539 1227 1576 nec
1260 1524 1302 1576 si
1330 1523 1431 1576 tale
1471 1523 1595 1591 quid
1625 1524 1933 1584 fecerimus,
1973 1535 2092 1582 nos,
2130 1535 2159 1573 o
2191 1519 2290 1582 sol,

723 1617 975 1684 aSpicias.
1007 1615 1138 1678 Quae
1179 1614 1338 1666 simul
1388 1624 1548 1681 atque
1599 1614 1884 1672 dixissent,
1934 1622 2074 1664 totas
2106 1622 2289 1679 portas

723 1705 976 1772 aperiunt
1005 1714 1057 1757 et
1089 1705 1225 1756 intra
1261 1705 1428 1772 ipsam
1473 1706 1774 1764 civitatem,
1808 1715 2063 1770 tanquam
2107 1704 2287 1770 lupum

725 1793 777 1844 in
816 1794 1115 1854 stabulum,
1153 1792 1352 1844 malum
1384 1806 1565 1858 regem
1617 1791 1924 1843 admittunt.
1982 1791 2068 1842 Ille
2107 1798 2284 1844 autem

726 1900 850 1938 cum
885 1893 938 1935 et
967 1883 1214 1951 figuram,
1269 1890 1325 1934 et
1375 1881 1562 1943 situm,
1617 1890 1670 1932 et
1718 1881 1859 1932 illam
1911 1881 2142 1933 civitatis
2176 1884 2291 1933 lau-

725 1979 908 2031 dasset
939 1975 1325 2044 frequentiam,
1359 1984 1412 2027 et
1442 1974 1639 2027 civium
1676 1990 1889 2043 quoque
1926 1975 2292 2044 Splendoretn,

729 2084 978 2139 egressus
1029 2075 1131 2128 est,
1179 2066 1231 2118 in
1305 2081 1418 2129 eos,
1472 2069 1562 2135 qui
1626 2067 1943 2120 habitabant
1998 2069 2294 2128 civitatem,

729 2163 911 2230 gravia
948 2176 1200 2221 versans,
1245 2169 1300 2211 ut
1353 2160 1609 2213 indicavit
1647 2162 1846 2220 exitus,
1893 2161 2295 2230 jusjurandum,

728 2266 782 2307 et
814 2263 968 2321 pacta
995 2262 1288 2311 conventa,
1322 2261 1375 2303 et
1415 2238 1752 2318 quaecunque
1805 2252 1906 2304 alia
1949 2255 2029 2304 eis
2069 2251 2299 2319 praebuit

731 2349 795 2399 ad
838 2345 998 2398 fidem
1038 2343 1378 2407 faciendam,
1412 2357 1472 2396 ea
1501 2357 1620 2396 esse
1670 2343 1985 2396 existimans
2035 2343 2296 2411 puerilem

731 2437 1132 2502 deceptionem.

805 2526 912 2578 \‘ll.
933 2527 1064 2578 Cum
1088 2523 1390 2593 autemjam
1418 2539 1475 2578 se
1500 2533 1713 2594 pararet
1734 2521 1798 2576 ad
1823 2537 1916 2577 eos
1943 2524 2296 2587 evertendos,

733 2627 890 2671 vocat
951 2626 1102 2668 extra
1161 2616 1457 2669 civitatem.
1534 2616 1774 2669 Aderant
1825 2631 1952 2670 vero
1994 2619 2301 2686 quicunque

731 2718 886 2762 erant
917 2708 1153 2777 insignes
1189 2707 1382 2775 opibus
1412 2716 1465 2761 et
1494 2707 1682 2776 gloria.
1720 2709 1838 2760 Prae
1875 2708 2086 2760 caeteris
2121 2717 2300 2760 autem

732 2803 796 2859 is,
820 2798 908 2866 qui
941 2806 993 2850 et
1034 2796 1258 2858 canitie,
1294 2802 1348 2849 et
1379 2795 1662 2865 sapientia,
1709 2803 1762 2846 et
1791 2808 2001 2846 morum
2041 2793 2303 2846 modestia

735 2898 851 2941 erat
911 2888 1417 2957 praestantissimus,
1462 2888 1698 2949 divinus,
1740 2885 1983 2954 inquam,
2046 2885 2301 2947 Arethas,

737 2981 824 3032 cui
873 2980 973 3047 ipsi
1011 2994 1227 3047 quoque
1269 2979 1444 3030 fuerat
1493 2978 1782 3030 commissa
1833 2979 1999 3029 reetlo
2047 2975 2300 3029 civitatis.

736 3070 941 3124 Omnes
977 3071 1140 3140 igitur
1190 3069 1665 3132 commendabant,
1718 3067 2071 3129 extollebant,
2131 3067 2303 3120 laudi-

733 3163 941 3230 busque
972 3163 1341 3224 celebrabant,
1369 3170 1423 3214 et
1451 3176 1666 3214 omnem
1700 3158 1962 3211 honorem
1998 3157 2304 3210 tribuebant
2330 3199 2372 3256 Ο

736 3258 808 3317 ei,
839 3257 932 3325 qui
968 3255 1257 3308 videbatur
1294 3268 1413 3308 esse
1440 3264 1684 3307 servator
1731 3262 1783 3304 et
1818 3265 1936 3304 rex.
1984 3249 2076 3300 Ille
2110 3258 2295 3300 autem

732 3348 836 3402 sibi
894 3348 1066 3416 culpae
1118 3346 1359 3401 dandum
1401 3360 1521 3398 esse
1568 3345 1836 3405 tribuens,
1891 3339 2034 3407 quod
2064 3338 2303 3392 differret

734 3439 886 3493 cerni
923 3441 1121 3500 malus,
1161 3453 1268 3490 non
1298 3436 1534 3503 amplius
1613 3443 1943 3504 exspectans
1988 3434 2179 3501 aperit,
2212 3432 2301 3501 qui

735 3534 882 3586 intus
938 3532 1160 3594 latebat,
1212 3530 1457 3592 Dunaan,
1512 3538 1566 3582 et
1613 3529 1773 3596 jussit
1824 3527 2076 3595 protinus
2115 3540 2302 3577 omnes

736 3626 1000 3678 custodiri
1037 3625 1088 3677 in
1124 3623 1374 3677 vinculis.
1414 3622 1618 3673 Deinde
1657 3620 1820 3672 etiam
1871 3616 2099 3686 privavit
2136 3614 2304 3670 facul-

739 3718 963 3776 tatibus,
1022 3725 1078 3768 et
1132 3714 1339 3783 rogavit
1390 3711 1609 3764 ubinam
1660 3720 1802 3762 esset
1860 3709 2058 3762 Paulus
2112 3723 2300 3761 eorum

738 3807 1048 3876 episcopus.
1105 3803 1238 3858 Cum
1305 3810 1488 3855 autem
1539 3800 1650 3869 jam
1717 3798 1929 3851 duobus
1971 3804 2098 3849 ante
2146 3797 2302 3848 annis

738 3913 861 3953 eum
918 3896 1273 3950 intellexisset
1324 3909 1443 3948 esse
1495 3901 1793 3952 mortuum,
1843 3905 1950 3944 non
1997 3890 2196 3942 habens
2249 3888 2300 3940 in

742 4005 902 4059 quem
938 3990 1073 4040 iram
1102 3985 1441 4046 immitteret,
1477 3985 1755 4038 contendit
1781 3982 1849 4035 ad
1895 3980 2194 4049 pulverem,
2249 3985 2303 4029 et

738 4082 900 4148 jussit
929 4081 1243 4148 sepulcrum
1279 4075 1537 4136 effodere,
1569 4083 1621 4127 et
1657 4074 1800 4126 illius
1841 4085 2039 4138 corpus
2081 4067 2304 4121 combu-

739 4179 925 4222 rentes
960 4171 1011 4219 in
1043 4182 1222 4220 aerem
1261 4165 1539 4218 ventilare.
1575 4162 1735 4215 Aliud
1770 4173 1985 4230 quoque
2037 4157 2303 4226 excogitat

742 4260 940 4311 furiosa
975 4257 1173 4319 anima,
1211 4270 1308 4309 nec
1340 4270 1458 4307 eam
1501 4253 1644 4321 capit
1677 4252 1898 4304 satietas
1937 4248 2136 4315 aliquid
2185 4263 2301 4299 mo-

743 4351 904 4403 liendi
938 4351 1199 4402 adversus
1229 4347 1589 4407 Christianos,
1622 4342 1716 4396 sed
1754 4341 1911 4410 jubet
1944 4337 2170 4392 accendi
2212 4353 2300 4389 ro-

741 4457 886 4510 gum,
921 4442 1010 4509 qui
1044 4441 1212 4493 multa
1259 4437 1493 4492 aleretur
1525 4436 1767 4498 materia,
1800 4442 1854 4486 et
1897 4431 2079 4486 statim
2108 4428 2301 4482 civita-

745 4533 831 4590 tis,
867 4540 920 4582 et
950 4533 1094 4598 ejus,
1129 4543 1248 4596 quae
1280 4536 1360 4580 est
1408 4525 1782 4585 circumcirca,
1838 4521 2074 4590 regionis
2125 4533 2305 4572 sacer-
2339 4523 2382 4580 1)

742 4626 916 4685 dotes,
954 4633 1009 4675 et
1050 4621 1372 4682 monachos,
1399 4625 1454 4672 et
1509 4617 1618 4669 Deo
1668 4623 2012 4670 consecratas
2044 4610 2303 4680 virgines,

742 4715 870 4780 quin
920 4713 1082 4764 etiam
1117 4710 1346 4762 feminas
1403 4722 1522 4774 qua:
1559 4707 1717 4757 vitant
1746 4705 2020 4771 elegerant
2049 4700 2309 4753 monasti-

743 4820 883 4866 cam,
917 4817 1108 4856 omnes
1136 4799 1296 4855 simul
1335 4800 1388 4852 in
1425 4813 1549 4852 eum
1603 4795 1774 4866 injici.
1817 4794 1858 4848 fi
1908 4793 2076 4857 enim,
2112 4793 2306 4860 inquit,

746 4903 874 4946 sunt
905 4894 1062 4960 plane
1113 4906 1276 4945 causa
1324 4891 1551 4942 aliorum
1603 4887 1876 4949 interitus,
1922 4886 2308 4954 persuadentes

747 4986 1063 5038 crucifixum
1101 4982 1300 5044 colere,
1347 4990 1602 5047 tanquam
1639 4979 1830 5030 Deum.
1881 4977 1961 5028 Ad
2009 4977 2123 5029 haec
2183 4993 2307 5044 per-

754 5074 876 5124 inde
904 5088 965 5124 ac
999 5075 1042 5124 si
1075 5088 1180 5124 non
1227 5072 1518 5136 suﬂiceret,
1568 5069 1710 5138 quod
1759 5068 1962 5122 factum
2013 5068 2207 5130 fuerat,
2245 5069 2309 5122 ad

748 5165 865 5234 ejus
915 5165 1391 5232 incomparabilem
1437 5164 1827 5216 ostendendam
1891 5161 2308 5230 improbitatem,

755 5265 815 5307 ut
853 5256 984 5309 alios
1013 5271 1231 5326 quoque
1256 5257 1355 5308 sibi
1392 5254 1761 5323 subjungeret,
1798 5253 2150 5306 vehementer
2184 5268 2311 5305 con-

753 5348 948 5406 tendit.
983 5359 1035 5399 et
1065 5350 1227 5414 jussit
1262 5364 1537 5416 praecones
1569 5347 1721 5401 obire
1753 5347 2032 5400 civitatem
2063 5357 2114 5398 et
2146 5347 2313 5414 regio-

747 5455 869 5494 nem
905 5441 1298 5505 proclatnantes
1339 5450 1394 5493 ut
1426 5441 1702 5494 Christum
1751 5448 2031 5505 negarent,
2087 5448 2141 5490 et
2172 5440 2312 5490 vive-

748 5540 867 5586 rent
889 5528 1132 5598 iudaice,
1158 5530 1344 5584 eadem
1371 5546 1487 5598 quze
1520 5545 1610 5583 rex
1635 5530 1953 5581 sentientes.

822 5647 955 5702 Vlll.
990 5647 1166 5700 Porro
1213 5655 1394 5700 autem
1441 5645 1556 5712 ipse
1587 5657 1803 5711 quoque
1852 5656 1944 5692 rex
1996 5642 2207 5696 Arethre
2239 5643 2315 5696 si-

748 5741 893 5794 milia
922 5739 1262 5802 consulebat,
1287 5736 1571 5806 adjiciens,
1626 5738 1766 5801 quod
1811 5732 1910 5801 ipsi
1958 5751 2170 5802 quoque
2217 5751 2313 5788 no-

744 5845 864 5888 rant
893 5833 1140 5901 Romani,
1168 5829 1310 5886 illius
1357 5827 1591 5898 majores
1639 5827 1690 5877 in
1742 5841 1958 5882 crucem
2003 5828 2171 5896 egisse
2210 5829 2306 5881 ho-

2391 609 2562 669 πόλει,
2612 609 2727 676 Θεῷ
2776 611 2837 661 τδ
2881 611 2987 662 πᾶν
3041 611 3440 680 ἐπιτρέψαντας
3499 614 3577 679 τῷ
3624 615 3739 666 τῶν
3782 616 3958 684 ὅρκων

2395 699 2655 766 μάρτυρι,
2702 699 2794 751 καὶ
2848 698 3004 751 τοῦτο
3059 699 3390 762 ὑπειπόντας
3452 702 3631 769 μόνον,
3698 705 3784 755 ὅτι
3843 704 3963 765 Τοῖς

2393 791 2702 860 βασιλεῦσιν
2750 789 2992 841 ὑπείκειν
3037 791 3334 861 ἐμάθομεν,
3396 795 3485 844 καὶ
3537 794 3642 858 ὼς,
3677 795 3746 846 Et
3775 808 3826 846 τι
3858 795 3961 846 τῶν

2395 884 2529 949 πρὸς
2591 881 2739 948 ἡμᾶς
2797 880 2974 946 λόγων
3037 878 3192 944 οὗτος
3252 884 3773 952 μεταϐουλεύσεται,
3832 887 3963 937 ἀλλὰ

2394 975 2523 1034 Θεὸς
2555 973 2718 1025 αὑτὸν
2743 972 2959 1035 πάντως
2983 974 3009 1024 6
3049 974 3156 1024 τῶν
3194 975 3369 1042 ὅρκων
3396 975 3592 1044 ἔφορος
3637 979 3956 1040 ἀμυνεῖται,

2396 1069 2484 1120 καὶ
2513 1068 2569 1119 ού
2605 1067 2797 1136 βρτδυς
2819 1067 2968 1120 ἔσται
2998 1070 3132 1136 προς
3167 1068 3261 1137 τὴν
3291 1068 3583 1136 ἐκδίκησιν.
3637 1067 3805 1135 Ἡμῖν
3837 1070 3960 1136 γάρ,

2394 1154 2437 1212 ὦ
2468 1160 2668 1230 Σῶτερ,
2694 1159 2898 1227 ἔλεγον,
2929 1160 3156 1229 Χριστὲ,
3191 1161 3282 1212 καὶ
3321 1161 3451 1212 Θεοῦ
3490 1162 3582 1212 Υἱὲ
3624 1162 3722 1212 καὶ
3755 1160 3877 1218 Θεέ.
3908 1164 3962 1212 τὸ

2397 1254 2537 1322 ὑπὲρ
2567 1252 2658 1305 σοῦ
2692 1254 2782 1305 καὶ
2816 1255 3132 1321 περιουσίας
3167 1256 3344 1322 πάσης
3381 1254 3710 1323 στερηθῆναι
3744 1256 3839 1304 καὶ
3868 1256 3960 1318 τῆς

2396 1345 2539 1414 ζωῆς
2606 1346 2798 1415 κέρδος
2870 1347 2999 1398 αὐτὸ
3056 1346 3234 1414 τυχόν.
3291 1347 3438 1415 Μηδὲ
3491 1347 3706 1413 γένοιτο
3759 1347 3820 1397 τὸ
3882 1347 3965 1397 σὺν

2395 1439 2537 1505 ἡμᾶς
2561 1436 2980 1504 ἀπαρνήσασθαι
3005 1437 3195 1504 ὄνομα,
3220 1437 3293 1500 ὡς
3332 1442 3438 1500 τοῖς
3467 1439 3692 1491 ἀσεϐέσι
3731 1440 3953 1498 σκοπὸς,

3524 1525 3546 1545 τ

2396 1531 2527 1595 μηδὲ
2601 1528 2838 1580 τοιοῦτον
2901 1529 3448 1597 καταπραξαμένους,
3517 1528 3562 1582 ὦ
3625 1533 3774 1598 ἥλιε,
3835 1533 3963 1591 ἴδοις

2391 1624 2558 1691 ἡμᾶς.
2597 1622 2700 1672 Καὶ
2749 1621 2865 1688 ἅμα
2923 1620 3176 1687 λέγοντες
3211 1621 3337 1684 ὅλας
3376 1625 3691 1675 ἀναπετῶσι
3727 1624 3826 1682 τάς
3863 1623 3962 1672 πύσ-

2394 1715 2510 1774 ὶας,
2546 1713 2641 1764 καὶ
2674 1712 2845 1778 αὐτῆς
2878 1711 3028 1763 ἔνδον
3061 1712 3158 1779 τῆς
3184 1713 3391 1774 πόλεως
3425 1714 3499 1775 ὡς
3524 1715 3580 1764 ἐν
3612 1714 3773 1782 σηκῷ
3805 1716 3965 1765 λύκον

2400 1807 2489 1856 τὸν
2528 1803 2762 1871 πονηρὸν
2795 1803 3120 1871 εἰσδέχονται
3144 1804 3386 1872 βασιλέα.
3423 1803 3478 1856 Ὀ
3507 1806 3582 1866 δὲ,
3626 1806 3722 1857 καὶ
3757 1805 3961 1873 σχῆμα,

2400 1898 2492 1948 καὶ
2544 1897 2716 1956 θέσιν,
2773 1895 2866 1946 καὶ
2913 1895 2971 1945 τὸ
3019 1895 3444 1964 πολυάνθρωπον
3496 1898 3677 1948 ἐκεῖνο
3724 1897 3829 1964 τῆς
3873 1898 3964 1947 πό-

2399 1992 2558 2052 λεως,
2595 1988 2667 2049 ὡς
2702 1988 2754 2039 δὲ
2803 1987 2895 2039 καὶ
2934 1988 2992 2039 τὸ
3036 1988 3332 2056 περιφανὲς
3367 1988 3475 2038 τῶν
3521 1987 3766 2039 πολιτῶν
3807 1992 3967 2041 ἐπαι-

2399 2083 2579 2144 νέσας,
2623 2079 2791 2150 ἐξῄει,
2819 2079 2967 2132 δεινά
3006 2080 3130 2130 κατ’
3182 2079 3362 2130 αὐτῶν
3410 2079 3514 2147 ἀρα
3547 2081 3654 2131 τῶν
3687 2080 3787 2149 τὴν
3813 2080 3968 2133 πόλιν

2401 2174 2699 2226 οἰκούντων
2760 2172 2833 2234 ὡς
2865 2172 2922 2224 τὸ
2967 2172 3144 2242 πέρας
3185 2172 3374 2236 ἔδειξε,
3435 2173 3708 2242 στρέφων,
3772 2175 3967 2242 ὅρκους

2401 2267 2494 2318 καὶ
2537 2266 2834 2334 συνθήκας,
2873 2267 2966 2316 καὶ
3017 2266 3116 2316 ὅσα
3179 2266 3311 2317 ἄλλα
3365 2266 3502 2334 πρὸς
3557 2266 3746 2317 πίστιν
3786 2267 3968 2330 αὐτοῖς

2403 2356 2734 2426 παρέσχετο,
2775 2355 2981 2407 παίδων
3014 2355 3228 2424 ἀπάτην
3261 2353 3400 2409 εἶναι
3432 2356 3686 2422 νομίσας,
3735 2362 3830 2410 καὶ
3866 2359 3964 2427 ἤδη

2405 2448 2536 2518 πρὸς
2562 2449 2877 2517 ἀνατροπὴν
2907 2447 3086 2498 αὐτῶν
3111 2445 3690 2514 παρασκευαζόμενος.

2476 2539 2548 2593 Ζ’.
2603 2540 2811 2592 ’Ἕωθεν
2855 2535 2947 2592 οὖν
2987 2539 3100 2608 ἅμα
3136 2539 3276 2606 φωτὶ
3313 2539 3415 2602 ἔξω
3451 2538 3649 2606 τειχῶν
3677 2538 3779 2607 τὴν
3815 2539 3968 2589 πόλιν

2403 2633 2626 2685 ἐκάλει·
2663 2633 2756 2682 καὶ
2789 2631 3040 2698 παρῆσαν
3079 2631 3188 2682 δῖοι
3230 2629 3446 2697 πλούτῳ
3487 2633 3580 2680 καὶ
3616 2629 3748 2697 δόξῃ
3788 2630 3972 2696 διαφέο

2408 2740 2589 2795 ροντες
2623 2718 2764 2792 ἦσαν
2789 2739 2800 2751 ·
2828 2722 2924 2773 καὶ
2961 2721 3066 2788 πρὸ
3094 2720 3202 2771 τῶν
3233 2719 3405 2772 ἄλλων
3442 2719 3605 2780 αὐτδς
3649 2722 3675 2771 ὁ
3715 2721 3814 2771 καὶ
3838 2721 3971 2773 πάν-

2404 2834 2513 2868 των
2537 2815 2698 2883 πολιᾷ
2727 2815 2819 2866 καὶ
2856 2812 3091 2875 συνέσει,
3131 2813 3221 2864 καὶ
3254 2813 3328 2879 τῷ
3373 2811 3479 2864 τῶν
3513 2811 3660 2881 ὴθὼν
3711 2814 3973 2881 εὐκόσμῳ

2403 2904 2829 2975 διαφορώτατος,
2872 2903 3150 2973 Ἀρέθαςὸ
3180 2902 3343 2965 θεῖος,
3373 2902 3538 2972 φημὶ,
3593 2904 3620 2953 6
3664 2903 3764 2953 καὶ
3798 2903 3968 2968 αὐτὴν

2403 2997 2572 3064 δήπου
2601 2995 2700 3062 τὴν
2735 2994 2905 3064 ἀρχὴν
2941 2995 3042 3063 τῆς
3114 2994 3322 3054 πόλεως
3350 2994 3862 3061 ἐγκεχειρισμένος.
3911 2993 3972 3044 Οἱ

2406 3089 2498 3138 καὶ
2546 3083 2684 3154 ἦσαν
2721 3085 3148 3148 ἐπιθειάζοντες,
3190 3083 3590 3149 εὐφημοῦντες,
3647 3087 3746 3135 καὶ
3791 3087 3974 3136 πᾶσαν

2404 3179 2569 3247 τιμὴν
2596 3179 2957 3244 ἀπονέμοντες
2987 3176 3063 3243 τῷ
3084 3173 3329 3227 δοκοῦντι
3369 3175 3572 3240 σωτῆρι
3604 3179 3700 3227 καὶ
3735 3175 3970 3242 βασιλεῖ.

2416 3271 2473 3324 Ὀ
2501 3270 2556 3321 δὲ
2587 3269 2794 3338 μέμψιν
2818 3264 2957 3320 εἶναι
2989 3267 3217 3336 νομίσας
3248 3266 3308 3319 τὸ
3335 3269 3410 3330 εἰς
3432 3268 3704 3329 ἀναϐολάς
3739 3267 3975 3336 ὀφθῆναι

2403 3364 2594 3426 κακὸς,
2643 3363 2734 3412 καλ⁵
2796 3360 2869 3429 μὴ
2930 3359 3251 3427 ἀναμείνας,
3301 3359 3670 3411 ἀνακαλύπτει
3706 3359 3798 3409 τὸν
3829 3359 3974 3410 ἔνδον

2403 3453 2782 3523 κρυπτόμενον
2831 3454 3098 3513 Δουναάν,
3137 3452 3230 3502 καὶ
3271 3452 3478 3511 πάντας
3530 3451 3696 3511 εὐθὺς
3752 3452 3973 3504 ἐκέλευε

2407 3545 2660 3605 δεθέντας
2711 3542 3089 3612 φρουρεῖσθαι.
3142 3538 3271 3593 Εἶτά
3321 3543 3414 3593 καὶ
3465 3541 3570 3592 τῶν
3614 3543 3975 3611 ὑπαρχόντων

2405 3635 2667 3705 ἐγύμνου,
2715 3635 2809 3685 καὶ
2853 3634 3260 3698 διεπυνθάνετο,
3307 3633 3408 3685 ποῦ
3446 3634 3511 3686 ἂν
3566 3635 3653 3703 εἴη
3701 3636 3916 3697 Παῦλος
3950 3639 3976 3688 6

2401 3728 2605 3780 τούτων
2656 3727 2979 3788 ἐπίσκοπος.
3016 3726 3104 3786 Ὠς
3136 3727 3191 3778 δέ
3233 3726 3482 3778 τεθνάναι
3514 3727 3777 3798 δεύτερον
3815 3730 3975 3782 αὑτὸν

2403 3821 2503 3890 ήδη
2563 3821 2756 3889 χρόνον
2810 3820 3104 3888 ἐμάνθανε,
3156 3819 3230 3887 μὴ
3278 3820 3416 3886 ἔχων
3470 3819 3603 3870 ὅπου
3658 3826 3761 3889 την
3808 3822 3976 3892 ὀργὴν

2404 3911 2586 3978 ἐπαφῇ
2629 3908 2764 3978 πρὸς
2793 3909 2890 3977 τὴν
2938 3911 3086 3958 κόνιν
3132 3908 3349 3976 ἐχώρει,
3385 3907 3477 3959 καὶ
3528 3909 3859 3977 ἀνορύττειν
3889 3914 3973 3961 τὸν

2402 4001 2572 4067 τάφον
2612 3999 2971 4068 προσέταττε,
3021 3999 3114 4050 καὶ
3159 4000 3249 4051 τὸν
3279 3999 3487 4052 ἐκείνου
3549 4003 3752 4070 νεκρὸν
3815 4019 3975 4054 κατα-

2403 4090 2679 4150 καίοντας,
2715 4090 2793 4150 εἰς
2823 4089 2960 4156 ἀέρα
2991 4087 3212 4155 λικμᾷν.
3237 4088 3493 4155 Εὑρίσκει
3523 4093 3616 4140 καὶ
3651 4091 3829 4159 ἄλλην
3859 4092 3974 4141 ἐπίο

2402 4197 2549 4232 νοιαν
2575 4181 2604 4248 ἡ
2636 4177 2917 4247 μανιώδης
2944 4175 3110 4246 ψυχὴ,
3139 4177 3232 4228 καὶ
3258 4177 3318 4229 οὐ
3343 4176 3614 4244 λαμϐάνει
3649 4178 3814 4244 κόρον
3840 4180 3974 4230 κατά

2402 4270 2742 4337 Χριστιανῶν
2803 4268 2952 4319 κακά
3005 4266 3388 4320 τεκταίνουσα⁶
3447 4267 3582 4320 ἀλλὰ
3637 4271 3825 4338 πυρὰν
3881 4271 3971 4337 ὕλῃ

2403 4363 2571 4430 πολλῇ
2617 4361 2981 4429 τρεφομένην,
3027 4361 3334 4412 ἀνακαῦσαι
3364 4362 3600 4421 κελεύει,
3656 4367 3753 4413 καὶ
3805 4380 3972 4430 παρσ-

2408 4453 2596 4521 χρῆμα
2637 4451 2761 4512 τούς
2793 4467 2850 4502 τε
2901 4451 3001 4518 τῆς
3049 4450 3254 4512 πόλεως
3299 4449 3393 4502 καὶ
3425 4451 3769 4518 περιοικίδας
3812 4454 3969 4521 ἱερεῖς

2412 4548 2507 4598 καί
2541 4543 2888 4614 μονάζοντας,
2928 4543 3020 4604 τὰς
3054 4541 3131 4610 τῷ
3157 4540 3275 4609 Θεῷ
3308 4541 3612 4610 ἱερωμένας
3642 4543 3969 4610 παρθένους,

2411 4638 2547 4706 πρὸς
2582 4636 2637 4687 δέ
2677 4637 2770 4687 καὶ
2816 4637 3106 4701 γυναῖκας,
3143 4634 3262 4686 ὅσαι
3293 4634 3383 4684 τὸν
3424 4633 3729 4700 ἀσκητικὸν
3769 4634 3968 4685 εἴλοντο

2411 4730 2543 4798 βίον,
2579 4728 2806 4797 ἀθρόους
2828 4725 2964 4796 ὁμοῦ
2998 4725 3203 4786 πάντας
3236 4726 3294 4775 ἐν
3323 4723 3458 4791 αὺτῇ
3491 4724 3779 4800 ἐμϐαλεῖν.
3818 4720 3967 4777 Οὗτοι

2409 4837 2540 4891 γαρ,
2598 4821 2782 4888 φησιν,
2821 4819 3062 4888 ἀτεχνῶς
3111 4818 3273 4869 αἴτιοι
3303 4819 3398 4885 τῆς
3431 4816 3538 4867 τῶν
3588 4817 3773 4868 ἄλλων
3823 4819 3968 4868 ἀπω-

2410 4917 2581 4976 λείας,
2614 4912 3004 4973 ἀναπείθοντες
3029 4910 3388 4980 προσανέχειν
3413 4908 3485 4970 ὠς
3523 4907 3631 4978 θεῷ
3669 4911 3748 4978 τῷ
3781 4912 3965 4961 ἐσταυ-

2413 5013 2658 5078 ρωμενῳ.
2707 5006 2837 5057 Εἰτα
2881 5004 3133 5072 καθάπερ
3175 5003 3274 5055 οὐκ
3323 5002 3626 5070 ἀρκοῦντος
3676 5001 3773 5054 τοῦ
3828 5018 3966 5068 γενο-

2415 5100 2576 5165 μένου
2606 5094 2988 5164 άπαράμιλλον
3016 5093 3180 5144 αὑτοῦ
3209 5093 3485 5157 ἀποδεῖξαι
3511 5093 3610 5160 τὴν
3635 5093 3963 5162 μοχθηρίαν·

2413 5189 2496 5238 ἵνα
2537 5187 2637 5238 κᾶν
2667 5186 2798 5252 γοῦν
2829 5184 2952 5245 τοὺς,
2981 5183 3172 5245 ἄλλους
3208 5183 3621 5250 ὑποποιήσαιτο.
3669 5183 3729 5234 ’0
3770 5183 3849 5246 δὲ,
3887 5187 3966 5234 καὶ

2413 5278 2902 5348 προσαγωνίζεται,
2950 5275 3046 5326 καὶ
3099 5277 3344 5344 κήρυκας
3390 5274 3494 5324 άνά
3533 5275 3633 5341 τὴν
3681 5277 3840 5326 πόλιν
3888 5283 3967 5325 καί

2414 5373 2507 5439 τὴν
2543 5371 2724 5437 χώραν
2756 5367 2970 5420 ἐκέλευε
3003 5363 3258 5428 διαθέειν,
3307 5362 3646 5431 ἐμϐοῶντας,
3705 5366 3968 5433 ἀπαρνου-

2419 5463 2609 5530 μένους
2637 5461 2725 5511 τὸν
2770 5458 3002 5527 Χριστὸν
3048 5457 3146 5525 ζῇν
3187 5455 3493 5518 ιουδαϊκῶς,
3528 5456 3601 5506 τὰ
3647 5458 3792 5508 αὐτὰ
3851 5470 3968 5524 ςρη-

2416 5555 2640 5614 νούντας
2672 5552 2747 5620 τῷ
2781 5552 3007 5620 βασιλεῖ.

2486 5649 2565 5701 ll'.
2601 5649 2766 5708 Αὐτὸς
2809 5649 2862 5698 δὲ
2909 5645 3180 5714 βασιλεὺς,
3244 5645 3355 5705 τοῖς
3415 5645 3544 5710 περὶ

2416 5742 2575 5792 ὃαοια
2612 5740 2984 5801 συνεϐούλευε,
3019 5735 3329 5805 προστιθεὶς
3355 5737 3432 5788 ὅτι
3473 5737 3565 5786 καὶ
3627 5737 3790 5786 αὐτοὶ
3821 5736 3970 5804 ἔγνω-

3619 5641 3861 5711 ’Λρὲθαν
3911 5643 3969 5692 τά

2420 5849 2516 5884 σαν
2578 5830 2837 5898 Ῥωμαῖοι
2919 5828 3200 5898 ἄνθρωπον
3248 5825 3561 5893 ἐσταυρωκέ
3601 5842 3659 5876 αι
3711 5828 3840 5892 τοὺς
3885 5847 3969 5880 πα-
