4142 6500
753 447 889 509 1263

2040 452 2323 511 MENSIS
2359 455 2726 514 OCTOBER.

3892 464 4029 527 1264

750 576 851 630 ego
882 575 912 613 a
957 560 1043 614 tali
1095 559 1282 615 lauder
1339 560 1541 631 lingua,
1588 576 1706 631 quae
1749 576 1806 615 se
1850 560 2085 615 armavit
2135 569 2310 615 contra

2437 562 2608 632 αύτη;
2658 563 2963 634 τιμηθῆναι
3007 563 3277 634 γλώττης,
3311 569 3409 640 τῆς
3444 572 3834 645 ὁπλισαμένης
3887 585 4031 630 κατα

751 653 942 718 Deum,
1002 668 1182 723 neque
1231 668 1296 707 eo
1351 653 1640 722 procedam
1696 653 1974 715 amentize,
2026 662 2084 706 ut
2137 669 2324 707 verser

750 762 874 800 cum
907 747 992 812 iis,
1018 747 1111 815 qui
1150 745 1258 801 Deo
1294 755 1421 801 sunt
1472 747 1611 800 adeo
1661 746 1887 809 inimici,
1923 756 1977 800 et
2023 747 2075 800 in
2130 761 2323 812 pecca-

751 846 930 890 torum
993 837 1232 890 habitem
1282 837 1671 891 tabernaculis.
1722 837 1858 890 Cum
1919 853 2014 890 rex
2063 837 2178 890 hzec
2224 852 2322 890 au-

748 928 962 990 diisset,
1013 928 1094 982 ira
1147 929 1314 982 corde
1382 943 1666 993 accensus,
1723 926 2032 998 aspexitad
2083 943 2178 982 eos
2230 926 2321 995 qui

745 1021 996 1087 aderant,
1046 1030 1100 1076 et
1159 1037 1284 1074 cum
1352 1021 1599 1085 dixisset,
1640 1019 1811 1087 Quam
1873 1022 2220 1091 impudenter
2268 1021 2320 1073 in

744 1127 842 1168 nos
893 1128 950 1166 se
1000 1113 1137 1182 gerit
1202 1113 1315 1166 haec
1371 1113 1708 1166 exsecranda
1775 1113 2095 1167 muliercula
2130 1111 2322 1181 ljubet

744 1207 864 1271 ejus
891 1206 1053 1274 capiti
1092 1205 1297 1260 auferri
1337 1215 1741 1276 tegumentum,
1792 1215 1846 1260 et
1883 1206 2002 1275 ejus
2049 1205 2316 1270 ﬁliarum;

741 1303 794 1347 et
825 1295 902 1347 sic
934 1309 1027 1349 eas
1055 1297 1204 1350 nudo
1233 1296 1432 1365 capite,
1469 1306 1522 1351 et
1553 1297 1825 1365 promissa
1849 1311 2026 1363 coma,
2055 1297 2109 1351 in
2138 1305 2318 1350 castra

745 1383 868 1440 duci
903 1401 999 1456 per
1033 1387 1412 1457 ignominiam.

807 1567 941 1622 XIV.
982 1567 1281 1637 Egrediens
1327 1582 1457 1639 ergo
1492 1582 1753 1638 generosa
1804 1568 2021 1634 mulier,
2078 1583 2201 1622 cum
2234 1568 2315 1622 vi-

737 1660 911 1715 disset
959 1675 1208 1730 magnam
1263 1661 1587 1715 feminarum
1637 1661 2045 1715 multitudinem
2091 1660 2332 1736 ﬂentem.

737 1762 792 1808 et
827 1753 1148 1823 eiulantem,
1183 1755 1328 1823 quod
1361 1753 1484 1809 talis
1534 1753 1795 1807 nobilitas
1841 1753 2148 1807 amceretur
2180 1768 2313 1807 con-

738 1845 981 1909 tumelia,
1017 1845 1107 1899 illa
1163 1861 1258 1898 cas
1299 1860 1492 1899 severe
1565 1855 1620 1900 et
1670 1846 1955 1915 magniﬁce
2015 1847 2236 1900 intuens
2297 1861 2310 1898 :

2425 654 2594 707 Θεῶν
2652 656 2787 726 μηδὲ
2845 656 2997 726 παρά
3055 658 3306 711 τοσοῦτον
3357 661 3543 727 ἀνοίας
3593 663 3845 734 ἔλθοιμι,
3889 666 4030 721 ὥστε

2423 748 2863 818 ἀναστρέφεσθαι
2895 751 3007 809 τοῖς
3038 748 3211 813 οὕτως
3242 750 3594 822 ἐχθραίνουσι
3633 756 3713 825 τῷ
3750 757 3905 828 Θεῷ,
3937 761 4030 811 καὶ

2428 841 2486 891 ἐν
2540 840 2909 910 σκηνώμασιν
2966 841 3315 912 ἁμαρτωλῶν
3387 849 3700 902 κατοικεῖν.
3749 850 4028 904 Τούτωνό

2427 933 2677 1003 βασιλεὺς
2709 934 2784 997 ὡς
2812 936 3016 1006 ἤκουσε
3055 935 3211 1007 θυμῷ
3241 941 3340 1010 τὴν
3375 943 3609 1013 καρδίαν
3653 943 4023 1009 ἀνακαυθεὶς,

2423 1027 2698 1097 ἀπέϐλεψε
2729 1030 2862 1099 πρὸς
2891 1031 3021 1094 τοὺς
3061 1031 3361 1102 παρόντας,
3388 1036 3500 1100 καὶ,
3535 1029 3640 1089 Οἷα
3699 1036 3832 1089 καθ’
3868 1040 4022 1108 ἡμῶν

2423 1121 2766 1174 ἀναιδεύεται
2804 1123 2864 1175 τὸ
2897 1129 3208 1194 κατάρατον
3245 1125 3396 1178 τουτὶ
3437 1128 3688 1196 γύναιον,
3744 1130 4018 1199 είρηκὼς,

2421 1213 2636 1266 κελεύει
2690 1214 2788 1286 τὴν
2845 1216 2944 1286 τῆς
3000 1218 3240 1292 κεφαλῆς
3295 1221 3646 1289 ἀφαιρεῖσθαι
3697 1223 4024 1290 καλύπτραν

2420 1307 2590 1377 αὐτῆς
2620 1325 2680 1360 τε
2728 1310 2815 1361 καὶ
2852 1311 2961 1363 τῶν
3013 1310 3349 1382 θυγατέρων,
3388 1313 3482 1365 καὶ
3538 1314 3719 1376 οὕτως
3757 1317 4019 1376 ἀσκεπεῐς

2419 1401 2514 1454 καὶ
2546 1400 2681 1472 βαθὺ
2717 1401 2976 1473 κομώσας
3029 1403 3116 1457 ἐπ’
3169 1405 3400 1476 αἰσχύνῃ
3433 1409 3585 1477 παρά
3615 1409 3679 1460 τὸ
3713 1410 4020 1478 στρατόπε-

2419 1494 2507 1547 δον
2542 1495 2795 1563 ἄγεσθαι.

2489 1589 2582 1641 IA'.
2635 1587 2884 1652 Ἐξιοῦσα
2937 1589 3119 1643 τοίνυν
3159 1593 3192 1663 ἠ
3229 1594 3457 1662 γενναία
3512 1593 3610 1647 καὶ
3659 1594 3878 1663 πλῆθος
3929 1596 4008 1648 ὅτι

2420 1679 2555 1731 πολὺ
2594 1683 2872 1748 γυναικῶν
2909 1682 3096 1737 ίδοῦσα
3153 1687 3280 1754 περὶ
3341 1685 3510 1756 αὐτὴν
3565 1687 3890 1755 ἀνοιμῶζον
3927 1690 4015 1739 καὶ

2419 1771 2840 1842 παθαινόμενον,
2866 1774 2940 1837 ὡς
2972 1776 3230 1847 τοιαύτης
3259 1777 3422 1847 δῆθεν
3468 1778 3765 1845 εὐγενείας
3799 1777 4016 1847 ὑϐριζο-

2422 1865 2613 1934 μένης,
2638 1869 2836 1934 σεμνὸν
2862 1868 3048 1937 ἐκείνη
3082 1869 3219 1938 πρὸς
3254 1871 3422 1933 αὑτὰς
3469 1870 3658 1922 ἰδοῦσα
3695 1869 3796 1921 καὶ
3837 1887 4011 1938 μεγα-

737 1936 885 2001 Scio,
921 1937 1121 2007 inquit,
1155 1952 1187 1991 o
1228 1937 1436 2002 amicre,
1466 1937 1609 2007 quod
1643 1947 1870 2008 propter
1918 1954 2018 1992 nos
2070 1939 2310 1994 dolorem

2417 1957 2614 2026 λόῳρον
2634 1998 2648 2020 ,
2677 1954 2790 2010 Οἷδ’
2815 1959 2923 2024 ὅτι,
2941 1961 3130 2028 φησὶν,
3152 1959 3304 2028 φίλαι
3359 1965 3646 2029 γυναῖκες,
3681 1962 4015 2032 περιπαθεῖς

735 2029 1009 2098 accipitis,
1041 2028 1242 2098 partim
1275 2028 1496 2097 quidem
1552 2026 1788 2083 fortasse
1840 2039 2060 2098 prOptcr
2108 2037 2316 2082 naturae

732 2122 1136 2191 cognationem,
1173 2121 1369 2190 partim
1419 2130 1600 2174 autem
1647 2121 1793 2191 quod
1843 2122 2063 2192 indigna
2109 2136 2174 2176 ac
2208 2137 2312 2192 pu-

733 2215 911 2268 dcnda
944 2213 1132 2267 videar
1175 2212 1285 2282 pati
1334 2226 1456 2266 cum
1506 2212 1738 2267 ﬁliabus.
1789 2212 1894 2267 Sed
1943 2229 2010 2268 ne
2060 2213 2310 2267 doleatis.

732 2305 842 2360 Nos
876 2306 1023 2360 enim
1060 2320 1170 2359 non
1234 2304 1357 2360 ideo
1403 2307 1783 2377 negaverimus
1836 2305 2147 2360 ellectorem
2192 2308 2313 2361 coeli

730 2408 783 2452 et
816 2409 996 2457 terrae.
1028 2412 1205 2464 neque
1235 2412 1356 2466 qua:
1392 2409 1518 2451 sunt
1551 2398 1616 2450 ad
1653 2408 1866 2467 tempus
1915 2399 2133 2452 aeternis
2173 2415 2310 2469 pra:-

733 2489 1049 2544 tulerimus.
1109 2489 1244 2543 Nam
1300 2488 1434 2543 mihi
1501 2489 1720 2558 quidem
1792 2504 1820 2542 a
1869 2491 2168 2560 majoribus
2216 2507 2314 2560 per

729 2585 1136 2637 successionem
1168 2582 1345 2652 pietas
1391 2590 1445 2637 et
1474 2597 1600 2637 vera
1649 2582 1870 2653 religio,
1921 2593 1974 2636 et
2013 2599 2043 2636 a
2095 2584 2312 2640 Christo

731 2675 1094 2740 denominari,
1131 2683 1186 2729 et
1217 2691 1344 2729 eum
1379 2689 1543 2729 nosse
1575 2673 1770 2739 Deum,
1803 2675 1997 2729 tradita
2025 2677 2158 2730 mihi
2190 2676 2311 2731 fue-

729 2775 859 2820 runt
893 2767 948 2821 in
1001 2767 1419 2833 hmreditatem;
1456 2781 1564 2820 non
1619 2766 1753 2819 mihi
1805 2777 1986 2820 autem
2041 2768 2163 2834 soli,
2216 2767 2310 2823 sed

733 2860 1004 2916 universa:
1035 2875 1252 2929 quoque
1302 2874 1434 2913 meae
1481 2857 1812 2929 cogitationi.
1862 2857 2093 2930 Propter
2149 2875 2308 2928 quem

728 2968 828 3024 ego
858 2952 1105 3023 amplexa
1135 2953 1555 3016 continentiam,
1594 2951 1914 3007 viduitatem
1952 2953 2165 3022 praetuli
2194 2967 2309 3006 ma-

730 3046 998 3099 trimonio
1037 3053 1135 3098 :et
1164 3061 1226 3099 ex
1278 3043 1651 3108 facultatibus,
1691 3058 1826 3113 quas
1869 3043 2156 3108 habebam,
2187 3043 2309 3114 plu-

726 3137 927 3192 timum
957 3137 1206 3190 distribui
1239 3137 1596 3207 pauperibus.
1635 3133 1774 3189 Sunt
1805 3151 1934 3190 vero
1967 3134 2145 3190 adhuc
2175 3136 2307 3189 mihi

729 3246 938 3300 magna:
967 3231 1169 3284 divitiae
1204 3231 1254 3282 in
1288 3243 1422 3282 auro
1457 3238 1511 3283 et
1546 3236 1797 3300 argento,
1832 3238 1888 3282 et
1922 3245 2114 3299 magna
2166 3229 2304 3283 mul-

729 3323 904 3377 titudo
957 3336 1262 3385 servorum,
1344 3321 1534 3375 multa:
1592 3331 1775 3374 autem
1828 3325 2200 3389 possessiones
2259 3331 2312 3374 et

727 3429 915 3484 greges
945 3431 958 3479 ;
986 3429 1171 3467 verum
1209 3413 1336 3467 licet
1368 3421 1447 3466 tot
1478 3413 1616 3466 bona
1650 3411 1781 3465 mihi
1818 3422 2128 3483 suppetant,
2161 3413 2308 3467 nolui

728 3520 930 3573 tamen,
968 3517 1024 3559 ut
1074 3507 1257 3560 multa:
1307 3506 1426 3560 alia:
1477 3507 1736 3561 mulieres
1767 3507 1966 3572 solent,
2034 3508 2101 3562 ad
2143 3510 2308 3562 alium

729 3601 984 3655 maritum
1019 3599 1240 3659 intueri.
1274 3599 1483 3653 etiamsi
1512 3615 1635 3653 cum
1669 3599 1856 3652 multis
1890 3599 2106 3652 casibus
2133 3609 2186 3651 et
2219 3614 2309 3651 ca-

729 3694 1090 3756 lamitatibus,
1159 3709 1279 3759 quae
1346 3692 1525 3745 viduis
1590 3692 1814 3746 evenire
1885 3703 2306 3756 consueverunt,

727 3800 873 3854 swpe
906 3785 1007 3836 sim
1036 3783 1329 3836 colluctata
1361 3797 1372 3833 :
1410 3780 1553 3850 quod
1582 3782 1800 3849 quidem
1839 3782 1919 3835 vel
1944 3784 2116 3836 solum
2159 3783 2309 3836 suill-

727 3877 801 3928 cit
837 3874 902 3928 ad
937 3873 1150 3927 mollem
1181 3873 1358 3928 adhuc
1406 3883 1457 3926 et
1496 3885 1742 3927 tenerum
1785 3873 2025 3927 animum
2073 3875 2308 3929 incitan-

732 3970 860 4020 dum
923 3966 990 4019 ad
1072 3965 1342 4020 secundas
1400 3966 1642 4035 nuptias.
1705 3965 1774 4022 Et
1838 3964 2068 4021 fortasse
2129 3967 2310 4022 nullus

729 4073 906 4110 meam
938 4057 1248 4111 damnasset
1290 4057 1659 4126 juventutem,
1704 4073 1821 4126 quae
1863 4058 2037 4126 ipsum
2089 4058 2156 4112 ad
2206 4058 2309 4112 hoc

731 4150 971 4204 habebat
1029 4161 1321 4220 patronum
1366 4148 1608 4204 divinum
1653 4149 1998 4218 Apostolum.
2047 4149 2152 4205 Sed
2195 4150 2310 4206 haec

733 4242 916 4297 omnia
943 4241 1326 4312 parvilaciens,
1359 4243 1411 4293 in
1445 4242 1546 4296 hoc
1575 4241 1748 4295 solum
1781 4243 2019 4296 animum
2054 4245 2305 4310 intendo,

735 4346 794 4388 ut
829 4349 952 4388 cum
987 4332 1207 4388 Christo
1238 4334 1340 4388 sim
1376 4349 1484 4387 una
1521 4348 1642 4390 cum
1673 4337 1893 4400 sanctis,
1919 4351 2039 4404 quae
2079 4350 2307 4404 praeces-

733 4439 947 4494 serunt,
979 4428 1302 4481 mulieribus
1329 4435 1384 4481 et
1411 4427 1760 4495 martyribus.
1798 4426 1907 4493 ligo
1935 4435 2115 4479 autem
2154 4425 2308 4480 vobis

729 4523 842 4591 jam
873 4519 1114 4575 secundo
1165 4535 1424 4589 appareo.
1461 4516 1597 4571 Nam
1656 4517 1809 4588 prius
1855 4519 1907 4571 in
1961 4518 2307 4574 matrimonio

2427 2050 2512 2119 ἐφ’
2554 2053 2685 2122 ἡμῖν
2713 2052 3016 2121 γεγένησθε
3046 2069 3060 2084 ο
3101 2051 3260 2106 τοῦτο
3297 2054 3396 2123 μὲν
3451 2055 3580 2117 ἴσως
3663 2057 3762 2108 καὶ
3820 2055 3912 2108 διὰ
3959 2055 4012 2105 τὸ

2418 2144 2680 2210 συγγενὲς
2709 2145 2808 2215 τῆς
2837 2143 3082 2213 φύσεως,
3108 2145 3268 2198 τοῦτο
3295 2145 3352 2198 δὲ
3389 2145 3565 2199 καὶτὸ
3599 2145 3786 2198 δοκεῖν
3818 2147 4004 2215 αἰσχύ·

2417 2254 2514 2305 νης
2556 2235 2681 2298 ἀξια
2742 2236 2881 2306 μετὰ
2938 2237 3050 2290 τῶν
3105 2237 3426 2307 θυγατέρων
3478 2238 3628 2308 ἡμᾶς
3683 2238 4007 2307 ὑπομένειν.

2427 2327 2570 2379 Ἀλλ’
2626 2328 2686 2380 ού
2735 2329 2888 2398 παρά
2938 2329 3100 2382 τοῦτο
3157 2329 3224 2382 ἂν
3273 2333 3432 2400 ἡμεῖς
3475 2331 3869 2401 ἀρνησαίμεθα
3923 2332 4011 2384 τὸν

2415 2421 2644 2492 ποιητὴν
2675 2421 2907 2492 ούρανοῦ
2940 2422 3036 2476 καὶ
3065 2423 3190 2492 γῆς,
3225 2422 3346 2475 οὐδὲ
3373 2424 3480 2476 τῶν
3511 2423 3704 2476 ἀϊδίων
3739 2427 3810 2476 τα
3845 2425 4013 2492 προσ.

2415 2531 2585 2586 καιρα
2614 2515 3084 2585 προτιμήσαιμεν.
3123 2515 3278 2585 Ἐμοὶ
3310 2516 3417 2586 γὰρ
3445 2517 3508 2568 ὲκ
3554 2516 3849 2586 προγόνων
3884 2516 4011 2584 κλῆ-

2415 2625 2508 2679 ρος
2567 2606 2852 2676 ἀδιάδοχος
2927 2607 2961 2675 ἡ
3002 2606 3281 2686 εὐσέϐεια,
3342 2609 3436 2660 καὶ
3485 2607 3546 2660 τὸ
3606 2607 3719 2662 ἀπὸ
3767 2607 4008 2676 Χριστοῦ

2411 2699 2718 2777 καλεῖσθαι,
2772 2703 2866 2753 καὶ
2922 2700 3114 2754 τοῦτον
3174 2702 3377 2754 είδέναι
3432 2699 3594 2755 Θεόν.
3643 2701 3762 2753 Οὐκ
3800 2701 3931 2769 ἐμοὶ
3953 2701 4008 2752 δι

2415 2791 2579 2864 μόνῃ,
2606 2792 2745 2846 ἀλλά
2787 2794 2884 2846 καὶ
2932 2795 3084 2864 πάσῃ
3128 2795 3192 2863 τῇ
3219 2794 3516 2864 συγγενείᾳ
3562 2792 3627 2863 δὴ
3657 2795 3728 2864 τῇ
3759 2794 3896 2864 ἐμῇ.
3935 2788 4010 2844 Δι’

2410 2884 2469 2936 ὂν
2529 2883 2641 2952 ἐγὼ
2693 2883 3055 2955 σωφροσύνην
3115 2883 3513 2954 ἀσπασαμένη,
3558 2885 3796 2956 χηρείαν
3880 2901 4011 2954 προ-

2413 2975 2589 3046 έθηκα
2629 2979 2833 3046 γάμου,
2875 2980 2970 3031 καὶ
3000 2979 3098 3049 τὴν
3132 2978 3319 3031 ούοίαν
3348 2979 3548 3047 πολλὴν
3587 2978 3757 3031 οὖσαν
3815 2976 4011 3028 διενει-

2417 3070 2611 3140 μάμην
2660 3073 2774 3132 τοϊς
2821 3069 3070 3139 πένησιν.
3123 3070 3281 3122 Ἔστι
3321 3070 3377 3122 δέ
3419 3087 3508 3139 μοι
3559 3068 3660 3121 καὶ
3696 3067 3896 3138 συχνὸς
3932 3067 4007 3119 ἔτι

2413 3163 2641 3227 πλοῦτος
2675 3165 2732 3216 ὲν
2761 3161 2991 3233 ἀργύρῳ
3041 3180 3096 3215 τε
3141 3162 3237 3215 καὶ
3271 3162 3480 3232 χρυσῷ,
3518 3161 3654 3213 πολύ
3687 3178 3747 3212 τε
3784 3161 4004 3213 οἰκείων

2340 3274 2382 3330 (ς
2418 3255 2654 3324 πλῆθος,
2687 3255 2862 3307 πολλά
2897 3254 2954 3305 δὲ
2987 3256 3246 3324 κτήματα
3282 3252 3377 3306 καὶ
3405 3250 3762 3322 βοσκήματα,
3798 3253 3896 3304 καὶ
3930 3268 4007 3303 το·

2417 3348 2629 3410 σούτοις
2658 3346 2883 3418 κομῶσα
2918 3349 3034 3410 τοῖς
3082 3345 3335 3415 ἀγαθοῖς,
3388 3347 3542 3416 ὅμως
3596 3347 3698 3415 οὐχ
3749 3345 4002 3412 εἱλόμην,

2414 3440 2553 3493 κατὰ
2585 3438 2685 3502 τάς
2711 3439 2910 3503 πολλὰς
2939 3439 3048 3494 τῶν
3083 3440 3380 3508 γυναικῶν,
3407 3439 3544 3509 πρὸς
3578 3437 3775 3510 ἕτερον
3828 3438 3998 3506 ἀνδρα

2415 3531 2630 3603 βλέψαι,
2656 3530 2839 3582 καίτοι
2862 3548 2923 3598 γε
2952 3531 3176 3601 μυρίαις
3194 3530 3548 3599 περιστάσεσί
3572 3547 3631 3582 τε
3656 3531 3754 3582 καὶ
3785 3546 4000 3596 συμφο-

2415 3623 2537 3691 ραῖς
2595 3618 2681 3674 οἷα
2713 3621 2783 3674 τὰ
2814 3622 2912 3691 τῆς
2970 3621 3223 3694 χηρείας,
3255 3620 3518 3682 πολλάκις
3552 3621 4000 3682 διαπαλαίσασα,

2411 3715 2547 3784 ὅπερ
2582 3715 2767 3768 ἱκανὸν
2794 3717 2884 3767 καὶ
2920 3716 3081 3782 μόνον
3124 3712 3341 3782 ἁπαλὴν
3391 3714 3469 3764 ἔτι
3520 3714 3617 3764 καὶ
3650 3713 3787 3764 νέαν
3825 3713 4000 3781 ψυχὴν

2414 3806 2550 3874 πρὸς
2580 3805 2865 3873 δευτέρους
2900 3803 3114 3872 γάμους
3140 3803 3462 3872 διερεθίσαι.
3490 3802 3603 3855 Καὶ
3633 3803 3773 3866 ἴσως
3831 3803 3999 3862 οὐδεὶς

2413 3899 2477 3953 ἀν
2528 3915 2629 3969 μου
2689 3896 2787 3968 τῆς
2855 3895 3109 3965 νεότητος
3173 3893 3581 3961 κατεγίνωσκεν
3640 3895 3812 3946 αὑτὸν
3870 3894 3998 3962 πρξς

2412 3990 2571 4044 τοῦτο
2623 3990 2713 4042 τὸν
2774 3989 2919 4042 θεῖον
2993 3986 3323 4040 Ἀπόστολον
3380 3985 3688 4056 συνήγορον
3747 3987 3995 4056 ἐχούσης.

2426 4081 2586 4139 Ἀλλά
2617 4081 2792 4135 ταῦτα
2847 4081 2978 4152 περὶ
3043 4080 3324 4141 ἐλάττονος
3381 4079 3562 4132 πάντα
3608 4077 3847 4149 θεμένη,
3889 4079 3992 4140 ἑνός

2413 4176 2529 4246 ειμι
2591 4174 2784 4242 μόνον,
2837 4170 2930 4226 τοῦ
2992 4174 3232 4223 συνεῖναι
3265 4168 3487 4238 Χριστῷ
3535 4172 3659 4231 ταῖς
3694 4170 3992 4238 προλαεού-

2414 4287 2535 4331 σαις
2592 4266 2709 4337 ἅμα
2742 4263 2992 4334 γυναιξὶν
3049 4263 3234 4332 ἁγίαις
3291 4263 3384 4314 καὶ
3431 4260 3735 4330 μάρτυσιν.
3778 4260 3917 4327 Ἑγώ
3946 4262 3993 4312 δὲ

2413 4362 2542 4428 ὑμῖν
2578 4359 2676 4427 ἤδη
2712 4356 2961 4425 δεύτερον
2985 4354 3353 4426 ὲμφανίζομαι
3409 4354 3464 4405 ἐν
3499 4370 3558 4405 τε
3595 4352 3676 4423 τῷ
3704 4351 3804 4407 τοῦ
3840 4355 3990 4424 προσ-

2412 4451 2604 4521 καῐρου
2657 4448 2891 4517 νυμφίου
2929 4447 3091 4516 γάμῳ
3115 4487 3128 4512 ,
3160 4449 3252 4497 καί
3282 4444 3374 4497 νῦν
3438 4445 3496 4495 ὲν
3527 4444 3608 4512 τῷ
3661 4445 3762 4497 τοῦ
3794 4447 3989 4513 6.90:2;-

2408 4561 2502 4597 του
2565 4543 2658 4594 καὶ
2717 4538 3013 4606 ἀθανάτου,
3044 4540 3179 4608 πρὸς
3238 4538 3295 4590 ὃν
3350 4538 3678 4608 ἐπείγομαι,
3708 4540 3806 4589 καὶ
3835 4531 3877 4604 ᾧ
3906 4539 3986 4606 τὴν

731 4613 939 4682 sponsi,
971 4612 1060 4682 qui
1096 4610 1300 4666 eratad
1332 4621 1544 4680 tempus
1580 4627 1592 4663 :
1627 4624 1771 4663 nunc
1818 4627 1945 4664 vero
1992 4614 2042 4664 in
2097 4611 2302 4679 nuptiis

2414 4633 2766 4706 σωφροσύνην
2827 4631 3058 4684 ἄσπιλον
3115 4632 3438 4701 διετήρησα,
3491 4630 3852 4698 μαρτυρήσει
3909 4646 3986 4696 μοι

729 4704 1056 4757 immortalis
1095 4713 1150 4756 et
1189 4701 1352 4754 alieni
1380 4701 1446 4753 ab
1477 4701 1720 4764 interitu,
1755 4703 1822 4755 ad
1870 4716 2030 4768 quem
2084 4700 2304 4763 festino,

727 4807 783 4848 et
821 4796 906 4848 cui
936 4793 1339 4849 immaculatam
1373 4791 1690 4846 conservavi
1745 4793 2163 4856 continentiam,
2224 4805 2307 4844 me

729 4889 944 4942 videtis.
983 4887 1154 4942 Filias
1185 4888 1533 4955 quoqueipsi
1581 4887 1775 4940 studeo
1833 4886 2200 4955 despondere,
2251 4893 2308 4936 ut

727 4997 847 5050 quae
889 4995 1079 5036 earum
1123 4979 1404 5047 hucusque
1445 4977 1712 5048 integram
1753 4982 1818 5031 ad
1876 4979 1978 5031 hoc
2027 4979 2307 5047 virginita-

731 5086 841 5128 tem
897 5073 1291 5126 conservarini.
1345 5071 1482 5126 llinc
1539 5070 1675 5125 mihi
1727 5071 1918 5140 plenus
1955 5083 2036 5126 est
2087 5073 2308 5125 animus

731 5164 1010 5233 voluptate
1070 5169 1123 5214 et
1154 5162 1294 5214 bona
1345 5176 1461 5228 spe.
1509 5160 1657 5230 llogo
1689 5177 1782 5216 vos
1832 5161 2015 5231 igitur,
2055 5172 2111 5215 ut
2170 5161 2303 5215 mihi

734 5257 913 5324 potius
955 5251 1427 5324 congralnlemini,
1481 5269 1658 5320 neque
1704 5265 1808 5307 tant
1855 5255 2073 5323 abjccto
2123 5256 2305 5307 animo

730 5348 1128 5411 lamentemini,
1168 5356 1221 5399 ct
1268 5347 1398 5399 mihi
1435 5350 1810 5401 transmutctis
1839 5348 2036 5401 festum
2091 5351 2143 5400 in
2204 5350 2301 5401 tri.

733 5441 959 5494 stitiam.
1011 5438 1181 5492 l‘orro
1234 5448 1411 5491 autem
1455 5439 1609 5492 vobis
1656 5455 1870 5508 quoque
1913 5442 2301 5502 COIJSUllICl‘llll,

734 5544 791 5586 ut
819 5547 916 5585 vos
967 5531 1208 5599 undique
1263 5532 1534 5596 muni-alis,
1588 5542 1640 5585 et
1689 5548 1936 5601 magnam
1999 5535 2304 5588 adhibeatis

728 5624 1065 5687 cautionem,
1113 5639 1202 5686 ne,
1246 5622 1396 5674 vobis
1463 5640 1569 5676 non
1623 5625 2053 5688 adverte-ritibus,
2095 5626 2304 5678 aulerat

728 5722 851 5773 lidei
892 5720 1228 5778 thesaurum,
1261 5719 1349 5784 qui
1400 5728 1479 5771 est
1531 5719 1756 5772 callidus
1805 5721 2114 5775 sull'urandi
2171 5720 2304 5772 arti-

724 5821 834 5876 lex,
874 5824 926 5866 et
957 5814 1254 5866 maximum
1290 5818 1436 5870 vobis
1476 5818 1580 5871 hoc
1619 5816 1876 5870 datnnum
1907 5821 2116 5884 allerat,
2157 5815 2300 5885 quod

723 5911 982 5978 pertingit
1021 5925 1188 5978 usque
1234 5910 1294 5962 ad
1334 5910 1500 5978 ipsam
1533 5909 1793 5964 animam.
1837 5908 1951 5964 Jam
1995 5930 2116 5966 vero
2151 5925 2297 5982 qua—

2413 4729 2506 4780 xal
2534 4725 2716 4789 αὐτὸς,
2744 4717 2787 4792 ᾧ
2823 4729 2915 4775 και⁴
2949 4725 3047 4786 τὰς
3081 4722 3386 4791 θυγατέρας
3408 4719 3803 4790 νυμςρευθῆναι
3833 4739 3980 4774 σπου·

2410 4820 2577 4883 δάζω,
2600 4820 2729 4887 ὑγιῆ
2762 4821 2855 4872 καὶ
2887 4817 3068 4871 αὐτῶν
3098 4819 3177 4879 είς
3210 4815 3370 4885 δεῦρο
3399 4815 3498 4882 τὴν
3555 4815 3865 4886 παρθενίαν
3895 4835 3980 4884 φυ-

2413 4909 2638 4973 λάξασα.
2671 4910 2949 4963 Ἐντεῦθεν
2980 4909 3172 4978 ἡδονῆς
3207 4908 3316 4975 ἐγὼ
3351 4910 3440 4959 καὶ
3469 4909 3734 4977 χρηστῶν
3769 4911 3981 4962 ἐλπίδων

2409 5004 2507 5074 τὴν
2542 5003 2719 5074 ψυχὴν
2777 5001 3027 5074 ἔμπλεώς
3059 5003 3194 5070 ειμι,
3245 5003 3339 5053 καί
3376 5017 3466 5070 μοι
3536 5002 3872 5070 συνήδεσθαι
3905 5005 3980 5053 καὶ

2411 5100 2553 5170 ὑμᾶς
2589 5099 2746 5164 αξιῶ,
2779 5098 2913 5168 μηδὲ
2963 5097 3209 5163 ἀγεννῶς
3272 5094 3413 5147 οὕτω
3470 5093 3720 5164 θρηνεῖν,
3745 5099 3846 5149 καὶ
3900 5096 3980 5164 τὴν

2409 5189 2603 5260 ἑορτὴν
2633 5189 2755 5258 ἐμοὶ
2795 5189 2928 5258 πρὸς
2975 5189 3275 5257 κατήφειαν
3332 5185 3725 5255 μεταϐάλλειν.
3761 5187 3984 5256 Συμϐιτ-

2409 5281 2663 5352 λεύσαιμι
2692 5283 2736 5335 δ’
2769 5283 2834 5335 ἂν
2885 5280 2980 5334 καὶ
3017 5283 3144 5350 ύμῖν
3192 5279 3389 5349 πολλὴν
3418 5279 3776 5347 πανταχόθεν
3805 5283 3983 5334 extasi-

2409 5376 2637 5428 κνυσθαι
2666 5376 2764 5446 τὴν
2796 5375 3114 5444 ἀσφάλειαν,
3146 5377 3218 5444 μη
3250 5392 3349 5426 που
3383 5374 3524 5444 λάθῃ
3551 5375 3650 5426 καί
3676 5394 3828 5440 τινος
3853 5380 3985 5448 ύμιῖμ

2409 5472 2497 5522 τὴν
2531 5470 2630 5538 τῆς
2667 5472 2903 5531 πίστεως
2947 5468 3221 5538 θησαυρὸν
3258 5472 3282 5520 ό
3313 5467 3487 5528 δεινὸς
3541 5469 3886 5541 ὑπεϐλέιξσαι,
3914 5490 3984 5520 κγ

2409 5563 2504 5631 τὴν
2541 5565 2806 5631 μεγίστην
2834 5563 3037 5628 ταύτην
3068 5561 3271 5629 ζημίαν
3319 5560 3413 5613 καὶ
3439 5562 3518 5623 εἰς
3550 5562 3737 5632 αὐτὴν
3766 5566 3988 5632 ﬁmum

2409 5659 2508 5724 τὴν
2536 5657 2710 5725 ψυχὴν
2745 5654 3049 5725 ζημιῶσαι.
3104 5655 3212 5707 Καὶ
3264 5657 3385 5706 ὅσαι
3415 5655 3473 5705 δὲ
3508 5657 3621 5708 τῶν
3675 5657 3986 5725 Ἐλληνιέιιν

2409 5750 2685 5816 γυναικῶν
2721 5745 2952 5799 ὲνταῦοα
2999 5748 3098 5799 καὶ
3141 5747 3437 5815 Ἑϐραΐδων
3491 5748 3722 5816 (πολλαὶ
3777 5749 3988 5816 γὰρμὶις

2410 5841 2543 5909 ὁρῶ,
2582 5842 2670 5892 ἐπὶ
2707 5845 2771 5911 τῇ
2821 5840 2920 5909 θέα
2953 5840 3190 5905 πάρεστε
3245 5841 3444 5913 ταύτῃ)
3496 5839 3858 5908 ἀποθέμεναι
3914 5864 3985 5894 2.2-.

2413 5937 2661 5998 ὑςλ.εῖς,σ.ί
2694 5937 2791 5998 μὲν
2824 5939 2948 5996 τοὺς
2979 5936 3217 6003 μακροὺς
3253 5934 3456 6003 μύθους
3492 5935 3586 5986 καὶ
3650 5935 3880 6009 lixa-4‘
3911 5943 3986 5989 καί
