4142 6502
169 459 302 527 1265

1309 470 1410 527 ΜΛ
1426 470 1771 529 R'l‘YRIUM
1817 471 1874 530 S.
1913 470 2261 530 ARETil/E.

3264 464 3395 529 1266

162 574 284 634 τοὺς
330 572 567 641 ὀνόματα
623 574 780 643 μόνον
840 576 999 638 faveat;
1035 578 1188 641 θεούς
1216 596 1227 608 °
1259 582 1313 632 αἱ
1340 583 1394 634 δὲ
1423 583 1522 653 τὴν
1554 581 1731 645 σκιὰν,

1840 600 2053 651 cunque
2105 584 2194 639 hic
2247 582 2378 637 estis
2422 583 2676 637 mulieres
2735 584 2984 653 gentiles,
3039 592 3093 638 et
3163 582 3402 636 llebraw

162 663 254 733 et;
282 664 416 732 γοῦν
444 680 574 718 ποτε
604 667 698 718 καὶ
727 668 933 731 τ’ύπονς
966 673 1059 722 καὶ
1088 672 1157 722 τὰ
1206 673 1467 742 αἰνίγματ
1482 693 1511 725 α
1565 691 1734 740 μετα-

165 756 365 825 μάθετε
392 756 491 826 τὴν
529 758 791 829 ἀλήθειαν
832 762 925 812 καὶ
954 762 1029 831 τῷ
1057 763 1213 828 Λόγω
1246 769 1342 817 καὶ
1377 766 1496 836 Θεῷ
1521 767 1598 835 τῷ
1639 769 1735 835 τῆς

167 846 395 915 Τριάδος
437 848 521 901 ἑνὶ
551 849 969 919 προσελθοῦσαι,
1004 854 1311 925 φωτίσθητε
1360 857 1447 910 διὰ
1501 858 1599 926 τῆς
1633 859 1733 911 αὑ·

158 936 251 989 τοῦ
288 937 549 1009 λατρείας
579 942 671 993 καὶ
710 942 807 1010 τῆς
840 943 933 996 τοῦ
990 944 1132 997 θείου
1190 948 1560 1017 ϐαπτίσματος
1608 952 1735 1002 ἁνα-

155 1032 489 1101 γεννήσεως,
512 1035 606 1085 καὶ
637 1032 712 1105 μὴ
760 1033 901 1088 οὕτω
931 1039 1047 1100 ταῖς
1083 1038 1358 1103 ἀσεϐείαις
1419 1041 1571 1111 ὑμῶν
1614 1060 1732 1094 συν-

156 1116 453 1187 απόλησθε.

1834 677 2040 743 (mult-.13
2065 677 2233 739 enim,
2266 685 2324 729 ut
2348 674 2525 737 video,
2560 675 2647 729 hic
2672 674 2876 729 adestis
2898 674 2962 729 ad
2984 672 3401 744 spectaculum).

1834 781 1928 821 vos
1990 781 2206 835 quoque
2283 766 2565 836 depositis,
2630 766 2861 837 gentiles
2913 766 3153 836 quidem,
3231 765 3406 832 Ion-gis

1835 858 2033 912 fabulis
2083 868 2138 912 et
2172 860 2351 929 nugis,
2395 869 2449 913 et
2498 857 2625 921 diis,
2676 858 2769 928 qui
2806 869 2933 913 sunt
2981 858 3093 911 solo
3130 857 3349 910 nomine
3387 871 3402 908 :

1838 952 2076 1004 llebrma:
2116 960 2319 1014 autem,
2355 951 2549 1005 umbra
2598 950 2813 1005 tandem
2864 959 2919 1005 et
2964 950 3147 1021 figuris
3187 953 3236 1003 et
3273 949 3402 1003 ami-

1841 1045 2130 1114 gmatibus,
2167 1043 2369 1099 discite
2394 1044 2702 1107 veritatem,
2737 1043 3127 1099 etaecedentes
3173 1040 3236 1093 ad
3271 1038 3403 1094 Ver-

1838 1135 1967 1189 bum
1994 1144 2049 1189 et
2083 1136 2277 1201 Deum,
2310 1135 2402 1204 qui
2450 1143 2534 1190 est
2590 1151 2732 1189 unus
2784 1133 3087 1192 Trinitatis.
3140 1147 3235 1199 per
3280 1131 3401 1196 eius

156 1209 360 1263 cultum
410 1210 796 1269 illuminemini
842 1224 897 1270 et
927 1217 1094 1272 divini
1137 1218 1479 1288 baptismatis
1521 1223 2013 1293 regenerationem,
2046 1239 2223 1294 neque
2267 1224 2344 1281 sic
2382 1224 2542 1279 simul
2607 1223 2843 1293 pereatis
2891 1223 2943 1277 in
2980 1220 3172 1277 vestris
3219 1218 3414 1288 impie-

158 1305 382 1358 tatibus.

225 1397 326 1450 lE’.
370 1399 558 1453 Ταῦτα
603 1402 704 1472 τῆς
761 1405 1038 1475 μάρτυρος
1091 1409 1186 1461 καὶ
1247 1410 1383 1465 ἄλλα
1414 1412 1582 1467 πλείω
1612 1417 1732 1478 ταῖς

156 1487 541 1554 συνελθούσαις
574 1495 786 1560 γυναιξὶ
841 1494 1247 1566 διαλεγομένης,
1306 1502 1448 1564 τινὲς
1504 1502 1613 1556 τῶν
1667 1504 1734 1558 τά

155 1580 424 1648 βασιλέως
460 1585 798 1653 φρονούντων
827 1586 1020 1658 ἐκείνῳ
1054 1593 1568 1659 προσαγγειλάντων
1593 1596 1734 1649 αὕτα

153 1672 246 1724 καὶ
279 1673 360 1726 ὅτι
395 1673 705 1746 διαστρέφοι
750 1678 811 1730 τὸ
840 1678 1062 1749 πλῆθος.
1111 1681 1172 1736 '0
1203 1682 1455 1753 βασιλεὺς
1497 1688 1591 1740 καὶ
1635 1682 1734 1739 αὗ-

152 1762 239 1824 θις
271 1763 614 1833 μετάκλητον
658 1767 828 1837 αὐτὴν
886 1772 1258 1840 ποιησάμενος
1300 1776 1511 1828 καὶτὸν
1560 1780 1731 1846 πρᾶον

1906 1410 2020 1466 XV.
2063 1411 2196 1467 Cum
2254 1421 2456 1483 martyr
2503 1413 2615 1467 haec
2646 1423 2701 1467 et
2733 1412 2832 1464 alia
2866 1412 3014 1479 plura
3051 1410 3255 1464 diceret.
3284 1423 3403 1461 mn-

1834 1504 2079 1564 lieribus,
2125 1502 2345 1570 quidam
2379 1517 2443 1555 ex
2485 1486 2571 1563 iis,
2602 1501 2690 1571 qui
2734 1516 2856 1555 eum
2903 1515 3027 1566 rege
3068 1499 3402 1558 sentiebant.

1835 1593 1909 1648 illi
1947 1592 2061 1646 haec
2092 1592 2492 1654 renuntiarunt,
2526 1600 2581 1645 et
2607 1591 2749 1661 quod
2780 1598 3121 1659 perverteret
3157 1588 3404 1642 multitu-

1835 1685 2040 1740 dinem.
2091 1681 2203 1737 Rex
2240 1683 2442 1752 itaque,
2478 1698 2537 1735 ea
2584 1698 2771 1737 rursus
2813 1680 3094 1743 accersita,
3141 1679 3404 1733 simulans

1840 1776 2315 1832 mansuetudinem
2361 1774 2631 1846 :Magna,
2668 1776 2861 1843 inquit,
2915 1789 3047 1827 usus
3092 1789 3211 1828 sum
3250 1775 3303 1826 in
3350 1782 3403 1828 te

152 1852 498 1922 ὑποκριθεὶς,
535 1854 732 1925 nam.
775 1860 957 1928 φησὶν,
1014 1864 1336 1933 ἐχρησάμην
1396 1865 1487 1917 ὲπί
1539 1883 1620 1919 σοι
1664 1869 1730 1937 τῇ

1839 1870 2112 1939 patientia,
2146 1870 2247 1924 hoc
2277 1870 2527 1924 consulto
2552 1878 2605 1923 et
2638 1883 2743 1922 non
2771 1867 3174 1921 inconsiderate
3199 1863 3403 1919 faciens

156 1945 537 2015 μακροθυμίᾳ,
588 1950 814 2020 προνοίᾳ.
867 1953 1027 2007 τοῦτο
1077 1955 1446 2028 φιλανθρώπῳ
1504 1960 1597 2011 καὶ
1631 1959 1730 2012 οὑκ

152 2036 364 2104 ἀλόγως
397 2036 586 2102 ποιῶν,
611 2041 778 2112 ὅπως,
810 2046 858 2099 εί
883 2046 956 2118 μή
988 2063 1040 2099 τι
1067 2045 1211 2111 άλλο,
1238 2047 1373 2100 ἀλλὰ
1398 2052 1510 2111 τοῖς
1540 2050 1626 2103 ἐπὶ
1652 2050 1732 2103 σοὶ

154 2128 250 2179 καὶ
277 2128 399 2190 ταῖς
425 2126 729 2201 θυγατράσι
760 2137 1184 2206 καταχεομένοις
1212 2138 1473 2209 δάκρυσιν
1504 2141 1728 2195 ὲπικλα·

154 2219 366 2281 σθεῖσα,
397 2223 676 2294 πεισθείης
702 2227 853 2294 ἡμῖν.
892 2228 955 2280 'Il
976 2228 1055 2281 δέ·
1084 2228 1193 2281 Καὶ
1225 2228 1307 2292 τίς
1341 2246 1430 2299 με,
1465 2231 1590 2300 ἔφη,
1618 2249 1733 2285 πει-

155 2308 378 2360 σθεῖσαν
414 2328 517 2377 σοι,
551 2314 790 2382 βασιλεῦ,
823 2317 915 2370 τοῦ
949 2318 1120 2389 πυρὸς
1156 2319 1381 2389 ῥύσεται
1435 2323 1533 2375 τοῦ
1567 2324 1730 2376 ἀσϐέ-

158 2416 289 2451 στου
321 2416 339 2463 ;
375 2400 564 2467 Οὕτως
596 2406 764 2472 ἔλεξε,
797 2409 982 2472 misi;
1012 2410 1237 2480 οὐρανὸν
1256 2413 1413 2476 εὐθὺς
1444 2413 1729 2479 ἀπιδοῦσα,

150 2490 245 2559 Μὴ
278 2493 494 2557 γένοιτό
530 2514 639 2564 μοι,
676 2500 862 2568 φησὶν,
918 2501 1153 2555 ἀθάνατε
1202 2504 1446 2573 βασιλεῦ,
1484 2507 1733 2576 ἀπαρνή-

151 2585 357 2637 σασθαι
407 2604 465 2639 σε
502 2590 593 2642 τὸν
628 2591 720 2643 τοῦ
766 2592 899 2645 Θεοῦ
948 2596 1210 2665 μονογενῆ
1250 2598 1397 2665 Υἱδν,
1455 2601 1545 2651 καὶ
1576 2601 1731 2670 άνδρὶ

152 2678 472 2746 πεισθῆναι,
528 2680 605 2750 τῷ
658 2682 717 2734 σέ
765 2699 823 2736 τε
888 2686 1232 2756 ἀθετήσαντι,
1274 2690 1367 2742 καὶ
1421 2690 1730 2762 ὲπιορκίαις

146 2769 302 2837 ἡμᾶς
326 2772 694 2843 ἀπατήσαντι.
725 2776 835 2846 Τὴν
864 2782 1177 2850 παρῤησῖαν
1205 2782 1385 2834 τοίνυν
1412 2786 1438 2836 ὁ
1478 2784 1730 2856 Ἑϐραῖος

146 2858 249 2923 τῆς
275 2862 534 2924 γενναίας
568 2865 667 2915 οὐκ
701 2867 962 2934 ἐνεγκὼν,
991 2869 1127 2921 ἀλλα
1155 2871 1257 2940 τὴν
1288 2874 1491 2943 σκηνὴν
1526 2878 1621 2928 καὶ
1671 2877 1730 2929 τὸ

149 2946 379 3016 πλάσμα
415 2949 603 3017 λύσας,
653 2957 743 3005 καὶ
773 2957 964 3026 ἄγριόν
994 2976 1042 3010 τι
1095 2960 1297 3031 βλέψας
1341 2964 1432 3016 καὶ
1463 2966 1682 3032 φονικὸν
1715 3009 1727 3033 ,

148 3037 550 3112 Τολμηροτάτη
596 3038 894 3111 γῦναικὼν,
923 3050 1046 3119 ἔφη,
1099 3051 1206 3118 ἐγώ
1243 3069 1336 3105 σου
1369 3055 1465 3115 τὰς
1521 3058 1729 3125 σάρκας

146 3132 279 3200 ἄρτι
307 3133 619 3202 καταξανῶ,
662 3140 754 3191 καὶ
803 3140 1200 3213 διαφηλαφήσω
1252 3144 1319 3198 τὰ
1370 3146 1596 3213 ἔγκατα,
1633 3150 1727 3201 καὶ

1836 1972 2054 2031 propter
2080 1960 2492 2031 benignitatem,
2522 1970 2579 2014 ut
2611 1959 2782 2015 fracta
2820 1958 3091 2029 lacrymis,
3123 1972 3242 2026 qum
3278 1972 3405 2025 pro-

1835 2061 1953 2122 pter
1991 2063 2042 2107 te
2081 2050 2406 2115 funduntur,
2440 2060 2491 2105 et
2521 2059 2742 2120 propter
2789 2049 2945 2111 ﬁlias,
2992 2048 3148 2102 nobis
3187 2062 3403 2117 pareas.

1834 2144 1926 2198 Illa
1968 2154 2146 2198 autem
2182 2163 2196 2196 :
2231 2143 2363 2208 Quis
2413 2158 2520 2207 me,
2573 2143 2766 2212 inquit,
2794 2156 2826 2195 ο
2855 2156 2965 2199 rex,
2999 2140 3041 2193 si
3080 2140 3175 2193 tibi
3211 2154 3398 2208 parue-

1834 2234 1955 2298 rim,
1996 2233 2238 2288 liherarit
2278 2233 2343 2286 ab
2386 2234 2532 2303 igne,
2580 2234 2671 2303 qui
2720 2248 2828 2285 non
2868 2240 3045 2300 potest
3088 2228 3407 2298 exstingui?

1834 2323 1923 2379 Sic
1954 2323 2108 2386 dixit,
2141 2334 2190 2377 et
2220 2323 2415 2376 cmlum
2451 2324 2631 2377 statim
2662 2324 2878 2377 intuens
2921 2340 2933 2374 :
2995 2320 3168 2382 Absit,
3208 2318 3404 2387 inquit,

1835 2432 1867 2470 ο
1897 2413 2004 2469 Rex
2033 2416 2370 2479 immortalis,
2404 2424 2464 2469 ut
2501 2426 2550 2468 te
2590 2431 2807 2484 negem,
2853 2413 2944 2482 qui
2994 2426 3052 2466 es
3101 2413 3249 2466 solus
3284 2411 3407 2463 uni-

1837 2508 2047 2578 genitus
2086 2507 2180 2560 Dei
2219 2507 2406 2567 Filius,
2457 2516 2509 2560 et
2555 2507 2770 2562 credam
2820 2506 2956 2568 viro,
2999 2503 3090 2574 qui
3129 2513 3177 2557 te
3217 2502 3404 2557 habuit

1837 2600 2191 2666 contemptui,
2238 2610 2291 2653 et
2336 2615 2433 2653 nos
2478 2599 2693 2667 decepit
2742 2598 3008 2667 periurio.
3050 2595 3166 2650 Non
3221 2595 3403 2649 ferens

1836 2691 2015 2762 itaque
2060 2692 2316 2748 Hebraeus
2360 2692 2667 2747 libertatem
2705 2690 2961 2761 loquendi
3008 2703 3284 2759 generosae
3319 2687 3398 2743 fe-

1836 2786 2017 2847 minae,
2049 2785 2143 2841 sed
2172 2786 2414 2855 deposita
2448 2801 2632 2847 scena,
2665 2791 2719 2838 et
2750 2785 2924 2838 ablata
2954 2784 3191 2843 fictione,
3219 2788 3403 2834 torve-

1835 2893 1938 2945 que
1974 2893 2092 2929 eam
2127 2888 2182 2930 et
2216 2877 2415 2931 furiose
2462 2878 2681 2930 intuens
2719 2893 2732 2929 :
2772 2874 3165 2939 Audaeissima,
3210 2871 3405 2940 inquit,

1835 2970 2049 3033 mulier,
2096 2984 2195 3039 ego
2245 2970 2338 3023 tibi
2373 2971 2481 3039 jam
2522 2984 2713 3022 carnes
2755 2968 3057 3035 discerpam
3100 2981 3162 3019 ac
3195 2965 3411 3019 dilace-

1836 3058 1989 3119 raho,
2042 3068 2096 3112 et
2144 3058 2399 3112 intestina
2449 3056 2801 3111 contrectabo
2839 3076 2851 3111 :
2887 3065 2941 3109 et
2986 3055 3031 3109 si
3075 3054 3202 3123 quid
3244 3051 3409 3105 exiis

1838 3151 1998 3203 fuerit
2039 3151 2328 3219 reliquum,
2364 3149 2411 3202 id
2441 3164 2710 3218 apponam
2753 3147 3121 3202 devorandum
3158 3144 3406 3200 canibus.

147 3224 280 3277 εἴτι
312 3226 369 3279 δὲ
420 3229 625 3283 τούτων
664 3233 980 3305 ὑπολειφθῇ,
1010 3238 1134 3289 κυσὶ
1170 3237 1469 3309 παραθήσω
1499 3241 1726 3310 τροςήν.

1838 3240 2042 3297 Videbo
2070 3252 2279 3305 autem,
2302 3242 2553 3311 quisnam
2593 3251 2646 3294 te
2678 3240 2751 3294 sit
2783 3254 2812 3293 e
2838 3240 2971 3293 meis
3004 3238 3254 3291 manibus
3284 3250 3406 3289 ere-

150 3319 267 3370 Kai.
296 3319 392 3372 ἴδω
423 3322 506 3383 τίς
537 3325 564 3374 ὁ
616 3326 725 3377 τῶν
772 3328 916 3398 ἐμῶν
974 3329 1361 3398 ἐξαιρούμενός
1398 3349 1458 3384 σε
1511 3333 1727 3402 χειρῶν,

149 3409 264 3460 κᾶν
313 3412 362 3462 εί
414 3413 483 3465 τὰ
532 3414 764 3481 μάλιστα
803 3416 1088 3487 σύμμαχον
1142 3423 1489 3490 παραστῆναί
1526 3440 1607 3474 σοι
1640 3427 1729 3475 τὸν

146 3498 477 3570 Ναζωραῖον
505 3502 718 3573 ἄμαχον
745 3509 1068 3580 προσδοκᾷς.
1107 3510 1369 3564 Ἐνταῦθα
1388 3511 1462 3582 μὴ
1498 3514 1729 3582 ἀνασχο-

150 3591 296 3660 μένη
327 3592 436 3645 τῶν
466 3594 556 3647 τοῦ
595 3599 794 3667 μιαροῦ
828 3601 1001 3670 λόγων
1033 3605 1065 3673 ἡ
1100 3606 1292 3675 πρώτη
1340 3605 1448 3658 τῶν
1499 3605 1731 3674 θυγατέ-

146 3700 266 3752 ρων
295 3684 400 3755 τῆς
431 3688 730 3758 μάρτυρος,
759 3693 1063 3748 δωδέκατον
1096 3698 1194 3767 ἤδη
1247 3714 1351 3750 που
1382 3698 1481 3768 τῆς
1515 3701 1733 3769 ἡλικίας

145 3772 364 3840 ἄγουσα
400 3776 611 3843 χρόνον,
663 3780 839 3833 σιέλου
872 3783 930 3835 τὸ
977 3787 1150 3854 στόμα
1186 3786 1462 3856 πλήσασα,
1503 3790 1730 3857 κατέχεε

143 3864 247 3930 τῆς
272 3864 449 3932 ὅψεως
472 3866 565 3919 τοῦ
593 3872 882 3939 τυράννου.
911 3878 971 3929 Ol
1002 3878 1058 3929 δὲ
1086 3881 1525 3949 περιεστηκότες,
1553 3883 1610 3933 οὐ
1640 3882 1730 3934 τὸν

146 3954 317 4021 ζῆλον
349 3958 443 4011 καὶ
477 3962 534 4012 τὸ
566 3962 790 4027 δικαίως
818 3968 1109 4037 γενόμενον
1162 3972 1568 4030 ἐπαινέσαντες.
1599 3972 1732 4025 ἀλλά

150 4049 242 4101 τὸν
274 4053 470 4122 καιρὸν
500 4054 918 4125 θεραπεύονεες,
947 4062 1117 4132 αὐτήν
1148 4079 1205 4114 τε
1236 4067 1328 4116 καὶ
1363 4061 1461 4134 τὴν
1500 4064 1732 4133 ἀδελφὴν

146 4142 352 4194 αὖτίκα
388 4146 530 4214 ξίφει
560 4148 1002 4223 διαχειρίζονται,
1043 4158 1136 4208 καὶ
1163 4160 1285 4219 ταῖς
1319 4161 1509 4226 χερσὶν
1551 4161 1613 4211 ὲκ
1639 4158 1731 4211 τοῦ

147 4237 558 4307 καταρρέοντος
618 4244 847 4313 αἵματος
902 4249 952 4299 oi
1021 4249 1305 4317 θηριώδεις
1370 4251 1733 4312 ὑπολαϐόντες

144 4331 525 4399 προσφέρουσι
580 4338 642 4403 τῇ
704 4340 873 4408 μητρί
914 4340 1103 4394 ’τοῦτο
1163 4344 1469 4413 προσταγὲν
1532 4348 1595 4398 ὲκ
1640 4344 1733 4397 τὀῦ

146 4417 445 4485 βασιλέως.
496 4421 557 4473 Ἦ
582 4423 638 4475 δὲ
689 4425 754 4489 (ὦ
780 4428 954 4499 ψυχῆς
985 4432 1282 4501 γενναίας)ί
1315 4435 1484 4503 ἡδέως
1514 4452 1573 4489 τε
1600 4437 1735 4487 ἀπο-

1835 3341 2050 3402 pturus,
2088 3332 2305 3386 etiamsi
2346 3332 2582 3384 maxime
2622 3340 2906 3399 exspectas
2938 3327 3052 3383 fore
3086 3336 3144 3382 ut
3186 3334 3275 3382 det
3312 3324 3409 3380 tibi

1834 3427 2093 3480 auxilium
2110 3424 2460 3479 Nazaraenus.
2490 3422 2643 3476 Tum:
2665 3422 2979 3477 exsecrandi
3015 3421 3221 3492 tyranni
3246 3420 3411 3472 verba

1835 3533 1945 3569 non
2001 3517 2178 3569 ferens
2222 3516 2395 3583 prima
2452 3513 2684 3567 filiarum
2735 3513 3009 3582 martyris,
3050 3526 3253 3564 annum
3296 3510 3409 3578 jam

1836 3624 2000 3681 agens
2029 3607 2431 3668 duodecimum,
2461 3605 2669 3675 tyranni
2700 3604 2890 3657 oculos
2913 3604 3277 3672 eonsputavit.
3306 3603 3408 3668 Qui

1835 3714 2016 3755 autem
2069 3695 2572 3761 circumsistebant,
2625 3712 2731 3751 non
2776 3697 2975 3758 zelum,
3024 3704 3081 3749 et
3143 3694 3217 3757 id,
3262 3694 3412 3763 quod

1831 3794 1952 3863 jure
2002 3790 2179 3845 fuerat
2238 3789 2463 3853 factum,
2516 3790 2821 3852 laudantes,
2872 3786 2967 3842 sed
3011 3786 3242 3855 tempori
3288 3800 3408 3839 ser-

1837 3885 2068 3947 vientes,
2114 3883 2285 3951 ipsam
2327 3890 2381 3934 et
2429 3896 2675 3936 sororem
2724 3895 2855 3936 ense
2892 3895 3015 3933 mox
3059 3878 3355 3934 conficiunt
3395 3898 3409 3931 :

1835 3984 1890 4028 et
1926 3987 2049 4027 cum
2079 3987 2141 4025 ex
2176 3970 2446 4027 deﬂuente
2491 3971 2756 4040 sanguine
2806 3969 3061 4022 manibus
3107 3967 3263 4035 plane
3310 3964 3411 4020 feri

1838 4066 2089 4120 homines
2113 4062 2471 4132 accepissent,
2503 4077 2625 4117 eum
2656 4061 2816 4116 matri
2845 4060 3100 4114 otl‘erunt.
3125 4058 3236 4113 Rex
3262 4059 3407 4111 enim

1838 4160 1911 4213 ita
1940 4158 2199 4224 iusserat.
2245 4156 2333 4208 Illa
2368 4170 2495 4209 vero
2524 4155 2574 4222 (o
2610 4154 2805 4209 fortem
2834 4163 2887 4209 et
2926 4166 3251 4225 generosum
3287 4152 3409 4203 ani-

1839 4267 1982 4303 mum
2012 4252 2066 4314 ί)
2099 4258 2154 4302 ct
2201 4248 2432 4301 libenter
2451 4263 2572 4301 cum
2614 4256 2816 4317 gustat,
2856 4255 2929 4311 et,
2955 4261 3077 4301 cum
3109 4245 3172 4299 ad
3212 4243 3409 4297 cadum

1837 4340 2145 4395 sustulisset
2176 4339 2363 4392 oculos
2402 4354 2419 4393 :
2463 4338 2606 4398 ’l‘ibi,
2652 4337 2846 4404 inquit,
2897 4336 3124 4389 Domine
3169 4334 3405 4396 Christe.

1842 4436 1943 4491 hoc
1967 4449 2144 4487 meum
2168 4432 2337 4486 oll'ero
2372 4429 2723 4495 sacrificium,
2756 4438 2809 4484 et
2834 4428 2927 4484 tibi
2966 4440 3230 4499 martyres
3254 4428 3412 4482 exhi-

144 4511 398 4578 γεύεται.
438 4518 531 4565 καὶ
579 4518 715 4587 πρὸς
754 4522 983 4591 οὐραγὸν
1019 4526 1328 4596 ἀνασχοῦσα
1378 4528 1502 4590 τοὺς
1532 4528 1731 4593 ὀφθαλ-

1841 4530 1943 4584 bco
1964 4537 2139 4581 castas
2164 4526 2420 4595 virgines,
2445 4539 2563 4593 qua:
2581 4537 2811 4593 egressae
2833 4531 2955 4576 sunt
2981 4537 3047 4575 ex
3073 4531 3229 4575 utero
3254 4535 3408 4575 meo:

147 4605 306 4671 μοὺς,
364 4608 455 4659 Σοὶ
486 4608 584 4678 τὴν
620 4611 759 4680 ἐμὴν
793 4615 1018 4685 ταύτην,
1056 4618 1179 4687 ἔφη,
1225 4619 1468 4671 Δέσποτα
1500 4619 1727 4688 Χριστὲ,

144 4697 451 4765 προσφέρω
482 4698 673 4753 θυσίαν
705 4703 800 4753 καὶ
862 4706 1149 4778 μάρτυρας
1182 4710 1439 4778 παριστῶ
1473 4728 1553 4763 σοι
1588 4726 1732 4779 παρ-

142 4786 334 4849 θένους
372 4790 563 4855 ἁγνὰς,
593 4794 693 4856 τὰς
735 4797 799 4848 ὲκ
846 4799 945 4867 τῆς
975 4800 1177 4870 ὀσφύος
1210 4802 1275 4873 δὴ
1303 4804 1399 4872 τῆς
1453 4804 1613 4872 ἐμῆς·
1644 4799 1732 4864 αἷς

1842 4634 1964 4672 cum
1996 4618 2193 4684 quibus
2222 4632 2309 4670 me
2345 4630 2561 4686 quoque
2591 4622 3038 4668 connumeratam
3068 4614 3320 4667 introduc
3356 4614 3412 4668 in

1844 4720 1993 4765 tuum
2022 4708 2340 4768 thalamum,
2372 4713 2448 4766 et,
2481 4714 2541 4758 ut
2562 4705 2691 4760 dicit
2715 4704 2933 4760 divinus
2965 4702 3156 4766 David.
3181 4706 3409 4758 ostende

1842 4810 2071 4855 matrem
2103 4808 2321 4869 propter
2356 4797 2493 4851 filios
2520 4797 2815 4852 laetantem.

140 4883 293 4951 κάμὲ
324 4886 761 4957 συναριθμήσας.
819 4893 878 4945 ὲν
908 4895 987 4968 τῷ
1022 4899 1277 4969 νυμφῶνι
1309 4898 1386 4970 τῷ
1418 4898 1495 4970 σῷ
1550 4897 1911 4966 συνεισάγαγε
1937 4910 1951 4925 ⁸
2013 4896 2108 4948 καὶ
2168 4896 2229 4948 τὸ
2285 4891 2379 4943 τοῦ
2413 4891 2557 4944 θείου
2590 4889 2774 4955 Δαυῒδ,
2830 4889 3041 4960 μητέρα
3090 4888 3263 4953 δεῖξον
3315 4890 3409 4941 ἐπὶ

138 4980 356 5040 τέκνοις
385 4978 843 5056 εὐφραινομένην.

214 5076 330 5143 lg”.
364 5080 470 5133 Καὶ
499 5082 526 5133 ὁ
559 5080 827 5151 βασιλεὺς,
864 5089 1173 5164 βαρυτάτῳ
1224 5094 1435 5164 κέντρῳ
1464 5095 1562 5164 τῆς
1605 5095 1738 5146 ἀθυ-

143 5172 275 5237 μίας
301 5170 550 5240 πληγεὶς,
574 5176 665 5229 ἅτε
686 5179 863 5243 πάσας
891 5186 1182 5251 ἀπογνοὺς
1208 5187 1301 5249 τὰς
1331 5186 1551 5249 ἐλπίδας
1578 5188 1739 5251 »ἀποσ

139 5263 399 5329 φαίνεται
442 5269 559 5318 κατ’
590 5271 779 5338 αὐτῆς,
807 5279 994 5332 τοιάδε
1035 5280 1174 5346 προς
1202 5280 1327 5342 τοὺς
1377 5280 1635 5342 συνόντας
1662 5280 1736 5332 εί-

140 5356 260 5407 πών
282 5370 294 5383 ·
343 5358 764 5427 Ἐθαυμασαμεν
788 5365 887 5417 τοῦ
926 5367 1168 5431 κάλλους
1226 5371 1392 5439 αὑτήν
1418 5387 1476 5421 τε
1514 5371 1607 5423 καὶ
1638 5372 1736 5431 τὰς

138 5446 447 5517 θυγατέρας
478 5451 644 5519 αὐτῆς
676 5450 1041 5525 (ὁμολογήσω
1076 5457 1184 5527 γὰρ
1204 5456 1497 5525 τ’ἁληθές)’
1558 5456 1735 5525 πολλῷ

136 5537 195 5590 δὲ
228 5536 322 5590 τ’)ὖ
356 5540 629 5609 σώφρονος
674 5541 858 5594 αὐτῶν
890 5548 1069 5600 πλέον
1103 5548 1341 5622 ἥττημαι
1366 5549 1462 5600 καὶ
1487 5548 1733 5616 κοσμίου.

138 5633 249 5685 Καὶ
278 5631 365 5684 διὰ
394 5633 552 5685 τοῦτο
583 5632 892 5701 θαυμάζειν
936 5654 1043 5711 μοι
1091 5638 1326 5701 ἔπεισιν,
1358 5641 1440 5701 είς
1473 5640 1596 5691 ὅσον
1626 5640 1732 5708 ἄρα

139 5723 340 5791 μανίας
393 5723 440 5774 οί
475 5724 791 5789 Χριστιανοὶ
849 5725 1281 5801 κεχωρήκασιν,
1333 5726 1410 5790 ὡς
1467 5726 1735 5795 ἀνθρώπῳ

138 5812 431 5882 προσέχειν
459 5811 717 5879 βιοθανεῖ,
744 5812 839 5866 καὶ
866 5823 968 5892 τὴν
1001 5815 1211 5874 οίκείαν
1237 5820 1563 5888 ἐπιτρέπειν
1588 5815 1734 5886 αὑτῴ

138 5902 433 5970 σωτηρίαν,
469 5902 655 5974 πλάνῳ
685 5905 782 5957 καὶ
827 5912 997 5980 γόητι
1057 5912 1368 5982 γενομένῳ,
1410 5910 1499 5963 καὶ
1556 5910 1731 5978 μάτην

136 5995 326 6054 ἑαυτὸν
353 5993 628 6053 ἁνειπὸντι
664 5998 823 6056 Θεὸν.

1912 5089 2050 5144 XVI.
2102 5090 2211 5143 Rex
2261 5098 2437 5141 autem
2488 5085 2807 5156 gravissimo
2851 5084 3188 5155 aegritudinis
3240 5082 3411 5137 animi

1838 5185 2059 5241 stimulo
2087 5182 2381 5245 sauciatus,
2423 5183 2597 5248 utqui
2637 5194 2853 5232 omnem
2897 5176 3045 5247 spem
3077 5178 3234 5246 plane
3260 5175 3408 5244 abje-

1837 5277 2019 5338 cisset,
2046 5275 2098 5328 in
2124 5289 2240 5327 eam
2274 5274 2375 5326 fert
2402 5258 2751 5334 sententiam,
2779 5285 2901 5323 cum
2925 5269 3038 5322 hmc
3067 5267 3293 5320 dixisset
3318 5268 3405 5327 iis.

1835 5366 1924 5436 qui
1973 5366 2132 5419 simul
2183 5374 2337 5417 erant
2369 5380 2381 5415 :
2414 5363 2541 5429 Ejus
2580 5360 2798 5429 quidem
2840 5369 2894 5413 et
2941 5359 3169 5412 filiarum
3227 5356 3411 5409 mirati

1840 5472 2028 5511 sumus
2060 5455 2515 5525 pulchritudinem
2548 5458 2755 5523 (verum
2781 5453 2929 5505 enim
2967 5450 3218 5517 fatebor),
3242 5448 3411 5502 multo

1839 5559 2017 5601 autem
2057 5552 2225 5617 magis
2258 5548 2428 5600 νῆψις
2474 5562 2591 5599 sum
2636 5543 2702 5597 ab
2732 5560 2916 5598 earum
2966 5542 3326 5612 temperantia
3354 5550 3412 5595 et

1840 5641 2231 5693 moderatione.
2266 5639 2327 5691 Et
2362 5638 2482 5690 ideo
2513 5636 2643 5689 mihi
2682 5636 2829 5687 venit
2863 5636 2914 5687 in
2948 5643 3186 5688 mentem
3238 5634 3409 5687 adrni-

1839 5731 2051 5791 rari,ad
2085 5740 2341 5797 quantam
2364 5731 2652 5779 amentiam
2687 5722 3408 5793 processeruntChristiani,

1839 5833 1893 5875 ut
1942 5822 2119 5872 volant
2168 5820 2465 5879 hominem,
2497 5816 2587 5884 qui
2641 5822 2815 5868 morte
2867 5816 3025 5884 periit
3066 5815 3321 5874 violenta,
3354 5827 3409 5866 et

1844 5928 1993 5965 suam
2021 5912 2066 5963 ei
2102 5911 2419 5979 permittant
2450 5906 2698 5968 salutem,
2724 5906 2814 5975 qui
2845 5905 2943 5960 fuit
2980 5905 3171 5973 planus
3199 5916 3251 5959 et
3276 5918 3413 5973 prte-

1839 6005 2102 6075 stigiator,
2140 6011 2192 6057 et
2225 6018 2281 6056 se
2313 6000 2477 6055 Deum
2517 6010 2717 6056 temere
2741 5997 3048 6068 appellarit.
