4142 6490
145 425 285 489 1213

1312 426 1415 484 MA
1429 424 1778 485 RTYBIUM
1824 421 1881 483 S.
1928 430 1967 482 Α
1983 426 2280 487 ΒΕΤΗΕ.

3287 416 3423 484 1274

140 540 446 608 ἀπογνοὺς,
488 537 572 603 εἰς
601 555 730 592 τινα
762 540 1111 612 χειμάρρουν
1149 540 1329 595 Ὀδίαν
1374 540 1518 595 οὕτω
1551 541 1740 596 καλού-

1854 554 2079 608 reutem,
2107 544 2197 613 qui
2229 551 2452 598 vocatur
2501 540 2683 605 Odias,
2719 549 2772 596 et
2818 539 2951 610 ipsis
2990 536 3099 593 illic
3146 534 3419 605 amputari

144 649 305 701 μενον
333 631 742 701 ἀπενεχθέντας
774 631 1066 685 ἐκέλευσεν
1095 633 1488 704 ἀποτμηθῆναι
1519 634 1618 697 τὰς
1648 651 1738 686 κε-

143 726 343 792 φαλάς,
374 726 455 787 εις
485 724 547 776 ὃν
577 724 670 777 καὶ
699 725 996 794 γενόμενον
1025 725 1122 779 καὶ
1146 727 1459 797 προσευχὴν
1488 727 1739 797 εὐθύμως

139 811 370 873 ἑαυτοὺς
412 811 715 881 τρέψαντες
744 827 758 843 ·
794 831 813 863 ι
860 812 1063 885 Κύριε,
1099 814 1296 884 Κύριε,
1357 816 1586 886 δύναμις
1643 820 1740 887 τῆς

139 905 419 973 σωτηρίας
455 904 636 972 ἡμῶν.
674 899 853 969 εἷπον,
899 906 1238 969 ὲπεσκίασας
1286 909 1380 960 ἐπὶ
1412 908 1512 978 τὴν
1570 925 1734 975 κεφα.

142 995 244 1063 λὴν
278 995 441 1063 ἡμῶν
470 997 527 1047 ἐν
552 996 739 1066 ἡμέρᾳ
788 995 1056 1066 πολέμου.
1087 1016 1106 1049 ι
1154 998 1452 1068 Ὀδήγησον
1504 1002 1598 1053 καὶ
1644 1000 1739 1053 νῦν

139 1088 290 1154 ἡμᾶς
322 1090 402 1151 εἰς
449 1089 567 1141 ὁδὸν
605 1088 865 1142 αἰωνίαν
901 1091 983 1144 ὅτι
1015 1091 1115 1160 τῆς
1171 1093 1270 1162 σῆς
1314 1092 1535 1161 ἀγάπης
1583 1092 1738 1145 οὐδὲν

140 1177 252 1229 τῶν
292 1179 557 1232 ἁπάντων
589 1181 719 1248 ἡμῖν
750 1180 888 1241 ὃλως
920 1181 1300 1252 προετιμήθη,
1327 1183 1385 1235 οὑ
1418 1181 1640 1253 πατρὶς,
1674 1184 1736 1234 οὐ

138 1268 320 1336 γένος,
372 1272 434 1323 οὐ
493 1269 753 1335 πλοῦτος⁶
808 1272 945 1326 ἀλλὰ
988 1274 1171 1327 πάντα
1220 1274 1592 1345 προηκάμεθα
1639 1276 1738 1327 καὶ

142 1354 318 1431 αὐτὴν
349 1362 441 1415 διὰ
478 1362 537 1414 σὲ
572 1362 673 1433 τὴν
723 1360 894 1434 ζωὴν,
949 1367 1047 1417 καὶ
1094 1364 1172 1427 ὡς
1221 1365 1471 1433 πρόϐατα
1519 1366 1736 1435 σφαγῆς

142 1455 540 1525 ἑλογίσθημεν.
570 1456 682 1511 Καὶ
708 1456 805 1511 νῦν
855 1457 1178 1528 ἱκετεύομεν
1209 1477 1221 1491 ’
1248 1460 1541 1531 γενηθήτω
1570 1460 1604 1527 ἡ
1641 1459 1737 1511 ἐκ-

142 1550 361 1617 δίκησις
393 1549 488 1602 τοῦ
534 1551 775 1621 αἵματος
811 1552 922 1604 τῶν
968 1552 1176 1607 δούλων
1210 1571 1307 1606 σου
1353 1553 1451 1605 τοῦ
1503 1555 1741 1621 ἐκκεχυ-

146 1642 329 1709 μένου.
357 1641 605 1712 Ἐπαρον
630 1643 732 1707 τὰς
766 1646 957 1713 χεῖράς
984 1661 1077 1699 σου
1112 1646 1203 1699 ἐπὶ
1231 1646 1331 1707 τὰς
1349 1645 1748 1713 ὑπερηφανίας

142 1736 343 1787 αὐτῶν.
392 1737 759 1807 Περιποίησαι
821 1738 949 1802 τοὺς
1009 1740 1160 1801 υἱοὺς
1220 1738 1333 1791 τῶν
1392 1737 1750 1809 θνησκόντων

143 1827 284 1894 ὑπὲρ
342 1826 462 1882 σοῦ.
517 1829 805 1897 Κράτυνον
857 1830 964 1901 τὴν
1019 1830 1178 1882 πόλιν
1234 1848 1328 1883 σου
1384 1831 1596 1899 ταύτην
1645 1829 1746 1899 τὴν

142 1922 581 1992 ὲγκαυχωμένην
603 1921 679 1992 τῷ
708 1921 877 1993 τιμίῳ
908 1941 1005 1976 σου
1031 1924 1233 1993 αἵματι
1257 1923 1354 1975 καὶ
1380 1923 1463 1993 τῷ
1495 1923 1741 1992 σταυρῷ,

144 2015 242 2067 καὶ
272 2015 387 2079 τοῖς
420 2014 671 2069 πάθεσιν.
715 2016 880 2088 Ὁρᾷς
920 2018 1071 2079 ὅπως
1109 2016 1286 2085 αὐτὴν
1322 2019 1370 2069 οἱ
1402 2016 1591 2086 ἐχθροί
1644 2032 1740 2068 σου

150 2105 452 2175 διέθηκαν·
502 2109 861 2181 περιέκειραν
908 2110 1006 2162 τὸν
1042 2111 1256 2179 κόσμον
1296 2108 1495 2177 αὐτῆς,
1543 2108 1744 2178 ἐϐεϐή-

144 2198 324 2251 λωςαν
357 2200 415 2251 τὸ
446 2200 801 2271 ἁγιαστήριόν
859 2218 983 2265 σου,
1009 2202 1104 2255 τὸν
1137 2202 1265 2255 ναὸν
1304 2202 1396 2254 τὸν
1446 2201 1602 2270 ἅγιόν
1645 2218 1740 2254 σου

149 2292 501 2363 ἐνέπρησαν
565 2295 624 2346 ὃν
673 2294 966 2362 ὑψωθῆναι
1009 2295 1108 2348 καὶ
1168 2293 1593 2364 κραταιωθῆναι
1646 2296 1741 2348 καὶ

143 2379 299 2447 αὖθις
325 2386 639 2453 εὐδόκησον,
662 2385 838 2449 διδοὺς
868 2388 937 2441 τὰ
966 2390 1230 2458 σκῆπτρα
1255 2387 1542 2457 βασιλεῦσι
1570 2390 1741 2459 Χρισ-

145 2481 374 2542 τιανοίς,
413 2479 506 2530 καὶ
541 2477 865 2546 μεγαλύνων
904 2480 1112 2541 αὐτοὺς
1152 2480 1213 2532 ὲν
1235 2481 1313 2545 τῷ
1343 2480 1574 2549 ὀνόματί
1624 2498 1741 2537 σου.

148 2572 259 2623 Καὶ
288 2573 405 2625 ὅσοι
435 2572 490 2625 δὲ
530 2571 617 2624 διὰ
645 2575 814 2641 τιμῆς
845 2573 1046 2639 ἄγουσι
1081 2572 1186 2640 τῆν
1218 2575 1531 2642 μαρτυρίαν
1559 2576 1739 2642 ἡμῶν,

150 2664 265 2733 βίον
289 2666 475 2730 αὐτοῖς
500 2667 857 2736 ἀπρόσκοπον
888 2666 1162 2736 δώρησαι,
1193 2665 1420 2733 ἀγαθῶν
1453 2666 1739 2735 ἀφθονίαν,

147 2763 241 2812 καὶ
273 2761 617 2830 συγγνώμην
650 2761 971 2832 ἁμαρτιῶν,
1008 2762 1105 2815 καὶ
1142 2760 1293 2831 ἡμᾶς
1331 2758 1460 2822 τοῦς
1492 2760 1590 2825 τὴν
1626 2762 1747 2812 ἐπι-

148 2854 377 2922 φάνειαν
434 2853 532 2921 τὴν
584 2855 684 2923 σὴν
752 2857 1164 2922 ἀγαπήσαντας
1215 2854 1294 2914 εἰς
1342 2854 1443 2915 τάς
1498 2854 1749 2917 αἰωνίους

151 2949 357 3015 σκηνὰς
411 2946 727 3016 προσδεξαι,
778 2949 875 3000 καὶ
929 2950 1047 3008 τοῖς
1085 2946 1186 2998 ἀπ’
1216 2944 1414 3006 αἰῶνός
1452 2963 1528 2997 σοι
1557 2948 1751 3015 εὐαρε-

153 3042 357 3109 τήσασι
414 3038 853 3109 συναρίθμησον.
905 3039 1098 3097 Ταῦτα
1152 3039 1429 3099 εἰπόντες,
1482 3037 1747 3105 ἀλλήλους

154 3132 617 3202 περιεπτύξαντο.
674 3134 785 3186 Καὶ
842 3132 936 3186 τὸν
984 3131 1199 3201 αὐχένα
1250 3129 1471 3199 πρῶτον
1522 3130 1550 3182 ὁ
1605 3129 1749 3192 θεῖὸς

1846 636 2041 705 capita.
2083 634 2160 688 Ad
2189 650 2348 705 quem
2381 650 2505 690 eum
2553 633 2854 694 venissent,
2885 640 2939 685 et
2986 644 3045 685 se
3089 635 3343 700 prompto
3369 635 3425 681 et

1844 730 2007 785 alacri
2060 729 2244 783 animo
2297 728 2363 783 ad
2397 742 2590 797 preces
2622 724 3028 782 convertissem
3061 740 3074 775 :
3118 741 3135 773 ι
3176 718 3423 781 Domine.

1846 822 2093 885 Domine,
2126 821 2407 883 dixerunt,
2437 819 2609 873 virtus
2636 826 2836 871 nostra!
2875 814 3091 875 salutis,
3130 811 3429 867 obumbra-

1843 916 1910 970 sti
1938 931 2101 984 super
2131 924 2293 983 caput
2315 922 2560 967 nostrum
2588 911 2638 964 in
2666 910 2751 964 die
2775 907 2898 963 belli
2919 906 2964 961 ⁸.
3006 904 3190 959 »Νυηο
3212 916 3430 974 quoque

1843 1008 2022 1063 deduc
2077 1021 2178 1061 nos
2224 1006 2279 1059 in
2333 1005 2500 1058 vitam
2548 1013 2807 1057 aeternam
2844 1019 2857 1056 :
2891 998 3148 1069 quoniam
3200 994 3432 1050 nihilex

1844 1102 2101 1154 omnibus
2132 1098 2288 1157 nobis
2335 1097 2505 1167 pluris
2538 1096 2663 1158 fuit,
2702 1108 2863 1163 quam
2916 1093 2993 1146 tui
3042 1090 3285 1152 dilectio,
3320 1103 3431 1141 non

1844 1193 2040 1262 patria,
2079 1207 2187 1245 non
2225 1203 2553 1262 genus,non
2592 1187 2830 1241 divitiae:
2872 1185 2965 1239 sed
2996 1182 3179 1238 omnia
3211 1190 3433 1251 pr0ptcr

1845 1296 1896 1339 te
1928 1286 2291 1353 prodidimus,
2326 1285 2491 1339 etiam
2532 1284 2705 1354 ipsam
2738 1281 2928 1343 vitam,
2960 1290 3014 1334 et
3051 1287 3310 1348 tanquam
3343 1292 3434 1331 oc.

1841 1377 2068 1432 cisionis
2100 1393 2229 1432 oves
2259 1392 2450 1431 sumus
2474 1375 2710 1447 reputati
2731 1376 2776 1429 '.
2800 1374 2868 1429 Et
2904 1388 3048 1428 nunc
3076 1381 3125 1425 te
3158 1370 3435 1441 supplices

1845 1483 2125 1533 regamus,
2154 1467 2273 1521 Fiat
2327 1468 2464 1522 ultio
2516 1468 2802 1538 sanguinis
2854 1480 3137 1521 servorum
3194 1472 3435 1524 tuorum,

1848 1562 1941 1628 qui
1973 1559 2077 1614 fuit
2096 1560 2320 1616 effusus.
2352 1562 2560 1616 Extalle
2606 1577 2801 1614 manus
2840 1569 2961 1614 tuas
2996 1574 3160 1629 super
3206 1559 3437 1613 istorum

1857 1652 2233 1722 superbiam'.
2265 1651 2493 1722 Suscipe
2537 1670 2601 1709 ac
2646 1653 2880 1708 defende
2934 1669 3124 1708 eorum
3156 1652 3318 1717 Iilios,
3350 1652 3442 1721 qui

1860 1761 1958 1815 pro
1976 1756 2028 1799 te
2048 1749 2378 1802 moriuntur.
2401 1747 2704 1803 Corrohora
2737 1747 3031 1808 civitatem,
3048 1761 3167 1815 qum
3186 1745 3446 1816 gloriatur

1859 1848 1954 1892 tuo
1992 1840 2233 1908 pretioso
2267 1841 2554 1911 sanguine,
2588 1850 2643 1895 ct
2692 1855 2876 1903 cruce,
2905 1837 3444 1909 etperpessiouibus.

1865 1929 2026 1984 Vides
2072 1930 2530 1999 quemadmodum
2568 1946 2686 1984 eam
2744 1930 2818 1984 tui
2852 1928 3158 1983 aIIccernnt
3198 1927 3444 1988 inimici:

1856 2022 2211 2075 attonderunt
2234 2023 2352 2091 ejus
2372 2029 2784 2083 ornamentum,
2816 2019 3177 2088 profanarum
3196 2027 3453 2071 sanctua-

1857 2113 1996 2165 rium
2062 2124 2237 2173 tuum.
2287 2115 2548 2183 templum
2616 2124 2867 2167 sanctum
2912 2123 3066 2165 tuum
3121 2119 3451 2164 exusserunt

1854 2206 2001 2276 quod
2032 2206 2127 2260 tibi
2167 2208 2396 2276 placeat,
2434 2216 2490 2260 ut
2522 2222 2710 2260 rursus
2733 2206 3026 2259 extollatur
3052 2214 3106 2257 et
3140 2205 3447 2265 roboretur,

1856 2299 2040 2354 dando
2075 2309 2294 2371 sceptra
2346 2300 2561 2371 regibus
2605 2298 2954 2361 Christianis,
2988 2313 3193 2365 eosque
3223 2309 3449 2366 magnos

1856 2403 1911 2449 et
1941 2393 2156 2463 amplos
2194 2393 2473 2449 reddendo
2521 2394 2573 2447 in
2616 2404 2709 2447 tuo
2759 2392 3006 2446 nomine.
3038 2390 3139 2456 Qui
3175 2399 3357 2443 autem
3395 2390 3447 2441 in

1859 2487 2069 2541 honore
2103 2498 2349 2542 nostrum
2390 2487 2669 2540 habebunt
2698 2485 3044 2554 martyrium,
3077 2482 3143 2536 da
3169 2483 3252 2535 eis
3283 2482 3445 2534 vitam

1809 2625 1819 2635 .
1857 2578 1994 2634 citra
2030 2579 2193 2636 ullam
2230 2580 2616 2645 oﬂ‘ensionem,
2662 2578 2932 2631 bonorum
2978 2574 3215 2645 copiam,
3242 2583 3298 2628 et
3357 2589 3449 2630 ve-

1857 2673 2001 2724 niam
2036 2683 2409 2740 peccatorum.
2439 2673 2551 2726 Nos
2572 2687 2702 2727 vero
2725 2672 2815 2742 qui
2854 2680 3007 2724 tuum
3041 2666 3335 2721 adventum
3362 2666 3447 2720 di-

1857 2764 2108 2829 leximus,
2128 2764 2183 2818 in
2208 2773 2411 2818 aeterna
2432 2764 2648 2832 suscipe
2668 2762 3041 2820 tabernacula,
3064 2768 3119 2814 et
3146 2776 3446 2813 annumera

1858 2857 2002 2913 inter
2034 2872 2150 2923 eos,
2180 2857 2273 2927 qui
2308 2857 2404 2911 tibi
2434 2856 2501 2910 ab
2553 2864 2762 2909 aeterno
2793 2854 3137 2922 placuerunt.
3169 2850 3295 2905 Ilaec
3322 2868 3444 2905 cum

1860 2950 2146 3012 dixissent,
2183 2964 2242 3003 se
2271 2948 2505 3003 invicem
2535 2954 2663 3002 sunt
2713 2946 2973 3015 amplexi.
3009 2943 3226 2998 Primus
3262 2954 3447 2998 autem

1858 3042 2077 3097 divinus
2105 3044 2363 3105 Arethas,
2389 3043 2606 3097 cervice
2638 3040 2920 3104 inclinata,
2953 3039 3121 3091 ictum
3154 3038 3313 3107 gladii
3360 3040 3450 3091 Iaz-

1861 3143 2040 3189 tanter
2067 3135 2290 3203 excipit,
2324 3144 2376 3189 et
2403 3135 2476 3187 ita
2508 3134 2555 3185 ei
2579 3141 2744 3203 caput
2779 3142 3119 3201 amputatur.
3151 3132 3317 3185 l’orro
3349 3147 3445 3183 au—

151 3218 459 3284 ὑποκλίνας
529 3220 781 3291 ’Λρέθας,
818 3220 914 3289 ὑφ’
975 3222 1194 3290 ἐτέρων
1251 3219 1344 3273 δύο
1394 3218 1747 3289 βαστάξεται,

1861 3237 1966 3282 tem
2000 3227 2236 3297 reliquus
2267 3241 2489 3295 quoque
2518 3226 2741 3290 chorus,
2782 3225 3025 3295 jucunda
3053 3234 3109 3279 et
3157 3240 3278 3292 qua:
3310 3223 3446 3277 solvi

148 3309 268 3364 εἶτα
299 3316 395 3365 καὶ
441 3315 540 3384 τὴν
572 3314 816 3383 κεξαλὴν
848 3314 1195 3382 ἀφαιρεῖται.
1237 3313 1343 3364 Καὶ
1374 3314 1402 3364 ὁ
1456 3313 1643 3375 λοιπὸς
1689 3317 1749 3367 δὲ

155 3406 468 3466 ἀκολούθως
502 3410 687 3475 χορὸς,
740 3408 772 3474 ἡ
807 3406 1043 3474 γλυκεῖα
1096 3408 1193 3457 καὶ
1226 3406 1424 3467 άλυτος
1477 3408 1747 3477 ἑταιρεία,

153 3496 228 3557 ὼς
260 3492 409 3565 εἶχον
443 3498 637 3566 τάχους
696 3498 775 3569 τῷ
825 3498 996 3570 τιμίῳ
1037 3498 1249 3551 ἐκείνου
1298 3498 1636 3569 χρησάμενοι
1669 3500 1754 3554 αῖ-

161 3606 321 3657 ματι,
371 3592 624 3661 καθάπερ
665 3594 771 3645 τινί
809 3590 971 3663 μύρῳ
998 3590 1290 3644 πολυτελεῖ
1318 3592 1454 3663 πρὸς
1488 3594 1587 3661 τὴν
1618 3611 1754 3661 σφα-

163 3684 271 3753 γὴν
355 3684 622 3754 ἐχώρουν,
675 3686 772 3738 καὶ
831 3686 1035 3754 σπουδῇ
1085 3687 1236 3757 πάσῃ
1281 3685 1373 3739 τὸν
1425 3684 1513 3738 διά
1565 3684 1752 3753 ξίφους

160 3776 417 3845 ἐδέχοντο
447 3777 703 3841 θάνατον,
742 3777 945 3844 μικροῦ
979 3778 1075 3829 καὶ
1123 3777 1379 3845 ἀλλήλοις
1412 3776 1509 3830 τοῦ
1556 3778 1752 3849 καιροῦ

164 3870 514 3941 φθονοῦντες,
549 3869 624 3930 ὡς
659 3868 819 3921 πλέον
868 3886 921 3922 τι
967 3868 1105 3938 πρὸς
1148 3868 1317 3940 τιμὴν
1370 3870 1625 3937 νέμοντος
1673 3869 1753 3938 τῷ

164 3962 493 4035 προθανζντι
537 3964 565 4015 ὁ
592 3963 982 4032 ἐπερχόμενος.

240 4057 371 4110 KB’.
414 4054 557 4125 Γυνὴ
604 4054 660 4107 δέ
715 4072 797 4117 τις
844 4052 1059 4106 παιδίον
1102 4050 1303 4123 ἔχουσα
1343 4052 1638 4125 παραθέον,
1690 4053 1752 4106 οὗ

164 4150 333 4202 πλέον
398 4146 627 4216 ἦπέντε
678 4148 907 4215 χρόνους
938 4145 1231 4215 γενόμενον
1262 4146 1447 4215 ὁρῶσα
1495 4146 1563 4199 τά
1612 4144 1753 4213 δρώ-

168 4257 335 4308 μενα,
370 4241 464 4291 καὶ
507 4238 642 4308 πρὸς
680 4241 772 4289 τὸν
814 4238 1004 4304 ὅμοιον
1040 4237 1341 4308 διάθερμον
1372 4235 1528 4288 θεῖσα
1564 4234 1751 4305 ζῆλον,

164 4335 269 4401 τὴν
302 4330 573 4398 ταχίστην
639 4327 1081 4399 προσδραμοῦσα
1121 4334 1214 4381 καὶ
1248 4326 1343 4381 τοῦ
1392 4329 1623 4400 αἵματος
1659 4332 1756 4383 καὶ

165 4421 603 4495 αὐτὴνλαϐοῦσα,
639 4421 824 4488 ἐκείνη
873 4438 934 4474 τε
1011 4420 1272 4492 ἠλείψατο
1317 4423 1413 4476 καὶ
1454 4424 1546 4475 τὸν
1590 4424 1754 4476 παῖδα

170 4520 472 4591 μητρικαῖς
520 4516 679 4588 χερσὶ
733 4516 1069 4587 περιέχριεν.
1121 4514 1253 4568 Εἶτα
1302 4518 1397 4569 καὶ
1459 4520 1539 4579 εἰς
1588 4515 1753 4568 αὑτὸν

1858 3339 1964 3374 non
1992 3330 2203 3390 poterat
2228 3320 2508 3382 sodalitas,
2535 3334 2658 3373 cum
2692 3334 2853 3385 quam
2891 3318 3123 3371 maxima
3153 3326 3446 3387 potuerunt

1856 3414 2157 3475 celeritate,
2189 3428 2247 3467 se
2276 3414 2589 3466 venerando
2624 3412 2911 3465 unxisscnt
2956 3411 3102 3463 illius
3152 3410 3445 3478 sanguine,

1858 3518 2114 3578 tanquam
2174 3514 2454 3575 unguento
2507 3506 2689 3571 aliquo
2740 3505 3003 3572 pretioso.
3040 3510 3447 3569 consequenter

1856 3602 1921 3656 ad
1945 3611 2169 3656 mortem
2197 3600 2619 3661 contenderunt,
2640 3613 2802 3666 quam
2832 3598 3009 3664 gladio
3034 3611 3269 3663 propere
3288 3609 3446 3646 acce-

1857 3702 2073 3765 perunt,
2104 3692 2205 3745 sibi
2241 3692 2470 3743 invicem
2506 3700 2722 3757 tempus
2754 3686 3151 3757 propemodum
3188 3684 3445 3738 inviden-

1860 3798 1962 3848 tes,
1992 3793 2177 3853 utpote
2208 3780 2349 3852 quod
2386 3780 2515 3850 quid
2547 3779 2726 3848 majus
2763 3778 2828 3831 ad
2883 3778 3148 3831 honorent
3179 3774 3452 3828 tribuere-

1859 3887 1947 3930 tur
1978 3879 2048 3938 ei,
2088 3876 2178 3944 qui
2208 3875 2357 3943 prius
2387 3883 2504 3926 erat
2528 3883 2797 3936 mortuus,
2834 3885 2944 3939 pra:
2976 3869 3089 3932 illo,
3120 3868 3213 3937 qui
3249 3866 3445 3920 deinde

1857 3969 2210 4036 sequebatur.

1930 4061 2094 4116 XXII.
2141 4058 2396 4127 Quendam
2458 4065 2640 4110 autem
2696 4054 2891 4108 mulier
2942 4052 3153 4106 habens
3200 4064 3444 4119 puerum

1857 4159 2404 4222 praetercurrentem,
2440 4162 2548 4199 non
2603 4145 2723 4215 plus
2776 4160 2936 4213 quant
2990 4143 3235 4212 quinque
3272 4155 3447 4192 annos

1858 4253 2068 4303 natum,
2096 4257 2219 4296 cum
2249 4240 2459 4294 videret
2494 4254 2579 4299 ea,
2611 4253 2731 4307 qtae
2782 4236 3004 4299 ﬁebant,
3035 4244 3087 4287 et
3113 4235 3177 4287 ad
3213 4235 3443 4288 similem

1857 4351 2083 4390 accensa
2132 4341 2281 4389 esset.
2331 4331 2759 4395 aemulationem,
2811 4330 3076 4384 citissime
3123 4342 3441 4391 accurrens,

1858 4445 1982 4483 cum
2036 4430 2149 4497 ipsa
2216 4441 2437 4496 quoque
2492 4424 2789 4492 accepisset
2844 4424 3205 4491 sanguinem,
3252 4436 3311 4474 se
3354 4421 3445 4473 illo

1859 4523 2018 4575 unxit
2051 4531 2105 4573 et
2142 4520 2335 4572 lilium.
2366 4516 2571 4571 Deinde
2608 4518 2785 4585 ipsum
2825 4529 3003 4584 regem
3036 4513 3439 4574 ludiﬁcabatur,

164 4610 563 4665 ὲνσιπέσκωπτε
613 4608 704 4660 τὸν
751 4606 1003 4678 βασιλέα.
1057 4605 1325 4675 τύραννον
1373 4604 1747 4669 άποκαλοῦσα,

1860 4628 1986 4668 eum
2044 4626 2247 4668 vocans
2308 4619 2616 4679 tyranuum,
2658 4614 2713 4661 ct
2763 4621 2927 4676 quam
2962 4605 3196 4659 maxima
3230 4615 3444 4674 poterat

167 4708 263 4759 καί
292 4700 551 4768 ὀξυτάτη,
585 4698 659 4759 ὡς
688 4692 823 4767 εἶχε,
857 4696 1031 4764 φωνῇ,
1070 4696 1265 4747 Ἔσται
1296 4693 1371 4763 τῷ
1406 4692 1618 4764 βασιλεῖ
1645 4690 1756 4743 τῶν

181 4793 457 4863 Ἐϐραίων
490 4792 564 4851 ὡς
601 4789 681 4860 τῷ
726 4790 951 4859 Φαραὼ,
979 4786 1237 4854 λέγουσα.
1273 4788 1336 4840 Οἱ
1392 4785 1606 4839 ἐκείνου
1644 4785 1755 4837 τοί-

169 4908 265 4943 νυν
300 4884 646 4940 ὑπασπισταὶ
674 4882 783 4935 τῶν
812 4881 1125 4950 λεγομένων
1157 4880 1521 4944 ἁκουσάντες,
1559 4878 1756 4931 συλλα-

168 4984 362 5044 δὸντες
398 4976 557 5039 εὐθὺς
586 4978 687 5047 τὴν
733 4978 974 5045 γυναῖκα
1007 4976 1083 5038 ὡς
1116 4975 1278 5028 αὐτὸν
1309 4976 1501 5041 ἄγουσι
1530 4976 1622 5026 τὸν
1654 4973 1752 5043 βα-

172 5079 355 5139 σιλέα,
390 5075 484 5127 καὶ
517 5071 663 5141 άπερ
689 5070 885 5140 ἐκεινῳ
920 5069 1131 5140 πικρῶς
1161 5067 1563 5137 διελοιδορεῖτο.
1612 5066 1754 5136 μετὰ

169 5168 377 5235 πολλῆς
423 5162 828 5235 ἀπαγγέλλουσι
874 5164 970 5233 τῆς
1017 5161 1356 5233 προσθήκης.
1406 5162 1465 5215 '0
1508 5161 1587 5226 δὲ,
1620 5160 1754 5232 μηδὲ

169 5266 337 5332 λόγου
368 5259 503 5329 μηδὲ
538 5260 703 5330 ψιλῆς
762 5258 902 5327 αὐτῇ
941 5257 1210 5327 μεταδοὺς
1258 5256 1606 5327 ἐρωτήσεως,
1650 5253 1755 5306 ποῦ

174 5361 289 5429 γὰρ
320 5356 353 5426 ἢ
389 5354 610 5425 βασάνῳ
650 5352 711 5408 τὺ
743 5352 998 5423 πρᾶγμα.
1036 5351 1068 5421 ἢ
1107 5352 1286 5423 κρίσει
1332 5354 1441 5405 τινὶ
1484 5350 1753 5418 δεδωκὼς,

168 5455 262 5506 τὸν
286 5448 375 5504 διὰ
408 5446 575 5516 πυρὸς
608 5447 777 5515 αὐτῆς
809 5443 1247 5513 καταψηφίζεται
1280 5442 1533 5498 θανατον.
1571 5444 1748 5506 Εὐθὺς

169 5544 267 5598 οῦν
293 5542 396 5611 ὕλη
439 5540 809 5605 συνεφορεῖτο,
844 5537 937 5590 καὶ
965 5534 1075 5605 πῦρ
1107 5536 1245 5607 αὐτῇ
1286 5537 1693 5609 ὑπερεὸάλλετο
1723 5540 1755 5607 ἡ

181 5634 319 5703 φλόξ
347 5648 401 5685 τε
435 5630 525 5683 ἐπὶ
560 5629 704 5699 μέγα
735 5629 918 5699 ᾔρετο,
970 5629 1065 5682 καὶ
1111 5628 1242 5698 θείῳ
1291 5631 1387 5682 καὶ
1435 5632 1625 5699 πίσση,
1660 5632 1759 5684 καὶ

176 5726 512 5797 κληματίσιν
565 5724 849 5795 ἐτρέυετο.
898 5718 1027 5775 Εἶτα
1065 5722 1157 5775 καὶ
1207 5724 1242 5794 ἡ
1280 5725 1420 5791 γυνὴ
1477 5724 1757 5793 περιεδισο

255 5905 271 5931 ⁸
306 5902 428 5957 Psal
479 5919 691 5968 C.\\\Il,
722 5903 773 5959 8.
850 5904 868 5932 ⁸
899 5899 1038 5955 Psal.
1080 5917 1224 5970 mn,
1270 5903 1350 5957 I2.

1856 4720 1988 4762 voce
2016 4705 2242 4759 dicens:
2276 4702 2393 4757 Erit
2415 4702 2771 4755 Hebraeorum
2804 4699 2939 4767 regi.
2970 4700 3115 4752 sicut
3147 4697 3443 4751 Pharaoni.

1853 4801 2003 4854 Illius
2037 4814 2168 4851 \ero
2207 4796 2494 4854 satellites,
2528 4794 2616 4857 iis,
2643 4810 2764 4861 quae
2814 4792 3163 4852 dicebantur,
3216 4790 3438 4849 auditis,

1851 4890 2301 4958 comprehensam
2345 4885 2531 4940 statim
2568 4883 2855 4937 mulierem
2910 4882 3119 4937 ducunt
3145 4879 3211 4935 ad
3262 4880 3439 4949 ipsum

1856 4997 2068 5051 regem,
2114 4988 2172 5034 et
2207 4979 2519 5041 maledicta,
2547 4978 2743 5047 quibus
2790 4976 2938 5031 illum
2996 4975 3191 5029 acerbe
3224 4985 3444 5043 appeti-—

1858 5077 1971 5139 bat,
2013 5074 2331 5131 renuntiant
2356 5088 2481 5125 cum
2516 5086 2707 5141 magna
2732 5071 3071 5124 accessione.
3102 5067 3193 5123 lllc
3234 5078 3439 5123 autem.

1858 5186 1982 5225 cum
2010 5184 2109 5222 nec
2133 5167 2180 5220 ei
2212 5165 2434 5219 fecisset
2463 5164 2678 5218 dicendi
2718 5172 3069 5233 potestatem,
3107 5172 3161 5216 et
3198 5176 3295 5214 nec
3321 5177 3441 5213 eam

1856 5260 2076 5331 quidem
2108 5258 2516 5329 interrogasset,
2560 5271 2682 5311 eam
2705 5255 3057 5318 condemnat,
3084 5262 3142 5305 ut
3172 5252 3294 5322 igne
3328 5266 3443 5303 mo-

1859 5362 2091 5407 reretur.
2120 5352 2315 5406 Statim
2345 5366 2472 5421 ergo
2504 5350 2605 5404 fuit
2630 5360 2885 5420 congesta
2922 5346 3169 5409 materia,
3200 5357 3256 5399 et
3306 5344 3443 5409 ignis

1860 5448 1907 5500 ei
1938 5445 2254 5515 subjectus:
2282 5451 2335 5497 et
2361 5441 2574 5497 ﬂamma
2607 5458 2663 5497 se
2697 5442 2750 5495 in
2783 5441 2950 5495 altum
2977 5438 3441 5502 sustulit,sulfure

1859 5550 1913 5594 et
1944 5539 2060 5608 pice
2086 5549 2140 5593 et
2170 5537 2466 5592 sarmentis
2498 5538 2726 5591 nutrita.
2758 5534 2965 5589 Deinde
3002 5534 3105 5588 fuit
3126 5532 3289 5587 etiam
3319 5530 3441 5584 alli-

1859 5643 1981 5704 gata
2011 5631 2229 5695 mulier,
2259 5639 2313 5685 et
2346 5646 2465 5685 eam
2496 5630 2748 5684 lictorum
2781 5643 2973 5684 manus
2999 5624 3437 5697 complecteban-

1862 5735 1967 5788 tur,
2003 5731 2059 5777 ut
2103 5737 2229 5777 cum
2278 5722 2471 5777 fuisset
2500 5720 2581 5776 eis
2625 5735 2765 5776 onus
2798 5726 3014 5791 portatu
3064 5717 3243 5783 facile,
3276 5715 3353 5770 sic
3384 5716 3439 5768 in

1433 5907 1451 5931 "
1486 5903 1627 5958 Psal.
1668 5920 1849 5966 tum,
1892 5905 1941 5960 3.
