  <div class='ocr_page' id='page_1' title='image "/cluster/home/n/w/nwhite01/storage/ocr_20150623/115/uva.x004215515/704.png"; bbox 0 0 4142 6488; ppageno 0'>
   <div class='ocr_carea' id='block_1_1' title="bbox 199 434 337 502">
    <p class='ocr_par' dir='ltr' id='par_1_1' title="bbox 199 434 337 502">
     <span class='ocr_line' id='line_1_1' title="bbox 199 434 337 502; baseline -0.043 0"><span class='ocrx_word' id='word_1_1' title='bbox 199 434 337 502; x_wconf 75' lang='lat'><strong>1277</strong></span> 
     </span>
    </p>
   </div>
   <div class='ocr_carea' id='block_1_2' title="bbox 1358 436 2324 506">
    <p class='ocr_par' dir='ltr' id='par_1_2' title="bbox 1358 436 2324 506">
     <span class='ocr_line' id='line_1_2' title="bbox 1358 436 2324 506; baseline 0.007 -10"><span class='ocrx_word' id='word_1_2' title='bbox 1358 436 1462 496; x_wconf 77' lang='lat' dir='ltr'><strong>MA</strong></span> <span class='ocrx_word' id='word_1_3' title='bbox 1475 437 1671 497; x_wconf 81' lang='lat' dir='ltr'><strong>RTYR</strong></span> <span class='ocrx_word' id='word_1_4' title='bbox 1686 436 1827 497; x_wconf 77' lang='grc' dir='ltr'><strong>[ΠΜ</strong></span> <span class='ocrx_word' id='word_1_5' title='bbox 1866 438 1925 498; x_wconf 88' lang='lat' dir='ltr'><strong>S.</strong></span> <span class='ocrx_word' id='word_1_6' title='bbox 1973 440 2324 506; x_wconf 71' lang='grc' dir='ltr'><strong>ΑΠΕΤΗίΕ.</strong></span> 
     </span>
    </p>
   </div>
   <div class='ocr_carea' id='block_1_3' title="bbox 3328 447 3461 512">
    <p class='ocr_par' dir='ltr' id='par_1_3' title="bbox 3328 447 3461 512">
     <span class='ocr_line' id='line_1_3' title="bbox 3328 447 3461 512; baseline 0.008 -1"><span class='ocrx_word' id='word_1_7' title='bbox 3328 447 3461 512; x_wconf 76' lang='grc' dir='ltr'><strong>12ἴὸ</strong></span> 
     </span>
    </p>
   </div>
   <div class='ocr_carea' id='block_1_4' title="bbox 197 544 1763 626">
    <p class='ocr_par' dir='ltr' id='par_1_4' title="bbox 197 544 1762 618">
     <span class='ocr_line' id='line_1_4' title="bbox 197 544 1762 618; baseline 0.001 -18"><span class='ocrx_word' id='word_1_8' title='bbox 197 545 564 618; x_wconf 66' lang='grc' dir='ltr'>σιξοδρότερον</span> <span class='ocrx_word' id='word_1_9' title='bbox 594 547 736 601; x_wconf 68' lang='grc' dir='ltr'>κατὰ</span> <span class='ocrx_word' id='word_1_10' title='bbox 790 544 884 600; x_wconf 87' lang='grc' dir='ltr'><strong>τοῦ</strong></span> <span class='ocrx_word' id='word_1_11' title='bbox 918 546 1095 617; x_wconf 81' lang='grc' dir='ltr'>μηροῦ</span> <span class='ocrx_word' id='word_1_12' title='bbox 1128 545 1313 599; x_wconf 77' lang='grc' dir='ltr'>δάκνει</span> <span class='ocrx_word' id='word_1_13' title='bbox 1358 545 1452 597; x_wconf 72' lang='grc' dir='ltr'>τὸν</span> <span class='ocrx_word' id='word_1_14' title='bbox 1514 544 1762 613; x_wconf 82' lang='grc' dir='ltr'>βασιλέα.</span> 
     </span>
    </p>
   </div>
   <div class='ocr_carea' id='block_1_5' title="bbox 1868 544 3463 626">
    <p class='ocr_par' dir='ltr' id='par_1_5' title="bbox 1876 550 3463 626">
     <span class='ocr_line' id='line_1_5' title="bbox 1876 550 3463 626; baseline 0.006 -25"><span class='ocrx_word' id='word_1_15' title='bbox 1876 550 2156 605; x_wconf 89' lang='lat' dir='ltr'><strong>mordetin</strong></span> <span class='ocrx_word' id='word_1_16' title='bbox 2186 552 2413 609; x_wconf 86' lang='lat' dir='ltr'><strong>femore.</strong></span> <span class='ocrx_word' id='word_1_17' title='bbox 2449 554 2543 610; x_wconf 82' lang='lat' dir='ltr'><strong>Ille</strong></span> <span class='ocrx_word' id='word_1_18' title='bbox 2575 563 2782 621; x_wconf 85' lang='lat' dir='ltr'><strong>autem,</strong></span> <span class='ocrx_word' id='word_1_19' title='bbox 2808 555 2971 611; x_wconf 85' lang='lat' dir='ltr'><strong>simul</strong></span> <span class='ocrx_word' id='word_1_20' title='bbox 3007 564 3168 626; x_wconf 88' lang='lat' dir='ltr'><strong>atque</strong></span> <span class='ocrx_word' id='word_1_21' title='bbox 3196 556 3463 611; x_wconf 86' lang='lat' dir='ltr'><strong>sensisset</strong></span> 
     </span>
    </p>
   </div>
   <div class='ocr_carea' id='block_1_6' title="bbox 206 637 1770 709">
    <p class='ocr_par' dir='ltr' id='par_1_6' title="bbox 206 637 1770 709">
     <span class='ocr_line' id='line_1_6' title="bbox 206 637 1770 709; baseline -0.001 -17"><span class='ocrx_word' id='word_1_22' title='bbox 206 640 265 693; x_wconf 84' lang='grc' dir='ltr'><strong>Ὀ</strong></span> <span class='ocrx_word' id='word_1_23' title='bbox 304 639 359 692; x_wconf 83' lang='grc' dir='ltr'>δὲ</span> <span class='ocrx_word' id='word_1_24' title='bbox 403 639 501 693; x_wconf 88' lang='grc' dir='ltr'><strong>τοῦ</strong></span> <span class='ocrx_word' id='word_1_25' title='bbox 552 640 832 709; x_wconf 76' lang='grc' dir='ltr'><strong>δήγματος</strong></span> <span class='ocrx_word' id='word_1_26' title='bbox 890 639 1006 709; x_wconf 75' lang='grc' dir='ltr'><strong>ἅμα</strong></span> <span class='ocrx_word' id='word_1_27' title='bbox 1067 637 1411 708; x_wconf 83' lang='grc' dir='ltr'>αἰσθόμενος,</span> <span class='ocrx_word' id='word_1_28' title='bbox 1450 637 1545 691; x_wconf 80' lang='grc' dir='ltr'><strong>καὶ</strong></span> <span class='ocrx_word' id='word_1_29' title='bbox 1574 637 1770 690; x_wconf 86' lang='grc' dir='ltr'>διατα-</span> 
     </span>
    </p>
   </div>
   <div class='ocr_carea' id='block_1_7' title="bbox 195 731 1771 805">
    <p class='ocr_par' dir='ltr' id='par_1_7' title="bbox 195 731 1771 805">
     <span class='ocr_line' id='line_1_7' title="bbox 195 731 1771 805; baseline 0.001 -21"><span class='ocrx_word' id='word_1_30' title='bbox 195 731 419 805; x_wconf 73' lang='grc' dir='ltr'>ραχθεὶς</span> <span class='ocrx_word' id='word_1_31' title='bbox 448 732 613 786; x_wconf 65' lang='grc' dir='ltr'>αύτδν</span> <span class='ocrx_word' id='word_1_32' title='bbox 654 734 983 797; x_wconf 84' lang='grc' dir='ltr'>ἀπωθεῖται,</span> <span class='ocrx_word' id='word_1_33' title='bbox 1031 733 1124 785; x_wconf 84' lang='grc' dir='ltr'>καὶ</span> <span class='ocrx_word' id='word_1_34' title='bbox 1177 731 1288 784; x_wconf 82' lang='grc' dir='ltr'><strong>τῶν</strong></span> <span class='ocrx_word' id='word_1_35' title='bbox 1328 734 1424 801; x_wconf 77' lang='grc' dir='ltr'>τῆς</span> <span class='ocrx_word' id='word_1_36' title='bbox 1462 733 1771 801; x_wconf 84' lang='grc' dir='ltr'><strong>συγκλήτου</strong></span> 
     </span>
    </p>
   </div>
   <div class='ocr_carea' id='block_1_8' title="bbox 195 820 1771 897">
    <p class='ocr_par' dir='ltr' id='par_1_8' title="bbox 195 820 1771 897">
     <span class='ocr_line' id='line_1_8' title="bbox 195 820 1771 897; baseline -0.001 -19"><span class='ocrx_word' id='word_1_37' title='bbox 195 828 303 878; x_wconf 87' lang='grc' dir='ltr'><strong>τινί</strong></span> <span class='ocrx_word' id='word_1_38' title='bbox 364 826 756 897; x_wconf 81' lang='grc' dir='ltr'>παραδίδωσιν,</span> <span class='ocrx_word' id='word_1_39' title='bbox 813 827 901 894; x_wconf 79' lang='grc' dir='ltr'><strong>ἐφ’</strong></span> <span class='ocrx_word' id='word_1_40' title='bbox 934 820 978 893; x_wconf 79' lang='grc' dir='ltr'>ᾧ</span> <span class='ocrx_word' id='word_1_41' title='bbox 1023 825 1225 895; x_wconf 85' lang='grc' dir='ltr'>μᾶλλον</span> <span class='ocrx_word' id='word_1_42' title='bbox 1288 825 1603 889; x_wconf 76' lang='grc' dir='ltr'><strong>Ἰουδαϊκῶς</strong></span> <span class='ocrx_word' id='word_1_43' title='bbox 1638 825 1771 897; x_wconf 80' lang='grc' dir='ltr'>παρ’</span> 
     </span>
    </p>
   </div>
   <div class='ocr_carea' id='block_1_9' title="bbox 196 917 1769 989">
    <p class='ocr_par' dir='ltr' id='par_1_9' title="bbox 196 917 1769 989">
     <span class='ocr_line' id='line_1_9' title="bbox 196 917 1769 989; baseline 0.001 -20"><span class='ocrx_word' id='word_1_44' title='bbox 196 920 389 988; x_wconf 71' lang='grc' dir='ltr'>ἐκείνῳ</span> <span class='ocrx_word' id='word_1_45' title='bbox 435 919 669 988; x_wconf 77' lang='grc' dir='ltr'><strong>τραφείη</strong></span> <span class='ocrx_word' id='word_1_46' title='bbox 706 921 797 972; x_wconf 76' lang='grc' dir='ltr'><strong>καὶ</strong></span> <span class='ocrx_word' id='word_1_47' title='bbox 828 919 915 971; x_wconf 66' lang='grc' dir='ltr'>τὸν</span> <span class='ocrx_word' id='word_1_48' title='bbox 957 918 1386 988; x_wconf 72' lang='grc' dir='ltr'>Χριστιανισμὺν</span> <span class='ocrx_word' id='word_1_49' title='bbox 1426 917 1769 989; x_wconf 80' lang='grc' dir='ltr'>ἐξομόσαιτο.</span> 
     </span>
    </p>
   </div>
   <div class='ocr_carea' id='block_1_10' title="bbox 194 1009 1769 1081">
    <p class='ocr_par' dir='ltr' id='par_1_10' title="bbox 194 1009 1769 1081">
     <span class='ocr_line' id='line_1_10' title="bbox 194 1009 1769 1081; baseline 0 -20"><span class='ocrx_word' id='word_1_50' title='bbox 194 1011 301 1061; x_wconf 73' lang='grc' dir='ltr'>Καὶ</span> <span class='ocrx_word' id='word_1_51' title='bbox 335 1010 363 1061; x_wconf 99' lang='lat'><strong>6</strong></span> <span class='ocrx_word' id='word_1_52' title='bbox 397 1010 496 1079; x_wconf 80' lang='grc' dir='ltr'><strong>μὲν</strong></span> <span class='ocrx_word' id='word_1_53' title='bbox 526 1010 705 1062; x_wconf 85' lang='grc' dir='ltr'>λαϐὼν</span> <span class='ocrx_word' id='word_1_54' title='bbox 732 1010 821 1062; x_wconf 80' lang='grc' dir='ltr'>τὸν</span> <span class='ocrx_word' id='word_1_55' title='bbox 880 1009 1042 1061; x_wconf 81' lang='grc' dir='ltr'>παῖδα</span> <span class='ocrx_word' id='word_1_56' title='bbox 1102 1010 1291 1081; x_wconf 77' lang='grc' dir='ltr'>ἀπῄει,</span> <span class='ocrx_word' id='word_1_57' title='bbox 1340 1009 1408 1061; x_wconf 74' lang='grc' dir='ltr'>τά</span> <span class='ocrx_word' id='word_1_58' title='bbox 1456 1010 1769 1078; x_wconf 78' lang='grc' dir='ltr'><strong>πραχθέντα</strong></span> 
     </span>
    </p>
   </div>
   <div class='ocr_carea' id='block_1_11' title="bbox 193 1102 1768 1172">
    <p class='ocr_par' dir='ltr' id='par_1_11' title="bbox 193 1102 1768 1172">
     <span class='ocr_line' id='line_1_11' title="bbox 193 1102 1768 1172; baseline -0.001 -17"><span class='ocrx_word' id='word_1_59' title='bbox 193 1104 525 1172; x_wconf 69' lang='grc' dir='ltr'>ποιούμενος</span> <span class='ocrx_word' id='word_1_60' title='bbox 574 1104 661 1156; x_wconf 81' lang='grc' dir='ltr'>διὰ</span> <span class='ocrx_word' id='word_1_61' title='bbox 714 1102 1017 1171; x_wconf 81' lang='grc' dir='ltr'>Θαύματος,</span> <span class='ocrx_word' id='word_1_62' title='bbox 1058 1106 1170 1164; x_wconf 85' lang='grc' dir='ltr'>τοῖς</span> <span class='ocrx_word' id='word_1_63' title='bbox 1226 1103 1407 1165; x_wconf 86' lang='grc' dir='ltr'>ἄλλοις</span> <span class='ocrx_word' id='word_1_64' title='bbox 1444 1120 1505 1155; x_wconf 86' lang='grc' dir='ltr'><strong>τε</strong></span> <span class='ocrx_word' id='word_1_65' title='bbox 1563 1102 1768 1171; x_wconf 80' lang='grc' dir='ltr'>μεταξὺ</span> 
     </span>
    </p>
   </div>
   <div class='ocr_carea' id='block_1_12' title="bbox 191 1192 1765 1264">
    <p class='ocr_par' dir='ltr' id='par_1_12' title="bbox 191 1192 1765 1264">
     <span class='ocr_line' id='line_1_12' title="bbox 191 1192 1765 1264; baseline -0.001 -19"><span class='ocrx_word' id='word_1_66' title='bbox 191 1193 556 1264; x_wconf 81' lang='grc' dir='ltr'>διηγούμενος</span> <span class='ocrx_word' id='word_1_67' title='bbox 591 1230 607 1247; x_wconf 93' lang='grc'><strong>.</strong></span> <span class='ocrx_word' id='word_1_68' title='bbox 667 1193 754 1245; x_wconf 88' lang='grc' dir='ltr'>Ἐν</span> <span class='ocrx_word' id='word_1_69' title='bbox 807 1192 984 1262; x_wconf 83' lang='grc' dir='ltr'>τούτῳ</span> <span class='ocrx_word' id='word_1_70' title='bbox 1032 1193 1089 1245; x_wconf 79' lang='grc' dir='ltr'>δὲ</span> <span class='ocrx_word' id='word_1_71' title='bbox 1145 1192 1205 1245; x_wconf 82' lang='grc' dir='ltr'><strong>τὸ</strong></span> <span class='ocrx_word' id='word_1_72' title='bbox 1235 1194 1447 1246; x_wconf 77' lang='grc' dir='ltr'><strong>παιδίον</strong></span> <span class='ocrx_word' id='word_1_73' title='bbox 1486 1192 1765 1257; x_wconf 70' lang='grc' dir='ltr'>διαλαθδν,</span> 
     </span>
    </p>
   </div>
   <div class='ocr_carea' id='block_1_13' title="bbox 190 1285 1767 1357">
    <p class='ocr_par' dir='ltr' id='par_1_13' title="bbox 190 1285 1767 1357">
     <span class='ocr_line' id='line_1_13' title="bbox 190 1285 1767 1357; baseline 0.001 -21"><span class='ocrx_word' id='word_1_74' title='bbox 190 1286 379 1356; x_wconf 80' lang='grc' dir='ltr'>δρόμῳ</span> <span class='ocrx_word' id='word_1_75' title='bbox 406 1285 587 1354; x_wconf 83' lang='grc' dir='ltr'>πολλῷ</span> <span class='ocrx_word' id='word_1_76' title='bbox 635 1286 771 1357; x_wconf 72' lang='grc' dir='ltr'>πρὸς</span> <span class='ocrx_word' id='word_1_77' title='bbox 810 1286 909 1355; x_wconf 82' lang='grc' dir='ltr'>τὴν</span> <span class='ocrx_word' id='word_1_78' title='bbox 960 1287 1173 1354; x_wconf 83' lang='grc' dir='ltr'>μητέρα</span> <span class='ocrx_word' id='word_1_79' title='bbox 1224 1285 1443 1355; x_wconf 84' lang='grc' dir='ltr'>ἐχώρει,</span> <span class='ocrx_word' id='word_1_80' title='bbox 1498 1285 1767 1338; x_wconf 74' lang='grc' dir='ltr'>καὶκατὰ</span> 
     </span>
    </p>
   </div>
   <div class='ocr_carea' id='block_1_14' title="bbox 205 1371 1769 1448">
    <p class='ocr_par' dir='ltr' id='par_1_14' title="bbox 205 1371 1769 1448">
     <span class='ocr_line' id='line_1_14' title="bbox 205 1371 1769 1448; baseline 0.001 -19"><span class='ocrx_word' id='word_1_81' title='bbox 205 1377 398 1446; x_wconf 87' lang='grc' dir='ltr'>μέσης,</span> <span class='ocrx_word' id='word_1_82' title='bbox 426 1378 575 1438; x_wconf 78' lang='grc' dir='ltr'>ὅπως</span> <span class='ocrx_word' id='word_1_83' title='bbox 602 1371 737 1445; x_wconf 70' lang='grc' dir='ltr'>εἶχε,</span> <span class='ocrx_word' id='word_1_84' title='bbox 764 1376 860 1446; x_wconf 78' lang='grc' dir='ltr'>τὴν</span> <span class='ocrx_word' id='word_1_85' title='bbox 893 1376 1124 1446; x_wconf 78' lang='grc' dir='ltr'><strong>κάμινον</strong></span> <span class='ocrx_word' id='word_1_86' title='bbox 1146 1377 1398 1447; x_wconf 77' lang='grc' dir='ltr'>είσπηδᾷ,</span> <span class='ocrx_word' id='word_1_87' title='bbox 1426 1378 1527 1448; x_wconf 78' lang='grc' dir='ltr'><strong>τὴν</strong></span> <span class='ocrx_word' id='word_1_88' title='bbox 1557 1379 1769 1448; x_wconf 85' lang='grc' dir='ltr'>μητέρα</span> 
     </span>
    </p>
   </div>
   <div class='ocr_carea' id='block_1_15' title="bbox 190 1469 1767 1543">
    <p class='ocr_par' dir='ltr' id='par_1_15' title="bbox 190 1469 1767 1543">
     <span class='ocr_line' id='line_1_15' title="bbox 190 1469 1767 1543; baseline -0.001 -18"><span class='ocrx_word' id='word_1_89' title='bbox 190 1490 252 1524; x_wconf 83' lang='grc' dir='ltr'><strong>τε</strong></span> <span class='ocrx_word' id='word_1_90' title='bbox 289 1471 366 1534; x_wconf 84' lang='grc' dir='ltr'>ὡς</span> <span class='ocrx_word' id='word_1_91' title='bbox 405 1470 555 1541; x_wconf 84' lang='grc' dir='ltr'>αύτῷ</span> <span class='ocrx_word' id='word_1_92' title='bbox 588 1470 763 1523; x_wconf 75' lang='grc' dir='ltr'>ἐδόκει</span> <span class='ocrx_word' id='word_1_93' title='bbox 812 1469 1126 1542; x_wconf 76' lang='grc' dir='ltr'>περιλαϐὸν,</span> <span class='ocrx_word' id='word_1_94' title='bbox 1151 1517 1157 1523; x_wconf 92' lang='grc'><strong>.</strong></span> <span class='ocrx_word' id='word_1_95' title='bbox 1181 1471 1275 1523; x_wconf 77' lang='grc' dir='ltr'>καὶ</span> <span class='ocrx_word' id='word_1_96' title='bbox 1311 1471 1599 1524; x_wconf 82' lang='grc' dir='ltr'>κάλλιστον</span> <span class='ocrx_word' id='word_1_97' title='bbox 1629 1471 1767 1543; x_wconf 74' lang='grc' dir='ltr'>αὐτῇ</span> 
     </span>
    </p>
   </div>
   <div class='ocr_carea' id='block_1_16' title="bbox 190 1562 1769 1633">
    <p class='ocr_par' dir='ltr' id='par_1_16' title="bbox 190 1562 1769 1633">
     <span class='ocr_line' id='line_1_16' title="bbox 190 1562 1769 1633; baseline -0.001 -17"><span class='ocrx_word' id='word_1_98' title='bbox 190 1565 448 1631; x_wconf 77' lang='grc' dir='ltr'><strong>ἐντάφιον</strong></span> <span class='ocrx_word' id='word_1_99' title='bbox 472 1564 664 1615; x_wconf 78' lang='grc' dir='ltr'>ἐαυτὸν</span> <span class='ocrx_word' id='word_1_100' title='bbox 692 1562 949 1629; x_wconf 74' lang='grc' dir='ltr'>δεδωκος,</span> <span class='ocrx_word' id='word_1_101' title='bbox 978 1564 1070 1615; x_wconf 74' lang='grc' dir='ltr'><strong>τὸν</strong></span> <span class='ocrx_word' id='word_1_102' title='bbox 1102 1564 1202 1631; x_wconf 83' lang='grc' dir='ltr'><strong>τῆς</strong></span> <span class='ocrx_word' id='word_1_103' title='bbox 1253 1564 1563 1633; x_wconf 74' lang='grc' dir='ltr'><strong>μαρτυρίας</strong></span> <span class='ocrx_word' id='word_1_104' title='bbox 1599 1564 1769 1633; x_wconf 76' lang='grc' dir='ltr'>ἄμφω</span> 
     </span>
    </p>
   </div>
   <div class='ocr_carea' id='block_1_17' title="bbox 191 1653 1766 1725">
    <p class='ocr_par' dir='ltr' id='par_1_17' title="bbox 191 1653 1766 1725">
     <span class='ocr_line' id='line_1_17' title="bbox 191 1653 1766 1725; baseline -0.003 -14"><span class='ocrx_word' id='word_1_105' title='bbox 191 1655 597 1725; x_wconf 73' lang='grc' dir='ltr'><strong>κληρονομοῦσι</strong></span> <span class='ocrx_word' id='word_1_106' title='bbox 630 1655 916 1723; x_wconf 83' lang='grc' dir='ltr'>στέφανον.</span> <span class='ocrx_word' id='word_1_107' title='bbox 976 1653 1197 1707; x_wconf 81' lang='grc' dir='ltr'>Τούτων</span> <span class='ocrx_word' id='word_1_108' title='bbox 1225 1654 1369 1709; x_wconf 76' lang='grc' dir='ltr'>οὕτω</span> <span class='ocrx_word' id='word_1_109' title='bbox 1404 1657 1766 1724; x_wconf 77' lang='grc' dir='ltr'>τελουμένων,</span> 
     </span>
    </p>
   </div>
   <div class='ocr_carea' id='block_1_18' title="bbox 189 1746 1766 1817">
    <p class='ocr_par' dir='ltr' id='par_1_18' title="bbox 189 1746 1766 1817">
     <span class='ocr_line' id='line_1_18' title="bbox 189 1746 1766 1817; baseline 0.002 -19"><span class='ocrx_word' id='word_1_110' title='bbox 189 1747 337 1799; x_wconf 82' lang='grc' dir='ltr'>ἐλεον</span> <span class='ocrx_word' id='word_1_111' title='bbox 382 1746 644 1808; x_wconf 88' lang='grc' dir='ltr'>λαϐόντες</span> <span class='ocrx_word' id='word_1_112' title='bbox 679 1748 786 1800; x_wconf 85' lang='grc' dir='ltr'>τῶν</span> <span class='ocrx_word' id='word_1_113' title='bbox 832 1746 1006 1800; x_wconf 87' lang='grc' dir='ltr'>ταῦτα</span> <span class='ocrx_word' id='word_1_114' title='bbox 1048 1749 1369 1817; x_wconf 71' lang='grc' dir='ltr'>πασχόντων</span> <span class='ocrx_word' id='word_1_115' title='bbox 1422 1748 1766 1816; x_wconf 67' lang='grc' dir='ltr'>Χριστιανῶν</span> 
     </span>
    </p>
   </div>
   <div class='ocr_carea' id='block_1_19' title="bbox 187 1836 1767 1909">
    <p class='ocr_par' dir='ltr' id='par_1_19' title="bbox 187 1836 1767 1909">
     <span class='ocr_line' id='line_1_19' title="bbox 187 1836 1767 1909; baseline 0.002 -19"><span class='ocrx_word' id='word_1_116' title='bbox 187 1838 239 1890; x_wconf 78' lang='lat' dir='ltr'><strong>oi</strong></span> <span class='ocrx_word' id='word_1_117' title='bbox 275 1838 405 1907; x_wconf 79' lang='grc' dir='ltr'>περὶ</span> <span class='ocrx_word' id='word_1_118' title='bbox 433 1838 525 1891; x_wconf 71' lang='grc' dir='ltr'>τὸν</span> <span class='ocrx_word' id='word_1_119' title='bbox 576 1836 821 1907; x_wconf 76' lang='grc' dir='ltr'><strong>βασιλέα,</strong></span> <span class='ocrx_word' id='word_1_120' title='bbox 854 1839 947 1891; x_wconf 74' lang='grc' dir='ltr'><strong>καὶ</strong></span> <span class='ocrx_word' id='word_1_121' title='bbox 982 1838 1097 1890; x_wconf 84' lang='grc' dir='ltr'>ὅσοι</span> <span class='ocrx_word' id='word_1_122' title='bbox 1146 1840 1246 1909; x_wconf 75' lang='grc' dir='ltr'>τῆς</span> <span class='ocrx_word' id='word_1_123' title='bbox 1283 1840 1615 1908; x_wconf 78' lang='grc' dir='ltr'><strong>συγκλήτου,</strong></span> <span class='ocrx_word' id='word_1_124' title='bbox 1654 1840 1767 1893; x_wconf 84' lang='grc' dir='ltr'>ίκέ-</span> 
     </span>
    </p>
   </div>
   <div class='ocr_carea' id='block_1_20' title="bbox 186 1928 1763 2002">
    <p class='ocr_par' dir='ltr' id='par_1_20' title="bbox 186 1928 1763 2002">
     <span class='ocr_line' id='line_1_20' title="bbox 186 1928 1763 2002; baseline 0.001 -21"><span class='ocrx_word' id='word_1_125' title='bbox 186 1945 343 1981; x_wconf 84' lang='grc' dir='ltr'>τευον</span> <span class='ocrx_word' id='word_1_126' title='bbox 372 1929 535 1982; x_wconf 73' lang='grc' dir='ltr'>αὐτὸν</span> <span class='ocrx_word' id='word_1_127' title='bbox 568 1930 800 1991; x_wconf 81' lang='grc' dir='ltr'>ἀνεῖναι,</span> <span class='ocrx_word' id='word_1_128' title='bbox 834 1928 929 1982; x_wconf 57' lang='grc' dir='ltr'><strong>καὶ⁵</strong></span> <span class='ocrx_word' id='word_1_129' title='bbox 997 1930 1072 2000; x_wconf 85' lang='grc' dir='ltr'>μὴ</span> <span class='ocrx_word' id='word_1_130' title='bbox 1102 1931 1272 2002; x_wconf 80' lang='grc' dir='ltr'><strong>ἄρδην</strong></span> <span class='ocrx_word' id='word_1_131' title='bbox 1304 1931 1578 1983; x_wconf 79' lang='grc' dir='ltr'>ἀπολέσαι</span> <span class='ocrx_word' id='word_1_132' title='bbox 1609 1931 1763 1984; x_wconf 69' lang='grc' dir='ltr'>πόλιν</span> 
     </span>
    </p>
   </div>
   <div class='ocr_carea' id='block_1_21' title="bbox 187 2020 1765 2091">
    <p class='ocr_par' dir='ltr' id='par_1_21' title="bbox 187 2020 1765 2091">
     <span class='ocr_line' id='line_1_21' title="bbox 187 2020 1765 2091; baseline -0.001 -19"><span class='ocrx_word' id='word_1_133' title='bbox 187 2020 334 2074; x_wconf 70' lang='grc' dir='ltr'>οὕτω</span> <span class='ocrx_word' id='word_1_134' title='bbox 367 2022 612 2091; x_wconf 81' lang='grc' dir='ltr'>μεγάλην</span> <span class='ocrx_word' id='word_1_135' title='bbox 646 2021 741 2073; x_wconf 76' lang='grc' dir='ltr'><strong>καὶ</strong></span> <span class='ocrx_word' id='word_1_136' title='bbox 777 2021 1232 2091; x_wconf 82' lang='grc' dir='ltr'>πολυάνθρωπον,</span> <span class='ocrx_word' id='word_1_137' title='bbox 1294 2022 1389 2074; x_wconf 71' lang='grc' dir='ltr'>καὶ</span> <span class='ocrx_word' id='word_1_138' title='bbox 1442 2022 1579 2074; x_wconf 80' lang='grc' dir='ltr'>πολὺ</span> <span class='ocrx_word' id='word_1_139' title='bbox 1626 2020 1765 2089; x_wconf 80' lang='grc' dir='ltr'>πλῆ-</span> 
     </span>
    </p>
   </div>
   <div class='ocr_carea' id='block_1_22' title="bbox 188 2110 1765 2184">
    <p class='ocr_par' dir='ltr' id='par_1_22' title="bbox 188 2110 1765 2184">
     <span class='ocr_line' id='line_1_22' title="bbox 188 2110 1765 2184; baseline -0.002 -17"><span class='ocrx_word' id='word_1_140' title='bbox 188 2114 280 2177; x_wconf 86' lang='grc' dir='ltr'>Θος</span> <span class='ocrx_word' id='word_1_141' title='bbox 312 2117 572 2168; x_wconf 75' lang='grc' dir='ltr'>ἐπετείων</span> <span class='ocrx_word' id='word_1_142' title='bbox 596 2114 777 2184; x_wconf 83' lang='grc' dir='ltr'>φόρων</span> <span class='ocrx_word' id='word_1_143' title='bbox 808 2114 1175 2184; x_wconf 85' lang='grc' dir='ltr'>παρέχουσαν.</span> <span class='ocrx_word' id='word_1_144' title='bbox 1202 2114 1358 2167; x_wconf 81' lang='grc' dir='ltr'>Ἐπεὶ</span> <span class='ocrx_word' id='word_1_145' title='bbox 1384 2110 1477 2167; x_wconf 61' lang='grc' dir='ltr'><strong>οὖν</strong></span> <span class='ocrx_word' id='word_1_146' title='bbox 1506 2114 1563 2166; x_wconf 91' lang='grc' dir='ltr'><strong>ἐν</strong></span> <span class='ocrx_word' id='word_1_147' title='bbox 1589 2112 1765 2182; x_wconf 80' lang='grc' dir='ltr'>τούτῳ</span> 
     </span>
    </p>
   </div>
   <div class='ocr_carea' id='block_1_23' title="bbox 189 2207 1762 2277">
    <p class='ocr_par' dir='ltr' id='par_1_23' title="bbox 189 2207 1762 2277">
     <span class='ocr_line' id='line_1_23' title="bbox 189 2207 1762 2277; baseline -0.001 -18"><span class='ocrx_word' id='word_1_148' title='bbox 189 2208 504 2273; x_wconf 80' lang='grc' dir='ltr'>κατένευεν,</span> <span class='ocrx_word' id='word_1_149' title='bbox 537 2209 569 2273; x_wconf 86' lang='grc' dir='ltr'>ἡ</span> <span class='ocrx_word' id='word_1_150' title='bbox 607 2207 824 2277; x_wconf 81' lang='grc' dir='ltr'>σκληρὰ</span> <span class='ocrx_word' id='word_1_151' title='bbox 871 2208 1054 2277; x_wconf 84' lang='grc' dir='ltr'>ἐκείνη</span> <span class='ocrx_word' id='word_1_152' title='bbox 1092 2210 1188 2261; x_wconf 71' lang='grc' dir='ltr'><strong>καὶ</strong></span> <span class='ocrx_word' id='word_1_153' title='bbox 1235 2209 1574 2277; x_wconf 79' lang='grc' dir='ltr'>Φαραωνίτις</span> <span class='ocrx_word' id='word_1_154' title='bbox 1611 2208 1762 2277; x_wconf 74' lang='grc' dir='ltr'>ψυχὴ</span> 
     </span>
    </p>
   </div>
   <div class='ocr_carea' id='block_1_24' title="bbox 186 2296 1765 2367">
    <p class='ocr_par' dir='ltr' id='par_1_24' title="bbox 186 2296 1765 2367">
     <span class='ocr_line' id='line_1_24' title="bbox 186 2296 1765 2367; baseline -0.003 -16"><span class='ocrx_word' id='word_1_155' title='bbox 186 2296 278 2351; x_wconf 75' lang='grc' dir='ltr'><strong>δύο</strong></span> <span class='ocrx_word' id='word_1_156' title='bbox 310 2297 499 2351; x_wconf 84' lang='grc' dir='ltr'>παθῶν</span> <span class='ocrx_word' id='word_1_157' title='bbox 524 2298 581 2349; x_wconf 93' lang='grc' dir='ltr'><strong>ἐν</strong></span> <span class='ocrx_word' id='word_1_158' title='bbox 607 2297 754 2367; x_wconf 80' lang='grc' dir='ltr'>αύτῷ</span> <span class='ocrx_word' id='word_1_159' title='bbox 784 2296 1196 2367; x_wconf 84' lang='grc' dir='ltr'>διερισαμένων,</span> <span class='ocrx_word' id='word_1_160' title='bbox 1247 2298 1340 2350; x_wconf 80' lang='grc' dir='ltr'><strong>καὶ</strong></span> <span class='ocrx_word' id='word_1_161' title='bbox 1372 2296 1635 2366; x_wconf 79' lang='grc' dir='ltr'>ὠμότητα</span> <span class='ocrx_word' id='word_1_162' title='bbox 1673 2313 1765 2363; x_wconf 83' lang='grc' dir='ltr'><strong>φι-</strong></span> 
     </span>
    </p>
   </div>
   <div class='ocr_carea' id='block_1_25' title="bbox 186 2386 1765 2461">
    <p class='ocr_par' dir='ltr' id='par_1_25' title="bbox 186 2386 1765 2461">
     <span class='ocr_line' id='line_1_25' title="bbox 186 2386 1765 2461; baseline 0.001 -22"><span class='ocrx_word' id='word_1_163' title='bbox 186 2387 559 2461; x_wconf 70' lang='grc' dir='ltr'>λογρηματίας</span> <span class='ocrx_word' id='word_1_164' title='bbox 592 2391 985 2459; x_wconf 82' lang='grc' dir='ltr'>ἐκνικησάσης,</span> <span class='ocrx_word' id='word_1_165' title='bbox 1019 2386 1071 2440; x_wconf 86' lang='grc' dir='ltr'><strong>τί</strong></span> <span class='ocrx_word' id='word_1_166' title='bbox 1104 2390 1285 2455; x_wconf 76' lang='grc' dir='ltr'>ποιεῖς</span> <span class='ocrx_word' id='word_1_167' title='bbox 1324 2389 1544 2458; x_wconf 81' lang='grc' dir='ltr'>Ταύτης</span> <span class='ocrx_word' id='word_1_168' title='bbox 1574 2405 1633 2441; x_wconf 86' lang='grc' dir='ltr'><strong>τε</strong></span> <span class='ocrx_word' id='word_1_169' title='bbox 1665 2388 1765 2456; x_wconf 81' lang='grc' dir='ltr'>τῆς</span> 
     </span>
    </p>
   </div>
   <div class='ocr_carea' id='block_1_26' title="bbox 186 2478 1765 2553">
    <p class='ocr_par' dir='ltr' id='par_1_26' title="bbox 186 2478 1765 2553">
     <span class='ocr_line' id='line_1_26' title="bbox 186 2478 1765 2553; baseline -0.001 -19"><span class='ocrx_word' id='word_1_170' title='bbox 186 2484 396 2544; x_wconf 78' lang='grc' dir='ltr'>πόλεως</span> <span class='ocrx_word' id='word_1_171' title='bbox 428 2480 522 2533; x_wconf 72' lang='grc' dir='ltr'>καὶ</span> <span class='ocrx_word' id='word_1_172' title='bbox 557 2482 737 2553; x_wconf 75' lang='grc' dir='ltr'>πάσης</span> <span class='ocrx_word' id='word_1_173' title='bbox 765 2480 867 2548; x_wconf 83' lang='grc' dir='ltr'><strong>τῆς</strong></span> <span class='ocrx_word' id='word_1_174' title='bbox 901 2478 1083 2550; x_wconf 82' lang='grc' dir='ltr'>χώρας</span> <span class='ocrx_word' id='word_1_175' title='bbox 1129 2480 1188 2533; x_wconf 78' lang='grc' dir='ltr'>τὸ</span> <span class='ocrx_word' id='word_1_176' title='bbox 1249 2481 1461 2543; x_wconf 75' lang='grc' dir='ltr'>νεάζον,</span> <span class='ocrx_word' id='word_1_177' title='bbox 1506 2481 1674 2552; x_wconf 77' lang='grc' dir='ltr'>ἄρρεν</span> <span class='ocrx_word' id='word_1_178' title='bbox 1704 2496 1765 2533; x_wconf 87' lang='grc' dir='ltr'><strong>τε</strong></span> 
     </span>
    </p>
   </div>
   <div class='ocr_carea' id='block_1_27' title="bbox 195 2570 1764 2642">
    <p class='ocr_par' dir='ltr' id='par_1_27' title="bbox 195 2570 1764 2642">
     <span class='ocr_line' id='line_1_27' title="bbox 195 2570 1764 2642; baseline -0.001 -17"><span class='ocrx_word' id='word_1_179' title='bbox 195 2573 291 2625; x_wconf 82' lang='grc' dir='ltr'><strong>καὶ</strong></span> <span class='ocrx_word' id='word_1_180' title='bbox 321 2571 478 2641; x_wconf 74' lang='grc' dir='ltr'>θῆλυ,</span> <span class='ocrx_word' id='word_1_181' title='bbox 529 2571 1128 2642; x_wconf 82' lang='grc' dir='ltr'>ἐξανδραποδισάμενος</span> <span class='ocrx_word' id='word_1_182' title='bbox 1154 2570 1235 2634; x_wconf 88' lang='grc' dir='ltr'><strong>είς</strong></span> <span class='ocrx_word' id='word_1_183' title='bbox 1262 2570 1463 2632; x_wconf 80' lang='grc' dir='ltr'>πολλὰς</span> <span class='ocrx_word' id='word_1_184' title='bbox 1493 2570 1764 2640; x_wconf 81' lang='grc' dir='ltr'>ἀριθμού-</span> 
     </span>
    </p>
   </div>
   <div class='ocr_carea' id='block_1_28' title="bbox 192 2663 1765 2744">
    <p class='ocr_par' dir='ltr' id='par_1_28' title="bbox 192 2663 1765 2744">
     <span class='ocr_line' id='line_1_28' title="bbox 192 2663 1765 2744; baseline 0 -27"><span class='ocrx_word' id='word_1_185' title='bbox 192 2683 353 2744; x_wconf 83' lang='grc' dir='ltr'>μενον</span> <span class='ocrx_word' id='word_1_186' title='bbox 388 2667 679 2736; x_wconf 79' lang='grc' dir='ltr'>μυριάδας,</span> <span class='ocrx_word' id='word_1_187' title='bbox 714 2666 809 2718; x_wconf 75' lang='grc' dir='ltr'>καὶ</span> <span class='ocrx_word' id='word_1_188' title='bbox 866 2664 959 2727; x_wconf 84' lang='grc' dir='ltr'><strong>οὒς</strong></span> <span class='ocrx_word' id='word_1_189' title='bbox 994 2665 1094 2733; x_wconf 75' lang='grc' dir='ltr'><strong>μὲν</strong></span> <span class='ocrx_word' id='word_1_190' title='bbox 1128 2664 1292 2727; x_wconf 72' lang='grc' dir='ltr'>αὐτὸς</span> <span class='ocrx_word' id='word_1_191' title='bbox 1322 2663 1634 2733; x_wconf 79' lang='grc' dir='ltr'>κατασχὼν,</span> <span class='ocrx_word' id='word_1_192' title='bbox 1670 2663 1765 2727; x_wconf 81' lang='grc' dir='ltr'><strong>οὓς</strong></span> 
     </span>
    </p>
   </div>
   <div class='ocr_carea' id='block_1_29' title="bbox 186 2752 1760 2826">
    <p class='ocr_par' dir='ltr' id='par_1_29' title="bbox 186 2752 1760 2826">
     <span class='ocr_line' id='line_1_29' title="bbox 186 2752 1760 2826; baseline 0.001 -17"><span class='ocrx_word' id='word_1_193' title='bbox 186 2757 243 2809; x_wconf 75' lang='grc' dir='ltr'>δὲ</span> <span class='ocrx_word' id='word_1_194' title='bbox 277 2758 369 2809; x_wconf 77' lang='grc' dir='ltr'>καὶ</span> <span class='ocrx_word' id='word_1_195' title='bbox 408 2759 678 2821; x_wconf 72' lang='grc' dir='ltr'>διαδιδοὺς</span> <span class='ocrx_word' id='word_1_196' title='bbox 714 2760 792 2821; x_wconf 84' lang='grc' dir='ltr'>εἰς</span> <span class='ocrx_word' id='word_1_197' title='bbox 827 2757 1072 2811; x_wconf 83' lang='grc' dir='ltr'>δουλείαν</span> <span class='ocrx_word' id='word_1_198' title='bbox 1105 2752 1186 2821; x_wconf 76' lang='grc' dir='ltr'>οἷς</span> <span class='ocrx_word' id='word_1_199' title='bbox 1217 2757 1327 2826; x_wconf 79' lang='grc' dir='ltr'><strong>ἄρα</strong></span> <span class='ocrx_word' id='word_1_200' title='bbox 1357 2756 1629 2823; x_wconf 88' lang='grc' dir='ltr'>ἐϐούλετο,</span> <span class='ocrx_word' id='word_1_201' title='bbox 1660 2757 1760 2811; x_wconf 85' lang='grc' dir='ltr'>αῦ-</span> 
     </span>
    </p>
   </div>
   <div class='ocr_carea' id='block_1_30' title="bbox 187 2847 1761 2920">
    <p class='ocr_par' dir='ltr' id='par_1_30' title="bbox 187 2847 1761 2920">
     <span class='ocr_line' id='line_1_30' title="bbox 187 2847 1761 2920; baseline 0.002 -20"><span class='ocrx_word' id='word_1_202' title='bbox 187 2847 539 2917; x_wconf 72' lang='grc' dir='ltr'>θιςέπανῆκε</span> <span class='ocrx_word' id='word_1_203' title='bbox 574 2849 707 2918; x_wconf 81' lang='grc' dir='ltr'>πρὸς</span> <span class='ocrx_word' id='word_1_204' title='bbox 740 2849 808 2900; x_wconf 65' lang='grc' dir='ltr'><strong>τὰ</strong></span> <span class='ocrx_word' id='word_1_205' title='bbox 834 2849 1104 2918; x_wconf 80' lang='grc' dir='ltr'>βασίλεια,</span> <span class='ocrx_word' id='word_1_206' title='bbox 1164 2850 1573 2920; x_wconf 79' lang='grc' dir='ltr'>δουλωσάμενος</span> <span class='ocrx_word' id='word_1_207' title='bbox 1607 2850 1761 2904; x_wconf 77' lang='grc' dir='ltr'>πόλιν</span> 
     </span>
    </p>
   </div>
   <div class='ocr_carea' id='block_1_31' title="bbox 187 2942 1756 3014">
    <p class='ocr_par' dir='ltr' id='par_1_31' title="bbox 187 2942 1756 3014">
     <span class='ocr_line' id='line_1_31' title="bbox 187 2942 1756 3014; baseline 0.002 -20"><span class='ocrx_word' id='word_1_208' title='bbox 187 2942 480 3014; x_wconf 77' lang='grc' dir='ltr'>ἐλευθέραν</span> <span class='ocrx_word' id='word_1_209' title='bbox 549 2942 645 2996; x_wconf 76' lang='grc' dir='ltr'><strong>καὶ</strong></span> <span class='ocrx_word' id='word_1_210' title='bbox 696 2943 834 3013; x_wconf 76' lang='grc' dir='ltr'>μόνῃ</span> <span class='ocrx_word' id='word_1_211' title='bbox 877 2944 943 3011; x_wconf 78' lang='grc' dir='ltr'>τῇ</span> <span class='ocrx_word' id='word_1_212' title='bbox 999 2942 1189 3010; x_wconf 83' lang='grc' dir='ltr'>Τριάδι</span> <span class='ocrx_word' id='word_1_213' title='bbox 1245 2944 1635 3011; x_wconf 74' lang='grc' dir='ltr'>ἀνακειμένην,</span> <span class='ocrx_word' id='word_1_214' title='bbox 1687 2946 1756 3012; x_wconf 77' lang='grc' dir='ltr'>ἣν</span> 
     </span>
    </p>
   </div>
   <div class='ocr_carea' id='block_1_32' title="bbox 185 3033 1763 3107">
    <p class='ocr_par' dir='ltr' id='par_1_32' title="bbox 185 3033 1763 3107">
     <span class='ocr_line' id='line_1_32' title="bbox 185 3033 1763 3107; baseline -0.001 -19"><span class='ocrx_word' id='word_1_215' title='bbox 185 3036 348 3098; x_wconf 77' lang='grc' dir='ltr'>αὐτὸς</span> <span class='ocrx_word' id='word_1_216' title='bbox 388 3035 620 3107; x_wconf 81' lang='grc' dir='ltr'>Χριστὸς</span> <span class='ocrx_word' id='word_1_217' title='bbox 684 3034 758 3104; x_wconf 82' lang='grc' dir='ltr'>τῷ</span> <span class='ocrx_word' id='word_1_218' title='bbox 787 3035 900 3103; x_wconf 79' lang='grc' dir='ltr'>ἰδίῳ</span> <span class='ocrx_word' id='word_1_219' title='bbox 961 3033 1335 3104; x_wconf 76' lang='grc' dir='ltr'>ἐξηγοράσατο</span> <span class='ocrx_word' id='word_1_220' title='bbox 1380 3035 1595 3102; x_wconf 83' lang='grc' dir='ltr'>αἵματι,</span> <span class='ocrx_word' id='word_1_221' title='bbox 1640 3036 1763 3103; x_wconf 69' lang='grc' dir='ltr'>ἣτις</span> 
     </span>
    </p>
   </div>
   <div class='ocr_carea' id='block_1_33' title="bbox 1878 647 3462 719">
    <p class='ocr_par' dir='ltr' id='par_1_33' title="bbox 1878 647 3462 719">
     <span class='ocr_line' id='line_1_33' title="bbox 1878 647 3462 719; baseline 0.004 -24"><span class='ocrx_word' id='word_1_222' title='bbox 1878 658 2117 697; x_wconf 89' lang='lat' dir='ltr'><strong>morsum</strong></span> <span class='ocrx_word' id='word_1_223' title='bbox 2171 655 2226 700; x_wconf 90' lang='lat' dir='ltr'><strong>et</strong></span> <span class='ocrx_word' id='word_1_224' title='bbox 2262 647 2453 701; x_wconf 76' lang='lat' dir='ltr'><strong>fuisset</strong></span> <span class='ocrx_word' id='word_1_225' title='bbox 2498 650 2882 713; x_wconf 86' lang='lat' dir='ltr'><strong>conturbatus,</strong></span> <span class='ocrx_word' id='word_1_226' title='bbox 2929 665 3053 703; x_wconf 90' lang='lat' dir='ltr'><strong>eum</strong></span> <span class='ocrx_word' id='word_1_227' title='bbox 3112 658 3337 719; x_wconf 90' lang='lat' dir='ltr'><strong>repente</strong></span> <span class='ocrx_word' id='word_1_228' title='bbox 3367 648 3462 701; x_wconf 88' lang='lat' dir='ltr'><strong>ab-</strong></span> 
     </span>
    </p>
   </div>
   <div class='ocr_carea' id='block_1_34' title="bbox 1869 732 3462 801">
    <p class='ocr_par' dir='ltr' id='par_1_34' title="bbox 1869 732 3462 801">
     <span class='ocr_line' id='line_1_34' title="bbox 1869 732 3462 801; baseline 0.005 -18"><span class='ocrx_word' id='word_1_229' title='bbox 1869 732 2007 801; x_wconf 88' lang='lat' dir='ltr'><strong>jicit,</strong></span> <span class='ocrx_word' id='word_1_230' title='bbox 2038 742 2093 786; x_wconf 91' lang='lat' dir='ltr'><strong>et</strong></span> <span class='ocrx_word' id='word_1_231' title='bbox 2147 750 2269 788; x_wconf 90' lang='lat' dir='ltr'><strong>eum</strong></span> <span class='ocrx_word' id='word_1_232' title='bbox 2347 737 2512 791; x_wconf 78' lang='lat' dir='ltr'><strong>tradit</strong></span> <span class='ocrx_word' id='word_1_233' title='bbox 2550 738 2766 791; x_wconf 80' lang='lat' dir='ltr'><strong>cuidam</strong></span> <span class='ocrx_word' id='word_1_234' title='bbox 2814 755 2879 793; x_wconf 74' lang='lat' dir='ltr'><strong>ex</strong></span> <span class='ocrx_word' id='word_1_235' title='bbox 2928 747 3143 799; x_wconf 80' lang='lat' dir='ltr'><strong>senatu,</strong></span> <span class='ocrx_word' id='word_1_236' title='bbox 3175 748 3235 791; x_wconf 88' lang='lat' dir='ltr'><strong>ut</strong></span> <span class='ocrx_word' id='word_1_237' title='bbox 3264 739 3331 792; x_wconf 84' lang='lat' dir='ltr'><strong>ab</strong></span> <span class='ocrx_word' id='word_1_238' title='bbox 3368 737 3462 791; x_wconf 92' lang='lat' dir='ltr'><strong>illo</strong></span> 
     </span>
    </p>
   </div>
   <div class='ocr_carea' id='block_1_35' title="bbox 1872 825 3445 899">
    <p class='ocr_par' dir='ltr' id='par_1_35' title="bbox 1872 825 3445 899">
     <span class='ocr_line' id='line_1_35' title="bbox 1872 825 3445 899; baseline 0.003 -22"><span class='ocrx_word' id='word_1_239' title='bbox 1872 825 2108 879; x_wconf 77' lang='lat' dir='ltr'><strong>aleretur</strong></span> <span class='ocrx_word' id='word_1_240' title='bbox 2140 829 2368 882; x_wconf 81' lang='lat' dir='ltr'><strong>maxime</strong></span> <span class='ocrx_word' id='word_1_241' title='bbox 2396 828 2642 889; x_wconf 84' lang='lat' dir='ltr'><strong>Judaice.</strong></span> <span class='ocrx_word' id='word_1_242' title='bbox 2690 843 2743 884; x_wconf 90' lang='lat' dir='ltr'><strong>et</strong></span> <span class='ocrx_word' id='word_1_243' title='bbox 2783 832 3057 899; x_wconf 75' lang='lat' dir='ltr'><strong>abinraret</strong></span> <span class='ocrx_word' id='word_1_244' title='bbox 3117 832 3445 887; x_wconf 78' lang='lat' dir='ltr'><strong>Christiani-</strong></span> 
     </span>
    </p>
   </div>
   <div class='ocr_carea' id='block_1_36' title="bbox 1874 919 3462 991">
    <p class='ocr_par' dir='ltr' id='par_1_36' title="bbox 1874 919 3462 991">
     <span class='ocr_line' id='line_1_36' title="bbox 1874 919 3462 991; baseline 0.003 -20"><span class='ocrx_word' id='word_1_245' title='bbox 1874 931 2072 971; x_wconf 88' lang='lat' dir='ltr'><strong>smum.</strong></span> <span class='ocrx_word' id='word_1_246' title='bbox 2112 919 2178 972; x_wconf 83' lang='lat' dir='ltr'><strong>Et</strong></span> <span class='ocrx_word' id='word_1_247' title='bbox 2238 919 2326 974; x_wconf 87' lang='lat' dir='ltr'><strong>ille</strong></span> <span class='ocrx_word' id='word_1_248' title='bbox 2356 923 2576 989; x_wconf 79' lang='lat' dir='ltr'><strong>quidem</strong></span> <span class='ocrx_word' id='word_1_249' title='bbox 2638 923 2838 987; x_wconf 80' lang='lat' dir='ltr'><strong>abibat,</strong></span> <span class='ocrx_word' id='word_1_250' title='bbox 2886 932 3105 991; x_wconf 83' lang='lat' dir='ltr'><strong>accepto</strong></span> <span class='ocrx_word' id='word_1_251' title='bbox 3135 939 3324 989; x_wconf 83' lang='lat' dir='ltr'><strong>puero,</strong></span> <span class='ocrx_word' id='word_1_252' title='bbox 3362 922 3462 975; x_wconf 79' lang='lat' dir='ltr'><strong>ad-</strong></span> 
     </span>
    </p>
   </div>
   <div class='ocr_carea' id='block_1_37' title="bbox 1872 1011 3455 1081">
    <p class='ocr_par' dir='ltr' id='par_1_37' title="bbox 1872 1011 3455 1081">
     <span class='ocr_line' id='line_1_37' title="bbox 1872 1011 3455 1081; baseline 0.002 -20"><span class='ocrx_word' id='word_1_253' title='bbox 1872 1011 2079 1063; x_wconf 87' lang='lat' dir='ltr'><strong>mirans</strong></span> <span class='ocrx_word' id='word_1_254' title='bbox 2114 1026 2199 1072; x_wconf 91' lang='lat' dir='ltr'><strong>ea,</strong></span> <span class='ocrx_word' id='word_1_255' title='bbox 2233 1029 2353 1081; x_wconf 74' lang='lat' dir='ltr'><strong>qua:</strong></span> <span class='ocrx_word' id='word_1_256' title='bbox 2392 1014 2531 1068; x_wconf 80' lang='lat' dir='ltr'><strong>facta</strong></span> <span class='ocrx_word' id='word_1_257' title='bbox 2566 1014 2801 1072; x_wconf 79' lang='lat' dir='ltr'><strong>fuerant.</strong></span> <span class='ocrx_word' id='word_1_258' title='bbox 2835 1025 2889 1069; x_wconf 88' lang='lat' dir='ltr'><strong>ct</strong></span> <span class='ocrx_word' id='word_1_259' title='bbox 2937 1014 3095 1067; x_wconf 86' lang='lat' dir='ltr'><strong>simul</strong></span> <span class='ocrx_word' id='word_1_260' title='bbox 3131 1015 3293 1067; x_wconf 85' lang='lat' dir='ltr'><strong>etiam</strong></span> <span class='ocrx_word' id='word_1_261' title='bbox 3329 1030 3455 1064; x_wconf 85' lang='lat' dir='ltr'><strong>nar-</strong></span> 
     </span>
    </p>
   </div>
   <div class='ocr_carea' id='block_1_38' title="bbox 1873 1102 3457 1173">
    <p class='ocr_par' dir='ltr' id='par_1_38' title="bbox 1873 1102 3457 1173">
     <span class='ocr_line' id='line_1_38' title="bbox 1873 1102 3457 1173; baseline 0 -19"><span class='ocrx_word' id='word_1_262' title='bbox 1873 1118 2003 1155; x_wconf 81' lang='lat' dir='ltr'><strong>rans</strong></span> <span class='ocrx_word' id='word_1_263' title='bbox 2039 1102 2180 1158; x_wconf 82' lang='lat' dir='ltr'><strong>aliis.</strong></span> <span class='ocrx_word' id='word_1_264' title='bbox 2215 1103 2435 1157; x_wconf 91' lang='lat' dir='ltr'><strong>Interim</strong></span> <span class='ocrx_word' id='word_1_265' title='bbox 2467 1116 2647 1157; x_wconf 85' lang='lat' dir='ltr'><strong>autem</strong></span> <span class='ocrx_word' id='word_1_266' title='bbox 2685 1120 2840 1173; x_wconf 87' lang='lat' dir='ltr'><strong>puer,</strong></span> <span class='ocrx_word' id='word_1_267' title='bbox 2871 1120 2935 1158; x_wconf 84' lang='lat' dir='ltr'><strong>eo</strong></span> <span class='ocrx_word' id='word_1_268' title='bbox 2968 1105 3253 1165; x_wconf 76' lang='lat' dir='ltr'><strong>insciente.</strong></span> <span class='ocrx_word' id='word_1_269' title='bbox 3287 1118 3457 1155; x_wconf 84' lang='lat' dir='ltr'><strong>cursu</strong></span> 
     </span>
    </p>
   </div>
   <div class='ocr_carea' id='block_1_39' title="bbox 1871 1196 3459 1260">
    <p class='ocr_par' dir='ltr' id='par_1_39' title="bbox 1871 1196 3459 1260">
     <span class='ocr_line' id='line_1_39' title="bbox 1871 1196 3459 1260; baseline 0 -11"><span class='ocrx_word' id='word_1_270' title='bbox 1871 1197 2155 1249; x_wconf 81' lang='lat' dir='ltr'><strong>contendit</strong></span> <span class='ocrx_word' id='word_1_271' title='bbox 2186 1196 2249 1248; x_wconf 90' lang='lat' dir='ltr'><strong>ad</strong></span> <span class='ocrx_word' id='word_1_272' title='bbox 2285 1206 2535 1260; x_wconf 90' lang='lat' dir='ltr'><strong>matrem,</strong></span> <span class='ocrx_word' id='word_1_273' title='bbox 2578 1206 2632 1251; x_wconf 89' lang='lat' dir='ltr'><strong>et</strong></span> <span class='ocrx_word' id='word_1_274' title='bbox 2669 1198 2839 1251; x_wconf 69' lang='lat' dir='ltr'><strong>insilit.</strong></span> <span class='ocrx_word' id='word_1_275' title='bbox 2892 1197 2946 1250; x_wconf 90' lang='lat' dir='ltr'><strong>in</strong></span> <span class='ocrx_word' id='word_1_276' title='bbox 3012 1198 3246 1249; x_wconf 88' lang='lat' dir='ltr'><strong>mediam</strong></span> <span class='ocrx_word' id='word_1_277' title='bbox 3280 1197 3459 1249; x_wconf 86' lang='lat' dir='ltr'><strong>torua-</strong></span> 
     </span>
    </p>
   </div>
   <div class='ocr_carea' id='block_1_40' title="bbox 1870 1290 3458 1357">
    <p class='ocr_par' dir='ltr' id='par_1_40' title="bbox 1870 1290 3458 1357">
     <span class='ocr_line' id='line_1_40' title="bbox 1870 1290 3458 1357; baseline -0.001 -13"><span class='ocrx_word' id='word_1_278' title='bbox 1870 1303 2009 1348; x_wconf 90' lang='lat' dir='ltr'><strong>cem.</strong></span> <span class='ocrx_word' id='word_1_279' title='bbox 2068 1299 2423 1357; x_wconf 86' lang='lat' dir='ltr'><strong>matremque,</strong></span> <span class='ocrx_word' id='word_1_280' title='bbox 2489 1300 2546 1344; x_wconf 88' lang='lat' dir='ltr'><strong>ut</strong></span> <span class='ocrx_word' id='word_1_281' title='bbox 2602 1290 2649 1345; x_wconf 82' lang='lat' dir='ltr'><strong>ei</strong></span> <span class='ocrx_word' id='word_1_282' title='bbox 2684 1290 2991 1348; x_wconf 80' lang='lat' dir='ltr'><strong>videbatur.</strong></span> <span class='ocrx_word' id='word_1_283' title='bbox 3026 1290 3364 1357; x_wconf 72' lang='lat' dir='ltr'><strong>complexus,</strong></span> <span class='ocrx_word' id='word_1_284' title='bbox 3404 1298 3458 1343; x_wconf 83' lang='lat' dir='ltr'><strong>ct</strong></span> 
     </span>
    </p>
   </div>
   <div class='ocr_carea' id='block_1_41' title="bbox 1872 1380 3456 1451">
    <p class='ocr_par' dir='ltr' id='par_1_41' title="bbox 1872 1380 3456 1451">
     <span class='ocr_line' id='line_1_41' title="bbox 1872 1380 3456 1451; baseline -0.001 -18"><span class='ocrx_word' id='word_1_285' title='bbox 1872 1382 2304 1450; x_wconf 88' lang='lat' dir='ltr'><strong>pulcherrimum</strong></span> <span class='ocrx_word' id='word_1_286' title='bbox 2338 1383 2556 1435; x_wconf 84' lang='lat' dir='ltr'><strong>bustum</strong></span> <span class='ocrx_word' id='word_1_287' title='bbox 2612 1384 2849 1451; x_wconf 89' lang='lat' dir='ltr'><strong>seipsum</strong></span> <span class='ocrx_word' id='word_1_288' title='bbox 2892 1382 2936 1435; x_wconf 88' lang='lat' dir='ltr'><strong>ei</strong></span> <span class='ocrx_word' id='word_1_289' title='bbox 2971 1380 3209 1441; x_wconf 88' lang='lat' dir='ltr'><strong>tradens.</strong></span> <span class='ocrx_word' id='word_1_290' title='bbox 3244 1380 3298 1431; x_wconf 88' lang='lat' dir='ltr'><strong>fit</strong></span> <span class='ocrx_word' id='word_1_291' title='bbox 3334 1395 3456 1432; x_wconf 89' lang='lat' dir='ltr'><strong>cum</strong></span> 
     </span>
    </p>
   </div>
   <div class='ocr_carea' id='block_1_42' title="bbox 1872 1473 3445 1544">
    <p class='ocr_par' dir='ltr' id='par_1_42' title="bbox 1872 1473 3445 1544">
     <span class='ocr_line' id='line_1_42' title="bbox 1872 1473 3445 1544; baseline 0.001 -19"><span class='ocrx_word' id='word_1_292' title='bbox 1872 1473 1985 1543; x_wconf 84' lang='lat' dir='ltr'><strong>ipsa</strong></span> <span class='ocrx_word' id='word_1_293' title='bbox 2029 1473 2201 1528; x_wconf 64' lang='lat' dir='ltr'><strong>hmres</strong></span> <span class='ocrx_word' id='word_1_294' title='bbox 2242 1490 2456 1527; x_wconf 68' lang='lat' dir='ltr'><strong>coronae</strong></span> <span class='ocrx_word' id='word_1_295' title='bbox 2491 1474 2754 1544; x_wconf 70' lang='lat' dir='ltr'><strong>martyrii.</strong></span> <span class='ocrx_word' id='word_1_296' title='bbox 2801 1474 2934 1527; x_wconf 82' lang='lat' dir='ltr'><strong>Cum</strong></span> <span class='ocrx_word' id='word_1_297' title='bbox 2971 1475 3084 1527; x_wconf 55' lang='lat' dir='ltr'><strong>hac</strong></span> <span class='ocrx_word' id='word_1_298' title='bbox 3118 1474 3193 1525; x_wconf 80' lang='lat' dir='ltr'><strong>sic</strong></span> <span class='ocrx_word' id='word_1_299' title='bbox 3228 1473 3445 1534; x_wconf 85' lang='lat' dir='ltr'><strong>fierent.</strong></span> 
     </span>
    </p>
   </div>
   <div class='ocr_carea' id='block_1_43' title="bbox 1871 1565 3447 1633">
    <p class='ocr_par' dir='ltr' id='par_1_43' title="bbox 1871 1565 3447 1633">
     <span class='ocr_line' id='line_1_43' title="bbox 1871 1565 3447 1633; baseline -0.001 -16"><span class='ocrx_word' id='word_1_300' title='bbox 1871 1565 2195 1633; x_wconf 84' lang='lat' dir='ltr'><strong>patientium</strong></span> <span class='ocrx_word' id='word_1_301' title='bbox 2232 1565 2665 1619; x_wconf 85' lang='lat' dir='ltr'><strong>Christianorum</strong></span> <span class='ocrx_word' id='word_1_302' title='bbox 2694 1566 2821 1618; x_wconf 85' lang='lat' dir='ltr'><strong>moti</strong></span> <span class='ocrx_word' id='word_1_303' title='bbox 2858 1565 3228 1618; x_wconf 71' lang='lat' dir='ltr'><strong>misericordia</strong></span> <span class='ocrx_word' id='word_1_304' title='bbox 3282 1565 3314 1617; x_wconf 89' lang='lat' dir='ltr'><strong>ii</strong></span> <span class='ocrx_word' id='word_1_305' title='bbox 3355 1565 3447 1631; x_wconf 84' lang='lat' dir='ltr'><strong>qui</strong></span> 
     </span>
    </p>
   </div>
   <div class='ocr_carea' id='block_1_44' title="bbox 1870 1657 3456 1727">
    <p class='ocr_par' dir='ltr' id='par_1_44' title="bbox 1870 1657 3456 1727">
     <span class='ocr_line' id='line_1_44' title="bbox 1870 1657 3456 1727; baseline -0.003 -16"><span class='ocrx_word' id='word_1_306' title='bbox 1870 1665 2027 1711; x_wconf 87' lang='lat' dir='ltr'><strong>erant.</strong></span> <span class='ocrx_word' id='word_1_307' title='bbox 2092 1658 2237 1711; x_wconf 80' lang='lat' dir='ltr'><strong>circa</strong></span> <span class='ocrx_word' id='word_1_308' title='bbox 2302 1674 2481 1727; x_wconf 80' lang='lat' dir='ltr'><strong>regem</strong></span> <span class='ocrx_word' id='word_1_309' title='bbox 2545 1668 2598 1712; x_wconf 91' lang='lat' dir='ltr'><strong>et</strong></span> <span class='ocrx_word' id='word_1_310' title='bbox 2656 1659 2769 1727; x_wconf 88' lang='lat' dir='ltr'><strong>ipse</strong></span> <span class='ocrx_word' id='word_1_311' title='bbox 2820 1668 3068 1718; x_wconf 82' lang='lat' dir='ltr'><strong>senatus,</strong></span> <span class='ocrx_word' id='word_1_312' title='bbox 3101 1657 3361 1723; x_wconf 77' lang='lat' dir='ltr'><strong>rogabant</strong></span> <span class='ocrx_word' id='word_1_313' title='bbox 3397 1664 3456 1708; x_wconf 89' lang='lat' dir='ltr'><strong>ut.</strong></span> 
     </span>
    </p>
   </div>
   <div class='ocr_carea' id='block_1_45' title="bbox 1869 1750 3449 1819">
    <p class='ocr_par' dir='ltr' id='par_1_45' title="bbox 1869 1750 3449 1819">
     <span class='ocr_line' id='line_1_45' title="bbox 1869 1750 3449 1819; baseline -0.001 -14"><span class='ocrx_word' id='word_1_314' title='bbox 1869 1759 2097 1805; x_wconf 77' lang='lat' dir='ltr'><strong>cznteros</strong></span> <span class='ocrx_word' id='word_1_315' title='bbox 2157 1750 2447 1813; x_wconf 75' lang='lat' dir='ltr'><strong>relaxaret,</strong></span> <span class='ocrx_word' id='word_1_316' title='bbox 2508 1760 2563 1805; x_wconf 86' lang='lat' dir='ltr'><strong>et</strong></span> <span class='ocrx_word' id='word_1_317' title='bbox 2623 1766 2729 1803; x_wconf 82' lang='lat' dir='ltr'><strong>non</strong></span> <span class='ocrx_word' id='word_1_318' title='bbox 2787 1752 3008 1819; x_wconf 83' lang='lat' dir='ltr'><strong>penitus</strong></span> <span class='ocrx_word' id='word_1_319' title='bbox 3059 1751 3309 1818; x_wconf 76' lang='lat' dir='ltr'><strong>perderet</strong></span> <span class='ocrx_word' id='word_1_320' title='bbox 3342 1759 3449 1803; x_wconf 89' lang='lat' dir='ltr'><strong>tam</strong></span> 
     </span>
    </p>
   </div>
   <div class='ocr_carea' id='block_1_46' title="bbox 1871 1841 3456 1911">
    <p class='ocr_par' dir='ltr' id='par_1_46' title="bbox 1871 1841 3456 1911">
     <span class='ocr_line' id='line_1_46' title="bbox 1871 1841 3456 1911; baseline 0.001 -17"><span class='ocrx_word' id='word_1_321' title='bbox 1871 1856 2119 1910; x_wconf 77' lang='lat' dir='ltr'><strong>magnam</strong></span> <span class='ocrx_word' id='word_1_322' title='bbox 2154 1842 2448 1904; x_wconf 78' lang='lat' dir='ltr'><strong>civitatem,</strong></span> <span class='ocrx_word' id='word_1_323' title='bbox 2481 1851 2535 1896; x_wconf 91' lang='lat' dir='ltr'><strong>et</strong></span> <span class='ocrx_word' id='word_1_324' title='bbox 2594 1842 2792 1911; x_wconf 89' lang='lat' dir='ltr'><strong>populo</strong></span> <span class='ocrx_word' id='word_1_325' title='bbox 2852 1852 2957 1895; x_wconf 78' lang='lat' dir='ltr'><strong>tam</strong></span> <span class='ocrx_word' id='word_1_326' title='bbox 2998 1841 3337 1911; x_wconf 71' lang='lat' dir='ltr'><strong>frequentem</strong></span> <span class='ocrx_word' id='word_1_327' title='bbox 3400 1851 3456 1895; x_wconf 91' lang='lat' dir='ltr'><strong>et</strong></span> 
     </span>
    </p>
   </div>
   <div class='ocr_carea' id='block_1_47' title="bbox 1867 1932 3461 2004">
    <p class='ocr_par' dir='ltr' id='par_1_47' title="bbox 1867 1932 3461 2004">
     <span class='ocr_line' id='line_1_47' title="bbox 1867 1932 3461 2004; baseline -0.001 -17"><span class='ocrx_word' id='word_1_328' title='bbox 1867 1950 1988 2003; x_wconf 74' lang='lat' dir='ltr'><strong>qua:</strong></span> <span class='ocrx_word' id='word_1_329' title='bbox 2042 1935 2337 2003; x_wconf 84' lang='lat' dir='ltr'><strong>quotannis</strong></span> <span class='ocrx_word' id='word_1_330' title='bbox 2399 1950 2593 2004; x_wconf 79' lang='lat' dir='ltr'><strong>magna</strong></span> <span class='ocrx_word' id='word_1_331' title='bbox 2642 1934 2915 2003; x_wconf 82' lang='lat' dir='ltr'><strong>pendebat</strong></span> <span class='ocrx_word' id='word_1_332' title='bbox 2947 1934 3247 2003; x_wconf 75' lang='lat' dir='ltr'><strong>vectigalia.</strong></span> <span class='ocrx_word' id='word_1_333' title='bbox 3296 1932 3461 1986; x_wconf 87' lang='lat' dir='ltr'><strong>Post-</strong></span> 
     </span>
    </p>
   </div>
   <div class='ocr_carea' id='block_1_48' title="bbox 1865 2026 3458 2094">
    <p class='ocr_par' dir='ltr' id='par_1_48' title="bbox 1865 2026 3458 2094">
     <span class='ocr_line' id='line_1_48' title="bbox 1865 2026 3458 2094; baseline 0 -16"><span class='ocrx_word' id='word_1_334' title='bbox 1865 2041 2025 2094; x_wconf 90' lang='lat' dir='ltr'><strong>quam</strong></span> <span class='ocrx_word' id='word_1_335' title='bbox 2085 2035 2263 2080; x_wconf 88' lang='lat' dir='ltr'><strong>autem</strong></span> <span class='ocrx_word' id='word_1_336' title='bbox 2299 2026 2397 2079; x_wconf 88' lang='lat' dir='ltr'><strong>bac</strong></span> <span class='ocrx_word' id='word_1_337' title='bbox 2441 2027 2492 2079; x_wconf 92' lang='lat' dir='ltr'><strong>in</strong></span> <span class='ocrx_word' id='word_1_338' title='bbox 2547 2043 2603 2080; x_wconf 94' lang='lat' dir='ltr'><strong>re</strong></span> <span class='ocrx_word' id='word_1_339' title='bbox 2661 2028 2850 2080; x_wconf 86' lang='lat' dir='ltr'><strong>annuit</strong></span> <span class='ocrx_word' id='word_1_340' title='bbox 2880 2028 3013 2079; x_wconf 85' lang='lat' dir='ltr'><strong>dura</strong></span> <span class='ocrx_word' id='word_1_341' title='bbox 3049 2028 3134 2079; x_wconf 82' lang='lat' dir='ltr'><strong>illa</strong></span> <span class='ocrx_word' id='word_1_342' title='bbox 3174 2027 3348 2079; x_wconf 86' lang='lat' dir='ltr'><strong>anima</strong></span> <span class='ocrx_word' id='word_1_343' title='bbox 3403 2030 3458 2078; x_wconf 89' lang='lat' dir='ltr'><strong>ei</strong></span> 
     </span>
    </p>
   </div>
   <div class='ocr_carea' id='block_1_49' title="bbox 1869 2114 3458 2186">
    <p class='ocr_par' dir='ltr' id='par_1_49' title="bbox 1869 2114 3458 2186">
     <span class='ocr_line' id='line_1_49' title="bbox 1869 2114 3458 2186; baseline 0 -17"><span class='ocrx_word' id='word_1_344' title='bbox 1869 2115 2249 2170; x_wconf 87' lang='lat' dir='ltr'><strong>Pbaraonitica</strong></span> <span class='ocrx_word' id='word_1_345' title='bbox 2302 2116 2787 2186; x_wconf 79' lang='lat' dir='ltr'><strong>crudelitatemque</strong></span> <span class='ocrx_word' id='word_1_346' title='bbox 2866 2117 2998 2170; x_wconf 84' lang='lat' dir='ltr'><strong>vicit</strong></span> <span class='ocrx_word' id='word_1_347' title='bbox 3050 2116 3294 2176; x_wconf 68' lang='lat' dir='ltr'><strong>aiaiitia,</strong></span> <span class='ocrx_word' id='word_1_348' title='bbox 3327 2114 3458 2183; x_wconf 86' lang='lat' dir='ltr'><strong>quid</strong></span> 
     </span>
    </p>
   </div>
   <div class='ocr_carea' id='block_1_50' title="bbox 1864 2210 3457 2280">
    <p class='ocr_par' dir='ltr' id='par_1_50' title="bbox 1864 2210 3457 2280">
     <span class='ocr_line' id='line_1_50' title="bbox 1864 2210 3457 2280; baseline -0.001 -15"><span class='ocrx_word' id='word_1_349' title='bbox 1864 2210 2029 2267; x_wconf 72' lang='lat' dir='ltr'><strong>facit?</strong></span> <span class='ocrx_word' id='word_1_350' title='bbox 2057 2211 2191 2266; x_wconf 92' lang='lat' dir='ltr'><strong>Cum</strong></span> <span class='ocrx_word' id='word_1_351' title='bbox 2228 2212 2389 2280; x_wconf 85' lang='lat' dir='ltr'><strong>hujus</strong></span> <span class='ocrx_word' id='word_1_352' title='bbox 2435 2212 2672 2266; x_wconf 77' lang='lat' dir='ltr'><strong>civitatis</strong></span> <span class='ocrx_word' id='word_1_353' title='bbox 2718 2224 2771 2266; x_wconf 88' lang='lat' dir='ltr'><strong>et</strong></span> <span class='ocrx_word' id='word_1_354' title='bbox 2803 2213 2968 2266; x_wconf 90' lang='lat' dir='ltr'><strong>totius</strong></span> <span class='ocrx_word' id='word_1_355' title='bbox 3011 2211 3251 2279; x_wconf 77' lang='lat' dir='ltr'><strong>regionis</strong></span> <span class='ocrx_word' id='word_1_356' title='bbox 3306 2212 3457 2279; x_wconf 70' lang='lat' dir='ltr'><strong>juve-</strong></span> 
     </span>
    </p>
   </div>
   <div class='ocr_carea' id='block_1_51' title="bbox 1864 2297 3453 2371">
    <p class='ocr_par' dir='ltr' id='par_1_51' title="bbox 1864 2297 3453 2371">
     <span class='ocr_line' id='line_1_51' title="bbox 1864 2297 3453 2371; baseline -0.003 -16"><span class='ocrx_word' id='word_1_357' title='bbox 1864 2316 1986 2365; x_wconf 85' lang='lat' dir='ltr'><strong>nes,</strong></span> <span class='ocrx_word' id='word_1_358' title='bbox 2024 2309 2127 2354; x_wconf 91' lang='lat' dir='ltr'><strong>tam</strong></span> <span class='ocrx_word' id='word_1_359' title='bbox 2182 2301 2450 2357; x_wconf 87' lang='lat' dir='ltr'><strong>masculos</strong></span> <span class='ocrx_word' id='word_1_360' title='bbox 2496 2318 2655 2371; x_wconf 91' lang='lat' dir='ltr'><strong>quam</strong></span> <span class='ocrx_word' id='word_1_361' title='bbox 2714 2302 2965 2364; x_wconf 79' lang='lat' dir='ltr'><strong>feminas,</strong></span> <span class='ocrx_word' id='word_1_362' title='bbox 3036 2301 3334 2369; x_wconf 74' lang='lat' dir='ltr'><strong>redegisset</strong></span> <span class='ocrx_word' id='word_1_363' title='bbox 3402 2297 3453 2351; x_wconf 91' lang='lat' dir='ltr'><strong>in</strong></span> 
     </span>
    </p>
   </div>
   <div class='ocr_carea' id='block_1_52' title="bbox 1869 2392 3459 2464">
    <p class='ocr_par' dir='ltr' id='par_1_52' title="bbox 1869 2392 3459 2464">
     <span class='ocr_line' id='line_1_52' title="bbox 1869 2392 3459 2464; baseline -0.002 -15"><span class='ocrx_word' id='word_1_364' title='bbox 1869 2396 2213 2457; x_wconf 84' lang='lat' dir='ltr'><strong>servitutem,</strong></span> <span class='ocrx_word' id='word_1_365' title='bbox 2264 2410 2498 2464; x_wconf 89' lang='lat' dir='ltr'><strong>quorum</strong></span> <span class='ocrx_word' id='word_1_366' title='bbox 2568 2404 2724 2449; x_wconf 83' lang='lat' dir='ltr'><strong>erant</strong></span> <span class='ocrx_word' id='word_1_367' title='bbox 2764 2395 2928 2448; x_wconf 88' lang='lat' dir='ltr'><strong>multa</strong></span> <span class='ocrx_word' id='word_1_368' title='bbox 2993 2393 3181 2447; x_wconf 83' lang='lat' dir='ltr'><strong>millia.</strong></span> <span class='ocrx_word' id='word_1_369' title='bbox 3230 2402 3283 2446; x_wconf 87' lang='lat' dir='ltr'><strong>et</strong></span> <span class='ocrx_word' id='word_1_370' title='bbox 3325 2392 3459 2446; x_wconf 89' lang='lat' dir='ltr'><strong>alios</strong></span> 
     </span>
    </p>
   </div>
   <div class='ocr_carea' id='block_1_53' title="bbox 1862 2484 3453 2556">
    <p class='ocr_par' dir='ltr' id='par_1_53' title="bbox 1862 2484 3453 2556">
     <span class='ocr_line' id='line_1_53' title="bbox 1862 2484 3453 2556; baseline 0 -18"><span class='ocrx_word' id='word_1_371' title='bbox 1862 2485 2081 2556; x_wconf 86' lang='lat' dir='ltr'><strong>quidem</strong></span> <span class='ocrx_word' id='word_1_372' title='bbox 2143 2486 2258 2555; x_wconf 82' lang='lat' dir='ltr'><strong>ipse</strong></span> <span class='ocrx_word' id='word_1_373' title='bbox 2313 2487 2647 2550; x_wconf 88' lang='lat' dir='ltr'><strong>retinuisset,</strong></span> <span class='ocrx_word' id='word_1_374' title='bbox 2695 2488 2831 2541; x_wconf 89' lang='lat' dir='ltr'><strong>alios</strong></span> <span class='ocrx_word' id='word_1_375' title='bbox 2878 2496 3060 2540; x_wconf 90' lang='lat' dir='ltr'><strong>autem</strong></span> <span class='ocrx_word' id='word_1_376' title='bbox 3135 2484 3453 2538; x_wconf 80' lang='lat' dir='ltr'><strong>tradidisset</strong></span> 
     </span>
    </p>
   </div>
   <div class='ocr_carea' id='block_1_54' title="bbox 1863 2578 3448 2651">
    <p class='ocr_par' dir='ltr' id='par_1_54' title="bbox 1863 2578 3448 2651">
     <span class='ocr_line' id='line_1_54' title="bbox 1863 2578 3448 2651; baseline -0.002 -20"><span class='ocrx_word' id='word_1_377' title='bbox 1863 2581 2061 2651; x_wconf 85' lang='lat' dir='ltr'><strong>quibus</strong></span> <span class='ocrx_word' id='word_1_378' title='bbox 2092 2582 2281 2641; x_wconf 83' lang='lat' dir='ltr'><strong>voluit,</strong></span> <span class='ocrx_word' id='word_1_379' title='bbox 2324 2597 2575 2636; x_wconf 79' lang='lat' dir='ltr'><strong>reversus</strong></span> <span class='ocrx_word' id='word_1_380' title='bbox 2609 2591 2692 2635; x_wconf 89' lang='lat' dir='ltr'><strong>cst</strong></span> <span class='ocrx_word' id='word_1_381' title='bbox 2742 2582 2793 2634; x_wconf 89' lang='lat' dir='ltr'><strong>in</strong></span> <span class='ocrx_word' id='word_1_382' title='bbox 2824 2581 3046 2649; x_wconf 77' lang='lat' dir='ltr'><strong>regiam,</strong></span> <span class='ocrx_word' id='word_1_383' title='bbox 3104 2578 3279 2631; x_wconf 85' lang='lat' dir='ltr'><strong>libera</strong></span> <span class='ocrx_word' id='word_1_384' title='bbox 3314 2578 3448 2630; x_wconf 82' lang='lat' dir='ltr'><strong>civi-</strong></span> 
     </span>
    </p>
   </div>
   <div class='ocr_carea' id='block_1_55' title="bbox 1864 2669 3457 2743">
    <p class='ocr_par' dir='ltr' id='par_1_55' title="bbox 1864 2669 3457 2743">
     <span class='ocr_line' id='line_1_55' title="bbox 1864 2669 3457 2743; baseline -0.004 -18"><span class='ocrx_word' id='word_1_385' title='bbox 1864 2681 1974 2727; x_wconf 87' lang='lat' dir='ltr'><strong>tate</strong></span> <span class='ocrx_word' id='word_1_386' title='bbox 1999 2673 2191 2727; x_wconf 70' lang='lat' dir='ltr'><strong>etl‘ecta</strong></span> <span class='ocrx_word' id='word_1_387' title='bbox 2229 2690 2408 2736; x_wconf 78' lang='lat' dir='ltr'><strong>serva,</strong></span> <span class='ocrx_word' id='word_1_388' title='bbox 2452 2691 2569 2743; x_wconf 68' lang='lat' dir='ltr'><strong>qua:</strong></span> <span class='ocrx_word' id='word_1_389' title='bbox 2607 2675 2855 2727; x_wconf 85' lang='lat' dir='ltr'><strong>dedicata</strong></span> <span class='ocrx_word' id='word_1_390' title='bbox 2879 2681 2996 2727; x_wconf 87' lang='lat' dir='ltr'><strong>erat</strong></span> <span class='ocrx_word' id='word_1_391' title='bbox 3033 2671 3129 2725; x_wconf 87' lang='lat' dir='ltr'><strong>soli</strong></span> <span class='ocrx_word' id='word_1_392' title='bbox 3168 2669 3457 2731; x_wconf 84' lang='lat' dir='ltr'><strong>Trinitati,</strong></span> 
     </span>
    </p>
   </div>
   <div class='ocr_carea' id='block_1_56' title="bbox 1871 2762 3456 2835">
    <p class='ocr_par' dir='ltr' id='par_1_56' title="bbox 1871 2762 3456 2835">
     <span class='ocr_line' id='line_1_56' title="bbox 1871 2762 3456 2835; baseline -0.002 -18"><span class='ocrx_word' id='word_1_393' title='bbox 1871 2781 2031 2833; x_wconf 88' lang='lat' dir='ltr'><strong>quam</strong></span> <span class='ocrx_word' id='word_1_394' title='bbox 2066 2765 2179 2834; x_wconf 82' lang='lat' dir='ltr'><strong>ipse</strong></span> <span class='ocrx_word' id='word_1_395' title='bbox 2237 2766 2489 2820; x_wconf 88' lang='lat' dir='ltr'><strong>Christus</strong></span> <span class='ocrx_word' id='word_1_396' title='bbox 2547 2765 2777 2820; x_wconf 86' lang='lat' dir='ltr'><strong>redemit</strong></span> <span class='ocrx_word' id='word_1_397' title='bbox 2811 2765 3030 2835; x_wconf 74' lang='lat' dir='ltr'><strong>proprio</strong></span> <span class='ocrx_word' id='word_1_398' title='bbox 3076 2762 3365 2830; x_wconf 75' lang='lat' dir='ltr'><strong>sanguine,</strong></span> <span class='ocrx_word' id='word_1_399' title='bbox 3401 2770 3456 2814; x_wconf 89' lang='lat' dir='ltr'><strong>et</strong></span> 
     </span>
    </p>
   </div>
   <div class='ocr_carea' id='block_1_57' title="bbox 1866 2855 3452 2927">
    <p class='ocr_par' dir='ltr' id='par_1_57' title="bbox 1866 2855 3452 2927">
     <span class='ocr_line' id='line_1_57' title="bbox 1866 2855 3452 2927; baseline -0.004 -16"><span class='ocrx_word' id='word_1_400' title='bbox 1866 2873 1988 2927; x_wconf 64' lang='lat' dir='ltr'><strong>quae</strong></span> <span class='ocrx_word' id='word_1_401' title='bbox 2047 2856 2097 2910; x_wconf 91' lang='lat' dir='ltr'><strong>ei</strong></span> <span class='ocrx_word' id='word_1_402' title='bbox 2152 2857 2347 2911; x_wconf 82' lang='lat' dir='ltr'><strong>obtulit</strong></span> <span class='ocrx_word' id='word_1_403' title='bbox 2404 2865 2610 2911; x_wconf 75' lang='lat' dir='ltr'><strong>tantum</strong></span> <span class='ocrx_word' id='word_1_404' title='bbox 2663 2870 2953 2927; x_wconf 77' lang='lat' dir='ltr'><strong>martyrum</strong></span> <span class='ocrx_word' id='word_1_405' title='bbox 3006 2855 3452 2917; x_wconf 84' lang='lat' dir='ltr'><strong>multitudinem,</strong></span> 
     </span>
    </p>
   </div>
   <div class='ocr_carea' id='block_1_58' title="bbox 1871 2948 3453 3019">
    <p class='ocr_par' dir='ltr' id='par_1_58' title="bbox 1871 2948 3453 3019">
     <span class='ocr_line' id='line_1_58' title="bbox 1871 2948 3453 3019; baseline -0.004 -16"><span class='ocrx_word' id='word_1_406' title='bbox 1871 2965 2058 3003; x_wconf 90' lang='lat' dir='ltr'><strong>eorum</strong></span> <span class='ocrx_word' id='word_1_407' title='bbox 2090 2949 2346 3004; x_wconf 78' lang='lat' dir='ltr'><strong>victorias</strong></span> <span class='ocrx_word' id='word_1_408' title='bbox 2377 2959 2434 3004; x_wconf 90' lang='lat' dir='ltr'><strong>et</strong></span> <span class='ocrx_word' id='word_1_409' title='bbox 2480 2951 2780 3003; x_wconf 85' lang='lat' dir='ltr'><strong>certamina</strong></span> <span class='ocrx_word' id='word_1_410' title='bbox 2840 2949 3098 3019; x_wconf 72' lang='lat' dir='ltr'><strong>praeclare</strong></span> <span class='ocrx_word' id='word_1_411' title='bbox 3146 2948 3453 3019; x_wconf 64' lang='lat' dir='ltr'><strong>praedicans</strong></span> 
     </span>
    </p>
   </div>
   <div class='ocr_carea' id='block_1_59' title="bbox 1876 3041 2208 3097">
    <p class='ocr_par' dir='ltr' id='par_1_59' title="bbox 1876 3041 2208 3097">
     <span class='ocr_line' id='line_1_59' title="bbox 1876 3041 2208 3097; baseline 0.018 -6"><span class='ocrx_word' id='word_1_412' title='bbox 1876 3041 1993 3092; x_wconf 90' lang='lat' dir='ltr'><strong>orbi</strong></span> <span class='ocrx_word' id='word_1_413' title='bbox 2032 3050 2208 3097; x_wconf 68' lang='lat' dir='ltr'><strong>terra}.</strong></span> 
     </span>
    </p>
   </div>
   <div class='ocr_carea' id='block_1_60' title="bbox 184 3128 3454 3207">
    <p class='ocr_par' dir='ltr' id='par_1_60' title="bbox 184 3128 3454 3207">
     <span class='ocr_line' id='line_1_60' title="bbox 184 3128 3454 3207; baseline 0 -24"><span class='ocrx_word' id='word_1_414' title='bbox 184 3130 456 3200; x_wconf 77' lang='grc' dir='ltr'>τοσαύτην</span> <span class='ocrx_word' id='word_1_415' title='bbox 488 3128 637 3199; x_wconf 79' lang='grc' dir='ltr'><strong>αὐτῷ</strong></span> <span class='ocrx_word' id='word_1_416' title='bbox 679 3128 976 3200; x_wconf 88' lang='grc' dir='ltr'>μαρτύρων</span> <span class='ocrx_word' id='word_1_417' title='bbox 1002 3128 1228 3199; x_wconf 83' lang='grc' dir='ltr'>χορείαν</span> <span class='ocrx_word' id='word_1_418' title='bbox 1270 3130 1616 3199; x_wconf 78' lang='grc' dir='ltr'>προσήγαγε,</span> <span class='ocrx_word' id='word_1_419' title='bbox 1643 3131 1774 3192; x_wconf 70' lang='grc' dir='ltr'>τοὺς</span> <span class='ocrx_word' id='word_1_420' title='bbox 1832 3130 2049 3198; x_wconf 82' lang='grc' dir='ltr'>ἀγῶνας</span> <span class='ocrx_word' id='word_1_421' title='bbox 2079 3134 2261 3188; x_wconf 73' lang='grc' dir='ltr'>αὐτῶν</span> <span class='ocrx_word' id='word_1_422' title='bbox 2293 3138 2383 3189; x_wconf 81' lang='grc' dir='ltr'>καὶ</span> <span class='ocrx_word' id='word_1_423' title='bbox 2443 3135 2545 3199; x_wconf 81' lang='grc' dir='ltr'><strong>τὰς</strong></span> <span class='ocrx_word' id='word_1_424' title='bbox 2607 3135 2766 3197; x_wconf 82' lang='grc' dir='ltr'>νίκας</span> <span class='ocrx_word' id='word_1_425' title='bbox 2829 3135 3099 3207; x_wconf 64' lang='grc' dir='ltr'>λαμπρῶς</span> <span class='ocrx_word' id='word_1_426' title='bbox 3152 3136 3217 3204; x_wconf 72' lang='grc' dir='ltr'>τῇ</span> <span class='ocrx_word' id='word_1_427' title='bbox 3272 3134 3454 3185; x_wconf 71' lang='grc' dir='ltr'>οἱκουο</span> 
     </span>
    </p>
   </div>
   <div class='ocr_carea' id='block_1_61' title="bbox 189 3221 781 3292">
    <p class='ocr_par' dir='ltr' id='par_1_61' title="bbox 189 3221 781 3292">
     <span class='ocr_line' id='line_1_61' title="bbox 189 3221 781 3292; baseline -0.002 -17"><span class='ocrx_word' id='word_1_428' title='bbox 189 3223 325 3292; x_wconf 81' lang='grc' dir='ltr'>μένῃ</span> <span class='ocrx_word' id='word_1_429' title='bbox 362 3221 781 3291; x_wconf 78' lang='grc' dir='ltr'>ἀνακηρύξασα.</span> 
     </span>
    </p>
   </div>
   <div class='ocr_carea' id='block_1_62' title="bbox 259 3313 1763 3385">
    <p class='ocr_par' dir='ltr' id='par_1_62' title="bbox 259 3316 1763 3385">
     <span class='ocr_line' id='line_1_62' title="bbox 259 3316 1763 3385; baseline 0.001 -17"><span class='ocrx_word' id='word_1_430' title='bbox 259 3318 386 3370; x_wconf 74' lang='grc' dir='ltr'>κε’.</span> <span class='ocrx_word' id='word_1_431' title='bbox 418 3316 527 3370; x_wconf 77' lang='grc' dir='ltr'><strong>Καὶ</strong></span> <span class='ocrx_word' id='word_1_432' title='bbox 558 3317 730 3369; x_wconf 84' lang='grc' dir='ltr'>ταῦτα</span> <span class='ocrx_word' id='word_1_433' title='bbox 766 3318 863 3383; x_wconf 80' lang='grc' dir='ltr'>μὲν</span> <span class='ocrx_word' id='word_1_434' title='bbox 894 3316 957 3385; x_wconf 81' lang='grc' dir='ltr'>δὴ</span> <span class='ocrx_word' id='word_1_435' title='bbox 993 3319 1218 3369; x_wconf 84' lang='grc' dir='ltr'>τοιαῦτα</span> <span class='ocrx_word' id='word_1_436' title='bbox 1266 3318 1359 3368; x_wconf 76' lang='grc' dir='ltr'><strong>καὶ</strong></span> <span class='ocrx_word' id='word_1_437' title='bbox 1415 3316 1587 3379; x_wconf 81' lang='grc' dir='ltr'>οὕτως</span> <span class='ocrx_word' id='word_1_438' title='bbox 1618 3318 1763 3385; x_wconf 79' lang='grc' dir='ltr'>ἕχον-</span> 
     </span>
    </p>
   </div>
   <div class='ocr_carea' id='block_1_63' title="bbox 1868 3313 3456 3385">
    <p class='ocr_par' dir='ltr' id='par_1_63' title="bbox 1947 3313 3456 3384">
     <span class='ocr_line' id='line_1_63' title="bbox 1947 3313 3456 3384; baseline 0.004 -17"><span class='ocrx_word' id='word_1_439' title='bbox 1947 3313 2115 3369; x_wconf 72' lang='lat' dir='ltr'><strong>XXV.</strong></span> <span class='ocrx_word' id='word_1_440' title='bbox 2151 3316 2216 3369; x_wconf 84' lang='lat' dir='ltr'><strong>Et</strong></span> <span class='ocrx_word' id='word_1_441' title='bbox 2276 3316 2391 3369; x_wconf 67' lang='lat' dir='ltr'><strong>haec</strong></span> <span class='ocrx_word' id='word_1_442' title='bbox 2447 3314 2666 3384; x_wconf 88' lang='lat' dir='ltr'><strong>quidem</strong></span> <span class='ocrx_word' id='word_1_443' title='bbox 2702 3316 2773 3369; x_wconf 88' lang='lat' dir='ltr'><strong>ita</strong></span> <span class='ocrx_word' id='word_1_444' title='bbox 2810 3330 2867 3368; x_wconf 89' lang='lat' dir='ltr'><strong>se</strong></span> <span class='ocrx_word' id='word_1_445' title='bbox 2920 3314 3215 3369; x_wconf 81' lang='lat' dir='ltr'><strong>habebant.</strong></span> <span class='ocrx_word' id='word_1_446' title='bbox 3254 3317 3456 3373; x_wconf 81' lang='lat' dir='ltr'><strong>Rever-</strong></span> 
     </span>
    </p>
   </div>
   <div class='ocr_carea' id='block_1_64' title="bbox 184 3407 1765 3479">
    <p class='ocr_par' dir='ltr' id='par_1_64' title="bbox 184 3407 1765 3479">
     <span class='ocr_line' id='line_1_64' title="bbox 184 3407 1765 3479; baseline -0.002 -16"><span class='ocrx_word' id='word_1_447' title='bbox 184 3426 273 3463; x_wconf 78' lang='grc' dir='ltr'>τα.</span> <span class='ocrx_word' id='word_1_448' title='bbox 318 3409 831 3477; x_wconf 73' lang='grc' dir='ltr'>’Υποστρέφοντιδέ</span> <span class='ocrx_word' id='word_1_449' title='bbox 886 3407 963 3478; x_wconf 83' lang='grc' dir='ltr'>τῷ</span> <span class='ocrx_word' id='word_1_450' title='bbox 1013 3410 1253 3479; x_wconf 75' lang='grc' dir='ltr'>Ἑϐραίῳ</span> <span class='ocrx_word' id='word_1_451' title='bbox 1302 3408 1412 3477; x_wconf 89' lang='grc' dir='ltr'><strong>πῦρ</strong></span> <span class='ocrx_word' id='word_1_452' title='bbox 1449 3408 1533 3476; x_wconf 73' lang='grc' dir='ltr'><strong>ἐφ’</strong></span> <span class='ocrx_word' id='word_1_453' title='bbox 1576 3410 1765 3471; x_wconf 71' lang='grc' dir='ltr'>ίκανὲις</span> 
     </span>
    </p>
   </div>
   <div class='ocr_carea' id='block_1_65' title="bbox 186 3500 1765 3577">
    <p class='ocr_par' dir='ltr' id='par_1_65' title="bbox 186 3500 1765 3577">
     <span class='ocr_line' id='line_1_65' title="bbox 186 3500 1765 3577; baseline 0 -24"><span class='ocrx_word' id='word_1_454' title='bbox 186 3500 402 3571; x_wconf 72' lang='grc' dir='ltr'>ἡμέρας</span> <span class='ocrx_word' id='word_1_455' title='bbox 442 3502 654 3571; x_wconf 78' lang='grc' dir='ltr'>ἑωρᾶτο</span> <span class='ocrx_word' id='word_1_456' title='bbox 686 3501 753 3553; x_wconf 85' lang='grc' dir='ltr'>δι’</span> <span class='ocrx_word' id='word_1_457' title='bbox 786 3503 910 3571; x_wconf 79' lang='grc' dir='ltr'>ὅλης</span> <span class='ocrx_word' id='word_1_458' title='bbox 941 3502 1131 3565; x_wconf 65' lang='grc' dir='ltr'>νυκτὸς</span> <span class='ocrx_word' id='word_1_459' title='bbox 1164 3502 1254 3554; x_wconf 73' lang='grc' dir='ltr'><strong>τὸν</strong></span> <span class='ocrx_word' id='word_1_460' title='bbox 1284 3501 1481 3571; x_wconf 78' lang='grc' dir='ltr'>αἰθέρα</span> <span class='ocrx_word' id='word_1_461' title='bbox 1502 3500 1765 3577; x_wconf 77' lang='grc' dir='ltr'>πληροῦν,</span> 
     </span>
    </p>
   </div>
   <div class='ocr_carea' id='block_1_66' title="bbox 184 3593 1767 3663">
    <p class='ocr_par' dir='ltr' id='par_1_66' title="bbox 184 3593 1767 3663">
     <span class='ocr_line' id='line_1_66' title="bbox 184 3593 1767 3663; baseline -0.003 -14"><span class='ocrx_word' id='word_1_462' title='bbox 184 3596 280 3649; x_wconf 73' lang='grc' dir='ltr'><strong>καὶ</strong></span> <span class='ocrx_word' id='word_1_463' title='bbox 319 3594 483 3647; x_wconf 77' lang='grc' dir='ltr'>αὐτόν</span> <span class='ocrx_word' id='word_1_464' title='bbox 506 3613 564 3647; x_wconf 89' lang='grc' dir='ltr'><strong>τε</strong></span> <span class='ocrx_word' id='word_1_465' title='bbox 597 3597 841 3648; x_wconf 74' lang='grc' dir='ltr'>Δουνααν</span> <span class='ocrx_word' id='word_1_466' title='bbox 865 3594 961 3647; x_wconf 66' lang='grc' dir='ltr'>καὶ</span> <span class='ocrx_word' id='word_1_467' title='bbox 1008 3593 1108 3661; x_wconf 70' lang='grc' dir='ltr'><strong>τὴν</strong></span> <span class='ocrx_word' id='word_1_468' title='bbox 1143 3593 1309 3645; x_wconf 66' lang='grc' dir='ltr'>αὑτοῦ</span> <span class='ocrx_word' id='word_1_469' title='bbox 1366 3594 1627 3663; x_wconf 68' lang='grc' dir='ltr'>στρατιὰν</span> <span class='ocrx_word' id='word_1_470' title='bbox 1651 3596 1767 3658; x_wconf 80' lang='grc' dir='ltr'>ἐξε-</span> 
     </span>
    </p>
   </div>
   <div class='ocr_carea' id='block_1_67' title="bbox 183 3684 1766 3755">
    <p class='ocr_par' dir='ltr' id='par_1_67' title="bbox 183 3684 1766 3755">
     <span class='ocr_line' id='line_1_67' title="bbox 183 3684 1766 3755; baseline -0.002 -17"><span class='ocrx_word' id='word_1_471' title='bbox 183 3686 463 3754; x_wconf 66' lang='grc' dir='ltr'>δειμάτου,</span> <span class='ocrx_word' id='word_1_472' title='bbox 504 3687 599 3738; x_wconf 72' lang='grc' dir='ltr'>καὶ</span> <span class='ocrx_word' id='word_1_473' title='bbox 632 3685 731 3755; x_wconf 76' lang='grc' dir='ltr'>τὴν</span> <span class='ocrx_word' id='word_1_474' title='bbox 760 3686 930 3753; x_wconf 74' lang='grc' dir='ltr'>ὀργὴν</span> <span class='ocrx_word' id='word_1_475' title='bbox 964 3685 1107 3736; x_wconf 72' lang='grc' dir='ltr'>κατὰ</span> <span class='ocrx_word' id='word_1_476' title='bbox 1139 3686 1245 3736; x_wconf 72' lang='grc' dir='ltr'><strong>τῶν</strong></span> <span class='ocrx_word' id='word_1_477' title='bbox 1283 3684 1497 3735; x_wconf 81' lang='grc' dir='ltr'>ἀσεϐῶν</span> <span class='ocrx_word' id='word_1_478' title='bbox 1524 3686 1766 3752; x_wconf 78' lang='grc' dir='ltr'>ἐτεκμη·</span> 
     </span>
    </p>
   </div>
   <div class='ocr_carea' id='block_1_68' title="bbox 185 3772 1751 3846">
    <p class='ocr_par' dir='ltr' id='par_1_68' title="bbox 185 3772 1751 3846">
     <span class='ocr_line' id='line_1_68' title="bbox 185 3772 1751 3846; baseline -0.001 -20"><span class='ocrx_word' id='word_1_479' title='bbox 185 3776 388 3846; x_wconf 85' lang='grc' dir='ltr'>ριοῦτο.</span> <span class='ocrx_word' id='word_1_480' title='bbox 449 3772 583 3828; x_wconf 80' lang='grc' dir='ltr'>Εἶτα</span> <span class='ocrx_word' id='word_1_481' title='bbox 610 3777 704 3826; x_wconf 77' lang='grc' dir='ltr'>καὶ</span> <span class='ocrx_word' id='word_1_482' title='bbox 738 3774 848 3843; x_wconf 88' lang='grc' dir='ltr'><strong>πῦρ</strong></span> <span class='ocrx_word' id='word_1_483' title='bbox 900 3774 1195 3844; x_wconf 84' lang='grc' dir='ltr'>ἄνωθεν,ή</span> <span class='ocrx_word' id='word_1_484' title='bbox 1257 3774 1476 3844; x_wconf 78' lang='grc' dir='ltr'>ἐντελὴς</span> <span class='ocrx_word' id='word_1_485' title='bbox 1531 3772 1751 3843; x_wconf 77' lang='grc' dir='ltr'>μάστιξ,</span> 
     </span>
    </p>
   </div>
   <div class='ocr_carea' id='block_1_69' title="bbox 184 3866 1764 3938">
    <p class='ocr_par' dir='ltr' id='par_1_69' title="bbox 184 3866 1764 3938">
     <span class='ocr_line' id='line_1_69' title="bbox 184 3866 1764 3938; baseline -0.003 -17"><span class='ocrx_word' id='word_1_486' title='bbox 184 3870 400 3938; x_wconf 68' lang='grc' dir='ltr'>ἐπὶτὴν</span> <span class='ocrx_word' id='word_1_487' title='bbox 430 3870 551 3937; x_wconf 78' lang='grc' dir='ltr'>γῆν,</span> <span class='ocrx_word' id='word_1_488' title='bbox 586 3868 729 3920; x_wconf 82' lang='grc' dir='ltr'>ῦετο.</span> <span class='ocrx_word' id='word_1_489' title='bbox 773 3866 913 3920; x_wconf 80' lang='grc' dir='ltr'>Ἀλλ’</span> <span class='ocrx_word' id='word_1_490' title='bbox 957 3866 1077 3918; x_wconf 81' lang='grc' dir='ltr'><strong>ούδέ</strong></span> <span class='ocrx_word' id='word_1_491' title='bbox 1128 3867 1300 3937; x_wconf 76' lang='grc' dir='ltr'>βραχῦ</span> <span class='ocrx_word' id='word_1_492' title='bbox 1342 3867 1607 3927; x_wconf 83' lang='grc' dir='ltr'>συνιέναι,</span> <span class='ocrx_word' id='word_1_493' title='bbox 1643 3867 1764 3918; x_wconf 76' lang='grc' dir='ltr'>οὐδὲ</span> 
     </span>
    </p>
   </div>
   <div class='ocr_carea' id='block_1_70' title="bbox 189 3956 1768 4032">
    <p class='ocr_par' dir='ltr' id='par_1_70' title="bbox 189 3956 1768 4032">
     <span class='ocr_line' id='line_1_70' title="bbox 189 3956 1768 4032; baseline -0.01 -17"><span class='ocrx_word' id='word_1_494' title='bbox 189 3961 628 4032; x_wconf 75' lang='grc' dir='ltr'>σωφρονίζεσθαι</span> <span class='ocrx_word' id='word_1_495' title='bbox 659 3956 804 4030; x_wconf 71' lang='grc' dir='ltr'>εἶχεν</span> <span class='ocrx_word' id='word_1_496' title='bbox 831 3960 859 4012; x_wconf 96' lang='lat'><strong>6</strong></span> <span class='ocrx_word' id='word_1_497' title='bbox 889 3958 1191 4025; x_wconf 80' lang='grc' dir='ltr'>ἀλιτήριος,</span> <span class='ocrx_word' id='word_1_498' title='bbox 1233 3959 1341 4011; x_wconf 78' lang='grc' dir='ltr'>οὐδ’</span> <span class='ocrx_word' id='word_1_499' title='bbox 1376 3957 1479 4010; x_wconf 76' lang='grc' dir='ltr'>ὑπὸ</span> <span class='ocrx_word' id='word_1_500' title='bbox 1508 3961 1607 4028; x_wconf 74' lang='grc' dir='ltr'>τὴν</span> <span class='ocrx_word' id='word_1_501' title='bbox 1638 3974 1768 4027; x_wconf 71' lang='grc' dir='ltr'>κρα.</span> 
     </span>
    </p>
   </div>
   <div class='ocr_carea' id='block_1_71' title="bbox 188 4050 1766 4122">
    <p class='ocr_par' dir='ltr' id='par_1_71' title="bbox 188 4050 1766 4122">
     <span class='ocr_line' id='line_1_71' title="bbox 188 4050 1766 4122; baseline -0.002 -16"><span class='ocrx_word' id='word_1_502' title='bbox 188 4055 351 4107; x_wconf 77' lang='grc' dir='ltr'>ταιὰν</span> <span class='ocrx_word' id='word_1_503' title='bbox 383 4054 480 4106; x_wconf 86' lang='grc' dir='ltr'><strong>τοῦ</strong></span> <span class='ocrx_word' id='word_1_504' title='bbox 521 4053 660 4105; x_wconf 84' lang='grc' dir='ltr'>Θεοῦ</span> <span class='ocrx_word' id='word_1_505' title='bbox 700 4054 859 4122; x_wconf 81' lang='grc' dir='ltr'>χεῖρα</span> <span class='ocrx_word' id='word_1_506' title='bbox 896 4050 1298 4104; x_wconf 80' lang='grc' dir='ltr'>καλύπτεσθαι.</span> <span class='ocrx_word' id='word_1_507' title='bbox 1344 4052 1437 4114; x_wconf 83' lang='grc' dir='ltr'><strong>Εἰς</strong></span> <span class='ocrx_word' id='word_1_508' title='bbox 1466 4051 1625 4105; x_wconf 82' lang='grc' dir='ltr'>τοῦτο</span> <span class='ocrx_word' id='word_1_509' title='bbox 1656 4051 1766 4121; x_wconf 83' lang='grc' dir='ltr'><strong>γὰρ</strong></span> 
     </span>
    </p>
   </div>
   <div class='ocr_carea' id='block_1_72' title="bbox 188 4141 1765 4216">
    <p class='ocr_par' dir='ltr' id='par_1_72' title="bbox 188 4141 1765 4216">
     <span class='ocr_line' id='line_1_72' title="bbox 188 4141 1765 4216; baseline -0.003 -18"><span class='ocrx_word' id='word_1_510' title='bbox 188 4148 394 4216; x_wconf 79' lang='grc' dir='ltr'>μανίας</span> <span class='ocrx_word' id='word_1_511' title='bbox 430 4145 635 4213; x_wconf 73' lang='grc' dir='ltr'>ἐξήχθη</span> <span class='ocrx_word' id='word_1_512' title='bbox 670 4145 809 4195; x_wconf 77' lang='grc' dir='ltr'>κατὰ</span> <span class='ocrx_word' id='word_1_513' title='bbox 838 4142 1202 4213; x_wconf 83' lang='grc' dir='ltr'>Χριστιανῶν,</span> <span class='ocrx_word' id='word_1_514' title='bbox 1236 4142 1321 4204; x_wconf 75' lang='grc' dir='ltr'>ὡς</span> <span class='ocrx_word' id='word_1_515' title='bbox 1340 4144 1434 4195; x_wconf 73' lang='grc' dir='ltr'>καὶ</span> <span class='ocrx_word' id='word_1_516' title='bbox 1466 4141 1765 4210; x_wconf 83' lang='grc' dir='ltr'>πρεσϐείαν</span> 
     </span>
    </p>
   </div>
   <div class='ocr_carea' id='block_1_73' title="bbox 186 4234 1767 4308">
    <p class='ocr_par' dir='ltr' id='par_1_73' title="bbox 186 4234 1767 4308">
     <span class='ocr_line' id='line_1_73' title="bbox 186 4234 1767 4308; baseline -0.004 -16"><span class='ocrx_word' id='word_1_517' title='bbox 186 4237 475 4308; x_wconf 74' lang='grc' dir='ltr'>ἐκπέμψαι</span> <span class='ocrx_word' id='word_1_518' title='bbox 505 4236 584 4306; x_wconf 83' lang='grc' dir='ltr'>τῷ</span> <span class='ocrx_word' id='word_1_519' title='bbox 638 4237 746 4288; x_wconf 84' lang='grc' dir='ltr'><strong>τῶν</strong></span> <span class='ocrx_word' id='word_1_520' title='bbox 791 4236 1019 4304; x_wconf 62' lang='grc' dir='ltr'>Περσῶν</span> <span class='ocrx_word' id='word_1_521' title='bbox 1055 4234 1283 4303; x_wconf 81' lang='grc' dir='ltr'>βασιλεῖ,</span> <span class='ocrx_word' id='word_1_522' title='bbox 1318 4235 1485 4299; x_wconf 80' lang='grc' dir='ltr'>ἀξιῶν</span> <span class='ocrx_word' id='word_1_523' title='bbox 1520 4236 1615 4285; x_wconf 73' lang='grc' dir='ltr'><strong>καὶ</strong></span> <span class='ocrx_word' id='word_1_524' title='bbox 1668 4234 1767 4286; x_wconf 78' lang='grc' dir='ltr'><strong>αὖ·</strong></span> 
     </span>
    </p>
   </div>
   <div class='ocr_carea' id='block_1_74' title="bbox 142 4324 1764 4398">
    <p class='ocr_par' dir='ltr' id='par_1_74' title="bbox 142 4324 1764 4398">
     <span class='ocr_line' id='line_1_74' title="bbox 142 4324 1764 4398; baseline -0.004 -14"><span class='ocrx_word' id='word_1_525' title='bbox 142 4374 151 4383; x_wconf 89' lang='grc'><strong>.</strong></span> <span class='ocrx_word' id='word_1_526' title='bbox 184 4334 279 4384; x_wconf 71' lang='grc' dir='ltr'><strong>τὸν</strong></span> <span class='ocrx_word' id='word_1_527' title='bbox 311 4333 382 4383; x_wconf 74' lang='grc' dir='ltr'><strong>τὰ</strong></span> <span class='ocrx_word' id='word_1_528' title='bbox 429 4332 591 4398; x_wconf 83' lang='grc' dir='ltr'>ὅμοια</span> <span class='ocrx_word' id='word_1_529' title='bbox 642 4328 863 4396; x_wconf 73' lang='grc' dir='ltr'>δρᾶσαι,</span> <span class='ocrx_word' id='word_1_530' title='bbox 916 4325 1010 4378; x_wconf 75' lang='grc' dir='ltr'><strong>καὶ</strong></span> <span class='ocrx_word' id='word_1_531' title='bbox 1041 4326 1250 4388; x_wconf 81' lang='grc' dir='ltr'>πάντας</span> <span class='ocrx_word' id='word_1_532' title='bbox 1280 4327 1405 4388; x_wconf 80' lang='grc' dir='ltr'>τοὺς</span> <span class='ocrx_word' id='word_1_533' title='bbox 1439 4324 1764 4394; x_wconf 81' lang='grc' dir='ltr'>εὑρισκομέ-</span> 
     </span>
    </p>
   </div>
   <div class='ocr_carea' id='block_1_75' title="bbox 188 4416 1758 4489">
    <p class='ocr_par' dir='ltr' id='par_1_75' title="bbox 188 4416 1758 4489">
     <span class='ocr_line' id='line_1_75' title="bbox 188 4416 1758 4489; baseline -0.005 -14"><span class='ocrx_word' id='word_1_534' title='bbox 188 4440 307 4488; x_wconf 83' lang='grc' dir='ltr'>νους</span> <span class='ocrx_word' id='word_1_535' title='bbox 353 4422 447 4477; x_wconf 83' lang='grc' dir='ltr'><strong>ὑπ’</strong></span> <span class='ocrx_word' id='word_1_536' title='bbox 478 4421 672 4489; x_wconf 81' lang='grc' dir='ltr'>ἐκείνῳ</span> <span class='ocrx_word' id='word_1_537' title='bbox 707 4419 1071 4486; x_wconf 77' lang='grc' dir='ltr'>Χριστιανοὺς</span> <span class='ocrx_word' id='word_1_538' title='bbox 1101 4418 1269 4489; x_wconf 70' lang='grc' dir='ltr'>ἄρδην</span> <span class='ocrx_word' id='word_1_539' title='bbox 1300 4416 1588 4481; x_wconf 80' lang='grc' dir='ltr'>ἀπολέσαι,</span> <span class='ocrx_word' id='word_1_540' title='bbox 1616 4416 1670 4468; x_wconf 82' lang='grc' dir='ltr'>εἴ</span> <span class='ocrx_word' id='word_1_541' title='bbox 1695 4433 1758 4484; x_wconf 83' lang='grc' dir='ltr'>γε</span> 
     </span>
    </p>
   </div>
   <div class='ocr_carea' id='block_1_76' title="bbox 184 4509 1765 4586">
    <p class='ocr_par' dir='ltr' id='par_1_76' title="bbox 184 4509 1765 4586">
     <span class='ocr_line' id='line_1_76' title="bbox 184 4509 1765 4586; baseline -0.006 -16"><span class='ocrx_word' id='word_1_542' title='bbox 184 4519 277 4570; x_wconf 64' lang='grc' dir='ltr'><strong>τον</strong></span> <span class='ocrx_word' id='word_1_543' title='bbox 309 4518 462 4586; x_wconf 74' lang='grc' dir='ltr'>ἥλιον</span> <span class='ocrx_word' id='word_1_544' title='bbox 502 4515 733 4585; x_wconf 78' lang='grc' dir='ltr'>εὐμενῆ,</span> <span class='ocrx_word' id='word_1_545' title='bbox 765 4512 917 4580; x_wconf 70' lang='grc' dir='ltr'>φησὶ,</span> <span class='ocrx_word' id='word_1_546' title='bbox 951 4511 1194 4579; x_wconf 72' lang='grc' dir='ltr'>βούλοιτο</span> <span class='ocrx_word' id='word_1_547' title='bbox 1223 4512 1369 4579; x_wconf 58' lang='grc' dir='ltr'>ἐλειν</span> <span class='ocrx_word' id='word_1_548' title='bbox 1416 4511 1513 4563; x_wconf 76' lang='grc' dir='ltr'>καὶ</span> <span class='ocrx_word' id='word_1_549' title='bbox 1547 4509 1637 4562; x_wconf 76' lang='grc' dir='ltr'>τὸν</span> <span class='ocrx_word' id='word_1_550' title='bbox 1666 4511 1765 4562; x_wconf 83' lang='grc' dir='ltr'>αύ-</span> 
     </span>
    </p>
   </div>
   <div class='ocr_carea' id='block_1_77' title="bbox 183 4600 1763 4678">
    <p class='ocr_par' dir='ltr' id='par_1_77' title="bbox 183 4600 1763 4678">
     <span class='ocr_line' id='line_1_77' title="bbox 183 4600 1763 4678; baseline -0.006 -16"><span class='ocrx_word' id='word_1_551' title='bbox 183 4609 279 4662; x_wconf 84' lang='grc' dir='ltr'><strong>τοῦ</strong></span> <span class='ocrx_word' id='word_1_552' title='bbox 311 4608 552 4678; x_wconf 85' lang='grc' dir='ltr'>πατέρα,</span> <span class='ocrx_word' id='word_1_553' title='bbox 583 4607 657 4667; x_wconf 71' lang='grc' dir='ltr'>ιὶις</span> <span class='ocrx_word' id='word_1_554' title='bbox 676 4607 881 4667; x_wconf 79' lang='grc' dir='ltr'>ἐκεῖνος</span> <span class='ocrx_word' id='word_1_555' title='bbox 899 4603 1239 4673; x_wconf 82' lang='grc' dir='ltr'>ἀπεφλυάρει</span> <span class='ocrx_word' id='word_1_556' title='bbox 1263 4603 1353 4654; x_wconf 72' lang='grc' dir='ltr'>τὸν</span> <span class='ocrx_word' id='word_1_557' title='bbox 1374 4601 1480 4652; x_wconf 81' lang='grc' dir='ltr'><strong>τῶν</strong></span> <span class='ocrx_word' id='word_1_558' title='bbox 1496 4600 1763 4670; x_wconf 83' lang='grc' dir='ltr'>Ἐϐραίων</span> 
     </span>
    </p>
   </div>
   <div class='ocr_carea' id='block_1_78' title="bbox 1871 3407 3452 3478">
    <p class='ocr_par' dir='ltr' id='par_1_78' title="bbox 1871 3407 3452 3478">
     <span class='ocr_line' id='line_1_78' title="bbox 1871 3407 3452 3478; baseline 0.003 -19"><span class='ocrx_word' id='word_1_559' title='bbox 1871 3416 2019 3459; x_wconf 89' lang='lat' dir='ltr'><strong>tente</strong></span> <span class='ocrx_word' id='word_1_560' title='bbox 2046 3417 2229 3460; x_wconf 82' lang='lat' dir='ltr'><strong>autem</strong></span> <span class='ocrx_word' id='word_1_561' title='bbox 2265 3408 2510 3470; x_wconf 59' lang='lat' dir='ltr'><strong>Hebraeo,</strong></span> <span class='ocrx_word' id='word_1_562' title='bbox 2552 3407 2801 3475; x_wconf 78' lang='lat' dir='ltr'><strong>apparuit</strong></span> <span class='ocrx_word' id='word_1_563' title='bbox 2828 3407 2967 3475; x_wconf 79' lang='lat' dir='ltr'><strong>ignis</strong></span> <span class='ocrx_word' id='word_1_564' title='bbox 3005 3407 3452 3478; x_wconf 84' lang='lat' dir='ltr'><strong>aliquotdiebus,</strong></span> 
     </span>
    </p>
   </div>
   <div class='ocr_carea' id='block_1_79' title="bbox 1872 3498 3457 3566">
    <p class='ocr_par' dir='ltr' id='par_1_79' title="bbox 1872 3498 3457 3566">
     <span class='ocr_line' id='line_1_79' title="bbox 1872 3498 3457 3566; baseline 0.004 -15"><span class='ocrx_word' id='word_1_565' title='bbox 1872 3507 1981 3551; x_wconf 85' lang='lat' dir='ltr'><strong>tota</strong></span> <span class='ocrx_word' id='word_1_566' title='bbox 2020 3507 2181 3550; x_wconf 90' lang='lat' dir='ltr'><strong>nocte</strong></span> <span class='ocrx_word' id='word_1_567' title='bbox 2236 3498 2467 3566; x_wconf 87' lang='lat' dir='ltr'><strong>itnpleus</strong></span> <span class='ocrx_word' id='word_1_568' title='bbox 2494 3514 2699 3558; x_wconf 84' lang='lat' dir='ltr'><strong>aerem,</strong></span> <span class='ocrx_word' id='word_1_569' title='bbox 2743 3498 2833 3565; x_wconf 92' lang='lat' dir='ltr'><strong>qui</strong></span> <span class='ocrx_word' id='word_1_570' title='bbox 2881 3498 3058 3565; x_wconf 81' lang='lat' dir='ltr'><strong>ipsum</strong></span> <span class='ocrx_word' id='word_1_571' title='bbox 3125 3499 3345 3554; x_wconf 83' lang='lat' dir='ltr'><strong>Dunaan</strong></span> <span class='ocrx_word' id='word_1_572' title='bbox 3404 3514 3457 3557; x_wconf 90' lang='lat' dir='ltr'><strong>ct</strong></span> 
     </span>
    </p>
   </div>
   <div class='ocr_carea' id='block_1_80' title="bbox 1871 3590 3451 3659">
    <p class='ocr_par' dir='ltr' id='par_1_80' title="bbox 1871 3590 3451 3659">
     <span class='ocr_line' id='line_1_80' title="bbox 1871 3590 3451 3659; baseline 0.002 -14"><span class='ocrx_word' id='word_1_573' title='bbox 1871 3591 1991 3659; x_wconf 82' lang='lat' dir='ltr'><strong>ejus</strong></span> <span class='ocrx_word' id='word_1_574' title='bbox 2021 3590 2253 3645; x_wconf 89' lang='lat' dir='ltr'><strong>terrebat</strong></span> <span class='ocrx_word' id='word_1_575' title='bbox 2291 3590 2612 3652; x_wconf 76' lang='lat' dir='ltr'><strong>exercitum,</strong></span> <span class='ocrx_word' id='word_1_576' title='bbox 2645 3598 2697 3642; x_wconf 70' lang='lat' dir='ltr'><strong>et</strong></span> <span class='ocrx_word' id='word_1_577' title='bbox 2737 3590 3134 3655; x_wconf 69' lang='lat' dir='ltr'><strong>conjiciendum</strong></span> <span class='ocrx_word' id='word_1_578' title='bbox 3168 3594 3451 3659; x_wconf 60' lang='lat' dir='ltr'><strong>praebebat</strong></span> 
     </span>
    </p>
   </div>
   <div class='ocr_carea' id='block_1_81' title="bbox 1871 3681 3448 3754">
    <p class='ocr_par' dir='ltr' id='par_1_81' title="bbox 1871 3681 3448 3754">
     <span class='ocr_line' id='line_1_81' title="bbox 1871 3681 3448 3754; baseline 0.003 -19"><span class='ocrx_word' id='word_1_579' title='bbox 1871 3683 1963 3736; x_wconf 89' lang='lat' dir='ltr'><strong>Dei</strong></span> <span class='ocrx_word' id='word_1_580' title='bbox 2020 3684 2151 3737; x_wconf 86' lang='lat' dir='ltr'><strong>iram</strong></span> <span class='ocrx_word' id='word_1_581' title='bbox 2212 3685 2473 3737; x_wconf 85' lang='lat' dir='ltr'><strong>adversus</strong></span> <span class='ocrx_word' id='word_1_582' title='bbox 2514 3685 2732 3752; x_wconf 85' lang='lat' dir='ltr'><strong>impios.</strong></span> <span class='ocrx_word' id='word_1_583' title='bbox 2796 3681 2998 3736; x_wconf 78' lang='lat' dir='ltr'><strong>Deinde</strong></span> <span class='ocrx_word' id='word_1_584' title='bbox 3049 3684 3188 3752; x_wconf 72' lang='lat' dir='ltr'><strong>ignis</strong></span> <span class='ocrx_word' id='word_1_585' title='bbox 3226 3702 3448 3754; x_wconf 80' lang='lat' dir='ltr'><strong>quoque</strong></span> 
     </span>
    </p>
   </div>
   <div class='ocr_carea' id='block_1_82' title="bbox 1870 3772 3448 3843">
    <p class='ocr_par' dir='ltr' id='par_1_82' title="bbox 1870 3772 3448 3843">
     <span class='ocr_line' id='line_1_82' title="bbox 1870 3772 3448 3843; baseline 0.001 -16"><span class='ocrx_word' id='word_1_586' title='bbox 1870 3774 2123 3843; x_wconf 83' lang='lat' dir='ltr'><strong>desuper,</strong></span> <span class='ocrx_word' id='word_1_587' title='bbox 2161 3774 2253 3843; x_wconf 89' lang='lat' dir='ltr'><strong>qui</strong></span> <span class='ocrx_word' id='word_1_588' title='bbox 2281 3785 2398 3827; x_wconf 80' lang='lat' dir='ltr'><strong>erat</strong></span> <span class='ocrx_word' id='word_1_589' title='bbox 2428 3772 2664 3841; x_wconf 84' lang='lat' dir='ltr'><strong>perfecta</strong></span> <span class='ocrx_word' id='word_1_590' title='bbox 2712 3772 2884 3842; x_wconf 80' lang='lat' dir='ltr'><strong>plaga,</strong></span> <span class='ocrx_word' id='word_1_591' title='bbox 2927 3772 3061 3840; x_wconf 87' lang='lat' dir='ltr'><strong>pluit</strong></span> <span class='ocrx_word' id='word_1_592' title='bbox 3115 3775 3164 3827; x_wconf 91' lang='lat' dir='ltr'><strong>in</strong></span> <span class='ocrx_word' id='word_1_593' title='bbox 3226 3786 3448 3829; x_wconf 88' lang='lat' dir='ltr'><strong>terram.</strong></span> 
     </span>
    </p>
   </div>
   <div class='ocr_carea' id='block_1_83' title="bbox 1872 3864 3448 3936">
    <p class='ocr_par' dir='ltr' id='par_1_83' title="bbox 1872 3864 3448 3936">
     <span class='ocr_line' id='line_1_83' title="bbox 1872 3864 3448 3936; baseline 0.002 -19"><span class='ocrx_word' id='word_1_594' title='bbox 1872 3864 1977 3918; x_wconf 79' lang='lat' dir='ltr'><strong>Sed</strong></span> <span class='ocrx_word' id='word_1_595' title='bbox 2015 3882 2081 3917; x_wconf 88' lang='lat' dir='ltr'><strong>ne</strong></span> <span class='ocrx_word' id='word_1_596' title='bbox 2107 3865 2183 3919; x_wconf 88' lang='lat' dir='ltr'><strong>sie</strong></span> <span class='ocrx_word' id='word_1_597' title='bbox 2209 3866 2426 3933; x_wconf 87' lang='lat' dir='ltr'><strong>quidem</strong></span> <span class='ocrx_word' id='word_1_598' title='bbox 2456 3869 2631 3932; x_wconf 85' lang='lat' dir='ltr'><strong>potuit</strong></span> <span class='ocrx_word' id='word_1_599' title='bbox 2655 3864 2848 3930; x_wconf 78' lang='lat' dir='ltr'><strong>corrigi</strong></span> <span class='ocrx_word' id='word_1_600' title='bbox 2891 3864 3215 3926; x_wconf 85' lang='lat' dir='ltr'><strong>sceleratus,</strong></span> <span class='ocrx_word' id='word_1_601' title='bbox 3271 3883 3448 3936; x_wconf 81' lang='lat' dir='ltr'><strong>neque</strong></span> 
     </span>
    </p>
   </div>
   <div class='ocr_carea' id='block_1_84' title="bbox 1870 3955 3447 4023">
    <p class='ocr_par' dir='ltr' id='par_1_84' title="bbox 1870 3955 3447 4023">
     <span class='ocr_line' id='line_1_84' title="bbox 1870 3955 3447 4023; baseline 0.001 -13"><span class='ocrx_word' id='word_1_602' title='bbox 1870 3956 2009 4010; x_wconf 83' lang='lat' dir='ltr'><strong>ﬂecti</strong></span> <span class='ocrx_word' id='word_1_603' title='bbox 2058 3955 2159 4012; x_wconf 82' lang='lat' dir='ltr'><strong>sub</strong></span> <span class='ocrx_word' id='word_1_604' title='bbox 2218 3956 2424 4023; x_wconf 83' lang='lat' dir='ltr'><strong>potenti</strong></span> <span class='ocrx_word' id='word_1_605' title='bbox 2473 3971 2637 4009; x_wconf 88' lang='lat' dir='ltr'><strong>manu</strong></span> <span class='ocrx_word' id='word_1_606' title='bbox 2680 3956 2795 4009; x_wconf 90' lang='lat' dir='ltr'><strong>Dei.</strong></span> <span class='ocrx_word' id='word_1_607' title='bbox 2830 3955 3005 4010; x_wconf 85' lang='lat' dir='ltr'><strong>Tanto</strong></span> <span class='ocrx_word' id='word_1_608' title='bbox 3040 3966 3223 4009; x_wconf 77' lang='lat' dir='ltr'><strong>autent</strong></span> <span class='ocrx_word' id='word_1_609' title='bbox 3259 3958 3447 4012; x_wconf 83' lang='lat' dir='ltr'><strong>furere</strong></span> 
     </span>
    </p>
   </div>
   <div class='ocr_carea' id='block_1_85' title="bbox 1870 4048 3455 4115">
    <p class='ocr_par' dir='ltr' id='par_1_85' title="bbox 1870 4048 3455 4115">
     <span class='ocr_line' id='line_1_85' title="bbox 1870 4048 3455 4115; baseline 0 -10"><span class='ocrx_word' id='word_1_610' title='bbox 1870 4059 1988 4105; x_wconf 84' lang='lat' dir='ltr'><strong>erat</strong></span> <span class='ocrx_word' id='word_1_611' title='bbox 2022 4065 2285 4103; x_wconf 81' lang='lat' dir='ltr'><strong>accensus</strong></span> <span class='ocrx_word' id='word_1_612' title='bbox 2343 4049 2609 4104; x_wconf 82' lang='lat' dir='ltr'><strong>adversus</strong></span> <span class='ocrx_word' id='word_1_613' title='bbox 2664 4048 3024 4115; x_wconf 87' lang='lat' dir='ltr'><strong>Christianos,</strong></span> <span class='ocrx_word' id='word_1_614' title='bbox 3068 4058 3126 4104; x_wconf 93' lang='lat' dir='ltr'><strong>ut</strong></span> <span class='ocrx_word' id='word_1_615' title='bbox 3182 4051 3346 4105; x_wconf 81' lang='lat' dir='ltr'><strong>etiam</strong></span> <span class='ocrx_word' id='word_1_616' title='bbox 3388 4052 3455 4106; x_wconf 89' lang='lat' dir='ltr'><strong>ad</strong></span> 
     </span>
    </p>
   </div>
   <div class='ocr_carea' id='block_1_86' title="bbox 1872 4142 3456 4213">
    <p class='ocr_par' dir='ltr' id='par_1_86' title="bbox 1872 4142 3456 4213">
     <span class='ocr_line' id='line_1_86' title="bbox 1872 4142 3456 4213; baseline -0.001 -17"><span class='ocrx_word' id='word_1_617' title='bbox 1872 4159 2051 4210; x_wconf 77' lang='lat' dir='ltr'><strong>regem</strong></span> <span class='ocrx_word' id='word_1_618' title='bbox 2087 4142 2372 4197; x_wconf 85' lang='lat' dir='ltr'><strong>Persarum</strong></span> <span class='ocrx_word' id='word_1_619' title='bbox 2442 4143 2650 4195; x_wconf 86' lang='lat' dir='ltr'><strong>miserit</strong></span> <span class='ocrx_word' id='word_1_620' title='bbox 2695 4142 3043 4210; x_wconf 76' lang='lat' dir='ltr'><strong>legationem,</strong></span> <span class='ocrx_word' id='word_1_621' title='bbox 3093 4152 3149 4197; x_wconf 91' lang='lat' dir='ltr'><strong>et</strong></span> <span class='ocrx_word' id='word_1_622' title='bbox 3186 4144 3456 4213; x_wconf 79' lang='lat' dir='ltr'><strong>rogaverit</strong></span> 
     </span>
    </p>
   </div>
   <div class='ocr_carea' id='block_1_87' title="bbox 1871 4234 3449 4303">
    <p class='ocr_par' dir='ltr' id='par_1_87' title="bbox 1871 4234 3449 4303">
     <span class='ocr_line' id='line_1_87' title="bbox 1871 4234 3449 4303; baseline -0.001 -15"><span class='ocrx_word' id='word_1_623' title='bbox 1871 4245 1928 4289; x_wconf 82' lang='grc' dir='ltr'><strong>ιιι</strong></span> <span class='ocrx_word' id='word_1_624' title='bbox 1957 4236 2070 4303; x_wconf 81' lang='lat' dir='ltr'><strong>ipse</strong></span> <span class='ocrx_word' id='word_1_625' title='bbox 2096 4251 2315 4303; x_wconf 75' lang='lat' dir='ltr'><strong>quoque</strong></span> <span class='ocrx_word' id='word_1_626' title='bbox 2374 4234 2577 4287; x_wconf 88' lang='lat' dir='ltr'><strong>faceret</strong></span> <span class='ocrx_word' id='word_1_627' title='bbox 2628 4234 2845 4294; x_wconf 70' lang='lat' dir='ltr'><strong>similia,</strong></span> <span class='ocrx_word' id='word_1_628' title='bbox 2887 4245 2940 4287; x_wconf 93' lang='lat' dir='ltr'><strong>ct</strong></span> <span class='ocrx_word' id='word_1_629' title='bbox 2998 4250 3213 4297; x_wconf 91' lang='lat' dir='ltr'><strong>omnes,</strong></span> <span class='ocrx_word' id='word_1_630' title='bbox 3264 4235 3357 4303; x_wconf 87' lang='lat' dir='ltr'><strong>qui</strong></span> <span class='ocrx_word' id='word_1_631' title='bbox 3394 4234 3449 4287; x_wconf 92' lang='lat' dir='ltr'><strong>in</strong></span> 
     </span>
    </p>
   </div>
   <div class='ocr_carea' id='block_1_88' title="bbox 1869 4324 3456 4395">
    <p class='ocr_par' dir='ltr' id='par_1_88' title="bbox 1869 4324 3456 4395">
     <span class='ocr_line' id='line_1_88' title="bbox 1869 4324 3456 4395; baseline -0.001 -13"><span class='ocrx_word' id='word_1_632' title='bbox 1869 4344 1965 4382; x_wconf 88' lang='lat' dir='ltr'><strong>sua</strong></span> <span class='ocrx_word' id='word_1_633' title='bbox 2021 4327 2230 4382; x_wconf 88' lang='lat' dir='ltr'><strong>dilione</strong></span> <span class='ocrx_word' id='word_1_634' title='bbox 2305 4326 2750 4391; x_wconf 81' lang='lat' dir='ltr'><strong>inveniebantur,</strong></span> <span class='ocrx_word' id='word_1_635' title='bbox 2806 4324 3149 4380; x_wconf 87' lang='lat' dir='ltr'><strong>Christianos</strong></span> <span class='ocrx_word' id='word_1_636' title='bbox 3198 4327 3456 4395; x_wconf 85' lang='lat' dir='ltr'><strong>perderet</strong></span> 
     </span>
    </p>
   </div>
   <div class='ocr_carea' id='block_1_89' title="bbox 1868 4417 3449 4487">
    <p class='ocr_par' dir='ltr' id='par_1_89' title="bbox 1868 4417 3449 4487">
     <span class='ocr_line' id='line_1_89' title="bbox 1868 4417 3449 4487; baseline -0.004 -13"><span class='ocrx_word' id='word_1_637' title='bbox 1868 4420 2113 4474; x_wconf 90' lang='lat' dir='ltr'><strong>funditus</strong></span> <span class='ocrx_word' id='word_1_638' title='bbox 2152 4436 2166 4473; x_wconf 88' lang='lat'><strong>:</strong></span> <span class='ocrx_word' id='word_1_639' title='bbox 2202 4418 2245 4472; x_wconf 89' lang='lat' dir='ltr'><strong>si</strong></span> <span class='ocrx_word' id='word_1_640' title='bbox 2283 4417 2467 4482; x_wconf 80' lang='lat' dir='ltr'><strong>vellet,</strong></span> <span class='ocrx_word' id='word_1_641' title='bbox 2500 4418 2773 4487; x_wconf 76' lang='lat' dir='ltr'><strong>inquiens,</strong></span> <span class='ocrx_word' id='word_1_642' title='bbox 2820 4418 2989 4471; x_wconf 89' lang='lat' dir='ltr'><strong>solem</strong></span> <span class='ocrx_word' id='word_1_643' title='bbox 3036 4418 3237 4472; x_wconf 87' lang='lat' dir='ltr'><strong>habere</strong></span> <span class='ocrx_word' id='word_1_644' title='bbox 3264 4420 3449 4486; x_wconf 75' lang='grc' dir='ltr'>ιιι-ομιο</span> 
     </span>
    </p>
   </div>
   <div class='ocr_carea' id='block_1_90' title="bbox 1872 4510 3455 4580">
    <p class='ocr_par' dir='ltr' id='par_1_90' title="bbox 1872 4510 3455 4580">
     <span class='ocr_line' id='line_1_90' title="bbox 1872 4510 3455 4580; baseline -0.001 -14"><span class='ocrx_word' id='word_1_645' title='bbox 1872 4512 2024 4574; x_wconf 84' lang='lat' dir='ltr'><strong>tium,</strong></span> <span class='ocrx_word' id='word_1_646' title='bbox 2069 4522 2124 4565; x_wconf 91' lang='lat' dir='ltr'><strong>et</strong></span> <span class='ocrx_word' id='word_1_647' title='bbox 2171 4511 2289 4579; x_wconf 87' lang='lat' dir='ltr'><strong>ejus</strong></span> <span class='ocrx_word' id='word_1_648' title='bbox 2339 4524 2565 4579; x_wconf 81' lang='lat' dir='ltr'><strong>patrem,</strong></span> <span class='ocrx_word' id='word_1_649' title='bbox 2628 4514 2769 4565; x_wconf 87' lang='lat' dir='ltr'><strong>sicut</strong></span> <span class='ocrx_word' id='word_1_650' title='bbox 2808 4510 2895 4564; x_wconf 93' lang='lat' dir='ltr'><strong>ille</strong></span> <span class='ocrx_word' id='word_1_651' title='bbox 2955 4514 3263 4580; x_wconf 79' lang='lat' dir='ltr'><strong>nugabatnr</strong></span> <span class='ocrx_word' id='word_1_652' title='bbox 3332 4524 3455 4564; x_wconf 84' lang='lat' dir='ltr'><strong>esse</strong></span> 
     </span>
    </p>
   </div>
   <div class='ocr_carea' id='block_1_91' title="bbox 1874 4602 3447 4670">
    <p class='ocr_par' dir='ltr' id='par_1_91' title="bbox 1874 4602 3447 4670">
     <span class='ocr_line' id='line_1_91' title="bbox 1874 4602 3447 4670; baseline -0.001 -13"><span class='ocrx_word' id='word_1_653' title='bbox 1874 4604 2041 4657; x_wconf 91' lang='lat' dir='ltr'><strong>Deum</strong></span> <span class='ocrx_word' id='word_1_654' title='bbox 2073 4602 2445 4657; x_wconf 69' lang='lat' dir='ltr'><strong>Hebraeorum.</strong></span> <span class='ocrx_word' id='word_1_655' title='bbox 2507 4602 2741 4670; x_wconf 84' lang='lat' dir='ltr'><strong>Scripsit</strong></span> <span class='ocrx_word' id='word_1_656' title='bbox 2794 4603 2963 4656; x_wconf 87' lang='lat' dir='ltr'><strong>etiam</strong></span> <span class='ocrx_word' id='word_1_657' title='bbox 3007 4603 3075 4657; x_wconf 89' lang='lat' dir='ltr'><strong>ad</strong></span> <span class='ocrx_word' id='word_1_658' title='bbox 3110 4602 3447 4656; x_wconf 68' lang='lat' dir='ltr'><strong>Alatnuuda—</strong></span> 
     </span>
    </p>
   </div>
   <div class='ocr_carea' id='block_1_92' title="bbox 185 4667 1763 4766">
    <p class='ocr_par' dir='ltr' id='par_1_92' title="bbox 185 4693 1763 4766">
     <span class='ocr_line' id='line_1_92' title="bbox 185 4693 1763 4766; baseline -0.006 -12"><span class='ocrx_word' id='word_1_659' title='bbox 185 4702 341 4754; x_wconf 85' lang='grc' dir='ltr'>Θεόν.</span> <span class='ocrx_word' id='word_1_660' title='bbox 373 4700 455 4753; x_wconf 71' lang='grc' dir='ltr'>Τὰ</span> <span class='ocrx_word' id='word_1_661' title='bbox 480 4702 618 4752; x_wconf 82' lang='grc' dir='ltr'>αῦτὰ</span> <span class='ocrx_word' id='word_1_662' title='bbox 647 4700 702 4751; x_wconf 81' lang='grc' dir='ltr'>δὲ</span> <span class='ocrx_word' id='word_1_663' title='bbox 732 4697 906 4752; x_wconf 88' lang='grc' dir='ltr'>ταῦτα</span> <span class='ocrx_word' id='word_1_664' title='bbox 938 4698 1029 4750; x_wconf 64' lang='grc' dir='ltr'><strong>καὶ</strong></span> <span class='ocrx_word' id='word_1_665' title='bbox 1073 4695 1495 4766; x_wconf 82' lang='grc' dir='ltr'>’Δλαμουνδάρῳ</span> <span class='ocrx_word' id='word_1_666' title='bbox 1527 4693 1602 4762; x_wconf 85' lang='grc' dir='ltr'>τῷ</span> <span class='ocrx_word' id='word_1_667' title='bbox 1674 4694 1763 4757; x_wconf 79' lang='grc' dir='ltr'>ἐξ-</span> 
     </span>
    </p>
   </div>
   <div class='ocr_carea' id='block_1_93' title="bbox 1868 4667 3451 4766">
    <p class='ocr_par' dir='ltr' id='par_1_93' title="bbox 1870 4694 3451 4763">
     <span class='ocr_line' id='line_1_93' title="bbox 1870 4694 3451 4763; baseline -0.001 -13"><span class='ocrx_word' id='word_1_668' title='bbox 1870 4712 1989 4750; x_wconf 85' lang='lat' dir='ltr'><strong>rum</strong></span> <span class='ocrx_word' id='word_1_669' title='bbox 2020 4695 2214 4749; x_wconf 90' lang='lat' dir='ltr'><strong>ducem</strong></span> <span class='ocrx_word' id='word_1_670' title='bbox 2266 4694 2715 4759; x_wconf 85' lang='lat' dir='ltr'><strong>Sarracenorum,</strong></span> <span class='ocrx_word' id='word_1_671' title='bbox 2768 4695 2858 4763; x_wconf 88' lang='lat' dir='ltr'><strong>qui</strong></span> <span class='ocrx_word' id='word_1_672' title='bbox 2890 4705 3050 4749; x_wconf 92' lang='lat' dir='ltr'><strong>crant</strong></span> <span class='ocrx_word' id='word_1_673' title='bbox 3096 4697 3201 4749; x_wconf 89' lang='lat' dir='ltr'><strong>sub</strong></span> <span class='ocrx_word' id='word_1_674' title='bbox 3248 4697 3451 4758; x_wconf 81' lang='lat' dir='ltr'><strong>Persis,</strong></span> 
     </span>
    </p>
   </div>
   <div class='ocr_carea' id='block_1_94' title="bbox 181 4786 1765 4864">
    <p class='ocr_par' dir='ltr' id='par_1_94' title="bbox 181 4786 1765 4864">
     <span class='ocr_line' id='line_1_94' title="bbox 181 4786 1765 4864; baseline -0.006 -18"><span class='ocrx_word' id='word_1_675' title='bbox 181 4794 475 4864; x_wconf 78' lang='grc' dir='ltr'>ηγουμένῳ</span> <span class='ocrx_word' id='word_1_676' title='bbox 502 4792 610 4843; x_wconf 75' lang='grc' dir='ltr'>τῶν</span> <span class='ocrx_word' id='word_1_677' title='bbox 664 4790 767 4843; x_wconf 81' lang='grc' dir='ltr'>ὑπὸ</span> <span class='ocrx_word' id='word_1_678' title='bbox 815 4792 1047 4861; x_wconf 85' lang='grc' dir='ltr'>Πέρσαις</span> <span class='ocrx_word' id='word_1_679' title='bbox 1082 4788 1413 4857; x_wconf 80' lang='grc' dir='ltr'>Σαρακηνῶν</span> <span class='ocrx_word' id='word_1_680' title='bbox 1458 4786 1765 4838; x_wconf 72' lang='grc' dir='ltr'>ἐπέστειλεν</span> 
     </span>
    </p>
   </div>
   <div class='ocr_carea' id='block_1_95' title="bbox 186 4881 1763 4951">
    <p class='ocr_par' dir='ltr' id='par_1_95' title="bbox 186 4881 1763 4951">
     <span class='ocr_line' id='line_1_95' title="bbox 186 4881 1763 4951; baseline -0.003 -14"><span class='ocrx_word' id='word_1_681' title='bbox 186 4882 621 4951; x_wconf 72' lang='grc' dir='ltr'>ὑπισχνούμενος</span> <span class='ocrx_word' id='word_1_682' title='bbox 663 4882 759 4934; x_wconf 75' lang='grc' dir='ltr'><strong>καὶ</strong></span> <span class='ocrx_word' id='word_1_683' title='bbox 809 4884 1069 4950; x_wconf 74' lang='grc' dir='ltr'>χρήματα</span> <span class='ocrx_word' id='word_1_684' title='bbox 1114 4881 1327 4943; x_wconf 78' lang='grc' dir='ltr'>δώσειν,</span> <span class='ocrx_word' id='word_1_685' title='bbox 1371 4882 1419 4931; x_wconf 85' lang='grc' dir='ltr'><strong>εί</strong></span> <span class='ocrx_word' id='word_1_686' title='bbox 1478 4881 1621 4934; x_wconf 78' lang='grc' dir='ltr'>κατά</span> <span class='ocrx_word' id='word_1_687' title='bbox 1654 4882 1763 4933; x_wconf 82' lang='grc' dir='ltr'><strong>τῶν</strong></span> 
     </span>
    </p>
   </div>
   <div class='ocr_carea' id='block_1_96' title="bbox 188 4976 1763 5047">
    <p class='ocr_par' dir='ltr' id='par_1_96' title="bbox 188 4976 1763 5047">
     <span class='ocr_line' id='line_1_96' title="bbox 188 4976 1763 5047; baseline -0.001 -18"><span class='ocrx_word' id='word_1_688' title='bbox 188 4978 293 5029; x_wconf 73' lang='grc' dir='ltr'>ὑπὸ</span> <span class='ocrx_word' id='word_1_689' title='bbox 350 4980 504 5047; x_wconf 80' lang='grc' dir='ltr'>χεῖρα</span> <span class='ocrx_word' id='word_1_690' title='bbox 564 4978 907 5046; x_wconf 72' lang='grc' dir='ltr'>Χριστιανῶν</span> <span class='ocrx_word' id='word_1_691' title='bbox 962 4976 1204 5044; x_wconf 66' lang='grc' dir='ltr'>διωγμὶν</span> <span class='ocrx_word' id='word_1_692' title='bbox 1255 4976 1491 5044; x_wconf 68' lang='grc' dir='ltr'>κινήσει.</span> <span class='ocrx_word' id='word_1_693' title='bbox 1562 4976 1701 5027; x_wconf 83' lang='grc' dir='ltr'>Ἀλλ’</span> <span class='ocrx_word' id='word_1_694' title='bbox 1736 4978 1763 5027; x_wconf 88' lang='lat'><strong>6</strong></span> 
     </span>
    </p>
   </div>
   <div class='ocr_carea' id='block_1_97' title="bbox 191 5067 1760 5139">
    <p class='ocr_par' dir='ltr' id='par_1_97' title="bbox 191 5067 1760 5139">
     <span class='ocr_line' id='line_1_97' title="bbox 191 5067 1760 5139; baseline 0 -19"><span class='ocrx_word' id='word_1_695' title='bbox 191 5071 289 5137; x_wconf 83' lang='grc' dir='ltr'><strong>μὲν</strong></span> <span class='ocrx_word' id='word_1_696' title='bbox 322 5068 466 5120; x_wconf 75' lang='grc' dir='ltr'>οὕτω</span> <span class='ocrx_word' id='word_1_697' title='bbox 499 5070 848 5139; x_wconf 83' lang='grc' dir='ltr'>Χριστιανοῖς</span> <span class='ocrx_word' id='word_1_698' title='bbox 875 5068 1183 5137; x_wconf 81' lang='grc' dir='ltr'>ἀπήχθετο,</span> <span class='ocrx_word' id='word_1_699' title='bbox 1217 5071 1310 5119; x_wconf 72' lang='grc' dir='ltr'>καὶ</span> <span class='ocrx_word' id='word_1_700' title='bbox 1344 5067 1520 5130; x_wconf 66' lang='grc' dir='ltr'>οὕτως</span> <span class='ocrx_word' id='word_1_701' title='bbox 1566 5068 1760 5132; x_wconf 77' lang='grc' dir='ltr'>ἐποίει,</span> 
     </span>
    </p>
   </div>
   <div class='ocr_carea' id='block_1_98' title="bbox 189 5160 1759 5231">
    <p class='ocr_par' dir='ltr' id='par_1_98' title="bbox 189 5160 1759 5231">
     <span class='ocr_line' id='line_1_98' title="bbox 189 5160 1759 5231; baseline -0.001 -18"><span class='ocrx_word' id='word_1_702' title='bbox 189 5164 221 5229; x_wconf 81' lang='grc' dir='ltr'><strong>ἠ</strong></span> <span class='ocrx_word' id='word_1_703' title='bbox 251 5161 374 5231; x_wconf 79' lang='grc' dir='ltr'>δίκη</span> <span class='ocrx_word' id='word_1_704' title='bbox 398 5161 454 5213; x_wconf 72' lang='grc' dir='ltr'>δὲ</span> <span class='ocrx_word' id='word_1_705' title='bbox 489 5164 602 5223; x_wconf 85' lang='grc' dir='ltr'>τοῖς</span> <span class='ocrx_word' id='word_1_706' title='bbox 644 5161 1043 5230; x_wconf 73' lang='grc' dir='ltr'>πραττομένοις</span> <span class='ocrx_word' id='word_1_707' title='bbox 1077 5162 1177 5213; x_wconf 79' lang='grc' dir='ltr'><strong>οὐκ</strong></span> <span class='ocrx_word' id='word_1_708' title='bbox 1213 5160 1581 5229; x_wconf 74' lang='grc' dir='ltr'>ὲφησύχαζεν.</span> <span class='ocrx_word' id='word_1_709' title='bbox 1626 5160 1759 5213; x_wconf 82' lang='grc' dir='ltr'>Ἰου-</span> 
     </span>
    </p>
   </div>
   <div class='ocr_carea' id='block_1_99' title="bbox 192 5253 1764 5323">
    <p class='ocr_par' dir='ltr' id='par_1_99' title="bbox 192 5253 1764 5323">
     <span class='ocr_line' id='line_1_99' title="bbox 192 5253 1764 5323; baseline 0 -18"><span class='ocrx_word' id='word_1_710' title='bbox 192 5254 371 5315; x_wconf 76' lang='grc' dir='ltr'>στῖνος</span> <span class='ocrx_word' id='word_1_711' title='bbox 416 5254 523 5323; x_wconf 71' lang='grc' dir='ltr'><strong>γὰρ</strong></span> <span class='ocrx_word' id='word_1_712' title='bbox 575 5256 602 5305; x_wconf 89' lang='grc' dir='ltr'>ὁ</span> <span class='ocrx_word' id='word_1_713' title='bbox 664 5254 951 5320; x_wconf 82' lang='grc' dir='ltr'>Ῥωμαίων</span> <span class='ocrx_word' id='word_1_714' title='bbox 992 5254 1225 5321; x_wconf 67' lang='grc' dir='ltr'>εὐσεϐὴς</span> <span class='ocrx_word' id='word_1_715' title='bbox 1288 5253 1568 5321; x_wconf 73' lang='grc' dir='ltr'>βασιλεὺς,</span> <span class='ocrx_word' id='word_1_716' title='bbox 1624 5253 1764 5305; x_wconf 66' lang='grc' dir='ltr'>οὕτω</span> 
     </span>
    </p>
   </div>
   <div class='ocr_carea' id='block_1_100' title="bbox 188 5345 1763 5417">
    <p class='ocr_par' dir='ltr' id='par_1_100' title="bbox 188 5345 1763 5417">
     <span class='ocr_line' id='line_1_100' title="bbox 188 5345 1763 5417; baseline -0.001 -20"><span class='ocrx_word' id='word_1_717' title='bbox 188 5346 347 5409; x_wconf 70' lang='grc' dir='ltr'>δόξαν</span> <span class='ocrx_word' id='word_1_718' title='bbox 380 5345 550 5409; x_wconf 79' lang='grc' dir='ltr'>αύτῷ,</span> <span class='ocrx_word' id='word_1_719' title='bbox 578 5347 859 5417; x_wconf 76' lang='grc' dir='ltr'>εἰρηνικὰς</span> <span class='ocrx_word' id='word_1_720' title='bbox 889 5346 1314 5416; x_wconf 64' lang='grc' dir='ltr'>’Ᾱλαμουνδαρῳ</span> <span class='ocrx_word' id='word_1_721' title='bbox 1341 5346 1572 5409; x_wconf 72' lang='grc' dir='ltr'>σπονδὰς</span> <span class='ocrx_word' id='word_1_722' title='bbox 1628 5345 1763 5413; x_wconf 76' lang='grc' dir='ltr'>πρὸς</span> 
     </span>
    </p>
   </div>
   <div class='ocr_carea' id='block_1_101' title="bbox 185 5438 1761 5509">
    <p class='ocr_par' dir='ltr' id='par_1_101' title="bbox 185 5438 1761 5509">
     <span class='ocr_line' id='line_1_101' title="bbox 185 5438 1761 5509; baseline -0.001 -19"><span class='ocrx_word' id='word_1_723' title='bbox 185 5440 312 5501; x_wconf 70' lang='grc' dir='ltr'>τοὺς</span> <span class='ocrx_word' id='word_1_724' title='bbox 348 5439 653 5507; x_wconf 76' lang='grc' dir='ltr'>ὑποφόρους</span> <span class='ocrx_word' id='word_1_725' title='bbox 699 5438 987 5507; x_wconf 84' lang='grc' dir='ltr'>Ῥωμαίων</span> <span class='ocrx_word' id='word_1_726' title='bbox 1030 5439 1377 5509; x_wconf 70' lang='grc' dir='ltr'>Σαρακηνοῦς</span> <span class='ocrx_word' id='word_1_727' title='bbox 1401 5438 1589 5491; x_wconf 80' lang='grc' dir='ltr'>θέσθαι</span> <span class='ocrx_word' id='word_1_728' title='bbox 1619 5454 1761 5507; x_wconf 74' lang='lat' dir='ltr'><strong>mp-</strong></span> 
     </span>
    </p>
   </div>
   <div class='ocr_carea' id='block_1_102' title="bbox 186 5528 1760 5603">
    <p class='ocr_par' dir='ltr' id='par_1_102' title="bbox 186 5528 1760 5603">
     <span class='ocr_line' id='line_1_102' title="bbox 186 5528 1760 5603; baseline 0 -21"><span class='ocrx_word' id='word_1_729' title='bbox 186 5531 306 5603; x_wconf 78' lang='grc' dir='ltr'>ῄνει</span> <span class='ocrx_word' id='word_1_730' title='bbox 337 5546 349 5559; x_wconf 94' lang='grc'>·</span> <span class='ocrx_word' id='word_1_731' title='bbox 384 5535 478 5583; x_wconf 70' lang='grc' dir='ltr'>καὶ</span> <span class='ocrx_word' id='word_1_732' title='bbox 505 5532 533 5583; x_wconf 91' lang='lat'><strong>6</strong></span> <span class='ocrx_word' id='word_1_733' title='bbox 560 5530 731 5583; x_wconf 83' lang='grc' dir='ltr'>ταῦτα</span> <span class='ocrx_word' id='word_1_734' title='bbox 762 5529 1080 5601; x_wconf 85' lang='grc' dir='ltr'>πρεσϐεύων</span> <span class='ocrx_word' id='word_1_735' title='bbox 1124 5528 1445 5601; x_wconf 81' lang='grc' dir='ltr'>’Λϐράμιος,</span> <span class='ocrx_word' id='word_1_736' title='bbox 1474 5530 1614 5599; x_wconf 77' lang='grc' dir='ltr'>ἀνὴρ</span> <span class='ocrx_word' id='word_1_737' title='bbox 1644 5529 1760 5582; x_wconf 77' lang='grc' dir='ltr'>θεο-</span> 
     </span>
    </p>
   </div>
   <div class='ocr_carea' id='block_1_103' title="bbox 187 5620 1761 5695">
    <p class='ocr_par' dir='ltr' id='par_1_103' title="bbox 187 5620 1761 5695">
     <span class='ocr_line' id='line_1_103' title="bbox 187 5620 1761 5695; baseline -0.004 -18"><span class='ocrx_word' id='word_1_738' title='bbox 187 5625 347 5695; x_wconf 75' lang='grc' dir='ltr'>φιλὴς</span> <span class='ocrx_word' id='word_1_739' title='bbox 404 5624 496 5677; x_wconf 79' lang='grc' dir='ltr'>καὶ</span> <span class='ocrx_word' id='word_1_740' title='bbox 551 5622 941 5693; x_wconf 83' lang='grc' dir='ltr'>πρεσϐύτερος,</span> <span class='ocrx_word' id='word_1_741' title='bbox 980 5623 1343 5693; x_wconf 77' lang='grc' dir='ltr'>ἐξεπέμπετο.</span> <span class='ocrx_word' id='word_1_742' title='bbox 1416 5622 1677 5692; x_wconf 71' lang='grc' dir='ltr'>Παρῆσαν</span> <span class='ocrx_word' id='word_1_743' title='bbox 1705 5620 1761 5671; x_wconf 71' lang='grc' dir='ltr'><strong>δέ</strong></span> 
     </span>
    </p>
   </div>
   <div class='ocr_carea' id='block_1_104' title="bbox 184 5714 1758 5785">
    <p class='ocr_par' dir='ltr' id='par_1_104' title="bbox 184 5714 1758 5785">
     <span class='ocr_line' id='line_1_104' title="bbox 184 5714 1758 5785; baseline -0.003 -16"><span class='ocrx_word' id='word_1_744' title='bbox 184 5718 279 5771; x_wconf 76' lang='grc' dir='ltr'>καὶ</span> <span class='ocrx_word' id='word_1_745' title='bbox 320 5717 427 5769; x_wconf 67' lang='grc' dir='ltr'><strong>ἀπο</strong></span> <span class='ocrx_word' id='word_1_746' title='bbox 450 5715 543 5769; x_wconf 87' lang='grc' dir='ltr'><strong>τοῦ</strong></span> <span class='ocrx_word' id='word_1_747' title='bbox 600 5714 819 5785; x_wconf 75' lang='grc' dir='ltr'>Περσῶν</span> <span class='ocrx_word' id='word_1_748' title='bbox 867 5714 1131 5783; x_wconf 84' lang='grc' dir='ltr'>βασιλέως</span> <span class='ocrx_word' id='word_1_749' title='bbox 1162 5718 1278 5767; x_wconf 82' lang='grc' dir='ltr'>ἐκεῖ</span> <span class='ocrx_word' id='word_1_750' title='bbox 1306 5714 1453 5767; x_wconf 79' lang='grc' dir='ltr'>ἄλλοι</span> <span class='ocrx_word' id='word_1_751' title='bbox 1504 5714 1563 5765; x_wconf 82' lang='grc' dir='ltr'><strong>τέ</strong></span> <span class='ocrx_word' id='word_1_752' title='bbox 1594 5731 1758 5778; x_wconf 82' lang='grc' dir='ltr'>τινες,</span> 
     </span>
    </p>
   </div>
   <div class='ocr_carea' id='block_1_105' title="bbox 186 5808 1742 5881">
    <p class='ocr_par' dir='ltr' id='par_1_105' title="bbox 186 5808 1742 5881">
     <span class='ocr_line' id='line_1_105' title="bbox 186 5808 1742 5881; baseline -0.004 -15"><span class='ocrx_word' id='word_1_753' title='bbox 186 5812 283 5866; x_wconf 83' lang='grc' dir='ltr'>καὶ</span> <span class='ocrx_word' id='word_1_754' title='bbox 323 5812 590 5875; x_wconf 81' lang='grc' dir='ltr'>Ίσαάιιιος</span> <span class='ocrx_word' id='word_1_755' title='bbox 639 5810 1029 5881; x_wconf 70' lang='grc' dir='ltr'>πρεσϐύτερος,</span> <span class='ocrx_word' id='word_1_756' title='bbox 1082 5810 1109 5861; x_wconf 88' lang='lat'><strong>6</strong></span> <span class='ocrx_word' id='word_1_757' title='bbox 1140 5810 1373 5871; x_wconf 72' lang='grc' dir='ltr'>καὶτοῖς</span> <span class='ocrx_word' id='word_1_758' title='bbox 1420 5810 1477 5861; x_wconf 81' lang='grc' dir='ltr'><strong>ἐν</strong></span> <span class='ocrx_word' id='word_1_759' title='bbox 1521 5808 1742 5877; x_wconf 81' lang='grc' dir='ltr'>Περσίδι</span> 
     </span>
    </p>
   </div>
   <div class='ocr_carea' id='block_1_106' title="bbox 186 5899 1747 5975">
    <p class='ocr_par' dir='ltr' id='par_1_106' title="bbox 186 5899 1747 5975">
     <span class='ocr_line' id='line_1_106' title="bbox 186 5899 1747 5975; baseline -0.006 -14"><span class='ocrx_word' id='word_1_760' title='bbox 186 5907 531 5975; x_wconf 78' lang='grc' dir='ltr'>Χριστιανοῖς</span> <span class='ocrx_word' id='word_1_761' title='bbox 566 5902 863 5974; x_wconf 71' lang='grc' dir='ltr'>ὀρθοδὸξοις</span> <span class='ocrx_word' id='word_1_762' title='bbox 898 5899 991 5964; x_wconf 82' lang='grc' dir='ltr'>τὰς</span> <span class='ocrx_word' id='word_1_763' title='bbox 1024 5902 1345 5971; x_wconf 76' lang='grc' dir='ltr'>ἀποκρῖσεις</span> <span class='ocrx_word' id='word_1_764' title='bbox 1392 5901 1747 5971; x_wconf 78' lang='grc' dir='ltr'>διακονούμε-</span> 
     </span>
    </p>
   </div>
   <div class='ocr_carea' id='block_1_107' title="bbox 1873 4785 3451 4858">
    <p class='ocr_par' dir='ltr' id='par_1_107' title="bbox 1873 4785 3451 4858">
     <span class='ocr_line' id='line_1_107' title="bbox 1873 4785 3451 4858; baseline -0.003 -17"><span class='ocrx_word' id='word_1_765' title='bbox 1873 4788 2197 4858; x_wconf 88' lang='lat' dir='ltr'><strong>promittens</strong></span> <span class='ocrx_word' id='word_1_766' title='bbox 2238 4802 2296 4841; x_wconf 90' lang='lat' dir='ltr'><strong>se</strong></span> <span class='ocrx_word' id='word_1_767' title='bbox 2341 4785 2389 4838; x_wconf 86' lang='lat' dir='ltr'><strong>ei</strong></span> <span class='ocrx_word' id='word_1_768' title='bbox 2429 4786 2591 4838; x_wconf 90' lang='lat' dir='ltr'><strong>etiam</strong></span> <span class='ocrx_word' id='word_1_769' title='bbox 2636 4785 2890 4838; x_wconf 91' lang='lat' dir='ltr'><strong>daturum</strong></span> <span class='ocrx_word' id='word_1_770' title='bbox 2932 4785 3211 4852; x_wconf 82' lang='lat' dir='ltr'><strong>pecunias,</strong></span> <span class='ocrx_word' id='word_1_771' title='bbox 3258 4785 3301 4836; x_wconf 90' lang='lat' dir='ltr'><strong>si</strong></span> <span class='ocrx_word' id='word_1_772' title='bbox 3334 4802 3451 4837; x_wconf 86' lang='lat' dir='ltr'><strong>tuo-</strong></span> 
     </span>
    </p>
   </div>
   <div class='ocr_carea' id='block_1_108' title="bbox 1873 4880 3453 4950">
    <p class='ocr_par' dir='ltr' id='par_1_108' title="bbox 1873 4880 3453 4950">
     <span class='ocr_line' id='line_1_108' title="bbox 1873 4880 3453 4950; baseline -0.003 -11"><span class='ocrx_word' id='word_1_773' title='bbox 1873 4896 1996 4939; x_wconf 78' lang='lat' dir='ltr'><strong>vcat</strong></span> <span class='ocrx_word' id='word_1_774' title='bbox 2030 4882 2461 4950; x_wconf 82' lang='lat' dir='ltr'><strong>persecutionem</strong></span> <span class='ocrx_word' id='word_1_775' title='bbox 2492 4881 2753 4933; x_wconf 80' lang='lat' dir='ltr'><strong>adversus</strong></span> <span class='ocrx_word' id='word_1_776' title='bbox 2781 4880 3151 4947; x_wconf 81' lang='lat' dir='ltr'><strong>Christianos,</strong></span> <span class='ocrx_word' id='word_1_777' title='bbox 3194 4881 3285 4950; x_wconf 87' lang='lat' dir='ltr'><strong>qui</strong></span> <span class='ocrx_word' id='word_1_778' title='bbox 3324 4892 3453 4935; x_wconf 91' lang='lat' dir='ltr'><strong>sunt</strong></span> 
     </span>
    </p>
   </div>
   <div class='ocr_carea' id='block_1_109' title="bbox 1872 4972 3453 5042">
    <p class='ocr_par' dir='ltr' id='par_1_109' title="bbox 1872 4972 3453 5042">
     <span class='ocr_line' id='line_1_109' title="bbox 1872 4972 3453 5042; baseline -0.004 -12"><span class='ocrx_word' id='word_1_779' title='bbox 1872 4978 1919 5030; x_wconf 92' lang='lat' dir='ltr'><strong>ei</strong></span> <span class='ocrx_word' id='word_1_780' title='bbox 1963 4974 2211 5042; x_wconf 78' lang='lat' dir='ltr'><strong>subjecti.</strong></span> <span class='ocrx_word' id='word_1_781' title='bbox 2262 4973 2364 5027; x_wconf 85' lang='lat' dir='ltr'><strong>Sed</strong></span> <span class='ocrx_word' id='word_1_782' title='bbox 2414 4972 2501 5026; x_wconf 83' lang='lat' dir='ltr'><strong>ille</strong></span> <span class='ocrx_word' id='word_1_783' title='bbox 2561 4972 2779 5042; x_wconf 85' lang='lat' dir='ltr'><strong>quidem</strong></span> <span class='ocrx_word' id='word_1_784' title='bbox 2830 4983 2946 5025; x_wconf 88' lang='lat' dir='ltr'><strong>erat</strong></span> <span class='ocrx_word' id='word_1_785' title='bbox 3014 4973 3149 5024; x_wconf 91' lang='lat' dir='ltr'><strong>adeo</strong></span> <span class='ocrx_word' id='word_1_786' title='bbox 3213 4972 3453 5024; x_wconf 80' lang='lat' dir='ltr'><strong>infestus</strong></span> 
     </span>
    </p>
   </div>
   <div class='ocr_carea' id='block_1_110' title="bbox 1870 5065 3452 5132">
    <p class='ocr_par' dir='ltr' id='par_1_110' title="bbox 1870 5065 3452 5132">
     <span class='ocr_line' id='line_1_110' title="bbox 1870 5065 3452 5132; baseline -0.004 -9"><span class='ocrx_word' id='word_1_787' title='bbox 1870 5069 2219 5128; x_wconf 83' lang='lat' dir='ltr'><strong>Christianis,</strong></span> <span class='ocrx_word' id='word_1_788' title='bbox 2256 5077 2308 5119; x_wconf 87' lang='lat' dir='ltr'><strong>et</strong></span> <span class='ocrx_word' id='word_1_789' title='bbox 2361 5068 2439 5119; x_wconf 84' lang='lat' dir='ltr'><strong>sic</strong></span> <span class='ocrx_word' id='word_1_790' title='bbox 2476 5065 2710 5119; x_wconf 82' lang='lat' dir='ltr'><strong>faciebat</strong></span> <span class='ocrx_word' id='word_1_791' title='bbox 2742 5082 2755 5117; x_wconf 86' lang='lat'><strong><em>:</em></strong></span> <span class='ocrx_word' id='word_1_792' title='bbox 2788 5065 2991 5132; x_wconf 86' lang='lat' dir='ltr'><strong>justitia</strong></span> <span class='ocrx_word' id='word_1_793' title='bbox 3025 5075 3208 5116; x_wconf 84' lang='lat' dir='ltr'><strong>autem</strong></span> <span class='ocrx_word' id='word_1_794' title='bbox 3245 5078 3452 5132; x_wconf 50' lang='lat' dir='ltr'><strong>nequa-</strong></span> 
     </span>
    </p>
   </div>
   <div class='ocr_carea' id='block_1_111' title="bbox 1864 5156 3451 5230">
    <p class='ocr_par' dir='ltr' id='par_1_111' title="bbox 1864 5156 3451 5230">
     <span class='ocr_line' id='line_1_111' title="bbox 1864 5156 3451 5230; baseline -0.003 -17"><span class='ocrx_word' id='word_1_795' title='bbox 1864 5177 2022 5230; x_wconf 83' lang='lat' dir='ltr'><strong>quam</strong></span> <span class='ocrx_word' id='word_1_796' title='bbox 2062 5162 2299 5212; x_wconf 78' lang='lat' dir='ltr'><strong>cessavit</strong></span> <span class='ocrx_word' id='word_1_797' title='bbox 2326 5158 2550 5225; x_wconf 88' lang='lat' dir='ltr'><strong>implere</strong></span> <span class='ocrx_word' id='word_1_798' title='bbox 2592 5174 2718 5210; x_wconf 82' lang='lat' dir='ltr'><strong>suas</strong></span> <span class='ocrx_word' id='word_1_799' title='bbox 2754 5168 2936 5225; x_wconf 79' lang='lat' dir='ltr'><strong>partes</strong></span> <span class='ocrx_word' id='word_1_800' title='bbox 2993 5156 3045 5209; x_wconf 90' lang='lat' dir='ltr'><strong>iu</strong></span> <span class='ocrx_word' id='word_1_801' title='bbox 3093 5156 3179 5215; x_wconf 84' lang='lat' dir='ltr'><strong>iis.</strong></span> <span class='ocrx_word' id='word_1_802' title='bbox 3216 5172 3336 5224; x_wconf 71' lang='lat' dir='ltr'><strong>qua:</strong></span> <span class='ocrx_word' id='word_1_803' title='bbox 3371 5156 3451 5209; x_wconf 81' lang='lat' dir='ltr'><strong>sic</strong></span> 
     </span>
    </p>
   </div>
   <div class='ocr_carea' id='block_1_112' title="bbox 1865 5250 3451 5319">
    <p class='ocr_par' dir='ltr' id='par_1_112' title="bbox 1865 5250 3451 5319">
     <span class='ocr_line' id='line_1_112' title="bbox 1865 5250 3451 5319; baseline -0.003 -14"><span class='ocrx_word' id='word_1_804' title='bbox 1865 5255 2080 5306; x_wconf 83' lang='lat' dir='ltr'><strong>tiehant.</strong></span> <span class='ocrx_word' id='word_1_805' title='bbox 2122 5251 2373 5306; x_wconf 81' lang='lat' dir='ltr'><strong>Justinus</strong></span> <span class='ocrx_word' id='word_1_806' title='bbox 2403 5250 2549 5304; x_wconf 87' lang='lat' dir='ltr'><strong>enim</strong></span> <span class='ocrx_word' id='word_1_807' title='bbox 2600 5250 2937 5319; x_wconf 81' lang='lat' dir='ltr'><strong>(imperator)</strong></span> <span class='ocrx_word' id='word_1_808' title='bbox 2988 5265 3113 5302; x_wconf 87' lang='lat' dir='ltr'><strong>cum</strong></span> <span class='ocrx_word' id='word_1_809' title='bbox 3151 5250 3227 5303; x_wconf 89' lang='lat' dir='ltr'><strong>sic</strong></span> <span class='ocrx_word' id='word_1_810' title='bbox 3271 5250 3319 5302; x_wconf 89' lang='lat' dir='ltr'><strong>ei</strong></span> <span class='ocrx_word' id='word_1_811' title='bbox 3374 5250 3451 5301; x_wconf 79' lang='lat' dir='ltr'><strong>vi-</strong></span> 
     </span>
    </p>
   </div>
   <div class='ocr_carea' id='block_1_113' title="bbox 1862 5336 3446 5407">
    <p class='ocr_par' dir='ltr' id='par_1_113' title="bbox 1862 5336 3446 5407">
     <span class='ocr_line' id='line_1_113' title="bbox 1862 5336 3446 5407; baseline -0.001 -9"><span class='ocrx_word' id='word_1_812' title='bbox 1862 5361 1980 5399; x_wconf 92' lang='lat' dir='ltr'><strong>sum</strong></span> <span class='ocrx_word' id='word_1_813' title='bbox 2009 5354 2173 5406; x_wconf 84' lang='lat' dir='ltr'><strong>esset,</strong></span> <span class='ocrx_word' id='word_1_814' title='bbox 2215 5345 2462 5397; x_wconf 84' lang='lat' dir='ltr'><strong>hortatus</strong></span> <span class='ocrx_word' id='word_1_815' title='bbox 2505 5354 2587 5396; x_wconf 90' lang='lat' dir='ltr'><strong>est</strong></span> <span class='ocrx_word' id='word_1_816' title='bbox 2645 5336 3094 5407; x_wconf 72' lang='lat' dir='ltr'><strong>Alaniuudarum,</strong></span> <span class='ocrx_word' id='word_1_817' title='bbox 3131 5351 3187 5395; x_wconf 92' lang='lat' dir='ltr'><strong>ut</strong></span> <span class='ocrx_word' id='word_1_818' title='bbox 3239 5341 3446 5396; x_wconf 72' lang='lat' dir='ltr'><strong>findera</strong></span> 
     </span>
    </p>
   </div>
   <div class='ocr_carea' id='block_1_114' title="bbox 1863 5432 3445 5503">
    <p class='ocr_par' dir='ltr' id='par_1_114' title="bbox 1863 5432 3445 5503">
     <span class='ocr_line' id='line_1_114' title="bbox 1863 5432 3445 5503; baseline 0.001 -18"><span class='ocrx_word' id='word_1_819' title='bbox 1863 5436 2012 5503; x_wconf 83' lang='lat' dir='ltr'><strong>pacis</strong></span> <span class='ocrx_word' id='word_1_820' title='bbox 2044 5435 2208 5490; x_wconf 89' lang='lat' dir='ltr'><strong>iniret</strong></span> <span class='ocrx_word' id='word_1_821' title='bbox 2234 5451 2355 5489; x_wconf 91' lang='lat' dir='ltr'><strong>cum</strong></span> <span class='ocrx_word' id='word_1_822' title='bbox 2390 5433 2708 5488; x_wconf 84' lang='lat' dir='ltr'><strong>Sarraccuis</strong></span> <span class='ocrx_word' id='word_1_823' title='bbox 2773 5432 3144 5487; x_wconf 82' lang='lat' dir='ltr'><strong>Romanorum</strong></span> <span class='ocrx_word' id='word_1_824' title='bbox 3198 5434 3445 5502; x_wconf 75' lang='lat' dir='ltr'><strong>vectiga-</strong></span> 
     </span>
    </p>
   </div>
   <div class='ocr_carea' id='block_1_115' title="bbox 1864 5526 3452 5596">
    <p class='ocr_par' dir='ltr' id='par_1_115' title="bbox 1864 5526 3452 5596">
     <span class='ocr_line' id='line_1_115' title="bbox 1864 5526 3452 5596; baseline -0.003 -13"><span class='ocrx_word' id='word_1_825' title='bbox 1864 5530 2003 5583; x_wconf 88' lang='lat' dir='ltr'><strong>libus</strong></span> <span class='ocrx_word' id='word_1_826' title='bbox 2035 5546 2047 5581; x_wconf 91' lang='lat'><strong>:</strong></span> <span class='ocrx_word' id='word_1_827' title='bbox 2083 5538 2139 5582; x_wconf 93' lang='lat' dir='ltr'><strong>et</strong></span> <span class='ocrx_word' id='word_1_828' title='bbox 2169 5530 2369 5584; x_wconf 85' lang='lat' dir='ltr'><strong>missus</strong></span> <span class='ocrx_word' id='word_1_829' title='bbox 2395 5536 2479 5582; x_wconf 87' lang='lat' dir='ltr'><strong>est</strong></span> <span class='ocrx_word' id='word_1_830' title='bbox 2515 5527 2858 5589; x_wconf 84' lang='lat' dir='ltr'><strong>Abraatnius,</strong></span> <span class='ocrx_word' id='word_1_831' title='bbox 2888 5527 2970 5579; x_wconf 83' lang='lat' dir='ltr'><strong>vir</strong></span> <span class='ocrx_word' id='word_1_832' title='bbox 2995 5527 3117 5594; x_wconf 93' lang='lat' dir='ltr'><strong>pius</strong></span> <span class='ocrx_word' id='word_1_833' title='bbox 3157 5526 3452 5596; x_wconf 81' lang='lat' dir='ltr'><strong>etpresby-</strong></span> 
     </span>
    </p>
   </div>
   <div class='ocr_carea' id='block_1_116' title="bbox 1864 5618 3440 5691">
    <p class='ocr_par' dir='ltr' id='par_1_116' title="bbox 1864 5618 3440 5691">
     <span class='ocr_line' id='line_1_116' title="bbox 1864 5618 3440 5691; baseline -0.004 -15"><span class='ocrx_word' id='word_1_834' title='bbox 1864 5633 1967 5685; x_wconf 85' lang='lat' dir='ltr'><strong>ter,</strong></span> <span class='ocrx_word' id='word_1_835' title='bbox 2002 5620 2093 5690; x_wconf 90' lang='lat' dir='ltr'><strong>qui</strong></span> <span class='ocrx_word' id='word_1_836' title='bbox 2138 5621 2239 5675; x_wconf 88' lang='lat' dir='ltr'><strong>hac</strong></span> <span class='ocrx_word' id='word_1_837' title='bbox 2263 5621 2581 5691; x_wconf 78' lang='lat' dir='ltr'><strong>fungeretur</strong></span> <span class='ocrx_word' id='word_1_838' title='bbox 2625 5618 2915 5687; x_wconf 79' lang='lat' dir='ltr'><strong>legatione.</strong></span> <span class='ocrx_word' id='word_1_839' title='bbox 2968 5618 3214 5672; x_wconf 86' lang='lat' dir='ltr'><strong>Aderant</strong></span> <span class='ocrx_word' id='word_1_840' title='bbox 3256 5626 3440 5670; x_wconf 89' lang='lat' dir='ltr'><strong>autem</strong></span> 
     </span>
    </p>
   </div>
   <div class='ocr_carea' id='block_1_117' title="bbox 1862 5706 3439 5781">
    <p class='ocr_par' dir='ltr' id='par_1_117' title="bbox 1862 5706 3439 5781">
     <span class='ocr_line' id='line_1_117' title="bbox 1862 5706 3439 5781; baseline -0.008 -14"><span class='ocrx_word' id='word_1_841' title='bbox 1862 5714 1971 5769; x_wconf 90' lang='lat' dir='ltr'><strong>illic</strong></span> <span class='ocrx_word' id='word_1_842' title='bbox 2028 5727 2249 5781; x_wconf 87' lang='lat' dir='ltr'><strong>quoque</strong></span> <span class='ocrx_word' id='word_1_843' title='bbox 2288 5727 2317 5765; x_wconf 90' lang='lat' dir='ltr'><strong>a</strong></span> <span class='ocrx_word' id='word_1_844' title='bbox 2365 5726 2489 5780; x_wconf 79' lang='lat' dir='ltr'><strong>rege</strong></span> <span class='ocrx_word' id='word_1_845' title='bbox 2535 5711 2845 5773; x_wconf 81' lang='lat' dir='ltr'><strong>Persarum,</strong></span> <span class='ocrx_word' id='word_1_846' title='bbox 2901 5722 3024 5760; x_wconf 90' lang='lat' dir='ltr'><strong>cum</strong></span> <span class='ocrx_word' id='word_1_847' title='bbox 3074 5706 3162 5759; x_wconf 86' lang='lat' dir='ltr'><strong>alii</strong></span> <span class='ocrx_word' id='word_1_848' title='bbox 3190 5706 3439 5773; x_wconf 84' lang='lat' dir='ltr'><strong>quidam,</strong></span> 
     </span>
    </p>
   </div>
   <div class='ocr_carea' id='block_1_118' title="bbox 1861 5796 3437 5875">
    <p class='ocr_par' dir='ltr' id='par_1_118' title="bbox 1861 5796 3437 5875">
     <span class='ocr_line' id='line_1_118' title="bbox 1861 5796 3437 5875; baseline -0.01 -13"><span class='ocrx_word' id='word_1_849' title='bbox 1861 5819 1972 5863; x_wconf 92' lang='lat' dir='ltr'><strong>tum</strong></span> <span class='ocrx_word' id='word_1_850' title='bbox 2004 5806 2241 5859; x_wconf 89' lang='lat' dir='ltr'><strong>lsaacius</strong></span> <span class='ocrx_word' id='word_1_851' title='bbox 2266 5819 2480 5875; x_wconf 84' lang='lat' dir='ltr'><strong>quoque</strong></span> <span class='ocrx_word' id='word_1_852' title='bbox 2511 5803 2809 5872; x_wconf 81' lang='lat' dir='ltr'><strong>presbyter,</strong></span> <span class='ocrx_word' id='word_1_853' title='bbox 2865 5797 2956 5869; x_wconf 89' lang='lat' dir='ltr'><strong>qui</strong></span> <span class='ocrx_word' id='word_1_854' title='bbox 3005 5808 3232 5868; x_wconf 63' lang='lat' dir='ltr'><strong>praeerat</strong></span> <span class='ocrx_word' id='word_1_855' title='bbox 3278 5796 3437 5851; x_wconf 86' lang='lat' dir='ltr'><strong>Chri-</strong></span> 
     </span>
    </p>
   </div>
   <div class='ocr_carea' id='block_1_119' title="bbox 1860 5885 3432 5962">
    <p class='ocr_par' dir='ltr' id='par_1_119' title="bbox 1860 5885 3432 5962">
     <span class='ocr_line' id='line_1_119' title="bbox 1860 5885 3432 5962; baseline -0.01 -11"><span class='ocrx_word' id='word_1_856' title='bbox 1860 5896 2046 5951; x_wconf 85' lang='lat' dir='ltr'><strong>stianis</strong></span> <span class='ocrx_word' id='word_1_857' title='bbox 2078 5893 2413 5958; x_wconf 79' lang='lat' dir='ltr'><strong>orthodoxis,</strong></span> <span class='ocrx_word' id='word_1_858' title='bbox 2476 5892 2566 5962; x_wconf 84' lang='lat' dir='ltr'><strong>qui</strong></span> <span class='ocrx_word' id='word_1_859' title='bbox 2631 5892 2681 5943; x_wconf 90' lang='lat' dir='ltr'><strong>in</strong></span> <span class='ocrx_word' id='word_1_860' title='bbox 2746 5889 2961 5944; x_wconf 84' lang='lat' dir='ltr'><strong>Perside</strong></span> <span class='ocrx_word' id='word_1_861' title='bbox 3019 5896 3193 5942; x_wconf 83' lang='lat' dir='ltr'><strong>erant.</strong></span> <span class='ocrx_word' id='word_1_862' title='bbox 3233 5885 3432 5939; x_wconf 78' lang='lat' dir='ltr'><strong>Aderat</strong></span> 
     </span>
    </p>
   </div>
  </div>
