4142 6500
147 462 277 529 1281

1296 453 1764 515 MARTYRIUM
1807 452 1867 514 S.
1910 452 2261 515 ARE'I‘H/E.

3263 455 3396 520 1282

142 571 357 626 εὐσεϐεῖ
410 568 672 624 δοκοῦντα
749 569 1042 640 Ἰουστίνῳ,
1105 568 1227 623 οὐδὲ
1279 567 1444 630 αὐτὸς
1492 564 1712 634 ἀπαρά-

1835 561 2157 633 ieptuaginta
2186 563 2241 618 in
2278 565 2392 633 ipsa
2428 565 2608 619 hieme
2629 563 3043 633 construxisset,
3072 566 3208 636 quin
3236 567 3400 624 etiam

148 680 340 727 σκευος
397 659 485 733 ἦν’
547 663 703 733 ἔτυχε
758 665 868 734 γάρ
931 661 1326 731 συλλεξάμενος
1399 659 1700 728 ἀξιόμαχον

144 755 406 826 στρατιάν
466 754 529 808 ἔκ
576 771 638 806 τε
668 754 881 817 οἰκείας
928 754 1022 807 καὶ
1066 751 1410 822 συμμαχίδος
1440 751 1569 821 ἄχρι
1609 748 1718 801 τῶν

145 845 475 899 δυοκαίδεκα
504 846 809 916 μυριάδων.
838 843 948 899 Ἦν
976 844 1031 896 δὲ
1062 845 1160 896 κα)⁵
1191 844 1357 897 πλοῖα
1387 857 1720 896 κατεσκευα-

149 936 254 999 κὼς
290 936 671 1007 ἐϐδομήκοντα
707 937 839 1007 παρ’
895 935 1046 1005 αὺτῷ
1091 934 1167 1007 τῷ
1200 934 1470 1005 χειμῶνι·
1511 933 1573 986 οὐ
1611 932 1718 1003 μὴν

151 1027 283 1081 ἀλλὰ
314 1030 409 1081 καὶ
439 1029 503 1081 ἐκ
535 1030 644 1082 τῶν
673 1029 933 1100 ἐμπόρων
961 1027 1188 1100 Περσῶν
1218 1045 1276 1081 τε
1303 1029 1399 1080 καὶ
1421 1025 1715 1089 Αἰθιόπων,

151 1118 424 1190 ἐμπορίας
458 1121 622 1191 χάριν
664 1123 848 1173 ἐκεῖσε
899 1120 1233 1190 κατάραντα,
1269 1118 1397 1187 περί
1447 1134 1549 1169 που
1598 1116 1722 1184 ἐξή-

148 1225 313 1262 κοντα
364 1212 736 1276 συνελέξαντο.
776 1211 919 1264 Ὅσα
965 1210 1095 1279 γοῦν
1148 1210 1490 1280 πεπονηκότα
1540 1204 1609 1279 ἦν
1660 1207 1719 1272 ἐξ

147 1300 329 1355 αὐτῶν
386 1303 916 1372 ἐπισκευασάμενος,
976 1303 1072 1355 καὶ
1135 1299 1314 1354 πάντα
1359 1299 1585 1369 θέμενος
1631 1299 1721 1351 εὕ-

146 1393 344 1463 τρεπῆ.
377 1394 495 1464 ἅμα
539 1394 661 1467 ἔαρι
718 1397 818 1465 τὴν
851 1394 1117 1464 στρατιάν
1152 1393 1430 1464 ἐμϐαλὼν,
1487 1392 1628 1445 ὅπλα
1658 1408 1718 1444 τε

148 1485 240 1535 καὶ
289 1483 486 1546 ἵππους
516 1484 611 1538 καί
661 1484 762 1553 τὴν
826 1482 991 1552 ἄλλην
1022 1478 1410 1553 παρασκευὴν,
1461 1478 1722 1548 ἠπείγετο

151 1575 421 1645 συμμίξαι
459 1578 571 1640 τοῖς
603 1576 906 1647 πολεμίοις.
948 1576 1059 1630 Καὶ
1098 1574 1165 1630 δι’
1219 1573 1450 1644 ἠπείρου
1504 1571 1603 1640 μὲν
1648 1568 1724 1633 ὡς

148 1664 211 1714 ἐκ
233 1662 386 1717 νότου
417 1666 515 1735 τῆς
569 1666 870 1730 Αἰθιόπων,
920 1664 1197 1735 ἐξέπεμπέ
1244 1678 1395 1723 τινας
1426 1659 1535 1713 τῶν
1585 1658 1723 1730 Βαρ-

1822 670 1889 709 ex
1922 656 2351 725 negotiatoribus
2395 655 2574 712 Persis
2605 665 2661 713 et
2709 658 3086 729 Aitliiopibus.
3141 659 3232 729 qui
3279 661 3408 717 illuc

1821 755 2089 799 venerant
2120 756 2442 803 mercaturae
2466 750 2637 819 gratia
2659 790 2675 814 ,
2706 765 2876 806 naves
2914 751 3053 807 altas
3098 752 3409 824 collegisset

1821 836 1889 891 ad
1919 838 2199 908 sexaginta
2236 861 2250 895 :
2288 855 2523 911 cumque
2555 857 2681 908 eas,
2717 858 2838 913 quae
2871 858 2937 899 cx
2965 844 3099 914 ipsis
3145 847 3403 915 collapsa:

1823 927 2078 997 fuerant,
2118 932 2478 989 instaurasset
2528 950 2592 990 ac
2626 934 2930 1000 refecisset,
2975 946 3031 992 ct
3072 939 3257 992 omnia
3315 957 3406 1010 pa-

1823 1028 2020 1085 rasset,
2055 1022 2200 1076 veris
2246 1024 2403 1079 initio
2436 1026 2608 1081 movit
2640 1031 2963 1097 exercitum,
3014 1031 3292 1100 armisque
3350 1044 3403 1085 et

1823 1112 1979 1181 equis
2019 1122 2073 1168 et
2124 1114 2230 1169 alio
2271 1127 2531 1187 apparatu
2566 1121 2917 1190 properabat,
2950 1134 3011 1176 ut
3060 1122 3243 1191 praelia
3273 1137 3405 1177 con-

1823 1201 2032 1275 ﬂigeret
2063 1220 2186 1259 cum
2222 1207 2475 1265 inimicis.
2517 1210 2579 1265 Et
2607 1226 2704 1281 per
2753 1212 3132 1268 continentem
3181 1213 3403 1283 quidem

1818 1296 1885 1350 ab
1943 1297 2186 1353 inferiori
2268 1311 2420 1370 parte
2485 1302 2779 1375 EthiOpiaa
2842 1305 2988 1359 misit
3082 1306 3399 1376 quindecim

1819 1387 1988 1441 millia
2016 1389 2336 1461 IEthiopum
2369 1396 2437 1449 ad
2467 1395 2820 1454 IIomeritidis
2870 1407 3055 1469 partes
3096 1399 3267 1469 magis
3317 1414 3405 1453 oc-

1821 1478 2141 1547 cidentales,
2178 1496 2236 1538 ut
2266 1484 2385 1554 ipse
2420 1490 2643 1557 quidem
2678 1507 2775 1562 per
2804 1508 2954 1547 mare
2984 1508 3106 1549 cum
3143 1493 3399 1556 navibus,

1822 1569 1898 1623 illi
1938 1581 2120 1627 autem
2151 1589 2247 1643 per
2285 1582 2485 1632 terram
2517 1578 2814 1647 irruentes,
2852 1582 3042 1639 hostes
3078 1583 3134 1638 in
3160 1583 3404 1639 medium

1832 1675 2167 1721 coercerent.

149 1754 332 1826 ϐάρων
389 1758 663 1813 Αἰθιόπων
710 1758 935 1829 μυρίους
991 1755 1087 1809 καὶ
1116 1750 1586 1821 πεντακισχιλίους
1624 1748 1760 1818 πρὸς
1799 1750 1868 1802 τά
1924 1752 2020 1804 τοῦ
2086 1754 2386 1828 Ὀμηρίτου
2436 1760 2893 1837 ἀνατολικὼτερα,
2955 1766 3033 1831 ὠς
3078 1765 3146 1819 ἂν
3191 1767 3255 1819 ἐκ
3303 1754 3427 1832 μὲν

147 1850 369 1921 δυσμῶν
418 1846 572 1917 οὗτος
617 1852 705 1907 διά
738 1851 1014 1921 θαλάσσης
1050 1850 1190 1921 μετὰ
1236 1848 1345 1902 τῶν
1399 1845 1625 1913 πλοίων,
1674 1845 1875 1901 ἐκεῖνοι
1923 1849 1981 1903 δὲ
2033 1850 2119 1906 διὰ
2166 1853 2272 1924 γῆς
2317 1854 2378 1919 ἐξ
2427 1858 2704 1911 ἀνατολῶν
2741 1861 3092 1932 ἐμϐαλόντες,
3124 1863 3251 1927 τοὺς
3306 1878 3407 1915 πο-

161 1949 382 2020 λεμίους
402 1952 491 2015 είς
517 1952 682 2021 μέσον
715 1948 990 2020 εἴρξωσιν.

218 2044 358 2100 ιςιιι.
397 2046 461 2097 Οί
498 2046 595 2114 μὲν
644 2043 739 2098 οὖν
773 2043 1076 2115 Βάρϐαροι,
1120 2042 1345 2106 πολλαῖς
1393 2042 1631 2113 ἡμέραις
1662 2040 1728 2094 δι’

1903 2038 2143 2096 XXVIII.
2185 2041 2453 2099 Caeterum
2485 2043 2560 2100 illi
2592 2044 2832 2116 quidem,
2868 2061 2991 2102 cum
3046 2052 3245 2107 multos
3293 2054 3409 2112 dies

150 2131 395 2204 ἀνύδρων
428 2148 488 2185 τε
516 2134 612 2186 καὶ⁸
645 2133 927 2189 δυσϐάτων
958 2133 1278 2195 ὁδεύσαντες
1334 2132 1442 2184 τῶν
1471 2131 1716 2201 χωρίων,

151 2223 391 2291 ἅπαντες
436 2226 831 2298 διεφθάρησαν,
875 2228 1014 2299 μήτε
1069 2225 1205 2296 πρὸς
1265 2224 1354 2277 τὸν
1398 2222 1719 2293 Ὀμηρίτην,

156 2322 293 2392 μήτε
355 2322 495 2395 πρὸς
528 2322 627 2395 τὴν
676 2325 885 2378 οἰκείαν
918 2323 1312 2394 διαρκέσαντες
1347 2319 1719 2391 ὑποστρέψαι.

163 2409 222 2466 ’0
252 2410 309 2464 δέ
350 2428 414 2479 γε
476 2412 753 2482 βασιλεὺς,
799 2412 902 2483 ήδη
933 2414 1063 2481 περὶ
1093 2412 1182 2464 τὸν
1213 2409 1445 2464 ἔκπλουν
1471 2408 1567 2476 ὢν,
1600 2408 1727 2478 ἀφί-

154 2517 282 2556 κετο
310 2505 392 2566 είς
417 2504 478 2555 τὸ
511 2504 675 2573 ἱερὸν,
714 2504 809 2556 καὶ
859 2503 965 2573 πρὸ
998 2503 1099 2573 τῆς
1136 2504 1344 2556 είσόδου
1381 2504 1439 2554 ἐν
1465 2502 1544 2571 τῷ
1593 2518 1726 2569 προ-

154 2594 291 2666 νάῳ,
324 2594 423 2665 τὴν
455 2594 726 2665 βασίλειον
757 2593 964 2665 ἐσθῆτα
1003 2594 1185 2660 ἐκδὺς,
1216 2593 1387 2647 τᾶλλα
1417 2611 1477 2647 τε
1528 2594 1726 2646 ἀποθέ-

160 2702 322 2757 μενος
378 2687 689 2759 παράσημα
741 2687 843 2757 τῆς
897 2686 1098 2756 ἀρχῆς,
1132 2689 1190 2739 ἐν
1221 2684 1482 2755 ἰδιωτικῷ
1520 2685 1617 2755 μὲν
1649 2685 1727 2736 εί-

158 2772 323 2842 σῆλθε
374 2774 452 2845 τῷ
508 2778 752 2847 σχήματι
775 2792 791 2808 ο
854 2776 984 2839 στὰς
1013 2775 1071 2828 δέ
1104 2774 1391 2828 κατέναντι
1413 2773 1506 2826 τοῦ
1543 2771 1728 2824 θυσια-

160 2865 406 2935 στηρίου,
439 2867 532 2917 καὶ
580 2866 752 2919 πολλὰ
796 2866 1013 2935 δεηθεὶς
1038 2866 1132 2920 τοῦ
1167 2867 1326 2933 Θεοῦ,
1360 2867 1452 2919 καὶ
1480 2864 1731 2935 ἀναμνή-

159 2971 259 3018 σας
286 2958 394 3010 τῶν
420 2958 540 3011 κατ’
566 2957 842 3025 Αἴγυπτον
869 2957 1218 3028 θαυμασίων,
1274 2961 1371 3011 καὶ
1431 2958 1542 3011 τῶν
1584 2958 1730 3011 κατὰ

159 3049 260 3122 τὴν
294 3048 501 3121 ἔρημον
556 3054 666 3114 τοῖς
724 3049 1000 3121 Ἑϐραίοις
1056 3051 1207 3122 αὺτῷ
1254 3051 1583 3120 γενομένων,
1636 3051 1732 3102 καὶ

171 3140 261 3205 Ὠς
291 3144 595 3213 ἀχάριστοι,
627 3144 780 3215 φησὶ,
814 3144 943 3215 περὶ
970 3142 1062 3197 τὸν
1104 3143 1423 3215 εὐεργέτην,
1452 3143 1551 3196 οὐκ
1592 3144 1734 3196 ἐκεῖ·

164 3249 245 3285 νοι
281 3236 469 3299 μόνον,
501 3233 639 3287 ἀλλά
703 3236 797 3288 καὶ
849 3230 997 3288 οὗτοι
1050 3235 1100 3289 οί
1153 3235 1379 3289 ἐκείνων
1441 3236 1734 3304 γεγόνασιν

163 3325 400 3394 ἔκγονοι,
428 3327 535 3380 ικαὶ
583 3329 683 3380 ὅσα
723 3326 1171 3397 ἐπονηρεύσαντο
1220 3330 1277 3380 ἐν
1315 3331 1381 3398 τῇ
1418 3329 1573 3380 πόλει
1616 3343 1731 3391 σου,

1824 2131 1929 2186 iter
1966 2134 2227 2190 fecissent
2279 2154 2377 2207 per
2412 2138 2530 2194 loca
2564 2140 2715 2195 arida
2760 2149 2815 2196 et
2868 2143 3101 2197 transitu
3146 2144 3407 2215 dilIicilia,

1823 2239 2013 2279 omnes
2052 2228 2401 2291 interierunt,
2436 2240 2495 2284 ut
2520 2231 2613 2299 qui
2642 2248 2743 2287 nec
2771 2236 3059 2301 pervenire
3109 2237 3177 2290 ad
3209 2236 3413 2296 Home-

1823 2315 2016 2380 ritam,
2054 2332 2157 2372 nec
2211 2317 2277 2372 ad
2321 2320 2596 2391 regionem
2647 2338 2801 2377 suam
2867 2325 3147 2394 potuerint
3204 2330 3406 2387 redire.

1825 2405 1941 2461 Rex
1990 2416 2174 2463 autem
2211 2425 2334 2465 cum
2379 2412 2492 2483 jam
2527 2423 2674 2470 esset
2717 2416 3104 2485 navigaturus,
3149 2421 3299 2475 venit
3341 2424 3408 2477 ad

1829 2499 2113 2569 templum,
2147 2502 2214 2557 ad
2246 2504 2406 2573 cujus
2442 2504 2612 2573 fores,
2668 2506 2812 2577 regia
2877 2519 3026 2564 veste
3065 2511 3292 2583 aliisque
3332 2514 3402 2567 in-

1826 2593 2016 2663 signiis
2061 2594 2273 2664 imperii
2311 2597 2608 2666 depositis,
2642 2598 2921 2669 ingressus
2951 2602 3171 2670 quidem
3219 2614 3301 2659 est
3351 2606 3407 2660 in

1828 2683 2039 2751 privato
2071 2687 2281 2742 habitu.
2338 2686 2498 2743 Stans
2527 2699 2707 2745 autem
2742 2706 2808 2745 ex
2850 2691 3080 2748 adverso
3112 2710 3252 2762 arae,
3286 2712 3409 2752 cum

1830 2774 2000 2829 Deum
2033 2778 2264 2831 multum
2298 2792 2529 2848 orasset,
2555 2796 2608 2836 et
2638 2783 2777 2838 facta
2810 2785 2877 2838 ab
2921 2784 3042 2853 ipso
3092 2787 3144 2839 in
3176 2786 3409 2859 Egypto

1830 2866 2089 2921 miracula
2120 2876 2281 2939 atque
2327 2871 2379 2924 in
2430 2871 2545 2939 ipsa
2576 2872 2870 2927 solitudine
2905 2891 3002 2942 pro
3054 2875 3293 2933 Hebraeis
3354 2881 3411 2936 in

1832 2960 2151 3014 memoriam
2206 2968 2518 3017 revocasset
2563 2978 2576 3016 :
2618 2962 2722 3028 Illi,
2776 2964 3030 3030 dicebat,
3062 2966 3284 3025 fuerunt
3332 2970 3414 3025 in-

1834 3052 1971 3118 grati
2002 3050 2057 3105 in
2096 3062 2146 3107 te
2176 3053 2617 3120 benefactorem,
2658 3070 2836 3124 neque
2881 3057 2955 3113 illi
2983 3058 3159 3115 solum
3183 3103 3196 3125 ,
3227 3063 3321 3118 sed
3376 3062 3412 3117 ii

1834 3141 2021 3206 etiam,
2051 3144 2141 3211 qui
2178 3161 2243 3197 ex
2282 3147 2361 3198 eis
2390 3149 2503 3200 nati
2532 3156 2681 3201 sunt.
2716 3146 2797 3202 Tu
2829 3150 2974 3204 enim
3000 3152 3129 3216 scis,
3160 3153 3410 3221 Domine,

1836 3247 1998 3303 quam
2027 3249 2084 3288 se
2116 3235 2254 3290 male
2288 3238 2558 3307 gesserint
2583 3238 2636 3291 in
2676 3248 2765 3292 tua
2792 3241 3012 3295 civitate
3033 3280 3047 3305 ,
3082 3252 3141 3296 ut
3191 3243 3283 3313 qui
3316 3260 3414 3313 po-

1839 3324 2026 3390 pulum
2068 3324 2217 3379 illum
2252 3341 2348 3395 per
2390 3326 2574 3381 dolum
2630 3327 3113 3397 circumvenerint,
3146 3342 3202 3387 et
3231 3334 3414 3392 consi-

159 3392 251 3470 τὸν
282 3418 411 3471 λαόν
461 3436 554 3471 σου
606 3392 1308 3488 καταπανο-υργευσάμενοι,
1355 3392 1461 3469 ’καὶ
1520 3415 1733 3487 βουλευ-

1840 3415 1969 3468 lium
2008 3417 2233 3472 inierint
2261 3418 2525 3474 adversus
2559 3430 2780 3475 sanctos
2811 3430 2953 3487 tuos,
2979 3433 3033 3477 et
3073 3423 3125 3478 in
3153 3441 3250 3479 eos
3270 3466 3285 3493 ,
3316 3427 3411 3495 qui

163 3510 391 3578 σάμενοι
427 3513 571 3563 κατά
632 3511 743 3562 τῶν
802 3511 974 3578 ἁγίων
1035 3527 1155 3575 σου,
1194 3509 1289 3563 καὶ
1321 3509 1401 3561 ἑτι
1439 3510 1581 3563 κατὰ
1628 3508 1733 3561 τῶν

1837 3513 2065 3571 restant,
2112 3509 2290 3563 adhuc
2335 3511 2475 3562 mala
2513 3513 2921 3570 machinentur.
2964 3516 3119 3582 Quod
3148 3515 3194 3572 si
3228 3526 3413 3574 nostra

165 3601 614 3673 ὑπολειπομένων
646 3603 863 3675 πονηρά
921 3604 1311 3674 σκεπτόμενοι,
1362 3602 1455 3657 καὶ
1488 3601 1563 3666 ὡς
1621 3603 1733 3670 εῐγε

1841 3608 2061 3669 peccata
2093 3599 2147 3654 id
2181 3611 2482 3667 merentur,
2518 3603 2613 3658 sed
2644 3619 2713 3659 ne
2751 3614 2805 3659 tu
2850 3623 2947 3661 nos
2982 3610 3166 3664 tradas
3200 3612 3416 3666 illorum

163 3696 219 3747 οἱ
252 3696 538 3766 ἡμέτεραι,
577 3697 848 3761 Δέσποτα,
905 3695 1405 3765 παρεμποδίζουσιν
1448 3693 1737 3761 ἁμαρτίαι,

166 3788 303 3840 ἀλλὰ
349 3789 425 3856 μὴ
459 3790 582 3849 ταῖς
629 3787 855 3839 ἐκείνων
895 3785 1193 3858 παραδῴης
1245 3787 1455 3855 χερσὶν,
1504 3785 1620 3839 ἀλλ’
1664 3786 1740 3849 ὡς

164 3880 233 3935 ἂν
289 3880 454 3942 αὐτὸς
514 3878 831 3949 ἐθελήσειας
886 3879 1158 3951 τιμωρίαν
1198 3880 1329 3947 ἡμῖν
1384 3878 1596 3945 ἐπίθες,
1659 3882 1733 3951 μή

165 3990 297 4026 ποτε
333 3973 554 4039 εἴπωσι,
592 3973 701 4026 Ποῦ
731 3976 878 4027 ἐστιν
908 3974 993 4041 ἐφ’
1022 3969 1065 4039 ᾦ
1099 3971 1478 4041 ἐγκαυχῶνται
1507 3973 1743 4041 Χριστὸς

165 4067 260 4120 καὶ
300 4067 327 4119 ὁ
364 4065 556 4120 τούτου
590 4067 861 4132 σταυρός;
907 4063 1095 4117 Ταῦτα
1140 4064 1239 4117 σὺν
1276 4063 1547 4136 δάκρυσιν
1579 4066 1745 4117 ἐπευο

169 4158 428 4228 ξάμενος,
494 4161 585 4213 καὶ
619 4158 964 4223 ἐπιθειάσας,
1019 4155 1188 4222 ἔξεισι
1233 4158 1328 4209 καὶ
1364 4155 1461 4208 τοῦ
1501 4155 1606 4208 νεὼ
1642 4155 1737 4208 καὶ

167 4254 268 4321 τῆς
310 4251 540 4316 πόλεως,
597 4250 694 4303 καὶ
728 4240 863 4322 πρός
894 4266 1015 4303 τινα
1054 4252 1294 4320 μοναχὸν
1328 4247 1657 4318 προϐλέπειν
1684 4248 1744 4300 τὸ

171 4342 372 4412 μέλλον
400 4340 470 4392 δι’
496 4338 693 4409 ἀρετῆς
729 4340 991 4410 ἐργασίαν
1036 4326 1357 4409 ἦξιωμένον,
1397 4338 1491 4389 καὶ
1525 4338 1583 4390 ἐν
1608 4354 1745 4407 πυρ-

174 4438 356 4505 γίσκῳ
387 4434 710 4503 στενοχώρῳ
738 4433 829 4487 ἐπὶ
857 4431 1071 4503 χρόνοις
1108 4429 1209 4500 ἠδη
1241 4430 1400 4483 πέντε
1426 4432 1522 4483 καὶ
1549 4446 1743 4484 τεσσα-

181 4530 425 4599 ράκοντα
477 4526 900 4596 καθειργμένον,
959 4521 1211 4586 πεζεύων
1250 4524 1481 4591 ἀφίκετο
1528 4524 1620 4575 ἐπὶ
1646 4521 1740 4574 τοῦ

169 4620 339 4675 αὑτοῦ
408 4620 714 4688 σχήματος,
771 4615 1112 4684 πευσόμενός
1174 4635 1230 4668 τι
1285 4616 1394 4668 τῶν
1445 4633 1587 4668 κατι
1645 4616 1744 4683 τὴν

1840 3692 2091 3745 manibus
2127 3708 2141 3743 :
2176 3694 2320 3761 quod
2357 3706 2540 3748 autem
2577 3697 2694 3766 ipse
2734 3696 2994 3764 volueris,
3033 3699 3134 3755 hoc
3161 3712 3416 3770 excepto,

1838 3780 1999 3836 nobis
2030 3782 2248 3853 impone
2278 3785 2629 3855 supplicium,
2658 3802 2728 3841 ne
2759 3787 2901 3843 forte
2931 3791 3151 3846 dicant:
3185 3792 3417 3849 Ubinam

1840 3884 1923 3928 est
1952 3875 2189 3942 ipsorum
2227 3875 2501 3943 Christus,
2541 3889 2763 3949 propter
2797 3897 2959 3951 quem
2996 3883 3329 3953 gloriantur,
3361 3893 3418 3941 et

1840 3981 1975 4022 crux
2006 3967 2157 4037 ejus?
2177 3968 2303 4023 Haec
2327 3985 2449 4024 cum
2482 3984 2736 4040 precatus
2766 3974 2959 4029 fuisset
2984 3991 3107 4029 cum
3141 3977 3413 4049 lacrymis,

1842 4058 2117 4129 egreditur
2147 4077 2177 4114 e
2209 4062 2430 4131 templo,
2461 4071 2515 4117 et
2549 4078 2579 4117 e
2621 4064 2858 4130 civitate,
2911 4074 2966 4122 et
3012 4067 3078 4123 ad
3124 4069 3413 4138 quemdam

1845 4152 2218 4217 monachum,
2285 4154 2377 4223 qui
2449 4163 2673 4224 prepter
2754 4158 2970 4212 virtutis
3042 4162 3417 4230 operationem

1844 4242 2041 4313 dignus
2072 4253 2190 4297 erat
2240 4242 2481 4309 habitus,
2533 4256 2589 4299 ut
2639 4248 2965 4315 praevideret
3005 4250 3208 4314 futura,
3255 4262 3310 4305 et
3364 4254 3420 4308 in

1842 4344 2076 4405 augusta
2109 4334 2368 4391 turricula
2393 4339 2505 4409 jam
2545 4339 2902 4411 quadraginta
2953 4344 3195 4413 quinque
3245 4359 3423 4403 annos

1845 4426 2327 4493 fueratinclusus,
2379 4432 2545 4499 pedes
2588 4433 2740 4487 venit
2773 4434 2825 4488 in
2874 4436 3064 4489 eodem
3116 4436 3324 4499 habitu,
3352 4436 3421 4491 de

1844 4521 2033 4590 praelio
2067 4521 2466 4576 sciscitaturus.
2510 4522 2702 4577 Attulit
2734 4533 2916 4577 autem
2952 4526 3252 4596 composita
3287 4543 3425 4598 quo-

1847 4626 1952 4680 que
1986 4611 2335 4681 tliymiamata
2360 4653 2373 4676 ,
2408 4613 2461 4666 iu
2507 4614 2704 4682 quibus
2735 4615 2896 4668 etiam
2942 4630 3138 4672 aurum
3189 4618 3422 4674 latenter

174 4714 379 4783 μάχην.
429 4712 697 4780 Ἐπήγετο
724 4710 778 4762 δὲ
808 4711 897 4761 καί
934 4707 1255 4776 θυμιάματα
1285 4708 1538 4772 σύνθετα,
1575 4709 1633 4759 ἐν
1664 4702 1733 4769 οἷς

1851 4703 2238 4757 immiscuerat.
2268 4702 2398 4767 Quae
2442 4718 2565 4757 cum
2600 4704 2915 4761 tradidisset
2956 4709 3096 4773 seni,
3146 4712 3422 4780 quaerebat

170 4802 239 4875 ἦν
273 4804 367 4856 καὶ
396 4802 618 4873 χρυσίον
636 4800 846 4871 ἀδήλως
873 4800 1307 4870 συγκαταμίξας.
1338 4800 1406 4852 ’Δ
1439 4800 1533 4852 καὶ
1552 4800 1630 4871 τῷ
1656 4800 1748 4867 γέ-

1853 4811 2063 4867 preces,
2106 4806 2160 4850 et
2192 4795 2641 4866 signiﬁcationem
2676 4814 2890 4865 eorum,
2923 4816 3044 4871 qua:
3071 4812 3225 4857 erant
3258 4818 3418 4856 even-

172 4913 322 4967 ροντι
355 4894 649 4959 ἐπιδιδοὺς,
676 4894 855 4965 ἐξῄτει
880 4894 1045 4963 εὐχὴν
1078 4896 1170 4945 καὶ
1194 4893 1427 4964 δήλωσιν
1453 4893 1563 4946 τῶν
1584 4892 1733 4962 ἐκϐη-

1851 4898 1989 4943 tura.
2030 4888 2120 4943 IlIe
2149 4898 2355 4954 autem,
2409 4888 2534 4943 dolo
2583 4891 2959 4960 deprehenso,
3013 4908 3135 4947 cum
3171 4892 3421 4962 quisnam

173 4992 445 5060 σομένων.
491 4986 550 5040 Ὀ
576 4988 632 5041 δὲ
661 4989 752 5042 τὸν
785 4989 934 5042 δόλον
963 4988 1248 5057 φωράσας,
1285 4988 1379 5039 καὶ
1404 4985 1566 5054 γνοὺς
1593 4987 1751 5067 ἁκριτ

172 5082 282 5146 ϐὡς
343 5084 494 5143 ὅστις
544 5079 654 5149 εἴη,
692 5082 873 5135 Ἔστω
926 5083 1065 5151 μετὰ
1126 5078 1245 5143 σοῦ,
1297 5078 1451 5148 φησι,
1487 5080 1641 5141 Θεὸς,
1692 5077 1750 5140 ὃς

172 5174 271 5227 καὶ
303 5170 697 5242 συμϐασιλεύει
732 5188 834 5225 σοι.
880 5172 1027 5241 Πλὴν
1060 5170 1175 5222 ἀλλ’
1228 5170 1385 5224 ἄπιθι
1417 5184 1749 5237 κατωχυρω-

177 5267 341 5337 μένος
372 5267 439 5333 τῇ
473 5267 580 5317 τῶν
616 5264 911 5335 μαρτύρων
945 5264 1129 5335 θυσίᾳ,
1186 5258 1256 5333 ἧς
1288 5260 1586 5331 ὼσςρράνθη
1643 5260 1755 5313 Κύ-

182 5376 317 5433 ριος,
374 5360 471 5409 καὶ
529 5363 648 5421 ταῖς
720 5358 908 5427 εὐχαῖς
971 5356 1277 5427 ἀρχιερέως
1318 5354 1751 5421 ’Δλεξανδρείας,

179 5455 276 5506 καὶ
306 5454 418 5513 τοῖς
453 5450 715 5522 δάκρυσιν
763 5451 1079 5507 Ἰουστίνου.

253 5545 385 5602 ΚΘ’.
427 5546 647 5597 Τούτων
679 5548 921 5608 ἀκούσας
961 5543 1280 5608 Ἑλεσϐαὰν,
1318 5546 1408 5595 καὶ
1444 5542 1757 5609 περαιτέρω

183 5640 260 5709 μὴ
298 5637 585 5708 πειράζειν
650 5640 907 5706 προσθεὶς
964 5636 1382 5705 ἐπευλογηθεὶς,

184 5748 314 5799 ρων,
346 5731 442 5783 καὶ
488 5728 1045 5798 παρακελευσάμενος
1096 5727 1177 5795 τῷ
1228 5726 1619 5795 στρατεύματι,
1686 5724 1758 5792 μὴ

182 5822 349 5875 πλέον
402 5823 435 5892 ἢ
496 5822 716 5893 ἡμερῶν
771 5822 945 5872 εἴκοσι
994 5837 1201 5890 τροφάς
1256 5816 1615 5887 ἐπιφέρεσθαι
1669 5818 1758 5867 τὸν

182 5911 349 5966 πλοῦν
383 5914 640 5967 ἐποιεῖτο.
680 5915 812 5966 Οὐδὲ
849 5915 874 5965 ὁ
922 5910 1023 5963 τῶν
1065 5911 1379 5979 Ὀμηριτῶν
1434 5906 1626 5978 ἠμέλει
1661 5907 1755 5976 βα-

1419 5637 1585 5702 άττῂει
1639 5634 1758 5701 χαί-

1848 4988 2018 5041 esset,
2048 4978 2253 5047 Optime
2282 4987 2470 5033 nosset
2500 4997 2514 5034 :
2550 4980 2635 5034 Sit
2664 4995 2862 5046 tecum,
2892 4982 3063 5051 inquit
3084 5023 3099 5049 ,
3135 4980 3296 5049 Deus,
3332 4986 3423 5053 qui

1851 5070 2013 5124 etiam
2036 5080 2212 5126 tecum
2244 5082 2456 5143 regnat.
2494 5072 2842 5128 Verumeuim
2881 5091 3015 5131 vero
3046 5077 3152 5140 abi,
3183 5078 3425 5132 munitus

1852 5175 2150 5235 martyrum
2199 5165 2488 5228 sacriﬁcio,
2534 5166 2679 5235 quod
2731 5166 2872 5221 Deus
2924 5176 3007 5221 est
3050 5167 3325 5230 odoratus,
3374 5175 3427 5221 et

1856 5256 2111 5324 precibus
2143 5254 2415 5325 pontiﬁcis
2444 5256 2805 5321 Alexandriae,
2840 5265 2894 5311 et
2926 5257 3177 5326 lacrymis
3204 5256 3419 5311 Justini.

1930 5541 2120 5596 XXIX.
2180 5543 2303 5595 Hrec
2356 5557 2480 5595 cum
2529 5542 2793 5595 audiisset
2845 5541 3137 5601 Elesbaan.
3207 5547 3259 5593 et
3300 5553 3424 5595 eum

1859 5650 1964 5688 non
2010 5642 2271 5687 tentasset
2302 5634 2558 5703 amplius,
2595 5632 2971 5685 benedictione
3009 5638 3250 5698 accepta,
3295 5631 3426 5684 abiit

1858 5729 2029 5781 laetus.
2065 5727 2129 5779 Et
2160 5741 2282 5779 cum
2312 5728 2563 5795 jussisset
2595 5725 2891 5787 exercitui,
2925 5742 2991 5777 ne
3027 5728 3227 5777 ferrent
3266 5722 3424 5775 Viati-

1860 5834 1981 5874 cum
2032 5818 2151 5886 plus
2208 5831 2366 5883 quam
2417 5818 2604 5886 viginti
2666 5818 2918 5881 dierum,
2971 5814 3255 5884 navigavit.
3318 5812 3423 5867 Sed

1864 5925 2037 5979 neque
2077 5908 2352 5979 negligens
2396 5906 2495 5960 fuit
2531 5922 2621 5961 rex
2672 5908 3106 5973 Homeritarum;
3156 5920 3274 5956 nam
3312 5904 3426 5966 ipSe
