4142 6494
723 424 847 488 1271

1985 426 2263 485 MENSIS
2306 423 2664 493 OCTOBER.

3819 426 3955 492 1272

720 539 873 592 deret
896 537 1270 609 unusquisque
1308 549 1572 604 vestrum,
1608 551 1834 593 mortem
1866 553 1981 591 esse
2000 549 2284 589 commune

2392 539 2617 593 θανάτου
2648 541 2802 612 χρέος
2857 542 2951 595 καὶ
2982 543 3086 610 νέῳ
3125 545 3217 595 καὶ
3250 543 3483 612 γέροντι,
3515 544 3609 595 καὶ
3636 543 3953 614 ἀπαραίτη-

717 631 981 694 debitum,
1041 641 1095 685 et
1140 631 1325 699 juveni
1362 641 1414 685 et
1454 632 1593 695 seni,
1638 643 1691 689 et
1736 646 1857 685 esse
1920 627 2280 682 inevitabilem

719 720 963 790 corporis
995 720 1429 776 dissolutionem.
1459 722 1643 792 Itaque
1669 738 1775 776 non
1799 728 2141 790 exspectetur
2164 719 2283 772 linis

716 813 1042 874 couununis,
1075 822 1127 867 et
1180 815 1272 883 qui
1328 831 1423 869 sua
1466 823 1661 883 sponte
1719 815 1902 877 venit;
1932 813 2023 867 sed
2072 812 2284 866 studeat

715 904 963 968 quilibet,
996 913 1054 957 ut
1097 905 1171 959 sit
1206 922 1365 974 quam
1414 906 1528 959 fieri
1566 905 1759 974 poterit
1790 904 2054 975 gloriosus
2082 913 2136 956 et
2162 904 2284 956 bea-

717 1005 823 1048 tus.
862 995 1130 1061 Quidnam
1159 1008 1342 1051 autem
1370 996 1566 1051 dixerit
1591 997 1855 1066 quispiam
1884 994 2141 1065 martyrio
2167 993 2283 1063 glo-

715 1087 931 1153 riosius.
972 1096 1064 1142 aut
1107 1088 1492 1157 quaestuosius,
1523 1097 1616 1143 aut
1662 1088 1764 1158 piis
1794 1086 2106 1141 hominibus
2159 1083 2285 1138 bea-

716 1178 866 1233 tius?
898 1179 1008 1249 Ego
1044 1179 1209 1240 enim,
1242 1180 1284 1234 si
1343 1180 1458 1234 ﬁeri
1512 1188 1719 1250 posset,
1753 1187 1976 1248 propter
2005 1177 2283 1232 Christum

718 1270 855 1322 tnori
886 1284 1027 1338 saepe
1068 1278 1121 1324 et
1165 1271 1280 1339 ipse
1336 1270 1613 1340 eligerem,
1651 1278 1704 1322 et
1753 1268 1871 1321 aliis
1920 1266 2281 1330 consulerem,

716 1361 901 1429 sicque
927 1368 1069 1415 esset
1114 1371 1169 1416 et
1217 1362 1390 1428 major
1425 1361 1613 1429 gloria,
1646 1369 1697 1413 et
1739 1360 1945 1413 lucrum
2001 1359 2158 1428 longe
2194 1372 2286 1411 co-

714 1452 943 1521 piosius.
976 1452 1081 1507 Sed
1121 1469 1247 1507 cum
1283 1453 1385 1506 hoc
1418 1450 1602 1505 haberi
1638 1466 1745 1505 non
1793 1451 1963 1516 possit
2008 1465 2036 1503 a
2069 1459 2284 1513 natura,

712 1544 879 1612 quod,
912 1544 994 1599 vel
1014 1544 1218 1598 invitus
1249 1542 1428 1609 nobis,
1461 1543 1548 1597 illa
1568 1558 1631 1597 ex
1663 1558 1720 1597 se
1746 1542 1891 1604 facit,
1920 1539 2287 1610 praeripiamns

713 1650 834 1691 cum
865 1636 1031 1706 gloria
1063 1654 1073 1688 :
1102 1646 1156 1689 et
1192 1636 1243 1690 id
1274 1647 1525 1705 tanquam
1554 1634 1831 1703 pr0prium
1869 1634 2283 1695 constituentes,

711 1737 889 1782 astute
937 1728 1182 1783 fallamus
1229 1729 1631 1783 necessitatem.
1680 1726 1868 1781 Nullus
1916 1734 2199 1785 nostrum,
2256 1739 2288 1777 ο

714 1822 929 1887 fratres,
964 1821 1033 1875 sit
1053 1822 1188 1875 adeo
1211 1821 1331 1875 vita:
1364 1821 1617 1891 cupidus,
1645 1830 1699 1874 et
1728 1824 1864 1874 adeo
1893 1813 2068 1886 pusilli
2101 1829 2154 1870 et
2185 1818 2282 1871 ab-

709 1911 836 1978 jecti
862 1911 1049 1971 animi,
1078 1920 1135 1965 ut
1169 1927 1262 1979 pro
1293 1912 1444 1965 brevi
1471 1920 1526 1965 et
1554 1910 1751 1964 misera
1774 1910 1880 1962 vita
1911 1908 2095 1976 perdat
2118 1917 2281 1961 teter-

713 2004 964 2066 nitatem,
1001 2012 1056 2056 et
1092 2019 1211 2071 qua:
1269 2017 1545 2070 nunquam
1594 2001 1820 2055 solvitur
1868 1999 2278 2055 beatitudinem.

711 2096 1000 2148 Communi
1032 2095 1271 2148 omnium
1303 2094 1524 2148 inimico
1564 2110 1592 2148 a
1615 2094 1773 2147 nobis
1809 2094 1945 2146 haud
1973 2093 2130 2147 detur
2161 2108 2282 2161 pars

713 2186 910 2254 aliqua,
962 2202 1031 2239 ne
1100 2201 1220 2247 cum
1276 2203 1440 2240 unum
1472 2186 1635 2240 fuerit
1664 2185 1977 2244 seﬂnratus.
2024 2184 2284 2253 glorietur

718 2293 1025 2344 perversus,
1053 2290 1308 2346 tanquam
1337 2278 1425 2346 qui
1461 2293 1649 2331 omnes
1686 2278 1912 2344 ceperit.
1947 2276 2050 2329 Sed
2075 2276 2165 2343 qui
2201 2284 2284 2330 est

715 2369 936 2436 quidem
986 2369 1130 2429 talis,
1165 2370 1352 2436 procul
1406 2368 1476 2422 sit
1503 2385 1531 2421 a
1558 2369 1725 2423 choro
1758 2378 2078 2437 martyrum,
2111 2383 2284 2435 neque

714 2460 787 2511 sit
812 2457 948 2511 falso
996 2459 1231 2513 nominis
1264 2458 1549 2528 particeps.
1592 2457 1647 2511 Si
1684 2456 1809 2533 quis
1837 2456 1981 2511 enim
2016 2466 2087 2519 te,
2124 2457 2282 2511 Chri-

714 2554 796 2602 ste
824 2554 878 2601 et
927 2546 1156 2602 Verbum
1187 2548 1299 2608 Dei.
1336 2549 1617 2618 negaverit
1644 2547 1804 2615 hujus
1834 2547 1958 2599 vitae
1992 2546 2282 2611 desiderio,

713 2640 781 2692 ab
809 2638 923 2705 ipsa
957 2638 1189 2699 excidat.
1226 2646 1280 2691 et
1325 2638 1615 2692 dehiscens
1658 2652 1782 2691 eum
1832 2646 1975 2690 terra
2036 2636 2282 2692 devoret.

716 2726 771 2783 Si
804 2731 924 2799 quis
941 2742 1121 2784 autem
1160 2745 1224 2784 ex
1254 2744 1370 2783 mea
1405 2729 1750 2799 cognatione,
1779 2740 1867 2782 aut
1901 2727 2282 2797 familiaritate,

715 2822 983 2876 desiderio
1005 2821 1268 2875 bonorum
1306 2821 1680 2890 praesentiunt,
1710 2829 1761 2873 te
1789 2820 1974 2876 relicto
2008 2818 2285 2883 Creatore.

715 2926 973 2985 sequatur
995 2914 1139 2969 hunc
1166 2930 1347 2984 regem
1364 2914 1603 2968 interitui
1633 2914 1929 2968 obnoxium
1953 2923 2008 2967 et
2025 2913 2247 2982 impium
2270 2951 2284 2978 ,

714 3022 785 3060 ne
817 3008 863 3061 ei
895 3008 1073 3069 detur,
1101 3023 1133 3061 ο
1162 3006 1275 3059 [tux
1306 3008 1544 3065 Christe,
1579 3005 1665 3059 hic
1702 3004 1803 3057 frui
1859 3004 1942 3068 iis,
1964 3020 2084 3073 quas
2101 3002 2287 3057 viden—

718 3110 805 3153 tur
855 3098 1091 3168 jucunda
1149 3108 1201 3152 et
1246 3096 1608 3162 delectabili-.1,
1651 3104 1708 3150 et
1754 3095 1995 3150 tradatur
2033 3094 2136 3161 iis,
2168 3111 2287 3166 qua:

717 3204 845 3246 sunt
873 3193 1002 3256 illic,
1038 3192 1345 3246 tormentis.

788 3283 903 3338 XX.
936 3281 1059 3339 time
1082 3284 1236 3350 dixit,
1266 3296 1319 3337 et
1361 3283 1544 3337 statim
1580 3282 1833 3337 universa
1886 3281 2176 3336 multitudo
2201 3297 2288 3335 ca-

719 3376 856 3429 lidas
888 3374 1174 3428 etIundcns
1204 3373 1491 3444 lacrymas,
1546 3373 1674 3425 Εειο
1703 3373 1852 3425 bono
1880 3371 2086 3433 animo,
2114 3371 2289 3425 excla-

722 3467 904 3520 mavit.
934 3465 1098 3519 Nemo
1127 3466 1269 3519 enim
1316 3474 1365 3517 te
1405 3463 1654 3527 deseret;
1703 3478 1826 3516 nam
1886 3463 1985 3524 tui,
2021 3472 2077 3517 ut
2116 3463 2285 3528 vides,

718 3558 985 3611 desiderio
1017 3573 1207 3611 omnes
1238 3557 1318 3611 vel
1364 3566 1490 3610 ante
1536 3566 1588 3610 te
1626 3555 1761 3609 mori
1816 3570 2204 3624 prOperatnus,
2237 3566 2291 3608 et

722 3653 1008 3720 prmripere
1036 3652 1177 3704 hunc
1207 3650 1422 3705 beatum
1457 3652 1617 3702 linem
1651 3658 1705 3701 et
1735 3646 2167 3699 desiderabilem.
2198 3645 2290 3701 Ille

724 3753 905 3796 autern
957 3744 1022 3796 ad
1068 3743 1182 3796 haec
1212 3760 1225 3793 :
1257 3743 1383 3811 Ego,
1410 3742 1486 3796 ait
1537 3741 1811 3804 omnibus,
1850 3757 1947 3810 ego
1980 3757 2075 3795 vos
2103 3758 2291 3794 omnes

722 3828 1042 3897 praecedam,
1074 3837 1127 3882 et
1172 3843 1267 3881 ero
1302 3828 1456 3882 vobis
1496 3828 1550 3881 in
1580 3829 1689 3882 Deo
1720 3839 1901 3882 certus
1928 3831 2026 3883 viae
2056 3829 2182 3883 dux.
2221 3829 2293 3884 Ut

719 3935 819 3975 vos
850 3919 979 3974 mihi
1010 3921 1210 3987 primas
1233 3920 1603 3975 conceditisin
1628 3921 1901 3984 erunibus,
1940 3921 2010 3975 ita
2042 3936 2136 3975 vos
2163 3923 2289 3975 mihi

721 4013 1025 4076 concedite,
1060 4022 1118 4065 nt
1154 4013 1358 4080 primus
1390 4013 1456 4065 ad
1483 4013 1758 4066 Christum
1787 4013 2059 4067 accedam.
2092 4014 2289 4067 Verum

721 4103 1005 4158 enimvero
1035 4104 1137 4158 hoc
1160 4118 1379 4172 quoque
1402 4103 1555 4157 vobis
1572 4103 1823 4157 ultimum
1842 4103 1913 4157 do
1942 4104 2288 4157 mandatum:

721 4196 776 4251 Si
806 4198 925 4267 quis
950 4213 1193 4251 meorum
1227 4197 1480 4261 filiorum,
1508 4205 1604 4250 aut
1630 4211 1839 4261 eorum,
1883 4196 1972 4265 qui
2001 4210 2198 4266 genere
2225 4193 2291 4249 ad

722 4305 810 4344 me
844 4292 1096 4355 attinent,
1136 4290 1357 4343 relictus
1377 4288 1558 4352 fuerit,
1585 4304 1913 4357 permanens
1937 4288 1990 4340 in
2032 4288 2134 4342 hoc
2157 4304 2293 4356 puro

724 4381 873 4435 cultu
918 4380 1371 4444 Christianorum,
1426 4383 1496 4435 sit
1547 4380 1719 4434 ltreres
1768 4394 2014 4433 mearum
2073 4379 2293 4432 facultao

727 4485 864 4529 tum.
905 4471 1075 4526 Porro
1103 4481 1285 4526 autent
1318 4482 1430 4526 tres
1483 4472 1599 4526 illas
1643 4488 1707 4525 ex
1773 4472 1860 4535 iis,
1886 4488 2005 4540 qum
2042 4472 2171 4524 mihi
2212 4487 2295 4525 re-

722 4575 887 4630 stant,
924 4565 1294 4635 possessiones
1350 4563 1744 4633 pulcherrimas
1789 4564 1911 4617 volo
1958 4564 2177 4617 attribui
2206 4578 2297 4616 ca-

723 4656 936 4710 tholica:
983 4653 1243 4717 ecclesia,
1283 4669 1401 4722 qua:
1433 4664 1514 4708 est
1546 4653 1862 4707 aedificanda
1897 4672 1908 4707 :
1940 4669 2075 4723 quas
2130 4652 2293 4705 etiam

721 4753 829 4814 iam
871 4761 1150 4801 consecro.
1201 4745 1323 4799 Haec
1355 4760 1478 4798 cum
1512 4744 1754 4813 dixisset,
1797 4753 1851 4798 et
1888 4743 2087 4813 populo
2131 4742 2296 4796 bene-

726 4837 969 4899 dixisset,
998 4846 1076 4898 et,
1110 4837 1189 4890 Sit
1215 4836 1310 4889 tibi
1345 4836 1536 4905 gloria,
1581 4851 1612 4890 ο
1643 4834 1887 4900 Domine,
1924 4843 2146 4904 propter
2180 4848 2294 4885 om-

725 4930 832 4988 nia,
856 4926 1246 4994 subjunxisset,
1271 4940 1567 4979 conversus
1597 4924 1727 4978 dicit
1760 4925 1868 4992 regi
1907 4941 1920 4977 :
1957 4924 2142 4976 Laudo
2170 4932 2239 4982 te,
2264 4936 2297 4974 0

724 5028 836 5076 rex,
885 5015 1031 5085 quod
1083 5029 1213 5069 usus
1252 5018 1326 5070 sis
1372 5016 1653 5084 patientia,
1689 5027 1742 5070 et
1796 5033 1904 5072 non
1960 5014 2293 5080 confuderis,

725 5113 819 5156 aut
842 5103 1201 5171 interruperis
1229 5119 1400 5157 meam
1432 5106 1755 5164 orationem.
1789 5117 1847 5160 ut
1874 5122 1991 5161 mos
2042 5105 2140 5159 fuit
2164 5104 2294 5157 olim

726 5196 961 5265 regibus.
992 5192 1262 5261 Quoniam
1323 5210 1450 5264 ergo
1497 5199 1639 5251 nosti
1692 5210 1936 5252 nostrum
1970 5214 2195 5269 scopum
2241 5206 2298 5253 et

724 5288 1052 5352 institutum,
1080 5301 1277 5355 nempe
1312 5287 1453 5354 quod
1482 5288 1595 5343 ﬁeri
1624 5304 1729 5343 non
1771 5299 1946 5359 potest
1984 5300 2059 5355 ut,
2094 5289 2295 5347 Christi

727 5380 871 5433 cultu
906 5379 1117 5443 relicto,
1143 5394 1244 5432 nos
1270 5378 1361 5432 tibi
1396 5381 1781 5448 assentiamur,
1822 5383 1901 5437 fac
1929 5383 2072 5451 quod
2104 5398 2296 5452 super-

728 5474 826 5531 est,
858 5477 1073 5538 tempus
1097 5478 1208 5518 non
1232 5474 1410 5521 terens
1441 5468 1665 5523 diutius.

802 5660 915 5715 XXI
968 5662 1105 5718 Cum
1135 5664 1299 5716 sciret
1341 5677 1466 5731 ergo
1508 5680 1597 5716 rex
1654 5680 1842 5717 eorum
1908 5672 2146 5716 mentem
2175 5678 2297 5719 esse

728 5753 1145 5817 immutabilem,
1187 5768 1285 5805 nec
1338 5752 1448 5805 fieri
1481 5766 1637 5821 posse
1666 5765 1720 5804 ut
1767 5770 1861 5807 eos
1901 5755 1965 5806 ad
2004 5770 2157 5807 suam
2192 5763 2297 5805 tra-

726 5846 888 5903 ducat
916 5849 1269 5907 sententiam,
1298 5845 1455 5912 iussit
1487 5860 1579 5901 eos
1612 5843 1730 5897 duci
1770 5846 1831 5899 ad
1853 5848 2142 5916 quemdam
2187 5855 2291 5898 tor-

2385 649 2473 694 τος
2511 633 2542 702 ὴ
2574 636 2709 701 πρὸς
2738 634 2804 685 τὸ
2860 635 3019 704 σῶμα
3058 635 3324 697 διάλυσις.
3367 630 3497 686 Εἶτα
3534 634 3609 705 μὴ
3642 634 3953 703 αὐτόματον

2386 724 2480 776 καὶ
2518 725 2694 777 κοινὸν
2738 726 2798 777 τὸ
2827 726 2977 788 τέλος
3014 727 3357 795 ἀναμενέτω,
3388 724 3504 779 ἀλλ’
3529 728 3605 787 ὡς
3628 726 3712 778 ενι
3745 724 3953 788 ἔνδοξον

2384 813 2516 865 αὐτὸ
2579 815 2674 865 καὶ
2714 817 2986 884 μακάριον
3047 816 3327 869 σπευδέτω
3366 814 3641 882 γενέσθαι.
3686 816 3753 866 Τί
3784 814 3828 867 δ’
3892 815 3954 865 ἂν

2385 908 2525 959 εἴποι
2559 924 2642 969 τις
2693 906 2879 977 ἕτερον
2912 908 3005 962 τοῦ
3058 909 3143 961 διὰ
3185 909 3486 979 μαρτυρίου
3522 909 3714 969 τέλους
3748 908 3951 970 ἐνδοξό-

2385 1016 2540 1062 τερον
2574 998 2605 1066 ἢ
2641 998 2924 1052 εὖσεὸέσιν
2966 998 3275 1069 ἀνθρώποις
3314 998 3777 1069 μακαριώτερον;
3819 996 3949 1061 Ἐγὼ

2387 1090 2493 1158 γὰρ
2528 1091 2574 1141 εί
2604 1084 2715 1145 οἶόν
2755 1108 2814 1143 τε
2861 1088 2928 1162 ἦν
2972 1090 3061 1144 διὰ
3093 1091 3327 1159 Χριστὸν
3372 1090 3633 1149 πολλάκις
3659 1088 3949 1141 ἀποθανεῖν

2388 1181 2781 1236 συνεϐούλευσα
2809 1184 2895 1246 ἂν,
2924 1186 3018 1236 καὶ
3053 1179 3121 1255 ἦν
3153 1182 3297 1236 οὕτω
3339 1185 3432 1236 καί
3460 1185 3491 1250 ἠ
3540 1182 3671 1247 δόξα
3727 1179 3950 1249 μείζων.

2387 1275 2481 1326 καὶ
2545 1276 2604 1327 τὸ
2661 1274 2851 1346 κέρδος
2900 1276 3041 1329 κατὰ
3091 1274 3226 1329 πολὺ
3283 1273 3710 1343 δαψιλέστερον·
3745 1273 3869 1325 ἐπεὶ
3901 1271 3954 1322 δὲ

2385 1366 2543 1420 τοῦτο
2572 1369 2723 1436 παρὰ
2777 1369 2875 1436 τῆς
2914 1367 3131 1434 φύσεως
3185 1368 3284 1419 οὐκ
3340 1366 3453 1419 ἔστι
3509 1365 3725 1425 λαϐεῖν,
3789 1364 3819 1416 δ
3867 1364 3956 1415 καὶ

2389 1458 2545 1527 ἡμῶν
2574 1459 2634 1510 οὐ
2664 1457 3022 1527 βουλομένων,
3053 1459 3146 1527 ἀφ’
3172 1457 3377 1527 ἑαυτῆς
3405 1457 3588 1525 ἐκείνη
3628 1458 3797 1519 ποιεῖ,
3824 1454 3956 1522 φθε-

2390 1566 2581 1612 σαντες
2610 1550 2764 1615 αὐτὺ,
2798 1549 3247 1619 προαρπάσωμεν
3280 1550 3417 1617 μετὰ
3446 1548 3601 1617 δόξης
3646 1548 3744 1599 καὶ
3771 1546 3955 1614 ὥσπερ

2388 1639 2519 1691 ἴδιον
2572 1639 2808 1706 θέμενοι,
2870 1637 3225 1708 σοφισὼμεθα
3273 1638 3372 1706 τὴν
3424 1636 3691 1705 ἀνάγκην.
3749 1635 3955 1703 Μηδεὶς

2388 1726 2541 1796 ἡμῶν
2599 1727 2773 1791 οὕτως
2814 1728 3036 1798 όφθήτω
3102 1727 3418 1796 φιλόψυχος,
3471 1727 3712 1794 ἀδελφοὶ,
3772 1725 3955 1792 μηδεὶς

2389 1821 2639 1888 ἀγεννὴς,
2666 1821 2853 1890 μηδεὶς
2874 1821 3128 1890 ἄτολμος,
3158 1822 3233 1883 ὡς
3262 1823 3466 1890 μικρᾶς
3490 1819 3582 1871 καὶ
3605 1815 3954 1884 ταλαιπώρου

2388 1914 2530 1982 ζωῆς
2564 1912 2718 1975 ὅλους
2775 1911 2979 1973 αἰῶνας
3044 1911 3138 1964 καὶ
3173 1912 3441 1980 μηδέποτε
3505 1909 3783 1976 λυομένην
3830 1921 3956 1973 προ-

2386 2004 2539 2057 έσθαι
2563 2004 2957 2075 μακαριότητα.
2985 2004 3074 2072 Μή
3093 2003 3194 2056 πού
3219 2019 3301 2063 τις
3325 2004 3417 2054 καὶ
3443 2001 3571 2071 παρ’
3596 2000 3759 2069 ἡμῶν
3782 1997 3955 2063 δοθείη

2386 2094 2461 2164 τῷ
2494 2095 2657 2162 κοινῷ
2697 2095 2913 2146 πάντων
2944 2091 3187 2161 πολεμίῳ
3220 2080 3402 2160 μερίς,
3430 2092 3519 2142 καὶ
3567 2089 3660 2141 τὸν
3699 2089 3798 2140 ἕνα
3843 2088 3957 2140 χλέο

2385 2185 2511 2253 ψας,
2571 2183 2645 2245 ὡς
2699 2183 2905 2244 πάντας
2943 2181 3125 2233 λαϐὼν
3178 2179 3445 2238 ὁσκολιὸς
3512 2179 3955 2245 ὲγκαυχήστιται.

2399 2278 2537 2329 Ἀλλ’
2566 2278 2593 2327 ὅ
2629 2292 2687 2342 γε
2723 2274 2964 2336 τοιοῦτος
3010 2274 3200 2344 πόρρω
3232 2271 3325 2325 τοῦ
3390 2268 3732 2340 μαρτυρηιοῦ
3768 2268 3957 2320 τοῦτον

2386 2369 2627 2436 γενέσθω
2670 2364 2853 2437 χοροῦ,
2887 2365 3024 2435 μηδὲ
3058 2365 3451 2434 συμμετεχέτω
3481 2360 3694 2431 ψευδῶς
3720 2359 3816 2411 τοῦ
3848 2360 3957 2411 6V6-

2391 2476 2581 2530 ματος.
2626 2458 2712 2518 Ὠς
2751 2456 2804 2510 εἰ
2824 2459 2904 2518 τίς
2953 2472 3035 2521 σε,
3075 2456 3275 2527 Χριστὲ
3304 2456 3393 2508 καὶ
3426 2455 3565 2521 Λόγε
3610 2452 3776 2513 Θεοῦ,
3814 2452 3957 2519 πόθῳ

2387 2552 2483 2620 τῆς
2514 2549 2747 2604 ἐνταῦθα
2780 2549 2929 2618 ζωῆς
2981 2547 3379 2618 ἀπαρνήσαιτο,
3415 2547 3509 2598 καὶ
3560 2544 3768 2613 ταύτης
3800 2544 3957 2594 ἐκπέ-

2388 2661 2491 2707 σοι,
2524 2643 2618 2696 καὶ
2652 2642 2830 2706 ζῶντα
2859 2640 3047 2694 τοῦτον
3074 2643 3107 2709 ἡ
3140 2639 3212 2708 γῆ
3239 2636 3412 2705 στόμα
3438 2637 3758 2698 διανοίξασα
3786 2648 3949 2684 κατασ

2388 2739 2521 2791 πίοι.
2551 2737 2661 2789 Καὶ
2688 2734 2741 2788 εἴ
2782 2753 2863 2797 τις
2894 2735 2952 2787 δὲ
2979 2735 3074 2802 τῆς
3106 2733 3247 2800 ἐμῆς
3278 2731 3597 2797 συγγενείας
3649 2729 3679 2796 ἦ
3716 2728 3957 2793 ἑταιρίας

2389 2829 2653 2897 ἐπιθυμίᾳ
2675 2828 2782 2879 τῶν
2812 2826 3095 2896 παρόντων
3124 2823 3312 2895 ἡδέων,
3342 2824 3400 2874 σὲ
3428 2821 3516 2873 τὸν
3550 2820 3795 2885 Κτίστην
3824 2820 3957 2869 ἀπο.

2389 2918 2585 2981 λιπὼν,
2614 2918 2789 2970 όπίσω
2834 2917 2928 2968 τοῦ
2988 2914 3229 2985 φθαρτοῦ
3282 2913 3473 2966 τούτου
3522 2914 3615 2964 καὶ
3664 2908 3957 2968 δυσσεϐοῦς

2391 3010 2654 3080 βασιλέως
2674 3008 3052 3077 ἀκολουθήσοι,
3078 3009 3224 3075 γένοι
3239 3025 3286 3058 ιο
3300 3005 3465 3073 αὐτῷ,
3486 3004 3689 3071 Χριστὲ
3713 2999 3957 3069 βασιλεῦ,

2391 3107 2485 3156 καὶ
2517 3104 2624 3154 τῶν
2656 3101 2889 3154 ἐνταῦθα
2950 3100 3201 3171 τερπνῶν
3258 3100 3332 3167 μὴ
3373 3094 3700 3161 ἀπόνασθαι,
3728 3095 3823 3147 καὶ
3849 3097 3959 3154 τοῖς

2314 3207 2355 3261 C
2392 3197 2597 3251 ἐκεῖθεν
2630 3195 2915 3264 ἐκδοθῆναι
2954 3193 3356 3263 κολαστηρίοις.

2464 3286 2544 3339 K'.
2584 3283 2771 3338 Ταῦτα
2801 3283 2929 3351 ἔφη,
2962 3281 3139 3335 καὶτὸ
3175 3279 3378 3350 πλῆθος
3408 3279 3568 3342 εὐθὺς
3602 3279 3778 3339 ἅπαν,
3810 3278 3927 3346 Θὰῤ

2394 3383 2498 3450 ρει,
2527 3378 2617 3430 ἐπὶ
2653 3374 2876 3447 θερμοῖς
2906 3378 3018 3437 τοῖς
3047 3374 3308 3443 δάκρυσιν
3339 3371 3661 3441 ἀνεϐόησαν.
3698 3370 3814 3423 Οὐκ
3846 3369 3958 3420 ἐστι

2391 3477 2498 3541 γὰρ
2533 3472 2680 3532 ὅστις
2711 3468 3178 3538 ἀπολειφθήσεταί
3219 3484 3313 3518 σου
3409 3465 3529 3517 ἐπεὶ
3570 3464 3665 3516 καὶ
3705 3462 3785 3527 τῷ
3837 3463 3961 3529 περὶ

2394 3565 2453 3615 σὲ
2484 3562 2631 3629 πόθῳ
2669 3561 2889 3622 πάντες,
2919 3558 2994 3619 ὡς
3040 3560 3193 3627 ὁρᾷς,
3238 3556 3594 3623 ἐπειγόμεθα,
3635 3556 3684 3605 εί
3731 3550 3847 3605 οἷόν
3882 3571 3961 3616 τε,

2388 3654 2487 3708 καὶ
2516 3649 2804 3720 προθανεῖν
2834 3666 2950 3712 σου,
3003 3648 3096 3702 καὶ
3128 3648 3189 3700 τὸ
3223 3647 3493 3718 μακάριον
3531 3645 3689 3699 τοῦτο
3722 3644 3822 3697 καὶ
3873 3663 3967 3695 πο-

2394 3746 2567 3797 θεινὸν
2600 3742 2951 3813 προαρπάσαι
2974 3742 3146 3804 τέλος.
3195 3742 3253 3794 Ὀ
3288 3741 3344 3794 δὲ
3375 3742 3511 3811 πρὸς
3556 3738 3753 3803 ταῦτα,
3800 3737 3969 3803 Ἐγὼ,

2396 3839 2560 3891 πᾶσιν
2611 3835 2735 3905 ἔφη,
2787 3834 2897 3903 ἐγὼ
2964 3835 3182 3886 πάντων
3242 3832 3395 3902 ὑμῶν
3440 3832 3829 3901 ἀφηγήσομαι,
3874 3830 3968 3882 καὶ

2391 3928 2585 3996 ὀδηγδς
2619 3926 2861 3995 ἀπλανὴς
2904 3926 3034 3995 ὑμῖν
3068 3927 3124 3977 ὲν
3161 3923 3279 3995 Θεῷ
3321 3924 3658 3993 φανήσομαι.
3702 3923 3794 3985 Ὧς
3843 3924 3968 3990 ἐμοὶ

2392 4019 2501 4072 τῶν
2532 4017 2819 4086 πρωτείων
2860 4017 2920 4069 ἐν
2955 4018 3087 4069 πᾶσι
3122 4017 3521 4085 παρεχωρεῖτε,
3552 4012 3700 4065 οὕτω
3752 4030 3846 4081 μοι
3873 4011 3967 4063 καί

2396 4109 2596 4179 πρώτῳ
2652 4108 2877 4177 Χριστῷ
2909 4107 3263 4177 παραστῆναι
3299 4106 3770 4176 παραχωρήσατε.
3826 4105 3967 4172 Πλὴν

2395 4202 2529 4257 ἀλλὰ
2556 4201 2648 4253 καὶ
2673 4198 2878 4268 ταύτην
2900 4199 3224 4252 τελευταίαν
3249 4198 3377 4267 ὑμῖν
3397 4197 3613 4265 ἐντολὴν
3638 4196 3930 4262 ἐπιδίδωμι
3952 4211 3964 4223 ·

2395 4296 2459 4347 Εἰ
2479 4311 2558 4356 τις
2582 4292 2690 4345 τῶν
2721 4292 2870 4362 ἐμῶν
2894 4293 3118 4355 τέκνων,
3142 4290 3175 4361 ἦ
3196 4290 3302 4343 τῶν
3330 4292 3468 4342 κατά
3492 4287 3645 4356 γένος
3679 4304 3774 4357 μοι
3803 4302 3967 4355 προσο

2395 4388 2636 4453 ηκόντων
2696 4383 3044 4452 ὑπολειφθείη
3084 4386 3149 4452 τῇ
3205 4382 3415 4452 καθαρᾷ
3467 4380 3637 4449 ταύτῃ
3678 4378 3791 4431 τῶν
3842 4378 3965 4446 Χρι-

2399 4472 2629 4527 στιανῶν
2671 4472 2927 4541 ἐμμένων
2969 4471 3211 4542 λατρεία,
3242 4473 3341 4540 τῆς
3388 4469 3530 4538 ἐμῆς
3560 4469 3815 4520 ἔστωσαν
3846 4468 3966 4533 κλη-

2400 4561 2618 4633 ρονόμοι
2660 4560 2999 4630 περιουσίας.
3039 4560 3146 4613 Καὶ
3172 4560 3301 4631 τρία
3322 4560 3379 4611 δὲ
3402 4558 3511 4610 τῶν
3535 4558 3845 4626 περιόντων
3872 4574 3955 4623 μοι

2397 4652 2701 4707 καλλίστων
2758 4650 3054 4720 κτημᾶτων
3102 4652 3167 4721 τῇ
3222 4648 3644 4718 οἰκοδομηθῆναι
3704 4646 3967 4717 μελλούσῃ

2398 4742 2663 4811 καθολικῇ
2707 4742 3005 4813 Ἐκκλησία
3042 4742 3393 4812 κληρωθῆναι
3449 4740 3738 4811 βούλομαι,
3797 4741 3833 4795 ὃ.
3880 4760 3966 4793 και

2398 4837 2502 4908 ήδη
2535 4835 2765 4903 ἀφιερῶ.
2813 4832 2998 4886 Ταῦτα
3029 4834 3197 4887 εἰπὼν
3226 4834 3319 4885 καὶ
3356 4832 3445 4885 τὸν
3476 4831 3607 4883 λαὸν
3647 4834 3964 4901 εὐλογήσας,

2401 4928 2515 4988 καὶ,
2547 4924 2681 4988 Δόξα
2705 4943 2809 4992 σοι,
2843 4926 3039 4997 Κύριε,
3065 4926 3284 4977 πάντων
3313 4923 3519 4989 ἕνεκεν,
3551 4924 3829 4988 ἐπειπὼν,
3858 4926 3969 4976 ἐτει-

2403 5016 2663 5088 στραφεὶς
2693 5015 2840 5084 λέγει
2867 5017 2944 5087 τῷ
2971 5015 3204 5086 βασιλεῖ·
3234 5014 3473 5069 Ἐπαινῶ
3511 5031 3572 5067 σε
3608 5016 3970 5085 μακροθυρὴο

2402 5125 2593 5171 σαντα,
2643 5107 2888 5177 βασιλεῦ,
2922 5108 3015 5159 καὶ
3049 5107 3125 5176 μὴ
3160 5107 3465 5176 συγχέαντά
3495 5123 3589 5176 μοι
3623 5107 3755 5167 τοὺς
3790 5106 3972 5173 λόγους

2400 5204 2433 5274 ἦ
2469 5202 2800 5269 διακόψαντα
2836 5202 2976 5256 κατὰ
3032 5204 3094 5256 τδ
3126 5206 3295 5258 πάλαι
3334 5205 3445 5265 τοῖς
3508 5199 3803 5270 βασιλεῦσι
3832 5220 3971 5254 νενο-

2405 5294 2691 5365 μισμένον.
2724 5296 2835 5349 Καὶ
2867 5297 3044 5351 τοίνυν
3068 5297 3193 5348 ἐπεὶ
3213 5296 3303 5348 τὸν
3332 5294 3605 5364 ⁴ἡμέτερον
3644 5293 3822 5359 ἔγνως
3855 5310 3974 5346 σκος

2402 5388 2524 5448 πον,
2574 5387 2648 5448 ὼς
2681 5387 2941 5441 ἀδύνατόν
2971 5390 3082 5440 ἐστι
3122 5388 3220 5457 τῆς
3254 5384 3494 5456 Χριστοῦ
3528 5383 3794 5451 λατρείας
3850 5388 3973 5449 αφε-

2405 5479 2598 5549 μένους
2629 5480 2774 5549 ἡμᾶς
2805 5478 3096 5532 συνθέσθαι
3126 5496 3231 5542 σοι,
3264 5478 3323 5530 τὸ
3358 5475 3788 5546 παριστάμενον
3810 5477 3971 5537 ποίει,

2404 5572 2480 5639 μὴ
2524 5569 2726 5638 τρίϐων
2758 5572 2849 5623 ἐπὶ
2890 5572 3023 5623 πολὺ
3052 5571 3143 5623 τὸν
3178 5570 3390 5640 καιρόν.

2476 5661 2603 5712 KA'.
2640 5657 2806 5721 Εἰδὼς
2838 5655 2931 5712 οὖν
2964 5662 2991 5712 ὁ
3017 5659 3269 5730 βασιλεὺς
3302 5657 3374 5721 ὠς
3406 5657 3505 5728 τὴν
3539 5658 3781 5729 γνώμην
3832 5658 3978 5726 ἕχον-

2406 5770 2490 5804 σιν
2532 5753 2968 5822 ἀμετάτρεπτον,
3004 5752 3096 5803 καί
3150 5750 3225 5813 ὡς
3286 5749 3388 5802 οὐκ
3435 5747 3502 5802 ἄν
3560 5764 3699 5799 ποτε
3762 5747 3977 5802 δύναιτο

2408 5844 2753 5917 μεταπείθειν
2780 5845 2992 5909 αὐτοὺς,
3026 5845 3116 5897 καὶ
3146 5844 3242 5913 τὴν
3274 5840 3588 5915 μεταόολῆν
3618 5842 3976 5897 παντάπασιν
