  <div class='ocr_page' id='page_1' title='image "/cluster/home/n/w/nwhite01/storage/ocr_20150623/115/uva.x004215515/708.png"; bbox 0 0 4142 6472; ppageno 0'>
   <div class='ocr_carea' id='block_1_1' title="bbox 156 414 295 477">
    <p class='ocr_par' dir='ltr' id='par_1_1' title="bbox 156 414 295 477">
     <span class='ocr_line' id='line_1_1' title="bbox 156 414 295 477; baseline 0 0"><span class='ocrx_word' id='word_1_1' title='bbox 156 414 295 477; x_wconf 66' lang='grc'><strong>1213</strong></span> 
     </span>
    </p>
   </div>
   <div class='ocr_carea' id='block_1_2' title="bbox 1307 408 2282 473">
    <p class='ocr_par' dir='ltr' id='par_1_2' title="bbox 1307 408 2282 473">
     <span class='ocr_line' id='line_1_2' title="bbox 1307 408 2282 473; baseline 0.001 -1"><span class='ocrx_word' id='word_1_2' title='bbox 1307 415 1411 473; x_wconf 81' lang='lat' dir='ltr'><strong>MA</strong></span> <span class='ocrx_word' id='word_1_3' title='bbox 1425 413 1622 471; x_wconf 73' lang='lat' dir='ltr'><strong>RTYB</strong></span> <span class='ocrx_word' id='word_1_4' title='bbox 1639 413 1650 468; x_wconf 92' lang='lat' dir='ltr'><strong>l</strong></span> <span class='ocrx_word' id='word_1_5' title='bbox 1666 410 1776 471; x_wconf 76' lang='grc' dir='ltr'><strong>ΗΜ</strong></span> <span class='ocrx_word' id='word_1_6' title='bbox 1822 408 1879 469; x_wconf 89' lang='lat' dir='ltr'><strong>S.</strong></span> <span class='ocrx_word' id='word_1_7' title='bbox 1927 416 1966 469; x_wconf 75' lang='grc' dir='ltr'>Α</span> <span class='ocrx_word' id='word_1_8' title='bbox 1982 413 2282 473; x_wconf 69' lang='grc' dir='ltr'><strong>ΒΕΤΗΕ.</strong></span> 
     </span>
    </p>
   </div>
   <div class='ocr_carea' id='block_1_3' title="bbox 3291 406 3426 473">
    <p class='ocr_par' dir='ltr' id='par_1_3' title="bbox 3291 406 3426 473">
     <span class='ocr_line' id='line_1_3' title="bbox 3291 406 3426 473; baseline -0.03 0"><span class='ocrx_word' id='word_1_9' title='bbox 3291 406 3426 473; x_wconf 67' lang='lat'><strong>19.74</strong></span> 
     </span>
    </p>
   </div>
   <div class='ocr_carea' id='block_1_4' title="bbox 151 523 1745 603">
    <p class='ocr_par' dir='ltr' id='par_1_4' title="bbox 151 527 1738 603">
     <span class='ocr_line' id='line_1_4' title="bbox 151 527 1738 603; baseline 0.001 -23"><span class='ocrx_word' id='word_1_10' title='bbox 151 530 454 597; x_wconf 77' lang='grc' dir='ltr'>ἀπογνοὺς,</span> <span class='ocrx_word' id='word_1_11' title='bbox 495 528 577 594; x_wconf 70' lang='lat' dir='ltr'><strong>cf;</strong></span> <span class='ocrx_word' id='word_1_12' title='bbox 606 546 733 583; x_wconf 86' lang='grc' dir='ltr'>τινα</span> <span class='ocrx_word' id='word_1_13' title='bbox 764 531 1108 603; x_wconf 66' lang='grc' dir='ltr'>χειμάρρουν</span> <span class='ocrx_word' id='word_1_14' title='bbox 1147 530 1325 584; x_wconf 85' lang='grc' dir='ltr'>Ὀδίαν</span> <span class='ocrx_word' id='word_1_15' title='bbox 1370 529 1515 583; x_wconf 77' lang='grc' dir='ltr'>οὕτω</span> <span class='ocrx_word' id='word_1_16' title='bbox 1548 527 1738 583; x_wconf 76' lang='grc' dir='ltr'>καλοῦο</span> 
     </span>
    </p>
   </div>
   <div class='ocr_carea' id='block_1_5' title="bbox 1851 523 3422 603">
    <p class='ocr_par' dir='ltr' id='par_1_5' title="bbox 1851 523 3422 600">
     <span class='ocr_line' id='line_1_5' title="bbox 1851 523 3422 600; baseline -0.003 -18"><span class='ocrx_word' id='word_1_17' title='bbox 1851 541 2080 594; x_wconf 87' lang='lat' dir='ltr'><strong>rentem,</strong></span> <span class='ocrx_word' id='word_1_18' title='bbox 2109 531 2199 600; x_wconf 99' lang='lat' dir='ltr'><strong>qui</strong></span> <span class='ocrx_word' id='word_1_19' title='bbox 2231 539 2455 585; x_wconf 79' lang='lat' dir='ltr'><strong>vocatur</strong></span> <span class='ocrx_word' id='word_1_20' title='bbox 2504 529 2686 593; x_wconf 79' lang='lat' dir='ltr'><strong>Odias,</strong></span> <span class='ocrx_word' id='word_1_21' title='bbox 2722 538 2775 584; x_wconf 86' lang='lat' dir='ltr'><strong>et</strong></span> <span class='ocrx_word' id='word_1_22' title='bbox 2821 527 2954 598; x_wconf 87' lang='lat' dir='ltr'><strong>ipsis</strong></span> <span class='ocrx_word' id='word_1_23' title='bbox 2992 525 3101 581; x_wconf 93' lang='lat' dir='ltr'><strong>illic</strong></span> <span class='ocrx_word' id='word_1_24' title='bbox 3149 523 3422 594; x_wconf 86' lang='lat' dir='ltr'><strong>amputari</strong></span> 
     </span>
    </p>
   </div>
   <div class='ocr_carea' id='block_1_6' title="bbox 155 622 1737 693">
    <p class='ocr_par' dir='ltr' id='par_1_6' title="bbox 155 622 1737 693">
     <span class='ocr_line' id='line_1_6' title="bbox 155 622 1737 693; baseline 0 -20"><span class='ocrx_word' id='word_1_25' title='bbox 155 637 315 689; x_wconf 75' lang='grc' dir='ltr'>μενον</span> <span class='ocrx_word' id='word_1_26' title='bbox 344 622 746 691; x_wconf 77' lang='grc' dir='ltr'>ἀπενεχθέντας</span> <span class='ocrx_word' id='word_1_27' title='bbox 777 623 1065 677; x_wconf 71' lang='grc' dir='ltr'>ἐκέλευσεν</span> <span class='ocrx_word' id='word_1_28' title='bbox 1094 622 1486 693; x_wconf 79' lang='grc' dir='ltr'><strong>ἀποτμηθῆναι</strong></span> <span class='ocrx_word' id='word_1_29' title='bbox 1517 622 1617 684; x_wconf 80' lang='grc' dir='ltr'><strong>τὰς</strong></span> <span class='ocrx_word' id='word_1_30' title='bbox 1646 637 1737 673; x_wconf 82' lang='grc' dir='ltr'><strong>κε-</strong></span> 
     </span>
    </p>
   </div>
   <div class='ocr_carea' id='block_1_7' title="bbox 154 714 1740 787">
    <p class='ocr_par' dir='ltr' id='par_1_7' title="bbox 154 714 1740 787">
     <span class='ocr_line' id='line_1_7' title="bbox 154 714 1740 787; baseline 0 -21"><span class='ocrx_word' id='word_1_31' title='bbox 154 715 355 779; x_wconf 81' lang='grc' dir='ltr'>φαλὰς,</span> <span class='ocrx_word' id='word_1_32' title='bbox 385 716 464 777; x_wconf 75' lang='grc' dir='ltr'><strong>εἰς</strong></span> <span class='ocrx_word' id='word_1_33' title='bbox 493 714 553 766; x_wconf 72' lang='grc' dir='ltr'><strong>ὃν</strong></span> <span class='ocrx_word' id='word_1_34' title='bbox 584 716 676 769; x_wconf 66' lang='grc' dir='ltr'><strong>καὶ</strong></span> <span class='ocrx_word' id='word_1_35' title='bbox 705 717 998 785; x_wconf 88' lang='grc' dir='ltr'>γενόμενον</span> <span class='ocrx_word' id='word_1_36' title='bbox 1026 716 1123 769; x_wconf 73' lang='grc' dir='ltr'>καὶ</span> <span class='ocrx_word' id='word_1_37' title='bbox 1146 716 1459 787; x_wconf 78' lang='grc' dir='ltr'>προσευχὴν</span> <span class='ocrx_word' id='word_1_38' title='bbox 1488 715 1740 784; x_wconf 72' lang='grc' dir='ltr'>εὐθύμως</span> 
     </span>
    </p>
   </div>
   <div class='ocr_carea' id='block_1_8' title="bbox 150 800 1741 877">
    <p class='ocr_par' dir='ltr' id='par_1_8' title="bbox 150 800 1741 877">
     <span class='ocr_line' id='line_1_8' title="bbox 150 800 1741 877; baseline 0.003 -26"><span class='ocrx_word' id='word_1_39' title='bbox 150 800 382 862; x_wconf 69' lang='grc' dir='ltr'>ἑαυτοὺς</span> <span class='ocrx_word' id='word_1_40' title='bbox 422 801 721 871; x_wconf 69' lang='grc' dir='ltr'>τρέψαντες</span> <span class='ocrx_word' id='word_1_41' title='bbox 750 818 764 834; x_wconf 85' lang='grc'><strong><em>⁸</em></strong></span> <span class='ocrx_word' id='word_1_42' title='bbox 799 823 818 855; x_wconf 72' lang='grc' dir='ltr'><strong>ε</strong></span> <span class='ocrx_word' id='word_1_43' title='bbox 865 803 1065 877; x_wconf 82' lang='grc' dir='ltr'>Κύριε,</span> <span class='ocrx_word' id='word_1_44' title='bbox 1101 804 1296 874; x_wconf 83' lang='grc' dir='ltr'>Κύριε.</span> <span class='ocrx_word' id='word_1_45' title='bbox 1357 805 1586 873; x_wconf 80' lang='grc' dir='ltr'>δύναμις</span> <span class='ocrx_word' id='word_1_46' title='bbox 1643 806 1741 873; x_wconf 76' lang='grc' dir='ltr'>τῆς</span> 
     </span>
    </p>
   </div>
   <div class='ocr_carea' id='block_1_9' title="bbox 150 890 1736 966">
    <p class='ocr_par' dir='ltr' id='par_1_9' title="bbox 150 890 1736 966">
     <span class='ocr_line' id='line_1_9' title="bbox 150 890 1736 966; baseline 0.002 -22"><span class='ocrx_word' id='word_1_47' title='bbox 150 894 430 961; x_wconf 73' lang='grc' dir='ltr'><strong>σωτηρίας</strong></span> <span class='ocrx_word' id='word_1_48' title='bbox 464 894 644 961; x_wconf 72' lang='grc' dir='ltr'><strong>ἡμῶν.</strong></span> <span class='ocrx_word' id='word_1_49' title='bbox 682 890 859 961; x_wconf 76' lang='grc' dir='ltr'>εἷπον,</span> <span class='ocrx_word' id='word_1_50' title='bbox 904 897 1239 959; x_wconf 80' lang='grc' dir='ltr'>ὲπεσκίασας</span> <span class='ocrx_word' id='word_1_51' title='bbox 1287 898 1381 949; x_wconf 70' lang='grc' dir='ltr'>ἐπὶ</span> <span class='ocrx_word' id='word_1_52' title='bbox 1413 896 1513 966; x_wconf 80' lang='grc' dir='ltr'>τὴν</span> <span class='ocrx_word' id='word_1_53' title='bbox 1571 912 1736 962; x_wconf 60' lang='grc' dir='ltr'>κείρας</span> 
     </span>
    </p>
   </div>
   <div class='ocr_carea' id='block_1_10' title="bbox 154 983 1741 1058">
    <p class='ocr_par' dir='ltr' id='par_1_10' title="bbox 154 983 1741 1058">
     <span class='ocr_line' id='line_1_10' title="bbox 154 983 1741 1058; baseline 0 -19"><span class='ocrx_word' id='word_1_54' title='bbox 154 983 256 1050; x_wconf 71' lang='grc' dir='ltr'><strong>ὶὴν</strong></span> <span class='ocrx_word' id='word_1_55' title='bbox 291 984 451 1052; x_wconf 71' lang='grc' dir='ltr'>ἡμῶν</span> <span class='ocrx_word' id='word_1_56' title='bbox 479 987 536 1037; x_wconf 82' lang='grc' dir='ltr'><strong>ὲν</strong></span> <span class='ocrx_word' id='word_1_57' title='bbox 562 986 747 1056; x_wconf 73' lang='grc' dir='ltr'><strong>ἡμέρᾳ</strong></span> <span class='ocrx_word' id='word_1_58' title='bbox 796 986 1061 1057; x_wconf 83' lang='grc' dir='ltr'>πολέμου.</span> <span class='ocrx_word' id='word_1_59' title='bbox 1092 1007 1110 1040; x_wconf 83' lang='grc'>›</span> <span class='ocrx_word' id='word_1_60' title='bbox 1156 988 1454 1058; x_wconf 76' lang='grc' dir='ltr'>Ὀδήγησον</span> <span class='ocrx_word' id='word_1_61' title='bbox 1506 989 1600 1040; x_wconf 81' lang='grc' dir='ltr'><strong>καὶ</strong></span> <span class='ocrx_word' id='word_1_62' title='bbox 1646 987 1741 1040; x_wconf 85' lang='grc' dir='ltr'><strong>νῦν</strong></span> 
     </span>
    </p>
   </div>
   <div class='ocr_carea' id='block_1_11' title="bbox 151 1076 1741 1152">
    <p class='ocr_par' dir='ltr' id='par_1_11' title="bbox 151 1076 1741 1152">
     <span class='ocr_line' id='line_1_11' title="bbox 151 1076 1741 1152; baseline 0.001 -24"><span class='ocrx_word' id='word_1_63' title='bbox 151 1076 304 1142; x_wconf 77' lang='grc' dir='ltr'>ἡμᾶς</span> <span class='ocrx_word' id='word_1_64' title='bbox 336 1079 414 1140; x_wconf 84' lang='grc' dir='ltr'><strong>είς</strong></span> <span class='ocrx_word' id='word_1_65' title='bbox 460 1078 577 1130; x_wconf 68' lang='grc' dir='ltr'>ὁδὸν</span> <span class='ocrx_word' id='word_1_66' title='bbox 615 1079 873 1132; x_wconf 86' lang='grc' dir='ltr'>αἰωνίαν·</span> <span class='ocrx_word' id='word_1_67' title='bbox 909 1082 990 1135; x_wconf 83' lang='grc' dir='ltr'>ὅτι</span> <span class='ocrx_word' id='word_1_68' title='bbox 1022 1082 1120 1151; x_wconf 82' lang='grc' dir='ltr'><strong>τῆς</strong></span> <span class='ocrx_word' id='word_1_69' title='bbox 1176 1083 1273 1152; x_wconf 80' lang='grc' dir='ltr'><strong>σῆς</strong></span> <span class='ocrx_word' id='word_1_70' title='bbox 1317 1081 1539 1149; x_wconf 79' lang='grc' dir='ltr'><strong>ἀγάπης</strong></span> <span class='ocrx_word' id='word_1_71' title='bbox 1586 1079 1741 1132; x_wconf 79' lang='grc' dir='ltr'>οὐδὲν</span> 
     </span>
    </p>
   </div>
   <div class='ocr_carea' id='block_1_12' title="bbox 154 1165 1739 1242">
    <p class='ocr_par' dir='ltr' id='par_1_12' title="bbox 154 1165 1739 1242">
     <span class='ocr_line' id='line_1_12' title="bbox 154 1165 1739 1242; baseline 0.003 -26"><span class='ocrx_word' id='word_1_72' title='bbox 154 1165 265 1217; x_wconf 81' lang='grc' dir='ltr'><strong>τῶν</strong></span> <span class='ocrx_word' id='word_1_73' title='bbox 306 1168 567 1221; x_wconf 82' lang='grc' dir='ltr'>ἁπάντων</span> <span class='ocrx_word' id='word_1_74' title='bbox 599 1172 729 1238; x_wconf 74' lang='grc' dir='ltr'>ἡμῖν</span> <span class='ocrx_word' id='word_1_75' title='bbox 759 1171 897 1232; x_wconf 83' lang='grc' dir='ltr'><strong>ὅλως</strong></span> <span class='ocrx_word' id='word_1_76' title='bbox 929 1172 1306 1242; x_wconf 80' lang='grc' dir='ltr'>προετιμήθη,</span> <span class='ocrx_word' id='word_1_77' title='bbox 1331 1172 1389 1224; x_wconf 81' lang='grc' dir='ltr'>οὺ</span> <span class='ocrx_word' id='word_1_78' title='bbox 1423 1169 1644 1240; x_wconf 75' lang='grc' dir='ltr'>πατρὶς,</span> <span class='ocrx_word' id='word_1_79' title='bbox 1677 1171 1739 1221; x_wconf 86' lang='grc' dir='ltr'>οὐ</span> 
     </span>
    </p>
   </div>
   <div class='ocr_carea' id='block_1_13' title="bbox 152 1257 1741 1334">
    <p class='ocr_par' dir='ltr' id='par_1_13' title="bbox 152 1257 1741 1334">
     <span class='ocr_line' id='line_1_13' title="bbox 152 1257 1741 1334; baseline 0.003 -25"><span class='ocrx_word' id='word_1_80' title='bbox 152 1257 333 1324; x_wconf 84' lang='grc' dir='ltr'>γένος,</span> <span class='ocrx_word' id='word_1_81' title='bbox 384 1261 445 1312; x_wconf 86' lang='grc' dir='ltr'><strong>οὐ</strong></span> <span class='ocrx_word' id='word_1_82' title='bbox 503 1259 763 1325; x_wconf 84' lang='grc' dir='ltr'>πλοῦτος·</span> <span class='ocrx_word' id='word_1_83' title='bbox 818 1262 954 1316; x_wconf 80' lang='grc' dir='ltr'><strong>ἀλλᾶ</strong></span> <span class='ocrx_word' id='word_1_84' title='bbox 997 1265 1178 1318; x_wconf 69' lang='grc' dir='ltr'>πάντα</span> <span class='ocrx_word' id='word_1_85' title='bbox 1227 1261 1597 1334; x_wconf 76' lang='grc' dir='ltr'><strong>προηκάμεθα</strong></span> <span class='ocrx_word' id='word_1_86' title='bbox 1644 1263 1741 1315; x_wconf 73' lang='grc' dir='ltr'><strong>καὶ</strong></span> 
     </span>
    </p>
   </div>
   <div class='ocr_carea' id='block_1_14' title="bbox 156 1349 1740 1425">
    <p class='ocr_par' dir='ltr' id='par_1_14' title="bbox 156 1349 1740 1425">
     <span class='ocr_line' id='line_1_14' title="bbox 156 1349 1740 1425; baseline 0.005 -24"><span class='ocrx_word' id='word_1_87' title='bbox 156 1349 331 1420; x_wconf 78' lang='grc' dir='ltr'>αὐτὴν</span> <span class='ocrx_word' id='word_1_88' title='bbox 362 1351 452 1404; x_wconf 73' lang='grc' dir='ltr'>διὰ</span> <span class='ocrx_word' id='word_1_89' title='bbox 488 1352 547 1404; x_wconf 84' lang='grc' dir='ltr'><strong>σὲ</strong></span> <span class='ocrx_word' id='word_1_90' title='bbox 582 1352 683 1423; x_wconf 67' lang='grc' dir='ltr'><strong>τὴν</strong></span> <span class='ocrx_word' id='word_1_91' title='bbox 732 1350 904 1425; x_wconf 80' lang='grc' dir='ltr'>ζωὴν,</span> <span class='ocrx_word' id='word_1_92' title='bbox 959 1356 1057 1408; x_wconf 75' lang='grc' dir='ltr'>καὶ</span> <span class='ocrx_word' id='word_1_93' title='bbox 1104 1354 1181 1417; x_wconf 84' lang='grc' dir='ltr'><strong>ὡς</strong></span> <span class='ocrx_word' id='word_1_94' title='bbox 1229 1354 1478 1423; x_wconf 73' lang='grc' dir='ltr'>πρόϐατα</span> <span class='ocrx_word' id='word_1_95' title='bbox 1525 1354 1740 1423; x_wconf 78' lang='grc' dir='ltr'><strong>σφαγῆς</strong></span> 
     </span>
    </p>
   </div>
   <div class='ocr_carea' id='block_1_15' title="bbox 156 1444 1739 1519">
    <p class='ocr_par' dir='ltr' id='par_1_15' title="bbox 156 1444 1739 1519">
     <span class='ocr_line' id='line_1_15' title="bbox 156 1444 1739 1519; baseline 0.002 -22"><span class='ocrx_word' id='word_1_96' title='bbox 156 1444 550 1515; x_wconf 33' lang='grc' dir='ltr'>ιὶνογίσθημεν.</span> <span class='ocrx_word' id='word_1_97' title='bbox 581 1447 693 1501; x_wconf 74' lang='grc' dir='ltr'><strong>Καὶ</strong></span> <span class='ocrx_word' id='word_1_98' title='bbox 719 1447 815 1501; x_wconf 86' lang='grc' dir='ltr'><strong>νῦν</strong></span> <span class='ocrx_word' id='word_1_99' title='bbox 866 1447 1188 1518; x_wconf 76' lang='grc' dir='ltr'><strong>ἱκετεύομεν</strong></span> <span class='ocrx_word' id='word_1_100' title='bbox 1219 1467 1231 1480; x_wconf 94' lang='grc'><strong>·</strong></span> <span class='ocrx_word' id='word_1_101' title='bbox 1257 1448 1547 1519; x_wconf 76' lang='grc' dir='ltr'><strong>γενηθήτω</strong></span> <span class='ocrx_word' id='word_1_102' title='bbox 1576 1449 1609 1517; x_wconf 82' lang='grc' dir='ltr'><strong>ὴ</strong></span> <span class='ocrx_word' id='word_1_103' title='bbox 1646 1448 1739 1500; x_wconf 84' lang='grc' dir='ltr'><strong>ἐκ·</strong></span> 
     </span>
    </p>
   </div>
   <div class='ocr_carea' id='block_1_16' title="bbox 156 1540 1741 1612">
    <p class='ocr_par' dir='ltr' id='par_1_16' title="bbox 156 1540 1741 1612">
     <span class='ocr_line' id='line_1_16' title="bbox 156 1540 1741 1612; baseline 0.001 -20"><span class='ocrx_word' id='word_1_104' title='bbox 156 1540 374 1607; x_wconf 77' lang='grc' dir='ltr'>δίκησις</span> <span class='ocrx_word' id='word_1_105' title='bbox 405 1540 499 1593; x_wconf 85' lang='grc' dir='ltr'><strong>τοῦ</strong></span> <span class='ocrx_word' id='word_1_106' title='bbox 544 1542 786 1612; x_wconf 75' lang='grc' dir='ltr'>αἵματος</span> <span class='ocrx_word' id='word_1_107' title='bbox 821 1543 932 1595; x_wconf 81' lang='grc' dir='ltr'>τῶν</span> <span class='ocrx_word' id='word_1_108' title='bbox 978 1542 1187 1596; x_wconf 77' lang='grc' dir='ltr'>δούλων</span> <span class='ocrx_word' id='word_1_109' title='bbox 1222 1561 1318 1596; x_wconf 88' lang='grc' dir='ltr'><strong>σου</strong></span> <span class='ocrx_word' id='word_1_110' title='bbox 1363 1542 1458 1595; x_wconf 88' lang='grc' dir='ltr'><strong>τοῦ</strong></span> <span class='ocrx_word' id='word_1_111' title='bbox 1508 1544 1741 1612; x_wconf 76' lang='grc' dir='ltr'>ἐκκεχυ-</span> 
     </span>
    </p>
   </div>
   <div class='ocr_carea' id='block_1_17' title="bbox 159 1631 1744 1705">
    <p class='ocr_par' dir='ltr' id='par_1_17' title="bbox 159 1631 1744 1705">
     <span class='ocr_line' id='line_1_17' title="bbox 159 1631 1744 1705; baseline 0.003 -23"><span class='ocrx_word' id='word_1_112' title='bbox 159 1631 343 1699; x_wconf 78' lang='grc' dir='ltr'>μένου.</span> <span class='ocrx_word' id='word_1_113' title='bbox 370 1631 616 1703; x_wconf 82' lang='grc' dir='ltr'>Ἕπαρον</span> <span class='ocrx_word' id='word_1_114' title='bbox 641 1634 742 1699; x_wconf 81' lang='grc' dir='ltr'><strong>τὰς</strong></span> <span class='ocrx_word' id='word_1_115' title='bbox 776 1636 967 1705; x_wconf 76' lang='grc' dir='ltr'>χεῖράς</span> <span class='ocrx_word' id='word_1_116' title='bbox 994 1651 1087 1689; x_wconf 85' lang='grc' dir='ltr'><strong>σου</strong></span> <span class='ocrx_word' id='word_1_117' title='bbox 1122 1636 1216 1688; x_wconf 69' lang='grc' dir='ltr'><strong>ἐπὶ</strong></span> <span class='ocrx_word' id='word_1_118' title='bbox 1244 1636 1341 1698; x_wconf 72' lang='grc' dir='ltr'><strong>τὰς</strong></span> <span class='ocrx_word' id='word_1_119' title='bbox 1359 1636 1744 1704; x_wconf 74' lang='grc' dir='ltr'><strong>ὑπερηφανίας</strong></span> 
     </span>
    </p>
   </div>
   <div class='ocr_carea' id='block_1_18' title="bbox 156 1725 1745 1799">
    <p class='ocr_par' dir='ltr' id='par_1_18' title="bbox 156 1725 1745 1799">
     <span class='ocr_line' id='line_1_18' title="bbox 156 1725 1745 1799; baseline 0.005 -24"><span class='ocrx_word' id='word_1_120' title='bbox 156 1725 357 1777; x_wconf 76' lang='grc' dir='ltr'>αὐτῶν.</span> <span class='ocrx_word' id='word_1_121' title='bbox 404 1728 771 1798; x_wconf 83' lang='grc' dir='ltr'>Περιποίησαι</span> <span class='ocrx_word' id='word_1_122' title='bbox 832 1729 959 1792; x_wconf 77' lang='grc' dir='ltr'>τοὺς</span> <span class='ocrx_word' id='word_1_123' title='bbox 1019 1729 1171 1791; x_wconf 73' lang='grc' dir='ltr'>υἱοὺς</span> <span class='ocrx_word' id='word_1_124' title='bbox 1232 1729 1342 1782; x_wconf 86' lang='grc' dir='ltr'>τῶν</span> <span class='ocrx_word' id='word_1_125' title='bbox 1398 1728 1745 1799; x_wconf 78' lang='grc' dir='ltr'><strong>θνησκόντων</strong></span> 
     </span>
    </p>
   </div>
   <div class='ocr_carea' id='block_1_19' title="bbox 157 1816 1742 1891">
    <p class='ocr_par' dir='ltr' id='par_1_19' title="bbox 157 1816 1742 1891">
     <span class='ocr_line' id='line_1_19' title="bbox 157 1816 1742 1891; baseline 0.004 -25"><span class='ocrx_word' id='word_1_126' title='bbox 157 1816 299 1884; x_wconf 70' lang='grc' dir='ltr'>ὑπὲρ</span> <span class='ocrx_word' id='word_1_127' title='bbox 357 1818 475 1873; x_wconf 87' lang='grc' dir='ltr'>σοῦ.</span> <span class='ocrx_word' id='word_1_128' title='bbox 529 1821 817 1889; x_wconf 77' lang='grc' dir='ltr'>Κράτυνον</span> <span class='ocrx_word' id='word_1_129' title='bbox 870 1821 975 1891; x_wconf 83' lang='grc' dir='ltr'>τὴν</span> <span class='ocrx_word' id='word_1_130' title='bbox 1030 1820 1189 1872; x_wconf 79' lang='grc' dir='ltr'>πόλιν</span> <span class='ocrx_word' id='word_1_131' title='bbox 1245 1838 1337 1873; x_wconf 90' lang='grc' dir='ltr'><strong>σου</strong></span> <span class='ocrx_word' id='word_1_132' title='bbox 1391 1822 1598 1889; x_wconf 87' lang='grc' dir='ltr'>ταύτην</span> <span class='ocrx_word' id='word_1_133' title='bbox 1645 1820 1742 1890; x_wconf 83' lang='grc' dir='ltr'>τὴν</span> 
     </span>
    </p>
   </div>
   <div class='ocr_carea' id='block_1_20' title="bbox 1680 1873 1819 1928">
    <p class='ocr_par' dir='ltr' id='par_1_20' title="bbox 1680 1873 1819 1928">
     <span class='ocr_line' id='line_1_20' title="bbox 1680 1873 1819 1928; baseline -0.007 1"><span class='ocrx_word' id='word_1_134' title='bbox 1680 1873 1712 1925; x_wconf 66' lang='grc' dir='ltr'><strong>η’</strong></span> <span class='ocrx_word' id='word_1_135' title='bbox 1779 1873 1819 1928; x_wconf 84' lang='grc' dir='ltr'><strong>Β</strong></span> 
     </span>
    </p>
   </div>
   <div class='ocr_carea' id='block_1_21' title="bbox 156 1910 1738 1985">
    <p class='ocr_par' dir='ltr' id='par_1_21' title="bbox 156 1910 1738 1985">
     <span class='ocr_line' id='line_1_21' title="bbox 156 1910 1738 1985; baseline 0.003 -26"><span class='ocrx_word' id='word_1_136' title='bbox 156 1910 595 1983; x_wconf 79' lang='grc' dir='ltr'>ἑγκαυχωμένην</span> <span class='ocrx_word' id='word_1_137' title='bbox 618 1912 695 1983; x_wconf 80' lang='grc' dir='ltr'>τῷ</span> <span class='ocrx_word' id='word_1_138' title='bbox 724 1913 894 1985; x_wconf 84' lang='grc' dir='ltr'><strong>τιμίῳ</strong></span> <span class='ocrx_word' id='word_1_139' title='bbox 923 1932 1018 1967; x_wconf 90' lang='grc' dir='ltr'><strong>σου</strong></span> <span class='ocrx_word' id='word_1_140' title='bbox 1045 1914 1241 1982; x_wconf 75' lang='grc' dir='ltr'>αἵματι</span> <span class='ocrx_word' id='word_1_141' title='bbox 1266 1913 1361 1966; x_wconf 77' lang='grc' dir='ltr'>καὶ</span> <span class='ocrx_word' id='word_1_142' title='bbox 1386 1913 1467 1983; x_wconf 84' lang='grc' dir='ltr'>τῷ</span> <span class='ocrx_word' id='word_1_143' title='bbox 1498 1914 1738 1983; x_wconf 80' lang='grc' dir='ltr'><strong>σταυρῷ,</strong></span> 
     </span>
    </p>
   </div>
   <div class='ocr_carea' id='block_1_22' title="bbox 154 2004 1738 2079">
    <p class='ocr_par' dir='ltr' id='par_1_22' title="bbox 154 2004 1738 2079">
     <span class='ocr_line' id='line_1_22' title="bbox 154 2004 1738 2079; baseline 0.003 -25"><span class='ocrx_word' id='word_1_144' title='bbox 154 2004 255 2056; x_wconf 73' lang='grc' dir='ltr'><strong>καὶ</strong></span> <span class='ocrx_word' id='word_1_145' title='bbox 287 2005 401 2068; x_wconf 81' lang='grc' dir='ltr'>τοῖς</span> <span class='ocrx_word' id='word_1_146' title='bbox 434 2005 687 2060; x_wconf 83' lang='grc' dir='ltr'>πάθεσιν.</span> <span class='ocrx_word' id='word_1_147' title='bbox 732 2007 897 2079; x_wconf 78' lang='grc' dir='ltr'><strong>Ὀρᾷς</strong></span> <span class='ocrx_word' id='word_1_148' title='bbox 935 2009 1085 2069; x_wconf 89' lang='grc' dir='ltr'>ὅπως</span> <span class='ocrx_word' id='word_1_149' title='bbox 1121 2006 1294 2076; x_wconf 80' lang='grc' dir='ltr'>αὐτὴν</span> <span class='ocrx_word' id='word_1_150' title='bbox 1329 2010 1375 2059; x_wconf 76' lang='grc' dir='ltr'>οἱ</span> <span class='ocrx_word' id='word_1_151' title='bbox 1407 2006 1593 2076; x_wconf 74' lang='grc' dir='ltr'>ἐχθροί</span> <span class='ocrx_word' id='word_1_152' title='bbox 1644 2022 1738 2059; x_wconf 92' lang='grc' dir='ltr'><strong>σου</strong></span> 
     </span>
    </p>
   </div>
   <div class='ocr_carea' id='block_1_23' title="bbox 159 2094 1741 2170">
    <p class='ocr_par' dir='ltr' id='par_1_23' title="bbox 159 2094 1741 2170">
     <span class='ocr_line' id='line_1_23' title="bbox 159 2094 1741 2170; baseline 0.003 -24"><span class='ocrx_word' id='word_1_153' title='bbox 159 2094 467 2163; x_wconf 75' lang='grc' dir='ltr'>διέθηκανο</span> <span class='ocrx_word' id='word_1_154' title='bbox 517 2099 879 2170; x_wconf 75' lang='grc' dir='ltr'>περιέκειραν</span> <span class='ocrx_word' id='word_1_155' title='bbox 924 2100 1018 2151; x_wconf 71' lang='grc' dir='ltr'><strong>τὸν</strong></span> <span class='ocrx_word' id='word_1_156' title='bbox 1055 2100 1261 2169; x_wconf 85' lang='grc' dir='ltr'><strong>κόσμον</strong></span> <span class='ocrx_word' id='word_1_157' title='bbox 1302 2099 1495 2168; x_wconf 78' lang='grc' dir='ltr'>αὐτῆς,</span> <span class='ocrx_word' id='word_1_158' title='bbox 1544 2099 1741 2168; x_wconf 75' lang='grc' dir='ltr'><strong>ὲὸιόη-</strong></span> 
     </span>
    </p>
   </div>
   <div class='ocr_carea' id='block_1_24' title="bbox 152 2186 1738 2260">
    <p class='ocr_par' dir='ltr' id='par_1_24' title="bbox 152 2186 1738 2260">
     <span class='ocr_line' id='line_1_24' title="bbox 152 2186 1738 2260; baseline 0.004 -23"><span class='ocrx_word' id='word_1_159' title='bbox 152 2186 339 2239; x_wconf 76' lang='grc' dir='ltr'>λωςαν</span> <span class='ocrx_word' id='word_1_160' title='bbox 372 2189 429 2240; x_wconf 70' lang='grc' dir='ltr'><strong>το</strong></span> <span class='ocrx_word' id='word_1_161' title='bbox 460 2190 818 2260; x_wconf 76' lang='grc' dir='ltr'>ἁγιαστήριόν</span> <span class='ocrx_word' id='word_1_162' title='bbox 876 2208 994 2254; x_wconf 87' lang='grc' dir='ltr'>σου,</span> <span class='ocrx_word' id='word_1_163' title='bbox 1020 2191 1113 2244; x_wconf 75' lang='grc' dir='ltr'><strong>τὸν</strong></span> <span class='ocrx_word' id='word_1_164' title='bbox 1144 2193 1269 2245; x_wconf 68' lang='grc' dir='ltr'>ναὸν</span> <span class='ocrx_word' id='word_1_165' title='bbox 1309 2192 1399 2245; x_wconf 72' lang='grc' dir='ltr'><strong>τὸν</strong></span> <span class='ocrx_word' id='word_1_166' title='bbox 1448 2191 1602 2260; x_wconf 76' lang='grc' dir='ltr'>ἆγιόν</span> <span class='ocrx_word' id='word_1_167' title='bbox 1644 2208 1738 2244; x_wconf 88' lang='grc' dir='ltr'><strong>σου</strong></span> 
     </span>
    </p>
   </div>
   <div class='ocr_carea' id='block_1_25' title="bbox 156 2279 1739 2354">
    <p class='ocr_par' dir='ltr' id='par_1_25' title="bbox 156 2279 1739 2354">
     <span class='ocr_line' id='line_1_25' title="bbox 156 2279 1739 2354; baseline 0.006 -26"><span class='ocrx_word' id='word_1_168' title='bbox 156 2279 515 2351; x_wconf 75' lang='grc' dir='ltr'>ἑνέπρησαν’</span> <span class='ocrx_word' id='word_1_169' title='bbox 580 2284 640 2335; x_wconf 81' lang='grc' dir='ltr'>ὃν</span> <span class='ocrx_word' id='word_1_170' title='bbox 689 2283 976 2351; x_wconf 76' lang='grc' dir='ltr'><strong>ὑψωθῆναι</strong></span> <span class='ocrx_word' id='word_1_171' title='bbox 1019 2285 1115 2337; x_wconf 75' lang='grc' dir='ltr'>καὶ</span> <span class='ocrx_word' id='word_1_172' title='bbox 1172 2284 1592 2354; x_wconf 75' lang='grc' dir='ltr'><strong>κραταιωθῆναι</strong></span> <span class='ocrx_word' id='word_1_173' title='bbox 1645 2286 1739 2338; x_wconf 76' lang='grc' dir='ltr'>καὶ</span> 
     </span>
    </p>
   </div>
   <div class='ocr_carea' id='block_1_26' title="bbox 154 2366 1738 2449">
    <p class='ocr_par' dir='ltr' id='par_1_26' title="bbox 154 2366 1738 2449">
     <span class='ocr_line' id='line_1_26' title="bbox 154 2366 1738 2449; baseline 0.006 -28"><span class='ocrx_word' id='word_1_174' title='bbox 154 2366 313 2433; x_wconf 80' lang='grc' dir='ltr'>αὖθις</span> <span class='ocrx_word' id='word_1_175' title='bbox 340 2374 654 2441; x_wconf 74' lang='grc' dir='ltr'>εὐδόκησον,</span> <span class='ocrx_word' id='word_1_176' title='bbox 677 2374 852 2438; x_wconf 75' lang='grc' dir='ltr'>διδοὺς</span> <span class='ocrx_word' id='word_1_177' title='bbox 882 2377 947 2430; x_wconf 74' lang='grc' dir='ltr'>τὰ</span> <span class='ocrx_word' id='word_1_178' title='bbox 976 2378 1231 2448; x_wconf 78' lang='grc' dir='ltr'>σκῆπτρα</span> <span class='ocrx_word' id='word_1_179' title='bbox 1256 2378 1539 2447; x_wconf 84' lang='grc' dir='ltr'>βασιλεῦσι</span> <span class='ocrx_word' id='word_1_180' title='bbox 1568 2381 1738 2449; x_wconf 75' lang='grc' dir='ltr'>Χρισο</span> 
     </span>
    </p>
   </div>
   <div class='ocr_carea' id='block_1_27' title="bbox 155 2466 1739 2539">
    <p class='ocr_par' dir='ltr' id='par_1_27' title="bbox 155 2466 1739 2539">
     <span class='ocr_line' id='line_1_27' title="bbox 155 2466 1739 2539; baseline 0.007 -25"><span class='ocrx_word' id='word_1_181' title='bbox 155 2468 388 2529; x_wconf 77' lang='grc' dir='ltr'>τιανοῖς,</span> <span class='ocrx_word' id='word_1_182' title='bbox 426 2467 519 2517; x_wconf 79' lang='grc' dir='ltr'>καὶ</span> <span class='ocrx_word' id='word_1_183' title='bbox 554 2466 877 2534; x_wconf 71' lang='grc' dir='ltr'>μεγαλύνων</span> <span class='ocrx_word' id='word_1_184' title='bbox 914 2469 1116 2530; x_wconf 69' lang='grc' dir='ltr'>αὐτοὺς</span> <span class='ocrx_word' id='word_1_185' title='bbox 1153 2470 1213 2522; x_wconf 80' lang='grc' dir='ltr'><strong>ὲν</strong></span> <span class='ocrx_word' id='word_1_186' title='bbox 1235 2472 1313 2535; x_wconf 84' lang='grc' dir='ltr'>τῷ</span> <span class='ocrx_word' id='word_1_187' title='bbox 1342 2471 1570 2539; x_wconf 80' lang='grc' dir='ltr'>ὀνόματί</span> <span class='ocrx_word' id='word_1_188' title='bbox 1621 2488 1739 2527; x_wconf 88' lang='grc' dir='ltr'>σου.</span> 
     </span>
    </p>
   </div>
   <div class='ocr_carea' id='block_1_28' title="bbox 159 2559 1735 2633">
    <p class='ocr_par' dir='ltr' id='par_1_28' title="bbox 159 2559 1735 2633">
     <span class='ocr_line' id='line_1_28' title="bbox 159 2559 1735 2633; baseline 0.003 -23"><span class='ocrx_word' id='word_1_189' title='bbox 159 2559 272 2609; x_wconf 71' lang='grc' dir='ltr'>Καὶ</span> <span class='ocrx_word' id='word_1_190' title='bbox 303 2559 418 2612; x_wconf 71' lang='grc' dir='ltr'>ὅσοι</span> <span class='ocrx_word' id='word_1_191' title='bbox 448 2559 503 2612; x_wconf 84' lang='grc' dir='ltr'><strong>δὲ</strong></span> <span class='ocrx_word' id='word_1_192' title='bbox 543 2559 630 2611; x_wconf 74' lang='grc' dir='ltr'><strong>διὰ</strong></span> <span class='ocrx_word' id='word_1_193' title='bbox 659 2563 826 2630; x_wconf 72' lang='grc' dir='ltr'>τιμῆς</span> <span class='ocrx_word' id='word_1_194' title='bbox 856 2562 1050 2627; x_wconf 81' lang='grc' dir='ltr'>ἄγουσι</span> <span class='ocrx_word' id='word_1_195' title='bbox 1085 2563 1184 2630; x_wconf 83' lang='grc' dir='ltr'>τῆν</span> <span class='ocrx_word' id='word_1_196' title='bbox 1215 2566 1526 2633; x_wconf 82' lang='grc' dir='ltr'>μαρτυρίαν</span> <span class='ocrx_word' id='word_1_197' title='bbox 1554 2567 1735 2633; x_wconf 78' lang='grc' dir='ltr'>ἡμῶν,</span> 
     </span>
    </p>
   </div>
   <div class='ocr_carea' id='block_1_29' title="bbox 161 2650 1733 2725">
    <p class='ocr_par' dir='ltr' id='par_1_29' title="bbox 161 2650 1733 2725">
     <span class='ocr_line' id='line_1_29' title="bbox 161 2650 1733 2725; baseline 0.003 -23"><span class='ocrx_word' id='word_1_198' title='bbox 161 2650 279 2718; x_wconf 81' lang='grc' dir='ltr'>βίον</span> <span class='ocrx_word' id='word_1_199' title='bbox 303 2652 487 2717; x_wconf 72' lang='grc' dir='ltr'>αὐτοῖς</span> <span class='ocrx_word' id='word_1_200' title='bbox 513 2654 867 2724; x_wconf 72' lang='grc' dir='ltr'><strong>ἀπρόσκοπον</strong></span> <span class='ocrx_word' id='word_1_201' title='bbox 897 2655 1160 2724; x_wconf 80' lang='grc' dir='ltr'>δώρησαι,</span> <span class='ocrx_word' id='word_1_202' title='bbox 1190 2656 1414 2723; x_wconf 78' lang='grc' dir='ltr'>ἀγαθῶν</span> <span class='ocrx_word' id='word_1_203' title='bbox 1446 2656 1733 2725; x_wconf 67' lang='grc' dir='ltr'>ἀφθονίαν,</span> 
     </span>
    </p>
   </div>
   <div class='ocr_carea' id='block_1_30' title="bbox 158 2748 1742 2821">
    <p class='ocr_par' dir='ltr' id='par_1_30' title="bbox 158 2748 1742 2821">
     <span class='ocr_line' id='line_1_30' title="bbox 158 2748 1742 2821; baseline 0.004 -25"><span class='ocrx_word' id='word_1_204' title='bbox 158 2748 254 2797; x_wconf 78' lang='grc' dir='ltr'><strong>καὶ</strong></span> <span class='ocrx_word' id='word_1_205' title='bbox 286 2748 629 2817; x_wconf 80' lang='grc' dir='ltr'>συγγνώμην</span> <span class='ocrx_word' id='word_1_206' title='bbox 662 2749 976 2819; x_wconf 79' lang='grc' dir='ltr'>ἁμαρτιῶν,</span> <span class='ocrx_word' id='word_1_207' title='bbox 1012 2752 1106 2803; x_wconf 75' lang='grc' dir='ltr'>καὶ</span> <span class='ocrx_word' id='word_1_208' title='bbox 1141 2751 1289 2821; x_wconf 79' lang='grc' dir='ltr'>ἡμᾶς</span> <span class='ocrx_word' id='word_1_209' title='bbox 1327 2750 1453 2813; x_wconf 90' lang='grc' dir='ltr'>τοῦς</span> <span class='ocrx_word' id='word_1_210' title='bbox 1484 2751 1583 2816; x_wconf 82' lang='grc' dir='ltr'><strong>τὴν</strong></span> <span class='ocrx_word' id='word_1_211' title='bbox 1619 2752 1742 2802; x_wconf 78' lang='grc' dir='ltr'>ἐπι-</span> 
     </span>
    </p>
   </div>
   <div class='ocr_carea' id='block_1_31' title="bbox 158 2839 1743 2910">
    <p class='ocr_par' dir='ltr' id='par_1_31' title="bbox 158 2839 1743 2910">
     <span class='ocr_line' id='line_1_31' title="bbox 158 2839 1743 2910; baseline 0.004 -19"><span class='ocrx_word' id='word_1_212' title='bbox 158 2839 388 2906; x_wconf 74' lang='grc' dir='ltr'>φάνειαν</span> <span class='ocrx_word' id='word_1_213' title='bbox 445 2840 544 2908; x_wconf 83' lang='grc' dir='ltr'>τὴν</span> <span class='ocrx_word' id='word_1_214' title='bbox 595 2843 696 2910; x_wconf 77' lang='grc' dir='ltr'>σὴν</span> <span class='ocrx_word' id='word_1_215' title='bbox 763 2844 1161 2910; x_wconf 73' lang='grc' dir='ltr'>ἀγαπήσαντας</span> <span class='ocrx_word' id='word_1_216' title='bbox 1211 2845 1290 2904; x_wconf 81' lang='grc' dir='ltr'><strong>είς</strong></span> <span class='ocrx_word' id='word_1_217' title='bbox 1338 2845 1436 2905; x_wconf 76' lang='grc' dir='ltr'>τὰς</span> <span class='ocrx_word' id='word_1_218' title='bbox 1491 2845 1743 2907; x_wconf 84' lang='grc' dir='ltr'>αἰωνίους</span> 
     </span>
    </p>
   </div>
   <div class='ocr_carea' id='block_1_32' title="bbox 161 2933 1745 3005">
    <p class='ocr_par' dir='ltr' id='par_1_32' title="bbox 161 2933 1745 3005">
     <span class='ocr_line' id='line_1_32' title="bbox 161 2933 1745 3005; baseline 0.004 -23"><span class='ocrx_word' id='word_1_219' title='bbox 161 2934 370 2999; x_wconf 76' lang='grc' dir='ltr'>σκηνὰς</span> <span class='ocrx_word' id='word_1_220' title='bbox 422 2933 738 3002; x_wconf 76' lang='grc' dir='ltr'>πρόσδεξαι,</span> <span class='ocrx_word' id='word_1_221' title='bbox 788 2936 882 2987; x_wconf 73' lang='grc' dir='ltr'><strong>καὶ</strong></span> <span class='ocrx_word' id='word_1_222' title='bbox 935 2938 1048 2996; x_wconf 85' lang='grc' dir='ltr'>τοῖς</span> <span class='ocrx_word' id='word_1_223' title='bbox 1085 2936 1182 2987; x_wconf 76' lang='grc' dir='ltr'>ἀπ’</span> <span class='ocrx_word' id='word_1_224' title='bbox 1212 2934 1408 2997; x_wconf 83' lang='grc' dir='ltr'>αἰῶνός</span> <span class='ocrx_word' id='word_1_225' title='bbox 1444 2953 1522 2988; x_wconf 81' lang='grc' dir='ltr'><strong>σοι</strong></span> <span class='ocrx_word' id='word_1_226' title='bbox 1550 2939 1745 3005; x_wconf 77' lang='grc' dir='ltr'>εὐαρε-</span> 
     </span>
    </p>
   </div>
   <div class='ocr_carea' id='block_1_33' title="bbox 163 3026 1741 3097">
    <p class='ocr_par' dir='ltr' id='par_1_33' title="bbox 163 3026 1741 3097">
     <span class='ocr_line' id='line_1_33' title="bbox 163 3026 1741 3097; baseline 0.003 -23"><span class='ocrx_word' id='word_1_227' title='bbox 163 3026 369 3092; x_wconf 74' lang='grc' dir='ltr'>τὴσασι</span> <span class='ocrx_word' id='word_1_228' title='bbox 425 3026 860 3097; x_wconf 82' lang='grc' dir='ltr'>συναρίθμησον.</span> <span class='ocrx_word' id='word_1_229' title='bbox 912 3027 1097 3084; x_wconf 78' lang='grc' dir='ltr'>Ταῦτα</span> <span class='ocrx_word' id='word_1_230' title='bbox 1150 3029 1422 3090; x_wconf 74' lang='grc' dir='ltr'>εἰπόντες,</span> <span class='ocrx_word' id='word_1_231' title='bbox 1476 3028 1741 3095; x_wconf 70' lang='grc' dir='ltr'>ἀλλήλους</span> 
     </span>
    </p>
   </div>
   <div class='ocr_carea' id='block_1_34' title="bbox 165 3117 1743 3190">
    <p class='ocr_par' dir='ltr' id='par_1_34' title="bbox 165 3117 1743 3190">
     <span class='ocr_line' id='line_1_34' title="bbox 165 3117 1743 3190; baseline 0.004 -24"><span class='ocrx_word' id='word_1_232' title='bbox 165 3117 628 3185; x_wconf 72' lang='grc' dir='ltr'>περιεπτύξαντο,</span> <span class='ocrx_word' id='word_1_233' title='bbox 685 3120 795 3173; x_wconf 75' lang='grc' dir='ltr'><strong>Καὶ</strong></span> <span class='ocrx_word' id='word_1_234' title='bbox 850 3120 942 3174; x_wconf 72' lang='grc' dir='ltr'><strong>τον</strong></span> <span class='ocrx_word' id='word_1_235' title='bbox 988 3120 1196 3190; x_wconf 77' lang='grc' dir='ltr'>αὐχένα</span> <span class='ocrx_word' id='word_1_236' title='bbox 1246 3120 1464 3189; x_wconf 83' lang='grc' dir='ltr'>πρῶτον</span> <span class='ocrx_word' id='word_1_237' title='bbox 1516 3121 1544 3173; x_wconf 85' lang='grc' dir='ltr'>ὁ</span> <span class='ocrx_word' id='word_1_238' title='bbox 1599 3120 1743 3183; x_wconf 77' lang='grc' dir='ltr'>θεῖος</span> 
     </span>
    </p>
   </div>
   <div class='ocr_carea' id='block_1_35' title="bbox 1846 621 3428 691">
    <p class='ocr_par' dir='ltr' id='par_1_35' title="bbox 1846 621 3428 691">
     <span class='ocr_line' id='line_1_35' title="bbox 1846 621 3428 691; baseline -0.005 -15"><span class='ocrx_word' id='word_1_239' title='bbox 1846 623 2043 691; x_wconf 86' lang='lat' dir='ltr'><strong>capita.</strong></span> <span class='ocrx_word' id='word_1_240' title='bbox 2085 621 2162 675; x_wconf 77' lang='lat' dir='ltr'><strong>Ad</strong></span> <span class='ocrx_word' id='word_1_241' title='bbox 2190 638 2351 691; x_wconf 89' lang='lat' dir='ltr'><strong>quem</strong></span> <span class='ocrx_word' id='word_1_242' title='bbox 2384 637 2508 677; x_wconf 90' lang='lat' dir='ltr'><strong>eum</strong></span> <span class='ocrx_word' id='word_1_243' title='bbox 2556 621 2856 681; x_wconf 84' lang='lat' dir='ltr'><strong>venissent,</strong></span> <span class='ocrx_word' id='word_1_244' title='bbox 2888 628 2942 673; x_wconf 92' lang='lat' dir='ltr'><strong>et</strong></span> <span class='ocrx_word' id='word_1_245' title='bbox 2988 633 3047 673; x_wconf 82' lang='lat' dir='ltr'><strong>se</strong></span> <span class='ocrx_word' id='word_1_246' title='bbox 3091 624 3347 688; x_wconf 90' lang='lat' dir='ltr'><strong>prompto</strong></span> <span class='ocrx_word' id='word_1_247' title='bbox 3372 624 3428 670; x_wconf 88' lang='lat' dir='ltr'><strong>et</strong></span> 
     </span>
    </p>
   </div>
   <div class='ocr_carea' id='block_1_36' title="bbox 1844 707 3424 785">
    <p class='ocr_par' dir='ltr' id='par_1_36' title="bbox 1844 707 3424 785">
     <span class='ocr_line' id='line_1_36' title="bbox 1844 707 3424 785; baseline -0.006 -15"><span class='ocrx_word' id='word_1_248' title='bbox 1844 717 2008 771; x_wconf 83' lang='lat' dir='ltr'><strong>alacri</strong></span> <span class='ocrx_word' id='word_1_249' title='bbox 2062 716 2247 770; x_wconf 86' lang='lat' dir='ltr'><strong>animo</strong></span> <span class='ocrx_word' id='word_1_250' title='bbox 2300 716 2365 769; x_wconf 87' lang='lat' dir='ltr'><strong>ad</strong></span> <span class='ocrx_word' id='word_1_251' title='bbox 2400 730 2592 785; x_wconf 85' lang='lat' dir='ltr'><strong>preces</strong></span> <span class='ocrx_word' id='word_1_252' title='bbox 2623 712 3029 770; x_wconf 83' lang='lat' dir='ltr'><strong>convertissem</strong></span> <span class='ocrx_word' id='word_1_253' title='bbox 3063 729 3076 763; x_wconf 91' lang='lat'><strong>:</strong></span> <span class='ocrx_word' id='word_1_254' title='bbox 3120 730 3137 761; x_wconf 77' lang='grc' dir='ltr'><strong>ι</strong></span> <span class='ocrx_word' id='word_1_255' title='bbox 3178 707 3424 771; x_wconf 84' lang='lat' dir='ltr'><strong>Domine,</strong></span> 
     </span>
    </p>
   </div>
   <div class='ocr_carea' id='block_1_37' title="bbox 1847 800 3430 871">
    <p class='ocr_par' dir='ltr' id='par_1_37' title="bbox 1847 800 3430 871">
     <span class='ocr_line' id='line_1_37' title="bbox 1847 800 3430 871; baseline -0.006 -10"><span class='ocrx_word' id='word_1_256' title='bbox 1847 808 2095 871; x_wconf 83' lang='lat' dir='ltr'><strong>Domine,</strong></span> <span class='ocrx_word' id='word_1_257' title='bbox 2128 807 2410 870; x_wconf 79' lang='lat' dir='ltr'><strong>dixerunt,</strong></span> <span class='ocrx_word' id='word_1_258' title='bbox 2439 807 2610 860; x_wconf 88' lang='lat' dir='ltr'><strong>virtus</strong></span> <span class='ocrx_word' id='word_1_259' title='bbox 2638 814 2837 858; x_wconf 65' lang='lat' dir='ltr'><strong>nostrae</strong></span> <span class='ocrx_word' id='word_1_260' title='bbox 2877 802 3092 864; x_wconf 87' lang='lat' dir='ltr'><strong>salutis,</strong></span> <span class='ocrx_word' id='word_1_261' title='bbox 3132 800 3430 855; x_wconf 56' lang='lat' dir='ltr'><strong>obumbrao</strong></span> 
     </span>
    </p>
   </div>
   <div class='ocr_carea' id='block_1_38' title="bbox 1844 893 3430 971">
    <p class='ocr_par' dir='ltr' id='par_1_38' title="bbox 1844 893 3430 971">
     <span class='ocr_line' id='line_1_38' title="bbox 1844 893 3430 971; baseline -0.008 -15"><span class='ocrx_word' id='word_1_262' title='bbox 1844 902 1911 957; x_wconf 85' lang='lat' dir='ltr'><strong>sti</strong></span> <span class='ocrx_word' id='word_1_263' title='bbox 1939 917 2102 971; x_wconf 84' lang='lat' dir='ltr'><strong>super</strong></span> <span class='ocrx_word' id='word_1_264' title='bbox 2132 911 2295 969; x_wconf 78' lang='lat' dir='ltr'><strong>caput</strong></span> <span class='ocrx_word' id='word_1_265' title='bbox 2317 909 2562 954; x_wconf 84' lang='lat' dir='ltr'><strong>nostrum</strong></span> <span class='ocrx_word' id='word_1_266' title='bbox 2590 898 2640 951; x_wconf 93' lang='lat' dir='ltr'><strong>iu</strong></span> <span class='ocrx_word' id='word_1_267' title='bbox 2668 898 2753 951; x_wconf 91' lang='lat' dir='ltr'><strong>die</strong></span> <span class='ocrx_word' id='word_1_268' title='bbox 2778 895 2900 950; x_wconf 81' lang='lat' dir='ltr'><strong>belli</strong></span> <span class='ocrx_word' id='word_1_269' title='bbox 2920 894 2966 950; x_wconf 74' lang='grc'><strong>⁸.</strong></span> <span class='ocrx_word' id='word_1_270' title='bbox 3008 893 3191 947; x_wconf 77' lang='grc' dir='ltr'>»Νυηο</span> <span class='ocrx_word' id='word_1_271' title='bbox 3214 905 3430 962; x_wconf 88' lang='lat' dir='ltr'><strong>quoque</strong></span> 
     </span>
    </p>
   </div>
   <div class='ocr_carea' id='block_1_39' title="bbox 1846 983 3430 1057">
    <p class='ocr_par' dir='ltr' id='par_1_39' title="bbox 1846 983 3430 1057">
     <span class='ocr_line' id='line_1_39' title="bbox 1846 983 3430 1057; baseline -0.008 -8"><span class='ocrx_word' id='word_1_272' title='bbox 1846 994 2023 1049; x_wconf 89' lang='lat' dir='ltr'><strong>deduc</strong></span> <span class='ocrx_word' id='word_1_273' title='bbox 2080 1008 2180 1047; x_wconf 87' lang='lat' dir='ltr'><strong>nos</strong></span> <span class='ocrx_word' id='word_1_274' title='bbox 2227 993 2280 1046; x_wconf 91' lang='lat' dir='ltr'><strong>in</strong></span> <span class='ocrx_word' id='word_1_275' title='bbox 2336 992 2502 1045; x_wconf 87' lang='lat' dir='ltr'><strong>vitam</strong></span> <span class='ocrx_word' id='word_1_276' title='bbox 2549 1001 2808 1044; x_wconf 61' lang='lat' dir='ltr'><strong>aeternam</strong></span> <span class='ocrx_word' id='word_1_277' title='bbox 2845 1007 2858 1044; x_wconf 76' lang='grc' dir='ltr'><strong>ε</strong></span> <span class='ocrx_word' id='word_1_278' title='bbox 2892 987 3149 1057; x_wconf 80' lang='lat' dir='ltr'><strong>quoniam</strong></span> <span class='ocrx_word' id='word_1_279' title='bbox 3201 983 3430 1038; x_wconf 79' lang='lat' dir='ltr'><strong>nihilex</strong></span> 
     </span>
    </p>
   </div>
   <div class='ocr_carea' id='block_1_40' title="bbox 1847 1078 3428 1154">
    <p class='ocr_par' dir='ltr' id='par_1_40' title="bbox 1847 1078 3428 1154">
     <span class='ocr_line' id='line_1_40' title="bbox 1847 1078 3428 1154; baseline -0.008 -14"><span class='ocrx_word' id='word_1_280' title='bbox 1847 1088 2103 1141; x_wconf 89' lang='lat' dir='ltr'><strong>omnibus</strong></span> <span class='ocrx_word' id='word_1_281' title='bbox 2134 1084 2289 1145; x_wconf 84' lang='lat' dir='ltr'><strong>nobis</strong></span> <span class='ocrx_word' id='word_1_282' title='bbox 2337 1084 2506 1154; x_wconf 84' lang='lat' dir='ltr'><strong>pluris</strong></span> <span class='ocrx_word' id='word_1_283' title='bbox 2540 1083 2664 1145; x_wconf 92' lang='lat' dir='ltr'><strong>fuit,</strong></span> <span class='ocrx_word' id='word_1_284' title='bbox 2702 1096 2864 1151; x_wconf 90' lang='lat' dir='ltr'><strong>quam</strong></span> <span class='ocrx_word' id='word_1_285' title='bbox 2917 1081 2992 1134; x_wconf 90' lang='lat' dir='ltr'><strong>tui</strong></span> <span class='ocrx_word' id='word_1_286' title='bbox 3042 1078 3283 1140; x_wconf 72' lang='lat' dir='ltr'><strong>dilectio,</strong></span> <span class='ocrx_word' id='word_1_287' title='bbox 3318 1092 3428 1129; x_wconf 89' lang='lat' dir='ltr'><strong>non</strong></span> 
     </span>
    </p>
   </div>
   <div class='ocr_carea' id='block_1_41' title="bbox 1847 1171 3429 1249">
    <p class='ocr_par' dir='ltr' id='par_1_41' title="bbox 1847 1171 3429 1249">
     <span class='ocr_line' id='line_1_41' title="bbox 1847 1171 3429 1249; baseline -0.009 -16"><span class='ocrx_word' id='word_1_288' title='bbox 1847 1180 2042 1249; x_wconf 86' lang='lat' dir='ltr'><strong>patria.</strong></span> <span class='ocrx_word' id='word_1_289' title='bbox 2080 1194 2188 1232; x_wconf 90' lang='lat' dir='ltr'><strong>non</strong></span> <span class='ocrx_word' id='word_1_290' title='bbox 2226 1192 2423 1249; x_wconf 77' lang='lat' dir='ltr'><strong>genus,</strong></span> <span class='ocrx_word' id='word_1_291' title='bbox 2448 1191 2554 1230; x_wconf 86' lang='lat' dir='ltr'><strong>non</strong></span> <span class='ocrx_word' id='word_1_292' title='bbox 2593 1175 2829 1229; x_wconf 59' lang='lat' dir='ltr'><strong>divitia}:</strong></span> <span class='ocrx_word' id='word_1_293' title='bbox 2871 1173 2964 1227; x_wconf 85' lang='lat' dir='ltr'><strong>sed</strong></span> <span class='ocrx_word' id='word_1_294' title='bbox 2995 1171 3177 1225; x_wconf 90' lang='lat' dir='ltr'><strong>omnia</strong></span> <span class='ocrx_word' id='word_1_295' title='bbox 3210 1178 3429 1239; x_wconf 77' lang='lat' dir='ltr'><strong>prepter</strong></span> 
     </span>
    </p>
   </div>
   <div class='ocr_carea' id='block_1_42' title="bbox 1847 1269 3429 1341">
    <p class='ocr_par' dir='ltr' id='par_1_42' title="bbox 1847 1269 3429 1341">
     <span class='ocr_line' id='line_1_42' title="bbox 1847 1269 3429 1341; baseline -0.006 -16"><span class='ocrx_word' id='word_1_296' title='bbox 1847 1282 1898 1325; x_wconf 91' lang='lat' dir='ltr'><strong>te</strong></span> <span class='ocrx_word' id='word_1_297' title='bbox 1930 1272 2292 1341; x_wconf 84' lang='lat' dir='ltr'><strong>prodiditnus,</strong></span> <span class='ocrx_word' id='word_1_298' title='bbox 2326 1272 2491 1326; x_wconf 88' lang='lat' dir='ltr'><strong>etiam</strong></span> <span class='ocrx_word' id='word_1_299' title='bbox 2532 1270 2704 1341; x_wconf 83' lang='lat' dir='ltr'><strong>ipsam</strong></span> <span class='ocrx_word' id='word_1_300' title='bbox 2738 1269 2926 1331; x_wconf 85' lang='lat' dir='ltr'><strong>vitam,</strong></span> <span class='ocrx_word' id='word_1_301' title='bbox 2958 1278 3011 1321; x_wconf 92' lang='lat' dir='ltr'><strong>et</strong></span> <span class='ocrx_word' id='word_1_302' title='bbox 3049 1274 3305 1336; x_wconf 85' lang='lat' dir='ltr'><strong>tanquam</strong></span> <span class='ocrx_word' id='word_1_303' title='bbox 3339 1279 3429 1317; x_wconf 87' lang='lat' dir='ltr'><strong>oc-</strong></span> 
     </span>
    </p>
   </div>
   <div class='ocr_carea' id='block_1_43' title="bbox 1843 1357 3429 1433">
    <p class='ocr_par' dir='ltr' id='par_1_43' title="bbox 1843 1357 3429 1433">
     <span class='ocr_line' id='line_1_43' title="bbox 1843 1357 3429 1433; baseline -0.006 -14"><span class='ocrx_word' id='word_1_304' title='bbox 1843 1364 2068 1419; x_wconf 89' lang='lat' dir='ltr'><strong>cisionis</strong></span> <span class='ocrx_word' id='word_1_305' title='bbox 2099 1379 2229 1419; x_wconf 87' lang='lat' dir='ltr'><strong>oves</strong></span> <span class='ocrx_word' id='word_1_306' title='bbox 2258 1379 2449 1418; x_wconf 89' lang='lat' dir='ltr'><strong>sumus</strong></span> <span class='ocrx_word' id='word_1_307' title='bbox 2474 1363 2707 1433; x_wconf 88' lang='lat' dir='ltr'><strong>reputati</strong></span> <span class='ocrx_word' id='word_1_308' title='bbox 2729 1363 2773 1417; x_wconf 82' lang='grc'><strong>⁸.</strong></span> <span class='ocrx_word' id='word_1_309' title='bbox 2798 1362 2865 1416; x_wconf 85' lang='grc' dir='ltr'>Ει</span> <span class='ocrx_word' id='word_1_310' title='bbox 2901 1375 3044 1415; x_wconf 90' lang='lat' dir='ltr'><strong>nunc</strong></span> <span class='ocrx_word' id='word_1_311' title='bbox 3072 1368 3121 1413; x_wconf 89' lang='lat' dir='ltr'><strong>te</strong></span> <span class='ocrx_word' id='word_1_312' title='bbox 3154 1357 3429 1427; x_wconf 81' lang='lat' dir='ltr'><strong>supplices</strong></span> 
     </span>
    </p>
   </div>
   <div class='ocr_carea' id='block_1_44' title="bbox 1847 1454 3427 1525">
    <p class='ocr_par' dir='ltr' id='par_1_44' title="bbox 1847 1454 3427 1525">
     <span class='ocr_line' id='line_1_44' title="bbox 1847 1454 3427 1525; baseline -0.006 -16"><span class='ocrx_word' id='word_1_313' title='bbox 1847 1472 2122 1522; x_wconf 67' lang='lat' dir='ltr'><strong>rogamus,</strong></span> <span class='ocrx_word' id='word_1_314' title='bbox 2152 1454 2270 1508; x_wconf 83' lang='lat' dir='ltr'><strong>Fiat</strong></span> <span class='ocrx_word' id='word_1_315' title='bbox 2325 1454 2461 1509; x_wconf 91' lang='lat' dir='ltr'><strong>ultio</strong></span> <span class='ocrx_word' id='word_1_316' title='bbox 2512 1455 2796 1525; x_wconf 87' lang='lat' dir='ltr'><strong>sanguinis</strong></span> <span class='ocrx_word' id='word_1_317' title='bbox 2848 1467 3131 1507; x_wconf 80' lang='lat' dir='ltr'><strong>servorum</strong></span> <span class='ocrx_word' id='word_1_318' title='bbox 3188 1459 3427 1509; x_wconf 91' lang='lat' dir='ltr'><strong>tuorum,</strong></span> 
     </span>
    </p>
   </div>
   <div class='ocr_carea' id='block_1_45' title="bbox 1845 1544 3427 1618">
    <p class='ocr_par' dir='ltr' id='par_1_45' title="bbox 1845 1544 3427 1618">
     <span class='ocr_line' id='line_1_45' title="bbox 1845 1544 3427 1618; baseline -0.005 -17"><span class='ocrx_word' id='word_1_319' title='bbox 1845 1551 1935 1618; x_wconf 89' lang='lat' dir='ltr'><strong>qui</strong></span> <span class='ocrx_word' id='word_1_320' title='bbox 1970 1548 2312 1603; x_wconf 73' lang='lat' dir='ltr'><strong>fuitellusus.</strong></span> <span class='ocrx_word' id='word_1_321' title='bbox 2344 1549 2551 1603; x_wconf 80' lang='lat' dir='ltr'><strong>Extulle</strong></span> <span class='ocrx_word' id='word_1_322' title='bbox 2599 1564 2792 1601; x_wconf 90' lang='lat' dir='ltr'><strong>manus</strong></span> <span class='ocrx_word' id='word_1_323' title='bbox 2832 1556 2951 1600; x_wconf 88' lang='lat' dir='ltr'><strong>tuas</strong></span> <span class='ocrx_word' id='word_1_324' title='bbox 2986 1560 3151 1614; x_wconf 81' lang='lat' dir='ltr'><strong>super</strong></span> <span class='ocrx_word' id='word_1_325' title='bbox 3197 1544 3427 1597; x_wconf 90' lang='lat' dir='ltr'><strong>istorum</strong></span> 
     </span>
    </p>
   </div>
   <div class='ocr_carea' id='block_1_46' title="bbox 1848 1636 3427 1713">
    <p class='ocr_par' dir='ltr' id='par_1_46' title="bbox 1848 1636 3427 1713">
     <span class='ocr_line' id='line_1_46' title="bbox 1848 1636 3427 1713; baseline -0.006 -17"><span class='ocrx_word' id='word_1_326' title='bbox 1848 1641 2219 1713; x_wconf 65' lang='lat' dir='ltr'><strong>superbiam“.</strong></span> <span class='ocrx_word' id='word_1_327' title='bbox 2252 1639 2479 1709; x_wconf 87' lang='lat' dir='ltr'><strong>Suscipe</strong></span> <span class='ocrx_word' id='word_1_328' title='bbox 2524 1656 2586 1695; x_wconf 85' lang='lat' dir='ltr'><strong>ac</strong></span> <span class='ocrx_word' id='word_1_329' title='bbox 2633 1639 2867 1694; x_wconf 77' lang='lat' dir='ltr'><strong>defende</strong></span> <span class='ocrx_word' id='word_1_330' title='bbox 2921 1654 3110 1693; x_wconf 90' lang='lat' dir='ltr'><strong>eorum</strong></span> <span class='ocrx_word' id='word_1_331' title='bbox 3143 1636 3304 1700; x_wconf 86' lang='lat' dir='ltr'><strong>filios,</strong></span> <span class='ocrx_word' id='word_1_332' title='bbox 3336 1636 3427 1703; x_wconf 85' lang='lat' dir='ltr'><strong>qui</strong></span> 
     </span>
    </p>
   </div>
   <div class='ocr_carea' id='block_1_47' title="bbox 1851 1727 3431 1805">
    <p class='ocr_par' dir='ltr' id='par_1_47' title="bbox 1851 1727 3431 1805">
     <span class='ocr_line' id='line_1_47' title="bbox 1851 1727 3431 1805; baseline -0.008 -17"><span class='ocrx_word' id='word_1_333' title='bbox 1851 1752 1948 1805; x_wconf 89' lang='lat' dir='ltr'><strong>pro</strong></span> <span class='ocrx_word' id='word_1_334' title='bbox 1966 1746 2015 1789; x_wconf 88' lang='lat' dir='ltr'><strong>te</strong></span> <span class='ocrx_word' id='word_1_335' title='bbox 2035 1737 2363 1790; x_wconf 88' lang='lat' dir='ltr'><strong>moriuntur.</strong></span> <span class='ocrx_word' id='word_1_336' title='bbox 2387 1734 2689 1790; x_wconf 84' lang='lat' dir='ltr'><strong>Corrobora</strong></span> <span class='ocrx_word' id='word_1_337' title='bbox 2722 1732 3016 1792; x_wconf 83' lang='lat' dir='ltr'><strong>civitatem,</strong></span> <span class='ocrx_word' id='word_1_338' title='bbox 3033 1744 3152 1798; x_wconf 68' lang='lat' dir='ltr'><strong>qua:</strong></span> <span class='ocrx_word' id='word_1_339' title='bbox 3170 1727 3431 1799; x_wconf 79' lang='lat' dir='ltr'><strong>gloriatur</strong></span> 
     </span>
    </p>
   </div>
   <div class='ocr_carea' id='block_1_48' title="bbox 1851 1819 3428 1898">
    <p class='ocr_par' dir='ltr' id='par_1_48' title="bbox 1851 1819 3428 1898">
     <span class='ocr_line' id='line_1_48' title="bbox 1851 1819 3428 1898; baseline -0.008 -16"><span class='ocrx_word' id='word_1_340' title='bbox 1851 1838 1944 1882; x_wconf 90' lang='lat' dir='ltr'><strong>tuo</strong></span> <span class='ocrx_word' id='word_1_341' title='bbox 1981 1829 2218 1897; x_wconf 89' lang='lat' dir='ltr'><strong>pretioso</strong></span> <span class='ocrx_word' id='word_1_342' title='bbox 2253 1828 2540 1898; x_wconf 80' lang='lat' dir='ltr'><strong>sanguine,</strong></span> <span class='ocrx_word' id='word_1_343' title='bbox 2574 1836 2629 1880; x_wconf 92' lang='lat' dir='ltr'><strong>et</strong></span> <span class='ocrx_word' id='word_1_344' title='bbox 2678 1840 2861 1888; x_wconf 89' lang='lat' dir='ltr'><strong>cruce,</strong></span> <span class='ocrx_word' id='word_1_345' title='bbox 2890 1832 2944 1879; x_wconf 91' lang='lat' dir='ltr'><strong>et</strong></span> <span class='ocrx_word' id='word_1_346' title='bbox 2965 1819 3428 1893; x_wconf 80' lang='lat' dir='ltr'><strong>perpessionibus.</strong></span> 
     </span>
    </p>
   </div>
   <div class='ocr_carea' id='block_1_49' title="bbox 1857 1909 3429 1987">
    <p class='ocr_par' dir='ltr' id='par_1_49' title="bbox 1857 1909 3429 1987">
     <span class='ocr_line' id='line_1_49' title="bbox 1857 1909 3429 1987; baseline -0.011 -15"><span class='ocrx_word' id='word_1_347' title='bbox 1857 1919 2015 1973; x_wconf 84' lang='lat' dir='ltr'><strong>Vides</strong></span> <span class='ocrx_word' id='word_1_348' title='bbox 2060 1917 2517 1987; x_wconf 81' lang='lat' dir='ltr'><strong>quemadmodum</strong></span> <span class='ocrx_word' id='word_1_349' title='bbox 2554 1931 2671 1970; x_wconf 83' lang='lat' dir='ltr'><strong>eam</strong></span> <span class='ocrx_word' id='word_1_350' title='bbox 2730 1915 2803 1969; x_wconf 92' lang='lat' dir='ltr'><strong>tui</strong></span> <span class='ocrx_word' id='word_1_351' title='bbox 2838 1912 3142 1967; x_wconf 67' lang='lat' dir='ltr'><strong>affecerunt</strong></span> <span class='ocrx_word' id='word_1_352' title='bbox 3183 1909 3429 1969; x_wconf 79' lang='lat' dir='ltr'><strong>inimici;</strong></span> 
     </span>
    </p>
   </div>
   <div class='ocr_carea' id='block_1_50' title="bbox 1850 2003 3437 2078">
    <p class='ocr_par' dir='ltr' id='par_1_50' title="bbox 1850 2003 3437 2078">
     <span class='ocr_line' id='line_1_50' title="bbox 1850 2003 3437 2078; baseline -0.008 -15"><span class='ocrx_word' id='word_1_353' title='bbox 1850 2011 2199 2063; x_wconf 85' lang='lat' dir='ltr'><strong>attonderunt</strong></span> <span class='ocrx_word' id='word_1_354' title='bbox 2221 2010 2339 2078; x_wconf 85' lang='lat' dir='ltr'><strong>ejus</strong></span> <span class='ocrx_word' id='word_1_355' title='bbox 2359 2015 2770 2068; x_wconf 86' lang='lat' dir='ltr'><strong>ornamentum,</strong></span> <span class='ocrx_word' id='word_1_356' title='bbox 2802 2003 3027 2073; x_wconf 85' lang='lat' dir='ltr'><strong>profana</strong></span> <span class='ocrx_word' id='word_1_357' title='bbox 3039 2011 3162 2055; x_wconf 90' lang='lat' dir='ltr'><strong>runt</strong></span> <span class='ocrx_word' id='word_1_358' title='bbox 3181 2010 3437 2054; x_wconf 80' lang='lat' dir='ltr'><strong>sanctua-</strong></span> 
     </span>
    </p>
   </div>
   <div class='ocr_carea' id='block_1_51' title="bbox 1851 2100 3436 2169">
    <p class='ocr_par' dir='ltr' id='par_1_51' title="bbox 1851 2100 3436 2169">
     <span class='ocr_line' id='line_1_51' title="bbox 1851 2100 3436 2169; baseline -0.007 -14"><span class='ocrx_word' id='word_1_359' title='bbox 1851 2102 1988 2155; x_wconf 91' lang='lat' dir='ltr'><strong>rium</strong></span> <span class='ocrx_word' id='word_1_360' title='bbox 2052 2113 2225 2161; x_wconf 86' lang='lat' dir='ltr'><strong>tuum,</strong></span> <span class='ocrx_word' id='word_1_361' title='bbox 2275 2101 2535 2169; x_wconf 82' lang='lat' dir='ltr'><strong>templum</strong></span> <span class='ocrx_word' id='word_1_362' title='bbox 2604 2110 2853 2153; x_wconf 80' lang='lat' dir='ltr'><strong>sanctum</strong></span> <span class='ocrx_word' id='word_1_363' title='bbox 2898 2107 3052 2150; x_wconf 92' lang='lat' dir='ltr'><strong>tuum</strong></span> <span class='ocrx_word' id='word_1_364' title='bbox 3106 2100 3436 2147; x_wconf 70' lang='lat' dir='ltr'><strong>exusserunt</strong></span> 
     </span>
    </p>
   </div>
   <div class='ocr_carea' id='block_1_52' title="bbox 1849 2187 3432 2265">
    <p class='ocr_par' dir='ltr' id='par_1_52' title="bbox 1849 2187 3432 2265">
     <span class='ocr_line' id='line_1_52' title="bbox 1849 2187 3432 2265; baseline -0.007 -18"><span class='ocrx_word' id='word_1_365' title='bbox 1849 2195 1993 2265; x_wconf 91' lang='lat' dir='ltr'><strong>quod</strong></span> <span class='ocrx_word' id='word_1_366' title='bbox 2023 2194 2115 2248; x_wconf 85' lang='lat' dir='ltr'><strong>tibi</strong></span> <span class='ocrx_word' id='word_1_367' title='bbox 2156 2195 2384 2263; x_wconf 81' lang='lat' dir='ltr'><strong>placeat,</strong></span> <span class='ocrx_word' id='word_1_368' title='bbox 2423 2203 2478 2246; x_wconf 88' lang='lat' dir='ltr'><strong>ttt</strong></span> <span class='ocrx_word' id='word_1_369' title='bbox 2509 2208 2698 2245; x_wconf 83' lang='lat' dir='ltr'><strong>rursus</strong></span> <span class='ocrx_word' id='word_1_370' title='bbox 2721 2189 3013 2244; x_wconf 80' lang='lat' dir='ltr'><strong>extollatur</strong></span> <span class='ocrx_word' id='word_1_371' title='bbox 3039 2197 3092 2241; x_wconf 91' lang='lat' dir='ltr'><strong>et</strong></span> <span class='ocrx_word' id='word_1_372' title='bbox 3127 2187 3432 2246; x_wconf 86' lang='lat' dir='ltr'><strong>roboretur,</strong></span> 
     </span>
    </p>
   </div>
   <div class='ocr_carea' id='block_1_53' title="bbox 1851 2282 3435 2357">
    <p class='ocr_par' dir='ltr' id='par_1_53' title="bbox 1851 2282 3435 2357">
     <span class='ocr_line' id='line_1_53' title="bbox 1851 2282 3435 2357; baseline -0.008 -15"><span class='ocrx_word' id='word_1_373' title='bbox 1851 2287 2032 2343; x_wconf 89' lang='lat' dir='ltr'><strong>dando</strong></span> <span class='ocrx_word' id='word_1_374' title='bbox 2066 2296 2284 2357; x_wconf 86' lang='lat' dir='ltr'><strong>sceptra</strong></span> <span class='ocrx_word' id='word_1_375' title='bbox 2335 2287 2549 2357; x_wconf 78' lang='lat' dir='ltr'><strong>regibus</strong></span> <span class='ocrx_word' id='word_1_376' title='bbox 2594 2282 2942 2344; x_wconf 86' lang='lat' dir='ltr'><strong>Christianis,</strong></span> <span class='ocrx_word' id='word_1_377' title='bbox 2975 2296 3179 2348; x_wconf 77' lang='lat' dir='ltr'><strong>eosque</strong></span> <span class='ocrx_word' id='word_1_378' title='bbox 3210 2290 3435 2348; x_wconf 81' lang='lat' dir='ltr'><strong>magnos</strong></span> 
     </span>
    </p>
   </div>
   <div class='ocr_carea' id='block_1_54' title="bbox 1852 2372 3434 2451">
    <p class='ocr_par' dir='ltr' id='par_1_54' title="bbox 1852 2372 3434 2451">
     <span class='ocr_line' id='line_1_54' title="bbox 1852 2372 3434 2451; baseline -0.009 -14"><span class='ocrx_word' id='word_1_379' title='bbox 1852 2392 1906 2438; x_wconf 90' lang='lat' dir='ltr'><strong>et</strong></span> <span class='ocrx_word' id='word_1_380' title='bbox 1936 2381 2147 2451; x_wconf 87' lang='lat' dir='ltr'><strong>amplos</strong></span> <span class='ocrx_word' id='word_1_381' title='bbox 2184 2380 2463 2435; x_wconf 89' lang='lat' dir='ltr'><strong>reddendo</strong></span> <span class='ocrx_word' id='word_1_382' title='bbox 2510 2380 2563 2433; x_wconf 90' lang='lat' dir='ltr'><strong>iu</strong></span> <span class='ocrx_word' id='word_1_383' title='bbox 2605 2389 2698 2432; x_wconf 91' lang='lat' dir='ltr'><strong>tuo</strong></span> <span class='ocrx_word' id='word_1_384' title='bbox 2748 2376 2994 2431; x_wconf 85' lang='lat' dir='ltr'><strong>nomine.</strong></span> <span class='ocrx_word' id='word_1_385' title='bbox 3025 2373 3127 2439; x_wconf 85' lang='lat' dir='ltr'><strong>Qui</strong></span> <span class='ocrx_word' id='word_1_386' title='bbox 3162 2381 3344 2425; x_wconf 88' lang='lat' dir='ltr'><strong>autem</strong></span> <span class='ocrx_word' id='word_1_387' title='bbox 3382 2372 3434 2423; x_wconf 89' lang='lat' dir='ltr'><strong>in</strong></span> 
     </span>
    </p>
   </div>
   <div class='ocr_carea' id='block_1_55' title="bbox 1855 2464 3432 2538">
    <p class='ocr_par' dir='ltr' id='par_1_55' title="bbox 1855 2464 3432 2538">
     <span class='ocr_line' id='line_1_55' title="bbox 1855 2464 3432 2538; baseline -0.01 -9"><span class='ocrx_word' id='word_1_388' title='bbox 1855 2476 2061 2529; x_wconf 89' lang='lat' dir='ltr'><strong>bonore</strong></span> <span class='ocrx_word' id='word_1_389' title='bbox 2094 2484 2340 2529; x_wconf 91' lang='lat' dir='ltr'><strong>nostrum</strong></span> <span class='ocrx_word' id='word_1_390' title='bbox 2380 2472 2659 2526; x_wconf 82' lang='lat' dir='ltr'><strong>habebunt</strong></span> <span class='ocrx_word' id='word_1_391' title='bbox 2688 2469 3032 2538; x_wconf 82' lang='lat' dir='ltr'><strong>martyrium,</strong></span> <span class='ocrx_word' id='word_1_392' title='bbox 3065 2466 3131 2519; x_wconf 87' lang='lat' dir='ltr'><strong>da</strong></span> <span class='ocrx_word' id='word_1_393' title='bbox 3157 2466 3239 2518; x_wconf 87' lang='lat' dir='ltr'><strong>eis</strong></span> <span class='ocrx_word' id='word_1_394' title='bbox 3271 2464 3432 2517; x_wconf 85' lang='lat' dir='ltr'><strong>vitam</strong></span> 
     </span>
    </p>
   </div>
   <div class='ocr_carea' id='block_1_56' title="bbox 1804 2558 3437 2631">
    <p class='ocr_par' dir='ltr' id='par_1_56' title="bbox 1804 2558 3437 2631">
     <span class='ocr_line' id='line_1_56' title="bbox 1804 2558 3437 2631; baseline -0.007 -8"><span class='ocrx_word' id='word_1_395' title='bbox 1804 2615 1814 2623; x_wconf 82' lang='lat'><strong>.</strong></span> <span class='ocrx_word' id='word_1_396' title='bbox 1852 2567 1988 2623; x_wconf 75' lang='lat' dir='ltr'><strong>citra</strong></span> <span class='ocrx_word' id='word_1_397' title='bbox 2024 2566 2185 2623; x_wconf 87' lang='lat' dir='ltr'><strong>ullam</strong></span> <span class='ocrx_word' id='word_1_398' title='bbox 2223 2566 2607 2631; x_wconf 76' lang='lat' dir='ltr'><strong>oll&#39;ensiouem,</strong></span> <span class='ocrx_word' id='word_1_399' title='bbox 2652 2564 2923 2617; x_wconf 87' lang='lat' dir='ltr'><strong>bonorum</strong></span> <span class='ocrx_word' id='word_1_400' title='bbox 2968 2558 3203 2629; x_wconf 82' lang='lat' dir='ltr'><strong>capiam,</strong></span> <span class='ocrx_word' id='word_1_401' title='bbox 3230 2565 3285 2610; x_wconf 88' lang='lat' dir='ltr'><strong>et</strong></span> <span class='ocrx_word' id='word_1_402' title='bbox 3345 2570 3437 2611; x_wconf 83' lang='lat' dir='ltr'><strong>ve-</strong></span> 
     </span>
    </p>
   </div>
   <div class='ocr_carea' id='block_1_57' title="bbox 1851 2648 3435 2728">
    <p class='ocr_par' dir='ltr' id='par_1_57' title="bbox 1851 2648 3435 2728">
     <span class='ocr_line' id='line_1_57' title="bbox 1851 2648 3435 2728; baseline -0.008 -16"><span class='ocrx_word' id='word_1_403' title='bbox 1851 2662 1995 2712; x_wconf 81' lang='lat' dir='ltr'><strong>niam</strong></span> <span class='ocrx_word' id='word_1_404' title='bbox 2029 2670 2401 2728; x_wconf 84' lang='lat' dir='ltr'><strong>peccatorum.</strong></span> <span class='ocrx_word' id='word_1_405' title='bbox 2432 2660 2543 2712; x_wconf 87' lang='lat' dir='ltr'><strong>Nos</strong></span> <span class='ocrx_word' id='word_1_406' title='bbox 2564 2673 2694 2713; x_wconf 86' lang='lat' dir='ltr'><strong>vero</strong></span> <span class='ocrx_word' id='word_1_407' title='bbox 2717 2656 2807 2727; x_wconf 88' lang='lat' dir='ltr'><strong>qui</strong></span> <span class='ocrx_word' id='word_1_408' title='bbox 2844 2664 2997 2709; x_wconf 91' lang='lat' dir='ltr'><strong>tuum</strong></span> <span class='ocrx_word' id='word_1_409' title='bbox 3031 2650 3324 2705; x_wconf 74' lang='lat' dir='ltr'><strong>adventum</strong></span> <span class='ocrx_word' id='word_1_410' title='bbox 3351 2648 3435 2701; x_wconf 82' lang='lat' dir='ltr'><strong>di—</strong></span> 
     </span>
    </p>
   </div>
   <div class='ocr_carea' id='block_1_58' title="bbox 1851 2746 3435 2817">
    <p class='ocr_par' dir='ltr' id='par_1_58' title="bbox 1851 2746 3435 2817">
     <span class='ocr_line' id='line_1_58' title="bbox 1851 2746 3435 2817; baseline -0.009 -10"><span class='ocrx_word' id='word_1_411' title='bbox 1851 2752 2101 2816; x_wconf 76' lang='lat' dir='ltr'><strong>leximus,</strong></span> <span class='ocrx_word' id='word_1_412' title='bbox 2121 2752 2176 2805; x_wconf 91' lang='lat' dir='ltr'><strong>in</strong></span> <span class='ocrx_word' id='word_1_413' title='bbox 2202 2760 2403 2805; x_wconf 64' lang='lat' dir='ltr'><strong>aeterna</strong></span> <span class='ocrx_word' id='word_1_414' title='bbox 2425 2750 2641 2817; x_wconf 78' lang='lat' dir='ltr'><strong>suscipe</strong></span> <span class='ocrx_word' id='word_1_415' title='bbox 2661 2746 3032 2805; x_wconf 80' lang='lat' dir='ltr'><strong>tabernacula,</strong></span> <span class='ocrx_word' id='word_1_416' title='bbox 3055 2752 3109 2798; x_wconf 89' lang='lat' dir='ltr'><strong>et</strong></span> <span class='ocrx_word' id='word_1_417' title='bbox 3136 2758 3435 2796; x_wconf 80' lang='lat' dir='ltr'><strong>annumera</strong></span> 
     </span>
    </p>
   </div>
   <div class='ocr_carea' id='block_1_59' title="bbox 1852 2832 3435 2914">
    <p class='ocr_par' dir='ltr' id='par_1_59' title="bbox 1852 2832 3435 2914">
     <span class='ocr_line' id='line_1_59' title="bbox 1852 2832 3435 2914; baseline -0.01 -13"><span class='ocrx_word' id='word_1_418' title='bbox 1852 2846 1996 2901; x_wconf 89' lang='lat' dir='ltr'><strong>inter</strong></span> <span class='ocrx_word' id='word_1_419' title='bbox 2028 2860 2143 2911; x_wconf 92' lang='lat' dir='ltr'><strong>eos,</strong></span> <span class='ocrx_word' id='word_1_420' title='bbox 2174 2844 2265 2914; x_wconf 89' lang='lat' dir='ltr'><strong>qui</strong></span> <span class='ocrx_word' id='word_1_421' title='bbox 2301 2843 2396 2897; x_wconf 86' lang='lat' dir='ltr'><strong>tibi</strong></span> <span class='ocrx_word' id='word_1_422' title='bbox 2428 2842 2496 2896; x_wconf 89' lang='lat' dir='ltr'><strong>ab</strong></span> <span class='ocrx_word' id='word_1_423' title='bbox 2547 2850 2755 2895; x_wconf 70' lang='lat' dir='ltr'><strong>aeterno</strong></span> <span class='ocrx_word' id='word_1_424' title='bbox 2786 2839 3127 2908; x_wconf 84' lang='lat' dir='ltr'><strong>placuerunt.</strong></span> <span class='ocrx_word' id='word_1_425' title='bbox 3160 2832 3284 2888; x_wconf 69' lang='lat' dir='ltr'><strong>llaec</strong></span> <span class='ocrx_word' id='word_1_426' title='bbox 3312 2850 3435 2886; x_wconf 84' lang='lat' dir='ltr'><strong>cum</strong></span> 
     </span>
    </p>
   </div>
   <div class='ocr_carea' id='block_1_60' title="bbox 1854 2928 3437 3000">
    <p class='ocr_par' dir='ltr' id='par_1_60' title="bbox 1854 2928 3437 3000">
     <span class='ocr_line' id='line_1_60' title="bbox 1854 2928 3437 3000; baseline -0.009 -7"><span class='ocrx_word' id='word_1_427' title='bbox 1854 2939 2140 3000; x_wconf 72' lang='lat' dir='ltr'><strong>dixissent,</strong></span> <span class='ocrx_word' id='word_1_428' title='bbox 2177 2952 2235 2990; x_wconf 92' lang='lat' dir='ltr'><strong>se</strong></span> <span class='ocrx_word' id='word_1_429' title='bbox 2264 2935 2500 2989; x_wconf 82' lang='lat' dir='ltr'><strong>invicem</strong></span> <span class='ocrx_word' id='word_1_430' title='bbox 2529 2940 2657 2988; x_wconf 88' lang='lat' dir='ltr'><strong>sunt</strong></span> <span class='ocrx_word' id='word_1_431' title='bbox 2707 2931 2965 3000; x_wconf 82' lang='lat' dir='ltr'><strong>amplexi.</strong></span> <span class='ocrx_word' id='word_1_432' title='bbox 3002 2928 3217 2982; x_wconf 78' lang='lat' dir='ltr'><strong>Primus</strong></span> <span class='ocrx_word' id='word_1_433' title='bbox 3252 2936 3437 2980; x_wconf 78' lang='lat' dir='ltr'><strong>autem</strong></span> 
     </span>
    </p>
   </div>
   <div class='ocr_carea' id='block_1_61' title="bbox 1852 3021 3442 3091">
    <p class='ocr_par' dir='ltr' id='par_1_61' title="bbox 1852 3021 3442 3091">
     <span class='ocr_line' id='line_1_61' title="bbox 1852 3021 3442 3091; baseline -0.007 -6"><span class='ocrx_word' id='word_1_434' title='bbox 1852 3032 2070 3085; x_wconf 85' lang='lat' dir='ltr'><strong>divinus</strong></span> <span class='ocrx_word' id='word_1_435' title='bbox 2099 3033 2356 3091; x_wconf 80' lang='lat' dir='ltr'><strong>Aretbas,</strong></span> <span class='ocrx_word' id='word_1_436' title='bbox 2382 3030 2600 3083; x_wconf 86' lang='lat' dir='ltr'><strong>cervice</strong></span> <span class='ocrx_word' id='word_1_437' title='bbox 2633 3026 2913 3089; x_wconf 87' lang='lat' dir='ltr'><strong>inclinata,</strong></span> <span class='ocrx_word' id='word_1_438' title='bbox 2946 3023 3113 3077; x_wconf 86' lang='lat' dir='ltr'><strong>ictum</strong></span> <span class='ocrx_word' id='word_1_439' title='bbox 3145 3021 3304 3091; x_wconf 78' lang='lat' dir='ltr'><strong>gladii</strong></span> <span class='ocrx_word' id='word_1_440' title='bbox 3351 3021 3442 3074; x_wconf 68' lang='grc' dir='ltr'>Ιίε-</span> 
     </span>
    </p>
   </div>
   <div class='ocr_carea' id='block_1_62' title="bbox 1856 3116 3438 3192">
    <p class='ocr_par' dir='ltr' id='par_1_62' title="bbox 1856 3116 3438 3192">
     <span class='ocr_line' id='line_1_62' title="bbox 1856 3116 3438 3192; baseline -0.008 -14"><span class='ocrx_word' id='word_1_441' title='bbox 1856 3132 2034 3179; x_wconf 87' lang='lat' dir='ltr'><strong>tanter</strong></span> <span class='ocrx_word' id='word_1_442' title='bbox 2062 3124 2283 3192; x_wconf 81' lang='lat' dir='ltr'><strong>excipit,</strong></span> <span class='ocrx_word' id='word_1_443' title='bbox 2317 3131 2369 3176; x_wconf 91' lang='lat' dir='ltr'><strong>et</strong></span> <span class='ocrx_word' id='word_1_444' title='bbox 2396 3122 2472 3175; x_wconf 86' lang='lat' dir='ltr'><strong>ita</strong></span> <span class='ocrx_word' id='word_1_445' title='bbox 2503 3122 2549 3173; x_wconf 89' lang='lat' dir='ltr'><strong>ei</strong></span> <span class='ocrx_word' id='word_1_446' title='bbox 2574 3128 2739 3189; x_wconf 88' lang='lat' dir='ltr'><strong>caput</strong></span> <span class='ocrx_word' id='word_1_447' title='bbox 2774 3126 3112 3186; x_wconf 81' lang='lat' dir='ltr'><strong>amputatur.</strong></span> <span class='ocrx_word' id='word_1_448' title='bbox 3143 3116 3309 3168; x_wconf 83' lang='lat' dir='ltr'><strong>Porro</strong></span> <span class='ocrx_word' id='word_1_449' title='bbox 3341 3130 3438 3166; x_wconf 87' lang='lat' dir='ltr'><strong>au-</strong></span> 
     </span>
    </p>
   </div>
   <div class='ocr_carea' id='block_1_63' title="bbox 161 3202 1745 3294">
    <p class='ocr_par' dir='ltr' id='par_1_63' title="bbox 161 3202 1744 3294">
     <span class='ocr_line' id='line_1_63' title="bbox 161 3202 1744 3294; baseline 0.007 -41"><span class='ocrx_word' id='word_1_450' title='bbox 161 3202 471 3294; x_wconf 46' lang='lat' dir='ltr'><strong>omnium</strong></span> <span class='ocrx_word' id='word_1_451' title='bbox 541 3206 792 3277; x_wconf 84' lang='grc' dir='ltr'>’Λρέθας,</span> <span class='ocrx_word' id='word_1_452' title='bbox 828 3208 921 3276; x_wconf 78' lang='grc' dir='ltr'><strong>ὑφ’</strong></span> <span class='ocrx_word' id='word_1_453' title='bbox 980 3210 1191 3279; x_wconf 77' lang='grc' dir='ltr'>ἑτέρων</span> <span class='ocrx_word' id='word_1_454' title='bbox 1247 3209 1340 3262; x_wconf 80' lang='grc' dir='ltr'>δύο</span> <span class='ocrx_word' id='word_1_455' title='bbox 1389 3209 1744 3279; x_wconf 80' lang='grc' dir='ltr'>βαστάζεται,</span> 
     </span>
    </p>
   </div>
   <div class='ocr_carea' id='block_1_64' title="bbox 1851 3202 3439 3294">
    <p class='ocr_par' dir='ltr' id='par_1_64' title="bbox 1856 3205 3439 3286">
     <span class='ocr_line' id='line_1_64' title="bbox 1856 3205 3439 3286; baseline -0.008 -14"><span class='ocrx_word' id='word_1_456' title='bbox 1856 3227 1961 3272; x_wconf 90' lang='lat' dir='ltr'><strong>tem</strong></span> <span class='ocrx_word' id='word_1_457' title='bbox 1994 3216 2230 3286; x_wconf 86' lang='lat' dir='ltr'><strong>reliquus</strong></span> <span class='ocrx_word' id='word_1_458' title='bbox 2261 3229 2485 3283; x_wconf 90' lang='lat' dir='ltr'><strong>quoque</strong></span> <span class='ocrx_word' id='word_1_459' title='bbox 2514 3213 2736 3277; x_wconf 85' lang='lat' dir='ltr'><strong>chorus,</strong></span> <span class='ocrx_word' id='word_1_460' title='bbox 2776 3210 3018 3281; x_wconf 85' lang='lat' dir='ltr'><strong>jucunda</strong></span> <span class='ocrx_word' id='word_1_461' title='bbox 3047 3218 3102 3263; x_wconf 90' lang='lat' dir='ltr'><strong>et</strong></span> <span class='ocrx_word' id='word_1_462' title='bbox 3151 3224 3271 3276; x_wconf 75' lang='lat' dir='ltr'><strong>quae</strong></span> <span class='ocrx_word' id='word_1_463' title='bbox 3303 3205 3439 3261; x_wconf 87' lang='lat' dir='ltr'><strong>solvi</strong></span> 
     </span>
    </p>
   </div>
   <div class='ocr_carea' id='block_1_65' title="bbox 159 3292 1745 3370">
    <p class='ocr_par' dir='ltr' id='par_1_65' title="bbox 159 3292 1745 3370">
     <span class='ocr_line' id='line_1_65' title="bbox 159 3292 1745 3370; baseline 0.007 -24"><span class='ocrx_word' id='word_1_464' title='bbox 159 3292 281 3347; x_wconf 76' lang='grc' dir='ltr'>εἶτα</span> <span class='ocrx_word' id='word_1_465' title='bbox 313 3300 407 3349; x_wconf 69' lang='grc' dir='ltr'>καὶ</span> <span class='ocrx_word' id='word_1_466' title='bbox 453 3301 552 3370; x_wconf 83' lang='grc' dir='ltr'>τὴν</span> <span class='ocrx_word' id='word_1_467' title='bbox 585 3300 825 3370; x_wconf 51' lang='grc' dir='ltr'>κεξαλην</span> <span class='ocrx_word' id='word_1_468' title='bbox 855 3301 1192 3369; x_wconf 69' lang='grc' dir='ltr'>ἀφαιρεῖται.</span> <span class='ocrx_word' id='word_1_469' title='bbox 1234 3304 1339 3354; x_wconf 75' lang='grc' dir='ltr'>Καὶ</span> <span class='ocrx_word' id='word_1_470' title='bbox 1370 3305 1397 3353; x_wconf 89' lang='grc' dir='ltr'>ὁ</span> <span class='ocrx_word' id='word_1_471' title='bbox 1450 3303 1639 3366; x_wconf 72' lang='grc' dir='ltr'>λοιπὸς</span> <span class='ocrx_word' id='word_1_472' title='bbox 1685 3308 1745 3357; x_wconf 75' lang='grc' dir='ltr'><strong>δὲ</strong></span> 
     </span>
    </p>
   </div>
   <div class='ocr_carea' id='block_1_66' title="bbox 166 3391 1743 3467">
    <p class='ocr_par' dir='ltr' id='par_1_66' title="bbox 166 3391 1743 3467">
     <span class='ocr_line' id='line_1_66' title="bbox 166 3391 1743 3467; baseline 0.007 -28"><span class='ocrx_word' id='word_1_473' title='bbox 166 3391 480 3451; x_wconf 72' lang='grc' dir='ltr'>ἀκολούθως</span> <span class='ocrx_word' id='word_1_474' title='bbox 514 3396 700 3461; x_wconf 77' lang='grc' dir='ltr'>χορὸς,</span> <span class='ocrx_word' id='word_1_475' title='bbox 752 3394 784 3460; x_wconf 84' lang='grc' dir='ltr'>ἡ</span> <span class='ocrx_word' id='word_1_476' title='bbox 817 3393 1044 3461; x_wconf 75' lang='grc' dir='ltr'>γλυκεῖα</span> <span class='ocrx_word' id='word_1_477' title='bbox 1096 3396 1190 3446; x_wconf 62' lang='grc' dir='ltr'>καὶ</span> <span class='ocrx_word' id='word_1_478' title='bbox 1223 3395 1419 3457; x_wconf 76' lang='grc' dir='ltr'>ἄλυτος</span> <span class='ocrx_word' id='word_1_479' title='bbox 1473 3398 1743 3467; x_wconf 77' lang='grc' dir='ltr'>ἑταιρεία,</span> 
     </span>
    </p>
   </div>
   <div class='ocr_carea' id='block_1_67' title="bbox 164 3475 1750 3559">
    <p class='ocr_par' dir='ltr' id='par_1_67' title="bbox 164 3475 1750 3559">
     <span class='ocr_line' id='line_1_67' title="bbox 164 3475 1750 3559; baseline 0.008 -29"><span class='ocrx_word' id='word_1_480' title='bbox 164 3479 241 3541; x_wconf 83' lang='grc' dir='ltr'><strong>ὡς</strong></span> <span class='ocrx_word' id='word_1_481' title='bbox 274 3475 420 3550; x_wconf 75' lang='grc' dir='ltr'>εἶχον</span> <span class='ocrx_word' id='word_1_482' title='bbox 454 3482 649 3552; x_wconf 77' lang='grc' dir='ltr'>τάχους</span> <span class='ocrx_word' id='word_1_483' title='bbox 709 3484 786 3555; x_wconf 83' lang='grc' dir='ltr'>τῷ</span> <span class='ocrx_word' id='word_1_484' title='bbox 833 3486 999 3557; x_wconf 80' lang='grc' dir='ltr'>τιμίῳ</span> <span class='ocrx_word' id='word_1_485' title='bbox 1038 3487 1246 3540; x_wconf 76' lang='grc' dir='ltr'>ἐκείνου</span> <span class='ocrx_word' id='word_1_486' title='bbox 1295 3487 1632 3559; x_wconf 76' lang='grc' dir='ltr'><strong>χρησάμενοι</strong></span> <span class='ocrx_word' id='word_1_487' title='bbox 1665 3490 1750 3544; x_wconf 82' lang='grc' dir='ltr'><strong>αῖ-</strong></span> 
     </span>
    </p>
   </div>
   <div class='ocr_carea' id='block_1_68' title="bbox 166 3577 1750 3653">
    <p class='ocr_par' dir='ltr' id='par_1_68' title="bbox 166 3577 1750 3653">
     <span class='ocr_line' id='line_1_68' title="bbox 166 3577 1750 3653; baseline 0.008 -29"><span class='ocrx_word' id='word_1_488' title='bbox 166 3590 327 3641; x_wconf 89' lang='grc' dir='ltr'>ματι,</span> <span class='ocrx_word' id='word_1_489' title='bbox 378 3577 628 3647; x_wconf 79' lang='grc' dir='ltr'>καθάπερ</span> <span class='ocrx_word' id='word_1_490' title='bbox 669 3580 773 3632; x_wconf 85' lang='grc' dir='ltr'><strong>τινί</strong></span> <span class='ocrx_word' id='word_1_491' title='bbox 809 3577 970 3650; x_wconf 81' lang='grc' dir='ltr'>μύρῳ</span> <span class='ocrx_word' id='word_1_492' title='bbox 997 3580 1286 3633; x_wconf 78' lang='grc' dir='ltr'>πολυτελεῖ</span> <span class='ocrx_word' id='word_1_493' title='bbox 1314 3582 1449 3653; x_wconf 84' lang='grc' dir='ltr'>πρὸς</span> <span class='ocrx_word' id='word_1_494' title='bbox 1483 3584 1582 3651; x_wconf 74' lang='grc' dir='ltr'><strong>τὴν</strong></span> <span class='ocrx_word' id='word_1_495' title='bbox 1614 3601 1750 3651; x_wconf 65' lang='grc' dir='ltr'>σφα-</span> 
     </span>
    </p>
   </div>
   <div class='ocr_carea' id='block_1_69' title="bbox 165 3667 1749 3746">
    <p class='ocr_par' dir='ltr' id='par_1_69' title="bbox 165 3667 1749 3746">
     <span class='ocr_line' id='line_1_69' title="bbox 165 3667 1749 3746; baseline 0.006 -28"><span class='ocrx_word' id='word_1_496' title='bbox 165 3667 275 3737; x_wconf 79' lang='grc' dir='ltr'><strong>γὴν</strong></span> <span class='ocrx_word' id='word_1_497' title='bbox 356 3669 620 3740; x_wconf 77' lang='grc' dir='ltr'>ἐχώρουν,</span> <span class='ocrx_word' id='word_1_498' title='bbox 673 3673 769 3725; x_wconf 73' lang='grc' dir='ltr'>καὶ</span> <span class='ocrx_word' id='word_1_499' title='bbox 828 3673 1030 3742; x_wconf 77' lang='grc' dir='ltr'>σπουδῇ</span> <span class='ocrx_word' id='word_1_500' title='bbox 1080 3676 1231 3746; x_wconf 82' lang='grc' dir='ltr'>πάσῃ</span> <span class='ocrx_word' id='word_1_501' title='bbox 1276 3674 1369 3728; x_wconf 75' lang='grc' dir='ltr'>τὸν</span> <span class='ocrx_word' id='word_1_502' title='bbox 1421 3674 1509 3728; x_wconf 73' lang='grc' dir='ltr'><strong>διὰ</strong></span> <span class='ocrx_word' id='word_1_503' title='bbox 1561 3673 1749 3743; x_wconf 67' lang='grc' dir='ltr'>ξίφους</span> 
     </span>
    </p>
   </div>
   <div class='ocr_carea' id='block_1_70' title="bbox 160 3760 1749 3839">
    <p class='ocr_par' dir='ltr' id='par_1_70' title="bbox 160 3760 1749 3839">
     <span class='ocr_line' id='line_1_70' title="bbox 160 3760 1749 3839; baseline 0.006 -28"><span class='ocrx_word' id='word_1_504' title='bbox 160 3760 416 3830; x_wconf 73' lang='grc' dir='ltr'>ἐδέχοντο</span> <span class='ocrx_word' id='word_1_505' title='bbox 446 3762 699 3827; x_wconf 71' lang='grc' dir='ltr'>θάνατον,</span> <span class='ocrx_word' id='word_1_506' title='bbox 738 3764 941 3831; x_wconf 77' lang='grc' dir='ltr'>μικροῦ</span> <span class='ocrx_word' id='word_1_507' title='bbox 974 3766 1070 3817; x_wconf 76' lang='grc' dir='ltr'><strong>καὶ</strong></span> <span class='ocrx_word' id='word_1_508' title='bbox 1118 3766 1375 3834; x_wconf 82' lang='grc' dir='ltr'>ἀλλήλοις</span> <span class='ocrx_word' id='word_1_509' title='bbox 1408 3765 1505 3820; x_wconf 86' lang='grc' dir='ltr'><strong>τοῦ</strong></span> <span class='ocrx_word' id='word_1_510' title='bbox 1552 3768 1749 3839; x_wconf 81' lang='grc' dir='ltr'>καιροῦ</span> 
     </span>
    </p>
   </div>
   <div class='ocr_carea' id='block_1_71' title="bbox 164 3855 1750 3929">
    <p class='ocr_par' dir='ltr' id='par_1_71' title="bbox 164 3855 1750 3929">
     <span class='ocr_line' id='line_1_71' title="bbox 164 3855 1750 3929; baseline 0 -20"><span class='ocrx_word' id='word_1_511' title='bbox 164 3855 510 3925; x_wconf 72' lang='grc' dir='ltr'>φθονοῦντες,</span> <span class='ocrx_word' id='word_1_512' title='bbox 546 3855 620 3917; x_wconf 82' lang='grc' dir='ltr'>ὼς</span> <span class='ocrx_word' id='word_1_513' title='bbox 654 3855 815 3908; x_wconf 80' lang='grc' dir='ltr'>πλέον</span> <span class='ocrx_word' id='word_1_514' title='bbox 863 3874 915 3911; x_wconf 89' lang='grc' dir='ltr'><strong>τι</strong></span> <span class='ocrx_word' id='word_1_515' title='bbox 962 3856 1100 3927; x_wconf 75' lang='grc' dir='ltr'>πρὸς</span> <span class='ocrx_word' id='word_1_516' title='bbox 1143 3857 1313 3929; x_wconf 81' lang='grc' dir='ltr'>τιμὴν</span> <span class='ocrx_word' id='word_1_517' title='bbox 1366 3859 1622 3927; x_wconf 80' lang='grc' dir='ltr'>νέμοντος</span> <span class='ocrx_word' id='word_1_518' title='bbox 1670 3859 1750 3929; x_wconf 85' lang='grc' dir='ltr'>τῷ</span> 
     </span>
    </p>
   </div>
   <div class='ocr_carea' id='block_1_72' title="bbox 164 3948 977 4019">
    <p class='ocr_par' dir='ltr' id='par_1_72' title="bbox 164 3948 977 4019">
     <span class='ocr_line' id='line_1_72' title="bbox 164 3948 977 4019; baseline 0.002 -18"><span class='ocrx_word' id='word_1_519' title='bbox 164 3948 489 4019; x_wconf 68' lang='grc' dir='ltr'>προθονίντι</span> <span class='ocrx_word' id='word_1_520' title='bbox 533 3951 561 4001; x_wconf 90' lang='grc' dir='ltr'>ὁ</span> <span class='ocrx_word' id='word_1_521' title='bbox 588 3950 977 4019; x_wconf 74' lang='grc' dir='ltr'>ἐπερχόμενος.</span> 
     </span>
    </p>
   </div>
   <div class='ocr_carea' id='block_1_73' title="bbox 238 4038 1751 4114">
    <p class='ocr_par' dir='ltr' id='par_1_73' title="bbox 238 4038 1751 4114">
     <span class='ocr_line' id='line_1_73' title="bbox 238 4038 1751 4114; baseline 0.001 -19"><span class='ocrx_word' id='word_1_522' title='bbox 238 4042 368 4095; x_wconf 80' lang='lat' dir='ltr'><strong>KB&#39;.</strong></span> <span class='ocrx_word' id='word_1_523' title='bbox 410 4040 553 4111; x_wconf 71' lang='grc' dir='ltr'>Γυνὴ</span> <span class='ocrx_word' id='word_1_524' title='bbox 599 4041 655 4094; x_wconf 78' lang='grc' dir='ltr'><strong>δέ</strong></span> <span class='ocrx_word' id='word_1_525' title='bbox 710 4059 793 4105; x_wconf 85' lang='grc' dir='ltr'><strong>τις</strong></span> <span class='ocrx_word' id='word_1_526' title='bbox 839 4041 1054 4093; x_wconf 75' lang='grc' dir='ltr'>παιδίον</span> <span class='ocrx_word' id='word_1_527' title='bbox 1098 4038 1299 4111; x_wconf 73' lang='grc' dir='ltr'>ἔχουσα</span> <span class='ocrx_word' id='word_1_528' title='bbox 1340 4042 1636 4114; x_wconf 79' lang='grc' dir='ltr'>παραθέον,</span> <span class='ocrx_word' id='word_1_529' title='bbox 1689 4043 1751 4096; x_wconf 78' lang='grc' dir='ltr'>οὐ</span> 
     </span>
    </p>
   </div>
   <div class='ocr_carea' id='block_1_74' title="bbox 162 4132 1751 4205">
    <p class='ocr_par' dir='ltr' id='par_1_74' title="bbox 162 4132 1751 4205">
     <span class='ocr_line' id='line_1_74' title="bbox 162 4132 1751 4205; baseline -0.001 -18"><span class='ocrx_word' id='word_1_530' title='bbox 162 4134 331 4187; x_wconf 73' lang='grc' dir='ltr'>πλέον</span> <span class='ocrx_word' id='word_1_531' title='bbox 396 4132 622 4202; x_wconf 78' lang='grc' dir='ltr'>ἦπέντε</span> <span class='ocrx_word' id='word_1_532' title='bbox 673 4135 903 4203; x_wconf 74' lang='grc' dir='ltr'>χρόνους</span> <span class='ocrx_word' id='word_1_533' title='bbox 934 4132 1228 4203; x_wconf 73' lang='grc' dir='ltr'>γενόμενον</span> <span class='ocrx_word' id='word_1_534' title='bbox 1258 4135 1444 4205; x_wconf 81' lang='grc' dir='ltr'>ὁρῶσα</span> <span class='ocrx_word' id='word_1_535' title='bbox 1493 4136 1561 4187; x_wconf 76' lang='grc' dir='ltr'>τὰ</span> <span class='ocrx_word' id='word_1_536' title='bbox 1610 4134 1751 4203; x_wconf 83' lang='grc' dir='ltr'><strong>δρώ-</strong></span> 
     </span>
    </p>
   </div>
   <div class='ocr_carea' id='block_1_75' title="bbox 166 4224 1750 4297">
    <p class='ocr_par' dir='ltr' id='par_1_75' title="bbox 166 4224 1750 4297">
     <span class='ocr_line' id='line_1_75' title="bbox 166 4224 1750 4297; baseline 0.002 -21"><span class='ocrx_word' id='word_1_537' title='bbox 166 4242 333 4293; x_wconf 85' lang='grc' dir='ltr'>μενα,</span> <span class='ocrx_word' id='word_1_538' title='bbox 367 4227 461 4277; x_wconf 77' lang='grc' dir='ltr'><strong>καὶ</strong></span> <span class='ocrx_word' id='word_1_539' title='bbox 503 4225 638 4295; x_wconf 73' lang='grc' dir='ltr'>πρὸς</span> <span class='ocrx_word' id='word_1_540' title='bbox 675 4228 768 4276; x_wconf 75' lang='grc' dir='ltr'><strong>τὸν</strong></span> <span class='ocrx_word' id='word_1_541' title='bbox 811 4226 1000 4292; x_wconf 84' lang='grc' dir='ltr'>ὅμοιον</span> <span class='ocrx_word' id='word_1_542' title='bbox 1036 4226 1338 4297; x_wconf 80' lang='grc' dir='ltr'>διάθερμον</span> <span class='ocrx_word' id='word_1_543' title='bbox 1369 4224 1526 4277; x_wconf 86' lang='grc' dir='ltr'>θεῖσα</span> <span class='ocrx_word' id='word_1_544' title='bbox 1562 4224 1750 4295; x_wconf 81' lang='grc' dir='ltr'>ζῆλον,</span> 
     </span>
    </p>
   </div>
   <div class='ocr_carea' id='block_1_76' title="bbox 162 4315 1756 4389">
    <p class='ocr_par' dir='ltr' id='par_1_76' title="bbox 162 4315 1756 4389">
     <span class='ocr_line' id='line_1_76' title="bbox 162 4315 1756 4389; baseline 0 -20"><span class='ocrx_word' id='word_1_545' title='bbox 162 4320 267 4385; x_wconf 71' lang='grc' dir='ltr'>τὴν</span> <span class='ocrx_word' id='word_1_546' title='bbox 301 4315 568 4384; x_wconf 80' lang='grc' dir='ltr'>ταχίστην</span> <span class='ocrx_word' id='word_1_547' title='bbox 634 4315 1077 4386; x_wconf 74' lang='grc' dir='ltr'>προσδραμοῦσα</span> <span class='ocrx_word' id='word_1_548' title='bbox 1117 4323 1211 4369; x_wconf 71' lang='grc' dir='ltr'><strong>καὶ</strong></span> <span class='ocrx_word' id='word_1_549' title='bbox 1245 4315 1339 4370; x_wconf 79' lang='grc' dir='ltr'><strong>τοῦ</strong></span> <span class='ocrx_word' id='word_1_550' title='bbox 1389 4318 1621 4389; x_wconf 74' lang='grc' dir='ltr'>αἵματος</span> <span class='ocrx_word' id='word_1_551' title='bbox 1658 4322 1756 4373; x_wconf 77' lang='grc' dir='ltr'>καὶ</span> 
     </span>
    </p>
   </div>
   <div class='ocr_carea' id='block_1_77' title="bbox 163 4407 1754 4481">
    <p class='ocr_par' dir='ltr' id='par_1_77' title="bbox 163 4407 1754 4481">
     <span class='ocr_line' id='line_1_77' title="bbox 163 4407 1754 4481; baseline 0.002 -18"><span class='ocrx_word' id='word_1_552' title='bbox 163 4410 306 4479; x_wconf 75' lang='grc' dir='ltr'>αὐτὴ</span> <span class='ocrx_word' id='word_1_553' title='bbox 336 4407 599 4472; x_wconf 79' lang='grc' dir='ltr'>λαϐοῦσα,</span> <span class='ocrx_word' id='word_1_554' title='bbox 635 4408 821 4475; x_wconf 80' lang='grc' dir='ltr'>ἐκείνη</span> <span class='ocrx_word' id='word_1_555' title='bbox 870 4426 931 4462; x_wconf 87' lang='grc' dir='ltr'><strong>τε</strong></span> <span class='ocrx_word' id='word_1_556' title='bbox 1008 4408 1269 4481; x_wconf 60' lang='grc' dir='ltr'>ηλείψατο</span> <span class='ocrx_word' id='word_1_557' title='bbox 1314 4412 1410 4465; x_wconf 77' lang='grc' dir='ltr'>καὶ</span> <span class='ocrx_word' id='word_1_558' title='bbox 1451 4412 1544 4464; x_wconf 70' lang='grc' dir='ltr'>τὸν</span> <span class='ocrx_word' id='word_1_559' title='bbox 1588 4414 1754 4467; x_wconf 84' lang='grc' dir='ltr'>παῖδα</span> 
     </span>
    </p>
   </div>
   <div class='ocr_carea' id='block_1_78' title="bbox 168 4502 1753 4575">
    <p class='ocr_par' dir='ltr' id='par_1_78' title="bbox 168 4502 1753 4575">
     <span class='ocr_line' id='line_1_78' title="bbox 168 4502 1753 4575; baseline 0.001 -20"><span class='ocrx_word' id='word_1_560' title='bbox 168 4506 468 4575; x_wconf 80' lang='grc' dir='ltr'>μητρικαῖς</span> <span class='ocrx_word' id='word_1_561' title='bbox 516 4503 675 4575; x_wconf 76' lang='grc' dir='ltr'>χερσὶ</span> <span class='ocrx_word' id='word_1_562' title='bbox 729 4503 1065 4574; x_wconf 83' lang='grc' dir='ltr'>περιέχριεν.</span> <span class='ocrx_word' id='word_1_563' title='bbox 1118 4502 1250 4557; x_wconf 76' lang='grc' dir='ltr'>Εἶτα</span> <span class='ocrx_word' id='word_1_564' title='bbox 1299 4507 1396 4558; x_wconf 78' lang='grc' dir='ltr'><strong>καὶ</strong></span> <span class='ocrx_word' id='word_1_565' title='bbox 1457 4509 1538 4568; x_wconf 83' lang='grc' dir='ltr'>εἰς</span> <span class='ocrx_word' id='word_1_566' title='bbox 1587 4506 1753 4558; x_wconf 68' lang='grc' dir='ltr'>αὑτὸν</span> 
     </span>
    </p>
   </div>
   <div class='ocr_carea' id='block_1_79' title="bbox 1853 3303 3440 3380">
    <p class='ocr_par' dir='ltr' id='par_1_79' title="bbox 1853 3303 3440 3380">
     <span class='ocr_line' id='line_1_79' title="bbox 1853 3303 3440 3380; baseline -0.009 -15"><span class='ocrx_word' id='word_1_567' title='bbox 1853 3328 1959 3365; x_wconf 82' lang='lat' dir='ltr'><strong>non</strong></span> <span class='ocrx_word' id='word_1_568' title='bbox 1987 3320 2198 3380; x_wconf 86' lang='lat' dir='ltr'><strong>poterat</strong></span> <span class='ocrx_word' id='word_1_569' title='bbox 2223 3308 2504 3369; x_wconf 88' lang='lat' dir='ltr'><strong>sodalitas,</strong></span> <span class='ocrx_word' id='word_1_570' title='bbox 2531 3322 2653 3361; x_wconf 90' lang='lat' dir='ltr'><strong>cum</strong></span> <span class='ocrx_word' id='word_1_571' title='bbox 2688 3320 2847 3372; x_wconf 84' lang='lat' dir='ltr'><strong>quam</strong></span> <span class='ocrx_word' id='word_1_572' title='bbox 2885 3303 3117 3356; x_wconf 78' lang='lat' dir='ltr'><strong>maxima</strong></span> <span class='ocrx_word' id='word_1_573' title='bbox 3147 3310 3440 3371; x_wconf 80' lang='lat' dir='ltr'><strong>potuerunt</strong></span> 
     </span>
    </p>
   </div>
   <div class='ocr_carea' id='block_1_80' title="bbox 1852 3394 3439 3464">
    <p class='ocr_par' dir='ltr' id='par_1_80' title="bbox 1852 3394 3439 3464">
     <span class='ocr_line' id='line_1_80' title="bbox 1852 3394 3439 3464; baseline -0.009 -7"><span class='ocrx_word' id='word_1_574' title='bbox 1852 3404 2152 3464; x_wconf 77' lang='lat' dir='ltr'><strong>celeritate,</strong></span> <span class='ocrx_word' id='word_1_575' title='bbox 2184 3417 2242 3455; x_wconf 90' lang='lat' dir='ltr'><strong>se</strong></span> <span class='ocrx_word' id='word_1_576' title='bbox 2270 3402 2585 3454; x_wconf 84' lang='lat' dir='ltr'><strong>venerando</strong></span> <span class='ocrx_word' id='word_1_577' title='bbox 2620 3399 2906 3453; x_wconf 71' lang='lat' dir='ltr'><strong>unxissent</strong></span> <span class='ocrx_word' id='word_1_578' title='bbox 2950 3395 3096 3448; x_wconf 91' lang='lat' dir='ltr'><strong>illius</strong></span> <span class='ocrx_word' id='word_1_579' title='bbox 3146 3394 3439 3463; x_wconf 84' lang='lat' dir='ltr'><strong>sanguine,</strong></span> 
     </span>
    </p>
   </div>
   <div class='ocr_carea' id='block_1_81' title="bbox 1855 3491 3441 3568">
    <p class='ocr_par' dir='ltr' id='par_1_81' title="bbox 1855 3491 3441 3568">
     <span class='ocr_line' id='line_1_81' title="bbox 1855 3491 3441 3568; baseline -0.009 -17"><span class='ocrx_word' id='word_1_580' title='bbox 1855 3508 2109 3568; x_wconf 87' lang='lat' dir='ltr'><strong>tanquam</strong></span> <span class='ocrx_word' id='word_1_581' title='bbox 2170 3502 2451 3564; x_wconf 78' lang='lat' dir='ltr'><strong>unguento</strong></span> <span class='ocrx_word' id='word_1_582' title='bbox 2503 3494 2685 3559; x_wconf 86' lang='lat' dir='ltr'><strong>aliquo</strong></span> <span class='ocrx_word' id='word_1_583' title='bbox 2736 3491 2998 3559; x_wconf 80' lang='lat' dir='ltr'><strong>pretioso,</strong></span> <span class='ocrx_word' id='word_1_584' title='bbox 3036 3495 3441 3555; x_wconf 81' lang='lat' dir='ltr'><strong>consequenter</strong></span> 
     </span>
    </p>
   </div>
   <div class='ocr_carea' id='block_1_82' title="bbox 1852 3583 3440 3653">
    <p class='ocr_par' dir='ltr' id='par_1_82' title="bbox 1852 3583 3440 3653">
     <span class='ocr_line' id='line_1_82' title="bbox 1852 3583 3440 3653; baseline -0.009 -7"><span class='ocrx_word' id='word_1_585' title='bbox 1852 3592 1917 3646; x_wconf 85' lang='lat' dir='ltr'><strong>ad</strong></span> <span class='ocrx_word' id='word_1_586' title='bbox 1941 3600 2166 3646; x_wconf 89' lang='lat' dir='ltr'><strong>mortem</strong></span> <span class='ocrx_word' id='word_1_587' title='bbox 2194 3588 2616 3648; x_wconf 81' lang='lat' dir='ltr'><strong>contenderunt,</strong></span> <span class='ocrx_word' id='word_1_588' title='bbox 2637 3600 2797 3653; x_wconf 79' lang='lat' dir='ltr'><strong>qttam</strong></span> <span class='ocrx_word' id='word_1_589' title='bbox 2828 3583 3004 3651; x_wconf 71' lang='lat' dir='ltr'><strong>gladio</strong></span> <span class='ocrx_word' id='word_1_590' title='bbox 3029 3596 3263 3649; x_wconf 83' lang='lat' dir='ltr'><strong>propere</strong></span> <span class='ocrx_word' id='word_1_591' title='bbox 3282 3594 3440 3632; x_wconf 74' lang='lat' dir='ltr'><strong>acce-</strong></span> 
     </span>
    </p>
   </div>
   <div class='ocr_carea' id='block_1_83' title="bbox 1854 3670 3439 3755">
    <p class='ocr_par' dir='ltr' id='par_1_83' title="bbox 1854 3670 3439 3755">
     <span class='ocr_line' id='line_1_83' title="bbox 1854 3670 3439 3755; baseline -0.011 -16"><span class='ocrx_word' id='word_1_592' title='bbox 1854 3692 2070 3755; x_wconf 89' lang='lat' dir='ltr'><strong>perunt,</strong></span> <span class='ocrx_word' id='word_1_593' title='bbox 2101 3681 2202 3735; x_wconf 85' lang='lat' dir='ltr'><strong>sibi</strong></span> <span class='ocrx_word' id='word_1_594' title='bbox 2238 3681 2467 3732; x_wconf 86' lang='lat' dir='ltr'><strong>invicem</strong></span> <span class='ocrx_word' id='word_1_595' title='bbox 2503 3688 2719 3745; x_wconf 88' lang='lat' dir='ltr'><strong>tempus</strong></span> <span class='ocrx_word' id='word_1_596' title='bbox 2751 3672 3145 3745; x_wconf 85' lang='lat' dir='ltr'><strong>propemodum</strong></span> <span class='ocrx_word' id='word_1_597' title='bbox 3183 3670 3439 3724; x_wconf 84' lang='lat' dir='ltr'><strong>inviden-</strong></span> 
     </span>
    </p>
   </div>
   <div class='ocr_carea' id='block_1_84' title="bbox 1857 3760 3446 3843">
    <p class='ocr_par' dir='ltr' id='par_1_84' title="bbox 1857 3760 3446 3843">
     <span class='ocr_line' id='line_1_84' title="bbox 1857 3760 3446 3843; baseline -0.013 -13"><span class='ocrx_word' id='word_1_598' title='bbox 1857 3788 1960 3837; x_wconf 85' lang='lat' dir='ltr'><strong>tes,</strong></span> <span class='ocrx_word' id='word_1_599' title='bbox 1989 3782 2175 3843; x_wconf 89' lang='lat' dir='ltr'><strong>utpote</strong></span> <span class='ocrx_word' id='word_1_600' title='bbox 2205 3769 2346 3841; x_wconf 92' lang='lat' dir='ltr'><strong>quod</strong></span> <span class='ocrx_word' id='word_1_601' title='bbox 2384 3768 2513 3838; x_wconf 91' lang='lat' dir='ltr'><strong>quid</strong></span> <span class='ocrx_word' id='word_1_602' title='bbox 2544 3767 2723 3836; x_wconf 74' lang='lat' dir='ltr'><strong>majus</strong></span> <span class='ocrx_word' id='word_1_603' title='bbox 2760 3765 2824 3818; x_wconf 85' lang='lat' dir='ltr'><strong>ad</strong></span> <span class='ocrx_word' id='word_1_604' title='bbox 2880 3764 3142 3817; x_wconf 84' lang='lat' dir='ltr'><strong>honorem</strong></span> <span class='ocrx_word' id='word_1_605' title='bbox 3174 3760 3446 3814; x_wconf 81' lang='lat' dir='ltr'><strong>tribuere-</strong></span> 
     </span>
    </p>
   </div>
   <div class='ocr_carea' id='block_1_85' title="bbox 1857 3852 3440 3933">
    <p class='ocr_par' dir='ltr' id='par_1_85' title="bbox 1857 3852 3440 3933">
     <span class='ocr_line' id='line_1_85' title="bbox 1857 3852 3440 3933; baseline -0.01 -13"><span class='ocrx_word' id='word_1_606' title='bbox 1857 3877 1945 3920; x_wconf 91' lang='lat' dir='ltr'><strong>tur</strong></span> <span class='ocrx_word' id='word_1_607' title='bbox 1975 3868 2046 3927; x_wconf 84' lang='lat' dir='ltr'><strong>ei,</strong></span> <span class='ocrx_word' id='word_1_608' title='bbox 2085 3866 2177 3933; x_wconf 91' lang='lat' dir='ltr'><strong>qui</strong></span> <span class='ocrx_word' id='word_1_609' title='bbox 2206 3864 2355 3933; x_wconf 90' lang='lat' dir='ltr'><strong>prius</strong></span> <span class='ocrx_word' id='word_1_610' title='bbox 2384 3871 2502 3915; x_wconf 88' lang='lat' dir='ltr'><strong>erat</strong></span> <span class='ocrx_word' id='word_1_611' title='bbox 2526 3870 2794 3923; x_wconf 84' lang='lat' dir='ltr'><strong>mortuus,</strong></span> <span class='ocrx_word' id='word_1_612' title='bbox 2830 3872 2939 3926; x_wconf 77' lang='lat' dir='ltr'><strong>pra:</strong></span> <span class='ocrx_word' id='word_1_613' title='bbox 2972 3855 3085 3918; x_wconf 87' lang='lat' dir='ltr'><strong>illo,</strong></span> <span class='ocrx_word' id='word_1_614' title='bbox 3115 3855 3208 3923; x_wconf 85' lang='lat' dir='ltr'><strong>qui</strong></span> <span class='ocrx_word' id='word_1_615' title='bbox 3244 3852 3440 3906; x_wconf 84' lang='lat' dir='ltr'><strong>deinde</strong></span> 
     </span>
    </p>
   </div>
   <div class='ocr_carea' id='block_1_86' title="bbox 1856 3958 2209 4026">
    <p class='ocr_par' dir='ltr' id='par_1_86' title="bbox 1856 3958 2209 4026">
     <span class='ocr_line' id='line_1_86' title="bbox 1856 3958 2209 4026; baseline -0.014 -13"><span class='ocrx_word' id='word_1_616' title='bbox 1856 3958 2209 4026; x_wconf 79' lang='lat' dir='ltr'><strong>sequebatur.</strong></span> 
     </span>
    </p>
   </div>
   <div class='ocr_carea' id='block_1_87' title="bbox 1930 4039 3440 4117">
    <p class='ocr_par' dir='ltr' id='par_1_87' title="bbox 1930 4039 3440 4117">
     <span class='ocr_line' id='line_1_87' title="bbox 1930 4039 3440 4117; baseline -0.013 -11"><span class='ocrx_word' id='word_1_617' title='bbox 1930 4051 2093 4106; x_wconf 74' lang='lat' dir='ltr'><strong>XXll.</strong></span> <span class='ocrx_word' id='word_1_618' title='bbox 2140 4047 2395 4117; x_wconf 69' lang='lat' dir='ltr'><strong>Quaedam</strong></span> <span class='ocrx_word' id='word_1_619' title='bbox 2456 4053 2637 4099; x_wconf 88' lang='lat' dir='ltr'><strong>autem</strong></span> <span class='ocrx_word' id='word_1_620' title='bbox 2693 4042 2887 4095; x_wconf 90' lang='lat' dir='ltr'><strong>mulier</strong></span> <span class='ocrx_word' id='word_1_621' title='bbox 2938 4039 3148 4093; x_wconf 84' lang='lat' dir='ltr'><strong>habens</strong></span> <span class='ocrx_word' id='word_1_622' title='bbox 3196 4050 3440 4105; x_wconf 80' lang='lat' dir='ltr'><strong>puerum</strong></span> 
     </span>
    </p>
   </div>
   <div class='ocr_carea' id='block_1_88' title="bbox 1856 4129 3443 4212">
    <p class='ocr_par' dir='ltr' id='par_1_88' title="bbox 1856 4129 3443 4212">
     <span class='ocr_line' id='line_1_88' title="bbox 1856 4129 3443 4212; baseline -0.01 -19"><span class='ocrx_word' id='word_1_623' title='bbox 1856 4148 2402 4212; x_wconf 62' lang='lat' dir='ltr'><strong>praetercurrentem,</strong></span> <span class='ocrx_word' id='word_1_624' title='bbox 2438 4151 2545 4188; x_wconf 89' lang='lat' dir='ltr'><strong>non</strong></span> <span class='ocrx_word' id='word_1_625' title='bbox 2601 4133 2720 4203; x_wconf 82' lang='lat' dir='ltr'><strong>plus</strong></span> <span class='ocrx_word' id='word_1_626' title='bbox 2773 4146 2932 4200; x_wconf 85' lang='lat' dir='ltr'><strong>quam</strong></span> <span class='ocrx_word' id='word_1_627' title='bbox 2987 4129 3231 4199; x_wconf 83' lang='lat' dir='ltr'><strong>quinque</strong></span> <span class='ocrx_word' id='word_1_628' title='bbox 3268 4141 3443 4178; x_wconf 81' lang='lat' dir='ltr'><strong>annos</strong></span> 
     </span>
    </p>
   </div>
   <div class='ocr_carea' id='block_1_89' title="bbox 1857 4214 3439 4294">
    <p class='ocr_par' dir='ltr' id='par_1_89' title="bbox 1857 4214 3439 4294">
     <span class='ocr_line' id='line_1_89' title="bbox 1857 4214 3439 4294; baseline -0.011 -6"><span class='ocrx_word' id='word_1_629' title='bbox 1857 4243 2068 4293; x_wconf 85' lang='lat' dir='ltr'><strong>natum,</strong></span> <span class='ocrx_word' id='word_1_630' title='bbox 2095 4246 2219 4285; x_wconf 90' lang='lat' dir='ltr'><strong>cum</strong></span> <span class='ocrx_word' id='word_1_631' title='bbox 2248 4214 2456 4283; x_wconf 84' lang='lat' dir='ltr'><strong>videret</strong></span> <span class='ocrx_word' id='word_1_632' title='bbox 2491 4242 2576 4287; x_wconf 87' lang='lat' dir='ltr'><strong>ea,</strong></span> <span class='ocrx_word' id='word_1_633' title='bbox 2608 4241 2729 4294; x_wconf 68' lang='lat' dir='ltr'><strong>qua:</strong></span> <span class='ocrx_word' id='word_1_634' title='bbox 2778 4224 3001 4284; x_wconf 78' lang='lat' dir='ltr'><strong>fiebant,</strong></span> <span class='ocrx_word' id='word_1_635' title='bbox 3032 4230 3084 4272; x_wconf 85' lang='lat' dir='ltr'><strong>et</strong></span> <span class='ocrx_word' id='word_1_636' title='bbox 3110 4221 3173 4273; x_wconf 85' lang='lat' dir='ltr'><strong>ad</strong></span> <span class='ocrx_word' id='word_1_637' title='bbox 3210 4220 3439 4273; x_wconf 79' lang='lat' dir='ltr'><strong>similem</strong></span> 
     </span>
    </p>
   </div>
   <div class='ocr_carea' id='block_1_90' title="bbox 1857 4316 3439 4382">
    <p class='ocr_par' dir='ltr' id='par_1_90' title="bbox 1857 4316 3439 4382">
     <span class='ocr_line' id='line_1_90' title="bbox 1857 4316 3439 4382; baseline -0.011 -2"><span class='ocrx_word' id='word_1_638' title='bbox 1857 4342 2083 4380; x_wconf 89' lang='lat' dir='ltr'><strong>accensa</strong></span> <span class='ocrx_word' id='word_1_639' title='bbox 2133 4330 2279 4378; x_wconf 88' lang='lat' dir='ltr'><strong>esset</strong></span> <span class='ocrx_word' id='word_1_640' title='bbox 2328 4320 2757 4382; x_wconf 63' lang='lat' dir='ltr'><strong>aemulationem,</strong></span> <span class='ocrx_word' id='word_1_641' title='bbox 2809 4316 3073 4371; x_wconf 84' lang='lat' dir='ltr'><strong>citissime</strong></span> <span class='ocrx_word' id='word_1_642' title='bbox 3121 4326 3439 4375; x_wconf 86' lang='lat' dir='ltr'><strong>accurrens,</strong></span> 
     </span>
    </p>
   </div>
   <div class='ocr_carea' id='block_1_91' title="bbox 1858 4404 3443 4487">
    <p class='ocr_par' dir='ltr' id='par_1_91' title="bbox 1858 4404 3443 4487">
     <span class='ocr_line' id='line_1_91' title="bbox 1858 4404 3443 4487; baseline -0.011 -14"><span class='ocrx_word' id='word_1_643' title='bbox 1858 4435 1982 4473; x_wconf 84' lang='lat' dir='ltr'><strong>cum</strong></span> <span class='ocrx_word' id='word_1_644' title='bbox 2036 4420 2149 4487; x_wconf 81' lang='lat' dir='ltr'><strong>ipsa</strong></span> <span class='ocrx_word' id='word_1_645' title='bbox 2216 4429 2434 4485; x_wconf 89' lang='lat' dir='ltr'><strong>quoque</strong></span> <span class='ocrx_word' id='word_1_646' title='bbox 2488 4412 2787 4480; x_wconf 77' lang='lat' dir='ltr'><strong>accepisset</strong></span> <span class='ocrx_word' id='word_1_647' title='bbox 2842 4410 3203 4477; x_wconf 83' lang='lat' dir='ltr'><strong>sanguinem,</strong></span> <span class='ocrx_word' id='word_1_648' title='bbox 3250 4421 3308 4458; x_wconf 89' lang='lat' dir='ltr'><strong>se</strong></span> <span class='ocrx_word' id='word_1_649' title='bbox 3352 4404 3443 4457; x_wconf 92' lang='lat' dir='ltr'><strong>illo</strong></span> 
     </span>
    </p>
   </div>
   <div class='ocr_carea' id='block_1_92' title="bbox 1860 4497 3437 4572">
    <p class='ocr_par' dir='ltr' id='par_1_92' title="bbox 1860 4497 3437 4572">
     <span class='ocr_line' id='line_1_92' title="bbox 1860 4497 3437 4572; baseline -0.011 -6"><span class='ocrx_word' id='word_1_650' title='bbox 1860 4513 2018 4566; x_wconf 76' lang='lat' dir='ltr'><strong>unxit</strong></span> <span class='ocrx_word' id='word_1_651' title='bbox 2052 4520 2104 4563; x_wconf 88' lang='lat' dir='ltr'><strong>et</strong></span> <span class='ocrx_word' id='word_1_652' title='bbox 2142 4509 2332 4561; x_wconf 88' lang='lat' dir='ltr'><strong>lilium.</strong></span> <span class='ocrx_word' id='word_1_653' title='bbox 2363 4504 2569 4559; x_wconf 89' lang='lat' dir='ltr'><strong>Deinde</strong></span> <span class='ocrx_word' id='word_1_654' title='bbox 2606 4505 2783 4572; x_wconf 87' lang='lat' dir='ltr'><strong>ipsum</strong></span> <span class='ocrx_word' id='word_1_655' title='bbox 2822 4514 3001 4570; x_wconf 81' lang='lat' dir='ltr'><strong>regem</strong></span> <span class='ocrx_word' id='word_1_656' title='bbox 3034 4497 3437 4558; x_wconf 79' lang='lat' dir='ltr'><strong>ludiﬁcabatur,</strong></span> 
     </span>
    </p>
   </div>
   <div class='ocr_carea' id='block_1_93' title="bbox 162 4576 1745 4667">
    <p class='ocr_par' dir='ltr' id='par_1_93' title="bbox 162 4593 1745 4665">
     <span class='ocr_line' id='line_1_93' title="bbox 162 4593 1745 4665; baseline -0.002 -15"><span class='ocrx_word' id='word_1_657' title='bbox 162 4596 559 4650; x_wconf 77' lang='grc' dir='ltr'>ἑναπέσκωπτε</span> <span class='ocrx_word' id='word_1_658' title='bbox 609 4596 700 4647; x_wconf 74' lang='grc' dir='ltr'>τὸν</span> <span class='ocrx_word' id='word_1_659' title='bbox 747 4594 1001 4665; x_wconf 77' lang='grc' dir='ltr'>βασιλέα.</span> <span class='ocrx_word' id='word_1_660' title='bbox 1054 4593 1323 4664; x_wconf 82' lang='grc' dir='ltr'>τύραννον</span> <span class='ocrx_word' id='word_1_661' title='bbox 1371 4595 1745 4659; x_wconf 75' lang='grc' dir='ltr'>ἀποκαλοῦσα,</span> 
     </span>
    </p>
   </div>
   <div class='ocr_carea' id='block_1_94' title="bbox 1851 4576 3443 4667">
    <p class='ocr_par' dir='ltr' id='par_1_94' title="bbox 1860 4590 3443 4667">
     <span class='ocr_line' id='line_1_94' title="bbox 1860 4590 3443 4667; baseline -0.01 -8"><span class='ocrx_word' id='word_1_662' title='bbox 1860 4619 1986 4659; x_wconf 88' lang='lat' dir='ltr'><strong>eunt</strong></span> <span class='ocrx_word' id='word_1_663' title='bbox 2044 4615 2247 4658; x_wconf 79' lang='lat' dir='ltr'><strong>vocans</strong></span> <span class='ocrx_word' id='word_1_664' title='bbox 2306 4607 2615 4667; x_wconf 78' lang='lat' dir='ltr'><strong>tyranuum.</strong></span> <span class='ocrx_word' id='word_1_665' title='bbox 2657 4601 2712 4648; x_wconf 92' lang='lat' dir='ltr'><strong>et</strong></span> <span class='ocrx_word' id='word_1_666' title='bbox 2762 4607 2925 4663; x_wconf 85' lang='lat' dir='ltr'><strong>quam</strong></span> <span class='ocrx_word' id='word_1_667' title='bbox 2960 4590 3195 4645; x_wconf 78' lang='lat' dir='ltr'><strong>mavima</strong></span> <span class='ocrx_word' id='word_1_668' title='bbox 3229 4599 3443 4659; x_wconf 78' lang='lat' dir='ltr'><strong>poterat</strong></span> 
     </span>
    </p>
   </div>
   <div class='ocr_carea' id='block_1_95' title="bbox 164 4680 1756 4754">
    <p class='ocr_par' dir='ltr' id='par_1_95' title="bbox 164 4680 1756 4754">
     <span class='ocr_line' id='line_1_95' title="bbox 164 4680 1756 4754; baseline -0.003 -16"><span class='ocrx_word' id='word_1_669' title='bbox 164 4692 262 4743; x_wconf 71' lang='grc' dir='ltr'><strong>καὶ</strong></span> <span class='ocrx_word' id='word_1_670' title='bbox 291 4686 547 4754; x_wconf 74' lang='grc' dir='ltr'>ὀξυτάτῃ,</span> <span class='ocrx_word' id='word_1_671' title='bbox 581 4685 656 4746; x_wconf 86' lang='grc' dir='ltr'>ὼς</span> <span class='ocrx_word' id='word_1_672' title='bbox 684 4680 820 4754; x_wconf 70' lang='grc' dir='ltr'>εἶχε,</span> <span class='ocrx_word' id='word_1_673' title='bbox 855 4684 1029 4752; x_wconf 79' lang='grc' dir='ltr'>φωνῇ,</span> <span class='ocrx_word' id='word_1_674' title='bbox 1068 4684 1263 4736; x_wconf 79' lang='grc' dir='ltr'>Ἔσται</span> <span class='ocrx_word' id='word_1_675' title='bbox 1294 4682 1371 4752; x_wconf 79' lang='grc' dir='ltr'><strong>τῷ</strong></span> <span class='ocrx_word' id='word_1_676' title='bbox 1405 4682 1617 4753; x_wconf 81' lang='grc' dir='ltr'>βασιλεί</span> <span class='ocrx_word' id='word_1_677' title='bbox 1645 4681 1756 4735; x_wconf 84' lang='grc' dir='ltr'>τῶν</span> 
     </span>
    </p>
   </div>
   <div class='ocr_carea' id='block_1_96' title="bbox 179 4774 1756 4847">
    <p class='ocr_par' dir='ltr' id='par_1_96' title="bbox 179 4774 1756 4847">
     <span class='ocr_line' id='line_1_96' title="bbox 179 4774 1756 4847; baseline -0.004 -14"><span class='ocrx_word' id='word_1_678' title='bbox 179 4778 453 4847; x_wconf 71' lang='grc' dir='ltr'>Ἐὕραίων</span> <span class='ocrx_word' id='word_1_679' title='bbox 486 4778 560 4837; x_wconf 84' lang='grc' dir='ltr'>ὡς</span> <span class='ocrx_word' id='word_1_680' title='bbox 597 4777 677 4847; x_wconf 83' lang='grc' dir='ltr'>τῷ</span> <span class='ocrx_word' id='word_1_681' title='bbox 722 4777 949 4846; x_wconf 77' lang='grc' dir='ltr'>Φαραὼ,</span> <span class='ocrx_word' id='word_1_682' title='bbox 977 4774 1235 4843; x_wconf 82' lang='grc' dir='ltr'>λέγουσα.</span> <span class='ocrx_word' id='word_1_683' title='bbox 1271 4776 1335 4829; x_wconf 89' lang='grc' dir='ltr'>Οἱ</span> <span class='ocrx_word' id='word_1_684' title='bbox 1392 4774 1606 4829; x_wconf 70' lang='grc' dir='ltr'>ἐκείνου</span> <span class='ocrx_word' id='word_1_685' title='bbox 1644 4775 1756 4828; x_wconf 86' lang='grc' dir='ltr'>τοί-</span> 
     </span>
    </p>
   </div>
   <div class='ocr_carea' id='block_1_97' title="bbox 167 4868 1756 4938">
    <p class='ocr_par' dir='ltr' id='par_1_97' title="bbox 167 4868 1756 4938">
     <span class='ocr_line' id='line_1_97' title="bbox 167 4868 1756 4938; baseline -0.003 -12"><span class='ocrx_word' id='word_1_686' title='bbox 167 4891 265 4926; x_wconf 76' lang='grc' dir='ltr'><strong>νυν</strong></span> <span class='ocrx_word' id='word_1_687' title='bbox 299 4871 642 4924; x_wconf 77' lang='grc' dir='ltr'>ὑπασπισταὶ</span> <span class='ocrx_word' id='word_1_688' title='bbox 670 4870 781 4922; x_wconf 84' lang='grc' dir='ltr'>τῶν</span> <span class='ocrx_word' id='word_1_689' title='bbox 810 4868 1123 4938; x_wconf 76' lang='grc' dir='ltr'>λεγομένων</span> <span class='ocrx_word' id='word_1_690' title='bbox 1155 4869 1520 4933; x_wconf 81' lang='grc' dir='ltr'>ἁκουσάντες,</span> <span class='ocrx_word' id='word_1_691' title='bbox 1558 4868 1756 4921; x_wconf 81' lang='grc' dir='ltr'>συλλα-</span> 
     </span>
    </p>
   </div>
   <div class='ocr_carea' id='block_1_98' title="bbox 167 4962 1752 5035">
    <p class='ocr_par' dir='ltr' id='par_1_98' title="bbox 167 4962 1752 5035">
     <span class='ocr_line' id='line_1_98' title="bbox 167 4962 1752 5035; baseline -0.001 -16"><span class='ocrx_word' id='word_1_692' title='bbox 167 4967 358 5028; x_wconf 73' lang='grc' dir='ltr'>5ὀντες</span> <span class='ocrx_word' id='word_1_693' title='bbox 394 4962 553 5025; x_wconf 68' lang='grc' dir='ltr'>εὐθὺς</span> <span class='ocrx_word' id='word_1_694' title='bbox 582 4965 683 5035; x_wconf 85' lang='grc' dir='ltr'>τὴν</span> <span class='ocrx_word' id='word_1_695' title='bbox 729 4965 972 5032; x_wconf 81' lang='grc' dir='ltr'>γυναῖκα</span> <span class='ocrx_word' id='word_1_696' title='bbox 1006 4964 1082 5026; x_wconf 86' lang='grc' dir='ltr'>ὡς</span> <span class='ocrx_word' id='word_1_697' title='bbox 1114 4964 1277 5017; x_wconf 77' lang='grc' dir='ltr'>αὐτὸν</span> <span class='ocrx_word' id='word_1_698' title='bbox 1308 4965 1500 5030; x_wconf 75' lang='grc' dir='ltr'>ἄγουσι</span> <span class='ocrx_word' id='word_1_699' title='bbox 1530 4965 1622 5015; x_wconf 78' lang='grc' dir='ltr'><strong>τὸν</strong></span> <span class='ocrx_word' id='word_1_700' title='bbox 1654 4963 1752 5032; x_wconf 80' lang='grc' dir='ltr'><strong>βα·</strong></span> 
     </span>
    </p>
   </div>
   <div class='ocr_carea' id='block_1_99' title="bbox 171 5055 1753 5128">
    <p class='ocr_par' dir='ltr' id='par_1_99' title="bbox 171 5055 1753 5128">
     <span class='ocr_line' id='line_1_99' title="bbox 171 5055 1753 5128; baseline -0.003 -16"><span class='ocrx_word' id='word_1_701' title='bbox 171 5062 351 5122; x_wconf 72' lang='grc' dir='ltr'>σιλέα,</span> <span class='ocrx_word' id='word_1_702' title='bbox 386 5061 480 5111; x_wconf 78' lang='grc' dir='ltr'>καὶ</span> <span class='ocrx_word' id='word_1_703' title='bbox 512 5057 658 5128; x_wconf 75' lang='grc' dir='ltr'>ἅπερ</span> <span class='ocrx_word' id='word_1_704' title='bbox 685 5057 883 5127; x_wconf 68' lang='grc' dir='ltr'>ἐκείνῳ</span> <span class='ocrx_word' id='word_1_705' title='bbox 917 5056 1130 5127; x_wconf 84' lang='grc' dir='ltr'>πικρῶς</span> <span class='ocrx_word' id='word_1_706' title='bbox 1160 5056 1562 5126; x_wconf 82' lang='grc' dir='ltr'>διελοιδορεῖτο,</span> <span class='ocrx_word' id='word_1_707' title='bbox 1612 5055 1753 5125; x_wconf 70' lang='grc' dir='ltr'>μετὰ</span> 
     </span>
    </p>
   </div>
   <div class='ocr_carea' id='block_1_100' title="bbox 168 5148 1753 5221">
    <p class='ocr_par' dir='ltr' id='par_1_100' title="bbox 168 5148 1753 5221">
     <span class='ocr_line' id='line_1_100' title="bbox 168 5148 1753 5221; baseline -0.002 -17"><span class='ocrx_word' id='word_1_708' title='bbox 168 5151 373 5219; x_wconf 78' lang='grc' dir='ltr'>πολλῆς</span> <span class='ocrx_word' id='word_1_709' title='bbox 418 5148 825 5221; x_wconf 79' lang='grc' dir='ltr'>ἀπαγγέλλουσι</span> <span class='ocrx_word' id='word_1_710' title='bbox 871 5152 968 5219; x_wconf 81' lang='grc' dir='ltr'>τῆς</span> <span class='ocrx_word' id='word_1_711' title='bbox 1016 5150 1356 5221; x_wconf 83' lang='grc' dir='ltr'>προσθήκης.</span> <span class='ocrx_word' id='word_1_712' title='bbox 1405 5150 1464 5203; x_wconf 89' lang='lat'>&#39;0</span> <span class='ocrx_word' id='word_1_713' title='bbox 1507 5149 1587 5215; x_wconf 78' lang='grc' dir='ltr'><strong>δὲ,</strong></span> <span class='ocrx_word' id='word_1_714' title='bbox 1620 5150 1753 5221; x_wconf 80' lang='grc' dir='ltr'>μηδὲ</span> 
     </span>
    </p>
   </div>
   <div class='ocr_carea' id='block_1_101' title="bbox 167 5242 1754 5317">
    <p class='ocr_par' dir='ltr' id='par_1_101' title="bbox 167 5242 1754 5317">
     <span class='ocr_line' id='line_1_101' title="bbox 167 5242 1754 5317; baseline -0.005 -16"><span class='ocrx_word' id='word_1_715' title='bbox 167 5248 333 5314; x_wconf 74' lang='grc' dir='ltr'>λόγου</span> <span class='ocrx_word' id='word_1_716' title='bbox 364 5244 498 5313; x_wconf 74' lang='grc' dir='ltr'><strong>μηδὲ</strong></span> <span class='ocrx_word' id='word_1_717' title='bbox 532 5245 698 5317; x_wconf 67' lang='grc' dir='ltr'>ψιλῆς</span> <span class='ocrx_word' id='word_1_718' title='bbox 758 5244 899 5314; x_wconf 77' lang='grc' dir='ltr'>αὐτῇ</span> <span class='ocrx_word' id='word_1_719' title='bbox 939 5245 1210 5314; x_wconf 75' lang='grc' dir='ltr'>μεταδοὺς</span> <span class='ocrx_word' id='word_1_720' title='bbox 1259 5244 1606 5315; x_wconf 82' lang='grc' dir='ltr'>ἐρωτήσεως,</span> <span class='ocrx_word' id='word_1_721' title='bbox 1650 5242 1754 5294; x_wconf 79' lang='grc' dir='ltr'><strong>ποῦ</strong></span> 
     </span>
    </p>
   </div>
   <div class='ocr_carea' id='block_1_102' title="bbox 171 5338 1753 5412">
    <p class='ocr_par' dir='ltr' id='par_1_102' title="bbox 171 5338 1753 5412">
     <span class='ocr_line' id='line_1_102' title="bbox 171 5338 1753 5412; baseline -0.002 -19"><span class='ocrx_word' id='word_1_722' title='bbox 171 5343 286 5411; x_wconf 86' lang='grc' dir='ltr'><strong>γὰρ</strong></span> <span class='ocrx_word' id='word_1_723' title='bbox 316 5339 349 5409; x_wconf 79' lang='grc' dir='ltr'><strong>ἢ</strong></span> <span class='ocrx_word' id='word_1_724' title='bbox 384 5339 604 5409; x_wconf 78' lang='grc' dir='ltr'>βασάνῳ</span> <span class='ocrx_word' id='word_1_725' title='bbox 644 5339 707 5394; x_wconf 78' lang='grc' dir='ltr'><strong>τὸ</strong></span> <span class='ocrx_word' id='word_1_726' title='bbox 738 5339 997 5409; x_wconf 78' lang='grc' dir='ltr'>πρᾶγμα,</span> <span class='ocrx_word' id='word_1_727' title='bbox 1036 5338 1068 5409; x_wconf 83' lang='grc' dir='ltr'>ἢ</span> <span class='ocrx_word' id='word_1_728' title='bbox 1107 5341 1287 5412; x_wconf 81' lang='grc' dir='ltr'>κρίσει</span> <span class='ocrx_word' id='word_1_729' title='bbox 1333 5342 1441 5393; x_wconf 74' lang='grc' dir='ltr'>τινὶ</span> <span class='ocrx_word' id='word_1_730' title='bbox 1484 5338 1753 5406; x_wconf 79' lang='grc' dir='ltr'>δεδωκὼς,</span> 
     </span>
    </p>
   </div>
   <div class='ocr_carea' id='block_1_103' title="bbox 166 5430 1748 5501">
    <p class='ocr_par' dir='ltr' id='par_1_103' title="bbox 166 5430 1748 5501">
     <span class='ocr_line' id='line_1_103' title="bbox 166 5430 1748 5501; baseline -0.001 -14"><span class='ocrx_word' id='word_1_731' title='bbox 166 5436 260 5487; x_wconf 70' lang='grc' dir='ltr'><strong>τὸν</strong></span> <span class='ocrx_word' id='word_1_732' title='bbox 282 5431 370 5486; x_wconf 70' lang='grc' dir='ltr'><strong>διὰ</strong></span> <span class='ocrx_word' id='word_1_733' title='bbox 402 5431 570 5500; x_wconf 59' lang='grc' dir='ltr'>πυρὸς</span> <span class='ocrx_word' id='word_1_734' title='bbox 603 5433 774 5501; x_wconf 76' lang='grc' dir='ltr'>αὐτῆς</span> <span class='ocrx_word' id='word_1_735' title='bbox 805 5430 1248 5500; x_wconf 70' lang='grc' dir='ltr'>καταψηφίζεται</span> <span class='ocrx_word' id='word_1_736' title='bbox 1280 5431 1534 5486; x_wconf 85' lang='grc' dir='ltr'>θανατον.</span> <span class='ocrx_word' id='word_1_737' title='bbox 1571 5432 1748 5495; x_wconf 79' lang='grc' dir='ltr'>Εὐθὺς</span> 
     </span>
    </p>
   </div>
   <div class='ocr_carea' id='block_1_104' title="bbox 167 5522 1755 5596">
    <p class='ocr_par' dir='ltr' id='par_1_104' title="bbox 167 5522 1755 5596">
     <span class='ocr_line' id='line_1_104' title="bbox 167 5522 1755 5596; baseline 0.002 -17"><span class='ocrx_word' id='word_1_738' title='bbox 167 5526 264 5579; x_wconf 81' lang='grc' dir='ltr'><strong>οῦν</strong></span> <span class='ocrx_word' id='word_1_739' title='bbox 289 5524 390 5594; x_wconf 73' lang='grc' dir='ltr'>ὕλη</span> <span class='ocrx_word' id='word_1_740' title='bbox 434 5526 807 5591; x_wconf 73' lang='grc' dir='ltr'>συνεφορεῖτο,</span> <span class='ocrx_word' id='word_1_741' title='bbox 842 5524 935 5578; x_wconf 75' lang='grc' dir='ltr'>καὶ</span> <span class='ocrx_word' id='word_1_742' title='bbox 964 5522 1075 5593; x_wconf 87' lang='grc' dir='ltr'><strong>πῦρ</strong></span> <span class='ocrx_word' id='word_1_743' title='bbox 1107 5525 1246 5596; x_wconf 78' lang='grc' dir='ltr'>αὐτῇ</span> <span class='ocrx_word' id='word_1_744' title='bbox 1288 5525 1694 5596; x_wconf 79' lang='grc' dir='ltr'>ὑπερεῦἁλλετο</span> <span class='ocrx_word' id='word_1_745' title='bbox 1723 5529 1755 5595; x_wconf 76' lang='grc' dir='ltr'>ἡ</span> 
     </span>
    </p>
   </div>
   <div class='ocr_carea' id='block_1_105' title="bbox 178 5614 1760 5687">
    <p class='ocr_par' dir='ltr' id='par_1_105' title="bbox 178 5614 1760 5687">
     <span class='ocr_line' id='line_1_105' title="bbox 178 5614 1760 5687; baseline 0.003 -19"><span class='ocrx_word' id='word_1_746' title='bbox 178 5615 315 5684; x_wconf 71' lang='grc' dir='ltr'>φλόξ</span> <span class='ocrx_word' id='word_1_747' title='bbox 342 5632 396 5667; x_wconf 82' lang='grc' dir='ltr'><strong>τε</strong></span> <span class='ocrx_word' id='word_1_748' title='bbox 429 5614 519 5667; x_wconf 73' lang='grc' dir='ltr'><strong>ἐπὶ</strong></span> <span class='ocrx_word' id='word_1_749' title='bbox 556 5615 700 5684; x_wconf 77' lang='grc' dir='ltr'>μέγα</span> <span class='ocrx_word' id='word_1_750' title='bbox 731 5616 917 5685; x_wconf 70' lang='grc' dir='ltr'>ᾔρετο,</span> <span class='ocrx_word' id='word_1_751' title='bbox 970 5617 1065 5669; x_wconf 73' lang='grc' dir='ltr'>καὶ</span> <span class='ocrx_word' id='word_1_752' title='bbox 1112 5617 1244 5687; x_wconf 83' lang='grc' dir='ltr'>θείῳ</span> <span class='ocrx_word' id='word_1_753' title='bbox 1293 5620 1388 5671; x_wconf 70' lang='grc' dir='ltr'><strong>καὶ</strong></span> <span class='ocrx_word' id='word_1_754' title='bbox 1437 5620 1626 5687; x_wconf 81' lang='grc' dir='ltr'>πίσση,</span> <span class='ocrx_word' id='word_1_755' title='bbox 1660 5620 1760 5673; x_wconf 75' lang='grc' dir='ltr'><strong>καὶ</strong></span> 
     </span>
    </p>
   </div>
   <div class='ocr_carea' id='block_1_106' title="bbox 173 5706 1757 5783">
    <p class='ocr_par' dir='ltr' id='par_1_106' title="bbox 173 5706 1757 5783">
     <span class='ocr_line' id='line_1_106' title="bbox 173 5706 1757 5783; baseline 0.005 -23"><span class='ocrx_word' id='word_1_756' title='bbox 173 5709 507 5777; x_wconf 71' lang='grc' dir='ltr'>κληματίσιν</span> <span class='ocrx_word' id='word_1_757' title='bbox 561 5710 847 5782; x_wconf 70' lang='grc' dir='ltr'>ἐτρέφετο.</span> <span class='ocrx_word' id='word_1_758' title='bbox 897 5706 1028 5763; x_wconf 74' lang='grc' dir='ltr'>Εἶτα</span> <span class='ocrx_word' id='word_1_759' title='bbox 1066 5711 1158 5764; x_wconf 67' lang='grc' dir='ltr'>καὶ</span> <span class='ocrx_word' id='word_1_760' title='bbox 1209 5712 1244 5783; x_wconf 77' lang='grc' dir='ltr'><strong>ἡ</strong></span> <span class='ocrx_word' id='word_1_761' title='bbox 1283 5713 1422 5779; x_wconf 82' lang='grc' dir='ltr'>γυνὴ</span> <span class='ocrx_word' id='word_1_762' title='bbox 1478 5713 1757 5781; x_wconf 76' lang='grc' dir='ltr'>περιεδεσ·</span> 
     </span>
    </p>
   </div>
   <div class='ocr_carea' id='block_1_107' title="bbox 252 5884 1353 5961">
    <p class='ocr_par' dir='ltr' id='par_1_107' title="bbox 252 5884 1353 5961">
     <span class='ocr_line' id='line_1_107' title="bbox 252 5884 1353 5961; baseline 0.007 -24"><span class='ocrx_word' id='word_1_763' title='bbox 252 5888 268 5913; x_wconf 81' lang='grc'><strong>⁸</strong></span> <span class='ocrx_word' id='word_1_764' title='bbox 301 5884 423 5941; x_wconf 76' lang='lat' dir='ltr'><strong>Psal</strong></span> <span class='ocrx_word' id='word_1_765' title='bbox 474 5905 687 5956; x_wconf 62' lang='lat' dir='ltr'><strong>csum,</strong></span> <span class='ocrx_word' id='word_1_766' title='bbox 719 5890 771 5945; x_wconf 91' lang='lat'><strong>8.</strong></span> <span class='ocrx_word' id='word_1_767' title='bbox 849 5892 867 5919; x_wconf 84' lang='grc'><strong><em>⁸</em></strong></span> <span class='ocrx_word' id='word_1_768' title='bbox 899 5888 1039 5943; x_wconf 81' lang='lat' dir='ltr'><strong>Psal.</strong></span> <span class='ocrx_word' id='word_1_769' title='bbox 1082 5906 1227 5961; x_wconf 73' lang='grc' dir='ltr'>λιιιι,</span> <span class='ocrx_word' id='word_1_770' title='bbox 1273 5892 1353 5946; x_wconf 65' lang='lat' dir='ltr'><strong>li.</strong></span> 
     </span>
    </p>
   </div>
   <div class='ocr_carea' id='block_1_108' title="bbox 1857 4681 3442 4754">
    <p class='ocr_par' dir='ltr' id='par_1_108' title="bbox 1857 4681 3442 4754">
     <span class='ocr_line' id='line_1_108' title="bbox 1857 4681 3442 4754; baseline -0.011 -2"><span class='ocrx_word' id='word_1_771' title='bbox 1857 4711 1988 4752; x_wconf 88' lang='lat' dir='ltr'><strong>voce</strong></span> <span class='ocrx_word' id='word_1_772' title='bbox 2016 4695 2241 4749; x_wconf 88' lang='lat' dir='ltr'><strong>dicens:</strong></span> <span class='ocrx_word' id='word_1_773' title='bbox 2276 4690 2391 4746; x_wconf 81' lang='lat' dir='ltr'><strong>Erit</strong></span> <span class='ocrx_word' id='word_1_774' title='bbox 2414 4690 2770 4743; x_wconf 61' lang='lat' dir='ltr'><strong>Hebraeorum</strong></span> <span class='ocrx_word' id='word_1_775' title='bbox 2804 4686 2937 4754; x_wconf 74' lang='lat' dir='ltr'><strong>regi.</strong></span> <span class='ocrx_word' id='word_1_776' title='bbox 2969 4685 3113 4737; x_wconf 90' lang='lat' dir='ltr'><strong>sicut</strong></span> <span class='ocrx_word' id='word_1_777' title='bbox 3146 4681 3442 4736; x_wconf 82' lang='lat' dir='ltr'><strong>Pharaoni.</strong></span> 
     </span>
    </p>
   </div>
   <div class='ocr_carea' id='block_1_109' title="bbox 1853 4774 3438 4849">
    <p class='ocr_par' dir='ltr' id='par_1_109' title="bbox 1853 4774 3438 4849">
     <span class='ocr_line' id='line_1_109' title="bbox 1853 4774 3438 4849; baseline -0.011 -5"><span class='ocrx_word' id='word_1_778' title='bbox 1853 4791 2003 4845; x_wconf 87' lang='lat' dir='ltr'><strong>Illius</strong></span> <span class='ocrx_word' id='word_1_779' title='bbox 2037 4802 2168 4841; x_wconf 72' lang='lat' dir='ltr'><strong>vero</strong></span> <span class='ocrx_word' id='word_1_780' title='bbox 2207 4785 2495 4841; x_wconf 79' lang='lat' dir='ltr'><strong>satellites.</strong></span> <span class='ocrx_word' id='word_1_781' title='bbox 2528 4782 2615 4845; x_wconf 88' lang='lat' dir='ltr'><strong>iis,</strong></span> <span class='ocrx_word' id='word_1_782' title='bbox 2643 4796 2763 4849; x_wconf 66' lang='lat' dir='ltr'><strong>qure</strong></span> <span class='ocrx_word' id='word_1_783' title='bbox 2814 4778 3163 4837; x_wconf 85' lang='lat' dir='ltr'><strong>dicebantur,</strong></span> <span class='ocrx_word' id='word_1_784' title='bbox 3215 4774 3438 4833; x_wconf 84' lang='lat' dir='ltr'><strong>auditis.</strong></span> 
     </span>
    </p>
   </div>
   <div class='ocr_carea' id='block_1_110' title="bbox 1852 4864 3439 4947">
    <p class='ocr_par' dir='ltr' id='par_1_110' title="bbox 1852 4864 3439 4947">
     <span class='ocr_line' id='line_1_110' title="bbox 1852 4864 3439 4947; baseline -0.011 -13"><span class='ocrx_word' id='word_1_785' title='bbox 1852 4879 2301 4947; x_wconf 84' lang='lat' dir='ltr'><strong>comprehensam</strong></span> <span class='ocrx_word' id='word_1_786' title='bbox 2345 4874 2532 4928; x_wconf 88' lang='lat' dir='ltr'><strong>statim</strong></span> <span class='ocrx_word' id='word_1_787' title='bbox 2568 4870 2855 4925; x_wconf 88' lang='lat' dir='ltr'><strong>mulierem</strong></span> <span class='ocrx_word' id='word_1_788' title='bbox 2910 4868 3119 4923; x_wconf 91' lang='lat' dir='ltr'><strong>ducunt</strong></span> <span class='ocrx_word' id='word_1_789' title='bbox 3145 4864 3210 4920; x_wconf 87' lang='lat' dir='ltr'><strong>ad</strong></span> <span class='ocrx_word' id='word_1_790' title='bbox 3261 4865 3439 4934; x_wconf 87' lang='lat' dir='ltr'><strong>ipsum</strong></span> 
     </span>
    </p>
   </div>
   <div class='ocr_carea' id='block_1_111' title="bbox 1856 4961 3444 5041">
    <p class='ocr_par' dir='ltr' id='par_1_111' title="bbox 1856 4961 3444 5041">
     <span class='ocr_line' id='line_1_111' title="bbox 1856 4961 3444 5041; baseline -0.014 -13"><span class='ocrx_word' id='word_1_791' title='bbox 1856 4986 2067 5041; x_wconf 81' lang='lat' dir='ltr'><strong>regem,</strong></span> <span class='ocrx_word' id='word_1_792' title='bbox 2114 4977 2171 5024; x_wconf 86' lang='lat' dir='ltr'><strong>et</strong></span> <span class='ocrx_word' id='word_1_793' title='bbox 2207 4968 2519 5028; x_wconf 86' lang='lat' dir='ltr'><strong>maledicta,</strong></span> <span class='ocrx_word' id='word_1_794' title='bbox 2547 4965 2743 5034; x_wconf 88' lang='lat' dir='ltr'><strong>quibus</strong></span> <span class='ocrx_word' id='word_1_795' title='bbox 2790 4962 2937 5016; x_wconf 91' lang='lat' dir='ltr'><strong>illum</strong></span> <span class='ocrx_word' id='word_1_796' title='bbox 2996 4961 3190 5015; x_wconf 81' lang='lat' dir='ltr'><strong>acerbe</strong></span> <span class='ocrx_word' id='word_1_797' title='bbox 3224 4969 3444 5027; x_wconf 62' lang='lat' dir='ltr'><strong>appete-</strong></span> 
     </span>
    </p>
   </div>
   <div class='ocr_carea' id='block_1_112' title="bbox 1858 5052 3439 5129">
    <p class='ocr_par' dir='ltr' id='par_1_112' title="bbox 1858 5052 3439 5129">
     <span class='ocr_line' id='line_1_112' title="bbox 1858 5052 3439 5129; baseline -0.009 -7"><span class='ocrx_word' id='word_1_798' title='bbox 1858 5066 1970 5129; x_wconf 86' lang='lat' dir='ltr'><strong>bat,</strong></span> <span class='ocrx_word' id='word_1_799' title='bbox 2013 5064 2331 5120; x_wconf 86' lang='lat' dir='ltr'><strong>renuntiant</strong></span> <span class='ocrx_word' id='word_1_800' title='bbox 2356 5077 2481 5114; x_wconf 90' lang='lat' dir='ltr'><strong>cum</strong></span> <span class='ocrx_word' id='word_1_801' title='bbox 2516 5073 2707 5128; x_wconf 76' lang='lat' dir='ltr'><strong>magna</strong></span> <span class='ocrx_word' id='word_1_802' title='bbox 2733 5057 3070 5111; x_wconf 82' lang='lat' dir='ltr'><strong>accessione.</strong></span> <span class='ocrx_word' id='word_1_803' title='bbox 3102 5052 3193 5108; x_wconf 88' lang='lat' dir='ltr'><strong>Ille</strong></span> <span class='ocrx_word' id='word_1_804' title='bbox 3234 5062 3439 5107; x_wconf 83' lang='lat' dir='ltr'><strong>autem.</strong></span> 
     </span>
    </p>
   </div>
   <div class='ocr_carea' id='block_1_113' title="bbox 1858 5151 3442 5219">
    <p class='ocr_par' dir='ltr' id='par_1_113' title="bbox 1858 5151 3442 5219">
     <span class='ocr_line' id='line_1_113' title="bbox 1858 5151 3442 5219; baseline -0.013 -5"><span class='ocrx_word' id='word_1_805' title='bbox 1858 5175 1981 5214; x_wconf 90' lang='lat' dir='ltr'><strong>cum</strong></span> <span class='ocrx_word' id='word_1_806' title='bbox 2010 5173 2109 5211; x_wconf 90' lang='lat' dir='ltr'><strong>nec</strong></span> <span class='ocrx_word' id='word_1_807' title='bbox 2133 5157 2180 5209; x_wconf 92' lang='lat' dir='ltr'><strong>ei</strong></span> <span class='ocrx_word' id='word_1_808' title='bbox 2211 5154 2435 5208; x_wconf 88' lang='lat' dir='ltr'><strong>fecisset</strong></span> <span class='ocrx_word' id='word_1_809' title='bbox 2463 5151 2678 5205; x_wconf 90' lang='lat' dir='ltr'><strong>dicendi</strong></span> <span class='ocrx_word' id='word_1_810' title='bbox 2719 5156 3070 5219; x_wconf 84' lang='lat' dir='ltr'><strong>potestatem.</strong></span> <span class='ocrx_word' id='word_1_811' title='bbox 3107 5157 3163 5201; x_wconf 91' lang='lat' dir='ltr'><strong>et</strong></span> <span class='ocrx_word' id='word_1_812' title='bbox 3199 5161 3297 5197; x_wconf 86' lang='lat' dir='ltr'><strong>nec</strong></span> <span class='ocrx_word' id='word_1_813' title='bbox 3322 5160 3442 5197; x_wconf 85' lang='lat' dir='ltr'><strong>eam</strong></span> 
     </span>
    </p>
   </div>
   <div class='ocr_carea' id='block_1_114' title="bbox 1856 5237 3445 5321">
    <p class='ocr_par' dir='ltr' id='par_1_114' title="bbox 1856 5237 3445 5321">
     <span class='ocr_line' id='line_1_114' title="bbox 1856 5237 3445 5321; baseline -0.012 -18"><span class='ocrx_word' id='word_1_814' title='bbox 1856 5250 2075 5321; x_wconf 88' lang='lat' dir='ltr'><strong>quidem</strong></span> <span class='ocrx_word' id='word_1_815' title='bbox 2108 5248 2515 5317; x_wconf 84' lang='lat' dir='ltr'><strong>interrogasset,</strong></span> <span class='ocrx_word' id='word_1_816' title='bbox 2559 5258 2682 5297; x_wconf 87' lang='lat' dir='ltr'><strong>eam</strong></span> <span class='ocrx_word' id='word_1_817' title='bbox 2706 5240 3057 5302; x_wconf 83' lang='lat' dir='ltr'><strong>condemnat,</strong></span> <span class='ocrx_word' id='word_1_818' title='bbox 3085 5247 3144 5290; x_wconf 93' lang='lat' dir='ltr'><strong>ut</strong></span> <span class='ocrx_word' id='word_1_819' title='bbox 3174 5237 3296 5307; x_wconf 86' lang='lat' dir='ltr'><strong>igne</strong></span> <span class='ocrx_word' id='word_1_820' title='bbox 3330 5250 3445 5286; x_wconf 82' lang='lat' dir='ltr'><strong>mo-</strong></span> 
     </span>
    </p>
   </div>
   <div class='ocr_carea' id='block_1_115' title="bbox 1859 5328 3445 5409">
    <p class='ocr_par' dir='ltr' id='par_1_115' title="bbox 1859 5328 3445 5409">
     <span class='ocr_line' id='line_1_115' title="bbox 1859 5328 3445 5409; baseline -0.011 -12"><span class='ocrx_word' id='word_1_821' title='bbox 1859 5351 2091 5397; x_wconf 88' lang='lat' dir='ltr'><strong>reretur.</strong></span> <span class='ocrx_word' id='word_1_822' title='bbox 2119 5341 2315 5395; x_wconf 81' lang='lat' dir='ltr'><strong>Statim</strong></span> <span class='ocrx_word' id='word_1_823' title='bbox 2345 5355 2471 5409; x_wconf 86' lang='lat' dir='ltr'><strong>ergo</strong></span> <span class='ocrx_word' id='word_1_824' title='bbox 2503 5338 2606 5391; x_wconf 91' lang='lat' dir='ltr'><strong>fuit</strong></span> <span class='ocrx_word' id='word_1_825' title='bbox 2630 5346 2885 5406; x_wconf 88' lang='lat' dir='ltr'><strong>congesta</strong></span> <span class='ocrx_word' id='word_1_826' title='bbox 2922 5330 3171 5394; x_wconf 84' lang='lat' dir='ltr'><strong>materia,</strong></span> <span class='ocrx_word' id='word_1_827' title='bbox 3202 5340 3257 5383; x_wconf 93' lang='lat' dir='ltr'><strong>et</strong></span> <span class='ocrx_word' id='word_1_828' title='bbox 3307 5328 3445 5393; x_wconf 77' lang='lat' dir='ltr'><strong>ignis</strong></span> 
     </span>
    </p>
   </div>
   <div class='ocr_carea' id='block_1_116' title="bbox 1860 5422 3444 5503">
    <p class='ocr_par' dir='ltr' id='par_1_116' title="bbox 1860 5422 3444 5503">
     <span class='ocr_line' id='line_1_116' title="bbox 1860 5422 3444 5503; baseline -0.008 -14"><span class='ocrx_word' id='word_1_829' title='bbox 1860 5437 1907 5489; x_wconf 93' lang='lat' dir='ltr'><strong>ei</strong></span> <span class='ocrx_word' id='word_1_830' title='bbox 1937 5434 2254 5503; x_wconf 82' lang='lat' dir='ltr'><strong>subjectus:</strong></span> <span class='ocrx_word' id='word_1_831' title='bbox 2282 5439 2335 5485; x_wconf 92' lang='lat' dir='ltr'><strong>et</strong></span> <span class='ocrx_word' id='word_1_832' title='bbox 2362 5430 2575 5485; x_wconf 83' lang='lat' dir='ltr'><strong>flamma</strong></span> <span class='ocrx_word' id='word_1_833' title='bbox 2607 5446 2663 5485; x_wconf 86' lang='lat' dir='ltr'><strong>se</strong></span> <span class='ocrx_word' id='word_1_834' title='bbox 2698 5428 2749 5482; x_wconf 94' lang='lat' dir='ltr'><strong>in</strong></span> <span class='ocrx_word' id='word_1_835' title='bbox 2783 5427 2949 5480; x_wconf 87' lang='lat' dir='ltr'><strong>altum</strong></span> <span class='ocrx_word' id='word_1_836' title='bbox 2976 5422 3444 5487; x_wconf 84' lang='lat' dir='ltr'><strong>sustulit,sulfure</strong></span> 
     </span>
    </p>
   </div>
   <div class='ocr_carea' id='block_1_117' title="bbox 1859 5514 3444 5597">
    <p class='ocr_par' dir='ltr' id='par_1_117' title="bbox 1859 5514 3444 5597">
     <span class='ocr_line' id='line_1_117' title="bbox 1859 5514 3444 5597; baseline -0.011 -14"><span class='ocrx_word' id='word_1_837' title='bbox 1859 5539 1913 5583; x_wconf 88' lang='lat' dir='ltr'><strong>et</strong></span> <span class='ocrx_word' id='word_1_838' title='bbox 1943 5528 2060 5597; x_wconf 90' lang='lat' dir='ltr'><strong>pice</strong></span> <span class='ocrx_word' id='word_1_839' title='bbox 2085 5538 2140 5581; x_wconf 90' lang='lat' dir='ltr'><strong>et</strong></span> <span class='ocrx_word' id='word_1_840' title='bbox 2170 5525 2466 5580; x_wconf 86' lang='lat' dir='ltr'><strong>sarmentis</strong></span> <span class='ocrx_word' id='word_1_841' title='bbox 2497 5526 2725 5579; x_wconf 88' lang='lat' dir='ltr'><strong>nutrita.</strong></span> <span class='ocrx_word' id='word_1_842' title='bbox 2758 5518 2964 5575; x_wconf 89' lang='lat' dir='ltr'><strong>Deinde</strong></span> <span class='ocrx_word' id='word_1_843' title='bbox 3001 5520 3106 5573; x_wconf 87' lang='lat' dir='ltr'><strong>fuit</strong></span> <span class='ocrx_word' id='word_1_844' title='bbox 3127 5516 3292 5572; x_wconf 86' lang='lat' dir='ltr'><strong>etiam</strong></span> <span class='ocrx_word' id='word_1_845' title='bbox 3322 5514 3444 5568; x_wconf 84' lang='lat' dir='ltr'><strong>alli-</strong></span> 
     </span>
    </p>
   </div>
   <div class='ocr_carea' id='block_1_118' title="bbox 1859 5608 3439 5693">
    <p class='ocr_par' dir='ltr' id='par_1_118' title="bbox 1859 5608 3439 5693">
     <span class='ocr_line' id='line_1_118' title="bbox 1859 5608 3439 5693; baseline -0.008 -18"><span class='ocrx_word' id='word_1_846' title='bbox 1859 5632 1981 5693; x_wconf 84' lang='lat' dir='ltr'><strong>gata</strong></span> <span class='ocrx_word' id='word_1_847' title='bbox 2011 5620 2229 5683; x_wconf 90' lang='lat' dir='ltr'><strong>mulier,</strong></span> <span class='ocrx_word' id='word_1_848' title='bbox 2260 5627 2313 5674; x_wconf 88' lang='lat' dir='ltr'><strong>et</strong></span> <span class='ocrx_word' id='word_1_849' title='bbox 2346 5634 2465 5674; x_wconf 87' lang='lat' dir='ltr'><strong>eam</strong></span> <span class='ocrx_word' id='word_1_850' title='bbox 2496 5617 2747 5671; x_wconf 84' lang='lat' dir='ltr'><strong>lictorum</strong></span> <span class='ocrx_word' id='word_1_851' title='bbox 2780 5628 2972 5668; x_wconf 87' lang='lat' dir='ltr'><strong>manus</strong></span> <span class='ocrx_word' id='word_1_852' title='bbox 2998 5608 3439 5683; x_wconf 78' lang='lat' dir='ltr'><strong>complecteban-</strong></span> 
     </span>
    </p>
   </div>
   <div class='ocr_carea' id='block_1_119' title="bbox 1862 5700 3440 5777">
    <p class='ocr_par' dir='ltr' id='par_1_119' title="bbox 1862 5700 3440 5777">
     <span class='ocr_line' id='line_1_119' title="bbox 1862 5700 3440 5777; baseline -0.009 -10"><span class='ocrx_word' id='word_1_853' title='bbox 1862 5725 1968 5777; x_wconf 90' lang='lat' dir='ltr'><strong>tur,</strong></span> <span class='ocrx_word' id='word_1_854' title='bbox 2003 5719 2059 5765; x_wconf 91' lang='lat' dir='ltr'><strong>ut</strong></span> <span class='ocrx_word' id='word_1_855' title='bbox 2104 5726 2229 5765; x_wconf 92' lang='lat' dir='ltr'><strong>cum</strong></span> <span class='ocrx_word' id='word_1_856' title='bbox 2278 5710 2471 5766; x_wconf 86' lang='lat' dir='ltr'><strong>fuisset</strong></span> <span class='ocrx_word' id='word_1_857' title='bbox 2501 5707 2582 5763; x_wconf 86' lang='lat' dir='ltr'><strong>eis</strong></span> <span class='ocrx_word' id='word_1_858' title='bbox 2626 5721 2764 5764; x_wconf 92' lang='lat' dir='ltr'><strong>onus</strong></span> <span class='ocrx_word' id='word_1_859' title='bbox 2796 5710 3013 5775; x_wconf 84' lang='lat' dir='ltr'><strong>portatu</strong></span> <span class='ocrx_word' id='word_1_860' title='bbox 3064 5703 3245 5768; x_wconf 82' lang='lat' dir='ltr'><strong>facile,</strong></span> <span class='ocrx_word' id='word_1_861' title='bbox 3277 5700 3354 5755; x_wconf 92' lang='lat' dir='ltr'><strong>sic</strong></span> <span class='ocrx_word' id='word_1_862' title='bbox 3386 5700 3440 5753; x_wconf 89' lang='lat' dir='ltr'><strong>in</strong></span> 
     </span>
    </p>
   </div>
   <div class='ocr_carea' id='block_1_120' title="bbox 1435 5891 1942 5956">
    <p class='ocr_par' dir='ltr' id='par_1_120' title="bbox 1435 5891 1942 5956">
     <span class='ocr_line' id='line_1_120' title="bbox 1435 5891 1942 5956; baseline 0.008 -11"><span class='ocrx_word' id='word_1_863' title='bbox 1435 5894 1453 5919; x_wconf 77' lang='lat'><strong><em>“</em></strong></span> <span class='ocrx_word' id='word_1_864' title='bbox 1488 5891 1629 5946; x_wconf 77' lang='lat' dir='ltr'><strong>Psal.</strong></span> <span class='ocrx_word' id='word_1_865' title='bbox 1669 5909 1851 5956; x_wconf 64' lang='lat' dir='ltr'><strong>tum,</strong></span> <span class='ocrx_word' id='word_1_866' title='bbox 1894 5894 1942 5949; x_wconf 77' lang='lat'><strong>3.</strong></span> 
     </span>
    </p>
   </div>
  </div>
