4142 6480
202 438 305 505 127

1364 438 1466 497 MA
1479 439 1675 498 RTYR
1690 438 1830 498 [ΠΜ
1870 440 1929 499 S.
1976 441 2328 506 ᾹΠΕῚἩΕ.

3332 445 3463 509 12ῖὸ

200 548 570 620 σςοδρότερον
600 549 741 604 κατὰ
796 546 891 602 τοῦ
924 547 1100 619 μηροῦ
1134 547 1318 601 δάκνει
1363 546 1457 598 τὸν
1519 545 1767 614 βασιλέα.

1880 550 2160 605 mordetin
2190 552 2418 608 femore.
2454 554 2548 610 Ille
2580 563 2785 621 autem,
2811 554 2975 610 simul
3010 564 3171 625 atque
3199 554 3467 609 sensisset

209 643 272 696 Ὀ
311 643 366 695 δὲ
410 642 507 695 τοῦ
557 642 838 711 δήγματος
896 641 1012 711 ἅμα
1073 638 1416 709 αἰσθόμενος,
1455 638 1549 692 καὶ
1579 639 1775 692 διατα-

198 734 426 808 ραχθεὶς
455 735 619 789 αύτδν
661 736 989 799 ἀπωθεῖται,
1038 735 1131 787 καὶ
1183 733 1293 785 τῶν
1334 735 1429 802 τῆς
1468 734 1776 802 συγκλήτου

197 832 311 882 τινί
372 829 763 899 παραδίδωσιν,
820 829 907 896 ἐφ’
941 822 985 894 ᾧ
1030 826 1231 897 μᾶλλον
1294 826 1608 889 Ἰουδαϊκῶς
1643 826 1776 897 παρ’

199 924 397 991 ἐγείνῳ
441 922 675 990 τραφείη
712 923 803 973 καί
835 920 922 973 τὸν
964 920 1392 989 Χριστιανισμὸν
1432 918 1774 991 ἐξομόσαιτο.

197 1014 308 1064 Καὶ
342 1013 370 1064 0
403 1013 501 1082 μὲν
531 1013 711 1065 λαϐὼν
738 1012 827 1064 τὸν
887 1011 1049 1063 παῖδα
1108 1011 1298 1082 ἀπῄει,
1347 1011 1414 1063 τὰ
1462 1010 1775 1079 πραχθέντα

198 1106 530 1175 ποιούμενος
579 1106 667 1159 διὰ
721 1104 1024 1173 θαύματος,
1066 1108 1177 1165 τοῖς
1233 1104 1413 1166 ἄλλοις
1450 1122 1511 1155 τε
1569 1104 1773 1172 μεταξὺ

195 1196 561 1265 διηγούμενος
597 1233 613 1249 .
673 1195 760 1247 Ἑν
814 1194 991 1263 τούτῳ
1040 1194 1097 1247 δὲ
1152 1193 1213 1246 τὸ
1241 1195 1453 1247 παιδέον
1492 1192 1771 1259 διαλαοὸν,

196 1288 385 1358 δρόμῳ
413 1288 593 1357 πολλῷ
642 1288 777 1359 πρὸς
817 1287 916 1357 τὴν
968 1288 1181 1355 μητέρα
1231 1287 1449 1356 ἐχώρει,
1504 1286 1773 1339 καὶκατὰ

212 1380 405 1449 μέσης,
433 1380 581 1440 ὅπως
608 1373 743 1447 εἶχε,
771 1378 867 1448 τὴν
900 1378 1131 1448 κάμινον
1153 1378 1405 1448 είσπηδᾷ,
1433 1379 1533 1449 τὴν
1563 1380 1776 1449 μητέρα

197 1492 259 1527 τε
296 1473 373 1536 ὡς
413 1472 562 1543 αύτῷ
595 1472 770 1525 ἐδόκει
818 1471 1134 1543 περιλαϐὸν,
1158 1518 1165 1524 .
1188 1473 1283 1524 καὶ
1318 1472 1605 1525 κάλλιστον
1636 1472 1773 1543 αὐτῇ

197 1567 455 1634 ἐντάφιον
479 1565 671 1617 ἑαυτὸν
698 1564 956 1630 δεδωκὸς,
985 1565 1078 1617 τὸν
1110 1565 1210 1632 τῆς
1260 1565 1570 1634 μαρτυρίας
1606 1564 1775 1633 ἄμφω

197 1657 604 1727 κληρονομοῦσι
636 1657 923 1725 στέφανον.
984 1655 1204 1709 Τούτων
1232 1655 1377 1709 οὕτω
1411 1658 1772 1724 τελουμένων,

194 1749 345 1801 ἔλεον
390 1748 651 1810 λαϐόντες
686 1750 793 1801 τῶν
839 1747 1013 1802 ταῦτα
1055 1751 1377 1818 πασχόντων
1430 1748 1773 1817 Χριστιανῶν

193 1840 245 1892 οί
282 1839 412 1909 περὶ
440 1840 531 1893 τὸν
582 1838 828 1909 βασιλέα,
860 1841 955 1892 καὶ
989 1840 1104 1892 ὅσοι
1152 1842 1253 1910 τῆς
1290 1841 1623 1909 συγκλήτου,
1661 1840 1774 1892 ίκέ-

190 1947 351 1984 τευον
380 1931 542 1983 αὑτὸν
575 1932 807 1993 ἀνεῖναι,
842 1930 936 1983 καὶ
1004 1931 1078 2002 μὴ
1108 1932 1278 2003 ἄρδην
1309 1931 1585 1984 ἀπολέσαι
1617 1931 1770 1984 πόλιν
1806 1920 1847 1975 Β

191 2022 342 2076 οὕτω
374 2024 619 2093 μεγάλην
652 2023 748 2075 καὶ
783 2023 1238 2093 πολυάνθρωπον,
1300 2023 1395 2075 καὶ
1448 2023 1587 2075 πολὺ
1633 2020 1773 2089 πλῆ-

193 2116 287 2180 οος
319 2118 578 2171 ἐπετείων
603 2116 784 2187 φόρων
815 2116 1182 2186 παρέχουσαν.
1208 2116 1364 2167 Ἐπεὶ
1391 2111 1485 2167 οὖν
1514 2115 1570 2167 ἐν
1597 2113 1772 2183 τούτῳ

193 2210 511 2275 κατένευεν,
544 2211 576 2276 ἡ
614 2209 832 2279 σκληρὰ
879 2210 1061 2279 ἐκείνη
1098 2211 1195 2262 καὶ
1242 2210 1582 2278 Φαραιιινῖτις
1619 2208 1770 2277 ψυχὴ

190 2299 507 2371 δύολπαθῶν
531 2300 588 2351 ἐν
614 2299 761 2369 αύτῷ
791 2298 1203 2369 διερισαμένων,
1254 2299 1347 2351 καὶ
1379 2298 1644 2366 ὠμότητα
1682 2314 1773 2363 φι-

190 2391 567 2464 λογρηματίας
600 2392 993 2462 ἐκνικησάσης,
1027 2388 1077 2442 τί
1111 2391 1292 2456 ποιεῖς
1330 2390 1553 2459 Ταύτης
1582 2406 1643 2441 τε
1674 2389 1774 2457 τῆς

191 2487 405 2547 πόλεως
436 2484 530 2536 καὶ
565 2484 745 2555 πάσης
773 2483 874 2550 τῆς
909 2480 1090 2551 χώρας
1136 2481 1197 2534 τὸ
1256 2481 1470 2545 νεάζον,
1515 2482 1683 2553 ἄρρεν
1714 2497 1773 2534 τε

200 2577 299 2629 καὶ
330 2574 486 2644 θῆλυ,
537 2573 1137 2645 ἐξανδραποδισάμενος
1162 2572 1243 2635 είς
1270 2571 1473 2633 πολλὰς
1503 2570 1773 2641 άριομού-

197 2686 363 2747 μενον
397 2670 687 2739 μυριάδας,
722 2668 817 2721 καὶ
874 2666 967 2729 οὒς
1002 2666 1102 2735 μὲν
1137 2664 1300 2728 αὐτὸς
1331 2664 1644 2734 κατασχὼν,
1680 2664 1775 2727 οὓς

192 2761 250 2812 δὲ
284 2762 378 2813 καὶ
418 2761 685 2823 διαδιδοὺς
722 2763 801 2823 εἰς
835 2759 1080 2812 δουλείαν
1113 2752 1195 2822 οἷς
1226 2758 1336 2827 ἄρα
1366 2757 1639 2823 ἐϐούλετο,
1669 2758 1770 2812 αὒ-

193 2851 547 2920 θιςέπανῆκε
582 2851 715 2920 πρὸς
748 2851 816 2902 τὰ
842 2850 1113 2919 βασίλεια,
1174 2850 1583 2920 δουλωσάμενος
1617 2851 1772 2904 πόλιν

193 2946 489 3017 ἐλευθέραν
557 2944 653 2998 καὶ
704 2945 843 3015 μόνῃ
886 2945 953 3013 τῇ
1008 2943 1199 3011 Τριάδι
1254 2945 1645 3011 ἀνακειμένην,
1698 2946 1766 3013 ἣν

191 3040 357 3101 αύτδς
396 3038 629 3109 Χριστὸς
692 3036 767 3106 τῷ
797 3036 909 3105 ἰδίῳ
971 3034 1345 3106 ἐξηγοράσατο
1390 3036 1606 3103 αἵματι,
1651 3036 1774 3104 ἥτις

1881 659 2120 698 morsum
2175 656 2230 700 et
2268 647 2458 701 fuisset
2503 650 2885 712 conturbatus,
2932 664 3057 702 eum
3116 656 3341 717 repente
3370 646 3465 699 ab-

1874 732 2012 801 jicit,
2042 742 2097 787 et
2151 750 2274 788 eum
2352 737 2517 790 tradit
2555 737 2770 791 cuidam
2818 755 2882 792 ex
2931 746 3147 797 senatu,
3179 746 3239 790 ut
3268 737 3336 790 ab
3372 736 3465 789 illo

1877 826 2113 879 aleretur
2144 829 2373 882 maxime
2402 828 2646 889 Judaice.
2694 843 2748 883 et
2788 832 3061 898 abiuraret
3122 830 3449 885 Christiani-

1879 932 2077 971 smmu.
2117 919 2183 972 Et
2242 919 2331 974 ille
2361 922 2581 989 quidem
2643 923 2843 985 abibat,
2891 932 3110 990 accepto
3140 937 3328 987 puero,
3366 920 3466 972 ad-

1878 1012 2084 1064 mirans
2119 1028 2204 1073 ea,
2238 1029 2358 1081 qua:
2397 1013 2536 1068 facta
2571 1014 2806 1071 fuerant.
2840 1024 2894 1068 et
2942 1013 3101 1066 simul
3136 1013 3297 1065 etiam
3334 1027 3459 1062 uar-

1878 1118 2008 1156 rans
2044 1102 2185 1158 aliis.
2220 1103 2441 1157 Interim
2473 1115 2651 1157 autem
2690 1120 2845 1173 puer,
2875 1120 2940 1157 eo
2972 1104 3257 1163 insciente,
3292 1116 3461 1153 cursu

1876 1197 2160 1249 contendit
2191 1196 2256 1247 ad
2292 1206 2541 1259 matrem,
2583 1206 2637 1250 et
2674 1197 2843 1250 insilit
2897 1196 2951 1249 in
3016 1196 3250 1247 mediam
3285 1194 3464 1246 forna-

1876 1304 2015 1349 cem,
2074 1300 2429 1357 matremque.
2494 1299 2551 1343 ut
2606 1290 2653 1344 ei
2689 1289 2995 1347 videbatur,
3031 1288 3369 1355 complexus,
3409 1296 3464 1340 et

1878 1382 2310 1451 pulcherrimum
2344 1382 2561 1435 bustum
2617 1383 2853 1449 seipsum
2896 1380 2941 1434 ei
2976 1378 3214 1437 tradens,
3250 1377 3305 1429 fit
3340 1393 3462 1429 cum

1878 1473 1991 1543 ipsa
2035 1473 2208 1528 hmres
2248 1489 2462 1527 coronae
2497 1473 2759 1542 martyrii.
2806 1472 2939 1525 Cum
2976 1473 3089 1525 haec
3122 1471 3199 1523 sie
3233 1470 3451 1532 fierent,

1877 1565 2201 1633 patientium
2237 1564 2670 1617 Christianorum
2700 1564 2827 1617 moti
2864 1563 3233 1617 misericordia
3288 1562 3320 1613 ii
3361 1562 3454 1628 qui

1877 1665 2033 1711 erant
2099 1658 2243 1710 circa
2307 1673 2487 1726 regem
2551 1666 2604 1711 et
2661 1658 2775 1725 ipse
2826 1666 3073 1716 senatus,
3107 1638 3367 1721 rogabant
3403 1660 3461 1705 ut

1876 1759 2103 1805 cznteros
2163 1749 2453 1811 relaxaret,
2515 1758 2569 1803 et
2628 1764 2735 1801 non
2794 1750 3014 1817 penitus
3065 1748 3455 1815 pcrderellam

1878 1856 2125 1909 magnam
2160 1841 2455 1903 civitatem,
2487 1850 2541 1895 et
2600 1840 2799 1909 populo
2859 1850 2964 1893 tam
3004 1839 3343 1908 frequentem
3406 1848 3462 1893 et

1874 1949 1995 2003 quae
2049 1934 2344 2002 quotannis
2406 1949 2599 2003 magna
2648 1932 2923 2001 pendebat
2954 1932 3253 2001 vectigalia.
3302 1929 3467 1983 Post-

1873 2041 2033 2094 quam
2092 2036 2270 2079 autem
2305 2026 2404 2079 hac
2447 2026 2499 2078 in
2554 2041 2609 2079 re
2667 2026 2858 2078 annuit
2887 2026 3020 2077 dura
3056 2026 3141 2076 illa
3182 2024 3355 2076 anima
3409 2026 3465 2075 ei

1876 2115 2256 2170 Pbaraoniliea
2309 2114 2794 2184 crudelitatemque
2874 2116 3005 2168 vicit
3058 2113 3301 2173 aiaritia,
3334 2112 3464 2179 quid

1872 2210 2036 2267 facit?
2065 2211 2198 2266 Cum
2234 2212 2396 2279 hujus
2442 2211 2680 2264 civitatis
2726 2223 2779 2265 et
2812 2211 2975 2264 totius
3018 2208 3258 2277 regionis
3312 2208 3463 2276 juve-

1872 2317 1995 2364 nes,
2032 2309 2135 2354 tam
2190 2300 2457 2356 masculos
2503 2317 2663 2370 quam
2722 2300 2973 2362 feminas,
3044 2298 3341 2367 redegisset
3409 2294 3461 2348 iu

1878 2396 2220 2457 servitutem,
2272 2410 2505 2463 quorum
2575 2402 2732 2448 erant
2772 2393 2937 2446 multa
3001 2390 3188 2445 millia.
3238 2398 3290 2442 et
3333 2388 3467 2443 alios

1871 2484 2090 2556 quidem
2151 2485 2266 2554 ipse
2321 2486 2655 2548 retinuisset,
2704 2486 2840 2539 alios
2886 2494 3069 2538 autem
3143 2482 3460 2535 tradidisset

1872 2581 2070 2651 quibus
2101 2581 2289 2640 voluit,
2332 2596 2583 2634 reversus
2617 2589 2701 2633 est
2751 2580 2802 2631 in
2833 2579 3054 2647 regiam,
3113 2576 3288 2628 libera
3322 2574 3455 2627 civi-

1874 2681 1983 2727 tate
2008 2673 2200 2727 eﬂ'ecta
2238 2689 2416 2735 serva,
2459 2689 2577 2742 quae
2615 2674 2864 2726 dedicata
2888 2680 3005 2725 erat
3042 2669 3138 2723 soli
3177 2666 3465 2728 Trinitati,

1881 2781 2041 2834 quam
2075 2766 2188 2834 ipse
2246 2766 2496 2819 Christus
2555 2763 2785 2818 redemit
2820 2764 3039 2833 proprio
3086 2760 3373 2828 sanguine,
3409 2768 3464 2811 et

1876 2874 1998 2927 qua:
2057 2856 2107 2911 ei
2162 2857 2355 2910 obtulit
2413 2863 2619 2909 tantum
2672 2868 2963 2925 martyrum
3015 2853 3461 2914 multitudinem,

1882 2965 2068 3003 eorum
2100 2948 2355 3003 victorias
2386 2957 2443 3003 et
2488 2950 2790 3002 certamina
2850 2947 3107 3017 praeclare
3155 2946 3461 3017 praedicans

1886 3042 2003 3093 orbi
2042 3049 2217 3096 terr-.e.

189 3133 464 3203 τοσαύτην
496 3130 645 3202 αύτῷ
688 3130 986 3203 μαρτύρων
1012 3128 1238 3201 χορείαν
1280 3130 1627 3200 προσήγαγε,
1654 3131 1784 3193 τοὺς
1842 3131 2059 3198 ἀγῶνας
2089 3134 2270 3187 αὐτῶν
2302 3137 2392 3188 καὶ
2452 3133 2553 3197 τὰς
2616 3133 2776 3195 νίκας
2839 3133 3109 3205 λαμπρῶς
3162 3135 3225 3203 τῇ
3282 3132 3463 3183 οἰκου-

194 3226 334 3296 μένῃ
371 3223 791 3295 ἁνακηρύξασα.

268 3322 396 3374 κε’.
428 3319 536 3373 Καὶ
568 3320 740 3371 ταῦτα
776 3320 874 3385 μὲν
904 3318 968 3386 δὴ
1003 3320 1229 3371 τοιαῦτα
1277 3319 1371 3369 καὶ
1427 3317 1599 3380 οὕτως
1629 3318 1775 3386 ἕχον-

1958 3313 2125 3369 ΧΧν.
2162 3315 2226 3369 Et
2285 3315 2401 3369 base
2457 3312 2676 3382 quidem
2713 3314 2784 3367 ita
2821 3328 2878 3365 se
2931 3312 3225 3366 habebant.
3264 3315 3467 3371 Rever-

191 3430 281 3468 τα.
327 3411 841 3480 ’Υποστρέφοντιδὲ
897 3409 974 3480 τῷ
1024 3411 1265 3480 Ἑϐραίῳ
1313 3409 1424 3478 πῦρ
1460 3409 1545 3477 ἐφ’
1588 3410 1776 3472 ἱκανὰς

192 3505 412 3576 ἡμέρας
451 3506 664 3575 ἑωρᾶτο
696 3504 763 3556 δι’
797 3505 920 3573 ὅλης
952 3503 1143 3567 νυκτὸς
1176 3503 1266 3555 τὸν
1296 3503 1492 3572 αἰθέρα
1514 3500 1777 3578 πληροῦν,

191 3600 289 3653 καὶ
328 3598 492 3651 αὐτόν
516 3616 573 3650 τε
606 3599 852 3650 Δουναὰν
877 3596 972 3649 καὶ
1020 3594 1119 3663 τὴν
1155 3594 1320 3646 αὐτοῦ
1378 3594 1639 3665 στρατιὰν
1663 3596 1779 3659 ἑξε-

190 3691 473 3758 δειμάτου,
513 3691 609 3741 καὶ
642 3688 741 3758 τὴν
771 3689 942 3756 ὀργὴν
976 3687 1119 3737 κατᾶ
1151 3687 1257 3737 τῶν
1295 3686 1509 3736 ἀσεϐῶν
1536 3688 1777 3753 ἐτεκμη-

193 3780 398 3850 ριοῦτο.
458 3776 593 3831 Εἶτα
621 3780 714 3829 καὶ
749 3776 859 3844 πῦρ
912 3775 1207 3845 ἇνωϐεν,ὴ
1269 3775 1488 3845 ἐντελὴς
1543 3773 1764 3843 μάστιξ,

192 3874 288 3925 ἐπὶ
313 3873 410 3941 τὴν
440 3873 561 3940 γῆν,
596 3871 741 3923 ῦετο.
785 3868 925 3922 Ἀλλ’
970 3868 1089 3920 οὐδὲ
1140 3868 1313 3938 βραχὺ
1354 3868 1619 3928 συνιέναι,
1656 3868 1775 3918 οὐδὲ

197 3964 639 4035 σωφρονίζεσθαι
669 3959 816 4033 εἶχεν
843 3962 871 4013 0
901 3960 1203 4026 ἁλιτήριος,
1245 3960 1353 4012 οὐδ’
1388 3958 1491 4011 ὖπδ
1520 3962 1619 4029 τὴν
1650 3974 1779 4027 κΡ²’

196 4058 361 4110 ταιὰν
394 4057 490 4109 τοῦ
532 4056 671 4108 Θεοῦ
710 4056 871 4125 χεῖρα
908 4051 1311 4105 καλύπτεσθαι.
1356 4053 1449 4115 Εἰς
1477 4052 1637 4106 τοῦτο
1669 4051 1778 4121 γὰρ

197 4150 405 4219 μανίας
441 4147 646 4217 ἐξήχθη
682 4146 821 4198 κατὰ
850 4143 1214 4215 Χριστιανῶν,
1248 4143 1334 4205 ὡς
1352 4145 1446 4195 καὶ
1478 4142 1777 4211 πρεσϐείαν

194 4240 485 4311 ἐκπέμψαι
516 4239 595 4308 τῷ
650 4239 758 4290 τῶν
803 4238 1031 4305 Περσῶν
1067 4235 1295 4303 βασιλεῖ,
1330 4236 1497 4300 ἀξιῶν
1532 4237 1627 4285 καὶ
1681 4234 1779 4286 αύ-

149 4378 158 4386 .
193 4338 291 4388 τὸν
323 4336 394 4386 τὰ
441 4334 603 4402 ὅμοια
653 4331 875 4399 δρᾶσαι,
928 4326 1022 4379 καί
1053 4328 1262 4388 πάντας
1292 4327 1417 4389 τοὺς
1450 4324 1776 4394 εὑρισκομέ-

196 4444 319 4491 νους
365 4425 459 4481 ὐπ’
490 4424 683 4491 ἐκείνῳ
718 4420 1082 4487 Χριστιανοὺς
1114 4418 1281 4490 ἄρδην
1312 4417 1600 4482 ἀπολέσαι,
1629 4416 1683 4469 εί
1708 4432 1771 4484 γε

192 4523 289 4575 τον
321 4520 474 4589 ἥλιον
514 4518 745 4587 εὐμενῆ,
777 4514 929 4581 φησὶ,
963 4511 1207 4580 βούλοιτο
1235 4512 1381 4580 ἔχειν
1428 4511 1525 4563 καὶ
1560 4510 1650 4563 τὸν
1680 4511 1778 4562 αύ-

192 4612 291 4665 τοῦ
322 4611 563 4680 πατέρα,
594 4610 668 4669 ιὶις
687 4608 893 4667 ἐκεῖνος
911 4604 1251 4673 άπεφλυάρει
1275 4603 1365 4655 τὸν
1386 4601 1493 4653 τῶν
1508 4600 1776 4670 Ἐϐραίων

1882 3416 2029 3459 tenlc
2056 3416 2239 3460 autem
2275 3407 2519 3468 Hebraeo,
2561 3405 2811 3474 apparuit
2838 3405 2978 3473 ignis
3016 3404 3462 3476 aliquotdiebus,

1884 3507 1993 3551 tota
2031 3507 2193 3550 nocte
2247 3498 2477 3565 implcus
2504 3512 2710 3557 acrem,
2754 3496 2844 3563 qui
2892 3496 3068 3563 ipsum
3136 3496 3356 3551 Dunaau
3415 3512 3468 3555 et

1882 3592 2003 3660 ejus
2032 3589 2263 3644 terrebat
2302 3589 2622 3650 exercitum,
2656 3596 2708 3641 et
2748 3588 3145 3653 conjiciendam
3179 3592 3461 3657 praebebat

1882 3683 1974 3736 Dei
2031 3684 2164 3736 iram
2223 3684 2483 3736 adversus
2525 3683 2743 3750 impios.
2807 3679 3009 3733 Deinde
3060 3682 3199 3749 ignis
3236 3698 3459 3752 quoque

1882 3774 2135 3842 desuper,
2174 3773 2265 3842 qui
2293 3783 2409 3826 erat
2439 3769 2675 3839 perfecta
2722 3770 2895 3840 plaga,
2938 3770 3072 3838 pluit
3126 3772 3175 3824 in
3237 3784 3459 3827 terram.

1884 3864 1989 3918 Sed
2027 3882 2093 3918 ne
2119 3864 2195 3919 sie
2221 3865 2437 3932 quidem
2467 3866 2643 3930 potuit
2666 3862 2859 3928 corrigi
2902 3861 3226 3924 sceleratus,
3283 3881 3459 3933 neque

1881 3956 2020 4010 flecti
2069 3955 2172 4012 sub
2230 3955 2435 4023 potenti
2485 3969 2648 4006 manu
2692 3955 2807 4007 Dei.
2842 3953 3017 4008 Tanto
3052 3964 3235 4007 autem
3270 3955 3459 4009 furore

1882 4058 2000 4105 erat
2034 4064 2298 4103 accensus
2355 4048 2621 4102 adversus
2675 4046 3036 4112 Christianos,
3079 4056 3138 4101 ut
3193 4048 3358 4102 etiam
3399 4050 3467 4103 ad

1885 4159 2063 4210 regem
2100 4141 2384 4196 Persarum
2455 4141 2662 4193 miserit
2708 4140 3055 4208 legationem,
3105 4149 3160 4194 et
3198 4141 3468 4211 rogaverit

1883 4244 1940 4289 ut
1970 4236 2082 4303 ipse
2110 4250 2328 4303 quoque
2387 4232 2589 4285 faceret
2640 4231 2857 4292 similia,
2899 4243 2951 4285 et
3010 4248 3225 4295 omnes,
3276 4232 3368 4300 qui
3406 4232 3461 4285 in

1882 4343 1977 4382 sua
2034 4327 2243 4381 ditione
2318 4324 2762 4389 inveniebantur,
2818 4322 3162 4377 Christianos
3210 4324 3468 4392 perderet

1881 4419 2126 4474 funditus
2166 4435 2179 4472 :
2214 4417 2258 4471 si
2296 4415 2480 4480 vellet,
2512 4416 2785 4485 inquiens,
2832 4416 3001 4469 solem
3048 4415 3249 4469 habere
3277 4418 3461 4483 prepi-

1885 4512 2037 4573 tium,
2083 4522 2138 4564 et
2184 4510 2301 4578 ejus
2352 4521 2578 4578 patrem,
2641 4511 2782 4562 sicut
2820 4507 2908 4561 ille
2968 4511 3276 4577 nugabatur
3344 4522 3467 4562 esse

1886 4604 2054 4656 Deum
2087 4601 2458 4655 Hebraeorum.
2519 4599 2753 4667 Scripsit
2807 4600 2975 4653 etiam
3020 4600 3087 4653 ad
3123 4598 3459 4653 Alamunda-

194 4706 353 4757 Θεόν.
384 4668 630 4756 ΤαΙαύτΞι
656 4668 713 4753 δὲ
744 4699 919 4753 ταῦτα
950 4668 1046 4750 καί
1085 4668 1508 4766 ’Λλαμουνδάρῳ
1540 4668 1621 4763 τῷ.
1687 4694 1775 4757 ἐξ·

1884 4711 2002 4749 rum
2034 4694 2227 4748 ducem
2279 4693 2728 4755 Sarracenorum,
2781 4692 3063 4761 quierant
3109 4693 3214 4745 sub
3261 4692 3464 4754 Persis,

191 4797 487 4867 ηγουμένῳ
514 4794 622 4846 τῶν
675 4791 780 4845 ὑπὸ
827 4792 1060 4862 Πέρσαις
1095 4788 1426 4858 Σαρακηνῶν
1470 4786 1778 4838 ἐπέστειλεν

196 4884 633 4954 ὑπισχνούμενος
675 4883 772 4935 καὶ
822 4884 1082 4951 χρήματα
1127 4882 1339 4945 δώσειν,
1383 4882 1432 4933 εί
1490 4882 1635 4934 κατὰ
1668 4881 1777 4932 τῶν

198 4981 305 5033 ὑπὸ
362 4981 517 5049 χεῖρα
576 4978 921 5048 Χριστιανῶν
976 4977 1216 5044 διωγμὶν
1267 4976 1504 5045 κινήσοι.
1575 4975 1715 5027 Ἀλλ’
1750 4978 1777 5025 ὁ

201 5074 302 5141 μὲν
334 5071 479 5122 οὕτω
511 5072 861 5141 Χριστιανοῖς
888 5068 1196 5138 ἀπήχθετο,
1230 5071 1323 5120 καί
1357 5067 1533 5129 οὕτως
1579 5067 1774 5130 ἐποίει,

199 5168 233 5233 η
263 5164 386 5233 δίκη
411 5163 467 5215 δὲ
502 5166 615 5224 τοῖς
656 5161 1056 5231 πραττομένοις
1090 5163 1191 5213 οὐκ
1226 5160 1594 5230 ὲφησύχαζεν.
1639 5160 1774 5212 Ἰου-

203 5257 383 5317 στῖνος
428 5256 536 5325 γὰρ
588 5258 615 5307 0
677 5254 965 5321 Ῥωμαίων
1006 5253 1240 5322 εὐσεϐὴς
1302 5253 1582 5322 βασιλεὺς,
1638 5252 1778 5305 οὕτω

200 5349 361 5412 δόξαν
394 5347 562 5411 αὐτῷ,
590 5348 873 5418 εἰρηνικὰς
902 5346 1328 5417 ’Λλαμουνδάρῳ
1354 5346 1585 5409 σπονδὰς
1642 5345 1777 5412 πρὸς

196 5442 326 5503 τοὺς
363 5442 667 5509 ὑποφόρους
714 5438 1001 5507 Ῥωμαίων
1043 5440 1391 5509 Σαρακηνοῦς
1414 5437 1603 5490 Θέσοαι
1634 5454 1777 5507 παρ⁴

198 5534 320 5606 ῄνει
351 5548 363 5561 ·
398 5537 491 5586 καὶ
518 5534 545 5586 0
572 5531 745 5585 ταῦτα
777 5529 1095 5601 πρεσϐεύων
1137 5529 1459 5601 ⁹Δϐράμιος,
1488 5531 1629 5600 ἀνὴρ
1659 5530 1775 5581 0:0-

199 5628 362 5697 φιλὴς
418 5626 509 5679 καὶ
563 5622 956 5695 πρεσϐύτερος,
994 5623 1358 5692 ἐξεπέμπετο.
1431 5622 1692 5692 Παρῆσαν
1719 5619 1776 5671 δέ

197 5721 294 5774 καὶ
335 5717 557 5771 ἀπὸτοῦ
612 5715 834 5786 Περσῶν
883 5714 1146 5783 βασιλέως
1176 5717 1293 5767 ἐκεῖ
1322 5715 1469 5768 ἄλλοι
1519 5715 1578 5767 τέ
1609 5730 1773 5778 τινες,

200 5814 298 5868 καὶ
338 5813 603 5876 Ίσαάιιιος
653 5810 1045 5882 πρεσϐύτερος,
1097 5810 1124 5861 0
1155 5810 1389 5872 καὶτοῖς
1436 5810 1492 5859 ἐν
1537 5808 1756 5879 Περσίδι

201 5909 546 5978 Χριστιανοῖς
581 5904 879 5975 ὀρθοδοξοις
914 5900 1007 5966 τὰς
1040 5902 1362 5971 ἀποκρίσεις
1408 5900 1761 5971 διακονούμε-

1886 4787 2211 4858 promittens
2252 4801 2309 4839 se
2354 4784 2402 4837 ei
2442 4784 2604 4837 etiam
2650 4784 2903 4836 daturum
2945 4782 3224 4849 pecunias,
3271 4781 3313 4833 si
3347 4798 3464 4833 mo-

1887 4895 2010 4939 veat
2043 4881 2474 4950 persecutionem
2506 4879 2766 4932 adversus
2794 4878 3163 4943 Christianos,
3207 4877 3297 4946 qui
3336 4888 3465 4931 sunt

1885 4977 1933 5029 ei
1976 4973 2225 5042 subjecti.
2277 4971 2378 5027 Sed
2428 4971 2515 5024 ille
2575 4970 2793 5040 quidem
2844 4980 2960 5022 erat
3028 4970 3161 5021 adeo
3226 4968 3466 5021 infestus

1884 5069 2233 5127 Christianis,
2271 5076 2323 5118 et
2375 5066 2452 5117 sic
2490 5063 2724 5117 faciebat
2756 5080 2769 5115 :
2802 5061 3005 5130 iustitia
3038 5072 3220 5113 autem
3258 5075 3465 5129 nequa-

1878 5177 2037 5230 quam
2077 5160 2314 5211 cessavit
2340 5157 2564 5224 implere
2606 5172 2731 5209 suas
2768 5166 2951 5222 partes
3007 5153 3059 5205 in
3106 5153 3193 5212 iis,
3230 5169 3349 5220 qua:
3384 5154 3465 5205 sic

1879 5255 2095 5305 fiebant.
2137 5251 2387 5304 Justinus
2417 5249 2563 5303 enim
2614 5246 2951 5317 (imperator)
3002 5261 3127 5298 cum
3165 5246 3241 5298 sic
3285 5246 3333 5297 ei
3388 5246 3465 5297 vi-

1876 5360 1995 5399 sum
2024 5353 2189 5405 esset,
2231 5344 2475 5396 hortatus
2519 5353 2601 5395 est
2660 5333 3109 5403 ALuuundarum,
3146 5346 3201 5391 ut
3253 5336 3460 5391 hedera

1878 5435 2027 5503 pacis
2060 5435 2223 5489 iniret
2249 5449 2370 5487 cum
2404 5432 2722 5486 Sarraccnis
2786 5430 3158 5485 Romanorum
3212 5430 3459 5497 vectiga-

1879 5530 2019 5582 libus
2051 5546 2062 5581 :
2099 5537 2154 5582 et
2185 5528 2384 5583 missus
2410 5535 2494 5580 est
2531 5525 2873 5586 Abraamius,
2903 5523 2983 5575 vir
3009 5524 3133 5591 pius
3172 5521 3466 5591 etpresby-

1880 5633 1983 5685 ter,
2018 5621 2109 5690 qui
2154 5621 2253 5673 bac
2278 5619 2597 5689 fungeretur
2640 5616 2929 5685 legatione.
2982 5614 3229 5669 Aderant
3270 5622 3453 5665 autem

1879 5714 1987 5768 illic
2044 5726 2263 5781 quoque
2302 5725 2331 5763 a
2379 5725 2504 5778 rege
2550 5709 2859 5771 Persarum,
2915 5718 3039 5757 eum
3088 5702 3176 5755 alii
3204 5702 3453 5769 quidam,

1878 5820 1988 5863 tum
2020 5803 2255 5859 lsaacius
2279 5817 2495 5872 quoque
2525 5802 2824 5870 presbyter,
2880 5795 2971 5867 qui
3020 5805 3245 5865 prmerat
3292 5792 3451 5847 Chri-

1876 5896 2063 5951 stianis
2094 5891 2427 5956 orthodoxis,
2490 5890 2581 5960 qui
2646 5890 2696 5941 in
2762 5887 2975 5942 Perside
3033 5891 3207 5941 erant.
3246 5882 3445 5936 Aderat
