4142 6498
158 462 285 529 1281

1300 453 1768 516 MARTYRIUM
1811 453 1871 514 S.
1914 452 2265 514 ΑΒΕΤΗᾸΞ.

3268 454 3401 519 1282

152 571 364 626 εὐσεϐεῖ
416 569 678 624 δοκοῦντα
755 569 1047 640 Ἰουστίνῳ,
1110 569 1232 624 οὐδέ
1284 568 1449 630 αὐτὸς
1497 564 1717 653 ἀπαρά-

1842 561 2161 633 septuaginta
2190 563 2246 617 in
2283 564 2398 633 ipsa
2434 564 2613 619 hieme
2634 564 3048 633 construxisset,
3077 566 3212 636 quin
3240 566 3403 623 etiam

156 680 346 727 σκευος
404 658 491 733 ἦν’
554 663 709 734 ἔτυχε
763 666 874 734 γὰρ
937 662 1331 731 συλλεξάμενος
1404 659 1704 728 ἀξιόμαχον

152 755 412 827 στρατιάν
473 755 536 808 ἔκ
583 771 644 807 τε
674 754 886 818 οἰκείας
934 755 1027 807 καὶ
1071 752 1415 823 συμμαχίδος
1445 751 1574 821 ἄχρι
1614 748 1723 800 τῶν

152 845 481 900 δυοκαίδεκα
510 846 816 916 μυριάδων.
844 844 954 899 Ἦν
981 845 1036 898 δὲ
1068 846 1165 898 καὶ
1196 844 1363 897 πλοῖα
1392 857 1725 897 κατεσκευα-

156 937 261 1000 κὼς
297 936 678 1008 ἐϐδομήκοντα
713 938 845 1008 παρ’
901 936 1051 1006 αὐτῷ
1096 935 1172 1008 τῷ
1204 935 1475 1007 χειμῶνι’
1517 933 1578 986 οὐ
1616 932 1724 1003 μὴν

157 1028 291 1082 ἀλλὰ
321 1031 416 1081 καὶ
445 1029 509 1082 ἐκ
541 1030 650 1083 τῶν
680 1030 940 1101 ἐμπόρων
967 1029 1193 1100 Περσῶν
1223 1046 1282 1082 τε
1308 1030 1404 1082 καὶ
1426 1026 1721 1090 Αἰθιόπων,

157 1119 430 1191 ἐμπορίας
463 1122 628 1191 χάριν
671 1123 854 1174 ἐκεῖσε
906 1122 1239 1191 κατάραντα,
1274 1119 1402 1188 περί
1453 1134 1554 1170 που
1604 1116 1727 1185 ἐξή-

153 1226 319 1263 κοντα
370 1212 743 1276 συνελέξαντο.
783 1212 925 1265 Ὅσα
970 1211 1101 1280 γοῦν
1153 1211 1495 1282 πεπονηκότα
1546 1205 1614 1280 ἦν
1666 1208 1725 1273 ἐξ

152 1300 335 1356 αὐτῶν
392 1303 922 1373 ἐπισκευασάμενος,
983 1304 1078 1357 καὶ
1141 1301 1319 1356 πάντα
1365 1300 1590 1371 θέμενος
1636 1300 1727 1352 εὑ-

151 1394 350 1463 τρεπῆ.
383 1394 500 1464 ἅμα
544 1395 668 1467 ἐαρι
725 1398 825 1466 τὴν
858 1395 1123 1464 στρατιὰν
1157 1395 1435 1466 ἐμϐαλὼν,
1492 1394 1633 1447 ὅπλα
1664 1409 1724 1445 τε

154 1486 247 1536 καὶ
295 1484 492 1547 ἵππους
521 1484 617 1539 καί
668 1484 768 1553 τὴν
832 1483 997 1553 άλλην
1029 1481 1415 1554 παρασκευὴν,
1467 1480 1727 1550 ἠπείγετο

155 1575 427 1646 συμμίξαι
464 1578 577 1641 τοῖς
609 1576 913 1648 πολεμίοις.
954 1577 1065 1631 Καὶ
1104 1575 1171 1631 δι’
1225 1574 1456 1645 ἠπείρου
1510 1572 1608 1642 μὲν
1653 1570 1729 1634 ὡς

153 1664 218 1715 ἐκ
240 1664 392 1717 νότου
422 1667 521 1735 τῆς
576 1667 876 1731 Αἰθιόπων,
925 1665 1203 1736 ἐξέπεμπέ
1250 1679 1401 1724 τινας
1432 1661 1540 1715 τῶν
1590 1659 1729 1731 Βαρ-

1826 670 1892 709 ex
1926 656 2357 724 negotiatoribus
2401 655 2579 712 Persis
2611 665 2666 713 et
2715 658 3090 729 Etliiopibus.
3146 658 3237 729 qui
3283 660 3411 716 illuc

1826 754 2093 799 venerant
2123 756 2447 802 mercatura:
2471 750 2643 819 gratia
2665 790 2680 815 ,
2712 764 2881 806 naves
2918 751 3057 806 altas
3103 752 3413 823 collegisset

1826 836 1893 891 ad
1923 838 2204 907 sexaginta
2241 861 2254 895 ς
2293 855 2528 911 cumque
2560 858 2686 908 eas,
2722 859 2842 913 quae
2875 859 2942 898 ex
2970 844 3103 914 ipsis
3149 846 3407 914 collapsre

1828 927 2083 997 fuerant,
2122 932 2483 989 instaurasset
2533 950 2597 990 ac
2632 935 2934 1001 reiecisset,
2980 946 3035 992 et
3076 938 3261 992 omnia
3319 956 3410 1009 pa-

1828 1028 2025 1085 rasset,
2060 1022 2205 1076 veris
2251 1023 2407 1080 initio
2441 1027 2612 1082 movit
2645 1031 2967 1097 exercitum,
3018 1031 3295 1099 armisque
3354 1043 3407 1084 et

1829 1113 1984 1181 equis
2024 1122 2078 1168 et
2129 1114 2235 1169 alio
2276 1127 2537 1187 apparatu
2570 1121 2921 1191 properabat,
2954 1134 3015 1177 ut
3064 1122 3247 1191 prmlio
3277 1137 3408 1176 con-

1827 1202 2036 1275 ﬂigeret
2068 1221 2191 1259 cum
2225 1207 2480 1265 inimicis.
2522 1210 2584 1265 Et
2612 1227 2708 1281 per
2757 1212 3137 1268 continentem
3185 1212 3406 1282 quidem

1823 1297 1890 1351 ab
1948 1298 2191 1353 inferiori
2273 1311 2425 1370 parte
2490 1302 2783 1375 Ᾰὲιίιίορίαε
2846 1305 2993 1359 misit
3086 1304 3403 1375 quindecim

1824 1387 1993 1442 millia
2022 1389 2341 1461 Aithiopum
2374 1396 2441 1450 ad
2472 1395 2824 1454 llomeritidis
2874 1407 3059 1469 partes
3100 1398 3271 1468 magis
3320 1413 3409 1452 oc-

1826 1479 2146 1547 cidentales,
2183 1497 2241 1538 ut
2271 1485 2390 1555 ipse
2425 1491 2648 1558 quidem
2682 1508 2779 1561 per
2809 1508 2958 1547 mare
2988 1508 3110 1548 cum
3148 1492 3403 1555 navibus,

1828 1570 1903 1624 illi
1943 1583 2125 1627 autem
2156 1590 2252 1644 per
2290 1583 2490 1633 terram
2521 1579 2818 1647 irruentes,
2855 1582 3046 1638 hostes
3083 1583 3138 1636 in
3164 1582 3407 1637 medium

1836 1676 2173 1722 COCI‘CCI‘CM.

154 1754 338 1827 ὀάρων
395 1759 669 1813 Αἰθιόπων
716 1758 941 1829 μυρίους
997 1756 1093 1810 καὶ
1122 1751 1591 1822 πεντακισχιλίους
1629 1750 1765 1819 πρὸς
1804 1751 1873 1803 τὰ
1929 1753 2025 1805 τοῦ
2091 1754 2391 1829 Ὀμηρίτου
2442 1760 2899 1837 ἅνατολικώτερα,
2960 1765 3038 1830 ὡς
3083 1764 3151 1819 ἂν
3196 1766 3259 1817 ἐκ
3308 1754 3429 1831 μὲν

153 1850 374 1921 δυσμῶν
423 1846 577 1917 οὗτος
622 1853 711 1907 διὰ
744 1852 1020 1921 θαλάσσης
1055 1850 1196 1921 μετὰ
1242 1849 1352 1902 τῶν
1405 1847 1631 1914 πλοίων,
1679 1846 1880 1902 ἐκεῖνοι
1928 1849 1986 1904 δὲ
2038 1850 2124 1906 διά
2171 1854 2277 1925 γῆς
2323 1855 2383 1920 ἐξ
2432 1858 2709 1911 ἀνατολῶν
2746 1860 3097 1931 ἐμϐαλόντες,
3128 1861 3255 1925 τοὺς
3310 1876 3411 1913 πο..

168 1949 387 2020 λεμίους
416 1952 495 2014 είς
522 1952 688 2021 μέσον
720 1949 996 2020 είρξωσιν.

225 2044 363 2100 KH'.
402 2046 466 2097 Ol
503 2045 600 2114 μὲν
649 2042 743 2097 οὖν
777 2043 1081 2114 Βάρϐαροι,
1126 2042 1352 2106 πολλαῖς
1400 2042 1637 2113 ἡμέραις
1668 2041 1734 2095 δι’

1908 2038 2147 2096 XXVIII.
2190 2041 2458 2100 Caeterum
2489 2043 2565 2099 illi
2596 2044 2837 2115 quidem,
2873 2060 2996 2101 cum
3051 2051 3251 2105 multos
3298 2052 3413 2109 dies

154 2130 400 2203 ἀνύδρων
432 2148 492 2185 τε
520 2134 616 2185 καὶ
650 2133 932 2189 δυσϐάτων
962 2133 1284 2196 ὁδεύσαντες
1340 2133 1448 2184 τῶν
1478 2131 1722 2202 χωρίων,

156 2223 395 2290 ἅπαντες
442 2225 835 2298 διεφθάρησαν,
879 2228 1019 2299 μήτε
1073 2226 1210 2296 πρὸς
1270 2226 1360 2279 τὸν
1405 2223 1725 2293 Ὀμηρίτην,

162 2321 298 2391 μήτε
360 2321 499 2395 πρὸς
533 2322 632 2395 τὴν
681 2325 890 2378 οἰκείαν
922 2323 1317 2394 διαρκέσαντες
1352 2319 1725 2392 ὑποστρέψαι.

169 2408 227 2466 ’0
256 2410 313 2464 δέ
354 2427 420 2480 γε
480 2412 757 2482 βασιλεὺς,
804 2412 906 2483 ήδη
937 2414 1067 2481 περὶ
1096 2412 1186 2464 τὸν
1218 2410 1452 2464 ἔκπλουν
1478 2408 1574 2477 ὢν,
1606 2408 1733 2478 ἀφί-

162 2517 286 2556 κετο
315 2505 397 2566 εἰς
422 2504 483 2555 τὸ
516 2504 680 2573 ἱερὸν,
719 2504 814 2556 καὶ
863 2503 969 2573 πρὸ
1003 2504 1103 2573 τῆς
1140 2505 1350 2556 εἰσόδου
1387 2505 1446 2555 ἐν
1472 2502 1551 2572 τῷ
1600 2519 1733 2570 προ·

161 2594 295 2667 νάῳ,
328 2594 428 2666 τὴν
460 2594 731 2665 βασίλειον
762 2593 969 2664 ἐσθῆτα
1007 2594 1189 2660 ἐκδὺς,
1221 2594 1393 2647 τᾶλλα
1424 2611 1485 2647 τε
1535 2595 1733 2646 ἀποθέ-

165 2703 326 2757 μενος
383 2688 694 2759 παράσημα
745 2686 847 2757 τῆς
902 2685 1103 2755 ἀρχῆς,
1137 2689 1195 2739 ἐν
1226 2685 1490 2756 ἰδιωτικῷ
1527 2686 1624 2756 μὲν
1656 2685 1734 2736 εἰ-

163 2773 327 2843 σῆλθε
378 2775 456 2845 τῷ
512 2777 756 2846 σχήματι
780 2791 795 2808 ο
859 2775 989 2838 στὰς
1017 2775 1075 2827 δὲ
1108 2775 1399 2827 κατέναντι
1421 2773 1514 2827 τοῦ
1551 2771 1736 2825 θυσια-

164 2865 410 2935 στηρίου,
443 2867 536 2917 καὶ
584 2866 756 2919 πολλὰ
801 2866 1017 2935 δεηθεὶς
1042 2866 1137 2919 τοῦ
1172 2867 1332 2932 Θεοῦ,
1366 2867 1461 2920 καὶ
1489 2864 1739 2935 ἀναμνή-

162 2971 262 3018 σας
289 2957 398 3009 τῶν
424 2958 544 3010 κατ’
570 2957 846 3025 Αἴγυπτον
873 2957 1224 3028 θαυμασίων,
1280 2961 1379 3011 καὶ
1439 2958 1550 3011 τῶν
1593 2958 1737 3011 κατὰ

161 3048 263 3121 τὴν
298 3049 504 3121 ἔρημον
560 3054 670 3114 τοῖς
728 3049 1003 3121 Ἑϐραίοις
1060 3051 1212 3123 αὐτῷ
1260 3052 1591 3121 γενομένων,
1644 3051 1740 3102 καὶ

172 3141 264 3204 Ὠς
294 3144 599 3213 ἀχάριστοι,
631 3144 784 3215 φησί,
818 3144 946 3214 περὶ
974 3142 1065 3197 τὸν
1107 3144 1432 3215 εὐεργέτην,
1460 3144 1559 3197 οὐκ
1601 3144 1742 3196 ἐκεῖ·

166 3249 248 3286 νοι
284 3235 473 3299 μόνον,
505 3234 644 3287 ἀλλὰ
706 3236 801 3288 καὶ
853 3230 1000 3288 οὗτοι
1054 3235 1103 3289 οί
1158 3236 1387 3289 ἐκείνων
1450 3236 1743 3305 γεγόνασιν

164 3325 404 3394 ἔκγονοι,
432 3328 539 3381 ικαὶ
587 3329 687 3381 ὅσα
726 3326 1176 3398 ἐπονηρεύσαντο
1226 3330 1284 3381 ἐν
1322 3332 1389 3399 τῇ
1428 3330 1580 3381 πόλει
1624 3344 1739 3391 σου,

160 3416 254 3470 τὸν
285 3418 414 3470 λαόν
464 3436 557 3472 σου
610 3419 1315 3489 καταπανουργευσάμενοι,
1374 3418 1470 3470 καὶ
1529 3416 1745 3487 βουλευ-

164 3510 395 3578 σάμενοι
430 3513 574 3563 κατᾶ
636 3511 746 3563 τῶν
805 3511 976 3579 ἁγίων
1038 3527 1159 3577 σου,
1199 3510 1296 3563 καὶ
1328 3509 1410 3562 ἐτι
1448 3510 1589 3563 κατὰ
1636 3509 1746 3562 τῶν

165 3601 617 3674 ὑπολειπομένων
649 3602 866 3675 πονηρά
923 3604 1318 3676 σκεπτόμενοι,
1370 3603 1465 3658 καὶ
1497 3602 1571 3667 ὡς
1630 3603 1748 3672 εῐγε

164 3696 221 3747 εί
254 3697 541 3766 ἡμέτεραι,
581 3697 850 3761 Δέσποτα,
907 3695 1415 3765 παρεμποδίζουσιν
1458 3694 1744 3763 ἁμαρτίαι,

168 3789 305 3840 ἀλλὰ
352 3790 428 3857 μὴ
462 3791 585 3850 ταῖς
632 3788 857 3841 ἐκείνων
896 3786 1197 3858 παραδῴης
1251 3788 1465 3856 χερσὶν,
1513 3786 1629 3840 ἀλλ’
1672 3788 1748 3849 ὡς

166 3880 234 3935 ἂν
292 3881 457 3942 αὐτὸς
516 3878 833 3949 ἐθελήσειας
887 3879 1161 3951 τιμωρίαν
1202 3880 1335 3948 ἡμῖν
1391 3879 1603 3946 ἐπίθες,
1666 3883 1740 3952 μή

166 3990 300 4026 ποτε
336 3974 556 4040 εἴπωσι,
594 3974 702 4027 Ποῦ
732 3976 879 4028 ἐστιν
908 3974 993 4042 ἐφ’
1021 3970 1063 4039 ᾧ
1097 3971 1485 4042 ἐγκαυχῶνται
1513 3974 1750 4042 Χριστὸς

166 4068 262 4120 καὶ
302 4068 330 4119 ὁ
367 4066 558 4121 τούτου
592 4067 861 4134 σταυρόςς
906 4064 1093 4118 Ταῦτα
1140 4065 1243 4118 σὺν
1280 4064 1551 4138 δάκρυσιν
1583 4066 1750 4118 ἐπευο

169 4160 430 4230 ξάμενος,
495 4162 587 4214 καὶ
620 4159 962 4225 ἐπιθειάσας,
1016 4156 1189 4223 ἔξεισι
1234 4159 1330 4210 καὶ
1368 4158 1465 4210 τοῦ
1504 4156 1609 4208 νεὼ
1645 4155 1741 4209 καὶ

167 4255 269 4323 τῆς
312 4252 541 4318 πόλεως,
599 4252 695 4305 καὶ
728 4241 863 4324 πρός
894 4269 1015 4305 τινα
1054 4254 1296 4321 μοναχὸν
1331 4249 1661 4319 προϐλέπειν
1688 4249 1749 4302 τὸ

170 4345 375 4414 μέλλον
402 4342 471 4394 δι’
498 4340 695 4411 αρετῆς
730 4342 992 4412 ἐργασίαν
1037 4327 1360 4409 ἦξιωμένον,
1400 4339 1495 4390 καὶ
1528 4340 1586 4391 ἐν
1611 4355 1749 4409 πυρ-

174 4440 359 4507 γίσκῳ
390 4436 712 4506 στενοχώρῳ
740 4435 832 4488 ἐπὶ
859 4433 1075 4504 χρόνοις
1110 4431 1212 4501 ἠδη
1243 4430 1404 4483 πέντε
1430 4432 1525 4484 καὶ
1553 4448 1748 4485 τεσσα-

180 4532 427 4600 ράκοντα
480 4527 904 4597 καθειργμένον,
963 4522 1214 4587 πεζεύων
1253 4525 1485 4592 ἀφίκετο
1532 4525 1623 4576 ἐπὶ
1650 4523 1745 4576 τοῦ

168 4621 342 4677 αὑτοῦ
412 4622 717 4690 σχήματος,
774 4617 1116 4686 πευσόμενός
1178 4635 1234 4668 τι
1288 4616 1399 4669 τῶν
1449 4634 1590 4669 κατα
1648 4618 1748 4684 τὴν

1830 2131 1934 2186 iter
1971 2134 2232 2191 fecissent
2284 2154 2382 2207 per
2417 2138 2535 2194 loca
2569 2140 2719 2194 arida
2765 2148 2821 2195 et
2873 2141 3105 2195 transitu
3151 2142 3412 2213 difﬁcilia,

1829 2238 2019 2280 omnes
2057 2229 2407 2292 interierunt,
2441 2240 2500 2283 ut
2525 2231 2618 2299 qui
2648 2247 2748 2286 nec
2776 2234 3065 2300 pervenire
3115 2234 3182 2289 ad
3215 2234 3418 2293 Home-

1830 2315 2021 2381 ritam,
2059 2333 2162 2373 nec
2215 2318 2282 2373 ad
2326 2320 2601 2392 regionem
2653 2338 2807 2377 suam
2872 2324 3153 2395 potuerint
3208 2328 3412 2385 redire.

1831 2405 1946 2462 Rex
1996 2416 2179 2464 autem
2216 2426 2339 2466 cum
2385 2412 2497 2483 jam
2531 2422 2681 2469 esset
2722 2415 3110 2484 navigaturus,
3155 2419 3304 2473 venit
3346 2421 3413 2475 ad

1835 2500 2118 2570 templum,
2152 2504 2219 2558 ad
2251 2504 2412 2573 cujus
2448 2504 2618 2573 fores,
2674 2505 2819 2576 regia
2884 2518 3033 2563 veste
3071 2509 3299 2580 aliisque
3337 2512 3407 2564 in-

1833 2593 2022 2663 signiis
2066 2595 2278 2665 imperii
2316 2597 2614 2666 depositis,
2649 2598 2927 2668 ingressus
2958 2600 3177 2667 quidem
3225 2612 3308 2656 est
3357 2602 3413 2657 in

1834 2684 2045 2751 privato
2077 2688 2287 2742 habitu.
2345 2686 2503 2743 Stans
2532 2698 2714 2744 autem
2748 2704 2815 2743 ex
2857 2690 3086 2745 adverso
3117 2707 3258 2760 arae,
3292 2709 3414 2748 cum

1836 2774 2006 2829 Deum
2038 2778 2271 2831 multum
2304 2791 2534 2847 orasset,
2560 2795 2614 2835 et
2646 2782 2784 2837 facta
2816 2783 2884 2836 ab
2927 2782 3048 2850 ipso
3098 2784 3151 2837 in
3182 2784 3415 2856 Egypto

1836 2866 2095 2921 miracula
2126 2876 2288 2939 atque
2333 2870 2385 2924 in
2436 2870 2551 2938 ipsa
2583 2871 2877 2925 solitudine
2912 2887 3009 2940 pro
3060 2871 3299 2931 Hebraeis
3361 2878 3417 2933 in

1839 2960 2157 3014 memoriam
2214 2967 2523 3016 revocasset
2569 2977 2583 3014 :
2625 2960 2728 3025 llli,
2782 2961 3036 3026 dicebat,
3069 2962 3292 3021 fuerunt
3340 2967 3421 3021 in~

1841 3053 1977 3118 grati
2009 3051 2063 3104 in
2103 3062 2153 3107 te
2182 3052 2624 3117 benefactorem,
2665 3068 2843 3120 neque
2887 3054 2963 3109 illi
2990 3055 3203 3121 solum,
3234 3060 3329 3114 sed
3382 3058 3419 3112 ii

1840 3141 2027 3205 etiam,
2058 3144 2148 3211 qui
2185 3160 2251 3196 ex
2288 3145 2368 3197 eis
2397 3146 2509 3197 nati
2539 3154 2689 3197 sunt.
2724 3142 2804 3198 Tu
2836 3146 2981 3200 enim
3007 3148 3137 3213 scis,
3168 3150 3417 3217 Domine,

1843 3247 2005 3303 quam
2034 3248 2091 3288 se
2123 3234 2261 3288 male
2295 3235 2565 3306 gesserint
2590 3235 2644 3288 in
2684 3244 2772 3288 tua
2800 3237 3019 3291 civitate
3040 3277 3054 3302 ,
3090 3248 3149 3293 ut
3198 3240 3291 3310 qui
3324 3256 3421 3311 po-

1846 3324 2034 3391 pulum
2075 3323 2224 3378 illum
2259 3340 2356 3395 per
2397 3324 2581 3379 dolum
2639 3324 3121 3394 circumvenerint,
3154 3340 3210 3385 et
3239 3332 3421 3389 consi-

1847 3416 1976 3468 lium
2015 3416 2240 3471 inierint
2268 3417 2532 3472 adversus
2567 3428 2787 3473 sanctos
2819 3427 2961 3485 tuos,
2987 3430 3040 3474 et
3081 3421 3133 3475 in
3162 3439 3257 3478 eos
3278 3465 3293 3491 ,
3324 3426 3418 3494 qui

1845 3514 2072 3571 restant,
2120 3509 2298 3561 adhuc
2343 3509 2482 3561 mala
2520 3511 2929 3568 machinentur.
2972 3514 3127 3578 Quod
3156 3514 3201 3571 si
3235 3524 3420 3573 nostra

1849 3609 2069 3669 peccata
2102 3599 2156 3655 id
2188 3609 2490 3665 merentur,
2526 3601 2622 3656 sed
2653 3617 2723 3657 ne
2760 3613 2814 3657 tu
2858 3621 2954 3659 nos
2990 3608 3173 3663 tradas
3206 3610 3423 3665 illorum

1847 3693 2099 3745 manibus
2135 3708 2149 3743 :
2184 3692 2329 3760 quod
2366 3704 2548 3746 autem
2587 3695 2702 3764 ipse
2743 3694 3001 3762 volueris,
3039 3696 3141 3753 hoc
3168 3710 3421 3769 excepto,

1845 3780 2007 3837 nobis
2037 3782 2256 3853 impone
2286 3783 2638 3854 supplicium,
2667 3800 2737 3840 ne
2766 3785 2908 3841 forte
2939 3789 3157 3844 dicant:
3192 3791 3422 3848 Ubinam

1847 3885 1929 3929 est
1959 3876 2199 3942 ipsorum
2236 3874 2510 3941 Christus,
2549 3887 2770 3948 propter
2805 3895 2965 3949 quem
3001 3880 3334 3950 gloriantur,
3366 3892 3423 3941 et

1845 3982 1981 4023 crux
2013 3967 2167 4037 ejus?
2187 3967 2312 4023 Hzec
2336 3984 2458 4023 eum
2490 3982 2743 4039 precatus
2774 3972 3113 4028 fuissetcum
3147 3976 3418 4049 lacryuiis,

1847 4059 2127 4131 egreditur
2157 4077 2187 4115 e
2219 4061 2439 4131 templo,
2470 4070 2523 4116 et
2557 4076 2587 4116 e
2629 4062 2864 4129 civitate,
2917 4072 2971 4120 et
3016 4064 3083 4121 ad
3130 4070 3418 4138 quemdam

1849 4152 2228 4217 monachum,
2294 4153 2386 4223 qui
2458 4162 2679 4223 propter
2759 4156 2975 4211 virtutis
3047 4161 3421 4230 operationem

1848 4244 2049 4315 dignus
2080 4254 2200 4298 erat
2250 4243 2488 4308 habitus,
2540 4255 2596 4298 ut
2646 4247 2969 4315 praevideret
3009 4248 3213 4315 futura,
3260 4262 3315 4306 et
3368 4256 3423 4309 in

1847 4344 2084 4407 augusta
2119 4335 2376 4391 turricula
2401 4338 2511 4409 jam
2551 4338 2907 4410 quadraginta
2957 4342 3199 4413 quinque
3250 4360 3427 4403 annos

1849 4428 2032 4485 fuerat
2057 4430 2334 4494 inclusus,
2388 4432 2550 4499 pedes
2594 4432 2745 4485 venit
2777 4433 2829 4488 in
2879 4435 3068 4489 eodem
3120 4436 3328 4500 habitu,
3356 4437 3425 4492 de

1849 4522 2040 4593 praelia
2074 4522 2471 4576 sciscitaturus.
2514 4522 2706 4577 Attulit
2739 4531 2920 4577 autem
2956 4526 3256 4596 composita
3292 4544 3427 4599 quo-

1852 4627 1958 4682 que
1992 4612 2341 4682 tliymiamata
2365 4653 2378 4676 ,
2412 4613 2465 4665 in
2512 4614 2708 4681 quibus
2739 4614 2900 4667 etiam
2946 4630 3141 4672 aurum
3193 4620 3425 4675 latenter

173 4716 383 4785 μάχην.
432 4713 701 4781 Ἐπήγετο
729 4711 783 4763 δὲ
812 4712 901 4761 καὶ
938 4708 1257 4777 θυμιάματα
1288 4707 1542 4774 σύνθετα,
1580 4710 1637 4761 ἐν
1669 4704 1741 4770 οἷς

1858 4703 2243 4757 immiscuerat.
2273 4702 2404 4767 Quae
2447 4717 2571 4757 cum
2604 4703 2919 4760 tradidisset
2960 4708 3101 4772 seni,
3151 4713 3425 4780 quaerebat

169 4804 240 4877 ἦν
276 4805 372 4858 καὶ
400 4803 622 4874 χρυσίον
640 4801 850 4871 ἀδήλως
877 4800 1311 4872 συγκαταμίξας.
1342 4801 1411 4853 ’Δ
1444 4801 1635 4871 καὶτῷ
1661 4801 1753 4869 γέ-

170 4914 326 4968 ροντι
359 4894 653 4959 ἐπιδιδοὺς,
680 4895 859 4965 ἐξῄτει
884 4894 1049 4963 εὐχὴν
1082 4897 1175 4946 καὶ
1199 4894 1432 4963 δήλωσιν
1459 4894 1567 4947 τῶν
1589 4892 1757 4962 ἐκϐη-

171 4992 449 5060 σομένων.
495 4987 555 5040 Ὀ
580 4987 636 5040 δὲ
665 4989 756 5041 τὸν
789 4988 939 5041 δόλον
968 4988 1252 5056 φωράσας,
1290 4989 1385 5040 καὶ
1410 4986 1571 5055 γνοὺς
1598 4987 1756 5067 άκριτ

170 5082 285 5146 ϐὡς
347 5084 498 5142 ὅστις
548 5078 658 5148 εἴη,
695 5081 877 5133 Ἔστω
930 5082 1071 5149 μετά
1131 5078 1250 5143 σοῦ,
1303 5078 1457 5148 φησὶ,
1493 5079 1648 5140 Θεὸς,
1698 5076 1756 5139 ὃς

171 5174 273 5227 καὶ
306 5169 701 5241 συμϐασιλεύει
737 5187 839 5224 σοι.
885 5171 1032 5240 Πλὴν
1066 5170 1181 5223 ἀλλ’
1235 5169 1392 5223 ἄπιθι
1424 5183 1755 5235 κατωχυρω-

175 5266 344 5337 μένος
375 5267 441 5332 τῇ
476 5266 585 5316 τῶν
621 5262 916 5334 μαρτύρων
950 5263 1136 5335 θυσίᾳ,
1193 5257 1264 5332 ἧς
1296 5258 1593 5331 ὠσφράνθη
1650 5258 1761 5311 Κύ-

180 5376 319 5432 ριος,
377 5359 474 5409 καὶ
532 5362 652 5421 ταῖς
724 5358 913 5425 εὐχαῖς
977 5356 1285 5426 ἀρχιερέως
1326 5353 1758 5420 ’Δλεξανδρείας,

176 5454 278 5505 καὶ
308 5453 421 5512 τοῖς
456 5449 720 5521 δάκρυσιν
768 5451 1087 5507 Ἰουστίνου,

253 5545 389 5601 ἥθ’.
430 5545 651 5597 Τούτων
683 5548 926 5608 ἀκούσας
967 5544 1290 5607 Ἐλεσϐαὰν,
1328 5546 1418 5595 καὶ
1454 5540 1764 5607 περαιτέρω

181 5640 261 5709 μὴ
302 5636 590 5707 πειράζειν
654 5638 914 5705 προσθεὶς
972 5634 1393 5703 ὲπευλογηθείς,
1430 5634 1594 5701 ἀπῄει
1646 5632 1766 5699 χαί-

182 5748 317 5799 ρων,
350 5730 446 5782 καὶ
492 5728 1056 5797 παρακελευσάμενος
1107 5727 1189 5795 τῷ
1239 5726 1628 5794 στρατεύματι,
1694 5722 1767 5789 μὴ

179 5822 353 5874 πλέον
406 5823 440 5891 ἢ
500 5822 722 5892 ἡμερῶν
778 5822 954 5872 εἴκοσι
1004 5837 1213 5891 τροφλς
1268 5814 1625 5887 ἐπιφέρεσθαι
1678 5816 1767 5866 τὸν

178 5911 353 5967 πλοῦν
386 5913 647 5967 ἐποιεῖτο.
687 5914 820 5967 Οὐδὲ
857 5915 883 5965 ὁ
930 5911 1033 5964 τῶν
1076 5910 1391 5979 hang-Jay
1446 5904 1635 5977 ἠμέλει
1670 5905 1764 5975 βα-

1859 4812 2069 4866 preces,
2112 4806 2166 4850 et
2197 4795 2646 4866 signiﬁcationem
2681 4813 2894 4865 eorum,
2927 4816 3048 4870 qua:
3076 4812 3230 4857 erant
3263 4818 3421 4857 even-

1857 4898 1994 4943 tura.
2035 4888 2126 4943 llle
2155 4898 2360 4953 autem,
2414 4888 2539 4943 dolo
2587 4890 2963 4959 deprehenso,
3018 4908 3140 4946 cum
3175 4893 3424 4963 quisnam

1854 4988 2023 5041 esset,
2053 4978 2257 5047 optime
2287 4986 2475 5033 nosset
2504 4996 2518 5033 :
2555 4978 2640 5034 Sit
2668 4994 2867 5045 tecum,
2898 4981 3104 5050 inquit,
3140 4980 3301 5049 Deus,
3335 4986 3427 5053 qui

1857 5069 2018 5123 etiam
2042 5080 2217 5126 tecum
2250 5081 2461 5143 regnat.
2498 5071 2847 5127 Verumenim
2886 5090 3019 5130 vero
3050 5076 3158 5139 abi,
3188 5078 3429 5131 munitus

1858 5173 2156 5233 martyrum
2204 5164 2492 5227 sacrificio,
2538 5166 2684 5234 quod
2736 5166 2877 5222 Deus
2928 5175 3012 5220 est
3054 5166 3329 5230 odoratus,
3378 5175 3430 5221 et

1862 5255 2118 5323 precibus
2149 5253 2421 5324 pontificis
2449 5255 2810 5321 Alexandriae,
2846 5264 2900 5311 et
2932 5256 3182 5326 lacrymis
3208 5255 3423 5310 Justini.

1936 5539 2127 5594 XXIX.
2187 5541 2309 5594 Ητεε
2363 5556 2486 5594 cum
2536 5540 2799 5594 audiisset
2853 5540 3143 5599 Elesbaan,
3212 5547 3265 5593 et
3306 5552 3428 5594 eum

1866 5649 1971 5687 non
2016 5641 2277 5685 tentasset
2309 5634 2566 5702 amplius,
2603 5632 2979 5685 benedictione
3015 5638 3256 5698 accepta,
3301 5630 3431 5682 abiit

1866 5728 2037 5780 laetus.
2071 5726 2137 5778 Et
2167 5740 2289 5779 cum
2320 5727 2571 5793 jussisset
2603 5724 2901 5786 exercitui,
2933 5740 2998 5777 ne
3034 5726 3235 5775 ferrent
3273 5721 3428 5773 Vlali-

1868 5832 1989 5873 cum
2040 5816 2159 5885 plus
2215 5830 2375 5881 quam
2426 5818 2614 5885 viginti
2677 5819 2928 5881 dierum,
2979 5814 3262 5883 nawgavit.
3324 5810 3430 5865 Sed

1874 5923 2045 5977 neque
2086 5907 2361 5977 negligens
2405 5906 2503 5960 fuit
2539 5922 2631 5961 rex
2684 5908 3114 5973 Homeritarum;
3164 5920 3282 5957 nam
3320 5904 3432 5965 ipse
