4142 6480
176 409 319 475 1285
1337 417 1807 485 MARTYRIUM
1846 423 1909 487 3.
1950 423 2302 490 ARETlI/E.
3306 445 3440 510 1286

177 526 290 581 νῶν
318 526 527 584 ἄνωθεν
566 529 773 595 κοντοῖς
798 531 1111 605 φερομένην
1142 534 1452 606 προσδήσας
1489 537 1567 632 ὼς
1585 538 1731 593 δοκεῖ

1835 597 1837 607 λ
1869 539 2017 595 misit
2053 543 2219 597 etiam
2248 545 2541 613 quemdam
2574 564 2638 603 ex
2672 551 2789 607 suis
2819 555 3064 625 cognatis
3096 573 3221 614 cum
3251 562 3437 632 viginti

175 619 248 673 τὰ
278 619 381 691 ὅρη
415 622 687 677 κινεῖσθαί
719 641 832 677 τισι
871 628 1145 694 μηχαναῖς
1181 627 1271 680 καὶ
1309 628 1580 722 φέρεσθαι
1613 648 1731 685 κατι

1862 632 2103 687 millibus
2132 635 2377 702 equitum
2405 638 2471 692 ad
2507 619 2913 709 spcculandam.
2935 658 3142 717 partem
3180 619 3348 722 illarri,
3382 658 3436 713 in

172 713 288 766 τῶν
320 713 523 768 πλοίων
555 718 622 787 τῇ
660 717 725 770 ὲκ
758 716 968 771 τούτων
998 719 1130 788 σκιᾷ
1162 718 1222 771 τὸ
1252 718 1459 772 λυποῦν
1496 720 1591 774 τοῦ
1622 722 1757 776 xuii-

176 822 353 877 ματος
385 807 744 879 ἀπεκρούετο.
778 810 1089 879 Ἐξὲπεμπε
1119 811 1173 863 δὲ
1195 812 1425 865 καί-τινα
1448 813 1556 867 τῶν
1585 815 1747 868 αὐτοῦ

172 899 459 965 συγγενῶν
496 900 638 970 μετὰ
691 901 994 971 δισμυρίων
1044 903 1282 965 ἱππέων,
1317 905 1454 974 πρὸς
1484 906 1547 958 τὸ
1582 923 1754 958 κατα-

170 991 451 1059 σκοπῆσαι
481 992 543 1043 τὸ
593 992 782 1062 μέρος,
826 994 952 1045 ἔνθα
999 990 1065 1065 ἦν
1096 994 1125 1045 ὁ
1165 996 1487 1054 Ἐλεσϐαάν.
1526 999 1635 1051 Καί
1669 1015 1753 1061 τις

169 1083 282 1133 τῶν
314 1082 587 1153 εὐνούχων
623 1084 715 1135 τοῦ
769 1084 1058 1153 βασιλέως,
1096 1086 1389 1140 ὑπολαϐὼν
1418 1089 1611 1141 τοῦτον
1672 1092 1753 1153 εἰς

168 1175 477 1244 γυμνάσιον
545 1176 766 1242 ἐξιέναι,
821 1174 1046 1248 δοράτια
1104 1180 1269 1232 πέντε
1324 1184 1512 1251 χρυσᾶ
1571 1182 1751 1270 λαϐὼν

172 1268 504 1338 συνεξῆλθεν
536 1268 707 1338 αὐτῷ.
746 1268 903 1321 Ἐπεὶ
932 1271 986 1323 δὲ
1025 1273 1151 1335 τοὺς
1182 1276 1309 1343 περὶ
1335 1274 1427 1327 τὸν
1454 1274 1752 1327 Ἐλεσϐαὲιν

169 1358 667 1429 ἑπαγρυπνοῦντας
698 1359 868 1431 εὖροι,
898 1360 1081 1417 λαϐὼν
1111 1365 1203 1416 τὸν
1233 1367 1511 1436 εὐνοῦχον,
1548 1367 1639 1419 καί
1671 1385 1752 1420 τι-

166 1467 267 1512 νας
300 1450 411 1503 τῶν
441 1450 607 1503 αὑτοῦ
646 1455 816 1522 τρεῖς,
854 1453 1134 1522 μακρόθεν
1174 1454 1339 1526 ἀπῄει
1378 1458 1515 1527 πρὸς
1548 1457 1748 1526 θήραν.

168 1541 406 1610 Ἔτυχον
432 1542 487 1594 δέ.
516 1560 662 1607 τινες
688 1543 795 1598 τῶν
826 1544 920 1598 τοῦ
987 1546 1285 1600 Ἑλεσϐαὰν
1316 1548 1393 1617 τῷ
1432 1549 1595 1621 λιμῷ,
1631 1568 1750 1602 πιε-

171 1630 391 1699 ζόμενοι
439 1633 622 1686 ἵππων
675 1635 965 1698 ὲπιϐάντες
1013 1638 1207 1700 νυκτὸς
1244 1641 1378 1709 πρὶς
1430 1642 1555 1703 τοὺς
1588 1643 1748 1694 πολε-

170 1723 330 1792 μίους
383 1724 806 1795 διαδιδράσκειν,
863 1725 914 1778 οἳ
956 1729 1050 1779 καὶ
1090 1731 1494 1798 περιτυχόντες.
1538 1734 1743 1797 αὐτοῖς,

162 1816 295 1876 τοὺς
332 1814 434 1884 μὲν
489 1815 687 1878 ἄλλους
732 1816 1093 1884 ἀπέκτειναν,
1152 1820 1247 1871 τὸν
1283 1825 1519 1893 συγγενῆ
1555 1822 1611 1875 δὲ
1647 1827 1744 1875 λα-

1856 739 1963 794 qua
1995 736 2114 780 erat
2138 727 2426 788 Eleshaan.
2454 731 2684 797 Quidam
2718 746 2898 791 autem
2940 756 3005 794 ex
3042 746 3310 802 eunuchis
3350 764 3440 804 re-

1855 816 1936 885 gis
1969 817 2264 873 arbitratus
2314 835 2438 875 eum
2476 824 2622 878 exire
2677 829 2740 880 ad
2801 844 2859 883 se
2904 836 3299 902 exercendum,
3346 856 3439 895 ac-

1856 913 2024 976 ceptis
2051 913 2293 981 quinque
2324 918 2510 971 aureis
2544 920 2821 987 laneeolis,
2857 938 2981 979 cum
3020 941 3085 981 eo
3121 940 3206 984 est
3253 947 3437 1002 egres-

1860 1013 1981 1053 sus.
2036 1001 2171 1056 Cum
2210 1006 2254 1059 is
2312 1019 2493 1062 autem
2556 1013 2818 1067 Eleshaan
2883 1020 3069 1086 copias
3128 1022 3435 1080 invenisset

1855 1090 2170 1159 vigilantes,
2221 1112 2454 1164 quarum
2510 1117 2636 1169 pars
2688 1104 2802 1172 jam
2837 1122 2867 1160 e
2906 1109 3139 1165 navibus
3184 1129 3428 1183 egreSsa,

1851 1176 2029 1232 locum
2065 1182 2116 1234 in
2173 1183 2355 1238 littore
2395 1200 2728 1258 occuparat,
2783 1207 3010 1265 accepto
3052 1205 3326 1268 eunucho,
3378 1214 3436 1259 et

1852 1269 2023 1326 tribus
2055 1287 2118 1325 ex
2150 1276 2284 1338 suis,
2321 1277 2453 1331 abiit
2484 1282 2669 1348 procul
2697 1284 2765 1337 ad
2801 1288 3170 1343 venationem.
3197 1293 3428 1355 Quidam

1850 1367 2032 1413 autem
2065 1376 2128 1414 ex
2165 1362 2433 1420 Elcsbaan
2467 1373 2707 1427 exercitu
2749 1378 2994 1445 Oppressi
3045 1380 3186 1435 fatue
3209 1422 3222 1445 ,
3259 1400 3431 1453 equos

1851 1460 2013 1504 noctu
2066 1459 2534 1525 conscenderant,
2590 1472 2648 1517 ut
2704 1466 2889 1522 hostes
2944 1470 3267 1542 eﬂugerent.
3324 1478 3429 1541 Qui

1849 1554 1971 1594 cum
2005 1542 2057 1595 in
2109 1561 2205 1599 eos
2258 1548 2595 1616 incidissent,
2632 1556 2767 1612 alios
2815 1561 3038 1628 quidem
3081 1568 3423 1636 occiderunt,

1848 1635 1990 1713 regis
2018 1649 2199 1695 autem
2232 1654 2520 1711 cognatum
2555 1650 2857 1717 capientes,
2887 1663 2943 1707 et
2978 1670 3175 1712 aureas
3210 1659 3431 1717 lanceas

1845 1708 2129 1791 portantes
2163 1768 2176 1791 ,
2230 1733 2298 1785 ad
2351 1749 2519 1790 naves
2572 1739 2871 1796 redierunt.
2928 1744 3032 1798 Eas
3076 1759 3256 1802 autem
3304 1767 3429 1807 cum

1846 1818 2145 1885 accepisset
2177 1837 2266 1875 rex
2299 1826 2442 1893 pius,
2470 1832 2651 1882 statim
2701 1832 2807 1886 Deo
2837 1834 3124 1892 dedicavit.
3175 1839 3294 1909 lpse
3333 1857 3431 1895 au-

165 1905 365 1967 ϐόντες.
388 1906 482 1959 τοῦ
510 1906 801 1975 βασιλέως,
835 1907 930 1960 καὶ
962 1908 1031 1961 τά
1094 1913 1276 1979 χρυσᾶ
1322 1912 1547 1979 δόρατα,
1607 1916 1731 1984 πρὸς

1850 1917 1984 1973 tem,
2026 1913 2232 1982 reliquo
2257 1929 2468 1972 armato
2502 1923 2745 1977 exercitu
2796 1927 3038 1981 immisso
3068 1930 3121 1982 in
3153 1930 3431 1988 breviores

163 2000 233 2049 τὰ
265 1999 426 2050 πλοῖα
463 1998 624 2051 πάλιν
672 1999 1011 2070 ἀνέστρεφον
1036 2017 1049 2030 ’
1100 2003 1136 2055 ὃ.
1173 2005 1266 2057 καὶ
1318 2004 1502 2059 λαϐὼν
1533 2008 1560 2060 ὁ
1591 2008 1745 2059 εὐσε-

166 2088 266 2160 ϐὴς
299 2089 552 2159 βασιλεὺς
578 2092 741 2155 εὐθὺς
781 2093 1002 2147 ἀνέθετο
1039 2095 1115 2165 τῷ
1148 2096 1285 2166 Θεῷ.
1315 2098 1486 2160 Αὐτὸς
1520 2098 1576 2151 δὲ
1639 2099 1738 2170 τὴν

170 2180 435 2249 στρατιὰν
509 2180 861 2252 ὡπλισμένην
913 2186 970 2237 ἑν
1033 2189 1145 2247 τοῖς
1204 2186 1560 2256 βραχυτέροις
1629 2190 1739 2241 τῶν

168 2270 371 2323 πλοίων
402 2272 679 2341 ἐμϐαλὼν,
717 2274 911 2344 ἐξῆλθε
942 2278 1076 2347 πρὸς
1110 2280 1232 2339 τοὺς
1275 2280 1335 2330 ἐν
1365 2279 1601 2350 αἰγιαλῷ
1637 2298 1735 2333 τιο-

163 2361 415 2432 λεμίους,
476 2369 573 2420 x31
608 2369 790 2440 μάχην
848 2369 1118 2439 συνάψας,
1177 2371 1321 2423 νῶτα
1374 2372 1567 2435 δόντας
1609 2374 1733 2436 τοὺς

174 2455 470 2526 Ἐϐραίους
514 2460 754 2528 πολέμου
805 2461 952 2530 νόμω
1002 2462 1212 2524 πάντας
1244 2463 1609 2531 κατέσφαξεν,
1660 2467 1736 2529 ὼς

165 2549 302 2619 μηδὲ
354 2550 585 2619 ἄγγελον
636 2555 743 2607 τῶν
776 2557 1084 2623 γενομένων
1120 2555 1501 2611 ὑπολιπέσθαι.
1545 2558 1728 2627 Ἐχων

158 2643 213 2697 δὲ
246 2642 354 2696 τῶν
383 2643 479 2697 τοῦ
516 2645 780 2716 βασιλέως
819 2648 1078 2715 συγγενῆ,
1115 2647 1400 2701 δεικνύντα
1461 2649 1559 2719 τὴν
1590 2653 1724 2719 πρὸς

160 2740 314 2809 Φαρῆ
341 2739 439 2811 τὴν
472 2741 625 2793 πόλιν
650 2742 791 2807 ὁδον,
824 2740 951 2793 ἔνθα
975 2736 1043 2810 ἦν
1077 2740 1143 2793 τὰ
1180 2740 1431 2810 βασίλεια
1463 2743 1726 2809 Δουναὲιν,

160 2831 361 2885 ἄνεισι.
392 2835 502 2885 Καὶ
527 2832 731 2901 ταύτης
768 2834 1076 2902 κρατήσας,
1114 2834 1413 2904 ἀφυλάκτῳ
1444 2846 1501 2887 τε
1527 2837 1591 2904 τῇ
1629 2838 1733 2886 πό-

158 2924 243 2977 λει
275 2922 612 2995 περιτυχὼν,
649 2924 829 2974 πάντα
858 2923 949 2975 τὸν
989 2925 1121 2993 περὶ
1158 2928 1225 2978 τὰ
1269 2925 1522 2994 βασίλεια
1566 2925 1727 2979 πλοῦ-

157 3033 274 3081 τον,
307 3017 401 3068 καὶ
432 3015 600 3076 αὑτὰς
631 3012 901 3083 λαμϐάνει
932 3017 1029 3078 τὰς
1068 3015 1369 3085 βασιλίδας.

235 3106 358 3159 ΛΒ’.
397 3106 509 3177 Τὴν
567 3105 621 3157 δὶ
666 3103 769 3174 τῆς
815 3104 1024 3168 πόλεως
1062 3106 1287 3172 ἅλωσιν,
1339 3111 1433 3163 καὶ
1464 3112 1563 3182 τήν
1617 3114 1727 3169 τῶν

158 3196 455 3268 βασιλείων
505 3194 830 3266 διαφθορὰν,
862 3198 942 3250 ετι
973 3196 1029 3250 δὲ
1084 3198 1181 3252 καὶ
1219 3199 1319 3271 τὴν
1364 3200 1474 3255 τῶν
1508 3205 1725 3258 οἰκείων

155 3284 543 3356 αἰχμαλωσίαν
573 3286 820 3339 Δουναὰν
868 3287 1258 3354 διενωτισθεὶς,
1288 3292 1387 3345 καὶ
1420 3293 1603 3359 δείσας
1656 3298 1729 3368 μὴ

154 3377 267 3429 τῶν
297 3375 466 3429 αὐτοῦ
496 3375 773 3443 συγγενῶν
797 3392 939 3439 τινες
979 3378 1057 3447 τῷ
1095 3381 1388 3435 Ἑλεσϐαὰν
1421 3389 1734 3456 προσρυῶσι

159 3467 257 3521 τοῦ
283 3466 417 3518 Θεοῦ
442 3466 743 3535 σφήλαντος
772 3467 865 3537 τὴν
894 3468 1059 3521 αὐτοῦ
1084 3474 1307 3542 γνώμην
1330 3479 1536 3547 χρυσῆν
1568 3495 1733 3530 κατα-

155 3557 568 3626 σκευασάμενος
590 3556 800 3623 ἅλυσιν,
825 3557 1156 3632 καὶὲνδήσας
1170 3564 1330 3617 αὐτόν
1348 3583 1408 3618 τε
1427 3568 1730 3636 κάκείνους,

154 3647 398 3719 ἐκάθητο
417 3646 526 3700 τὼν
546 3648 889 3719 πραγμάτων
910 3651 1230 3722 ἠμεληκὼς.
1265 3657 1326 3707 υἱ
1351 3658 1531 3724 μέντοι
1552 3662 1732 3713 Αἰθίοο

154 3757 281 3806 πες,
312 3741 362 3792 οι
382 3742 440 3793 ὲν
472 3742 581 3803 τοῖς
613 3742 834 3803 πλοίοις,
860 3743 1026 3809 μηδὲν
1043 3746 1169 3815 περὶ
1196 3748 1491 3802 Ἑλεσϐαάν
1520 3752 1610 3803 τοῦ
1641 3753 1733 3804 αύ-

150 3831 263 3885 τῶν
291 3830 577 3901 βασιλέως,
613 3828 645 3900 ἢ
674 3829 781 3882 τῶν
816 3830 908 3883 ὑπ’
947 3834 1111 3887 αὐτοῦ
1156 3841 1560 3909 πεπραγμένων
1594 3844 1731 3914 ἀκη-

155 3923 348 3984 κοότες
379 3921 572 3973 σπάνει
605 3937 664 3974 τε
695 3921 805 3973 τῶν
822 3924 1133 3992 ἀναγκαίων
1149 3928 1602 4000 διαιρθειρὸμενοι,
1640 3938 1731 3987 καὶ

151 4017 211 4067 ἐν
250 4012 443 4082 ἀπόρῳ
466 4012 640 4075 ὅντες,
705 4012 1061 4081 ἀπογνόντες,
1112 4018 1411 4088 ἐτράποντο
1447 4024 1581 4091 πρὸς
1613 4026 1730 4078 tu.

154 4106 306 4157 τείαν
346 4102 440 4155 τοῦ
471 4102 652 4156 Θείου.
695 4103 803 4156 Καὶ
836 4105 904 4157 τὰ
940 4107 1151 4176 μεγαλα
1194 4112 1301 4165 τῶν
1331 4114 1532 4169 πλοίων
1578 4118 1731 4187 ὲνδήο

152 4210 353 4255 σαντες
412 4194 548 4264 πρὸς
618 4196 790 4250 ἑαυτὰ
856 4198 1139 4267 κυκλόθεν,
1195 4203 1400 4257 ἄνωθέν
1438 4224 1496 4259 τε
1543 4210 1612 4261 τὰ
1637 4213 1727 4261 εὑ-

152 4287 310 4355 μήκη
346 4284 479 4349 ξύλα
517 4286 608 4339 καὶ
647 4287 795 4339 ἱστία
826 4291 1348 4359 προσεπιδὴσαντες,
1392 4301 1485 4347 καὶ
1520 4296 1709 4365 ὥσπερ

147 4380 275 4429 τινα
320 4376 472 4427 πόλιν
501 4379 559 4428 ἐν
587 4379 652 4445 τῇ
691 4375 937 4448 θαλάσσῃ
970 4379 1536 4455 δαμηχανησάμενοι,
1580 4392 1638 4442 ἐν
1668 4392 1723 4444 δὲ

150 4471 273 4530 ταῖς
314 4466 577 4533 πλαγίαις
626 4467 828 4531 ἔξωθεν
883 4470 949 4522 τὰ
992 4469 1308 4546 βραχύτερα
1361 4478 1471 4531 τῶν
1501 4481 1720 4546 πλοίων,

151 4560 473 4630 προτείχιόν
527 4577 579 4611 τι
639 4558 976 4631 μιμούμενα,
1037 4568 1481 4636 παραζεύξαντες
1533 4573 1722 4643 ἁθρόοι

147 4651 462 4721 γενόμενοι,
507 4652 645 4721 μετά
672 4652 923 4721 δακρύων
965 4654 1247 4725 ἱκετηρίαν
1273 4658 1349 4727 τῷ
1375 4660 1491 4730 Θεῷ
1520 4666 1723 4733 προσῆ-

146 4762 246 4812 γον
290 4745 527 4813 μακράν.
600 4744 732 4795 Εἰτα
768 4744 873 4796 τῶν
926 4745 1086 4814 ἱερῶν
1139 4752 1577 4822 ἀπογευσάμενοι
1623 4774 1721 4824 μυ·-

150 4835 398 4903 στηρίων
432 4834 527 4884 καὶ
574 4834 959 4904 ὁπλισάμενοι,
999 4839 1322 4892 κατέϐαινον
1357 4844 1450 4894 ἐπὶ
1488 4846 1556 4896 τὰ
1589 4846 1723 4915 βρα-

145 4926 359 4996 χύτερα
398 4922 575 4975 πλοῖα*
614 4928 706 4978 καὶ
735 4926 960 4989 στάντες
988 4929 1050 4979 ὲκ
1083 4928 1336 4997 πλαγὲου,
1370 4934 1446 5002 τῷ
1483 4936 1559 5005 μὴ
1595 4937 1718 5004 βλα-

146 5014 252 5085 ϐην
294 5014 421 5067 τινα
457 5013 561 5065 ὑπὸ
594 5016 702 5065 τῶν
740 5015 911 5083 βελῶν
943 5017 1237 5086 ὑπομένειν
1267 5020 1375 5071 τῶν
1423 5024 1716 5093 πολεμίοιν,

148 5108 328 5159 ὤθουν
362 5106 501 5157 αὐτὰ
541 5107 675 5176 πρὸς
725 5109 826 5175 τὴν
860 5106 984 5177 γῆν,
1027 5110 1181 5163 αὐτοί
1219 5127 1276 5162 τε
1347 5117 1438 5165 καὶ
1478 5117 1623 5167 ἅπαν
1662 5119 1722 5169 τὸ

149 5200 448 5255 ναυτικόνο
482 5200 547 5252 τά
587 5201 645 5252 δὲ
704 5202 817 5261 τοῖς
881 5202 1139 5268 μεγάλοις
1209 5206 1575 5275 συνδεδεμένα
1628 5213 1721 5262 καὶ

150 5292 293 5343 αὑτά
358 5290 797 5357 συνεφείλκοντο,
850 5292 1007 5359 ἄχρις
1066 5296 1132 5346 ἂν
1165 5296 1221 5347 αἱ
1276 5298 1510 5367 πλευραὶ
1540 5302 1720 5355 αὐτῶν

150 5383 583 5455 προσοκείλασαι
641 5385 1014 5452 προσήρεισαν
1072 5388 1146 5457 τῷ
1201 5390 1459 5461 αἰγιαλῷ,
1516 5392 1588 5453 ὡς
1631 5410 1719 5460 γε,

146 5477 339 5529 νὲσθαι
376 5477 549 5545 τεῖχος
579 5476 763 5537 αὐτοῖς
796 5477 888 5527 καὶ
916 5478 1027 5539 τοῖς
1065 5480 1495 5550 Ὀμηρίταιςτέι
1535 5486 1716 5540 πλοῖα.

149 5568 562 5636 Προσϐαλοντες
593 5568 645 5619 δὲ
690 5570 739 5619 οἱ
778 5568 1024 5637 πολέμιοι
1060 5578 1171 5633 τοῖς
1206 5576 1394 5644 δήρασι
1445 5577 1538 5627 καὶ
1597 5581 1715 5640 ταῖς

150 5664 382 5723 πέλταις
441 5664 723 5715 κατέκλων
779 5665 881 5726 τὰς
940 5664 1048 5717 τῶν
1108 5668 1463 5741 βραχυτέρων
1516 5675 1719 5725 πλοίων

153 5758 416 5825 πλευρὰς,
452 5757 541 5807 καί
573 5758 740 5808 πολλὰ
770 5758 893 5818 τοὺς
924 5756 1188 5822 Αιθίοπας
1244 5762 1500 5817 ἐλύπουν.
1559 5767 1619 5817 ΟΞ
1662 5766 1715 5818 δὲ

149 5849 283 5909 πρὸς
319 5848 534 5907 ἄμυναν
566 5848 723 5913 αὗθις
755 5850 889 5913 μετὰ
939 5850 1189 5920 δακρύω)
1234 5854 1587 5917 ἐξεκαλοῦντο
1627 5859 1715 5911 τὶν

1851 2016 2039 2067 naves,
2082 2021 2331 2074 egressus
2362 2020 2444 2062 est
2474 2012 2539 2064 ad
2571 2013 2773 2079 hostes,
2807 2018 2897 2084 qui
2933 2029 3089 2072 erant
3121 2022 3173 2073 in
3216 2022 3427 2091 littore,

1851 2100 1906 2145 et
1938 2108 2114 2163 pugna
2151 2106 2292 2151 terra
2345 2102 2592 2169 marique
2635 2109 2948 2166 commissa,
2989 2107 3284 2175 Hebraeos,
3331 2114 3425 2183 qui

1850 2191 1995 2254 terga
2030 2187 2316 2252 dederant,
2349 2191 2473 2259 jure
2521 2193 2644 2247 belli
2688 2210 2881 2251 omnes
2917 2202 3139 2267 occidit,
3194 2206 3331 2259 adeo
3368 2213 3427 2260 ut

1846 2290 1914 2328 ne
1962 2293 2102 2332 unus
2147 2280 2365 2348 quidem
2423 2285 2496 2338 sit
2549 2287 2771 2344 relictus
2820 2291 2894 2343 rei
2949 2304 3113 2361 gestae
3175 2298 3425 2357 nuntius.

1844 2364 1979 2419 Cum
2011 2378 2191 2423 autem
2227 2371 2451 2427 haberet
2484 2389 2776 2446 cognatum
2812 2384 2974 2452 regis,
3004 2387 3094 2454 qui
3138 2388 3188 2441 ei
3234 2400 3427 2444 osten-

1844 2458 2007 2513 debat
2045 2462 2206 2526 viam,
2248 2480 2368 2534 quae
2396 2467 2544 2521 ducit
2576 2472 2642 2523 ad
2673 2472 2947 2529 civitatein
2980 2476 3155 2534 Pharo
3177 2523 3190 2546 ,
3227 2483 3279 2535 in
3315 2500 3422 2553 qua

1842 2557 1960 2601 erat
1992 2550 2137 2617 regia
2175 2550 2422 2619 Dunaan,
2456 2557 2522 2610 ad
2554 2558 2696 2612 illam
2733 2566 3006 2621 ascendit.
3039 2568 3154 2632 Qua
3197 2550 3420 2639 potitus,

1842 2648 1902 2692 ut
1957 2642 2047 2708 qui
2083 2642 2471 2699 incustoditam
2531 2649 2852 2707 offendisset
2903 2656 3217 2724 civitatem,
3278 2665 3421 2733 capit

1840 2745 2032 2787 omnes
2059 2734 2299 2805 divitias,
2330 2754 2451 2808 qua:
2481 2752 2638 2797 erant
2681 2744 2736 2797 in
2773 2746 2936 2817 regia,
2966 2758 3021 2804 et
3067 2751 3214 2820 ipsas
3258 2754 3421 2811 etiam

1846 2835 2083 2891 reginas.

1905 3126 2123 3187 XXXII.
2168 3134 2365 3189 Verum
2415 3153 2537 3192 cum
2589 3152 2802 3212 captam
2855 3146 3067 3213 urbem,
3104 3159 3161 3205 et
3210 3153 3414 3225 regiam

1831 3228 2149 3288 oceupatam
2188 3263 2203 3287 ,
2258 3234 2419 3294 atque
2473 3244 2600 3284 suos
2671 3233 2813 3288 bello
2898 3250 3088 3307 captos
3156 3245 3421 3302 andiisset

1841 3308 2091 3375 Dunaan,
2151 3316 2353 3372 timens
2395 3334 2465 3373 ne
2515 3321 2682 3392 aliqui
2725 3340 2789 3379 ex
2838 3332 3081 3398 cognatis
3122 3334 3422 3395 delicerent

1834 3400 1900 3452 ad
1935 3399 2203 3459 Elesbaan
2232 3446 2247 3471 ,
2296 3419 2478 3465 mente
2530 3413 2578 3466 ei
2628 3430 2658 3468 a
2708 3414 2816 3471 Deo
2854 3420 3050 3481 abluta.
3086 3439 3208 3479 cum
3256 3443 3417 3483 aurea

1831 3499 2022 3545 catena
2084 3510 2143 3547 se
2219 3511 2275 3551 et
2360 3503 2478 3556 illos
2565 3506 2864 3577 alligasset,
2930 3514 3154 3572 sedebat
3213 3519 3417 3576 nullam

1833 3596 2015 3637 rerum
2058 3600 2245 3641 curam
2270 3605 2486 3659 gerens.
2518 3594 2622 3659 Qui
2664 3610 2845 3653 autem
2882 3606 2933 3655 in
2967 3607 3219 3674 pluribus
3248 3612 3419 3665 navi—

1833 3674 1935 3729 bus
1966 3688 2123 3731 erant
2157 3679 2466 3752 ᾸΞιΙιίθρθε,
2502 3703 2625 3742 cum
2661 3691 2797 3745 nihil
2840 3696 3177 3753 audivissent
3210 3705 3273 3756 de
3313 3720 3417 3761 suo

1832 3779 1959 3835 rege
1992 3765 2279 3838 Elesbaan,
2315 3787 2410 3829 aut
2440 3778 2507 3832 de
2560 3782 2646 3844 iis,
2691 3800 2813 3851 quae
2856 3802 3120 3856 gesserat,
3158 3804 3213 3848 et
3261 3795 3414 3853 labo-

1833 3869 2019 3912 rarent
2075 3860 2256 3930 inopia
2332 3881 2515 3922 rerum
2582 3876 3059 3945 necessariarum,
3120 3897 3414 3955 essentque

1829 3944 2012 4000 animo
2054 3948 2203 4002 dubii
2252 3961 2305 4005 et
2352 3958 2620 4026 perplexi,
2646 3966 2896 4018 conversi
2960 3978 3090 4022 sunt
3140 3973 3206 4024 ad
3238 3973 3411 4032 Deum

1830 4036 2264 4106 supplicandum.
2298 4044 2359 4097 Et.
2393 4059 2514 4101 cum
2554 4066 2774 4121 magnas
2816 4055 3034 4124 quidem
3068 4075 3235 4116 naves
3268 4065 3413 4122 inter

1828 4142 1887 4182 se
1916 4130 2248 4199 alligassem,
2292 4145 2349 4190 et
2390 4152 2554 4209 super
2585 4142 2817 4216 oblonga
2858 4147 3002 4218 ligna
3044 4154 3163 4206 vela
3211 4156 3409 4213 deinde

1830 4218 2172 4286 vinxissent,
2206 4235 2261 4278 et
2299 4228 2465 4281 veluti
2501 4237 2792 4298 quamdam
2832 4240 3106 4295 civitatem
3161 4246 3214 4299 in
3272 4250 3407 4304 mari

1827 4320 2011 4365 essent
2057 4312 2301 4369 fabricati
2334 4338 2347 4372 :
2375 4323 2717 4380 extrinsecus
2753 4339 2935 4384 autem
2989 4332 3273 4393 breviores
3314 4358 3410 4395 na-

1827 4416 1942 4468 ves,
1978 4421 2098 4473 qua:
2146 4410 2416 4477 quoddam
2476 4432 2756 4472 murorum
2806 4422 3161 4481 imitabantur
3206 4449 3407 4502 propu-

1828 4498 2153 4563 gnaculum,
2189 4502 2567 4570 ordinassent,
2621 4523 2814 4565 omnes
2861 4514 3022 4568 simul
3070 4526 3405 4592 congregati,

1760 4602 1799 4654 ο
1829 4598 1950 4636 cum
1985 4584 2239 4656 lacrymis
2274 4593 2383 4645 Deo
2420 4595 2634 4665 longam
2686 4601 3004 4659 obtulerunt
3052 4584 3404 4680 supplicatio;

1828 4688 1975 4730 nem.
2012 4675 2220 4733 Deinde
2254 4696 2376 4736 cum
2408 4700 2560 4738 sacra
2592 4695 2898 4758 gustassent
2928 4701 3205 4767 mysteria,
3252 4714 3305 4757 ot
3340 4719 3399 4759 se

1825 4779 2164 4833 armassent,
2217 4772 2622 4833 descenderunt
2677 4783 2728 4834 in
2780 4800 2947 4839 naves
2990 4790 3313 4846 breviores:
3347 4805 3402 4850 et

1827 4863 2036 4911 stantes
2064 4875 2130 4913 ex
2158 4862 2402 4931 obliquo,
2437 4883 2505 4919 ne
2538 4872 2845 4938 acciperent
2880 4877 3099 4945 aliquod
3143 4882 3400 4939 dainnnm

1827 4957 1857 4995 a
1896 4944 2017 4998 telis
2046 4948 2306 5017 hostium,
2338 4968 2431 5007 eas
2467 4956 2565 5024 ipsi
2600 4962 2837 5029 majores
2868 4977 2986 5033 post
3035 4984 3093 5023 se
3125 4972 3401 5029 trahentes

1825 5033 2184 5105 impulserunt
2211 5044 2276 5097 ad
2304 5054 2529 5113 terram,
2556 5050 2727 5106 donec
2758 5058 2979 5124 appulsa
3010 5074 3198 5114 eorum
3227 5064 3394 5119 latera

1824 5123 1925 5177 lixa
1960 5125 2161 5183 fuerint
2209 5132 2261 5184 in
2303 5134 2520 5200 littore,
2570 5141 2704 5195 adeo
2744 5155 2801 5196 ut
2846 5160 3011 5201 naves
3045 5163 3231 5203 essent
3272 5154 3399 5222 ipsis

1824 5231 1923 5283 pro
1954 5234 2130 5272 muro.
2166 5221 2361 5279 Hostes
2399 5243 2527 5281 vero
2557 5231 2829 5288 irruentes
2861 5252 2981 5290 cum
3013 5241 3236 5306 lanceis,
3276 5261 3393 5297 ron-

1824 5304 2135 5377 l'ringebaut
2194 5314 2360 5370 latera
2430 5320 2743 5377 breviorem
2801 5330 3044 5393 navium,
3108 5342 3161 5385 et
3210 5350 3394 5402 magna

1825 5399 2073 5453 molestia
2122 5404 2430 5463 allicit-bant
2462 5412 2773 5484 :Ethiopes.
2825 5418 2925 5484 Qui
2980 5438 3101 5477 cum
3148 5425 3399 5496 lacrymis

1825 5504 2012 5545 rursus
2072 5494 2282 5550 Domini
2334 5502 2662 5559 invocabant
2710 5517 2991 5564 auulan
3046 5517 3164 5583 Ipse
3220 5530 3397 5569 autem

1825 5595 1917 5633 eos
1971 5591 2259 5642 exaudiit:
2305 5604 2357 5646 et
2405 5599 2585 5650 statim
2648 5618 2743 5652 νυκ
2802 5606 3045 5669 quaedam
3111 5608 3209 5659 luit
3263 5608 3397 5661 ctylo

1822 5675 2091 5740 exaudita,
2121 5696 2239 5748 qum
2272 5686 2486 5741 diccbat
2525 5706 2538 5741 τ
2574 5692 2814 5758 Gabriel,
2864 5698 3100 5761 Gabriel,
3133 5698 3343 5753 Gabriel
3380 5719 3391 5752 :

1822 5775 1883 5819 et
1914 5768 2129 5837 quidam
2169 5792 2230 5827 ex
2268 5777 2395 5840 illis,
2432 5782 2521 5849 qui
2562 5799 2727 5839 naves
2785 5788 3159 5857 impellebant,
3195 5791 3396 5858 virgam

1825 5856 2003 5916 ferens
2029 5862 2279 5935 ferream,
2315 5885 2435 5946 qua:
2469 5887 2705 5941 superne
2750 5881 2979 5945 quidem
3016 5880 3241 5936 habebat
3274 5900 3401 5938 eru-
