4142 6510
716 446 730 505 l
744 447 839 510 287

1992 441 2274 502 MENSIS
2313 441 2673 504 OCTOBER.

3836 437 3963 504 1288

709 574 865 620 rem,
906 554 1118 609 inferne
1174 563 1356 607 autem
1414 551 1656 605 lanceam
1709 567 1832 605 cum
1896 561 2194 616 enatasset,
2232 561 2282 606 et

2389 552 2630 622 Κύριον.
2673 555 2766 605 καὶ
2827 553 2990 614 αὐτὸς
3047 554 3315 622 ἐπήκουεν
3368 554 3568 618 αὐτῶν,
3625 553 3724 607 καὶ
3762 555 3958 618 ευθέως

711 649 874 701 unius
909 646 1030 715 equi
1064 645 1288 699 caudam
1344 642 1831 713 apprehendisset,
1884 644 1936 697 in
1979 646 2099 712 ejus
2147 647 2290 699 latus

717 740 830 810 figit
861 741 1104 793 lanceam
1137 738 1289 801 adeo,
1351 747 1410 790 ut
1453 752 1577 790 mox
1625 737 1876 791 turbatus
1912 753 2081 805 equus
2135 738 2286 805 deje~

707 830 846 883 cerit
887 829 1095 882 hostem
1123 867 1136 889 ,
1186 837 1242 880 et
1273 826 1362 879 alii
1397 826 1609 895 equites
1673 827 1864 880 timore
1912 827 2088 880 affecti
2150 828 2290 881 ceci—

707 925 886 979 derint
920 923 973 976 in
1011 933 1210 976 terram

2394 645 2545 712 φωνή
2587 662 2665 706 τις
2724 643 3016 714 οὐρανόθεν
3073 643 3321 713 ἠκούετο,
3379 645 3639 711 λέγουσα,
3695 645 3958 714 Γαϐράῖῐι,

2391 737 2650 803 Γαϐριὴλ,
2704 736 2964 805 Γαϐριήλο
2999 738 3092 788 καί
3131 754 3213 798 τις
3249 736 3306 801 ἐξ
3346 738 3589 798 ἐκείνων,
3621 738 3671 789 οἳ
3709 737 3778 788 τά
3816 739 3963 787 πλοῖα

2389 825 2634 890 διώΟουν,
2665 827 2891 894 σιδηρᾶν
2922 828 3102 896 ςέρων
3125 827 3339 896 ῥάϐδον,
3369 830 3597 896 σταυρὸν
3629 829 3733 898 μὲν
3761 831 3962 880 άνωεεν

2389 919 2636 988 ἔχουσαν,
2676 919 2876 987 λόγχην
2907 921 2961 972 δὲ
2999 921 3266 983 κάτωθεν,
3302 921 3721 990 διανηξάμενος,
3757 924 3851 973 καὶ
3880 924 3960 970 οἱδ-

707 1017 806 1084 ρᾶς
855 1015 973 1077 ἑνὸς
1035 1013 1202 1065 ἵππου
1263 1012 1676 1082 ἐπιλαϐόμενος,
1729 1013 1872 1067 κατά
1937 1012 2036 1079 τῆς
2100 1010 2291 1064 τούτου
2359 1011 2603 1080 πλευράς
2659 1010 2756 1080 τὴν
2810 1011 3010 1079 λόγχην
3072 1013 3467 1079 καταπηγνῦει,
3511 1013 3582 1074 ὡς
3624 1015 3825 1066 αὐτίκα
3863 1016 3965 1063 διῦε

704 1110 1047 1181 ταραχθέντα
1101 1108 1192 1160 τὸν
1251 1108 1434 1171 ἵππον,
1490 1101 1788 1163 ἀποϐαλεῖν
1844 1109 1936 1162 τὸν
1993 1108 2269 1177 πολέμιον,

703 1203 803 1271 γῆν
839 1202 1162 1270 τραπέσθαι.

781 1295 1022 1350 XXXIII.
1068 1295 1421 1352 Confidentes
1470 1297 1652 1366 itaque
1695 1295 1980 1366 [Ethiopes
2027 1311 2149 1350 cum
2200 1296 2290 1350 de-

707 1387 1052 1442 scendissent
1083 1402 1111 1440 e
1143 1388 1396 1449 navibus,
1421 1397 1475 1441 et
1508 1404 1702 1442 manus
1727 1387 2138 1442 eonseruissent
2169 1402 2288 1441 cum

707 1480 975 1544 hostibus,
1013 1494 1107 1532 eos
1145 1478 1428 1544 fuderunt,
1467 1491 1520 1532 et
1549 1496 1739 1534 omnes
1773 1480 2190 1540 interfecerunt,
2236 1487 2290 1532 et

706 1571 914 1639 regium
977 1571 1202 1638 ingrcssi
1263 1571 1714 1636 tabernaculum,
1777 1572 2066 1625 inveniunt
2116 1588 2283 1626 aurea

706 1673 894 1713 catena
932 1661 1170 1713 vinctum
1209 1677 1330 1715 cum
1369 1663 1454 1724 iis,
1493 1663 1584 1731 qui
1614 1679 1813 1728 genere
1845 1665 1909 1716 ad
1945 1664 2118 1733 ipsum
2154 1664 2280 1716 alti-

705 1754 928 1817 nehant,
960 1753 1187 1805 Dunaan
1231 1768 1411 1822 regem
1454 1754 1762 1810 Hebraeum.
1807 1755 1939 1811 Cum
1971 1767 2149 1810 autem
2194 1757 2276 1809 in-

2333 1108 2425 1161 καὶ
2459 1106 2585 1168 τοὺς
2637 1106 2829 1168 ἄλλους

3879 1110 3964 1155 2m

2891 1107 3077 1169 ἱππεῖς
3131 1108 3614 1170 ἀποδειλιάσαντας
3675 1109 3813 1176 πρὸς
3879 1110 3922 1157 τέ

2464 1289 2584 1342 AI".
2633 1287 3142 1356 Ἀναθαρσήσαντες
3192 1287 3246 1339 δὲ
3279 1288 3326 1337 οἱ
3381 1286 3640 1348 Αἰθιόπες
3692 1292 3790 1341 καὶ
3845 1294 3963 1344 απο-

2393 1380 2589 1445 ϐάντες
2647 1381 2756 1432 τῶν
2811 1381 3037 1446 πλοίων,
3098 1383 3195 1433 καὶ
3244 1381 3611 1449 συμϐαλόντες
3651 1385 3768 1442 τοῖς
3803 1387 3954 1436 πολε-

2390 1473 2555 1540 μίοις,
2593 1472 2892 1541 ἐτρέψαντό
2929 1491 2984 1526 τε
3027 1475 3120 1525 καὶ
3166 1473 3564 1542 διεχειρίσαντο
3597 1477 3838 1537 πάντας,
3875 1485 3960 1529 καὶ

2391 1567 2472 1626 είς
2511 1564 2608 1634 τὴν
2644 1566 2916 1634 βασίλειον
2946 1565 3191 1628 ἐλθόντες
3254 1566 3480 1636 σκηνὴν,
3520 1567 3879 1635 εὑρίσκουσιν
3909 1576 3959 1623 ἐν

2395 1657 2584 1711 ἁλύσει
2623 1661 2796 1728 χρυσῇ
2839 1657 3126 1725 δεδεμένον
3176 1656 3270 1710 σῦν
3323 1663 3435 1721 τοῖς
3470 1663 3821 1730 προσήκουσι
3877 1666 3963 1716 καὶ

2391 1751 2555 1805 αὐτὸν
2594 1751 2656 1822 δὴ
2715 1752 2956 1805 Δουναάν
2984 1751 3073 1804 τὸν
3123 1751 3397 1821 Ἐϐραῖον.
3458 1753 3746 1817 Μαθόντες
3785 1757 3838 1808 δὲ
3879 1759 3962 1810 καὶ

704 1845 1043 1900 ιρΙΙι»χὶεεεηῑ
1073 1862 1230 1900 suum
1268 1862 1486 1916 quoque
1524 1865 1706 1918 regem
1740 1851 2275 1919 prastantissimum,

2391 1845 2480 1896 τὸν
2521 1844 2733 1898 ἑαυτῶν
2769 1844 2990 1912 βασιλέα
3031 1843 3122 1897 τὸν
3180 1846 3407 1911 ἄριστον
3447 1845 3626 1900 πάντα
3668 1847 3963 1903 Ἑλεσεαὰν

705 1947 759 1990 et
790 1939 936 1991 omni
974 1953 1040 1991 ex
1073 1949 1225 2010 parte
1269 1941 1534 2009 Optimum
1577 1940 1840 1995 Elesbaan
1874 1942 1978 1995 illic
2015 1957 2279 2011 occupas-

706 2038 786 2083 set
818 2030 1041 2099 regiam,
1070 2046 1297 2100 propere
1327 2032 1392 2085 ad
1427 2046 1550 2085 eum
1585 2043 1956 2096 accesserunt,
1989 2045 2040 2087 et
2074 2035 2278 2099 omnia,

706 2138 824 2190 quae
855 2130 1004 2192 gesta
1043 2121 1276 2185 fuerant,
1305 2132 1695 2192 exposuerunt.
1730 2124 1823 2178 Ille
1869 2135 2076 2190 autem,
2141 2141 2281 2196 prte—

708 2213 848 2267 sidio
883 2213 1072 2267 relicto
1104 2213 1155 2266 in
1203 2213 1446 2276 civitate,
1503 2216 1737 2269 maxima
1789 2216 1926 2270 abiit
1982 2217 2278 2272 celeritate.

705 2305 773 2359 Et
802 2319 924 2358 cum
958 2305 1256 2359 invenisset
1288 2306 1513 2359 Dnnaan
1557 2322 1723 2360 aurea
1755 2307 1842 2360 illa
1885 2308 2128 2363 vinctum
2178 2325 2279 2363 ca-

705 2404 854 2456 tena,
891 2395 1066 2463 ipsum
1099 2393 1375 2448 interfecit
1405 2406 1458 2448 et
1495 2405 1775 2464 cognatos,
1822 2397 1989 2449 Deum
2031 2399 2278 2464 laudans,

706 2496 761 2540 et
822 2486 1090 2541 insultans
1142 2485 1346 2540 Christi
1407 2486 1696 2552 hostibus,
1757 2503 1972 2558 poenam
2021 2491 2281 2544 dantibus

704 2579 994 2633 audacium
1039 2595 1263 2634 suorum
1306 2579 1642 2643 facinorum,
1688 2596 1807 2648 qua:
1853 2581 2187 2634 admiserant
2228 2582 2279 2633 in

705 2671 977 2723 Christum
1029 2680 1085 2724 et
1136 2670 1343 2724 Christi
1412 2686 1650 2724 crucem.
1715 2689 1732 2721 ι
1786 2670 2083 2726 Laetabitur
2135 2672 2282 2726 enim

703 2761 884 2828 justus
923 2761 1135 2829 (inquit
1186 2775 1416 2829 magnus
1473 2761 1683 2830 David)
1732 2777 1853 2815 cum
1912 2762 2107 2816 viderit
2159 2763 2281 2816 vin-

706 2852 904 2904 dictam
942 2853 984 2905 ⁷.
1027 2871 1044 2902 ι
1087 2853 1151 2905 Ει
1189 2853 1309 2907 ideo
1338 2853 1426 2922 qui
1481 2870 1545 2906 ex
1598 2855 1677 2907 eis
1723 2853 1943 2909 fuerunt
1987 2856 2275 2920 vulnerati,

715 2961 732 2992 c
769 2957 877 2996 non
909 2941 1132 2996 fuerunt
1179 2943 1446 2998 vulnerati
1511 2945 1685 3016 gladio
1744 2953 1834 3016 (ut
1887 2948 2018 3000 dicit
2069 2947 2282 3001 divinus

707 3031 910 3100 Isaias)
973 3047 1150 3100 neque
1204 3035 1401 3086 mortui
1456 3049 1685 3096 eorum,
1749 3036 1950 3088 mortui
2002 3035 2142 3088 bello
2174 3037 2213 3088 ⁸.
2257 3056 2274 3087 ι

707 3121 804 3174 Est
839 3123 980 3174 enim
1016 3137 1103 3175 res
1140 3120 1299 3176 fortis
1329 3129 1384 3176 et
1418 3122 1570 3187 dura,
1605 3125 1682 3177 ira
1741 3125 1834 3179 Dei
1863 3127 2008 3196 (ipse
2040 3142 2124 3182 me
2164 3145 2282 3182 rur-

706 3227 800 3266 sus
828 3213 1040 3280 docet),
1075 3225 1134 3266 ut
1165 3213 1401 3284 grando,
1457 3230 1573 3284 quae
1607 3215 1859 3272 deorsum
1909 3220 2115 3282 fertur,
2171 3234 2278 3272 non

708 3303 914 3357 habens
963 3315 1332 3373 tegumentum
1373 3317 1476 3361 :ut
1527 3323 1680 3376 aqua:
1720 3323 1927 3376 magna:
1963 3301 2273 3374 multitudo,

706 3410 829 3462 qua:
864 3397 1029 3448 trahit
1059 3398 1336 3465 regionem
1367 3400 1408 3451 °.

777 3485 1016 3542 XXXIV.
1059 3487 1334 3542 Reversus
1389 3503 1517 3559 ergo
1566 3488 1832 3546 Elesbaan
1883 3494 1949 3548 ad
2003 3493 2276 3550 civitatem

708 3576 903 3639 Phare,
941 3593 1131 3633 omnes
1161 3580 1454 3646 interemit,
1487 3584 1575 3651 qui
1607 3595 1761 3638 erant
1795 3586 1846 3638 in
1873 3589 2042 3654 regia,
2068 3601 2123 3640 et
2154 3605 2276 3642 cum

710 3669 868 3724 vellet
915 3672 1200 3726 ecclesiam
1254 3675 1309 3727 in
1365 3689 1426 3725 ea
1453 3675 1743 3738 aedificare,
1779 3675 1881 3729 fuit
1922 3677 2037 3745 ipse
2068 3679 2279 3748 primus

707 3762 887 3830 opifex
945 3764 1180 3816 aedificii.
1243 3761 1575 3832 Significavit
1633 3776 1816 3821 autem
1883 3771 2099 3835 omnia,
2158 3787 2278 3840 qua:

710 3861 860 3915 gesta
911 3851 1126 3904 fuerant
1152 3891 1165 3912 ,
1204 3853 1445 3922 pontifici
1480 3855 1855 3921 Alexandria,
1892 3869 1946 3910 et
1991 3874 2089 3928 per
2124 3862 2276 3914 illum

710 3937 928 3994 Justino
965 3942 1299 4010 imperatori.
1336 3941 1650 3998 I’atriarclia
1695 3957 1877 4000 autem
1936 3949 2278 4007 Alexandriae

709 4034 1018 4086 ordinatum
1075 4036 1393 4103 episcopum
1461 4037 1609 4090 misit
1661 4038 1728 4091 ad
1783 4038 2107 4096 Ilomeritas.
2175 4044 2277 4109 Qui

708 4140 833 4179 cuin
868 4126 975 4177 illis
1002 4135 1379 4179 consecrasset
1412 4129 1690 4195 templum,
1724 4132 1868 4198 quod
1901 4132 2078 4187 fuerat
2109 4135 2277 4188 aedifi-

709 4226 910 4279 catum,
944 4214 1182 4284 baptizat
1210 4217 1432 4285 quidem
1473 4233 1680 4285 omnes,
1713 4222 1803 4291 qui
1846 4234 2002 4277 erant
2035 4225 2086 4278 in
2139 4226 2276 4281 civi-

713 4305 912 4358 tatibus
943 4315 997 4358 et
1043 4308 1194 4376 pagis
1235 4307 1673 4374 Homeritarum,
1712 4311 1765 4364 in
1811 4316 2032 4369 nomine
2076 4327 2276 4372 sanctae

712 4396 1015 4450 Trinitatis.
1047 4397 1121 4450 Ex
1162 4399 1242 4450 eis
1279 4407 1458 4452 autem
1490 4401 1708 4455 ordinat
1747 4403 2005 4459 diaconos
2054 4416 2109 4459 et
2151 4423 2274 4476 pre-

711 4487 990 4555 sbyteros;
1034 4498 1085 4540 et
1120 4489 1382 4555 ccclesiis,
1418 4507 1534 4560 quae
1567 4494 1797 4548 erantin
1834 4496 2070 4566 regione,
2106 4499 2277 4554 reddit
2310 4523 2353 4579 η

711 4587 910 4631 statum
942 4593 1100 4631 suum
1132 4579 1367 4634 solitum.

781 4756 999 4810 XXXV.
1062 4758 1452 4814 Divinissimus
1497 4773 1678 4816 autem
1723 4781 1812 4817 rex
1863 4767 1977 4836 ipse
2022 4768 2282 4826 Eiesbaan

716 4846 877 4902 simul
907 4864 1028 4902 cum
1060 4864 1124 4903 eo
1163 4850 1308 4903 venit
1339 4851 1570 4922 Nagram
1618 4863 1914 4925 martyrum
1965 4860 2239 4915 civitatem
2267 4880 2280 4927 ;

712 4953 766 4992 et
824 4956 946 4993 eum
998 4941 1107 4994 illic
1166 4943 1520 4997 exstruxisset
1571 4947 1876 5015 ecclesiam,
1941 4962 1994 5005 et
2046 4955 2286 5022 quinque

713 5032 1088 5099 possessiones
1156 5035 1330 5102 regias
1405 5037 1454 5087 ei
1527 5038 1893 5106 attribuisset,
1963 5053 2018 5096 et
2087 5046 2285 5100 deinde

713 5125 875 5174 etiam
912 5140 972 5177 ex
1008 5126 1263 5196 martyris
1290 5128 1507 5181 Arethte
1539 5132 1976 5199 possessionibus
2027 5144 2138 5191 tres
2188 5139 2287 5192 ad-

713 5210 955 5274 didisset,
1012 5223 1070 5265 ut
1114 5214 1203 5266 ille
1242 5218 1595 5274 mandaverat
1649 5221 1703 5273 in
1753 5221 1858 5276 fine
1912 5228 2176 5294 martyrii,
2231 5237 2286 5281 et

713 5304 1020 5372 collegisset
1072 5321 1284 5371 omnes,
1314 5311 1407 5378 qui
1451 5311 1666 5365 fuerant
1702 5315 1904 5368 redacti
1955 5317 2008 5369 in
2059 5320 2286 5373 servitu-

719 5403 851 5448 tem.
894 5405 946 5449 et
981 5397 1119 5450 alias
1147 5399 1375 5467 diSpersi
1403 5402 1456 5454 in
1485 5412 1726 5471 tempore
1763 5409 2168 5474 persecutionis
2190 5454 2203 5476 ,
2233 5421 2288 5464 et

716 5483 933 5538 Arethae
960 5491 1213 5558 martyris
1248 5492 1412 5545 tilium
1447 5495 1639 5548 ducem
1675 5499 1849 5565 gentis
1889 5503 2286 5568 constituisset,

714 5585 768 5627 et
798 5592 977 5632 curam
1009 5584 1270 5651 gessisset
1325 5586 1450 5650 loci,
1488 5587 1542 5638 in
1586 5603 1693 5654 quo
1747 5590 2000 5656 jacebant
2051 5595 2120 5646 ibi
2156 5611 2287 5648 con-

714 5682 993 5726 summatm
1046 5687 1342 5746 martyrum
1400 5682 1678 5747 reliquiae,
1744 5690 1796 5732 et
1855 5685 1943 5749 jus
1995 5685 2126 5752 asyli
2178 5687 2288 5740 illic

791 5858 809 5887 ν
835 5859 974 5916 Psal.
1009 5879 1039 5916 ι.
1084 5877 1142 5924 ιι,
1175 5865 1257 5914 14.

1347 5863 1364 5892 ⁸
1395 5864 1493 5920 lsa.
1532 5881 1663 5926 xx“,
1692 5865 1740 5918 2,
1839 5869 1854 5896 ³
1883 5866 1981 5919 lsa.
2023 5885 2212 5928 xxvnt.
2247 5871 2300 5926 ἓ.

2389 1937 2488 2004 τὴν
2524 1935 2802 2003 βασίλειον
2839 1936 3189 2004 κατασχόντα
3219 1936 3374 1988 πόλιν
3423 1937 3606 1990 ἐκεῖσε
3644 1943 3958 2009 τυγχάνειν,

2385 2027 2585 2097 σπουδῇ
2605 2045 2661 2079 τε
2686 2027 2759 2089 ὡς
2786 2026 2946 2079 αὐτὸν
2969 2026 3248 2094 ἀφίκοντο,
3280 2029 3373 2079 καὶ
3400 2027 3576 2080 πάντα
3601 2031 3667 2080 τὰ
3704 2034 3964 2098 γενόμενα

2384 2119 2697 2186 διεσάφουν.
2738 2120 2796 2173 Ὀ
2830 2120 2912 2183 δὲ,
2952 2120 3199 2188 φρουράν
3233 2119 3288 2168 ὲν
3336 2122 3402 2188 τῇ
3437 2121 3587 2171 πόλει
3624 2123 3961 2189 καταλιπὼν,

2383 2211 2548 2282 ἀπῄει
2588 2212 2684 2264 σῦν
2720 2211 2893 2280 τάχει,
2929 2209 3026 2261 καὶ
3067 2211 3157 2260 τὸν
3188 2211 3428 2262 Δσυναὰν
3463 2210 3666 2280 εὑρὼν,
3703 2214 3808 2281 τὴν
3840 2233 3965 2282 χρυ-

2385 2305 2482 2374 σῆν
2543 2304 2761 2372 ἐκείνην
2820 2301 3212 2370 περικείμενον
3280 2299 3492 2365 ἅλυσιν,
3533 2303 3700 2356 αὐτόν
3762 2321 3822 2356 τε
3881 2310 3962 2360 καὶ

2383 2397 2508 2456 τοὺς
2536 2396 2823 2460 συγγενεῖς
2855 2392 3089 2454 ἀνεῖλεν,
3121 2391 3448 2454 ὲπιθειάζων
3476 2393 3672 2456 πολλά,
3715 2399 3813 2448 καὶ
3843 2401 3963 2466 ἐφη-

2386 2485 2609 2553 δόμενος
2640 2483 2732 2534 ἐπὶ
2762 2484 2870 2544 τοῖς
2907 2482 3122 2550 ἐχυροῖς
3155 2482 3246 2534 τοῦ
3278 2483 3542 2553 Χριστοῦ,
3568 2484 3730 2554 δίκην
3765 2488 3960 2539 διδοῦσι

2389 2575 2499 2628 τῶν
2531 2573 2934 2644 τολμηθέντων,
2991 2568 3064 2625 ὧν
3117 2590 3174 2625 τε
3230 2575 3309 2636 εἰς
3362 2575 3731 2644 Χριστιανοὺς
3775 2580 3961 2641 aito-3;

2385 2668 2476 2718 καὶ
2510 2667 2599 2718 τὸν
2625 2664 2715 2719 τοῦ
2744 2665 2980 2735 Χριστοῦ
3031 2667 3264 2734 σταυρὸν
3312 2666 3772 2736 ἐπλημμέλησα).
3817 2689 3834 2718 ι
3867 2670 3960 2720 Ερο

2383 2759 2758 2828 φρανθήσεται
2794 2761 2901 2823 γάρ
2932 2756 3138 2816 δίκαιος
3159 2758 3206 2823 (ὁ
3239 2755 3411 2822 μέγας
3440 2758 3542 2825 ἔφη
3574 2759 3789 2824 gnta),
3830 2763 3950 2813 ὅταν

2384 2847 2467 2915 ἴδῃ
2504 2848 2803 2914 ἐκδίκησιν,
2849 2864 2866 2895 ι
2897 2847 2994 2898 Διά
3023 2845 3176 2896 τοῦτο
3234 2849 3324 2898 καὶ
3378 2851 3668 2916 γεγόνασιν
3719 2856 3768 2904 οἱ
3808 2871 3962 2921 τραυ-

2386 2937 2572 3000 ματίαι
2606 2936 2801 3005 αὐτῶν,
2841 2955 2857 2986 ι
2900 2937 2958 2987 ου
2989 2939 3324 3006 τραυματίαι
3379 2943 3679 3010 μαχαίρας,
3720 2962 3737 2992 ι
3775 2945 3838 2995 τὸ
3875 2944 3960 2996 τοῦ

2385 3025 2527 3076 Οείου
2584 3028 2747 3093 φάναι
2782 3027 3028 3092 Ἠσαῖου,
3069 3047 3084 3079 ‹
3123 3028 3233 3080 οὔδ’
3262 3031 3309 3081 οἱ
3343 3033 3528 3099 νεκροὶ
3561 3033 3750 3084 αὐ.ὡν
3785 3037 3963 3104 νεκροὶ

2384 3120 2644 3188 πολέμου.
2685 3139 2702 3170 ι
2743 3122 2985 3192 Ἰσχυρδν
3036 3125 3144 3191 γὰρ
3175 3124 3267 3174 καὶ
3311 3124 3544 3192 σκληρὸν
3575 3127 3602 3175 ὁ
3639 3125 3818 3192 Ουμὶς
3855 3130 3960 3180 Κνο

2389 3211 2528 3276 ρίου,
2572 3213 2733 3272 αὑτός
2795 3229 2860 3279 με
2897 3213 3136 3264 διδάσκει
3188 3213 3374 3276 πάλιν,
3413 3213 3486 3275 ὼς
3532 3215 3751 3283 χάλαζα
3800 3226 3962 3269 κατα-

2390 3301 2688 3369 φερομένη,
2723 3303 2821 3353 οὐκ
2852 3303 3051 3371 ἔχουσα
3086 3306 3314 3372 σκέπην,
3339 3305 3412 3369 ὡς
3441 3305 3630 3370 ὕδατος
3671 3309 3808 3361 πολὺ
3838 3308 3966 3379 πλῆ-

2390 3391 2477 3453 θος
2511 3391 2672 3461 σύρον
2705 3394 2909 3464 χώραν.

2456 3483 2575 3538 ΛΔ’.
2631 3487 2795 3550 Αὖθις
2850 3488 2942 3541 οῦν
2980 3489 3332 3560 ὑποστρέψας
3378 3492 3679 3547 Ἐλεσδαάν
3730 3496 3865 3563 πρὸς
3900 3497 3964 3548 τὰ

2386 3573 2537 3640 Φαρὴ
2570 3577 2666 3642 τὴν
2707 3578 2881 3640 πόλιν,
2921 3579 3123 3638 πάντας
3176 3583 3353 3632 ἀνεῖλε
3379 3587 3526 3644 ,τοὺς
3577 3587 3635 3635 ἐν
3665 3590 3782 3647 τοῖς
3815 3593 3964 3652 ζραστ-

2385 3663 2568 3729 λείοις,
2601 3667 2895 3737 ἐκκλησίαν
2918 3686 2976 3721 τε
3003 3671 3060 3721 ἐν
3086 3671 3222 3741 αὐτῇ
3249 3672 3776 3743 οἰκοδομησάμενος,
3807 3679 3962 3739 αῦτὶς

2384 3759 2594 3824 πρῶτος
2626 3760 2923 3831 αὐτουργὸς
2983 3763 3080 3834 τῆς
3130 3765 3419 3835 οἰκοδομῆς
3469 3767 3705 3835 γίνεται.
3743 3772 3962 3842 Ἐὁῄλου

2385 3865 2442 3900 τε
2471 3851 2537 3901 τὰ
2571 3850 3030 3920 διαπεπραγμένα
3067 3857 3245 3908 πάντα
3304 3858 3381 3925 τῷ
3422 3859 3838 3931 Ἀλεξανδρείας
3873 3866 3964 3933 ἁρ-

2384 3945 2690 4011 χιερείκαί
2739 3944 2807 3995 δι’
2886 3947 3096 4000 ἐκείνου
3159 3950 3426 4020 Ίουστίνῳ
3481 3953 3558 4021 τῷ
3612 3954 3854 4022 βασιλεῖ.
3903 3956 3960 4009 Ὀ

2387 4038 2570 4103 μέντοι
2645 4039 2993 4111 πατριάρχης
3063 4042 3475 4112 ’Λλεξανδρείας
3540 4063 3956 4118 χειροτοντσσας,

2383 4127 2681 4179 ἐπίσκοπον
2716 4134 2823 4191 τοῖς
2868 4133 3190 4201 Ὀμηριταῖς
3240 4136 3553 4204 ἐξέπεμπεν
3577 4154 3590 4167 ⁸
3657 4141 3716 4201 ὃς
3752 4148 3844 4191 και
3876 4147 3961 4192 τὸν

2383 4218 2806 4289 οἰκοδομηθέντα
2860 4222 3208 4290 καθαγιάσας
3247 4225 3372 4279 ναὸν
3404 4227 3666 4296 βαπτίζει
3705 4235 3806 4300 μὲν
3841 4239 3960 4296 τοὺς

2383 4313 2440 4362 ἐν
2482 4314 2600 4376 ταῖς
2631 4313 2822 4368 πόλεσι
2877 4315 2972 4369 καὶ
3008 4315 3214 4387 χώραις
3273 4320 3380 4371 τῶν
3427 4321 3746 4392 Ὀμηριτῶν
3789 4327 3960 4378 ᾶπανο

2383 4418 2502 4464 τας,
2553 4405 2610 4454 ὲν
2657 4403 2733 4472 τῷ
2772 4407 2868 4474 τῆς
2906 4408 3066 4475 ἁγίας
3121 4410 3348 4479 Ἱ’ριάδος
3381 4412 3640 4482 ὀνόματι⁶
3677 4417 3956 4478 διακόνους

2385 4493 2440 4545 δὲ
2476 4492 2535 4556 ἐξ
2565 4494 2745 4546 αὐτῶν
2780 4499 2876 4547 καὶ
2903 4499 3311 4568 πρεσϐυτέρους
3357 4511 3683 4572 χειροτονεῖ,
3747 4512 3841 4560 καὶ
3872 4521 3963 4576 την

2382 4585 2549 4654 ἄλλην
2581 4588 2979 4659 νενομισμένην
3005 4593 3123 4654 ταῖς
3152 4594 3293 4644 κατὰ
3317 4594 3478 4645 τόπον
3511 4597 3845 4668 ἐκκλησίαις
3875 4622 3961 4654 7.;-

2383 4678 2646 4729 τάστασιν
2681 4679 3031 4735 ἀποδίδωσιν.

2454 4767 2576 4822 AE'.
2637 4771 2810 4834 Αὐτὸς
2854 4773 2909 4824 δὲ
2949 4776 2978 4825 ὁ
3021 4774 3295 4839 Θειότατος
3342 4777 3598 4848 βασιλεὺς
3639 4783 3954 4847 Ἐλεσϐαάν,

2384 4859 2499 4928 ἅμα
2530 4862 2677 4930 αὐτῷ
2704 4865 2779 4924 εἰς
2811 4861 3028 4933 Νεγρὰν
3057 4867 3155 4936 τὴν
3189 4869 3296 4920 τῶν
3324 4872 3621 4942 μαρτύρων
3647 4879 3957 4945 ἀφικνεῖται

2385 4952 2538 5003 πόλιν
2563 4967 2578 4983 ·
2623 4955 2844 5005 κάκεῖσε
2897 4956 3276 5027 δομησάμενος
3313 4962 3632 5033 ἐκκλησίαν,
3684 4974 3781 5021 καὶ
3813 4975 3960 5023 πέντε

2385 5042 2495 5094 τῶν
2526 5042 2822 5111 βασιλικῶν
2853 5051 3147 5119 κτημάτων
3198 5053 3256 5104 ὲν
3309 5055 3444 5123 αὐτῇ
3489 5059 3801 5126 ἀποτάξας,
3853 5063 3960 5116 εἶτα

2385 5137 2477 5186 καὶ
2505 5137 2569 5186 ὲκ
2606 5135 2716 5191 τῶν
2761 5135 2857 5191 τοῦ
2910 5141 3188 5212 μάρτυρος
3239 5145 3436 5216 Ἀρέθα
3479 5151 3610 5218 τρία
3671 5156 3958 5224 προσθεὶς,

2385 5227 2459 5288 ὼς
2494 5228 2703 5294 ἐκεῖνος
2733 5233 2862 5304 περὶ
2895 5235 2966 5286 τὰ
3005 5236 3105 5306 τῆς
3136 5241 3442 5309 μαρτυρίας
3469 5243 3599 5313 τέλη
3657 5249 3960 5319 ἐπέσκηψε.

2391 5320 2599 5381 πάντας
2631 5340 2689 5374 τε
2720 5341 2848 5387 τους
2893 5327 3454 5399 ήνδραποδισμένους,
3502 5338 3598 5387 καί
3632 5341 3765 5403 τοὺς
3798 5346 3965 5405 ἄλλως

2397 5409 2920 5485 διεσκορπισμενους
2955 5420 3013 5471 ὲν
3057 5421 3133 5490 τῷ
3164 5424 3258 5475 τοῦ
3285 5425 3529 5494 διωγμοῦ
3599 5435 3786 5502 καιρῷ
3836 5452 3957 5486 συν-

2388 5501 2632 5570 Θροίσας,
2686 5511 2779 5558 και
2809 5509 2900 5561 τὸν
2931 5509 3022 5561 τοῦ
3059 5511 3203 5564 Θείου
3230 5517 3537 5587 ,μάρτυρος
3579 5501 3786 5591 Ἀρεϋᾲ
3833 5527 3962 5590 υἱὸν,

2391 5596 2485 5648 τοῦ
2539 5597 2726 5661 ἔθνους
2777 5601 3018 5672 ἀρχηγὸν
3047 5609 3421 5677 καταστήσας,
3476 5613 3965 5687 ἐπιμελησάμενός

2387 5705 2445 5740 τε
2514 5691 2671 5745 τοῦτό
2729 5711 2832 5747 που
2866 5697 2920 5748 ὲν
2948 5690 2991 5765 ᾧ
3033 5699 3102 5752 τὰ
3131 5700 3236 5753 τῶν
3271 5705 3571 5777 μαρτύρων
3609 5711 3964 5767 τελειωίεέκτι
