4142 6508
714 465 729 525 l
742 466 838 530 287

1991 458 2274 520 MENSIS
2311 459 2671 522 OCTOBER.

3835 456 3956 522 1288

707 594 863 641 rem,
904 573 1116 628 inferne
1173 581 1354 626 autem
1413 570 1655 624 lanceam
1707 585 1830 624 cum
1895 579 2192 634 enatasset,
2231 578 2281 624 et

2389 569 2629 640 Κύριον·
2672 572 2765 622 καὶ
2827 570 2990 633 αὐτὸς
3046 572 3314 640 ἐπήκουεν
3367 571 3567 636 αὐτῶν,
3624 571 3724 624 καὶ
3763 573 3950 636 εὐθέως

709 669 872 721 unius
908 665 1029 735 cqui
1063 664 1286 718 caudam
1343 661 1830 732 apprehendisset,
1883 662 1934 715 in
1978 665 2098 730 ejus
2145 664 2289 717 latus

716 760 829 828 ligit
860 759 1103 812 lanceam
1135 756 1287 820 adeo,
1350 766 1408 808 ut
1452 771 1575 808 mox
1624 756 1874 809 turbatus
1911 771 2081 823 equus
2134 755 2285 822 deje-

705 850 844 903 cerit
886 849 1094 902 hostem
1121 886 1134 908 ,
1184 855 1240 899 et
1272 845 1360 898 alii
1396 845 1608 914 equites
1672 846 1863 898 timore
1911 845 2088 898 allecti
2149 846 2290 899 ceci-

706 944 884 998 derint
919 942 972 995 in
1010 953 1208 996 terram

2393 663 2545 730 φωνή
2586 679 2664 724 τις
2723 661 3016 732 οὐρανόθεν
3073 660 3320 731 ἠκούετο,
3379 662 3638 728 λέγουσα,
3696 663 3948 732 Γαϐριὴλ,

2390 754 2649 821 Γαδριὴλο
2702 754 2964 823 Γαϐριήλο
2999 755 3091 806 καί
3130 772 3212 816 τις
3248 753 3305 818 ἐξ
3345 756 3589 816 ἐκείνων,
3621 756 3670 807 οἶ
3711 756 3779 806 τὰ
3814 757 3953 806 nisi:

2387 843 2633 907 διώθουν,
2665 845 2890 913 σιδηρᾶν
2921 846 3100 913 ςέρων
3124 845 3339 914 ῥάϐδον,
3368 847 3598 914 σταυρὸν
3630 846 3734 915 μὲν
3762 848 3952 898 ἂνωέεν

2388 938 2636 1005 ἔχουσαν,
2675 937 2875 1004 λόγχην
2906 939 2960 989 δὲ
2999 939 3265 1001 κάτωθεν,
3301 939 3722 1006 διανηξάμενος.
3757 942 3848 990 καὶ
3874 941 3951 988 οὐ-

705 1036 804 1103 ρᾶς
854 1034 973 1096 ἐνὸς
1033 1032 1200 1084 ἵππου
1261 1030 1675 1100 ἐπιλαϐόμενος,
1729 1031 1872 1085 κατὰ
1936 1030 2036 1097 τῆς
2099 1027 2291 1083 τούτου
2358 1029 2602 1098 πλευρᾶς
2658 1028 2756 1097 τὴν
2809 1028 3009 1096 λόγχην
3070 1031 3468 1096 κειταττητνὺει,
3511 1031 3584 1092 ὡς
3625 1032 3824 1083 αὐτίκα
3858 1034 3956 1081 6.5-

702 1129 1046 1200 ταραχθὲντα
1099 1127 1190 1180 τὸν
1249 1127 1433 1190 ἵππον,
1489 1121 1787 1181 ἀποϐαλεῖν
1843 1127 1935 1180 τὸν
1992 1127 2268 1195 πολέμιον,
2331 1124 2584 1186 καὶτοὺς
2637 1124 2828 1186 ἄλλους

701 1223 802 1290 γῆν
836 1221 1160 1289 τραπέσθαι.

780 1314 1022 1369 XXXIII.
1068 1315 1419 1371 Confidentes
1469 1315 1650 1384 itaque
1695 1314 1980 1384 lEthiopes
2027 1329 2148 1368 cmn
2199 1314 2290 1369 de-

705 1407 1050 1460 scendissent
1082 1421 1110 1459 e
1142 1407 1394 1468 navibus,
1419 1417 1473 1460 et
1506 1422 1702 1460 manus
1727 1406 2137 1460 conseruissent
2168 1421 2287 1459 cum

707 1499 974 1563 hostibus,
1012 1513 1106 1551 eos
1144 1497 1426 1563 fuderunt,
1465 1510 1518 1551 et
1547 1515 1739 1552 omnes
1773 1498 2189 1558 interfecerunt,
2235 1506 2288 1551 et

705 1590 913 1658 regium
977 1589 1201 1657 ingressi
1261 1589 1714 1655 tabernaculum,
1776 1590 2065 1643 inveniunt
2115 1605 2283 1644 aurea

705 1692 893 1732 catena
931 1679 1168 1732 vinetum
1208 1696 1329 1734 cum
1367 1682 1453 1743 iis,
1491 1681 1582 1749 qui
1613 1697 1812 1746 genere
1845 1683 1908 1734 ad
1943 1682 2117 1751 ipsum
2153 1683 2279 1734 atti-

705 1773 927 1835 nebant,
959 1771 1187 1824 Dunaan
1231 1787 1410 1841 regem
1453 1773 1762 1828 Hebraeum.
1807 1773 1939 1828 Cum
1970 1784 2148 1828 autem
2194 1775 2276 1827 in-

2890 1124 3077 1186 ἱππεῖς
3130 1126 3615 1188 ἀποδειλιάσαντας
3676 1127 3812 1194 πρὸς
3874 1129 3955 1192 τήν

2463 1306 2583 1360 AI".
2632 1305 3141 1374 Ἀναθαρσήσαντες
3192 1304 3246 1356 δὲ
3280 1305 3327 1355 οἱ
3381 1303 3641 1366 Αἰθιόπες
3694 1310 3791 1360 καὶ
3843 1312 3955 1363 ἀπο-

2392 1398 2588 1462 ϐάντες
2647 1399 2755 1450 τῶν
2810 1398 3037 1463 πλοίων,
3097 1400 3194 1450 καὶ
3245 1398 3613 1466 α’)μιόαλόντες
3652 1403 3769 1460 τοῖς
3805 1405 3946 1455 πολε-

2389 1490 2554 1558 μίοις,
2592 1491 2891 1559 ἐτρέψαντό
2928 1509 2985 1544 τε
3027 1493 3120 1543 καὶ
3166 1491 3565 1560 διεχειρίσαντο
3600 1495 3837 1555 πάντας,
3874 1502 3952 1548 καὶ

2390 1585 2472 1644 εἰς
2511 1581 2606 1652 τὴν
2643 1583 2914 1652 βασίλειον
2945 1583 3192 1647 ἐλθόντες
3254 1584 3481 1654 σκηνὴν,
3522 1585 3877 1653 εὑρίσκουσιν
3905 1594 3951 1641 ἐν

2395 1676 2583 1729 ἁλύσει
2622 1678 2795 1746 χρυσῇ
2837 1675 3126 1744 δεδεμένον
3176 1674 3270 1728 σὺν
3324 1681 3436 1739 τοῖς
3472 1683 3820 1748 προσηκουσι
3875 1684 3955 1734 καί

2391 1769 2554 1823 αὑτὸν
2593 1770 2655 1840 δὴ
2713 1771 2956 1823 Δουναὰν
2984 1769 3074 1822 τὸν
3123 1769 3398 1840 Ἐϐραῖον.
3459 1772 3746 1835 Μαθὸντες
3783 1775 3836 1826 δὲ
3875 1777 3954 1828 καὶ

704 1864 1042 1918 ιρΙιιιιίεεεηι
1073 1881 1230 1918 suum
1267 1880 1484 1935 quoque
1523 1884 1705 1936 regem
1739 1869 2274 1937 prazstantissimum,

2390 1864 2480 1914 τὸν
2521 1861 2732 1916 ἑαυτῶν
2768 1862 2991 1930 βασιλέα
3031 1861 3123 1916 τὸν
3179 1864 3408 1929 ἄριστον
3449 1863 3627 1919 πάντα
3669 1866 3955 1921 Ἐλεσεαὰν

705 1966 759 2009 et
791 1958 937 2010 omni
974 1971 1038 2010 ex
1072 1968 1225 2029 parte
1269 1960 1534 2027 Optimum
1576 1959 1838 2014 Elesbaan
1873 1960 1978 2013 illic
2015 1975 2279 2028 occupas-

707 2057 786 2102 set
818 2049 1041 2118 regiam,
1070 2065 1297 2119 propere
1327 2051 1392 2104 ad
1427 2065 1549 2104 eum
1584 2061 1955 2115 accesserunt,
1988 2063 2041 2105 et
2073 2052 2278 2117 omnia,

707 2157 826 2208 qua":
856 2148 1004 2212 gesta
1043 2140 1277 2204 Inerant,
1305 2151 1694 2211 exposuerunt.
1729 2142 1822 2196 Ille
1869 2153 2076 2208 autem,
2140 2159 2282 2214 prmo

709 2233 849 2287 sidio
884 2234 1072 2287 relicto
1104 2233 1154 2286 in
1203 2232 1446 2294 civitate,
1502 2235 1736 2287 maxima
1789 2235 1926 2288 abiit
1981 2235 2278 2290 celeritate.

708 2325 775 2379 Et
804 2339 925 2378 cum
959 2325 1255 2379 invenisset
1288 2324 1513 2377 Dnnaan
1557 2340 1721 2379 aurea
1755 2325 1841 2378 illa
1884 2326 2128 2381 vinctum
2177 2343 2279 2382 ca—

707 2423 856 2476 tena,
891 2415 1066 2482 ipsum
1099 2412 1375 2466 interfecit
1405 2424 1458 2466 et
1494 2423 1774 2481 cognatos,
1821 2415 1989 2467 Deum
2031 2417 2278 2482 laudans,

708 2515 763 2558 et
823 2506 1089 2560 insultans
1142 2504 1345 2558 Christi
1407 2504 1696 2570 hosubus,
1756 2522 1972 2577 pinnam
2021 2509 2281 2562 dantibus

707 2598 994 2652 audacium
1039 2613 1262 2652 suorum
1305 2597 1642 2661 facinorum,
1688 2614 1807 2666 qua:
1853 2599 2187 2652 admiserant
2227 2600 2279 2651 in

699 2689 978 2742 Christum
1030 2698 1085 2742 et
1135 2689 1342 2742 Christi
1412 2704 1650 2742 crucem.
1715 2707 1732 2739 ι
1786 2689 2083 2744 Laetabitur
2135 2690 2280 2744 enim

705 2780 886 2847 justus
925 2779 1134 2847 (inquit
1185 2793 1416 2848 magnus
1473 2778 1684 2849 David)
1733 2795 1854 2834 cum
1912 2780 2107 2834 viderit
2159 2781 2280 2834 vin-

708 2871 905 2924 dictam
944 2872 985 2924 ⁷.
1029 2889 1044 2920 ι
1088 2871 1151 2924 Et
1188 2872 1308 2925 ideo
1337 2870 1426 2940 qui
1481 2888 1546 2924 ex
1599 2872 1679 2925 eis
1725 2871 1944 2927 fuerunt
1987 2866 2275 2938 vulnerati,

717 2980 734 3011 ι
770 2976 879 3014 non
911 2959 1132 3015 fuerunt
1179 2961 1446 3016 vulnerati
1511 2963 1687 3034 gladio
1745 2971 1836 3034 (ut
1888 2966 2018 3018 dicit
2068 2966 2282 3018 divinus

709 3050 911 3119 Isaias)
974 3066 1150 3119 neque
1203 3053 1401 3105 mortui
1456 3067 1688 3113 eorum,
1751 3054 1950 3106 mortui
2002 3053 2142 3107 bello
2173 3055 2212 3107 ⁸.
2256 3074 2274 3106 ι

709 3139 806 3193 Est
841 3142 982 3193 enim
1018 3155 1104 3194 res
1141 3138 1299 3195 fortis
1329 3148 1382 3195 et
1417 3140 1570 3205 dura,
1605 3143 1684 3195 ira
1743 3143 1835 3197 Dei
1864 3145 2008 3214 (ipse
2039 3160 2124 3200 me
2163 3163 2280 3201 rur-

707 3246 802 3285 sus
830 3231 1042 3299 docet),
1077 3243 1134 3284 ut
1165 3232 1400 3303 grando,
1456 3249 1573 3304 quae
1607 3233 1860 3290 deorsum
1909 3238 2114 3300 fertur,
2170 3253 2278 3291 non

710 3322 916 3375 habens
965 3334 1332 3392 tegumentum
1372 3335 1475 3380 :ut
1527 3341 1680 3395 aqua:
1721 3342 1928 3395 magna:
1963 3319 2273 3394 multitudo,

707 3429 831 3481 qua:
865 3415 1031 3468 trahit
1061 3418 1336 3484 regionem
1367 3419 1408 3470 '.

779 3504 1018 3560 XXXIV.
1061 3506 1335 3562 Reversus
1388 3523 1517 3578 ergo
1566 3507 1832 3564 Elesbaan
1884 3511 1950 3565 ad
2003 3512 2275 3569 civitatem

708 3594 905 3658 Phare,
943 3613 1132 3652 omnes
1162 3599 1454 3666 interemit,
1487 3603 1575 3670 qui
1607 3614 1762 3656 erant
1795 3605 1847 3656 in
1874 3606 2042 3673 regia,
2068 3619 2122 3659 et
2154 3623 2276 3660 cmn

711 3688 870 3742 vellet
917 3691 1202 3745 ecclesiam
1256 3694 1311 3745 in
1365 3708 1426 3744 ea
1454 3694 1744 3756 aediﬁcare,
1779 3694 1882 3747 fuit
1923 3695 2037 3764 ipse
2068 3697 2279 3767 primus

709 3780 889 3849 opifex
947 3783 1182 3834 aidilicii.
1244 3780 1575 3851 Significavit
1633 3796 1816 3840 autem
1883 3789 2100 3854 omnia,
2158 3805 2278 3859 qua:

712 3879 861 3934 gesta
913 3869 1167 3930 fuerant,
1205 3871 1446 3940 pontifici
1481 3874 1856 3940 Alexandriae,
1893 3887 1946 3929 et
1992 3893 2090 3946 per
2124 3881 2275 3932 illum

711 3955 930 4012 Justino
967 3959 1302 4028 imperatori.
1338 3960 1651 4016 I’atriarcha
1697 3975 1878 4018 autem
1936 3968 2278 4025 Alexandriae

711 4051 1020 4104 ordinatum
1077 4054 1395 4121 episcopum
1462 4055 1610 4108 misit
1662 4056 1729 4110 ad
1783 4056 2107 4114 Homeritas.
2175 4063 2276 4126 Qui

710 4158 835 4196 cum
870 4143 977 4195 illis
1004 4155 1381 4198 consecrasset
1414 4149 1692 4214 templum,
1725 4151 1869 4217 quod
1902 4150 2078 4206 fuerat
2110 4153 2277 4207 aedifi-

711 4243 912 4296 catum,
946 4232 1184 4302 baptizat
1212 4235 1433 4304 quidem
1474 4252 1682 4304 omnes,
1714 4240 1804 4310 qui
1847 4253 2003 4295 erant
2035 4243 2086 4296 in
2139 4245 2276 4299 civi-

715 4323 915 4376 tatibus
945 4333 1000 4376 et
1045 4326 1196 4394 pagis
1236 4325 1675 4393 Homeritarum,
1713 4330 1767 4383 in
1812 4335 2032 4387 nomine
2076 4345 2276 4390 sanctae

713 4414 1018 4468 Trinitatis.
1048 4415 1123 4468 Ex
1164 4417 1243 4468 eis
1281 4426 1459 4470 autem
1491 4419 1710 4473 ordinat
1749 4421 2005 4477 diaconos
2054 4434 2110 4477 et
2152 4441 2275 4494 pre-

2388 1955 2487 2023 τὴν
2523 1953 2800 2022 βασίλειον
2837 1955 3189 2022 κατασχόντα
3219 1955 3374 2007 πόλιν
3425 1955 3607 2008 ἐκεῖσε
3644 1960 3950 2028 τυγχάνειν,

2385 2045 2585 2115 σπουδῇ
2605 2063 2660 2096 τε
2685 2046 2758 2107 ὡς
2785 2045 2946 2097 αὐτὸν
2970 2044 3248 2113 ἀφίκοντο,
3281 2047 3373 2098 καὶ
3401 2046 3578 2098 πάντα
3601 2050 3667 2098 τὰ
3703 2052 3956 2116 γενόμενα

2384 2137 2696 2204 διεσάφουν.
2737 2138 2795 2191 '0
2828 2137 2911 2201 δὲ,
2951 2137 3200 2206 φρουρὰν
3232 2138 3288 2186 ἐν
3336 2139 3403 2207 τῇ
3438 2139 3588 2189 πόλει
3624 2141 3953 2207 καταλιπὼν,

2383 2229 2548 2300 ἀπῄει
2587 2230 2683 2281 σὺν
2719 2229 2892 2298 τάχει,
2928 2228 3026 2279 καὶ
3067 2228 3156 2279 τὸν
3187 2228 3429 2280 Δσυναὰν
3464 2228 3667 2298 εὑρὼν,
3702 2232 3803 2299 τὴν
3834 2251 3956 2301 χρυ-

2385 2322 2482 2392 σῆν
2542 2321 2760 2389 ἐκείνην
2819 2318 3212 2387 περικείμενον
3281 2317 3494 2384 ἅλυσιν,
3532 2321 3698 2374 αὐτόν
3758 2340 3815 2375 τε
3872 2328 3955 2378 καὶ

2383 2415 2508 2474 τοὺς
2535 2413 2822 2477 συγγενεῖς
2855 2410 3089 2471 ἀνεῖλεν,
3121 2409 3449 2472 ὲπιθειάζων
3478 2411 3672 2475 πολλὰ,
3713 2417 3806 2466 καὶ
3835 2419 3956 2484 εφη-

2386 2503 2608 2570 δόμενος
2640 2501 2732 2551 ἐπὶ
2762 2501 2869 2560 τοῖς
2907 2499 3122 2568 ἐχθροῖς
3155 2500 3246 2552 τοῦ
3279 2501 3543 2571 Χριστοῦ,
3569 2502 3727 2573 δίκην
3761 2506 3952 2557 διδοῦσι

2389 2593 2499 2644 τῶν
2531 2590 2934 2661 τολμηθέντων,
2991 2585 3065 2642 ὦν
3117 2607 3173 2642 τε
3231 2593 3310 2653 εἰς
3362 2593 3727 2661 Χριστιανοὺς
3770 2598 3952 2659 αὖτοὺς

2384 2686 2476 2736 καὶ
2510 2685 2600 2736 τὶν
2625 2681 2715 2736 τοῦ
2744 2682 2980 2752 Χριστοῦ
3031 2685 3265 2751 σταυρὸν
3313 2684 3767 2754 ἐπλημμελησαλ.
3810 2708 3826 2737 ι
3857 2688 3949 2738 BL.

2383 2777 2757 2846 φρανθήσεται
2793 2777 2901 2840 γὰρ
2932 2773 3139 2833 δίκαιος
3159 2776 3206 2840 (ὁ
3239 2773 3413 2840 μέγας
3442 2775 3544 2843 ἕςρη
3575 2778 3784 2842 Anici),
3822 2782 3940 2832 ὅταν

2384 2865 2467 2932 ἰδῃ
2503 2865 2802 2932 ἐκδίκησιν.
2848 2882 2865 2912 ι
2897 2866 2995 2916 Διά
3023 2863 3176 2914 τοῦτο
3234 2866 3325 2915 καὶ
3380 2868 3668 2934 γεγόνασιν
3715 2874 3764 2923 οἱ
3801 2890 3952 2940 τραυ-

2386 2955 2572 3018 ματίαι
2607 2953 2800 3024 αὐτῶν,
2840 2973 2857 3004 ι
2900 2955 2959 3005 οὐ
2989 2957 3326 3023 τραυματίαι
3381 2961 3678 3028 μαχαίρας,
3716 2981 3733 3010 ›
3770 2963 3830 3013 τὸ
3866 2962 3949 3014 τοῦ

2385 3042 2527 3094 θείου
2584 3046 2746 3111 φάναι
2782 3045 3029 3111 Ἡσαΐου,
3069 3065 3085 3098 ι
3123 3046 3234 3099 οὗθ’
3263 3049 3311 3099 οἰ
3344 3052 3529 3118 νεκροὶ
3562 3052 3747 3102 αὑ.ὡν
3780 3055 3953 3122 νεκροὶ

2383 3137 2644 3206 πολέμου.
2685 3157 2702 3188 ι
2743 3141 2985 3210 ’ἰσχυρδν
3036 3143 3144 3210 γὰρ
3175 3142 3268 3192 καὶ
3313 3143 3545 3210 σκληρὸν
3576 3146 3603 3194 ὁ
3640 3144 3811 3211 θυμδς
3845 3148 3949 3198 Κν-

2389 3230 2528 3294 ρίου,
2572 3231 2733 3290 αὑτός
2795 3247 2860 3297 με
2897 3231 3136 3282 διδάσκει
3188 3232 3376 3295 πάλιν,
3414 3231 3486 3294 ὡς
3533 3233 3748 3301 χάλαζα
3794 3245 3952 3288 κατα-

2389 3319 2688 3387 φερομένη,
2723 3321 2820 3371 οὐκ
2852 3321 3051 3389 ἔχουσα
3087 3324 3314 3391 σκέπην,
3340 3323 3413 3388 ὡς
3441 3324 3631 3388 ὕδατος
3669 3327 3803 3379 πολ)
3831 3327 3957 3398 πλῆ-

2389 3409 2478 3472 θος
2511 3409 2672 3480 σύρον
2705 3412 2910 3482 χώραν.

2456 3501 2575 3556 ΛΔ’.
2631 3505 2795 3568 Αὖθις
2850 3506 2943 3559 οὖν
2981 3507 3333 3578 ὑποστρέψας
3379 3510 3678 3564 Ἐλεσὸαέιν
3729 3513 3859 3581 πρὸς
3892 3514 3955 3567 τὰ

2386 3592 2538 3659 «nam
2570 3594 2667 3661 τὴν
2706 3597 2880 3658 πόλιν,
2921 3597 3122 3656 πάντας
3177 3601 3354 3650 ἀνεῖλε
3380 3605 3526 3663 ,τοὺς
3577 3604 3635 3653 ὲν
3664 3607 3779 3665 τοῖς
3812 3607 3956 3670 βασι-

2386 3681 2568 3747 λείοις,
2601 3685 2895 3754 ἐκκλησίαν
2918 3703 2977 3739 τε
3005 3689 3061 3739 ἐν
3087 3689 3222 3759 αὐτῇ
3249 3690 3774 3760 οἰκοδομησάμενος,
3803 3697 3954 3758 aeu;

2384 3776 2594 3842 πρῶτος
2625 3778 2924 3849 αὐτουργὸς
2983 3781 3081 3852 τῆς
3131 3783 3420 3853 οἰκοδομῆς
3470 3787 3704 3852 γίνεται.
3741 3789 3954 3860 Ἐὁηλου

2385 3884 2442 3918 τε
2472 3869 2537 3918 τὰ
2571 3868 3030 3938 διαπεπραγμένα
3068 3875 3246 3926 πάντα
3305 3876 3382 3943 τῷ
3423 3877 3836 3950 ’Δλεξανδρείας
3867 3883 3956 3950 ἀρα

2384 3962 2558 4029 χιερεί
2596 3963 2689 4013 καὶ
2739 3961 2807 4013 δι’
2886 3965 3096 4018 ἐκείνου
3159 3968 3426 4038 Ἰουστίνῳ
3481 3971 3558 4039 τῷ
3613 3972 3851 4040 βασιλεῖ,
3897 3974 3952 4026 '0

2387 4056 2569 4121 μέντοι
2645 4057 2994 4128 πατριάρχης
3063 4060 3475 4130 Ἀλεξανδρείας
3540 4081 3948 4135 χειροτονησας,

2383 4145 2681 4197 ἐπίσκοπον
2716 4151 2823 4208 τοῖς
2869 4151 3192 4219 Ὀμηριταῖς
3240 4154 3554 4220 ἐξέπεμπεν
3577 4172 3590 4184 ο
3657 4157 3715 4219 ὃς
3751 4168 3841 4208 καί
3873 4162 3955 4209 τὸν

2383 4236 2806 4308 οἰκοδομηθέντα
2861 4240 3208 4309 καθαγιάσας
3247 4243 3372 4296 ναὸν
3405 4244 3666 4314 βαπτίζει
3705 4252 3806 4318 μὲν
3840 4256 3955 4313 τοὺς

2383 4331 2440 4380 ὲν
2482 4333 2601 4394 ταῖς
2632 4330 2823 4385 πόλεσι
2879 4334 2974 4387 καὶ
3008 4333 3214 4405 χώραις
3274 4337 3381 4389 τῶν
3428 4339 3746 4410 Ὀμηριτὼν
3788 4346 3956 4396 ᾶπαν-

2383 4436 2501 4482 τας,
2553 4423 2610 4472 ὲν
2657 4421 2733 4490 τῷ
2772 4423 2868 4492 τῆς
2907 4425 3066 4494 ἁγίας
3121 4429 3349 4498 Ἱριάδος
3381 4431 3640 4500 ὀνόματι⁶
3677 4435 3952 4496 διακόνους

713 4506 992 4574 sbyteros;
1036 4516 1088 4558 et
1122 4508 1383 4573 ccclesiis,
1419 4526 1535 4579 qua:
1569 4521 1722 4566 erant
1747 4513 1798 4566 in
1834 4515 2071 4585 regione,
2106 4517 2277 4573 reddit

2386 4511 2441 4564 δὲ
2476 4510 2535 4574 ἐξ
2564 4512 2745 4564 αὐτῶν
2781 4517 2877 4565 καὶ
2903 4517 3312 4586 πρεσϐυτέρους
3358 4529 3684 4591 χειροτονεῖ,
3746 4531 3841 4578 καὶ
3872 4535 3961 4595 την

713 4606 912 4650 statum
943 4612 1102 4650 suum
1134 4599 1368 4653 solitum.

784 4775 1002 4829 XXXV.
1065 4777 1455 4832 DiviniSsimus
1500 4791 1678 4834 autem
1723 4801 1815 4836 rex
1864 4785 1978 4854 ipse
2024 4786 2282 4844 Eiesbaan

719 4865 879 4919 simul
910 4883 1032 4920 cum
1063 4882 1129 4921 eo
1166 4868 1311 4922 venit
1343 4869 1572 4939 Nagram
1620 4882 1916 4944 martyrum
1965 4879 2239 4934 civitatem
2267 4898 2280 4945 ;

715 4971 768 5011 et
827 4975 949 5011 cum
1000 4959 1110 5012 illic
1170 4961 1522 5015 exstruxisset
1573 4966 1877 5033 ecclesiam,
1943 4979 1994 5023 et
2047 4972 2286 5040 quinque

715 5051 1092 5118 possessiones
1158 5053 1333 5121 regias
1407 5055 1456 5106 ei
1528 5057 1894 5124 attribuisset,
1964 5071 2019 5114 et
2087 5064 2286 5118 deinde

715 5145 878 5194 etiam
915 5159 975 5196 ex
1011 5145 1264 5214 martyris
1291 5147 1508 5200 Arctha:
1539 5151 1978 5217 possessionibus
2029 5163 2138 5209 tres
2189 5157 2287 5210 ad-

716 5230 958 5294 ὼόίεευι,
1015 5241 1073 5284 ut
1115 5232 1204 5285 ille
1243 5236 1597 5292 mandaverat
1649 5240 1704 5292 in
1753 5241 1860 5295 line
1913 5245 2176 5313 martyrii,
2233 5255 2287 5299 et

717 5323 1023 5392 collegisset
1074 5339 1284 5390 omnes,
1315 5328 1408 5396 qui
1453 5329 1667 5384 fuerant
1702 5334 1905 5388 redacti
1955 5336 2008 5388 in
2060 5339 2287 5391 servitu-

722 5423 853 5466 tem.
897 5424 948 5469 et
985 5416 1120 5469 alias
1149 5418 1377 5486 (Μενεξτεί
1405 5420 1457 5473 in
1487 5432 1726 5490 tempore
1764 5428 2169 5494 persecutionis
2191 5472 2204 5495 ,
2234 5439 2289 5482 et

719 5505 936 5558 Arethte
964 5510 1214 5577 martyris
1249 5510 1414 5563 lilium
1449 5514 1640 5566 ducem
1676 5519 1850 5585 gentis
1889 5522 2287 5587 constituisset,

717 5605 772 5647 et
802 5613 981 5650 curam
1013 5602 1272 5669 gessisset
1327 5605 1451 5669 loci,
1490 5606 1543 5658 in
1587 5623 1693 5673 quo
1748 5610 2001 5676 iacebant
2051 5613 2122 5665 ibi
2157 5629 2289 5666 con-

717 5701 997 5743 summata:
1049 5705 1344 5764 martyrum
1403 5700 1678 5766 reliquiae,
1744 5710 1796 5752 et
1856 5704 1944 5769 jus
1996 5705 2128 5771 asyli
2181 5704 2289 5758 illic

796 5877 813 5906 ⁷
839 5877 979 5934 Psal.
1014 5896 1043 5933 ι..
1089 5895 1144 5943 It,
1178 5883 1258 5932 H.

1349 5881 1366 5911 ⁸
1397 5882 1494 5939 lsa.
1534 5900 1663 5946 xxix,
1692 5885 1741 5938 2.
1840 5888 1855 5915 °
1884 5885 1982 5938 lsa.
2023 5903 2213 5947 xxvut.
2249 5889 2300 5944 2.

2382 4604 2549 4672 ἄλλην
2581 4606 2979 4677 νενομισμένην
3006 4611 3123 4672 ταῖς
3153 4613 3294 4663 κατὰ
3319 4613 3479 4664 τόπον
3512 4617 3847 4687 ἐκκλησίαις
3876 4640 3961 4673 κεο

2383 4696 2646 4747 τάστασιν
2681 4697 3032 4754 ἀποδίδωσιν.

2455 4786 2576 4840 ΛΕ¹.
2638 4790 2810 4852 Αὐτὸς
2855 4791 2910 4842 δὲ
2950 4795 2978 4844 ὀ
3021 4792 3296 4857 θειότατος
3343 4796 3599 4866 βασιλεὺς
3639 4801 3956 4865 Ἐλεσὸαὰν,

2384 4877 2499 4946 ἅμα
2530 4880 2678 4947 αὑτῷ
2704 4883 2779 4942 εἰς
2811 4879 3028 4951 Νεγρὰν
3057 4884 3154 4955 τὴν
3190 4887 3297 4939 τῶν
3325 4891 3622 4960 μαρτύρων
3648 4897 3959 4963 ἀφικνεῖται

2385 4970 2539 5020 πόλιν
2564 4985 2579 5002 ο
2623 4973 2845 5023 κάκεῖσε
2897 4973 3278 5046 δομησάμενος
3314 4980 3632 5052 ἐκκλησίαν,
3686 4993 3783 5040 καὶ
3815 4994 3961 5042 πέντε

2385 5060 2495 5111 τῶν
2527 5059 2823 5129 βασιλικῶν
2853 5069 3147 5137 κτημάτων
3199 5071 3257 5123 ὲν
3309 5073 3444 5141 αὐτῇ
3489 5077 3805 5146 ἀποτάξας,
3857 5083 3961 5135 εἶτα

2386 5153 2477 5204 καὶ
2506 5155 2569 5204 ἐκ
2606 5153 2715 5209 τῶν
2761 5153 2857 5208 τοῦ
2911 5159 3189 5230 μάρτυρος
3240 5164 3436 5234 ’Δρέθα
3480 5169 3611 5237 τρία
3673 5176 3958 5244 προσθεὶς,

2387 5245 2459 5305 ὡς
2495 5246 2703 5312 ἐκεῖνος
2734 5251 2863 5321 περὶ
2895 5253 2966 5304 τὰ
3006 5254 3105 5324 τῆς
3136 5260 3442 5326 μαρτυρίας
3469 5261 3600 5332 τέλη
3659 5267 3963 5338 ἐπέσκηψε.

2392 5337 2600 5399 πάντας
2632 5358 2690 5392 τε
2721 5358 2849 5405 τους
2894 5345 3454 5418 ὴνδραποδισμένους,
3502 5357 3598 5406 καὶ
3633 5360 3770 5422 τοὺς
3803 5365 3966 5424 ἄλλως

2398 5426 2920 5502 διεσκορπισμενους
2955 5438 3013 5489 ὲν
3057 5439 3134 5508 τῷ
3164 5442 3259 5493 τοῦ
3287 5443 3530 5511 διωγμοῦ
3600 5454 3791 5520 καιρῷ
3841 5472 3959 5505 συν-

2389 5519 2633 5588 θροίσας,
2686 5528 2779 5574 καὶ
2810 5525 2901 5577 τὸν
2931 5527 3022 5578 τοῦ
3059 5529 3204 5582 θείου
3231 5536 3537 5604 ,μάρτυρος
3579 5519 3793 5609 ’Δρὲθα
3840 5547 3966 5608 υἱὸν,

2391 5614 2486 5665 τοῦ
2541 5614 2726 5677 ἔθνους
2777 5618 3019 5688 ἀρχηγὸν
3048 5627 3421 5696 καταστήσας,
3476 5631 3968 5706 ἐπιμελησαμενὸς

2388 5723 2447 5758 τε
2516 5709 2672 5761 τοῦτό
2730 5728 2834 5763 που
2868 5714 2922 5766 ἐν
2949 5707 2992 5783 ᾧ
3035 5717 3103 5769 τὰ
3132 5718 3238 5771 τῶν
3272 5724 3572 5795 μαρτύρων
3612 5730 3968 5787 τελειωθέιιτι
