4142 6530
698 493 833 556 1‘299
1960 502 2244 563 MENSIS
2280 501 2640 560 OCTOBER.
3799 500 3930 564 i300

697 616 949 676 adverso,
1013 624 1192 670 mente
1222 616 1394 671 multo
1431 619 1600 688 magis
1631 620 1850 674 Christo
1909 623 2117 674 astabat
2161 636 2261 673 suo
2290 620 2333 677 Α

2295 620 2339 677 Α
2369 635 2570 686 ρουσαν
2603 620 2792 687 ἄγουσι
2831 619 2969 689 πρὸς
2996 620 3090 673 τὸν
3117 619 3380 690 ἡγεμόνα.
3419 619 3481 673 Ἢ
3508 619 3564 672 δὲ
3594 620 3740 671 κατὰ
3764 621 3931 689 πρότ-

697 721 920 770 sponso,
964 717 1015 759 et
1058 719 1165 760 toto
1210 709 1373 762 animi
1422 710 1615 764 intuitu
1673 714 1736 764 ad
1793 729 1914 766 eum
1962 714 2263 782 aspiciebat

2368 731 2516 769 ωπον
2543 715 2749 766 ἐκείνου
2791 716 2987 777 στᾶσα,
3025 714 3118 766 καὶ
3171 712 3322 782 αὐτῷ
3341 715 3680 782 παρεστάναι
3703 713 3934 765 δοκοῦσα

696 807 750 847 et
807 796 855 847 in
903 796 1018 863 ejus
1071 801 1306 867 speciem
1361 812 1413 855 et
1459 804 1918 872 pulchritudinem
1991 807 2262 875 deligebat

2373 807 2508 862 πολὺ
2545 807 2745 876 μᾶλλον
2771 809 2835 876 τῇ
2864 805 3076 876 διανοίᾳ
3109 804 3335 875 Χριστῷ
3364 803 3442 872 τῷ
3478 805 3678 872 ἑαυτῆς
3715 807 3932 874 νυμφίῳ

695 889 880 940 oculos
912 889 1300 958 intelligentite.
1332 895 1507 963 Atque
1531 897 1819 963 stupebant
1849 897 2067 965 quidem
2099 908 2260 966 quot-

2371 900 2675 969 παρίστατο
2700 936 2715 961 ,
2749 900 2843 950 καὶ
2875 897 2979 965 ὅλῳ
3005 896 3083 965 τῷ
3114 897 3209 966 τῆς
3259 896 3436 964 ψυχῆς
3472 894 3750 965 βλέμματι
3799 898 3930 962 πρὸς

692 991 821 1039 quot
873 982 1131 1046 aderant,
1181 995 1234 1038 et
1290 990 1532 1056 corporis
1573 990 1692 1056 ejus
1756 991 2257 1059 pulchritudinem,

2369 994 2533 1048 αὑτὸν
2555 993 2724 1058 ἐώρα,
2745 991 2838 1044 καὶ
2863 990 2939 1057 τῷ
2970 989 3152 1042 κάλλει
3185 990 3379 1041 τούτου
3412 988 3502 1041 καὶ
3521 991 3586 1057 τῇ
3617 989 3933 1059 ὡραιότητι,

696 1071 921 1139 ejusque
953 1077 1376 1132 moderationem
1425 1093 1479 1134 et
1517 1082 1697 1134 vultus
1747 1083 2085 1152 dignitatem.
2131 1083 2262 1136 Pro-

2368 1081 2572 1151 νοερῶς
2629 1076 2697 1150 ἦν
2750 1080 3093 1142 ἀτενίζουσα.
3137 1080 3350 1142 Πάντας
3392 1080 3490 1146 μὲν
3533 1075 3626 1132 οὖν
3673 1079 3933 1148 ἔκπληξις

697 1163 797 1214 bus
849 1174 1030 1218 autem
1087 1182 1204 1221 eam
1263 1171 1496 1238 primum
1552 1175 1760 1243 rogavit
1827 1176 1968 1243 quod
2016 1185 2164 1230 esset
2212 1178 2261 1231 ei

2369 1173 2478 1245 εἶχε
2511 1175 2635 1235 τοὺς
2663 1172 2934 1241 παρόντας
2971 1173 3061 1223 ὲπί
3105 1187 3162 1223 τε
3228 1175 3293 1241 τῇ
3327 1169 3422 1222 τοῦ
3463 1170 3718 1240 σώματος
3764 1172 3931 1240 αὐτῆς

696 1268 916 1307 nomen.
967 1255 1166 1327 Martyr
1211 1273 1431 1314 autem:
1479 1264 1671 1328 Voeor,
1725 1266 1919 1334 inquit,
1955 1268 2259 1324 Anastasia.

2369 1266 2509 1336 ὥρα,
2544 1267 2637 1318 καὶ
2679 1264 2756 1333 τῷ
2791 1264 3052 1332 εὐκόσμῳ
3103 1262 3198 1315 τοῦ
3248 1264 3709 1332 παραστήματος.
3777 1261 3838 1314 '0
3884 1262 3936 1314 δὲ

698 1345 840 1399 Deus
875 1349 1018 1400 enim
1050 1365 1136 1403 me
1169 1349 1293 1406 fecit
1320 1369 1560 1423 surgere,
1595 1369 1652 1411 ut
1681 1368 1752 1422 te,
1783 1368 1837 1412 et
1869 1369 2076 1426 patrem
2113 1371 2262 1414 tuum

2371 1357 2578 1426 Πρόϐος
2599 1398 2614 1420 ,
2649 1355 2714 1409 Τί
2747 1371 2828 1406 σοι
2862 1355 3066 1422 ὅνομα;
3103 1353 3316 1422 πρῶτον
3357 1354 3520 1422 αὐτὴν
3550 1355 3738 1424 ἤρετο.
3769 1355 3879 1406 Καὶ
3907 1355 3937 1421 ἡ

702 1438 860 1492 hodie
886 1441 1089 1506 pudore
1116 1442 1366 1501 alliciam.
1396 1447 1600 1500 Probus
1632 1463 1761 1502 vero
1786 1450 1978 1504 videns
2002 1451 2261 1520 virginem

2374 1451 2614 1518 μάρτυς,
2681 1445 3018 1499 Ἀναστασία
3076 1429 3399 1513 καλοῦμαιξ
3436 1447 3590 1514 φησί.
3662 1446 3777 1499 Καὶ
3836 1447 3940 1514 γὰρ

697 1528 748 1579 in
789 1530 1054 1599 principio
1106 1544 1211 1587 tam
1260 1551 1453 1605 aspere
1506 1541 1878 1608 respondisse,
1915 1545 2106 1597 statuit
2144 1560 2262 1598 eam

2371 1538 2640 1607 ἀνέστησέ
2703 1555 2767 1606 με
2799 1539 2826 1590 ὁ
2862 1537 3091 1607 Κύριος,
3135 1535 3277 1589 ὥστε
3320 1537 3416 1588 καὶ
3452 1537 3510 1588 σὲ
3536 1539 3811 1607 τήμερον,
3845 1540 3939 1588 καὶ

696 1623 910 1690 aggredi
945 1625 1243 1689 blanditiis,
1277 1639 1330 1682 et
1378 1630 1456 1684 sic
1492 1633 1703 1687 mollire
1734 1635 2080 1703 asperitatem
2119 1638 2264 1691 illius

2371 1633 2580 1700 πατέρα
2611 1630 2701 1682 τὸν
2737 1630 2849 1690 σὺν,
2883 1630 2942 1691 ὃς
2976 1631 3124 1681 ἐστιν
3153 1632 3180 1681 ὁ
3229 1629 3497 1698 πονηρός,
3541 1629 3936 1697 καταισχῦναι.

697 1724 749 1764 et
774 1713 1048 1778 duritiem,
1102 1720 1352 1774 nesciens
1383 1723 1594 1790 qualem
1625 1725 1874 1796 frangere
1905 1731 2167 1795 animum,
2211 1744 2266 1785 et

2382 1721 2441 1773 Ὀ
2490 1720 2624 1787 γοῦν
2681 1719 2914 1790 Πρόϐος,
2956 1719 3102 1772 οὕτω
3158 1719 3417 1787 τραχείας
3467 1717 3591 1770 ἰδὼν
3649 1720 3804 1787 παρά
3846 1719 3940 1787 τὴν

697 1807 909 1870 qualem
963 1809 1104 1863 circa
1155 1812 1310 1865 fidem
1354 1815 1695 1870 adamantem
1743 1830 1956 1884 putaret
2003 1837 2061 1875 se
2105 1838 2264 1890 posse

2372 1815 2550 1883 ἀρχὴν
2601 1811 2905 1864 δεδωκυῖαν
2955 1812 3056 1881 τὴν
3107 1811 3378 1880 παρθένον
3435 1812 3535 1873 τὰς
3590 1811 3935 1880 ἀποκρίσεις,

697 1907 1000 1954 conterere.
1045 1903 1510 1975 Dicebatitaque:
1542 1909 1660 1963 Tibi
1705 1913 1950 1976 consulo,
1979 1929 2011 1966 ο
2055 1914 2183 1975 ﬁlia,
2209 1927 2266 1970 ut

2374 1907 2514 1973 ἔγνω
2546 1906 2810 1969 θωπείαις
2837 1905 3010 1975 αὐτὴν
3034 1905 3306 1969 ὑπελθεῖν,
3330 1905 3421 1956 καὶ
3449 1903 3625 1973 ταύτῃ
3657 1903 3721 1954 τὸ
3748 1903 3940 1969 πικρὸν

697 2003 758 2039 ea
793 1991 982 2062 eligas,
1027 2010 1147 2063 quae
1181 2007 1308 2051 sunt
1348 1999 1440 2051 tibi
1495 2000 1671 2065 utilia,
1717 2012 1771 2055 et
1824 2004 2033 2073 magnis
2065 2005 2168 2060 diis
2213 2016 2264 2060 te
2307 1976 2333 2028 Ε

2307 1976 2342 2028 Β
2377 2001 2553 2051 ἐκεῖνο
2583 1997 2966 2065 καταμαλάξαι
2986 1999 3076 2049 καὶ
3098 1997 3366 2066 αὐστηρὸν
3393 1998 3484 2048 καὶ
3504 1995 3808 2062 ἀπότομον,
3848 1993 3941 2044 οὐκ

696 2079 981 2152 adjungas,
1011 2094 1064 2138 et
1097 2087 1176 2140 eis
1213 2104 1318 2142 una
1345 2092 1627 2144 nobiseum
1664 2095 1953 2150 saerilices.
1990 2096 2080 2150 Sic
2118 2100 2260 2153 enim

2369 2090 2524 2150 εἰδὼς
2545 2090 2661 2141 οἵαν
2688 2088 3068 2156 ὕποχα-ἀνῶσαι
3087 2086 3409 2157 ψυχὴν,οἴου
3424 2101 3498 2137 πα
3507 2085 3788 2156 ράψασθαι
3814 2100 3879 2133 πε
3891 2083 3940 2150 pl.

699 2178 816 2227 viro
875 2177 1093 2244 quidem
1135 2180 1383 2252 jungeris
1437 2187 1806 2254 matrimonio,
1861 2189 2018 2258 cujus
2059 2192 2164 2244 erit
2211 2194 2262 2244 in

2371 2184 2468 2252 τὴν
2498 2181 2679 2232 πίστιν
2714 2181 3021 2248 ἀδάμαντος
3050 2177 3202 2248 ᾤετο.
3242 2178 3476 2248 Ἀμέλει,
3538 2178 3636 2229 καὶ
3681 2173 3933 2242 πείσθητί

697 2268 913 2322 civitate
961 2271 1195 2324 maxima
1237 2278 1555 2340 auctoritas,
1605 2279 1873 2334 addentur
1925 2293 2107 2336 autem
2170 2284 2264 2338 tibi

2381 2294 2490 2346 μοι,
2533 2272 2888 2344 συμϐουλεύω
2921 2289 3026 2335 σοι,
3058 2271 3318 2342 θύγατερ,
3359 2272 3532 2338 ἔλεγε,
3562 2270 3633 2322 τὰ
3679 2269 3928 2335 λυσιτελῆ

698 2373 912 2427 quoque
948 2365 1218 2430 pecuniae,
1254 2381 1471 2433 aurum,
1505 2381 1810 2440 argentum,
1849 2384 2050 2435 vestes,
2081 2375 2264 2428 multi-

2372 2370 2538 2436 σαυτῇ
2570 2365 2920 2436 προελέσθαι,
2947 2363 3089 2425 θεοῖς
3117 2380 3172 2414 τε
3190 2364 3303 2418 τοῖς
3329 2361 3586 2431 μεγάλοις
3620 2359 3938 2422 συνθέσθαι,

701 2451 826 2503 tudo
870 2454 1284 2523 mancipiorum,
1331 2460 1550 2526 erisque
1596 2463 1878 2530 splendida
1912 2474 1967 2517 et
2012 2465 2261 2536 insignis.

2371 2461 2465 2512 καὶ
2505 2457 2764 2518 κοινωνὸς
2798 2458 2932 2524 ἡμῖν
2963 2457 3063 2522 τῆς
3093 2452 3276 2505 αὐτῶν
3321 2451 3669 2518 καταστῆναι
3724 2450 3937 2510 θυσίας.

699 2538 854 2606 Apud
890 2549 938 2592 te
963 2555 1090 2608 ergo
1141 2547 1442 2610 considera,
1480 2549 1533 2602 id
1580 2553 1794 2605 consilii
1844 2555 2082 2624 capiens,
2115 2558 2262 2625 quod

2369 2551 2524 2605 Οὕτω
2562 2549 2670 2619 γὰρ
2703 2548 2861 2616 ἀνδρὶ
2892 2548 2990 2616 μὲν
3016 2547 3096 2598 ἑνὶ
3131 2543 3555 2615 συναρμοσθήσῃ
3610 2543 3724 2594 τῶν
3779 2543 3939 2608 ἀξιώ-

698 2639 751 2684 et
779 2639 882 2685 tuae
911 2635 1199 2690 conveniat
1232 2639 1653 2706 pulchritudini,
1680 2653 1735 2697 et
1777 2646 1942 2700 animi
1969 2649 2263 2712 nobilitati,

2373 2660 2541 2714 ματος
2573 2641 2723 2713 παρά
2760 2644 2826 2710 τῇ
2898 2641 3052 2695 πόλει
3113 2638 3205 2692 τοῦ
3267 2639 3527 2708 μεγίστου
3575 2636 3935 2704 ἠξιωμένων·

697 2738 873 2791 neque
907 2726 1038 2781 velis
1076 2727 1168 2782 ira:
1201 2740 1400 2784 nostra:
1436 2731 1616 2788 facere
1662 2737 1987 2802 periculurn,
2038 2755 2137 2792 nec
2187 2740 2270 2793 di-

2371 2733 2873 2806 προστεθήσεταιδέ
2904 2751 2986 2786 σοι
3016 2735 3110 2786 καὶ
3132 2733 3410 2802 χρήματα,
3435 2731 3659 2800 χρυσος,
3679 2730 3938 2797 Epirum,

699 2830 850 2866 scere
886 2827 1146 2881 quantum
1179 2820 1249 2872 sit
1283 2822 1483 2874 malum
1533 2824 1803 2892 impietas.
1837 2828 1948 2897 Ego
1978 2828 2122 2882 enim
2161 2841 2266 2885 tua).

2369 2828 2620 2896 ἐσθῆτες,
2648 2825 3001 2894 ἀνδραπόδων
3043 2824 3273 2890 πληθὺς,
3305 2822 3398 2873 καὶ
3445 2818 3679 2888 λαμπρά
3732 2819 3941 2886 γενήσῃ

697 2906 1136 2976 pulchritudinis,
1172 2919 1424 2981 tanquam
1461 2915 1652 2969 eodem
1681 2928 1834 2971 ortus
1878 2920 2164 2987 sanguine,
2211 2930 2266 2974 ct

2367 2921 2503 2989 ταχὺ
2561 2919 2654 2971 καὶ
2683 2916 2984 2986 περίδοξος.
3010 2915 3213 2980 Σκέψαι
3243 2910 3532 2981 τοιγαροῦν
3561 2912 3712 2978 παρὰ
3745 2913 3938 2974 σαυτῇ,

700 3007 822 3049 lnus
848 3006 1001 3064 pater
1028 3001 1326 3055 secundum
1357 3019 1576 3059 carnem
1620 3008 1774 3077 (deos
1822 3009 2041 3078 testor),
2078 3027 2265 3065 curam

2371 3009 2683 3078 κατάλληλα
2714 3009 2780 3076 τῇ
2817 3023 2876 3058 τε
2901 3005 2999 3074 τῆς
3027 3005 3198 3074 ὅψεως
3231 3004 3349 3074 ὥρα
3390 3005 3484 3056 καὶ
3513 3005 3579 3072 τῇ
3618 3003 3717 3069 τῆς
3761 3001 3938 3068 ψυχῆς

698 3104 910 3157 gerens,
949 3105 1181 3160 suggero
1223 3110 1342 3160 quee
1389 3106 1516 3150 sunt
1562 3097 1868 3165 profutura.
1910 3099 2066 3162 Quod
2116 3101 2160 3152 si
2210 3109 2264 3152 tu

2371 3100 2614 3170 εὐγενείᾳ
2647 3096 3054 3169 βουλευσαμένη
3087 3114 3102 3127 υ
3163 3096 3296 3165 μηδὲ
3348 3094 3580 3163 θελήσῃς
3633 3091 3814 3142 ἐλθεῖν
3853 3092 3929 3150 εἰς

701 3181 784 3233 his
821 3196 926 3232 non
963 3183 1230 3248 parueris.
1259 3198 1437 3252 neque
1468 3188 1604 3239 meis
1631 3189 1864 3240 cesseris
1896 3187 2261 3256 suasionibus,

2371 3195 2566 3262 πεῖραν
2597 3190 2881 3259 ἡμετέρας
2930 3183 3563 3254 ἀγανακτήσεως,ομηδὲ
3617 3175 3733 3232 οἷον
3773 3179 3939 3230 κακὸν

698 3289 924 3327 necesse
969 3275 1071 3328 erit
1117 3286 1172 3329 ut
1213 3292 1386 3330 meam
1429 3277 1685 3347 deinceps
1722 3289 1922 3334 tantam
1967 3282 2266 3352 experiaris
2293 3323 2334 3366 Γ

2303 3323 2334 3366 Γ.
2373 3285 2565 3353 μαθεῖν
2600 3284 2631 3350 ἡ
2665 3281 2911 3333 ἀσέϐεια.
2955 3277 3097 3343 Ἐγὼ
3152 3279 3262 3344 γάρ
3307 3291 3400 3326 σου
3436 3273 3531 3325 τοῦ
3567 3273 3820 3332 κάλλους,
3868 3270 3939 3332 ὡς

695 3368 975 3430 saevitiam,
1001 3379 1201 3437 quanta
1234 3387 1377 3422 nunc
1409 3371 1740 3440 benignitate
1786 3373 1980 3426 frueris
2029 3383 2082 3426 et
2116 3388 2265 3424 man-
2293 3357 2331 3379 ’³

2303 3357 2334 3379 υ
2374 3375 2628 3439 αἵματος,
2654 3373 2888 3423 ἴστωσαν
2921 3371 2969 3421 οἱ
2993 3368 3126 3433 θεοὶ,
3158 3365 3431 3429 κοινωνὸς,
3467 3365 3561 3418 καὶ
3585 3363 3774 3432 πατὴρ
3799 3361 3939 3413 κατά

695 3457 984 3512 suetudine.
1021 3472 1035 3508 :
1083 3474 1190 3527 quo
1231 3467 1469 3528 tempore
1503 3466 1558 3512 et
1580 3459 1623 3512 si
1665 3461 1883 3514 ducaris
1921 3461 2260 3529 pcenilentia,

2377 3465 2552 3536 σάρκα
2588 3465 2904 3534 κηδόμενος,
2935 3461 3233 3532 ὑποτίθημι
3289 3460 3358 3513 τὰ
3414 3460 3760 3512 συνοίσοντα.
3799 3456 3860 3508 Εἰ
3884 3453 3940 3505 δὲ

697 3547 830 3601 nihil
865 3548 1096 3605 fortasse
1129 3551 1222 3606 tibi
1249 3552 1509 3622 proderit.

2371 3557 2445 3629 μὴ
2479 3558 2574 3612 καὶ
2608 3559 2669 3610 σὺ
2697 3542 2830 3625 πρὸς
2883 3553 3054 3607 ταῦτα
3111 3553 3402 3624 παράσχῃς
3442 3552 3642 3620 ἑαυτὴν
3675 3547 3937 3615 πειθομέ-

693 3664 813 3714 νην,
851 3646 986 3715 μηδὲ
1037 3650 1156 3707 ταῖς
1199 3646 1361 3714 ἐμαῖς
1404 3645 1582 3716 ἠπίως
1625 3646 1881 3700 εἴκουσαν
1920 3647 2326 3716 παραινέσεσιν,
2362 3649 2576 3717 ἀνάγκη
2605 3647 2787 3698 λοιπον
2811 3645 3077 3711 τοσαύτης
3131 3659 3232 3710 μου
3274 3641 3605 3707 πειραθῆναι
3651 3645 3754 3708 τῆς
3793 3641 3938 3704 ἀπηο

695 3741 842 3803 νείας
869 3741 964 3793 καὶ
994 3741 1332 3812 ἀγριότητος,
1359 3744 1491 3811 ὅσης
1511 3744 1603 3797 νῦν
1633 3744 1928 3803 ἀπολαύεις
1976 3743 2262 3810 εὐμενείας
2295 3742 2386 3795 καὶ
2449 3743 2804 3814 ἡμερότητος,
2869 3739 2994 3793 ὅταν
3048 3737 3140 3790 καὶ
3201 3734 3618 3805 μεταμελομένη
3654 3737 3797 3804 τάχα
3835 3751 3931 3802 μη-

692 3839 780 3889 δὲν
896 3855 976 3890 σοι
1007 3839 1102 3906 τῆς
1139 3839 1511 3905 μεταμελείας
1539 3837 1868 3893 ἀπόνασθαι.

770 3931 832 3985 ν.
861 3931 955 3984 llis
981 3933 1161 3987 verbis
1187 3934 1403 3996 auditis,
1435 3945 1635 4004 martyr
1665 3937 1846 3988 statim
1875 3947 1958 3988 est
1983 3937 2265 3990 recordata

2442 3932 2516 3986 E'.
2551 3930 2768 3983 Τούτων
2809 3931 2840 3999 ἡ
2889 3930 3097 3998 μᾶρτυς
3124 3927 3407 3980 ἀκούσασα
3469 3929 3580 3980 τῶν
3649 3931 3937 3999 ῥημάτων,

694 4036 1063 4079 malernarum
1121 4025 1388 4095 sapientis
1446 4041 1558 4080 suae
1617 4027 1890 4096 magistra:
1943 4027 2265 4081 admonitio-

2370 4027 2449 4087 εἰς
2495 4024 2803 4092 ἀνάμνησιν
2843 4021 3006 4085 εὐθὺς
3047 4020 3154 4075 τῶν
3210 4021 3496 4092 μητρικῶν
3561 4022 3793 4074 ἐκείνων
3847 4025 3942 4090 τῆς

694 4133 846 4179 num,
879 4129 933 4171 et
963 4120 1145 4172 statim
1186 4119 1564 4186 respondens:
1617 4118 1743 4172 Mihi
1783 4119 2023 4186 quidem,
2066 4120 2259 4187 inquit,

2370 4115 2542 4180 σοερῆς
2573 4115 2891 4165 διδασκάλου
2937 4115 3136 4181 Σοφίας
3165 4115 3543 4184 παραινέσεων
3573 4113 3776 4182 ἤρχετο
3803 4133 3816 4145 ·
3851 4117 3941 4169 καὶ

691 4227 724 4265 ο
752 4212 937 4280 judex,
966 4221 1019 4264 et
1041 4225 1293 4278 sponsus,
1323 4218 1378 4262 et
1408 4209 1626 4272 divitiae,
1658 4221 1712 4263 et
1741 4212 1844 4263 vita
1869 4221 1951 4263 est
1973 4210 2257 4265 Christus:

2376 4205 2555 4278 ἡρέμα
2588 4203 2958 4268 ὑπολαϐοῦσα,
2995 4203 3170 4271 Ἐμοὶ,
3205 4204 3360 4272 φησὶ,
3390 4203 3650 4267 δικαστά,
3681 4206 3776 4256 καὶ
3803 4224 3937 4276 νυμ-

693 4319 837 4354 mors
859 4313 1038 4355 autem
1069 4309 1289 4368 propter
1311 4299 1487 4367 ipsum
1527 4301 1830 4364 subeunda,
1878 4309 1960 4354 est
1991 4301 2119 4354 mihi
2157 4302 2264 4356 vita

2367 4299 2508 4366 φίος,
2550 4296 2644 4350 καὶ
2678 4295 2924 4356 πλοῦτος,
2959 4297 3053 4348 καὶ
3081 4294 3194 4365 ζωὴ
3243 4297 3272 4347 ὁ
3295 4295 3528 4362 Χριστός
3557 4311 3570 4326 ⁸
3593 4295 3621 4347 ὁ
3651 4295 3710 4347 δὲ
3744 4295 3812 4348 δι’
3848 4299 3938 4348 αὖ·

694 4395 850 4463 lnnge
904 4392 1216 4461 pretiosior,
1263 4401 1484 4460 propter
1503 4409 1665 4462 quem
1716 4409 1824 4445 non
1881 4409 2097 4455 aurum,
2146 4410 2254 4448 non

2364 4389 2454 4440 τὸν
2491 4388 2716 4449 θάνατος
2751 4385 2930 4454 πολλῷ
2964 4403 3053 4455 μοι
3091 4387 3184 4438 καὶ
3225 4388 3325 4455 τῆς
3364 4384 3512 4454 ζωῆς
3560 4386 3897 4456 τιμιώτερος
3922 4403 3937 4418 ·

693 4495 1001 4554 argentum,
1048 4498 1160 4536 non
1204 4483 1405 4551 aliquid
1448 4485 1592 4539 aliud
1634 4500 1697 4538 ex
1743 4486 1829 4548 iis,
1883 4499 2002 4551 qua:
2051 4495 2180 4537 sunt
2211 4485 2264 4536 in

2364 4479 2430 4530 δι’
2459 4479 2517 4529 ὃν
2571 4479 2631 4529 οὐ
2655 4478 2900 4545 χρυσίον,
2926 4478 3026 4528 οὑκ
3081 4475 3364 4550 ἀργύριον,
3416 4477 3515 4529 οὐκ
3554 4478 3689 4532 ἄλλο
3717 4498 3771 4532 τι
3830 4480 3934 4530 τῶν

692 4575 1124 4643 terrajucunda,
1172 4573 1305 4626 mihi
1347 4574 1649 4642 jucundum
1697 4575 1798 4628 luit
1847 4575 2258 4640 existimatum;
2295 4618 2328 4675 ﬂ

2299 4618 2340 4675 D
2373 4565 2466 4619 ἐπὶ
2502 4569 2604 4635 γῆς
2663 4565 2841 4635 ἡδέων,
2874 4564 2970 4632 ἡδύ
3033 4572 3123 4633 μοι
3165 4565 3494 4632 νενόμισται,
3532 4566 3678 4632 πλὴν
3733 4571 3935 4620 ὲκείπυ

2425 4659 2438 4675 ,
2663 4657 3770 4675 .-..__,,.

692 4669 844 4720 illum
880 4665 1024 4720 enim
1058 4667 1257 4729 solum,
1297 4665 1551 4734 illiusque
1575 4667 2026 4721 consuetudinem
2054 4667 2258 4738 inagui-
2295 4657 2328 4675 ⁸

2296 4657 2337 4675 ¹”
2370 4659 2556 4728 μόνου,
2593 4660 2686 4712 καὶ
2715 4659 2816 4724 τῆς
2845 4657 3058 4710 ἐκείνου
3112 4657 3396 4721 συνουσίας
3428 4659 3522 4710 καὶ
3555 4659 3932 4716 ἀπολαύσεως.

694 4757 856 4818 facio,
897 4773 1003 4825 qua
1038 4771 1155 4810 sum
1206 4756 1456 4811 fruitura.
1483 4757 1622 4825 Ignis
1669 4767 1846 4810 autem
1889 4768 1943 4811 et
1966 4757 2112 4811 ensis
2139 4796 2152 4820 ,
2204 4767 2258 4812 et

2365 4753 2482 4821 Πῦρ
2520 4753 2575 4804 δὲ
2616 4753 2709 4804 καὶ
2743 4751 2895 4820 ξίφος
2919 4753 3012 4803 καὶ
3048 4750 3287 4822 σίδηρος,
3329 4753 3422 4804 καὶ
3453 4751 3633 4820 μελῶν
3680 4755 3930 4822 ὲκτομαὶ,

693 4851 915 4911 I'errum,
946 4857 1000 4900 et
1050 4849 1419 4901 membrorum
1453 4849 1839 4909 abseissiones,
1875 4860 1930 4901 et
1983 4849 2172 4917 plagm,
2205 4858 2260 4902 et

2362 4844 2458 4896 καὶ
2491 4842 2696 4913 πληγαὶ
2722 4844 2816 4894 καὶ
2841 4844 3124 4912 μάστιγες,
3153 4844 3247 4895 καὶ
3282 4844 3334 4895 εί
3361 4859 3413 4895 τι
3448 4843 3577 4895 ἄλλο
3610 4845 3750 4916 παρ’
3785 4848 3930 4913 ὑμῶν

691 4938 918 5006 flagella,
963 4948 1014 4992 et
1047 4939 1090 4993 si
1125 4939 1254 5007 quid
1310 4938 1452 4998 aliud
1489 4953 1517 4990 a
1568 4937 1722 4992 vobis
1752 4938 2114 5006 excogitatum
2159 4938 2261 4995 fuit

2363 4938 2438 4995 εἰς
2470 4935 2739 5004 τιμωρίαν
2764 4935 3128 5004 ἐπινενόηται,
3154 4935 3455 5004 ἡδοναὶἐιοι
3489 4936 3721 5002 μᾶλλον,
3749 4939 3813 4990 οὗ
3843 4941 3935 5007 3i“

691 5031 755 5082 ad
790 5029 1110 5092 cruciatum.
1139 5046 1200 5083 ea
1232 5039 1359 5082 sunt
1392 5030 1522 5082 mihi
1549 5035 1850 5099 voluptates
1877 5031 2071 5096 potius,
2097 5045 2256 5100 quam

2363 5041 2536 5090 σανοι,
2575 5026 2709 5092 πρὸς
2736 5027 2945 5078 ἐκεῖνον
2967 5026 3152 5089 ἀτενὲς
3191 5025 3452 5096 ὲνορώσῃ’
3485 5027 3579 5077 καὶ
3615 5027 3694 5096 μὴ
3715 5030 3934 5081 τοιαῦτα

695 5129 983 5178 tormenta,
1024 5118 1074 5171 in
1119 5120 1268 5170 illum
1308 5118 1480 5172 solum
1527 5118 1778 5187 deligenti
1811 5120 2018 5181 oculos,
2062 5129 2258 5173 etnon

2364 5118 2525 5186 μόνον
2563 5117 2701 5184 ὑπὲρ
2737 5115 2952 5169 ἐκείνου
2994 5117 3210 5183 παθεῖν,
3243 5119 3354 5170 ἀλλ’
3385 5119 3545 5186 εἴπερ
3577 5113 3696 5173 οἷόν
3737 5139 3824 5184 τε,
3850 5124 3932 5173 καὶ

690 5224 751 5259 ea
785 5207 956 5260 solum
991 5209 1094 5275 pati
1131 5224 1229 5277 pro
1273 5207 1364 5260 illo
1407 5208 1669 5277 cupienti,
1704 5208 1798 5262 sed
1838 5208 2024 5269 etiam,
2067 5208 2108 5259 si
2145 5208 2256 5262 fieri

2367 5211 2627 5278 μυριάκις
2667 5208 2964 5261 ἀποθανεῖν
3015 5208 3336 5278 γλιχομένη.
3374 5211 3466 5279 Μὴ
3509 5213 3702 5266 τοίνυν
3754 5216 3853 5285 τὴν
3885 5219 3932 5268 ὲν

695 5311 898 5366 posset,
941 5303 1074 5354 mori
1116 5300 1332 5355 millies.
1379 5299 1458 5352 Ne
1502 5301 1723 5354 simules
1759 5316 1885 5369 ergo
1929 5311 1980 5353 te
2015 5296 2258 5356 misereri

2362 5301 2485 5368 ἐμοὶ
2524 5298 2617 5350 τοῦ
2669 5298 2920 5365 σώματος
2959 5301 3109 5370 ὥραν
3133 5303 3300 5354 ἐλεεῖν
3353 5303 3658 5370 ὑποκρίνου
3727 5309 3823 5361 ἴσα
3855 5310 3937 5361 καὶ

692 5393 889 5456 speciei
936 5394 1036 5446 niei
1087 5393 1367 5462 corporis,
1417 5408 1536 5462 qua:
1584 5392 1852 5447 ﬂaccessit
1896 5408 2006 5444 non
2058 5394 2256 5456 minus,

2361 5390 2534 5459 ἀγροῦ
2591 5391 2778 5442 ἄνθεσι
2847 5395 3292 5460 μαραινομένην
3340 5394 3478 5444 ἀλλά
3543 5396 3692 5449 ποίει
3752 5400 3816 5451 τὸ
3874 5403 3934 5468 τῇ

689 5499 848 5549 quam
880 5483 1038 5538 liores
1063 5490 1173 5556 agri
1211 5503 1225 5540 :
1257 5487 1350 5540 sed
1380 5487 1464 5540 fac
1497 5487 1676 5555 potius
1702 5486 1774 5550 id,
1803 5484 1947 5555 quod
1974 5495 2054 5538 est
2085 5485 2134 5536 in
2169 5495 2255 5538 tua

2361 5480 2580 5550 ἐξουσίᾳ
2627 5499 2720 5534 σου
2779 5484 2978 5551 μᾶλλον
3048 5483 3079 5551 ἦ
3141 5487 3207 5554 τῇ
3253 5485 3360 5535 τῶν
3412 5485 3636 5552 τρόπων
3689 5488 3934 5558 ὠμότητι

692 5581 984 5638 potestate.
1010 5587 1103 5630 aut
1126 5577 1285 5631 situm
1324 5588 1406 5630 est
1453 5578 1504 5629 in
1536 5591 1743 5627 morum
1802 5588 2018 5628 tuorum
2060 5577 2256 5628 erude—

2363 5573 2793 5640 παριστάμενον.
2838 5575 2923 5636 Ὠς
2959 5577 3132 5642 ἔγωγε
3169 5574 3400 5638 ξυλίνοις
3457 5576 3758 5644 ῆλιθίνοις
3806 5583 3937 5642 θεοῖς

694 5667 862 5718 litate.
897 5667 1028 5721 Nam
1080 5685 1180 5736 ego
1216 5669 1434 5736 quidem
1483 5668 1691 5737 ligneos
1722 5678 1813 5719 aut
1861 5665 2100 5732 lapideos
2129 5665 2258 5719 deos

2365 5664 2527 5726 σέϐας
2591 5665 2690 5718 οὐκ
2723 5665 2788 5718 ἂν
2823 5667 3264 5734 προσενέγκοιμι.
3305 5668 3527 5730 Ἰὀύτοις
3576 5673 3662 5734 είς
3715 5673 3936 5744 ὀργὴνή

693 5773 967 5824 nunquam
1037 5760 1321 5813 eoluerim.
1371 5760 1464 5811 His
1509 5760 1572 5811 ad
1625 5759 1758 5811 iram
1811 5765 2013 5825 martyr
2072 5757 2259 5808 incitat

2367 5756 2575 5824 μάρτυς
2600 5759 2829 5811 ἀνάπτει
2862 5759 2949 5810 τὸν
2974 5760 3232 5828 ἡγεμόνα.
3279 5759 3387 5811 Καὶ
3412 5761 3605 5829 πρῶτα
3655 5765 3761 5831 μὲν
3812 5767 3937 5834 αὐτῇ

692 5852 997 5910 przt'sidem.
1041 5852 1102 5905 Et
1135 5853 1363 5920 primum
1396 5851 1612 5919 quidem
1645 5853 1824 5920 plagas
1858 5853 1976 5917 ejus
2004 5847 2152 5918 genis
2177 5849 2258 5902 iu-

2366 5840 2578 5910 πληγὰς
2613 5845 2754 5897 κατά
2777 5847 2885 5898 τῶν
2917 5847 3157 5914 παρειῶν
3190 5847 3477 5914 ἐπιτρίίέειο
3513 5849 3721 5904 ἔπειτα
3743 5853 3840 5902 καὶ
3859 5851 3938 5901 τοι

690 5939 822 6009 lligit
894 5941 1092 5997 Deinde
1132 5944 1292 5997 etiam
1333 5943 1612 6009 disrumpit
1655 5942 1913 6004 inimicam,
1968 5941 2106 5992 illam
2145 5941 2260 6007 pul-

2365 5938 2566 6005 χιτῶνα
2590 5936 2960 6006 διαρῤηγνύεε,
2987 5939 3075 5988 καὶ
3106 5937 3305 6005 γυμνὸν
3329 5937 3447 5988 ὅλον
3483 5940 3536 5990 τὶ
3561 5940 3659 5993 καὶ.
3693 5939 3939 6009 ἀγγέλοις
