4142 6474
150 414 287 481 i313

141 623 550 691 ἀπαλλαγῆναι.
610 624 671 675 Ei
698 622 806 691 γάρ
836 622 929 674 καὶ
970 621 1046 689 τῷ
1086 622 1186 689 τῆς
1220 621 1474 687 γυναικὸς
1509 620 1721 689 θώρακι

140 718 203 769 τὸ
239 716 413 779 πάθος
448 718 597 785 ἐνῆν,
647 715 783 769 ἀλλὰ
820 714 998 781 πολλῷ
1054 714 1219 765 πλέον
1254 718 1352 782 τῆς
1398 714 1492 765 τοῦ
1528 714 1720 782 ἀνδρὸς

140 808 329 877 ψυχῆς
393 810 616 876 ἥπτετο.
683 807 738 858 Ὀ
772 806 827 856 δὲ
869 806 1058 874 μισθὸν
1106 807 1304 867 αὐτοὺς
1342 807 1438 874 τῆς
1478 806 1723 875 ἰατρείας

142 901 398 967 ἐπιζητεί
448 899 545 968 τὴν
585 898 887 959 εύσέὗεεαν,
920 898 1012 950 καὶ
1044 899 1105 949 τὸ
1130 898 1229 958 τῆς
1255 900 1483 966 πατρίου
1516 899 1722 963 πλάνης

139 991 508 1051 ἀποστάντας,
566 988 931 1057 αὐτομολῆσαι
987 990 1121 1057 πρὸς
1167 989 1265 1058 τὴν
1309 992 1405 1059 τῆς
1469 990 1723 1058 ἀληθείας

141 1083 461 1148 ἐπίγνωσιν.
495 1081 671 1148 Ὅπερ
694 1076 788 1131 οὖν
820 1079 1111 1149 προθύμως
1138 1079 1316 1131 αὑτῶν
1351 1083 1522 1133 ποιεῖν
1550 1082 1714 1146 ἐπαγο

138 1174 497 1242 γελλομένων,
534 1174 561 1223 ὀ
592 1172 745 1240 ἆγιος
795 1171 1101 1236 ὑπολαϐὼν,
1153 1174 1240 1225 Ἐν
1272 1172 1494 1242 ὀνόματι
1543 1172 1719 1242 Ἰησοῦ

138 1266 381 1333 Χριστοῦ
420 1264 514 1316 τοῦ
546 1264 645 1335 τὴν
698 1264 1001 1336 αίμόρρουν
1040 1267 1356 1334 ίασαμένου,
1393 1266 1548 1333 ὑγιὴς
1586 1264 1716 1330 ἴσθι,

140 1356 326 1420 γύναι,
367 1357 521 1423 φησι,
559 1357 653 1408 καὶ
689 1355 784 1407 τοῦ
818 1356 1030 1419 πάθους
1070 1354 1383 1426 ἐλευθεροῦ,
1408 1356 1503 1408 καὶ
1533 1371 1718 1426 παρα-

140 1448 336 1517 χρῆμα
386 1448 419 1515 ἦ
471 1464 531 1499 τε
591 1448 802 1517 χαλεπή
857 1450 1010 1511 vico;
1073 1450 1256 1517 ἐκείνη
1299 1448 1554 1516 καθάπερ
1610 1447 1721 1499 τινὶ

139 1541 365 1606 μάστιγι
396 1540 472 1607 τῷ
514 1543 720 1610 ῥήματι
756 1543 1087 1612 ἀπελήλατο’
1148 1546 1241 1596 καὶ
1274 1543 1367 1595 τοῦ
1402 1542 1545 1594 θείου
1579 1540 1720 1609 βαπ-

135 1632 400 1699 τίσματος
431 1634 596 1695 αὑτός
624 1652 682 1686 τε
716 1637 808 1686 καὶ
842 1636 1073 1702 σύζυγος
1108 1638 1202 1688 καὶ
1229 1638 1277 1688 cl
1333 1636 1519 1695 παῖδες
1554 1635 1719 1700 ἀξιωο

135 1721 346 1785 θέντες,
402 1724 592 1777 ἔπειτα
659 1726 715 1778 δὲ
772 1728 868 1780 καὶ
916 1728 1025 1779 τῶν
1064 1727 1226 1797 ἱερῶν
1282 1728 1718 1796 κοινωνήσαντες

137 1816 481 1884 μυστηρίων,
524 1818 706 1870 οἴκαδε
772 1819 1053 1888 χαίροντες
1118 1822 1449 1891 ἐπανῄεσαν,
1494 1820 1569 1889 τῷ
1618 1822 1717 1887 τῆς

134 1910 397 1973 γυναικὸς
466 1910 593 1976 περὶ
654 1910 744 1962 τὸν
787 1911 1013 1983 θώρακα
1064 1913 1227 1967 πάθει
1281 1916 1435 1983 κοινῇ
1470 1913 1529 1964 τὸ
1560 1911 1658 1981 τῆς
1706 1910 1922 1981 ἀπάτης

132 2001 369 2064 ἕκαστος
402 2003 592 2069 ὑγείαν
625 2002 1053 2074 πλουτήσαντες.

208 2094 283 2149 Δ’.
328 2091 459 2147 Εἶτα
505 2100 598 2149 καὶ
654 2100 791 2170 γυνή
834 2117 915 2163 τις
955 2102 1119 2170 ἑτέρα
1154 2101 1315 2154 πάλιν
1357 2101 1415 2153 ἐν
1468 2103 1532 2168 τῇ
1572 2098 1706 2163 πρὸς
1742 2103 1783 2155 Β

129 2190 352 2257 Δάφνην
406 2187 727 2261 ’Δντιοχείση
769 2194 827 2244 ἐν
889 2193 1059 2261 ἀρετῇ
1115 2194 1288 2256 ζῶσα,
1354 2192 1447 2245 καὶ
1495 2190 1711 2252 πολλοῖς

130 2280 460 2349 ἐπαρκοῦσα
501 2281 607 2333 τῶν
640 2282 972 2350 πενομένων,
1011 2284 1173 2336 πάθει
1201 2285 1527 2355 περιπίπτει
1558 2283 1714 2351 χαλε-

131 2372 374 2440 πωτάτῳ
401 2388 414 2401 ·
457 2372 795 2438 φαγέδαιναν
847 2374 1004 2426 τοῦτο
1039 2376 1229 2438 παῖδες
1276 2376 1477 2444 ἰατρῶν
1515 2373 1714 2442 ὀνομά-

131 2464 310 2526 ζουσι.
340 2463 561 2527 Μεταξὺ
592 2462 646 2514 δὲ
679 2464 787 2534 ἄρα
826 2466 934 2517 τῶν
977 2470 1201 2536 μαστῶν
1253 2470 1480 2536 ἐκφυέν,
1528 2468 1715 2536 κύκλῳ

131 2554 200 2605 τά
230 2554 359 2623 περὶ
395 2554 592 2615 αὑτοὺς
625 2553 969 2622 ἐλυμαίνετο.
1025 2557 1214 2626 Πάσης
1249 2553 1343 2609 οὖν
1378 2559 1543 2627 ἄλλης
1574 2560 1715 2610 ἀπο-

131 2645 340 2712 γνοῦσα
398 2647 492 2698 καὶ
530 2646 670 2715 αὑτὴ
712 2647 1035 2717 θεραπείας,
1079 2648 1327 2712 ὑπέξεισι
1360 2648 1575 2719 νύκτωρ
1614 2649 1714 2715 τῆς

137 2739 349 2799 πόλεως
372 2752 386 2765 '
421 2738 654 2790 ἐλθοῦσά
682 2756 736 2790 τε
778 2740 865 2791 διὰ
893 2739 1234 2801 Σελευκείας,
1271 2740 1364 2791 καὶ
1394 2741 1503 2801 τοῖς
1534 2742 1712 2805 αἰγια-

130 2828 244 2890 λοῖς
276 2830 568 2894 ἐπιστᾶσα,
600 2830 787 2881 πλοίου
819 2831 877 2881 τὲ
920 2847 1065 2891 τινος
1107 2832 1376 2896 ἐπιϐᾶσα,
1410 2835 1492 2896 εἰς
1541 2833 1714 2901 Αἰγὰς

136 2922 415 2990 καταίρει.
472 2921 581 2972 Καὶ
636 2919 1010 2989 προσελθοῦσα
1057 2920 1272 2990 θερμῶς
1313 2924 1388 2990 τῷ
1443 2926 1601 2992 ἁγίῳ,
1656 2926 1715 2977 τὸ

130 3012 307 3065 δεινὸν
343 3014 519 3064 ἐκεῖνο
576 3010 747 3074 πάθος
781 3010 1145 3075 ὑποδεικνύει,
1175 3011 1269 3063 καὶ
1324 3010 1496 3063 δεῖται
1525 3012 1712 3063 τούτου

132 3107 228 3157 καὶ
309 3104 541 3157 ἱκετεύει
578 3104 719 3156 ῶστε
761 3103 881 3174 ἢέν
932 3103 1231 3172 ὀφθαλμοῖς
1286 3102 1578 3157 ἀποθανεῖν
1602 3107 1713 3168 τοῖς

132 3198 370 3259 ἐκείνου,
437 3199 532 3249 καὶ
587 3198 682 3249 σὺν
738 3197 893 3265 τάχει
928 3197 989 3249 τὸ
1026 3197 1377 3265 ὀφειλόμενον
1431 3198 1713 3263 ἀποτίσαι,

129 3292 161 3359 ἢ
202 3292 297 3346 τοῦ
348 3289 628 3353 πιέζοντος
660 3290 1044 3357 ἀπαλλαγῆναι
1079 3289 1251 3341 κακοῦ
1274 3305 1288 3319 ·
1318 3290 1577 3342 τοσοῦτον
1607 3292 1716 3359 γάιρ

129 3381 236 3433 ὑπὸ
266 3379 364 3430 τοῦ
413 3379 620 3439 πάθους
652 3379 945 3445 ἠνέγκατο,
974 3379 1070 3428 καὶ
1099 3376 1459 3445 τηλικαύταις
1493 3377 1709 3439 ὀδύναις

130 3470 436 3539 συνείχετο,
466 3470 541 3530 ὡς
578 3468 669 3519 καὶ
701 3468 792 3519 τὸν
838 3466 1073 3519 θάνατον
1107 3468 1164 3519 ἐν
1192 3467 1511 3537 εὐεργεσίας
1539 3469 1710 3521 αἰτεῖ·
1741 3446 1782 3501 c

130 3564 259 3617 σθαι
296 3566 477 3632 μέρει,
521 3562 618 3615 κα¹ι
652 3561 839 3613 τοῦτον
870 3556 1010 3616 εἶναι
1044 3561 1221 3613 δοκεῖν
1268 3562 1376 3612 τῶν
1401 3561 1709 3624 λυπούντων

124 3654 467 3721 ἐλευθερίαν.
512 3650 697 3703 Ταῦτα
736 3648 829 3701 τοῦ
886 3649 1041 3713 ἀγίου
1102 3648 1574 3718 δεδυσωπημένος,
1617 3651 1710 3702 καὶ

124 3747 189 3811 τῇ
238 3744 385 3811 χειρὶ
424 3742 481 3792 τὸ
508 3738 602 3791 τοῦ
648 3739 886 3807 σταυροῦ
951 3742 1178 3809 σημεῖον
1224 3740 1708 3805 ὑποτυπώσαντος,

130 3840 326 3887 ἔπειτα
358 3833 413 3886 δὲ
433 3833 611 3886 καὶτὸ
630 3834 726 3886 τοῦ
754 3834 992 3901 Χριστοῦ
1028 3833 1169 3884 θεῖον
1194 3834 1709 3899 δνομαέπιφθεγξα-

133 3931 298 3997 μένου
326 3930 338 3981 !
383 3930 467 3997 (ῶ
502 3927 635 3980 Θεοῦ
667 3928 951 3995 χριμάτων
981 3927 992 3978 !
1034 3926 1078 3976 ῶ
1110 3929 1431 3980 ἀνεικάστου
1481 3926 1710 3997 χρηστό-

124 4024 371 4093 τητοςῐ)
430 4024 695 4093 ῥήγνυται
758 4019 853 4087 μὲν
894 4017 1095 4082 εὑθέως
1161 4018 1222 4069 τὸ
1265 4022 1456 4085 πάθος,
1516 4022 1711 4089 ἰχῶρος

127 4114 433 4182 πληρῶσαν
461 4111 521 4162 τὺ
546 4110 764 4177 ἔδαφος,
812 4107 996 4161 λύεται
1022 4110 1077 4162 δὲ
1106 4108 1215 4161 τῶν
1248 4110 1451 4163 ὀδυνῶν
1484 4112 1515 4179 ή
1548 4111 1706 4181 γυνή,

126 4209 222 4259 καὶ
260 4206 395 4273 πρὸς
436 4204 532 4273 τὴν
573 4202 848 4269 ’Λντιόχου
890 4201 1044 4271 ὑγιὴς
1072 4204 1356 4271 ἐπανήκει.

197 4276 277 4351 Εν.
318 4297 397 4349 Τὰ
426 4295 482 4347 δὲ
517 4293 656 4363 μετά
709 4292 882 4343 ταῦτα
928 4294 1166 4371 διωγμὸς
1216 4294 1363 4346 κατὰ
1414 4294 1516 4364 τῆς
1552 4296 1709 4349 εὐσε-

124 4391 281 4452 ϐείας
322 4386 729 4458 Διοκλητιανοῦ,
773 4387 865 4438 καὶ
915 4386 1093 4455 δόγμα
1126 4386 1259 4457 παρ’
1309 4390 1473 4442 αὑτοῦ
1510 4391 1709 4460 θεομά.

121 4502 249 4551 χου,
303 4484 398 4535 καὶ
428 4481 634 4543 Λυσίας
692 4480 792 4548 τῆς
849 4480 1131 4549 ὠμότητος
1199 4482 1408 4533 ἐκείνου
1472 4484 1565 4533 καὶ
1611 4482 1709 4549 τῆς

120 4575 525 4645 ἀπανθρωπίας
554 4574 832 4642 ὑπηρέτης
869 4570 1226 4640 θερμότατος.
1255 4574 1445 4637 Ὅστις
1471 4576 1541 4627 τά
1568 4574 1707 4627 κατά

121 4671 216 4721 τὸν
246 4669 386 4719 θεῖον
430 4664 617 4733 μαθὼν
663 4665 938 4734 Ζηνόὂιον,
980 4667 1073 4717 καὶ
1109 4668 1255 4729 ὅπως
1288 4669 1381 4720 ἕνα
1425 4669 1585 4735 μόνον
1609 4685 1707 4737 κη·-

124 4761 311 4831 ρύττει
352 4758 505 4822 θεὸν,
543 4759 638 4809 καὶ
669 4757 779 4809 τῶν
828 4755 994 4810 αὑτοῦ
1036 4759 1269 4810 ἐντολῶν
1310 4776 1368 4810 τε
1406 4760 1499 4811 καὶ
1545 4760 1704 4828 θελη-

124 4856 317 4924 ράτων
372 4850 650 4920 ἐπιμελῶς
690 4850 1049 4920 περιέχεται,
1113 4853 1259 4912 ὅπως
1314 4868 1371 4903 τε
1423 4854 1489 4920 τῇ
1539 4852 1705 4905 αὑτοῦ

122 4944 413 5014 ἐπικλήσει
468 4945 655 5007 νόσους
694 4942 958 5012 εὑγειρῶς
1006 4944 1120 4994 λύει
1167 4944 1367 5007 πάσας,
1424 4946 1515 4996 καὶ
1550 4947 1705 5013 χεῖρα

121 5044 237 5100 τοῖς
291 5036 569 5105 δεομένοις
612 5038 883 5104 προτείνει
946 5034 1185 5103 δαψιλῶς
1248 5039 1502 5104 ῥέουσαν,
1545 5037 1706 5099 εὐθὺς

123 5132 293 5186 αὑτὸν
335 5127 721 5197 συλλαμϐάνει,
762 5132 854 5180 καὶ
895 5128 1233 5195 προκαθίσας
1276 5128 1373 5183 ἐπὶ
1409 5126 1584 5198 μέσης
1605 5127 1705 5195 τῆς

123 5225 360 5289 πρλεως,
410 5222 505 5275 καὶ
560 5223 649 5273 τὸν
701 5220 869 5289 ἄνδρα
926 5223 1066 5272 κατά
1106 5219 1399 5287 πρόσωπον
1457 5218 1701 5285 ἀγαγὼν,

123 5317 307 5369 Πολλά
343 5330 454 5383 μοι,
486 5313 639 5384 φησι,
670 5314 799 5379 περὶ
832 5310 947 5376 σοῦ,
985 5312 1228 5381 Ζηνόϐιε,
1267 5314 1551 5380 ήκουσται·
1588 5309 1701 5362 ἀλλ’

120 5406 236 5476 ἐγὼ
265 5414 403 5475 μόνῃ
448 5403 731 5457 πιστεύειν
792 5404 926 5471 ἀκοῇ
966 5404 1161 5473 ῥᾳδίως
1198 5402 1301 5454 οὑκ
1367 5402 1528 5470 ἔχων,
1562 5402 1701 5454 ὥστε

123 5504 221 5555 καὶ
250 5500 568 5568 ὀφθαλμοὺς
598 5498 883 5567 μάρτυρας
914 5499 1140 5566 ποιῆσαι
1165 5496 1272 5548 τῶν
1304 5496 1699 5561 ἀκουσθέντων,

122 5595 221 5648 καί
262 5595 347 5645 ἵνα
381 5594 441 5643 τ’)
475 5591 611 5643 πολὺ
654 5587 860 5641 συνέλω
919 5588 1013 5639 τοῦ
1055 5590 1237 5655 λόγου,
1274 5588 1366 5639 δύο
1419 5602 1502 5638 σοι
1529 5588 1702 5641 ταῦτα

120 5686 479 5755 προτίθεμαι,
522 5685 553 5750 ἢ
603 5682 893 5749 πεισθῆναι
958 5680 1033 5749 τῷ
1071 5681 1179 5732 τῶν
1236 5679 1581 5748 κρατούντων
1614 5682 1707 5732 εὑ-

120 5782 278 5832 σεϐεἰ
316 5778 672 5848 διατάγματι,
721 5777 815 5827 καὶ
880 5773 1037 5825 θῦσαι
1078 5776 1175 5827 σὺν
1222 5778 1353 5845 ἡμῖν
1392 5781 1503 5839 τοῖς
1541 5778 1706 5845 θεοῖς,

117 5874 264 5944 ὅπερ
296 5872 463 5942 τιμῆς
499 5887 555 5923 σε
580 5869 679 5938 τῆς
711 5868 972 5938 μεγίστης
1007 5867 1315 5923 ἀπολαῦσαι
1352 5872 1762 5940 παρασκευάσει

1020 418 1491 477 MAHTYRIUM
1531 418 1638 477 SS.
1688 421 1995 479 ZENUBll
2040 419 2132 479 ET
2172 422 2518 482 ΖΕΝΟΒΙᾸΞ

144 532 490 599 λανθρώπου,
527 529 620 582 καὶ
660 530 984 599 λιπαρο-στιν
1022 530 1183 582 αύτζν
1208 530 1353 581 ’ὥστε
1387 528 1480 581 τοῦ
1511 530 1715 591 πάθους

1823 533 1996 601 magis
2052 534 2309 603 tangebat
2363 533 2625 587 animum.

1788 5918 1802 5943 ,
1915 5885 2003 5934 καὶ

3271 422 3407 485 13ίᾷ

2702 532 2796 587 ille
2857 543 3037 587 autem
3101 534 3405 588 curationis

1828 626 2135 680 mercedem
2166 627 2232 679 ab
2262 626 2341 679 eis
2388 626 2623 695 postulat
2665 626 2946 695 pietatem,
2979 635 3032 677 et
3071 632 3129 677 ut
3166 640 3194 676 a
3234 626 3407 692 patrio

1827 729 2012 767 errore
2039 715 2402 776 discedentes,
2436 716 2503 769 ad
2558 716 2850 785 agnitionis
2910 717 3191 768 veritatem
3229 726 3406 769 trans-

1825 804 2099 873 fugerent.
2161 808 2314 870 Quod
2361 809 2578 877 quidem
2628 820 2880 876 prompto
2935 818 2988 861 et
3031 809 3190 860 alacri
3238 807 3403 859 animi

1826 898 2004 951 studio
2039 914 2096 951 se
2125 898 2365 953 facturos
2401 903 2479 953 eis
2519 903 2916 968 proﬁtentibus.
2952 903 3234 967 excipiens
3276 916 3402 955 sau-

1827 1001 1948 1044 ctus
1984 1008 1996 1041 :
2028 990 2083 1043 ln
2121 992 2339 1045 nomine
2371 992 2499 1045 Jesu
2544 992 2770 1056 Christi,
2820 994 3013 1061 inquit,
3061 996 3151 1060 qui
3188 992 3406 1046 sanavit

1826 1086 2114 1138 mulierem
2182 1084 2446 1153 proﬂuvio
2499 1086 2781 1155 sanguinis
2841 1086 3217 1147 laborantem,
3275 1098 3405 1137 sana

1824 1188 1962 1235 esto.
1990 1177 2210 1239 mulier,
2235 1187 2289 1229 et
2317 1178 2544 1231 liberare
2578 1195 2604 1229 a
2644 1178 2833 1237 morbo
2860 1198 2871 1239 ;
2911 1177 3199 1243 statimque
3230 1177 3410 1245 gravis

1824 1268 1915 1322 ille
1972 1269 2193 1322 morbus
2248 1270 2427 1327 verbo,
2484 1279 2737 1336 tanquam
2794 1268 3003 1337 ﬂagello
3052 1270 3254 1337 aliquo,
3305 1267 3418 1322 fuit.

1822 1362 2086 1427 expulsus
2122 1377 2132 1411 :
2169 1372 2221 1413 et
2254 1360 2499 1415 divinum
2534 1363 2860 1430 baptismum
2906 1371 2959 1414 et
2994 1362 3128 1430 ipse.
3159 1372 3214 1413 et
3245 1375 3406 1423 uxor,

1824 1457 1878 1501 et
1926 1449 2081 1502 liberi
2119 1449 2336 1503 fuerunt
2370 1454 2630 1506 assecuti.
2673 1454 2873 1506 Deinde
2909 1456 3071 1506 etiam
3116 1468 3236 1507 cum
3280 1451 3411 1503 fuis-

1823 1548 1944 1591 sent
1974 1539 2267 1609 participes
2297 1549 2784 1602 sacramentorum,
2822 1543 3043 1595 domum
3082 1541 3189 1597 laeti
3234 1540 3409 1593 redie-

1822 1640 1971 1693 runt,
2024 1642 2082 1685 ut
2132 1632 2225 1700 qui
2276 1648 2398 1686 cum
2446 1636 2637 1687 morbo
2690 1633 2959 1692 mulieris.
3018 1635 3109 1700 qui
3169 1641 3285 1685 erat
3347 1633 3401 1684 in

1823 1722 2064 1787 thorace,
2121 1738 2225 1776 una
2273 1739 2486 1791 quoque
2532 1725 2891 1792 perdidissent
2940 1726 3192 1776 morbum
3242 1723 3403 1776 dece-

1823 1816 2046 1885 ptionis.
2080 1828 2133 1869 et
2157 1818 2389 1870 sanitate
2423 1816 2615 1868 animae
2641 1816 2870 1869 fuissent
2897 1813 3235 1882 locupletati.

1981 1911 2193 1980 νόσημα
2255 1909 2742 1973 συναποϐαλόντες,
2795 1910 2888 1962 καὶ
2942 1909 3039 1980 τὴν
3078 1909 3177 1978 τῆς
3223 1908 3401 1979 ψυχῆς

1882 2093 1969 2148 IV.
2024 2093 2137 2145 Alia
2191 2108 2409 2162 quoque
2477 2094 2690 2157 mulier,
2750 2110 2871 2163 ane
2943 2096 3143 2151 virtute
3194 2098 3407 2155 vivebat

1820 2183 2152 2244 Antiochiae,
2188 2190 2241 2236 et
2262 2197 2417 2252 opem
2456 2182 2661 2237 ferebat
2692 2185 2876 2238 multis
2923 2187 3314 2255 indigentibus,
3352 2192 3406 2243 in

1818 2277 2066 2331 morbum
2101 2276 2289 2330 incidit
2327 2276 2732 2344 gravissimum.
2778 2278 2915 2331 Eum
2968 2280 3164 2333 tnedici
3222 2284 3407 2335 nenti-

1817 2383 1951 2423 nant
1982 2369 2391 2439 pitagedzenam.
2432 2369 2666 2423 Exortus
2698 2380 2881 2424 autem
2927 2372 3070 2425 inter
3107 2374 3395 2438 mamillas,

1818 2461 2069 2516 vastabat
2115 2464 2297 2513 omnia
2348 2460 2722 2514 circumcirca.
2773 2460 3003 2515 Omnem
3062 2479 3191 2531 ergo
3242 2465 3407 2519 aliam

1816 2554 2114 2622 desperans
2143 2553 2256 2622 ipsa
2288 2566 2504 2621 quoque
2539 2553 2901 2612 curationem.
2936 2554 3210 2622 egreditur
3236 2567 3405 2610 noctu

1815 2660 1845 2698 e
1877 2644 2105 2697 civitate
2136 2661 2149 2696 :
2179 2658 2413 2712 cumque
2463 2644 2707 2699 venisset
2754 2660 2851 2715 per
2891 2645 3220 2708 Seleuciam,
3257 2658 3310 2701 et
3342 2651 3408 2703 ad

1814 2733 1967 2785 littus
1998 2737 2343 2795 accessisset.
2394 2745 2451 2788 et
2494 2751 2687 2788 navem
2725 2737 3009 2801 quamdam
3048 2738 3408 2803 ascendisset,

1816 2825 2036 2893 appellit
2090 2822 2271 2892 1E3as.
2346 2824 2413 2875 Et
2473 2826 2685 2877 ardenti
2760 2826 2940 2878 studio
3002 2826 3069 2879 ad
3148 2831 3397 2881 sanctum

1818 2915 2106 2975 accedens,
2151 2913 2199 2966 ei
2252 2912 2492 2967 ostendit
2543 2929 2762 2980 gravem
2828 2916 2972 2968 illam
3029 2916 3404 2983 aﬂectionem,

1818 3019 2053 3073 eumque
2090 3014 2242 3075 rogat
2272 3016 2327 3058 et
2358 3004 2650 3073 supplicat,
2689 3016 2740 3059 ut
2779 3007 2860 3059 vel
2888 3016 3015 3062 ante
3042 3009 3185 3064 illius
3211 3012 3402 3065 oculos

1818 3097 2103 3159 moriatur,
2136 3106 2191 3149 et
2226 3097 2333 3147 cito
2364 3096 2606 3148 exsolvat
2635 3098 2905 3162 debittnn;
2942 3102 3023 3153 vel
3063 3101 3324 3157 liberetur
3358 3118 3387 3155 a

1818 3187 1982 3250 malo,
2024 3185 2168 3255 quod
2217 3202 2335 3239 eam
2389 3184 2595 3255 aﬂligit.
2646 3185 2864 3241 Morbus
2906 3191 3053 3242 enim
3105 3190 3155 3244 ei
3201 3200 3405 3246 tantam

1818 3279 2081 3334 aﬂ‘erebat
2136 3279 2551 3339 necessitatem,
2616 3289 2673 3332 et
2730 3288 2941 3333 tantum
2997 3282 3242 3337 dolorem
3276 3323 3290 3343 ,
3350 3294 3407 3336 ut

1819 3373 1981 3423 etiam
2006 3378 2233 3423 mortem
2260 3380 2470 3439 peteret
2496 3370 2615 3423 loco
2646 3370 2917 3431 beneﬁcii.
2948 3382 3005 3425 et
3031 3389 3091 3425 ea
3122 3375 3403 3428 videretur

1815 3478 1935 3517 esse
1991 3462 2242 3514 liberatio
2310 3478 2337 3512 a
2401 3462 2582 3514 malis.
2653 3465 2788 3515 Cum
2854 3466 2900 3515 is
2961 3474 3141 3519 motus
3208 3464 3407 3519 fuisset

1817 3562 2060 3619 sanctus,
2091 3562 2145 3607 et
2178 3567 2343 3606 manu
2374 3551 2555 3606 crucis
2582 3552 2797 3622 signum
2840 3552 3082 3616 fecisset,
3119 3566 3171 3608 et
3199 3557 3401 3611 deinde

1814 3643 2056 3696 divinum
2087 3646 2287 3695 Christi
2322 3659 2517 3695 nomen
2558 3644 2866 3698 invocasset
2898 3646 2952 3713 (ο
2986 3639 3077 3697 Dei
3111 3646 3340 3712 judicia,
3371 3668 3404 3699 υ

1814 3736 2225 3807 benignitatem,
2252 3749 2371 3801 quae
2418 3732 2581 3786 nullis
2617 3743 2796 3802 potest
2841 3737 3021 3787 verbis
3055 3737 3284 3805 exprimi
3320 3740 3330 3789 ί
3366 3748 3401 3803 ),

1815 3830 2087 3893 rumpitur
2128 3829 2348 3893 quidem
2403 3827 2584 3877 statim
2634 3825 2877 3889 morbus,
2924 3826 3017 3895 qui
3061 3829 3235 3880 solum
3302 3828 3401 3881 im-

1816 3920 1985 3989 plevit
2020 3919 2177 3971 sanie
2216 3934 2227 3969 :
2265 3915 2495 3969 solvitur
2550 3924 2729 3967 autem
2786 3918 2979 3970 mulier
3028 3932 3055 3969 a
3098 3920 3399 3983 doloribus,

1815 4021 1869 4065 et
1902 4010 2191 4064 revertitur
2228 4022 2358 4060 sana
2391 4006 2758 4063 Antiochiam.

1886 4326 1947 4381 ν.
1989 4326 2122 4391 Quae
2153 4334 2333 4380 autem
2361 4333 2480 4395 post
2517 4325 2636 4379 lucc
2663 4338 2987 4395 sequuntur,
3027 4338 3157 4383 sunt
3188 4329 3398 4385 Diocle—

1816 4421 1945 4473 tiani
2002 4420 2310 4485 persecutio
2355 4416 2613 4469 adversus
2653 4419 2930 4484 pietatem,
2974 4427 3027 4470 et
3075 4418 3185 4473 Deo
3220 4421 3399 4474 inimi-

1811 4525 1932 4564 cum
1986 4509 2054 4562 ab
2100 4523 2164 4561 eo
2221 4507 2524 4575 profectum
2586 4509 2848 4572 edictum,
2896 4519 2950 4562 et
3006 4506 3193 4579 Lysias
3250 4512 3395 4567 illius

1811 4601 2032 4657 szevitize
2065 4609 2121 4654 et
2162 4598 2578 4652 inltumanitatis
2632 4599 2887 4653 minister
2920 4604 3241 4657 acerrimus.
3287 4605 3390 4669 Qui

1814 4710 1938 4748 cum
1974 4694 2281 4762 accepisset
2305 4692 2544 4744 divinum
2576 4690 2874 4745 Zenobiam
2908 4694 3202 4762 praedicare
3221 4714 3389 4752 unum

1736 4782 1981 4840 Dsolum
2039 4785 2238 4846 Deum,
2293 4786 2519 4849 ejusque
2591 4793 2858 4850 praecepta
2926 4792 2981 4837 et
3051 4786 3388 4842 voluntatem

1808 4876 2048 4930 studiose
2077 4884 2130 4928 et
2158 4874 2447 4944 diligenter
2484 4874 2762 4943 amplecti,
2799 4888 2851 4927 et
2884 4875 3001 4944 ejus
3043 4875 3389 4933 invocatione

1809 4965 2030 5018 morbos
2084 4980 2277 5019 omnes
2328 4963 2484 5018 laede
2541 4965 2774 5027 solvere,
2818 4975 2870 5018 et
2905 4981 3123 5018 manum
3169 4969 3386 5023 aliunde

1805 5057 2245 5125 suppeditantem
2305 5056 2583 5123 porrigere
2629 5058 2953 5125 egentibus,
3008 5071 3132 5110 eum
3201 5060 3386 5114 statim

1804 5146 2244 5214 comprehendit,
2293 5159 2346 5197 et
2388 5160 2510 5198 cum
2569 5146 2621 5198 in
2664 5147 2840 5199 media
2875 5150 3212 5215 praesedisset
3248 5141 3385 5204 civi-

1805 5249 1935 5303 tate,
1965 5247 2019 5291 et
2050 5255 2172 5293 eum
2206 5253 2386 5292 coram
2415 5238 2533 5307 ipso
2564 5250 2807 5293 curasset
2835 5241 3132 5293 sistendum
3166 5261 3177 5294 :
3206 5241 3385 5311 Saepe,

1803 5331 2006 5400 inquit,
2040 5348 2071 5385 ο
2101 5331 2324 5395 Zenobi,
2356 5347 2384 5384 a
2420 5346 2503 5383 me
2533 5330 2601 5384 de
2630 5342 2678 5384 te
2706 5344 2788 5385 est
2813 5333 3055 5386 auditum
3086 5350 3098 5386 :
3134 5335 3227 5387 sed
3262 5352 3387 5390 cum

1804 5441 1911 5479 non
1943 5424 2099 5478 facile
2128 5439 2341 5491 possem
2377 5422 2476 5475 soli
2521 5423 2681 5477 lanne
2727 5428 2969 5485 credere.
3008 5437 3291 5494 propterea
3332 5438 3386 5482 te

1804 5518 1856 5571 in
1914 5532 2091 5569 meum
2148 5517 2345 5570 adduxi
2397 5529 2791 5584 conspectum,
2855 5526 2911 5570 ut
2979 5519 3141 5572 etiam
3197 5521 3390 5575 oculos

1804 5610 2059 5662 haberem
2104 5617 2271 5663 testes
2300 5624 2511 5669 eorum,
2563 5624 2681 5677 qum
2712 5609 2891 5663 audivi
2930 5630 2941 5663 :
2975 5621 3050 5675 et,
3105 5623 3161 5666 ut
3198 5616 3385 5680 paucis

1806 5700 2107 5762 absolvam,
2152 5701 2262 5755 hmc
2291 5702 2399 5755 duo
2432 5700 2526 5753 tibi
2562 5716 2827 5770 propono,
2862 5713 2919 5755 ut
2954 5704 3037 5756 vel
3070 5721 3258 5773 pareas
3294 5710 3383 5775 pio

1807 5795 1984 5849 edicto
2023 5793 2437 5861 imperatorum,
2485 5803 2541 5846 et
2586 5794 2688 5847 diis
2720 5796 3003 5848 nobiscum
3058 5799 3369 5853 saeriliccs:

2098 5885 2328 5939 πλούτου
2394 5886 2681 5952 δαψίλειαν
2714 5886 2771 5939 εὖ
2808 5888 2917 5941 ἴσθι
2951 5891 3043 5940 καὶ
3083 5892 3197 5960 ξενίου
3244 5895 3381 5960 λαμ-
