4142 6482
745 439 884 504 1315

2029 418 2318 479 MENSIS
2357 413 2723 476 OCTOBER.

3857 400 3984 460 1316

741 552 882 618 quod
943 546 1158 614 quidem
1207 543 1425 606 efficiet,
1483 549 1541 593 ut
1591 549 1645 592 tu
1706 536 2000 590 maximum
2053 535 2317 586 honorem

2440 530 2695 596 τρότητα,
2761 523 2855 575 καὶ
2907 519 3127 587 ἀγαθῶν
3157 519 3331 572 ἄλλων
3375 515 3610 586 ἀμοιϐὰς
3667 515 3993 582 nmini-‘32:

739 639 1069 709 assequaris,
1105 647 1157 690 et
1191 649 1410 706 magnas
1439 647 1593 702 epes,
1619 641 1672 684 et
1705 630 1829 682 vita:
1859 626 2228 697 splendorem,
2260 633 2314 676 et

737 732 966 784 aliorum
1016 729 1280 779 bonorum
1330 722 1802 777 remunerationes
1851 718 1945 772 tibi
2003 714 2316 771 conciliabit

740 825 865 891 (hoc
899 822 994 875 tibi
1037 831 1190 890 potes
1221 829 1370 872 certo
1407 817 1810 888 persuadere);
1845 813 1928 867 vel
1963 821 2018 865 ut
2042 808 2315 865 damneris

741 915 808 968 ad
837 914 1035 982 plagas,
1073 911 1312 977 vincula,
1345 909 1649 969 cruciatus,
1697 913 1752 960 et
1791 913 1984 958 caztera
2021 909 2312 956 tormenta.

741 1007 983 1071 Quorum
1016 1005 1269 1073 quisnam
1319 1012 1399 1055 est
1430 1001 1565 1054 alius
1596 999 1736 1063 finis,
1782 997 1886 1050 nisi
1917 1011 2066 1050 mors
2098 995 2321 1049 omnino

741 1099 1058 1161 saevissima,
1091 1103 1146 1148 et
1173 1095 1329 1161 plena
1369 1095 1605 1147 maximo
1641 1091 1868 1146 dolore?
1906 1089 1985 1142 Ad
2021 1088 2132 1139 haec
2165 1100 2317 1155 egre-

740 1192 861 1260 gius
891 1187 1166 1242 Zenobius
1198 1204 1213 1241 :
1245 1187 1395 1248 Mihi,
1437 1186 1636 1254 inquit,
1689 1197 1832 1235 unus
1875 1187 1958 1233 est
1989 1193 2149 1231 verus
2180 1178 2320 1230 Deus

737 1281 896 1335 Jesus
926 1281 1199 1345 Christus,
1237 1280 1292 1333 in
1340 1292 1448 1346 quo
1481 1291 1582 1346 ego
1613 1273 1846 1334 confido,
1881 1287 1907 1324 a
1943 1287 2050 1340 quo
2081 1279 2165 1323 est
2203 1269 2320 1337 ipsa

739 1377 976 1428 essentia
1009 1383 1063 1428 et
1107 1374 1234 1436 vita,
1297 1379 1614 1438 etproptcr
1656 1380 1816 1434 quem
1865 1372 1951 1417 est
1998 1363 2131 1415 mihi
2180 1361 2316 1416 mori

739 1465 999 1518 lucrum:
1047 1478 1228 1530 neque
1269 1461 1416 1515 enim
1465 1458 1756 1527 quidquam
1807 1471 1873 1511 ex
1924 1457 2008 1516 iis.
2057 1469 2178 1523 qua:
2231 1455 2318 1508 hic

739 1557 1129 1625 suntjucunda
1163 1563 1216 1607 et
1246 1552 1609 1617 delectabilia,
1638 1563 1718 1604 est
1751 1549 2149 1604 conferendum
2193 1562 2316 1600 cum

735 1663 822 1709 ea,
850 1665 954 1716 qua
981 1658 1064 1700 est
1096 1647 1224 1709 illic,
1255 1643 1714 1699 remuneratione.
1747 1640 2110 1706 Quamobrem
2143 1654 2318 1693 saevus

2423 635 2529 681 σοι,
2578 618 2609 687 ἢ
2644 613 2860 685 πληγὰς
2889 612 2983 665 καὶ
3025 609 3308 681 στρέϐλας,
3345 609 3436 660 καλ⁴
3469 607 3743 676 βασάνους
3799 605 3992 669 ἑτέρας

2422 710 2849 780 κατακριθῆναι,
2890 700 2964 758 ὧν
3004 706 3055 757 τί
3107 703 3166 756 τὸ
3199 703 3354 764 τέλος
3411 701 3442 770 ἢ
3488 700 3729 768 χαλεπὸς
3778 698 3995 757 παντως

2423 808 2517 859 καὶ
2551 801 2944 871 ὀδυνηρότατος
2984 797 3254 861 θάνατος;
3302 793 3444 862 Πρὸς
3473 792 3648 844 ταῦτα
3684 793 3712 843 ὁ
3749 793 3996 858 γενναῖος

2421 897 2703 967 Ζηνὸὄιος,
2756 893 2912 961 Ἐμοὶ
2950 889 3080 950 Θεὸς
3113 884 3191 950 εἷς
3217 885 3467 956 ἀληθινὸς
3491 886 3518 936 ὁ
3546 883 3755 946 Κύριος
3795 879 3995 967 Ἰησοῦς

2420 962 2659 1057 Χριστός
2708 989 2880 1050 ἐστιν,
2927 984 3056 1055 ἔφη,
3097 980 3182 1049 ἐφ’
3227 980 3285 1032 ὃν
3318 977 3429 1046 ἐγὼ
3465 975 3734 1036 πέποιθα,
3778 974 3911 1043 παρ’
3943 962 3994 1022 οὗ

2419 1083 2514 1136 καὶ
2553 1079 2687 1134 αὐτὸ
2712 1079 2773 1132 τὸ
2804 1074 2945 1130 εἷναί
2981 1093 3071 1146 μοι
3103 1074 3200 1127 καὶ
3229 1072 3289 1125 τὸ
3329 1071 3446 1140 ζῇν,
3471 1071 3565 1122 καὶ
3600 1067 3669 1119 δι’
3694 1067 3753 1118 ὃν
3788 1067 3918 1132 ἐμοὶ
3942 1065 3995 1116 τὸ

2418 1176 2710 1229 ἀποθανεῖν
2749 1172 2960 1242 κέρδος.
3026 1167 3160 1220 Ούδὲ
3199 1167 3307 1234 γὰρ
3337 1164 3452 1215 ἔστι
3480 1179 3532 1214 τι
3565 1161 3679 1212 τῶν
3710 1158 3844 1225 τῇδε
3883 1173 3995 1224 τερ-

2418 1270 2568 1322 πνῶν
2595 1269 2694 1336 τῆς
2722 1266 2932 1319 ἐκεῖθεν
2964 1261 3286 1323 ἀντιδόσεως
3316 1258 3486 1323 ἄξιον.
3530 1254 3651 1322 Ἐφ’
3690 1248 3776 1313 οἷς
3814 1253 3843 1303 ὁ
3872 1251 3996 1315 ἀτττ,⁸

2421 1362 2517 1430 νὴς
2552 1361 2760 1422 ἐκεῖνος
2807 1355 3217 1424 ἀγανακτήσας,
3281 1349 3605 1420 μετεωρίζει
3633 1347 3732 1398 τον
3771 1342 3998 1409 ἀθλητὴν

2425 1454 2518 1506 ἐπὶ
2554 1452 2732 1516 ξύλου,
2757 1453 2851 1504 καὶ
2882 1448 3146 1516 στρέϐλας
3174 1443 3340 1497 αὐτοῦ
3375 1444 3470 1496 καὶ
3500 1440 3786 1506 ξυστῆρας
3815 1440 3995 1498 ἐπάγει

2423 1544 2502 1613 τῷ
2542 1543 2758 1612 σώματι
2784 1558 2800 1574 ο
2869 1541 3094 1609 Ἰδωμεν
3133 1537 3181 1589 εἰ
3230 1535 3469 1604 Χριστὸς
3510 1529 3682 1591 ἔλθοι,
3721 1526 3996 1596 βοηθὴςων

2425 1637 2594 1706 αύτῷ.

741 1713 1052 1808 indignatus
1087 1738 1291 1808 Lysias,
1327 1738 1560 1790 sublime
1599 1736 1652 1788 in
1689 1735 1834 1802 ligno
1888 1731 2027 1785 tollit
2081 1733 2366 1796 athletam,
2427 1739 2482 1786 et
2513 1737 2786 1785 tormenta
2822 1726 2987 1782 infert
3012 1724 3129 1794 ejus
3154 1720 3365 1793 corpori
3400 1717 3770 1776 :V'ideainus,
3805 1713 3995 1767 dicens.

743 1849 810 1887 an
847 1833 1097 1886 Christus
1133 1834 1202 1887 sit
1231 1837 1514 1890 venturus,
1554 1836 1613 1882 ut
1645 1828 1694 1881 ei
1731 1843 1886 1897 opem
1916 1827 2076 1881 ferat.

817 1927 904 1982 Vl.
931 1927 1142 1980 Interea
1166 1941 1294 1980 vero
1323 1940 1549 1980 currens
1565 1924 1834 1985 alicunde,
1855 1924 1998 1976 venit
2017 1923 2082 1975 ad
2095 1937 2214 1974 eum
2233 1920 2336 1974 Ze-
2369 1929 2410 1984 Β

744 2020 905 2073 nobia
929 2035 1082 2074 soror
1101 2021 1240 2087 ejus.
1268 2019 1399 2083 Qua:
1417 2034 1538 2069 cum
1564 2032 1685 2069 eum
1708 2015 2002 2083 aspexisset
2020 2016 2070 2066 in
2095 2015 2257 2085 ligno,
2277 2023 2331 2067 et

745 2111 831 2164 vel
847 2126 912 2163 ex
931 2111 1047 2178 ipso
1067 2108 1376 2177 spectaculo
1395 2107 1593 2175 repleta
1614 2105 2057 2167 fuissetaudacia,
2078 2105 2186 2158 etsi
2202 2105 2329 2173 quid

745 2209 828 2256 est
859 2200 1040 2260 molle,
1065 2197 1527 2261 autimbecillum,
1557 2205 1645 2250 aut
1679 2197 1962 2258 muliebre,
1985 2195 2033 2247 id
2053 2204 2218 2247 totum
2239 2196 2333 2246 ab-

744 2293 986 2362 jecisset,
1006 2295 1058 2344 et
1077 2304 1134 2344 se
1160 2303 1283 2341 vere
1302 2303 1420 2341 esse
1437 2291 1553 2357 ejus
1577 2302 1818 2340 sororem
1846 2285 2172 2338 ostendisset
2198 2302 2209 2334 :
2231 2285 2334 2338 Su-

749 2384 936 2450 perbe,
967 2380 1159 2448 inquit,
1180 2389 1423 2450 tyranne,
1451 2379 1706 2446 quidnam
1735 2377 1951 2430 sceleris
1974 2378 2190 2431 admisit
2223 2378 2332 2432 fra-

753 2484 853 2535 ter,
881 2473 1022 2542 quod
1050 2480 1103 2526 tu
1129 2487 1251 2524 eum
1272 2472 1350 2525 sic
1370 2469 1621 2538 torques?
1641 2469 1733 2523 llle
1758 2478 1936 2522 autem
1967 2472 2019 2537 (υ
2038 2471 2328 2535 sinistram,

752 2574 809 2619 et
825 2565 1086 2626 dolosam,
1105 2564 1483 2619 etilliberalem
1502 2562 1756 2628 animam)
1785 2561 1848 2614 ad
1867 2559 2332 2614 mulierisdicendi

758 2656 1060 2708 libertatem
1117 2653 1481 2722 placidissime
1525 2652 1805 2720 respondit
1834 2661 1890 2706 et
1935 2652 2235 2716 lenissime,
2275 2663 2334 2708 ut

755 2757 806 2801 et
836 2748 887 2800 in
919 2762 1057 2811 eam,
1105 2756 1292 2815 utpote
1324 2746 1606 2807 feminam,
1635 2760 1693 2798 se
1727 2745 1938 2799 blandis
1987 2746 2165 2800 verbis
2200 2747 2334 2800 insi-

757 2848 971 2899 nuaret,
1025 2845 1080 2889 et
1135 2838 1415 2890 induceret
1471 2847 1530 2888 ut
1575 2837 1983 2891 imbecilliorem
2024 2853 2036 2888 :
2080 2837 2333 2892 Sacrifica

756 2932 924 2992 enim,
955 2931 1149 2997 inquit.
1179 2931 1416 2984 Zenobia
1451 2942 1504 2982 tu
1529 2945 1745 2998 quoque
1778 2931 1902 2992 diis,
1936 2947 2035 2984 nec
2065 2935 2335 2984 sustineas

759 3023 943 3074 videre
975 3023 1210 3089 speciem
1260 3035 1322 3072 ac
1377 3022 1616 3088 vigorem
1664 3030 1719 3072 et
1751 3021 1939 3073 ﬂorem
1977 3021 2050 3073 tui
2088 3023 2335 3090 corporis

758 3114 1140 3167 miserabiliter
1167 3111 1352 3164 multis
1379 3127 1442 3164 ac
1473 3112 1634 3164 variis
1667 3112 1799 3165 tradi
1835 3113 2116 3181 suppliciis
2148 3132 2160 3165 :
2194 3130 2332 3183 quo-

759 3222 901 3268 rum,
939 3220 971 3258 ο
1003 3206 1216 3267 mulier,
1253 3205 1493 3258 dedecus
1533 3213 1618 3257 cst
1645 3208 1800 3272 longe
1833 3205 1951 3272 ipso
1987 3207 2172 3259 dolore
2213 3223 2332 3274 gra-

759 3298 898 3350 vius.
929 3298 1018 3349 llla
1053 3305 1236 3350 autem
1273 3297 1431 3347 simul
1468 3310 1590 3348 cum
1636 3295 1801 3347 fratre
1856 3295 2005 3363 loqui
2063 3297 2331 3365 incipiens
2361 3276 2402 3332 δ

762 3389 926 3444 veluti
962 3403 1070 3442 uno
1114 3389 1348 3456 quodam
1383 3397 1530 3440 motu
1563 3388 1728 3440 animi
1761 3398 1814 3442 et
1853 3403 2123 3443 consensu
2159 3407 2172 3442 :
2217 3390 2338 3444 Non

763 3481 943 3542 nobis,
1009 3481 1285 3542 dixerunt,
1343 3480 1725 3547 persuadebis,
1773 3496 1805 3533 ο
1844 3487 2113 3550 tyranne.
2170 3485 2337 3534 Deum

761 3584 952 3624 verum
1002 3578 1054 3622 et
1091 3570 1268 3622 vivum
1304 3580 1614 3637 permutare
1649 3585 1772 3622 cum
1810 3571 2113 3622 simulacris
2141 3578 2341 3622 morta-

764 3662 892 3716 lium
941 3663 1246 3720 hominum.
1296 3677 1397 3712 nec
1437 3663 1480 3712 si
1539 3662 1652 3712 fieri
1687 3661 1906 3729 quidem
1945 3671 2150 3729 posset,
2193 3671 2248 3714 ut
2285 3672 2340 3714 tu

767 3754 1194 3808 innumerabiles
1226 3752 1384 3805 nobis
1431 3763 1639 3803 mortes
1682 3752 1924 3815 afferres,
1961 3760 2016 3802 et
2059 3768 2167 3802 non
2204 3753 2342 3806 hanc

770 3858 955 3905 unam,
987 3855 1106 3909 qum
1139 3839 1297 3892 nobis
1323 3837 1406 3892 vel
1437 3838 1503 3890 ab
1534 3838 1649 3907 ipsa
1678 3847 1871 3891 natura
1903 3839 2133 3894 debetur
2153 3857 2342 3894 neces-

767 3935 932 3991 sario.
989 3933 1114 3987 Hzec
1166 3947 1293 4002 ergo
1349 3947 1472 3986 cum
1522 3932 1809 3992 dixissent,
1862 3942 2128 4001 martyres
2160 3934 2340 3983 statim

772 4026 900 4079 lecti
938 4025 1216 4091 excipiunt
1267 4024 1449 4085 ferrei,
1490 4030 1545 4073 ct
1588 4022 1726 4088 ignis
1777 4023 1876 4073 sub
1910 4022 2062 4074 lectis
2091 4021 2344 4074 accendi-

771 4128 876 4170 tur.
907 4117 1107 4169 Adcrat
1139 4123 1321 4168 autent
1361 4113 1548 4183 Lysias
1591 4129 1809 4181 quoque
1847 4113 2154 4168 acclamans
2187 4131 2199 4166 :
2246 4112 2346 4167 Ve-

773 4208 886 4261 niat
915 4209 1186 4267 Christus,
1221 4216 1276 4259 et
1325 4221 1485 4274 opem
1539 4204 1676 4258 ferat
1719 4205 1805 4269 iis,
1854 4206 1942 4274 qui
1981 4221 2078 4274 pro
2103 4208 2219 4275 ipso
2252 4225 2346 4276 pa-

774 4299 1002 4352 tiuntur.
1041 4297 1313 4350 Zeuobius
1344 4307 1523 4348 autem
1542 4297 1588 4348 ei
1614 4297 1837 4349 honeste
1863 4298 2032 4350 dixit:
2067 4297 2146 4348 En
2173 4299 2344 4362 adest,

774 4407 932 4446 suum
971 4407 1145 4444 rorctn
1184 4392 1429 4458 prwbens
1465 4388 1621 4441 nobis
1652 4387 1976 4441 medicinam
1998 4428 2012 4453 ,
2046 4388 2257 4442 etiamsi
2294 4399 2346 4442 tu

777 4487 881 4538 hoc
922 4499 1027 4537 non
1062 4485 1240 4552 possis
1270 4481 1473 4546 videre,
1510 4494 1634 4534 cum
1679 4479 1757 4534 sis
1788 4480 2160 4536 circumdatus
2200 4489 2348 4535 tanta

778 4576 1008 4644 caligine
1041 4574 1358 4642 impietatis.

851 4664 966 4719 Vll.
1006 4661 1292 4733 Tyrannus
1323 4676 1454 4731 ergo
1481 4675 1602 4716 cum
1636 4662 1846 4716 videret
1878 4678 1974 4716 eos
2015 4671 2122 4715 tam
2153 4678 2347 4734 magno

779 4767 836 4810 et
873 4766 980 4809 tam
1013 4755 1138 4810 forti
1171 4755 1358 4808 animo
1391 4752 1668 4823 przcditos,
1715 4753 1768 4805 in
1814 4753 2100 4822 praesentia
2130 4755 2348 4822 quidem

779 4863 993 4903 cessare
1022 4847 1146 4923 facit
1179 4863 1368 4900 eorum
1393 4848 1714 4910 cruciatum,
1752 4848 1912 4901 simul
1939 4848 2158 4914 quidem
2201 4855 2255 4899 et
2283 4847 2350 4900 ad

780 4952 1000 4992 sensum
1046 4939 1245 4992 doloris
1292 4951 1415 4990 eum
1466 4953 1806 5006 nequaquam
1860 4937 2106 4990 sufficere
2155 4939 2347 4992 existi-

785 5048 959 5092 mans.
996 5043 1050 5086 et
1095 5047 1188 5101 spe
1247 5032 1476 5099 quadam
1535 5031 1638 5084 sibi
1689 5030 1976 5085 blandiens
2035 5031 2151 5084 lore
2197 5043 2256 5084 ut
2317 5033 2351 5086 ii

786 5130 1235 5197 persuadeantur.
1282 5133 1336 5180 et
1371 5135 1784 5190 convertantur,
1827 5143 1929 5181 nec
1973 5137 2237 5197 perpetuo
2281 5128 2353 5183 ita

785 5222 886 5274 sibi
923 5221 1056 5275 nihil
1104 5229 1345 5289 parcant.
1384 5220 1518 5274 Cum
1570 5219 1751 5288 itaque
1781 5235 1810 5273 e
1839 5221 1993 5274 lectis
2028 5219 2225 5274 ferreis
2261 5231 2355 5274 eos

785 5315 1008 5368 fecisset
1042 5330 1263 5385 surgere
1298 5330 1310 5365 :
1345 5313 1543 5377 Vestri,
1573 5314 1767 5382 inquit,
1801 5315 1962 5369 modo
1999 5314 2351 5380 miseremini,

787 5421 964 5474 neque
991 5407 1060 5459 sit
1099 5409 1234 5458 alter
1268 5407 1419 5462 alteri
1453 5407 1684 5460 invicem
1717 5416 1971 5475 aspectus
2011 5407 2353 5473 miserabilis,

787 5499 954 5553 frater
989 5501 1115 5552 ante
1140 5498 1326 5551 oculos
1363 5500 1567 5554 sororis
1610 5503 1868 5552 atrociter
1909 5498 2246 5553 interfectus.
2278 5497 2354 5552 Illi

787 5601 966 5644 autem
1001 5591 1242 5645 moribus
1266 5599 1320 5642 et
1350 5592 1547 5646 animis
1575 5591 1744 5662 magis
1771 5591 1985 5655 fratres,
2033 5609 2192 5660 quam
2237 5606 2358 5645 cor-

789 5683 1051 5750 poribus:
1087 5682 1224 5747 'l'ibi,
1278 5681 1608 5741 dixerunt,o
1649 5685 1836 5750 judex,
1896 5685 2076 5753 potius
2117 5682 2355 5737 consuli-

788 5789 930 5834 mus.
963 5783 1018 5827 ut
1052 5782 1153 5828 tuae
1177 5777 1376 5830 animae
1405 5773 1636 5842 aliquam
1663 5790 1846 5829 curam
1878 5791 2054 5847 geras,
2080 5785 2132 5829 et
2167 5777 2357 5830 timeas

785 5867 1001 5938 quidem
1036 5868 1366 5936 gehennam,
1403 5867 1559 5937 cujus
1588 5867 1749 5923 minae
1783 5869 1875 5923 tibi
1911 5870 2270 5937 intentantur,
2306 5880 2358 5925 et

2514 1920 2602 1984 ς’.
2644 1916 2874 1968 Ἔπειτα
2909 1912 3030 1982 ἥκει
3064 1908 3336 1979 δρομαίως
3387 1902 3548 1957 ποθὲν
3581 1901 3613 1970 ἡ
3665 1897 3876 1968 ἀδελφὴ
3910 1901 3997 1966 21}-

2433 2011 2607 2073 νοϐία,
2640 2007 2735 2060 καὶ
2761 2005 2952 2057 τοῦτον
2976 2003 3068 2056 ἐπὶ
3099 2001 3190 2053 τοῦ
3219 1999 3378 2063 ξύλου
3405 1994 3750 2062 θεασαμένη,
3775 1991 3993 2060 θάρσους

2432 2121 2490 2156 τε
2521 2101 2616 2155 καὶ
2654 2099 2747 2152 ἀπ’
2775 2096 2946 2166 αὐτῆς
2986 2097 3086 2161 τῆς
3129 2093 3257 2154 Θέας
3309 2089 3744 2158 ὑποπλησθεῖσα,
3784 2088 3877 2136 καὶ
3904 2085 3996 2134 πᾶν

2434 2196 2566 2246 εἴτι
2613 2191 2857 2261 μαλακὸν
2897 2190 2930 2257 ἦ
2963 2184 3245 2254 ἁσθενὲςῆ
3278 2183 3588 2250 γυναικεῖον
3620 2175 3996 2235 ἀποϐαλοῦσα,

2434 2288 2531 2341 καὶ
2563 2285 2779 2355 ἀληθῶς
2816 2283 2900 2335 ὃτι
2932 2281 3175 2332 τοιούτου
3199 2273 3266 2346 ἦν
3295 2275 3486 2343 ἀνδρὸς
3513 2273 3722 2340 ἀδελφὴ
3765 2270 3995 2332 δείξασα,

2446 2378 2706 2442 Ἀλαξὼν,
2736 2376 2862 2444 ἔφη,
2896 2372 3152 2440 τύραννε,
3189 2371 3309 2420 τίνα
3341 2367 3597 2434 τοιαύτην
3627 2365 3998 2434 ἐργασάμενον

2433 2469 2672 2522 ἀτυπίαν
2730 2466 2966 2528 αἰκίζεις
3005 2462 3096 2514 τὸν
3139 2459 3394 2527 ἀδελφόνς
3473 2458 3530 2509 Ὀ
3586 2457 3665 2515 δὲ,
3704 2455 3774 2523 (ὣ
3823 2457 3998 2513 σκαιιὶς

2435 2561 2618 2631 ψυχῆς
2658 2558 2754 2612 καὶ
2784 2558 3008 2626 δολερᾶς
3030 2555 3122 2606 καὶ
3142 2551 3494 2618 ἀνελευθέρου
3513 2548 3551 2617 ί)
3584 2549 3720 2615 προς
3750 2547 3999 2612 erilium-.3-

2437 2672 2536 2721 την
2567 2651 2828 2721 γυναικὸς
2857 2648 3174 2717 παρρησίαν
3202 2645 3322 2712 μεθ’
3347 2645 3479 2708 ὅσης
3514 2640 3859 2710 ὁμαλότητος
3883 2643 4003 2688 aim-

2435 2746 2702 2816 κρίνεται,
2735 2744 2821 2794 ἵνα
2848 2743 2942 2793 καὶ
2972 2741 3048 2794 ὡς
3083 2733 3215 2806 θῆλυ
3251 2736 3424 2804 κλέψῃ
3452 2733 3546 2784 καὶ
3590 2733 3666 2794 ὠς
3695 2733 4003 2784 ἀσθενέστε-

2442 2851 2532 2902 ρον
2584 2832 2846 2901 μαλακοῖς
2906 2830 3144 2897 ῥήμασιν
3215 2823 3596 2893 ὲπαγάγηταιῐ
3655 2823 3836 2874 Θυσον
3884 2823 4004 2887 γὰρ,

2440 2926 2591 2994 φησὶ,
2621 2922 2876 2992 Ζηνοϐία,
2907 2921 3008 2972 κᾶν
3047 2919 3183 2986 αὑτὴ
3239 2919 3354 2978 τοῖς
3385 2916 3548 2976 θεοῖς,
3585 2914 3680 2965 καὶ
3715 2914 3794 2982 μὴ
3829 2912 4004 2977 σώμα-

2436 3034 2521 3077 τος
2555 3015 2757 3066 οἰκείου
2816 3013 3123 3078 εὐγένειαν,
3158 3008 3251 3060 καὶ
3284 3008 3469 3074 ἀκμὴν
3517 3002 3692 3072 ὧρας,
3729 3004 3829 3053 καὶ
3861 3003 4007 3060 ἄνθος

2439 3111 2688 3175 νεότητος
2723 3107 2850 3157 ἰδεῖν
2905 3103 3156 3162 ἐλεεινῶς
3213 3101 3422 3167 ἀνάσχῃ
3457 3096 3828 3164 πολυτρόποις
3871 3099 4006 3147 αἰκι-

2443 3200 2598 3264 σμοῖς
2659 3194 3000 3258 ὲκδιδόμενα,
3061 3187 3136 3243 ὧν
3169 3191 3328 3252 πολὺ,
3365 3190 3547 3256 γύναι,
3599 3187 3700 3254 τῆς
3735 3187 3929 3252 ὀδύνης
3980 3185 4006 3252 ἡ

2438 3287 2665 3356 αἰσχύνη
2695 3283 3018 3355 βαρύτερον.
3055 3282 3119 3333 Ἢ
3145 3281 3220 3342 δὲ,
3247 3279 3341 3333 τοῦ
3373 3280 3530 3345 λόγου
3563 3279 3663 3329 σὺν
3696 3277 3777 3344 τῷ
3805 3277 4009 3343 ἀδελφῷ

2437 3381 2809 3448 ἐπιλαϐομένη
2835 3419 2848 3443 ,
2882 3376 3133 3446 καοάπερ
3169 3375 3257 3452 ὑφ’
3289 3376 3368 3426 ἑνὶ
3397 3373 3572 3441 ψυχῆς
3606 3371 3902 3438 κινήματι,
3928 3373 4012 3419 καὶ

2440 3473 2854 3539 παραστήματι,
2893 3471 2966 3518 Οὐ
2999 3470 3230 3528 πείσεις,
3271 3464 3444 3525 εἷπον,
3482 3468 3654 3532 ἡμᾶς,
3688 3459 3732 3515 ὦ
3763 3465 4007 3531 τύραννε,

2441 3563 2574 3614 Θεοῦ
2627 3562 2828 3624 ζῶντος
2889 3557 3146 3625 ἀληθινοῦ
3199 3557 3398 3608 εἴδωλα
3445 3556 3657 3623 θνητῶν
3711 3557 4014 3624 ἀνθρώπων

2441 3653 2773 3716 ἀλλάξασθαι
2803 3653 2914 3704 οὐδ’
2976 3653 3040 3705 ἂν
3074 3651 3123 3702 εί
3158 3650 3254 3703 καὶ
3297 3650 3524 3719 μυρίους
3562 3665 3646 3700 σοι
3689 3649 3921 3700 δυνατὸν
3954 3646 4012 3719 ἦν

2443 3747 2572 3814 ἡμῖν
2611 3745 2874 3805 θανάτους
2908 3747 3234 3809 ἐπαγαγεῖν,
3270 3742 3407 3794 ἀλλὰ
3444 3744 3518 3810 μὴ
3561 3743 3653 3793 τὸν
3686 3744 3786 3793 ἕνα
3833 3744 4014 3795 τοῦτον

2442 3841 2589 3900 ὅστις
2615 3840 2706 3890 καὶ
2735 3835 2864 3904 παρ’
2903 3836 3072 3900 αὐτῆς
3105 3835 3237 3903 ἡμῖν
3276 3832 3493 3901 φύσεως
3526 3834 3854 3900 ἀναγκαίως
3879 3836 4019 3901 6:95!-

2444 3932 2615 3985 λεται.
2667 3931 2850 3985 Ταῦτα
2911 3929 3203 3997 τοιγαροῦν
3284 3929 3583 3998 εἰρηκότας
3653 3928 3838 3980 κλῖναι
3903 3930 4015 3987 τους

2449 4023 2737 4090 μάρτυρας
2774 4021 2934 4080 εὐθὺς
2977 4019 3337 4087 ὑποδέχονται
3378 4021 3618 4086 σιδηραῖ,
3648 4025 3744 4069 καὶ
3783 4020 3896 4086 πῦρ
3923 4020 4016 4070 ύπῦ

2445 4117 2564 4176 ταῖς
2610 4113 2818 4172 κλίναις
2857 4111 3181 4164 ἀνάπτεται.
3215 4110 3402 4178 Παρῆν
3433 4110 3488 4161 δὲ
3544 4111 3639 4160 καὶ
3669 4111 3878 4172 Λυσίας
3911 4113 4017 4160 ἑπι-

2449 4209 2682 4276 φωνὼνο
2747 4203 2983 4258 Ὶέλοέτω
3031 4203 3286 4273 Χριστίς,
3341 4202 3666 4270 βοηθησάτω
3718 4200 3837 4266 τοῖς
3889 4206 4015 4271 ὑπὲρ

2449 4296 2614 4350 αὑτοῦ
2657 4296 2947 4365 πάσχουσι.
2983 4295 3089 4346 Καὶ
3118 4296 3144 4345 ὁ
3179 4295 3435 4362 Ζηνοόιος
3467 4294 3725 4363 εὐκόσμῳ
3765 4295 3846 4363 τῷ
3883 4296 4013 4365 ῆθει,

2458 4361 2753 4456 Πάρεστῖν,
2791 4387 3000 4453 ἔλεγεν,
3028 4387 3160 4449 ἰδοὺ,
3201 4386 3299 4456 τὴν
3327 4385 3458 4455 παρ’
3485 4387 3650 4438 αὑτοῦ
3670 4387 3868 4454 δρόσον
3898 4389 4015 4453 ἴαμα

2455 4481 2716 4552 παρέχων
2760 4481 2918 4550 ἡμῖν,
2971 4481 3018 4531 εἰ
3057 4482 3152 4530 καὶ
3205 4481 3269 4531 σὺ
3319 4479 3510 4532 τοῦτον
3555 4480 3658 4530 οὐκ
3692 4480 3846 4547 ἔχεις
3878 4483 4015 4551 ὀρῷ.

2373 4614 2427 4671 D
2451 4575 2725 4645 τοσαύτην
2754 4575 3010 4637 ἀσεϐείας
3040 4573 3208 4645 ἀχλὺν
3244 4575 3656 4644 περικείμενος.

2523 4671 2595 4722 Z'.
2642 4668 2700 4720 Ὀ
2737 4665 2866 4735 γοῦν
2892 4667 3179 4738 τύραννος,
3205 4666 3377 4728 οὕτως
3429 4667 3627 4730 αὐτοὺς
3661 4668 3814 4738 ὁρῶν
3869 4672 4012 4740 εὐψύ-

2453 4779 2560 4832 χως
2592 4763 2686 4815 καὶ
2713 4763 3059 4832 καρτερικῶς
3094 4763 3339 4831 ἔχοντας,
3378 4760 3561 4829 ἵστησι
3597 4765 3815 4835 ταύτην
3847 4767 3908 4818 τὸ
3935 4785 4017 4816 πα·

2458 4856 2548 4923 ρὸν
2577 4857 2690 4917 τοῖς
2718 4856 2986 4921 γενναίοις
3011 4855 3110 4924 τὴν
3151 4853 3445 4922 τιμωρίαν,
3475 4854 3612 4922 ὁμοῦ
3642 4857 3748 4924 μὲν
3781 4861 3885 4928 οὑχ
3917 4862 4016 4910 ἰκα-

2451 4945 2550 5018 νὴν
2579 4947 2745 5014 αὐτὴν
2772 4948 2850 5008 είς
2878 4946 3068 5014 ὀδύνης
3090 4944 3340 5014 αἴσθησιν
3363 4946 3700 5016 δριμυτέρας
3721 4949 4012 5010 ὑπολσεὼι,

2453 5038 2590 5108 ὁμοῦ
2642 5036 2696 5090 δὲ
2729 5036 2821 5088 καί
2849 5054 2990 5088 τισιν
3019 5036 3234 5088 ἐλπίσιν
3264 5036 3455 5089 ἑαυτὸν
3483 5041 3806 5093 ύποσαίνων
3834 5042 3910 5103 ὡς
3931 5044 4016 5110 ἄρα

2457 5130 2844 5197 πεισθήσονται
2896 5132 2987 5181 καὶ
3026 5128 3414 5198 μεταϐαλοῦσι,
3465 5132 3560 5183 καὶ
3598 5133 3699 5200 ούχ
3753 5133 3902 5187 οὕτω
3949 5137 4018 5186 διὰ

2455 5223 2638 5284 τέλους
2661 5222 2868 5274 ἑαυτῶν
2896 5223 3268 5291 ἀφειδήσουσι.
3301 5223 3517 5291 Ἀμέλει
3541 5227 3634 5276 καὶ
3665 5225 3783 5277 τῶν
3805 5227 4019 5297 σιδηρῶν

2457 5315 2682 5366 ἐκείνων
2711 5312 2910 5365 κλινῶν
2949 5312 3148 5374 αὐτοὺς
3198 5314 3529 5383 ἀναστήσας,
3567 5316 3902 5385 Οίκτείρατε
3936 5319 4018 5372 κᾶν

2456 5408 2582 5474 ἄρτι
2611 5405 2856 5468 ἑαυτοὺς,
2886 5403 3041 5473 φησι,
3070 5402 3264 5455 λάϐετέ
3318 5421 3439 5457 τινα
3468 5405 3619 5472 σφῶν
3650 5410 3843 5462 αὐτῶν
3870 5412 4018 5472 ἔλεον,

2462 5497 2596 5566 μηδὲ
2651 5495 2773 5566 ὄψις
2821 5495 3070 5565 ἀλλήλοις
3132 5497 3327 5565 οἰκτρά
3378 5496 3632 5566 γένησθε,
3687 5500 3926 5570 ἀδελφὸς
3974 5505 4019 5551 ἐν

2458 5588 2757 5657 ὀφθαλμοῖς
2809 5584 3038 5653 ἀδελφοῦ
3092 5587 3346 5657 χαλεπῶς
3396 5591 3825 5659 ἀναιρούμενος.
3859 5596 3920 5646 Οἱ
3974 5593 4017 5642 δὲ

2459 5684 2553 5735 τὸν
2586 5684 2786 5752 τρόπον
2821 5682 3021 5733 ἐκεῖνοι
3055 5681 3257 5748 μᾶλλον
3287 5681 3506 5749 ἀδελφοὶ
3538 5684 3631 5734 καὶ
3660 5684 3765 5745 τὰς
3798 5685 4014 5752 ψυχὲςῆ

2460 5776 2529 5827 τὰ
2556 5775 2806 5844 σώματα,
2832 5773 2920 5825 Σοὶ
2948 5773 3171 5842 μᾶλλον,
3205 5768 3249 5826 ὦ
3277 5773 3534 5838 δικαστά,
3564 5775 4018 5848 συμϐουλεύομεν,

2467 5864 2640 5938 εἷπον,
2676 5869 2868 5923 θέσθαι
2897 5869 3016 5921 τινὰ
3043 5870 3137 5922 καὶ
3177 5868 3273 5938 τῆς
3311 5868 3508 5922 σαυτοῦ
3539 5868 3723 5939 ψυχῆς
3759 5874 4018 5942 πρόνοιαν.
