4142 6510
704 424 837 485 1319

1982 414 2265 475 MENSIS
2309 412 2677 473 OCTOBER.

3811 405 3935 468 1320

720 581 3912 616 Mm

2015 739 2649 828 ΜΛΡΤΥΡΙΟΝ

793 946 1145 1083 ΤΟΥ
1257 939 1780 1076 ΑΓΙΟΥ
1889 928 2793 1070 ΜΑΡΤΥΡΟΣ
2895 919 3849 1058 ΕΠΙΜΑΧΟΥ.

1958 1361 2690 1451 MARTYRIUM

897 1596 1573 1762 SANCTI
1681 1585 2679 1744 MARTYRIS
2791 1577 3776 1739 EPIMACHI.

1480 1865 1594 1927 (Ap.
1635 1863 1832 1912 Surium
1865 1861 1922 1909 ad
1945 1859 2077 1910 diem
2107 1857 2161 1905 31
2199 1854 2454 1913 Octobris;
2491 1856 2655 1907 Crzere
2683 1869 2744 1905 ex
2783 1856 2890 1904 cod.
2918 1868 3008 1902 ms.
3046 1853 3206 1916 H81.)

785 2211 823 2262 I.
864 2205 1002 2260 Olim
1036 2199 1282 2273 profecto
1321 2193 1623 2265 impietatis
1655 2192 1824 2262 caligo
1861 2206 1957 2260 per
1989 2199 2161 2243 totum
2195 2203 2283 2239 or-

2461 2188 2537 2238 A'.
2580 2185 2740 2250 ’Λρτι
2777 2180 2874 2248 μὲν
2911 2181 2942 2249 ἡ
2977 2176 3075 2246 τῆς
3106 2174 3389 2235 εὐσεϐείας
3428 2174 3600 2242 ἀχλὺς
3642 2175 3749 2226 ἀνὰ
3793 2176 3964 2226 πᾶσαν

712 2302 833 2354 hem
865 2310 1130 2352 terrarum
1167 2293 1360 2346 diﬂusa
1389 2298 1524 2351 erat,
1565 2287 1921 2352 hominesque
1951 2280 2185 2335 universi
2221 2279 2286 2331 ail

715 2391 1046 2445 sacriﬁcium
1078 2387 1183 2439 diis
1218 2383 1559 2437 oiIerentlum
1590 2376 2080 2445 compellebantur,
2115 2372 2288 2439 impe-

714 2485 953 2537 rantium
989 2481 1186 2538 minas,
1223 2485 1277 2529 et
1320 2473 1564 2544 judienm
1597 2469 1856 2523 savitiam
1907 2474 2068 2534 atque
2116 2463 2289 2530 impe-

718 2587 830 2629 tum
879 2571 1258 2627 formidantes.
1293 2563 1657 2631 Quamobrem
1697 2570 1892 2613 natura
1927 2559 2161 2626 seipsam
2191 2555 2290 2606 de-

719 2666 994 2736 negabat:
1053 2674 1180 2714 tunc
1233 2659 1380 2712 enim
1433 2653 1770 2724 cognationis
1813 2652 1932 2720 jura
1977 2647 2294 2701 conculcata

717 2761 944 2813 omnino
989 2751 1398 2807 evertebantur.
1446 2746 1759 2808 Quinetiam
1809 2739 2010 2794 veteris
2056 2739 2294 2790 benevo-

719 2850 900 2901 lentiae
931 2842 1244 2910 eonjunctio
1278 2839 1331 2891 in
1369 2835 1657 2890 dissidium
1694 2830 2133 2885 convertebatur.

797 2941 1009 2992 lnterca
1037 2950 1164 2988 vero
1198 2944 1456 3000 tanquam
1479 2928 1629 2982 stella
1661 2926 1904 2994 quaedam
1935 2923 2076 2975 inter
2095 2916 2296 2974 Christi

719 3033 921 3089 milites
977 3041 1206 3095 magnus
1260 3021 1556 3088 eﬂulgebat
1603 3017 1953 3085 Epimaebus,
1999 3011 2089 3078 qui
2141 3010 2294 3061 vivus

720 3125 938 3195 quidem
971 3121 1201 3190 Aigypto
1245 3125 1454 3168 tantum
1487 3111 1734 3180 cognitus
1767 3106 1887 3168 fuit,
1920 3112 2044 3174 post
2096 3112 2297 3171 marty-

722 3225 862 3273 rium
915 3225 1095 3269 autem
1146 3211 1241 3264 toti
1290 3206 1492 3260 mundo
1544 3201 1716 3256 evasit
1757 3197 2104 3253 manifestus.
2161 3192 2296 3247 Eum

723 3311 869 3362 enim
909 3316 1038 3357 tunc
1065 3299 1348 3369 lEgyptus,
1384 3295 1532 3346 velut
1561 3292 1842 3342 lucernam
1875 3285 2165 3354 quamdam
2199 3283 2299 3335 sub

726 3401 912 3453 modio
963 3396 1245 3452 latentem,
1296 3385 1626 3441 occultabat.
1662 3379 1796 3433 Nam
1849 3377 1998 3447 regio
2045 3373 2302 3442 illa,ejus

722 3493 824 3546 viri
861 3485 1204 3543 educationis
1253 3489 1415 3547 atque
1459 3476 1680 3544 optimae
1713 3467 2067 3525 institutionis
2128 3465 2301 3536 parti-

2392 2279 2621 2349 διεχεῖτο
2655 2277 2753 2346 τὴν
2783 2273 3130 2341 οἰκουμένην,
3165 2269 3440 2337 ἄνθρωποι
3484 2267 3538 2318 δὲ
3579 2269 3784 2328 πάντες
3843 2270 3966 2336 πρὶς

2393 2374 2585 2426 Θυσίαν
2628 2370 2917 2435 εἰδωλικὴν
2960 2363 3381 2434 συνηλαύνοντο,
3426 2363 3524 2421 τάς
3569 2378 3622 2411 τε
3681 2363 3792 2412 τῶν
3837 2379 3964 2429 κρα-

2391 2467 2629 2520 τούντων
2663 2460 2898 2520 ἀπειλὰς
2948 2459 3040 2510 καὶ
3087 2458 3186 2518 τὰς
3213 2455 3532 2524 μιαιφόνοος
3564 2454 3675 2504 τῶν
3706 2454 3970 2506 δικαστῶν

2394 2554 2568 2622 ὁρμὰς
2614 2550 2865 2609 δεδιότες.
2903 2549 3012 2599 Καὶ
3059 2546 3218 2614 φύσις
3265 2544 3363 2612 μὲν
3404 2544 3601 2611 ἑαυτὴν
3659 2545 3968 2610 ἐξώμνυτοο

2398 2646 2724 2712 συγγενείας
2763 2643 2820 2694 δὲ
2857 2639 3036 2709 θεσμὰ
3067 2640 3446 2699 κατεπατεῖτο,
3494 2637 3583 2686 καὶ
3622 2637 3972 2702 ἀνετρέπετο,

2397 2740 2491 2792 καὶ
2559 2737 2794 2797 παλαιᾶς
2869 2733 3091 2800 ἀγάπης
3154 2730 3423 2795 συνάφεια
3495 2727 3630 2794 πρὸς
3697 2727 3974 2778 διάστασιν

2399 2829 2708 2898 ἐμερίζετο.
2752 2825 3060 2889 Ἐξέλαμπε
3097 2819 3153 2871 δὲ
3196 2821 3251 2869 ἐν
3275 2819 3485 2879 τούτοις
3518 2812 3607 2870 οἷά
3654 2834 3740 2878 τις
3803 2818 3976 2883 ἀστὴρ

2400 2924 2427 2974 ὁ
2465 2922 2636 2988 μέγας
2683 2919 2740 2969 ἐν
2775 2914 3096 2984 ἁθλοφόροις
3151 2912 3456 2980 Ἐπίμαχος
3496 2953 3509 2973 ,

2400 3013 2518 3066 οὐδὲ
2545 3013 2818 3082 γνώριμος
2845 3008 2919 3062 ὢν
2950 3011 3060 3071 τοῖς
3103 3009 3339 3068 πολλοῖς.
3373 3005 3652 3071 Αἴγυπτος
3703 3003 3816 3068 γάρ
3851 3001 3977 3058 τέως

2402 3101 2545 3174 εἶχεν
2598 3104 2781 3165 αὑτὸν,
2815 3098 2907 3154 οἷά
2949 3118 3068 3153 τινα
3109 3099 3302 3166 λύχνον
3353 3096 3458 3147 ὑπὸ
3516 3094 3686 3162 μοδίῳ
3738 3093 3975 3161 κτουῖττῦ-

2406 3211 2585 3262 μενον,
2624 3194 2747 3260 ἥτις
2821 3189 2986 3242 αὑτοῦ
3024 3189 3118 3240 καὶ
3156 3185 3466 3254 ἁνατροςοῆς
3496 3184 3671 3244 ὄντως
3720 3183 3815 3233 καὶ
3845 3183 3982 3246 dvo;-

2403 3285 2508 3352 γῆς
2557 3284 2652 3351 τῆς
2706 3280 2939 3350 ἀρίστης
2991 3278 3380 3342 ἀπολελαύκει,
3421 3277 3515 3328 καὶ
3565 3274 3774 3344 ἀρετῆς
3845 3269 3980 3324 εἶδεν

2405 3376 2568 3429 αὐτοῦ
2597 3377 2690 3427 καὶ¹
2722 3373 2941 3444 ἡλικίας
2975 3374 3262 3442 προκοπὰς
3299 3370 3396 3422 καὶ
3444 3367 3733 3435 αὐξήσεις.
3786 3367 3880 3426 Ὃς
3922 3367 3978 3415 ού

3569 2912 3671 2961 ούκ
3733 2909 3976 2975 ἐπίδηλος

2411 3471 2569 3540 μόνον
2603 3467 2780 3536 ἑαυτῷ
2814 3465 3292 3534 συναυξανομένην
3322 3459 3432 3532 εἶχε
3459 3462 3557 3529 τὴν
3592 3457 3821 3529 ἀρετὴν,
3853 3457 3981 3508 ἀλλὰ

724 3597 853 3649 ceps
883 3581 1019 3632 facta
1054 3572 1188 3625 fuit:
1217 3546 1419 3638 quippe
1447 3579 1567 3636 qua:
1600 3561 1817 3616 virtutis
1840 3568 1892 3612 et
1924 3557 2102 3610 aetatis
2128 3555 2301 3620 ipsius

2412 3559 2590 3623 πολλῴ
2620 3560 2844 3624 μείζονα
2874 3559 2968 3606 καὶ
3001 3557 3101 3621 τῆς
3135 3555 3349 3621 ἡλικίας
3382 3553 3551 3620 αὐτὴν
3586 3552 3944 3602 ἐπεδείκνυτο
3973 3564 3983 3575 ·

727 3683 1072 3743 progressum
1101 3676 1266 3732 atque
1299 3663 1637 3714 incrementa
1671 3647 1968 3719 perspexit.
2003 3645 2053 3696 is
2076 3658 2184 3694 non
2212 3657 2301 3694 so-

727 3734 836 3815 ium
871 3776 991 3813 cum
1019 3765 1177 3810 :etate
1211 3753 1412 3806 virtute
1442 3757 1656 3815 quoque
1689 3736 1984 3798 crescebat,
2021 3734 2114 3788 sed
2139 3735 2303 3788 etiam

727 3856 901 3905 virtus
934 3849 1052 3915 ipsa
1080 3846 1137 3896 in
1169 3857 1234 3894 eo
1270 3834 1705 3907 perspiciebatur
1735 3828 1893 3896 longe
1917 3827 2102 3894 major,
2142 3838 2304 3892 quant

727 3948 847 4014 ejus
884 3950 1016 3994 aetas
1068 3931 1424 4005 postulabat:
1477 3926 1641 3993 idque
1681 3936 1805 3974 cum
1840 3919 1988 3972 nullo
2035 3919 2155 3970 vitae
2188 3933 2304 3969 nia.

731 4010 897 4108 gistro
927 4044 1087 4101 atque
1119 4012 1258 4082 duce
1310 4037 1442 4076 usus
1489 4018 1704 4079 fuisset,
1741 4011 1834 4065 sed
1887 4011 2002 4079 ipse
2038 4010 2138 4062 sibi
2180 4021 2301 4060 tan-

731 4142 892 4196 quam
918 4122 1096 4192 regula
1129 4116 1375 4186 quaedam
1406 4117 1461 4162 et
1492 4107 1663 4160 forma
1694 4102 2026 4162 exstitisset,
2058 4101 2302 4153 animum

735 4219 894 4273 simul
931 4225 1094 4282 atque
1131 4221 1309 4262 mores
1339 4213 1700 4270 componens,
1744 4196 1895 4248 illum
1929 4193 2181 4247 videlicet
2211 4193 2310 4245 itii-

2403 3647 2716 3716 διδασκάλῳ
2743 3647 2841 3715 μὲν
2865 3645 3046 3698 οὐδενὶ
3077 3643 3168 3696 τοῦ
3192 3643 3310 3714 βίου
3350 3644 3444 3696 καὶ
3473 3641 3655 3710 ὁδηγῷ
3681 3638 3985 3709 χρώμενος,

2399 3737 2559 3787 οἱονεὶ
2595 3735 2649 3786 δέ
2688 3751 2768 3795 τις
2808 3734 2971 3795 αὐτὸς
3002 3732 3180 3803 ἑαυτῷ
3227 3731 3408 3784 κανὼν
3456 3731 3552 3783 καὶ
3602 3729 3778 3789 τύπος
3831 3727 3978 3793 γενύο

2407 3843 2564 3896 μενος
2594 3827 2689 3878 καὶ
2717 3825 2900 3893 ψυχὴν
2944 3824 3059 3893 ἅμα
3104 3825 3200 3876 καὶ
3241 3820 3373 3883 ἦθος
3414 3822 3715 3891 ῥυθμίζων·
3747 3821 3844 3870 καὶ
3894 3818 3986 3886 τὴν

2408 3920 2507 3989 μὲν
2543 3919 2712 3971 ποιῶν
2768 3917 2939 3986 ἡπίαν
2996 3920 3088 3970 καὶ
3147 3915 3422 3985 γαληνὴν,
3455 3914 3512 3964 τὸ
3556 3913 3612 3963 δὲ
3651 3912 3881 3964 σύννουν
3909 3910 3991 3961 ἀεὶ

2414 4015 2505 4062 καὶ
2547 4012 2930 4079 προσεκτικον.
2989 4009 3272 4063 Ἐντεῦθεν
3311 4004 3610 4073 Πηλούσιον
3654 4005 3783 4070 ὅρος
3832 4003 3989 4054 alio?

2415 4105 2661 4171 οἰκιστὴν
2717 4103 3093 4171 ἐκληρώσατο,
3157 4100 3415 4167 καθάπερ
3474 4098 3506 4163 ἡ
3563 4095 3774 4165 ἕρημος
3828 4095 3992 4145 πάλαι

2418 4195 2506 4248 τον
2551 4195 2827 4262 Ἰωάννην,
2858 4196 2954 4247 καὶ
2981 4193 3073 4244 τὸν
3112 4191 3300 4244 Ἠλίαν
3329 4191 3355 4242 ὁ
3387 4188 3711 4258 Κάρμηλος.

738 4322 845 4364 tem
875 4304 1298 4372 ettranquillum
1326 4295 1589 4352 eiliciens,
1624 4292 1722 4343 hos
1752 4288 2051 4357 prudentes
2108 4301 2346 4355 semper,
2395 4297 2634 4344 attentos
2665 4299 2721 4344 et
2771 4289 3008 4344 sobrios.
3053 4285 3192 4340 llinc
3259 4283 3507 4340 Pclusius
3555 4295 3715 4334 mons
3767 4279 3992 4333 incolam

738 4420 862 4456 cum
898 4404 1074 4453 virum
1144 4392 1402 4460 suscepit,
1439 4382 1897 4455 quemadmodum
1951 4395 2168 4434 eremus
2217 4380 2344 4433 olim
2385 4382 2652 4436 Joannem
2716 4382 3037 4450 Baptistam,
3073 4390 3126 4434 et
3163 4380 3444 4434 Carmelus
3475 4377 3646 4430 Eliam
3681 4376 3896 4429 liabmt.

812 4496 876 4549 ll.
922 4495 1054 4546 Cum
1093 4490 1252 4559 igitur
1283 4485 1612 4556 Epimacbus
1640 4485 1753 4551 ipse
1789 4481 1842 4532 in
1885 4489 2068 4533 monte
2099 4477 2313 4531 Pelusio

747 4594 1075 4645 versaretur,
1129 4591 1183 4634 et
1217 4580 1270 4632 in
1311 4576 1460 4632 Omni
1514 4572 1855 4645 philosophia
1904 4586 1961 4624 se
2013 4580 2313 4635 exerceret,

745 4690 1069 4744 omnemque
1123 4674 1300 4725 victus
1365 4667 1620 4720 duritiem
1674 4664 2093 4732 amplexaretur,
2149 4661 2311 4714 vitam

747 4770 980 4837 denique
1017 4771 1236 4832 propter
1264 4760 1543 4815 Christum
1578 4771 1825 4826 aSperam
1875 4770 1937 4807 ac
1984 4754 2310 4806 laboriosam

746 4864 979 4921 viveret,
1026 4857 1191 4929 judex
1228 4854 1447 4922 quidam
1496 4850 1700 4904 saevitia
1748 4857 1802 4901 et
1850 4845 2132 4899 ferocitate
2182 4845 2315 4898 insi-

747 4955 886 5024 gnis,
923 4947 1304 5002 Alexandriam
1341 4943 1511 4997 venit.
1561 4939 1732 4993 Judex
1783 4948 1962 5015 autem
1997 4937 2084 4990 ille
2123 4946 2317 4990 caatera

749 5047 965 5117 quidem
991 5041 1170 5094 omnia
1221 5053 1318 5107 pro
1355 5035 1526 5089 nihilo
1562 5033 1834 5095 faciebat;
1870 5029 1963 5082 sed
2003 5043 2163 5080 omne
2198 5038 2316 5080 tan-

752 5151 864 5192 tum
884 5135 1142 5192 studium,
1168 5129 1489 5182 industriam
1520 5135 1574 5177 et
1615 5133 1756 5177 artes
1791 5120 2100 5184 adhibebat,
2126 5118 2322 5187 quibus

755 5241 922 5285 totam
955 5229 1142 5279 urbem
1175 5223 1320 5275 illam
1344 5223 1454 5272 suis
1490 5217 1694 5270 retibus
1721 5222 1961 5282 caperet,
1997 5221 2046 5264 et
2075 5211 2324 5264 acerbam

758 5319 1050 5386 impietatis
1080 5315 1316 5386 prmdam
1352 5311 1657 5379 colligeret,
1690 5307 1850 5374 idque
1885 5314 1943 5358 ut
1967 5304 2182 5372 assequi
2213 5316 2330 5370 pos-

757 5424 858 5469 εει.
910 5411 1071 5464 nullis
1106 5403 1378 5460 machinis
1410 5402 1736 5454 abstinebat.
1775 5395 2138 5460 Quamobrem
2173 5393 2330 5447 Chri-

755 5502 916 5558 stiani
942 5514 1132 5554 omnes
1162 5498 1303 5551 illius
1333 5492 1534 5564 judicis
1569 5490 1745 5544 minas
1773 5490 2214 5550 extimescentes,
2239 5483 2326 5537 alii

757 5598 810 5651 in
840 5593 1184 5649 solitudinem
1214 5585 1592 5656 auiugiebant,
1625 5582 1714 5635 alii
1745 5595 1802 5633 se
1835 5577 2175 5632 Christianos
2203 5591 2326 5630 esse

755 5683 1179 5748 dissimulantes,
1232 5680 1568 5748 impietatem
1618 5671 1964 5728 simulabant.
2005 5669 2328 5736 Quicunque

763 5796 886 5832 vero
913 5780 1166 5846 pietatem
1202 5771 1449 5843 profiteri
1482 5770 1757 5836 volebant,
1794 5763 2167 5821 acerbissimis
2203 5779 2327 5818 cru-

760 5870 991 5923 ciatibus
1024 5868 1395 5923 tradebantur.

2494 4482 2554 4535 Β.
2606 4481 2892 4549 ’Όπουπερ
2919 4478 3081 4530 αὑτοῦ
3110 4476 3479 4545 διατρίϐοντος
3528 4473 3622 4523 καὶ
3675 4475 3863 4524 πᾶσαν
3907 4474 3995 4538 μὲν

2422 4570 2716 4634 ἀσκοῦντος
2753 4569 3096 4640 φιλοσοφίαν,
3130 4568 3281 4636 πάσῃ
3316 4565 3372 4616 δὲ
3426 4563 3611 4614 λοιπον
3663 4563 3870 4614 ἑαυτὸν
3912 4567 3992 4613 ὲκ-

2420 4664 2600 4726 δόντος
2629 4665 3024 4735 σκληραγωγίςι
3073 4661 3166 4715 καὶ
3210 4660 3326 4730 βίον
3372 4656 3574 4720 ζῶντος
3627 4653 3719 4706 διά
3765 4655 3996 4725 Χριστῑπθ

2429 4757 2687 4826 ὀδυνηρὸν
2742 4756 2834 4809 καὶ
2899 4757 3154 4820 ᾲπίπονον
3187 4793 3201 4818 ,
3259 4747 3667 4817 καταλαμϐάνει
3745 4749 3998 4814 δικαστὴς

2423 4845 2519 4913 τὴν
2563 4845 2962 4915 Ἀλεξανδρέων
2993 4845 3372 4913 ἀπηνέστατος
3408 4856 3463 4890 τε
3495 4841 3588 4890 καὶ
3628 4839 3995 4907 ἀγριώτατος.

2430 4937 2596 4989 τᾶλλα
2642 4939 2740 5006 μὲν
2774 4938 2981 4999 οὐδενὸς
3007 4935 3171 5001 ἀξιῶν
3205 4933 3384 4999 λόγου,
3411 4929 3550 4982 ὥστε
3583 4929 3639 4980 δὲ
3671 4932 3859 4982 πᾶσαν
3891 4928 3996 4978 κατ’

2428 5033 2602 5101 ἄκρας
2633 5031 2733 5100 τὴν
2775 5030 2930 5082 πόλιν
2964 5031 3097 5081 εἴσω
3126 5027 3234 5078 τῶν
3273 5023 3468 5078 ἑαυτοῦ
3501 5022 3746 5076 δικτύων
3799 5021 3995 5078 λαδείν,

2433 5126 2527 5176 καὶ
2559 5125 2784 5193 θήραμα
2820 5123 3017 5192 πικρὸν
3044 5120 3298 5181 άσεόείας
3334 5115 3700 5187 ποιήσασθαι,
3743 5116 3992 5182 οὐδεμιᾶς

2429 5217 2488 5268 τὸ
2534 5215 2797 5284 παράπαν
2861 5212 3113 5282 μηχανῆς
3141 5212 3503 5280 ἀπεχόμενος.
3540 5207 3707 5259 Ὅθεν
3741 5211 3840 5259 καὶ
3880 5208 3996 5274 Χρε-

2431 5308 2636 5363 στιανοὶ
2666 5309 2885 5370 πάντες,
2913 5307 2963 5358 οἱ
2989 5307 3086 5373 μὲν
3114 5306 3223 5358 δέει
3241 5304 3348 5355 τῶν
3373 5300 3637 5361 ἀπειλῶν,
3665 5300 3748 5362 εἰς
3778 5300 3996 5370 ἐρημίας

2433 5399 2859 5469 ἑφυγαδεύοντο.
2887 5400 2934 5450 οἱ
2967 5397 3045 5458 δὲ,
3075 5395 3166 5448 τὸν
3193 5391 3619 5466 Χριστιανισμὺν
3646 5394 3995 5459 κρύπτοντες,

2434 5495 2531 5561 τὴν
2582 5490 2840 5544 ἀσέϐειαν
2879 5489 3258 5559 ὑπεκρίνοντο.
3296 5487 3452 5539 Ὅσοι
3501 5486 3558 5537 δὲ
3607 5487 3706 5537 καὶ
3763 5481 3997 5551 φανερῶς

2439 5585 2685 5637 εὐσεϐεῖν
2739 5584 3043 5648 ἐϐούλοντο,
3083 5581 3337 5652 βασάνοις
3394 5577 3693 5643 ὲξεδίόοντο
3751 5575 3999 5647 πικροτά-

2435 5694 2575 5740 ταις.
