4142 6498
234 445 365 512 i321

228 653 435 724 ἐρημία
468 652 561 707 καὶ
608 653 668 706 τὸ
730 652 964 725 ἄμικτον
997 657 1179 711 ἐκεῖνο
1213 657 1308 725 τοῦ
1365 659 1482 730 βίου
1516 663 1608 716 καὶ
1650 663 1797 716 ἀκοι-

226 744 487 817 νὼνητον.
560 745 721 800 Ἀλλά
782 746 860 819 τῷ
917 748 1104 820 θερμῷ
1165 751 1296 819 περὶ
1353 750 1453 823 τὴν
1511 755 1796 808 εὐσέϐειαν

224 836 391 907 ζήλῳ,
420 838 519 909 τὴν
553 836 733 907 ψυχὴν
771 839 1110 912 σφοδρότατα
1130 841 1391 913 κινηθεὶς,
1426 845 1519 897 καὶ⁸
1555 845 1695 898 ὥστε
1722 849 1797 918 μὴ

221 928 429 1000 ταύτην
452 927 789 999 ὑϐρίζεσθαι,
825 933 919 985 καὶ
941 933 1085 1003 ζωῆς
1113 934 1227 1003 ἅμα
1249 936 1340 987 καὶ
1368 935 1600 1007 ἡσυχίας
1626 955 1795 992 κατα-

222 1025 533 1092 φρονήσας,
570 1022 821 1078 κάτεισιν
867 1027 946 1089 είς
981 1025 1153 1096 μέσην
1191 1028 1289 1097 τὴν
1337 1029 1492 1082 πόλιν
1533 1031 1641 1084 ἀπὸ
1693 1031 1794 1101 τῆς

218 1114 478 1183 ἐρημίας,
512 1115 763 1185 πρόσεισι
803 1116 862 1169 δὲ
911 1117 991 1187 τῷ
1038 1120 1347 1192 τυραννικῷ
1382 1122 1586 1192 βήματι
1627 1126 1793 1195 μηδὲν

218 1204 539 1274 ὑποπτήξας
570 1205 681 1259 τῶν
711 1207 1034 1277 ὁρωμένων,
1068 1210 1238 1281 μηδὲν
1268 1213 1376 1266 τῶν
1405 1214 1589 1283 φοϐεῖν
1624 1215 1790 1270 δυναο

218 1295 394 1363 μένων
435 1298 832 1366 καταπλαγεὶς,
876 1302 972 1354 κοιλ⁵
1010 1305 1170 1357 τοῦτο
1209 1305 1428 1375 πρῶτον
1479 1308 1788 1379 ἁρίστευμα

211 1390 311 1454 τῆς
347 1389 667 1458 θαυμαστῆς
697 1390 866 1444 αὑτοῦ
902 1397 1139 1448 ποιεῖται
1176 1397 1379 1466 ψυχῆς.
1423 1395 1557 1451 Εἶτα
1588 1399 1788 1453 καθαι-

214 1480 300 1547 ρεῖ
333 1480 433 1548 μὲν
478 1478 756 1533 είδωλικὸν
806 1484 1025 1537 ἐκεῖνον.
1064 1486 1249 1557 βωμὸν
1303 1491 1398 1543 καί
1462 1492 1544 1554 είς
1592 1492 1788 1561 ἔδαφος

211 1571 543 1642 ἀνατρέπει,
596 1572 733 1643 ὁμοῦ
788 1577 884 1630 καὶ
926 1579 1072 1650 χειρὶ
1115 1580 1341 1653 γενναίᾳ
1400 1583 1496 1637 καὶ
1556 1584 1786 1655 δυνάμει

210 1664 434 1733 ἀοράτῳ
484 1667 790 1737 χρώμενος.
833 1670 1013 1742 ’ορμᾲ
1062 1672 1119 1726 δὲ
1172 1674 1267 1727 καὶ
1313 1677 1434 1729 κατ’
1489 1676 1655 1731 αὐτοῦ
1687 1676 1782 1730 τοῦ

209 1753 520 1821 δικάζοντος
554 1759 710 1830 θυμῷ
738 1761 936 1832 δικαίῳ
962 1764 1055 1816 τὸν
1092 1764 1359 1838 ὑϐριστὴν
1385 1767 1482 1821 καὶ
1514 1768 1649 1822 Θεοῦ
1688 1769 1781 1824 καὶ

208 1848 391 1918 νόμων
439 1851 601 1920 ίερῶν
652 1853 1021 1923 ἀμυνόμενος.
1056 1858 1164 1911 Καὶ
1190 1858 1242 1910 εἴ
1284 1876 1347 1927 γε
1385 1862 1459 1931 μὴ
1492 1862 1644 1933 παρὰ
1670 1863 1780 1917 τῶν

207 1940 419 1994 ἐκείνου
474 1942 792 2013 δορυφόρων
828 1946 928 2011 τῆς
986 1949 1166 2019 ὁρμῆς
1217 1952 1511 2024 ἐπεσχέθη,
1576 1955 1780 2027 πτῷμα

205 2033 460 2103 δακρύων
486 2035 637 2100 ἀξιον
664 2037 753 2104 ἂν,
788 2042 816 2095 6
842 2040 1105 2111 τύραννος
1133 2042 1333 2097 ἔκειτο.

270 2322 346 2378 Δ’.
388 2327 564 2397 Ὅπερ
605 2329 813 2393 ἐκεῖνος
863 2332 964 2386 οὐκ
988 2332 1250 2402 ἐνεγκὼν,
1290 2333 1427 2389 ἀλλὰ
1459 2334 1634 2404 μέσην
1677 2334 1778 2406 τὴν

197 2414 434 2482 καρδίαν
479 2416 583 2469 ὑπὸ
627 2419 729 2487 τῆς
769 2420 940 2491 ὀργῆς
977 2422 1271 2492 ἀνατέσας,
1326 2425 1409 2478 ὅτι
1454 2442 1559 2495 περ
1603 2426 1777 2490 οὕτως

196 2502 424 2572 εὐτελὴς
484 2506 626 2575 ἀνὴρ
690 2508 977 2581 αὐχμηρὸς
1030 2513 1129 2583 τὴν
1187 2515 1385 2587 κόμην,
1442 2517 1659 2587 οἰκτρὸς
1715 2516 1777 2569 τὸ

189 2593 485 2663 τριϐώνιον
520 2600 658 2665 μετὰ
698 2605 966 2671 τοσαύτης
1012 2604 1158 2675 αὐτῷ
1201 2607 1299 2677 τῆς
1338 2607 1547 2678 τόλμης
1599 2626 1773 2679 προσ-

194 2684 465 2757 ενεχθείη,
488 2689 701 2759 φυλακῇ
732 2691 822 2744 τὸν
845 2693 998 2761 ἆγιον
1022 2698 1112 2749 καὶ
1133 2697 1350 2766 δεσμοῖς
1377 2701 1767 2769 παραδίδωσιν,

191 2771 281 2829 οἷα
338 2780 650 2849 παράϐολόν
684 2800 737 2834 τι
797 2785 889 2837 καὶ
943 2784 1117 2855 θρασὺ
1168 2788 1491 2859 δεδρακότα,
1533 2798 1629 2845 καὶ
1671 2799 1768 2864 τὴν

190 2868 351 2937 δίκην
383 2869 541 2933 ἀξίαν
574 2872 860 2940 ὑφέξοντα.
902 2876 1139 2941 Πολλοὺς
1174 2880 1273 2948 μὲν
1310 2877 1404 2935 οὖν
1436 2885 1530 2936 καὶ
1572 2885 1765 2949 ἄλλους

191 2951 312 3024 εἶχε
366 2958 425 3008 τὸ
475 2958 848 3031 δεσμωτήριον
903 2964 1040 3035 ὑπὲρ
1091 2967 1373 3032 εὐσεϐείας
1437 2973 1530 3024 καὶ
1569 2973 1767 3038 αὐτοὺς

191 3048 795 3118 κατακεκλεισμένους.
840 3055 1000 3117 Ἀλλὰ
1048 3060 1211 3114 πᾶσιν
1256 3062 1440 3126 αὐτοῖς
1489 3066 1628 3135 ῥοπὴ
1663 3084 1761 3136 με-

191 3139 361 3209 γίστη
396 3142 489 3194 καὶ
529 3142 666 3212 πρὸς
699 3144 759 3195 τὸ
787 3148 1093 3217 μαρτύριον
1144 3153 1509 3223 παράκλησις,
1544 3157 1571 3208 6
1600 3159 1764 3221 καλὸς

1353 452 1821 515 MARTYRIUM
1858 451 1916 516 S.
1958 453 2353 520 EPIMACIII.

296 561 357 615 Γ.
393 560 525 615 Τότε
559 560 741 616 τοίνυν
780 560 881 615 οὐκ
912 556 981 634 ἦν
1023 562 1105 618 ἔτι
1156 564 1386 622 ἀνεκτὸν
1433 568 1719 641 Ἐπιμάχῳ
1762 570 1794 640 ἡ
1830 574 1875 633 Α

3338 481 3475 551 1322

1979 569 2074 625 lll.
2115 571 2270 628 Tunc
2327 573 2491 647 igitur
2544 577 2842 651 Epimacho
2902 586 3137 647 solitudo
3195 592 3310 665 ipsa
3360 613 3468 656 non

1905 664 2139 734 amplius
2177 667 2279 721 fuit
2327 671 2601 739 optabilis,
2653 693 2829 748 neque
2866 680 2954 737 illa
2992 684 3115 742 vitae
3155 664 3294 746 ratio
3325 704 3475 763 grata

1902 766 2039 820 eral,
2085 774 2193 827 qua
2241 766 2691 823 consuetudinem
2738 781 2790 827 et
2823 771 3104 831 hominum
3139 778 3472 850 impietatem

1900 849 2146 914 vitabat;
2194 853 2291 909 sed
2324 858 2526 912 amoris
2567 862 2759 918 ardore
2789 864 2843 919 in
2878 866 2972 923 Dei
3019 849 3276 938 pietatem
3307 875 3475 931 vehe-

1901 942 2243 999 mentissime
2278 962 2563 1015 accensus,
2592 961 2647 1006 et
2677 954 2793 1009 zelo
2822 957 3059 1026 quodam
3090 976 3287 1033 magno
3320 967 3473 1022 exci-

1900 1037 2068 1095 tatus,
2100 1036 2263 1091 vitam
2315 1038 2498 1107 simul,
2538 1044 2887 1102 solitudinem
2936 1058 2988 1104 et
3034 1053 3275 1122 quietem
3323 1055 3471 1112 illam

1897 1127 2248 1195 contempsit,
2286 1140 2340 1183 et
2367 1132 2436 1186 ab
2461 1149 2646 1190 eremo
2670 1135 2726 1190 in
2758 1139 2992 1194 mediam
3024 1144 3212 1200 urbem
3237 1147 3467 1204 descen-

1895 1212 2014 1268 dit:
2051 1216 2299 1284 quinimo
2342 1222 2474 1277 adiit
2516 1226 2582 1279 ad
2624 1229 2858 1284 tribunal
2909 1234 3147 1303 tyranni,
3193 1238 3332 1293 nihil
3368 1255 3466 1296 eo-

1896 1314 2015 1354 rum
2052 1313 2323 1373 metuens,
2363 1322 2481 1377 quae
2513 1316 2787 1381 corporeis
2811 1319 2982 1373 oculis
3012 1331 3337 1391 cernuntur,
3366 1340 3468 1381 ne-

1898 1406 2004 1461 que
2040 1393 2128 1449 his
2178 1397 2359 1463 rebus,
2398 1415 2518 1469 quze
2561 1410 2825 1460 terrorem
2881 1411 3155 1480 injiciunt,
3192 1424 3467 1484 perterre-

1892 1480 2086 1538 factus.
2124 1485 2301 1550 Quare
2339 1490 2715 1548 admirabilem
2752 1497 2919 1551 animi
2950 1498 3325 1560 fortitudinem
3376 1507 3463 1562 in-

1890 1578 2109 1635 dicavit.
2144 1581 2409 1655 Deinceps
2462 1589 2730 1647 idolorum
2781 1610 2930 1650 aram
2980 1599 3201 1666 evertit,
3234 1616 3464 1673 eamque

1900 1670 2017 1724 solo
2077 1673 2402 1742 adzeqnavit,
2463 1682 2656 1748 partim
2707 1700 2970 1755 generosa
3023 1698 3079 1743 et
3112 1689 3240 1745 forti
3274 1708 3462 1757 manu,

1890 1761 2091 1828 partim
2122 1767 2363 1831 potentia
2403 1771 2656 1838 quadam,
2691 1789 2799 1829 non
2845 1777 3102 1845 humana,
3140 1782 3236 1837 sed
3272 1784 3457 1840 divina

1888 1866 2040 1906 usus.
2076 1855 2156 1908 Ad
2196 1856 2309 1911 luce
2338 1867 2393 1913 et
2440 1861 2701 1919 adversus
2728 1864 2968 1935 judieem
3014 1869 3276 1941 impetum
3309 1876 3458 1941 fecit.

1882 1945 2040 2015 justo
2073 1949 2309 2015 quodam
2345 1950 2531 2008 furore
2571 1955 2721 2010 illum
2754 1959 3044 2028 ulciscens,
3074 1966 3168 2034 qui
3207 1966 3377 2023 Deum
3407 1982 3461 2026 et

1886 2035 2005 2101 ejus
2035 2049 2217 2089 sacras
2242 2037 2387 2109 leges
2418 2041 2673 2101 violabat.
2714 2048 2785 2100 At
2812 2050 2916 2105 nisi
2950 2052 3017 2107 ab
3050 2053 3224 2123 ipsius
3250 2060 3458 2113 satelli-

1888 2124 2032 2178 tibus
2070 2131 2322 2197 martyris
2358 2132 2595 2203 impetus
2648 2138 2903 2197 detentus
2938 2142 3155 2214 fuisset,
3197 2156 3457 2220 tyrannus

1885 2210 1975 2265 ille
2011 2216 2303 2271 miserabili
2335 2235 2465 2276 casu
2498 2225 2782 2293 jacuissct.

1961 2337 2048 2394 ιν.
2093 2339 2226 2406 Quae
2281 2347 2463 2403 omnia
2522 2356 2841 2427 cumjndex
2894 2377 3003 2417 non
3065 2366 3251 2437 ferret,
3307 2376 3454 2443 quod

1880 2426 2047 2483 homo
2096 2440 2201 2486 tam
2236 2434 2359 2489 vilis
2392 2448 2446 2491 et
2483 2441 2753 2511 abjectus,
2787 2463 2943 2505 coma
2981 2457 3291 2526 squalidus,
3324 2426 3453 2535 .toga

1878 2519 2066 2586 miser,
2103 2532 2252 2579 tanto
2285 2526 2489 2598 impetu
2516 2533 2571 2586 in
2607 2550 2731 2590 eum
2768 2539 2977 2599 irruere
3011 2562 3177 2604 ausus
3203 2562 3371 2617 esset,
3396 2556 3447 2609 in

1878 2623 2153 2667 carcerem
2179 2625 2235 2670 et
2270 2618 2481 2675 vincula
2509 2624 2686 2679 virum
2719 2629 2869 2686 illum
2903 2640 3309 2698 sanctissimum
3332 2646 3452 2715 jus-

1874 2701 1944 2754 sit
1978 2705 2200 2774 conjici,
2238 2723 2522 2780 pr0pterea
2557 2719 2704 2787 quod
2756 2724 3040 2782 audaciam
3076 2739 3130 2785 et
3167 2739 3448 2792 temerita-

1873 2797 1981 2845 tem
2023 2810 2276 2865 magnam
2307 2816 2417 2869 prae
2447 2819 2506 2858 se
2530 2808 2728 2864 tulerat
2758 2828 2773 2865 :
2809 2819 3160 2882 quamobrem
3190 2836 3244 2878 et
3268 2826 3447 2895 justas

1874 2894 2066 2948 pmnas
2093 2885 2141 2938 ei
2176 2890 2561 2956 persolvendas
2596 2912 2715 2954 esse
2756 2900 3019 2962 decrevit.
3045 2909 3193 2965 Multi
3225 2885 3444 2984 quidem

1869 2971 1980 3037 alii,
2035 2984 2090 3029 et
2140 2979 2241 3047 ipsi
2295 2982 2515 3052 pietatis
2566 3003 2727 3045 causa
2779 2997 3044 3063 conclusi,
3094 3017 3315 3060 carcere
3354 3008 3444 3063 illo

1867 3064 2272 3127 detinebantur.
2307 3075 2411 3131 Sed
2451 3079 2555 3134 illis
2582 3085 2836 3141 omnibus
2859 3092 3087 3147 multum
3118 3097 3443 3167 adjumenti,

1867 3172 2170 3231 magnaque
2202 3166 2270 3220 ad
2297 3173 2614 3241 martyrium
2667 3176 2899 3235 libenter
2928 3166 3310 3253 perferendum
3341 3166 3437 3251 ad?

187 3231 431 3302 κατέστη
475 3234 772 3304 Ἐπίμαχος
800 3251 816 3268 ⁸
849 3239 1066 3307 ἀμελῶν
1120 3243 1217 3310 μὲν
1266 3245 1370 3298 τῶν
1423 3248 1544 3301 καθ’
1576 3248 1764 3305 ἑαυτὸν

187 3323 380 3354 Sunt...
436 3326 523 3354 ..-ξ
562 3328 659 3354 -z-
694 3328 918 3354 :..-!..._..
968 3331 1232 3354 n-___‘:,.
1313 3338 1324 3354 ε
1479 3340 1494 3354 ς
1557 3341 1567 3354 .

1869 3246 2110 3308 hortatio
2165 3267 2280 3311 erat
2343 3258 2625 3329 Epimachi
2692 3271 2865 3325 oratio
2928 3231 3093 3346 atque
3160 3281 3432 3354 alacritas,

181 3323 400 3388 δεινῶν,
436 3326 530 3378 καὶ
562 3328 659 3397 τῆς
693 3328 918 3383 ἐκείνων
968 3331 1267 3400 Θεραπείας
1309 3338 1757 3411 ἐπιμελούμενος.

190 3415 427 3468 Ἔπειτα
449 3417 505 3469 δὲ
538 3419 632 3471 καὶ
656 3423 1038 3489 παραινέσεως
1076 3426 1205 3494 πρὸς
1236 3427 1456 3495 αὐτοὺς,
1488 3431 1584 3483 καὶ
1612 3433 1759 3486 διδα-

187 3507 418 3570 σκαλίας
448 3509 774 3575 ἁπτόμενος,
800 3512 895 3564 καὶ
922 3516 1239 3583 συγκροτῶν
1260 3520 1479 3585 αὐτοὺς,
1511 3524 1760 3592 τειχίζων

186 3598 552 3667 πανταχόθεν,
615 3603 806 3668 νήφειν
863 3603 1052 3667 ποιῶν,
1088 3605 1391 3669 ἀναλώτονς
1446 3612 1586 3679 ὅλως
1638 3618 1759 3678 ταῖς

182 3688 283 3740 τοῦ
316 3688 513 3759 ἐχθροῦ
567 3695 837 3761 μηχαναῖς
878 3696 1262 3766 ἐργαζόμενος.

252 3982 329 4035 Ε⁹.
359 3979 859 4054 Παραστησάμενος
885 3989 1173 4058 τοιγαροῦν
1208 3991 1403 4053 αὐτοὺς
1438 3992 1465 4043 6
1492 3993 1750 4064 δικάζων,

180 4075 278 4127 καὶ
313 4074 535 4127 πλείονα
585 4077 737 4149 παρὰ
784 4078 919 4131 πολὺ
952 4080 1049 4149 τῆς
1101 4083 1373 4151 προτέρας
1411 4086 1505 4138 καὶ
1557 4087 1754 4158 θερμο-

177 4166 348 4233 τέραν
385 4167 484 4236 τὴν
517 4168 771 4222 ἔνστασιν
805 4169 926 4222 ἰδὼν
956 4173 1459 4245 ὲπ.δεικνυμένους,
1500 4179 1749 4249 πυθόμε-

177 4272 268 4319 νος
297 4258 357 4311 δὲ
402 4260 496 4312 καὶ
542 4261 639 4333 τὴν
665 4262 847 4316 αἰτίαν
880 4263 974 4318 τοῦ
1033 4269 1379 4337 πράγματος,
1431 4273 1524 4325 καὶ
1559 4274 1750 4342 μαθὼν

174 4350 253 4411 ὡς
308 4350 608 4422 Ἐπιμάχον
662 4353 836 4408 ταῦτα
888 4358 1189 4426 συμϐουλαί
1232 4378 1289 4414 τε
1324 4364 1419 4417 καὶ
1454 4365 1746 4436 ὑποθῆκαι.

176 4440 398 4494 Τούτων
432 4442 531 4512 μὲν
563 4445 700 4511 μετὰ
734 4446 934 4510 πολλάς
970 4450 1071 4522 ἤδη
1105 4453 1198 4505 καὶ
1230 4454 1539 4526 ἀφορήτους
1572 4478 1748 4527 τιμω-

176 4534 302 4602 ρίας
345 4535 597 4603 ἐκτέμνει
651 4535 749 4600 τὰς
785 4538 1070 4606 γλώσσας·
1122 4538 1281 4598 αὗται
1329 4548 1437 4617 γὰρ
1488 4546 1628 4620 ἦσαν
1688 4555 1743 4606 αἱ

178 4626 355 4695 μέσην
401 4626 548 4695 αὐτῷ
590 4630 825 4697 μάλιστα
876 4632 1214 4703 πλήττουσαι
1267 4641 1365 4709 τὴν
1415 4640 1596 4711 ψυχὴν
1631 4647 1742 4708 τοῖς

179 4716 424 4785 ἐλέγχοις
458 4719 552 4788 τῆς
585 4720 863 4792 ἀληθείας.
889 4722 1020 4779 Εἶτα
1051 4727 1144 4780 καὶ
1179 4730 1319 4798 ξίφει
1350 4735 1445 4795 τὰς
1484 4752 1743 4805 μαρτυρι-

176 4808 276 4871 κάς
298 4808 477 4861 αὐτῶν
499 4812 737 4881 κεφαλὰς
760 4816 1092 4887 ἀφαιρεῖται.
1139 4822 1292 4874 Μετά
1315 4822 1369 4876 δὲ
1387 4824 1602 4890 τούτους
1622 4826 1742 4894 ἄγει

171 4900 454 4972 δεσμώτην
484 4904 572 4955 τὸν
619 4910 860 4974 γενναῖον
919 4910 1235 4983 Ἐπίμαχον,
1268 4916 1361 4969 καὶ
1394 4917 1506 4969 Ἵνα
1538 4917 1607 4985 τί,
1640 4936 1742 4987 φη-

172 4993 280 5056 σὶν,
304 4994 332 5043 6
352 4994 546 5061 σεμνὸς
578 4997 640 5049 σὺ
667 4999 757 5050 καὶ
781 4998 841 5051 τὸ
863 4996 999 5064 εἶδος
1030 5002 1357 5073 ἀξιοθέατος,
1386 5009 1463 5071 εἰς
1492 5010 1740 5063 τοσοῦτον

168 5084 438 5148 ιξέπεοας
471 5085 808 5156 δυσσεϐείας,
852 5090 926 5155 ὡς
962 5096 1036 5165 μὴ
1080 5097 1239 5165 μόνθν
1268 5100 1447 5170 ήμῶνθ
1480 5101 1614 5155 ἀλλά
1648 5104 1740 5156 ἀἱ

171 5176 312 5228 Θεῶν
350 5176 528 5230 αὐτῶν
556 5182 645 5233 καὶ
681 5181 952 5251 βασιλέων
1005 5190 1427 5263 αὐτοκρατόρων
1461 5212 1739 5264 καταφροο

169 5270 315 5333 νεῖν;
364 5269 706 5339 ’Λνθρώπους
733 5274 833 5341 μὲν
858 5276 965 5346 γὰρ
997 5278 1179 5347 ὄντας,
1209 5283 1420 5354 ἀνάγκη
1472 5285 1737 5350 πολλάκις

168 5361 504 5428 σφάλλεσθαι
552 5364 646 5415 τοῦ
696 5369 1089 5439 προσήκοντος,
1143 5374 1280 5445 πλὴν
1312 5375 1428 5428 ἀλλ’
1486 5379 1585 5430 οὐκ
1615 5379 1737 5431 ἐπι-

169 5457 355 5522 μένειν
399 5455 477 5508 δεῖ
522 5459 632 5521 τοῖς
674 5460 878 5527 αὐτοῖς,
911 5463 1043 5517 ἀλλὰ
1092 5467 1528 5535 μεταϐάλλεσθαι
1574 5474 1737 5526 πάλιν

163 5545 511 5616 διορθοῦσθαι
550 5550 617 5603 τὰ
660 5553 788 5622 παρ’
819 5556 974 5625 ἡμῶν
1004 5559 1079 5629 μὴ
1111 5559 1339 5625 δεόντω;
1367 5567 1728 5637 γεγενημένα.

164 5638 381 5691 Οὐκοῦν
434 5641 758 5715 ἀνθρωπίνῳ
790 5647 880 5698 καὶ
909 5648 1069 5713 αὐτὸς
1103 5654 1259 5709 πάθει
1322 5656 1576 5723 ἑαλωκὼς
1605 5662 1733 5715 ἀνά-

161 5729 332 5797 νηψόν
355 5747 487 5783 πιτε
520 5735 610 5787 καὶ
630 5737 956 5809 ἡμετέρους,
986 5738 1129 5808 εἶξον
1154 5750 1559 5821 προστάγμασι,
1591 5754 1731 5809 θύων

161 5818 448 5893 οὓνλιμῖν
487 5828 597 5887 τοῖς
657 5828 798 5893 θεοῖς
846 5843 938 5884 καὶ
987 5838 1172 5904 αὐτοῖς
1223 5835 1446 5910 εὐνοῶν,
1503 5845 1596 5899 καὶ
1654 5849 1727 5911 ὡς

327 5915 593 5978 ΡΑτειοι..
636 5922 748 5983 Gs.
799 5926 979 5986 CXV.

1775 4589 1821 4644 ι)
1850 4577 2046 4632 bantur
2083 4594 2343 4654 martyres
2388 4591 2454 4645 ad
2494 4577 2775 4654 veritatem
2824 4577 3241 4681 deicndendam,

1866 3342 2067 3412 quippe
2105 3350 2248 3415 quod
2290 3366 2479 3408 omnes
2509 3358 2807 3425 cruciatus,
2842 3380 2980 3435 quos
3005 3342 3105 3425 sibi
3134 3387 3351 3445 paratos
3373 3399 3435 3435 ac.

1862 3439 2178 3505 propositos
2230 3443 2465 3513 videbat,
2512 3452 2823 3523 negligens,
2870 3458 2937 3512 de
2991 3439 3207 3521 illorum
3260 3473 3434 3528 salute

1862 3535 2073 3583 tantum
2118 3543 2237 3588 erat
2276 3536 2561 3595 sollicitus.
2599 3544 2677 3598 Ad
2717 3548 2831 3602 haec
2883 3554 3352 3618 admonitionibus
3382 3578 3435 3622 et

1859 3622 2107 3674 doctrina
2138 3627 2307 3680 multa
2344 3645 2440 3685 eos
2490 3633 2796 3695 instruebat
2837 3654 3002 3713 atque
3048 3651 3428 3714 conﬁrmabat.

1859 3711 2096 3781 undique
2129 3714 2274 3784 ipsos
2307 3720 2579 3786 muniens,
2612 3728 2804 3795 eisque
2837 3711 3174 3801 persuadens
3204 3754 3265 3799 ut
3298 3750 3431 3821 vigi-

1856 3805 2031 3860 lantes
2064 3823 2131 3864 ac
2169 3809 2302 3866 tales
2350 3828 2470 3868 esse
2508 3819 2813 3889 studerent,
2848 3828 2941 3894 qui
2969 3835 3193 3891 omnino
3233 3841 3300 3895 ab
3332 3805 3427 3899 hyo-

1855 3896 1955 3950 stis
1992 3897 2195 3955 diaboli
2226 3904 2494 3961 machinis
2520 3917 2817 3983 expugnari
2848 3934 2959 3975 non
2992 3940 3241 3993 possent.

1926 4034 1990 4088 ν.
2033 4036 2169 4092 Cum
2202 4056 2330 4096 vero
2375 4044 2539 4113 judex
2584 4050 2705 4109 illos
2754 4057 2818 4113 ad
2870 4074 2926 4117 se
2974 4063 3099 4121 duci
3142 4067 3422 4139 jussisset,

1852 4138 2053 4196 eosque
2114 4133 2285 4187 multo
2334 4145 2695 4211 constantius,
2749 4165 2910 4219 quam
2967 4168 3163 4225 antea,
3218 4166 3420 4223 Christi

1850 4216 2252 4278 confessionem
2296 4230 2535 4297 proﬁteri
2563 4237 2807 4309 vidisset,
2836 4245 3064 4318 ejusque
3091 4255 3166 4309 rei
3200 4271 3418 4318 causam

2794 4299 2806 4309 ,
2865 4299 2883 4314 ,
2932 4299 2950 4302 -
3002 4299 3166 4309 η--.
3201 4299 3418 4318 πυρα...

1850 4299 2133 4371 Epimachi
2189 4315 2415 4370 consilia
2455 4328 2509 4373 et
2560 4299 2991 4389 adhortatione;
3012 4337 3179 4397 fuisse
3218 4360 3418 4418 cogno-

1849 4394 2035 4462 visset,
2068 4399 2283 4456 illorum
2314 4408 2581 4477 omnium,
2608 4422 2944 4484 postmultos
2966 4436 3021 4482 et
3044 4394 3417 4495 intolerabiles

1848 4487 2148 4551 cruciatus,
2199 4491 2411 4563 linguas
2455 4505 2699 4561 exscindi
2733 4510 2920 4580 jussit,
2948 4517 3071 4587 .(his
3112 4524 3256 4579 enim
3292 4538 3415 4585 ute-~

1852 4685 1938 4724 res
1993 4672 2197 4741 judicis
2252 4681 2493 4739 animum
2556 4692 2789 4749 maxime
2853 4702 3150 4773 cruciabat)
3216 4672 3413 4772 deinde

1848 4765 2161 4821 eorumdem
2186 4771 2361 4839 capita
2385 4775 2559 4844 gladio
2581 4788 2869 4851 amputari.
2899 4790 3025 4849 Post
3043 4765 3153 4852 haec
3173 4800 3411 4861 vinctum

1845 4848 1911 4902 ad
1962 4864 2021 4903 se
2072 4852 2196 4909 duci
2242 4858 2406 4927 jussit
2453 4879 2779 4933 generosum
2829 4874 3204 4955 Epimachum,
3250 4908 3409 4960 quem

2875 4938 2888 4947 .
3134 4938 3204 4955 ηνι
3254 4938 3405 4960 ἰν-νη·

1846 4938 2106 4998 intuens:
2137 4946 2335 5016 Quare,
2370 4952 2568 5023 inquit,
2609 4968 2665 5015 tu
2691 4963 2773 5017 vir
2798 4966 2876 5021 ita
2917 4973 3115 5038 gravis,
3149 4987 3202 5032 et
3235 4980 3405 5037 forma

1844 5036 2147 5103 spectabili,
2205 5039 2270 5093 ad
2322 5057 2437 5098 eam
2492 5047 2827 5119 impietatem
2876 5036 3164 5134 prolapsus
3221 5086 3299 5135 es,
3354 5087 3410 5128 ιιι

1844 5140 1953 5179 ιιοιι
2000 5128 2175 5183 solum
2210 5147 2331 5200 nos,
2382 5138 2478 5191 sed
2510 5139 2643 5197 deos
2672 5147 2831 5201 etiam
2882 5150 3029 5220 ipsos
3070 5167 3124 5210 et
3173 5159 3405 5229 impera-

1845 5225 1986 5271 tores
2017 5229 2437 5281 contemneres?
2468 5229 2731 5292 llomines
2762 5241 2984 5308 quidem
3024 5260 3165 5315 saepe
3196 5252 3263 5304 ab
3288 5254 3405 5307 olli-

1842 5308 1925 5362 eio
1958 5311 2214 5368 aberrare
2244 5331 2470 5377 necesse
2513 5334 2617 5390 est,
2648 5338 2703 5383 at
2742 5346 2850 5384 non
2908 5335 3064 5390 decet
3115 5348 3291 5395 tamen
3349 5349 3401 5399 in

1840 5403 2034 5456 erratis
2065 5421 2402 5479 permanere,
2436 5415 2533 5470 sed
2561 5420 2845 5476 consilium
2878 5436 3111 5497 mutare,
3146 5441 3198 5485 et
3229 5438 3403 5489 corri-

1838 5506 1985 5560 gere,
2015 5510 2135 5564 quae
2168 5513 2275 5553 non
2328 5513 2473 5559 recte
2504 5522 2532 5558 a
2564 5510 2721 5566 nobis
2753 5510 2899 5570 facta
2945 5517 3168 5577 fuerint.
3203 5523 3401 5589 Quam-

1837 5581 2023 5638 obrem
2060 5597 2115 5643 et
2147 5597 2223 5656 tu,
2257 5604 2379 5646 cum
2422 5595 2661 5654 humano
2711 5619 2861 5661 more
2904 5615 3235 5678 peccaveris,
3280 5626 3398 5672 tan.

1836 5672 1957 5728 dem
1988 5677 2298 5748 resipiscas,
2328 5695 2382 5738 et
2410 5689 2613 5746 nostris
2630 5692 2799 5764 jussis
2830 5699 3079 5769 obedias,
3115 5707 3399 5766 nobiscum

1836 5782 1938 5822 una
1962 5770 2064 5826 diis
2085 5776 2426 5849 sacriﬁcans,
2449 5792 2505 5838 et
2530 5784 2583 5839 in
2609 5786 2727 5844 illos
2753 5789 3187 5852 benevolentiam
3212 5810 3393 5857 osten-

1835 5855 1989 5927 dens,
2046 5876 2152 5936 ne,
2204 5867 2245 5923 si
2291 5865 2421 5927 deos
2465 5872 2610 5944 ipsos
2643 5878 2879 5937 omnium
2930 5882 3178 5942 dominos
3220 5890 3396 5949 colere

3015 5978 3085 6038 42
