  <div class='ocr_page' id='page_1' title='image "/cluster/home/n/w/nwhite01/storage/ocr_20150623/115/uva.x004215515/741.png"; bbox 0 0 4142 6482; ppageno 0'>
   <div class='ocr_carea' id='block_1_1' title="bbox 727 470 862 536">
    <p class='ocr_par' dir='ltr' id='par_1_1' title="bbox 727 470 862 536">
     <span class='ocr_line' id='line_1_1' title="bbox 727 470 862 536; baseline 0 0"><span class='ocrx_word' id='word_1_1' title='bbox 727 470 862 536; x_wconf 78' lang='grc'><strong>1323</strong></span> 
     </span>
    </p>
   </div>
   <div class='ocr_carea' id='block_1_2' title="bbox 2026 446 2741 525">
    <p class='ocr_par' dir='ltr' id='par_1_2' title="bbox 2026 446 2741 525">
     <span class='ocr_line' id='line_1_2' title="bbox 2026 446 2741 525; baseline -0.001 -1"><span class='ocrx_word' id='word_1_2' title='bbox 2026 463 2310 525; x_wconf 80' lang='lat' dir='ltr'><strong>MENSlS</strong></span> <span class='ocrx_word' id='word_1_3' title='bbox 2351 446 2741 523; x_wconf 70' lang='lat' dir='ltr'><strong>ocrosen.’</strong></span> 
     </span>
    </p>
   </div>
   <div class='ocr_carea' id='block_1_3' title="bbox 3854 442 3972 507">
    <p class='ocr_par' dir='ltr' id='par_1_3' title="bbox 3854 442 3972 507">
     <span class='ocr_line' id='line_1_3' title="bbox 3854 442 3972 507; baseline 0.008 -1"><span class='ocrx_word' id='word_1_4' title='bbox 3854 442 3972 507; x_wconf 66' lang='lat'><strong>1324</strong></span> 
     </span>
    </p>
   </div>
   <div class='ocr_carea' id='block_1_4' title="bbox 731 553 2325 653">
    <p class='ocr_par' dir='ltr' id='par_1_4' title="bbox 731 579 2303 653">
     <span class='ocr_line' id='line_1_4' title="bbox 731 579 2303 653; baseline -0.003 -17"><span class='ocrx_word' id='word_1_5' title='bbox 731 581 990 648; x_wconf 89' lang='lat' dir='ltr'><strong>nolueris,</strong></span> <span class='ocrx_word' id='word_1_6' title='bbox 1019 589 1073 636; x_wconf 92' lang='lat' dir='ltr'><strong>tu</strong></span> <span class='ocrx_word' id='word_1_7' title='bbox 1095 595 1313 653; x_wconf 86' lang='lat' dir='ltr'><strong>quoque</strong></span> <span class='ocrx_word' id='word_1_8' title='bbox 1341 580 1733 637; x_wconf 74' lang='lat' dir='ltr'><strong>sceleratorum</strong></span> <span class='ocrx_word' id='word_1_9' title='bbox 1758 579 2039 636; x_wconf 86' lang='lat' dir='ltr'><strong>hominum</strong></span> <span class='ocrx_word' id='word_1_10' title='bbox 2074 588 2303 633; x_wconf 84' lang='lat' dir='ltr'><strong>mortem</strong></span> 
     </span>
    </p>
   </div>
   <div class='ocr_carea' id='block_1_5' title="bbox 2429 553 3972 653">
    <p class='ocr_par' dir='ltr' id='par_1_5' title="bbox 2429 553 3972 641">
     <span class='ocr_line' id='line_1_5' title="bbox 2429 553 3972 641; baseline -0.01 -16"><span class='ocrx_word' id='word_1_11' title='bbox 2429 573 2675 636; x_wconf 73' lang='grc' dir='ltr'>ἰεσπότας</span> <span class='ocrx_word' id='word_1_12' title='bbox 2709 567 3032 641; x_wconf 77' lang='grc' dir='ltr'>θεραπεύων</span> <span class='ocrx_word' id='word_1_13' title='bbox 3083 563 3362 628; x_wconf 74' lang='grc' dir='ltr'>ἁπάντων,</span> <span class='ocrx_word' id='word_1_14' title='bbox 3411 559 3495 614; x_wconf 76' lang='grc' dir='ltr'>ἵνα</span> <span class='ocrx_word' id='word_1_15' title='bbox 3549 555 3626 628; x_wconf 79' lang='grc' dir='ltr'>μὴ</span> <span class='ocrx_word' id='word_1_16' title='bbox 3665 553 3762 607; x_wconf 81' lang='grc' dir='ltr'>καὶ</span> <span class='ocrx_word' id='word_1_17' title='bbox 3794 557 3856 609; x_wconf 75' lang='grc' dir='ltr'><strong>σὺ</strong></span> <span class='ocrx_word' id='word_1_18' title='bbox 3893 557 3972 610; x_wconf 61' lang='grc' dir='ltr'>τὶν</span> 
     </span>
    </p>
   </div>
   <div class='ocr_carea' id='block_1_6' title="bbox 730 679 976 748">
    <p class='ocr_par' dir='ltr' id='par_1_6' title="bbox 730 679 976 748">
     <span class='ocr_line' id='line_1_6' title="bbox 730 679 976 748; baseline -0.004 -16"><span class='ocrx_word' id='word_1_19' title='bbox 730 679 976 748; x_wconf 85' lang='lat' dir='ltr'><strong>patiaris.</strong></span> 
     </span>
    </p>
   </div>
   <div class='ocr_carea' id='block_1_7' title="bbox 799 762 2304 830">
    <p class='ocr_par' dir='ltr' id='par_1_7' title="bbox 799 762 2304 830">
     <span class='ocr_line' id='line_1_7' title="bbox 799 762 2304 830; baseline -0.005 -11"><span class='ocrx_word' id='word_1_20' title='bbox 799 763 888 819; x_wconf 83' lang='lat' dir='ltr'><strong>Vl.</strong></span> <span class='ocrx_word' id='word_1_21' title='bbox 930 763 1011 819; x_wconf 78' lang='lat' dir='ltr'><strong>Ad</strong></span> <span class='ocrx_word' id='word_1_22' title='bbox 1056 765 1169 818; x_wconf 71' lang='lat' dir='ltr'><strong>limc</strong></span> <span class='ocrx_word' id='word_1_23' title='bbox 1217 763 1637 819; x_wconf 76' lang='lat' dir='ltr'><strong>ardentissimus</strong></span> <span class='ocrx_word' id='word_1_24' title='bbox 1674 762 1765 817; x_wconf 91' lang='lat' dir='ltr'><strong>illc</strong></span> <span class='ocrx_word' id='word_1_25' title='bbox 1809 762 2055 816; x_wconf 71' lang='lat' dir='ltr'><strong>veritatis</strong></span> <span class='ocrx_word' id='word_1_26' title='bbox 2101 776 2304 830; x_wconf 87' lang='lat' dir='ltr'><strong>propu-</strong></span> 
     </span>
    </p>
   </div>
   <div class='ocr_carea' id='block_1_8' title="bbox 727 855 2302 926">
    <p class='ocr_par' dir='ltr' id='par_1_8' title="bbox 727 855 2302 926">
     <span class='ocr_line' id='line_1_8' title="bbox 727 855 2302 926; baseline -0.003 -17"><span class='ocrx_word' id='word_1_27' title='bbox 727 867 920 925; x_wconf 83' lang='lat' dir='ltr'><strong>gnator</strong></span> <span class='ocrx_word' id='word_1_28' title='bbox 962 856 1316 926; x_wconf 83' lang='lat' dir='ltr'><strong>Epimachus,</strong></span> <span class='ocrx_word' id='word_1_29' title='bbox 1348 865 1594 924; x_wconf 84' lang='lat' dir='ltr'><strong>apertam</strong></span> <span class='ocrx_word' id='word_1_30' title='bbox 1638 855 1784 910; x_wconf 87' lang='lat' dir='ltr'><strong>illius</strong></span> <span class='ocrx_word' id='word_1_31' title='bbox 1818 855 2179 909; x_wconf 79' lang='lat' dir='ltr'><strong>temeritatem</strong></span> <span class='ocrx_word' id='word_1_32' title='bbox 2213 867 2302 905; x_wconf 87' lang='lat' dir='ltr'><strong>re-</strong></span> 
     </span>
    </p>
   </div>
   <div class='ocr_carea' id='block_1_9' title="bbox 728 947 2303 1020">
    <p class='ocr_par' dir='ltr' id='par_1_9' title="bbox 728 947 2303 1020">
     <span class='ocr_line' id='line_1_9' title="bbox 728 947 2303 1020; baseline -0.003 -18"><span class='ocrx_word' id='word_1_33' title='bbox 728 950 1020 1020; x_wconf 82' lang='lat' dir='ltr'><strong>darguens,</strong></span> <span class='ocrx_word' id='word_1_34' title='bbox 1047 948 1191 1018; x_wconf 87' lang='lat' dir='ltr'><strong>quod</strong></span> <span class='ocrx_word' id='word_1_35' title='bbox 1217 947 1681 1003; x_wconf 82' lang='lat' dir='ltr'><strong>admonitionibus</strong></span> <span class='ocrx_word' id='word_1_36' title='bbox 1703 956 1757 1001; x_wconf 85' lang='lat' dir='ltr'><strong>et</strong></span> <span class='ocrx_word' id='word_1_37' title='bbox 1784 947 2030 1001; x_wconf 82' lang='lat' dir='ltr'><strong>doctrina</strong></span> <span class='ocrx_word' id='word_1_38' title='bbox 2061 961 2154 1000; x_wconf 87' lang='lat' dir='ltr'><strong>sua</strong></span> <span class='ocrx_word' id='word_1_39' title='bbox 2179 961 2303 998; x_wconf 89' lang='lat' dir='ltr'><strong>eum</strong></span> 
     </span>
    </p>
   </div>
   <div class='ocr_carea' id='block_1_10' title="bbox 731 1035 2304 1107">
    <p class='ocr_par' dir='ltr' id='par_1_10' title="bbox 731 1035 2304 1107">
     <span class='ocr_line' id='line_1_10' title="bbox 731 1035 2304 1107; baseline -0.002 -15"><span class='ocrx_word' id='word_1_40' title='bbox 731 1038 795 1092; x_wconf 86' lang='lat' dir='ltr'><strong>ad</strong></span> <span class='ocrx_word' id='word_1_41' title='bbox 829 1039 1158 1107; x_wconf 84' lang='lat' dir='ltr'><strong>impietatem</strong></span> <span class='ocrx_word' id='word_1_42' title='bbox 1192 1038 1474 1107; x_wconf 88' lang='lat' dir='ltr'><strong>impellere</strong></span> <span class='ocrx_word' id='word_1_43' title='bbox 1509 1049 1737 1092; x_wconf 86' lang='lat' dir='ltr'><strong>conatus</strong></span> <span class='ocrx_word' id='word_1_44' title='bbox 1774 1045 1940 1099; x_wconf 86' lang='lat' dir='ltr'><strong>esset,</strong></span> <span class='ocrx_word' id='word_1_45' title='bbox 1984 1037 2050 1090; x_wconf 89' lang='lat' dir='ltr'><strong>ab</strong></span> <span class='ocrx_word' id='word_1_46' title='bbox 2081 1035 2304 1090; x_wconf 78' lang='lat' dir='ltr'><strong>exordio</strong></span> 
     </span>
    </p>
   </div>
   <div class='ocr_carea' id='block_1_11' title="bbox 730 1128 2304 1199">
    <p class='ocr_par' dir='ltr' id='par_1_11' title="bbox 730 1128 2304 1199">
     <span class='ocr_line' id='line_1_11' title="bbox 730 1128 2304 1199; baseline 0 -17"><span class='ocrx_word' id='word_1_47' title='bbox 730 1129 997 1184; x_wconf 85' lang='lat' dir='ltr'><strong>orationis</strong></span> <span class='ocrx_word' id='word_1_48' title='bbox 1045 1145 1156 1183; x_wconf 74' lang='lat' dir='ltr'><strong>sua:</strong></span> <span class='ocrx_word' id='word_1_49' title='bbox 1209 1128 1358 1194; x_wconf 90' lang='lat' dir='ltr'><strong>fecit,</strong></span> <span class='ocrx_word' id='word_1_50' title='bbox 1396 1141 1455 1184; x_wconf 94' lang='lat' dir='ltr'><strong>ut</strong></span> <span class='ocrx_word' id='word_1_51' title='bbox 1508 1140 1768 1199; x_wconf 73' lang='lat' dir='ltr'><strong>tyrannus</strong></span> <span class='ocrx_word' id='word_1_52' title='bbox 1802 1129 1917 1198; x_wconf 86' lang='lat' dir='ltr'><strong>ipsc</strong></span> <span class='ocrx_word' id='word_1_53' title='bbox 1968 1130 2151 1184; x_wconf 87' lang='lat' dir='ltr'><strong>statim</strong></span> <span class='ocrx_word' id='word_1_54' title='bbox 2183 1130 2304 1199; x_wconf 81' lang='lat' dir='ltr'><strong>ejus</strong></span> 
     </span>
    </p>
   </div>
   <div class='ocr_carea' id='block_1_12' title="bbox 726 1219 2302 1292">
    <p class='ocr_par' dir='ltr' id='par_1_12' title="bbox 726 1219 2302 1292">
     <span class='ocr_line' id='line_1_12' title="bbox 726 1219 2302 1292; baseline 0.001 -19"><span class='ocrx_word' id='word_1_55' title='bbox 726 1222 969 1275; x_wconf 85' lang='lat' dir='ltr'><strong>animum</strong></span> <span class='ocrx_word' id='word_1_56' title='bbox 1007 1222 1362 1292; x_wconf 86' lang='lat' dir='ltr'><strong>perspiceret,</strong></span> <span class='ocrx_word' id='word_1_57' title='bbox 1389 1229 1442 1274; x_wconf 90' lang='lat' dir='ltr'><strong>et</strong></span> <span class='ocrx_word' id='word_1_58' title='bbox 1474 1221 1540 1272; x_wconf 89' lang='lat' dir='ltr'><strong>ab</strong></span> <span class='ocrx_word' id='word_1_59' title='bbox 1572 1220 1720 1274; x_wconf 90' lang='lat' dir='ltr'><strong>omni</strong></span> <span class='ocrx_word' id='word_1_60' title='bbox 1754 1237 1849 1290; x_wconf 90' lang='lat' dir='ltr'><strong>spe</strong></span> <span class='ocrx_word' id='word_1_61' title='bbox 1881 1221 2171 1275; x_wconf 81' lang='lat' dir='ltr'><strong>decideret.</strong></span> <span class='ocrx_word' id='word_1_62' title='bbox 2201 1219 2302 1283; x_wconf 83' lang='lat' dir='ltr'><strong>Me,</strong></span> 
     </span>
    </p>
   </div>
   <div class='ocr_carea' id='block_1_13' title="bbox 731 1313 2305 1383">
    <p class='ocr_par' dir='ltr' id='par_1_13' title="bbox 731 1313 2305 1383">
     <span class='ocr_line' id='line_1_13' title="bbox 731 1313 2305 1383; baseline 0.001 -19"><span class='ocrx_word' id='word_1_63' title='bbox 731 1314 928 1381; x_wconf 88' lang='lat' dir='ltr'><strong>inquit,</strong></span> <span class='ocrx_word' id='word_1_64' title='bbox 960 1329 992 1367; x_wconf 89' lang='grc' dir='ltr'><strong>ο</strong></span> <span class='ocrx_word' id='word_1_65' title='bbox 1023 1315 1211 1383; x_wconf 81' lang='lat' dir='ltr'><strong>jndex.</strong></span> <span class='ocrx_word' id='word_1_66' title='bbox 1257 1329 1535 1382; x_wconf 89' lang='lat' dir='ltr'><strong>nunquam</strong></span> <span class='ocrx_word' id='word_1_67' title='bbox 1575 1313 1643 1367; x_wconf 89' lang='lat' dir='ltr'><strong>ab</strong></span> <span class='ocrx_word' id='word_1_68' title='bbox 1673 1329 1733 1367; x_wconf 89' lang='lat' dir='ltr'><strong>ea</strong></span> <span class='ocrx_word' id='word_1_69' title='bbox 1767 1313 1987 1383; x_wconf 86' lang='lat' dir='ltr'><strong>pietate,</strong></span> <span class='ocrx_word' id='word_1_70' title='bbox 2029 1313 2184 1381; x_wconf 90' lang='lat' dir='ltr'><strong>cujus</strong></span> <span class='ocrx_word' id='word_1_71' title='bbox 2206 1328 2305 1382; x_wconf 92' lang='lat' dir='ltr'><strong>ego</strong></span> 
     </span>
    </p>
   </div>
   <div class='ocr_carea' id='block_1_14' title="bbox 729 1405 2304 1474">
    <p class='ocr_par' dir='ltr' id='par_1_14' title="bbox 729 1405 2304 1474">
     <span class='ocr_line' id='line_1_14' title="bbox 729 1405 2304 1474; baseline 0.001 -16"><span class='ocrx_word' id='word_1_72' title='bbox 729 1407 982 1460; x_wconf 76' lang='lat' dir='ltr'><strong>alumnus</strong></span> <span class='ocrx_word' id='word_1_73' title='bbox 1029 1413 1084 1458; x_wconf 88' lang='lat' dir='ltr'><strong>et</strong></span> <span class='ocrx_word' id='word_1_74' title='bbox 1128 1405 1340 1460; x_wconf 92' lang='lat' dir='ltr'><strong>amicus</strong></span> <span class='ocrx_word' id='word_1_75' title='bbox 1388 1422 1529 1468; x_wconf 89' lang='lat' dir='ltr'><strong>sum,</strong></span> <span class='ocrx_word' id='word_1_76' title='bbox 1585 1416 1640 1459; x_wconf 93' lang='lat' dir='ltr'><strong>tu</strong></span> <span class='ocrx_word' id='word_1_77' title='bbox 1687 1414 1932 1459; x_wconf 73' lang='lat' dir='ltr'><strong>avertere</strong></span> <span class='ocrx_word' id='word_1_78' title='bbox 1969 1406 2192 1474; x_wconf 89' lang='lat' dir='ltr'><strong>poteris.</strong></span> <span class='ocrx_word' id='word_1_79' title='bbox 2227 1406 2304 1460; x_wconf 79' lang='lat' dir='ltr'><strong>Ne</strong></span> 
     </span>
    </p>
   </div>
   <div class='ocr_carea' id='block_1_15' title="bbox 729 1496 2306 1568">
    <p class='ocr_par' dir='ltr' id='par_1_15' title="bbox 729 1496 2306 1568">
     <span class='ocr_line' id='line_1_15' title="bbox 729 1496 2306 1568; baseline 0.003 -20"><span class='ocrx_word' id='word_1_80' title='bbox 729 1496 893 1566; x_wconf 81' lang='lat' dir='ltr'><strong>igitur</strong></span> <span class='ocrx_word' id='word_1_81' title='bbox 938 1497 1004 1551; x_wconf 89' lang='lat' dir='ltr'><strong>ad</strong></span> <span class='ocrx_word' id='word_1_82' title='bbox 1054 1499 1360 1568; x_wconf 79' lang='lat' dir='ltr'><strong>negandum</strong></span> <span class='ocrx_word' id='word_1_83' title='bbox 1389 1498 1597 1552; x_wconf 86' lang='lat' dir='ltr'><strong>Christi</strong></span> <span class='ocrx_word' id='word_1_84' title='bbox 1660 1496 2061 1551; x_wconf 80' lang='lat' dir='ltr'><strong>confessionem</strong></span> <span class='ocrx_word' id='word_1_85' title='bbox 2106 1499 2306 1553; x_wconf 87' lang='lat' dir='ltr'><strong>dehinc</strong></span> 
     </span>
    </p>
   </div>
   <div class='ocr_carea' id='block_1_16' title="bbox 729 1589 2308 1658">
    <p class='ocr_par' dir='ltr' id='par_1_16' title="bbox 729 1589 2308 1658">
     <span class='ocr_line' id='line_1_16' title="bbox 729 1589 2308 1658; baseline 0.003 -16"><span class='ocrx_word' id='word_1_86' title='bbox 729 1604 1012 1658; x_wconf 82' lang='lat' dir='ltr'><strong>provoces,</strong></span> <span class='ocrx_word' id='word_1_87' title='bbox 1049 1606 1226 1658; x_wconf 88' lang='lat' dir='ltr'><strong>neque</strong></span> <span class='ocrx_word' id='word_1_88' title='bbox 1255 1589 1398 1643; x_wconf 88' lang='lat' dir='ltr'><strong>aliud</strong></span> <span class='ocrx_word' id='word_1_89' title='bbox 1435 1591 1712 1658; x_wconf 84' lang='lat' dir='ltr'><strong>quippiam</strong></span> <span class='ocrx_word' id='word_1_90' title='bbox 1768 1604 1854 1643; x_wconf 91' lang='lat' dir='ltr'><strong>me</strong></span> <span class='ocrx_word' id='word_1_91' title='bbox 1887 1589 2174 1654; x_wconf 85' lang='lat' dir='ltr'><strong>facturum,</strong></span> <span class='ocrx_word' id='word_1_92' title='bbox 2214 1600 2308 1646; x_wconf 87' lang='lat' dir='ltr'><strong>aut</strong></span> 
     </span>
    </p>
   </div>
   <div class='ocr_carea' id='block_1_17' title="bbox 730 1682 2306 1751">
    <p class='ocr_par' dir='ltr' id='par_1_17' title="bbox 730 1682 2306 1751">
     <span class='ocr_line' id='line_1_17' title="bbox 730 1682 2306 1751; baseline 0.004 -18"><span class='ocrx_word' id='word_1_93' title='bbox 730 1682 1001 1736; x_wconf 87' lang='lat' dir='ltr'><strong>dicturum</strong></span> <span class='ocrx_word' id='word_1_94' title='bbox 1037 1698 1245 1750; x_wconf 89' lang='lat' dir='ltr'><strong>speres,</strong></span> <span class='ocrx_word' id='word_1_95' title='bbox 1277 1683 1422 1751; x_wconf 91' lang='lat' dir='ltr'><strong>quod</strong></span> <span class='ocrx_word' id='word_1_96' title='bbox 1460 1683 1627 1737; x_wconf 90' lang='lat' dir='ltr'><strong>animi</strong></span> <span class='ocrx_word' id='word_1_97' title='bbox 1657 1692 1752 1738; x_wconf 88' lang='lat' dir='ltr'><strong>aut</strong></span> <span class='ocrx_word' id='word_1_98' title='bbox 1781 1685 1983 1739; x_wconf 87' lang='lat' dir='ltr'><strong>mentis</strong></span> <span class='ocrx_word' id='word_1_99' title='bbox 2021 1686 2306 1739; x_wconf 85' lang='lat' dir='ltr'><strong>imbecilli-</strong></span> 
     </span>
    </p>
   </div>
   <div class='ocr_carea' id='block_1_18' title="bbox 731 1775 2304 1844">
    <p class='ocr_par' dir='ltr' id='par_1_18' title="bbox 731 1775 2304 1844">
     <span class='ocr_line' id='line_1_18' title="bbox 731 1775 2304 1844; baseline 0.004 -19"><span class='ocrx_word' id='word_1_100' title='bbox 731 1783 894 1828; x_wconf 88' lang='lat' dir='ltr'><strong>tatem</strong></span> <span class='ocrx_word' id='word_1_101' title='bbox 926 1775 1211 1844; x_wconf 74' lang='lat' dir='ltr'><strong>signiﬁcet.</strong></span> <span class='ocrx_word' id='word_1_102' title='bbox 1237 1775 1514 1831; x_wconf 88' lang='lat' dir='ltr'><strong>Christum</strong></span> <span class='ocrx_word' id='word_1_103' title='bbox 1546 1779 1690 1832; x_wconf 90' lang='lat' dir='ltr'><strong>enim</strong></span> <span class='ocrx_word' id='word_1_104' title='bbox 1721 1779 2006 1843; x_wconf 88' lang='lat' dir='ltr'><strong>conﬁteor,</strong></span> <span class='ocrx_word' id='word_1_105' title='bbox 2029 1778 2304 1834; x_wconf 86' lang='lat' dir='ltr'><strong>Christum</strong></span> 
     </span>
    </p>
   </div>
   <div class='ocr_carea' id='block_1_19' title="bbox 730 1865 2303 1938">
    <p class='ocr_par' dir='ltr' id='par_1_19' title="bbox 730 1865 2303 1938">
     <span class='ocr_line' id='line_1_19' title="bbox 730 1865 2303 1938; baseline 0.002 -22"><span class='ocrx_word' id='word_1_106' title='bbox 730 1865 981 1933; x_wconf 71' lang='lat' dir='ltr'><strong>praedico,</strong></span> <span class='ocrx_word' id='word_1_107' title='bbox 1030 1881 1127 1935; x_wconf 90' lang='lat' dir='ltr'><strong>per</strong></span> <span class='ocrx_word' id='word_1_108' title='bbox 1161 1882 1323 1936; x_wconf 90' lang='lat' dir='ltr'><strong>quem</strong></span> <span class='ocrx_word' id='word_1_109' title='bbox 1374 1877 1556 1922; x_wconf 82' lang='lat' dir='ltr'><strong>creata</strong></span> <span class='ocrx_word' id='word_1_110' title='bbox 1599 1879 1730 1923; x_wconf 90' lang='lat' dir='ltr'><strong>sunt</strong></span> <span class='ocrx_word' id='word_1_111' title='bbox 1772 1871 1976 1934; x_wconf 90' lang='lat' dir='ltr'><strong>omnia,</strong></span> <span class='ocrx_word' id='word_1_112' title='bbox 2021 1884 2115 1938; x_wconf 90' lang='lat' dir='ltr'><strong>per</strong></span> <span class='ocrx_word' id='word_1_113' title='bbox 2145 1882 2303 1936; x_wconf 84' lang='lat' dir='ltr'><strong>quem</strong></span> 
     </span>
    </p>
   </div>
   <div class='ocr_carea' id='block_1_20' title="bbox 731 1955 2311 2029">
    <p class='ocr_par' dir='ltr' id='par_1_20' title="bbox 731 1955 2311 2029">
     <span class='ocr_line' id='line_1_20' title="bbox 731 1955 2311 2029; baseline 0.004 -22"><span class='ocrx_word' id='word_1_114' title='bbox 731 1955 894 2010; x_wconf 85' lang='lat' dir='ltr'><strong>homo</strong></span> <span class='ocrx_word' id='word_1_115' title='bbox 919 1955 1209 2022; x_wconf 89' lang='lat' dir='ltr'><strong>formatus,</strong></span> <span class='ocrx_word' id='word_1_116' title='bbox 1241 1969 1293 2013; x_wconf 89' lang='lat' dir='ltr'><strong>et</strong></span> <span class='ocrx_word' id='word_1_117' title='bbox 1329 1958 1415 2014; x_wconf 79' lang='lat' dir='ltr'><strong>lex</strong></span> <span class='ocrx_word' id='word_1_118' title='bbox 1447 1959 1573 2014; x_wconf 89' lang='lat' dir='ltr'><strong>data</strong></span> <span class='ocrx_word' id='word_1_119' title='bbox 1606 1971 1690 2016; x_wconf 88' lang='lat' dir='ltr'><strong>est</strong></span> <span class='ocrx_word' id='word_1_120' title='bbox 1717 1979 1729 2016; x_wconf 91' lang='lat'><strong>:</strong></span> <span class='ocrx_word' id='word_1_121' title='bbox 1761 1961 1854 2029; x_wconf 89' lang='lat' dir='ltr'><strong>qui</strong></span> <span class='ocrx_word' id='word_1_122' title='bbox 1886 1970 2124 2014; x_wconf 89' lang='lat' dir='ltr'><strong>mentem</strong></span> <span class='ocrx_word' id='word_1_123' title='bbox 2153 1960 2311 2014; x_wconf 90' lang='lat' dir='ltr'><strong>nobis</strong></span> 
     </span>
    </p>
   </div>
   <div class='ocr_carea' id='block_1_21' title="bbox 731 2047 2309 2122">
    <p class='ocr_par' dir='ltr' id='par_1_21' title="bbox 731 2047 2309 2122">
     <span class='ocr_line' id='line_1_21' title="bbox 731 2047 2309 2122; baseline 0.004 -23"><span class='ocrx_word' id='word_1_124' title='bbox 731 2047 882 2102; x_wconf 86' lang='lat' dir='ltr'><strong>dedit</strong></span> <span class='ocrx_word' id='word_1_125' title='bbox 912 2049 1157 2103; x_wconf 89' lang='lat' dir='ltr'><strong>omnium</strong></span> <span class='ocrx_word' id='word_1_126' title='bbox 1189 2050 1379 2106; x_wconf 90' lang='lat' dir='ltr'><strong>ducem</strong></span> <span class='ocrx_word' id='word_1_127' title='bbox 1414 2067 1477 2106; x_wconf 89' lang='lat' dir='ltr'><strong>ac</strong></span> <span class='ocrx_word' id='word_1_128' title='bbox 1510 2053 1843 2121; x_wconf 81' lang='lat' dir='ltr'><strong>magistram,</strong></span> <span class='ocrx_word' id='word_1_129' title='bbox 1867 2053 1958 2122; x_wconf 89' lang='lat' dir='ltr'><strong>qui</strong></span> <span class='ocrx_word' id='word_1_130' title='bbox 1993 2069 2092 2122; x_wconf 90' lang='lat' dir='ltr'><strong>pro</strong></span> <span class='ocrx_word' id='word_1_131' title='bbox 2123 2065 2309 2107; x_wconf 85' lang='lat' dir='ltr'><strong>nostra</strong></span> 
     </span>
    </p>
   </div>
   <div class='ocr_carea' id='block_1_22' title="bbox 729 2139 2312 2214">
    <p class='ocr_par' dir='ltr' id='par_1_22' title="bbox 729 2139 2312 2214">
     <span class='ocr_line' id='line_1_22' title="bbox 729 2139 2312 2214; baseline 0.007 -25"><span class='ocrx_word' id='word_1_132' title='bbox 729 2139 976 2193; x_wconf 90' lang='lat' dir='ltr'><strong>omnium</strong></span> <span class='ocrx_word' id='word_1_133' title='bbox 1028 2142 1224 2205; x_wconf 89' lang='lat' dir='ltr'><strong>salute,</strong></span> <span class='ocrx_word' id='word_1_134' title='bbox 1258 2159 1378 2212; x_wconf 75' lang='lat' dir='ltr'><strong>qum</strong></span> <span class='ocrx_word' id='word_1_135' title='bbox 1420 2145 1532 2212; x_wconf 89' lang='lat' dir='ltr'><strong>jam</strong></span> <span class='ocrx_word' id='word_1_136' title='bbox 1571 2144 1835 2214; x_wconf 87' lang='lat' dir='ltr'><strong>perierat,</strong></span> <span class='ocrx_word' id='word_1_137' title='bbox 1872 2145 2109 2199; x_wconf 84' lang='lat' dir='ltr'><strong>humana</strong></span> <span class='ocrx_word' id='word_1_138' title='bbox 2144 2160 2312 2200; x_wconf 88' lang='lat' dir='ltr'><strong>carne</strong></span> 
     </span>
    </p>
   </div>
   <div class='ocr_carea' id='block_1_23' title="bbox 733 2232 2315 2308">
    <p class='ocr_par' dir='ltr' id='par_1_23' title="bbox 733 2232 2315 2308">
     <span class='ocr_line' id='line_1_23' title="bbox 733 2232 2315 2308; baseline 0.006 -25"><span class='ocrx_word' id='word_1_139' title='bbox 733 2246 791 2286; x_wconf 89' lang='lat' dir='ltr'><strong>se</strong></span> <span class='ocrx_word' id='word_1_140' title='bbox 842 2232 1041 2299; x_wconf 88' lang='lat' dir='ltr'><strong>induit,</strong></span> <span class='ocrx_word' id='word_1_141' title='bbox 1089 2244 1144 2289; x_wconf 92' lang='lat' dir='ltr'><strong>et</strong></span> <span class='ocrx_word' id='word_1_142' title='bbox 1195 2236 1492 2292; x_wconf 77' lang='lat' dir='ltr'><strong>cruciﬁxus</strong></span> <span class='ocrx_word' id='word_1_143' title='bbox 1539 2252 1601 2291; x_wconf 90' lang='lat' dir='ltr'><strong>ac</strong></span> <span class='ocrx_word' id='word_1_144' title='bbox 1655 2237 1902 2308; x_wconf 87' lang='lat' dir='ltr'><strong>sepultus</strong></span> <span class='ocrx_word' id='word_1_145' title='bbox 1954 2238 2076 2305; x_wconf 90' lang='lat' dir='ltr'><strong>fuit,</strong></span> <span class='ocrx_word' id='word_1_146' title='bbox 2128 2255 2315 2293; x_wconf 84' lang='lat' dir='ltr'><strong>resur-</strong></span> 
     </span>
    </p>
   </div>
   <div class='ocr_carea' id='block_1_24' title="bbox 735 2323 2310 2400">
    <p class='ocr_par' dir='ltr' id='par_1_24' title="bbox 735 2323 2310 2400">
     <span class='ocr_line' id='line_1_24' title="bbox 735 2323 2310 2400; baseline 0.004 -25"><span class='ocrx_word' id='word_1_147' title='bbox 735 2323 895 2390; x_wconf 84' lang='lat' dir='ltr'><strong>rexit,</strong></span> <span class='ocrx_word' id='word_1_148' title='bbox 947 2335 1002 2379; x_wconf 90' lang='lat' dir='ltr'><strong>ct</strong></span> <span class='ocrx_word' id='word_1_149' title='bbox 1050 2325 1103 2380; x_wconf 90' lang='lat' dir='ltr'><strong>in</strong></span> <span class='ocrx_word' id='word_1_150' title='bbox 1159 2327 1330 2382; x_wconf 79' lang='lat' dir='ltr'><strong>caelos</strong></span> <span class='ocrx_word' id='word_1_151' title='bbox 1372 2339 1687 2399; x_wconf 87' lang='lat' dir='ltr'><strong>assumptus</strong></span> <span class='ocrx_word' id='word_1_152' title='bbox 1737 2340 1840 2394; x_wconf 90' lang='lat' dir='ltr'><strong>est,</strong></span> <span class='ocrx_word' id='word_1_153' title='bbox 1900 2339 2064 2400; x_wconf 87' lang='lat' dir='ltr'><strong>atque</strong></span> <span class='ocrx_word' id='word_1_154' title='bbox 2114 2331 2310 2386; x_wconf 90' lang='lat' dir='ltr'><strong>iterum</strong></span> 
     </span>
    </p>
   </div>
   <div class='ocr_carea' id='block_1_25' title="bbox 735 2416 2313 2485">
    <p class='ocr_par' dir='ltr' id='par_1_25' title="bbox 735 2416 2313 2485">
     <span class='ocr_line' id='line_1_25' title="bbox 735 2416 2313 2485; baseline 0.005 -21"><span class='ocrx_word' id='word_1_155' title='bbox 735 2421 1004 2467; x_wconf 82' lang='lat' dir='ltr'><strong>venturus</strong></span> <span class='ocrx_word' id='word_1_156' title='bbox 1052 2431 1174 2469; x_wconf 90' lang='lat' dir='ltr'><strong>cum</strong></span> <span class='ocrx_word' id='word_1_157' title='bbox 1210 2416 1375 2485; x_wconf 74' lang='lat' dir='ltr'><strong>gloria</strong></span> <span class='ocrx_word' id='word_1_158' title='bbox 1408 2419 1668 2474; x_wconf 90' lang='lat' dir='ltr'><strong>creditur.</strong></span> <span class='ocrx_word' id='word_1_159' title='bbox 1720 2420 1935 2475; x_wconf 84' lang='lat' dir='ltr'><strong>Utinam</strong></span> <span class='ocrx_word' id='word_1_160' title='bbox 1971 2432 2024 2473; x_wconf 88' lang='lat' dir='ltr'><strong>et</strong></span> <span class='ocrx_word' id='word_1_161' title='bbox 2057 2429 2112 2474; x_wconf 92' lang='lat' dir='ltr'><strong>tu</strong></span> <span class='ocrx_word' id='word_1_162' title='bbox 2155 2421 2313 2474; x_wconf 90' lang='lat' dir='ltr'><strong>istam</strong></span> 
     </span>
    </p>
   </div>
   <div class='ocr_carea' id='block_1_26' title="bbox 737 2503 2316 2581">
    <p class='ocr_par' dir='ltr' id='par_1_26' title="bbox 737 2503 2316 2581">
     <span class='ocr_line' id='line_1_26' title="bbox 737 2503 2316 2581; baseline 0.006 -26"><span class='ocrx_word' id='word_1_163' title='bbox 737 2503 1006 2559; x_wconf 90' lang='lat' dir='ltr'><strong>idolorum</strong></span> <span class='ocrx_word' id='word_1_164' title='bbox 1044 2510 1343 2563; x_wconf 75' lang='lat' dir='ltr'><strong>caecitatem</strong></span> <span class='ocrx_word' id='word_1_165' title='bbox 1393 2511 1460 2565; x_wconf 91' lang='lat' dir='ltr'><strong>ab</strong></span> <span class='ocrx_word' id='word_1_166' title='bbox 1494 2512 1665 2566; x_wconf 84' lang='lat' dir='ltr'><strong>oculis</strong></span> <span class='ocrx_word' id='word_1_167' title='bbox 1696 2512 1889 2567; x_wconf 75' lang='lat' dir='ltr'><strong>animae</strong></span> <span class='ocrx_word' id='word_1_168' title='bbox 1939 2513 2229 2581; x_wconf 81' lang='lat' dir='ltr'><strong>abjiccrcs,</strong></span> <span class='ocrx_word' id='word_1_169' title='bbox 2261 2519 2316 2565; x_wconf 88' lang='lat' dir='ltr'><strong>et</strong></span> 
     </span>
    </p>
   </div>
   <div class='ocr_carea' id='block_1_27' title="bbox 737 2600 2321 2673">
    <p class='ocr_par' dir='ltr' id='par_1_27' title="bbox 737 2600 2321 2673">
     <span class='ocr_line' id='line_1_27' title="bbox 737 2600 2321 2673; baseline 0.006 -25"><span class='ocrx_word' id='word_1_170' title='bbox 737 2609 960 2651; x_wconf 84' lang='lat' dir='ltr'><strong>suavem</strong></span> <span class='ocrx_word' id='word_1_171' title='bbox 995 2614 1057 2655; x_wconf 92' lang='lat' dir='ltr'><strong>ac</strong></span> <span class='ocrx_word' id='word_1_172' title='bbox 1104 2600 1396 2656; x_wconf 84' lang='lat' dir='ltr'><strong>salutarem</strong></span> <span class='ocrx_word' id='word_1_173' title='bbox 1427 2601 1622 2658; x_wconf 78' lang='lat' dir='ltr'><strong>Christi</strong></span> <span class='ocrx_word' id='word_1_174' title='bbox 1667 2605 1840 2659; x_wconf 90' lang='lat' dir='ltr'><strong>lucem</strong></span> <span class='ocrx_word' id='word_1_175' title='bbox 1884 2605 2181 2673; x_wconf 82' lang='lat' dir='ltr'><strong>aspiceres.</strong></span> <span class='ocrx_word' id='word_1_176' title='bbox 2214 2603 2321 2658; x_wconf 82' lang='lat' dir='ltr'><strong>No-</strong></span> 
     </span>
    </p>
   </div>
   <div class='ocr_carea' id='block_1_28' title="bbox 739 2689 2320 2764">
    <p class='ocr_par' dir='ltr' id='par_1_28' title="bbox 739 2689 2320 2764">
     <span class='ocr_line' id='line_1_28' title="bbox 739 2689 2320 2764; baseline 0.003 -21"><span class='ocrx_word' id='word_1_177' title='bbox 739 2689 831 2744; x_wconf 90' lang='lat' dir='ltr'><strong>lim</strong></span> <span class='ocrx_word' id='word_1_178' title='bbox 866 2692 1010 2746; x_wconf 87' lang='lat' dir='ltr'><strong>enim</strong></span> <span class='ocrx_word' id='word_1_179' title='bbox 1055 2703 1209 2763; x_wconf 89' lang='lat' dir='ltr'><strong>putet</strong></span> <span class='ocrx_word' id='word_1_180' title='bbox 1253 2696 1472 2764; x_wconf 88' lang='lat' dir='ltr'><strong>aliquis,</strong></span> <span class='ocrx_word' id='word_1_181' title='bbox 1509 2707 1712 2752; x_wconf 89' lang='lat' dir='ltr'><strong>temere</strong></span> <span class='ocrx_word' id='word_1_182' title='bbox 1748 2713 1812 2752; x_wconf 85' lang='lat' dir='ltr'><strong>ac</strong></span> <span class='ocrx_word' id='word_1_183' title='bbox 1846 2698 2045 2752; x_wconf 82' lang='lat' dir='ltr'><strong>frustra</strong></span> <span class='ocrx_word' id='word_1_184' title='bbox 2071 2712 2173 2751; x_wconf 85' lang='lat' dir='ltr'><strong>nos</strong></span> <span class='ocrx_word' id='word_1_185' title='bbox 2201 2710 2320 2750; x_wconf 91' lang='lat' dir='ltr'><strong>cor-</strong></span> 
     </span>
    </p>
   </div>
   <div class='ocr_carea' id='block_1_29' title="bbox 741 2788 2319 2852">
    <p class='ocr_par' dir='ltr' id='par_1_29' title="bbox 741 2788 2319 2852">
     <span class='ocr_line' id='line_1_29' title="bbox 741 2788 2319 2852; baseline 0.003 -16"><span class='ocrx_word' id='word_1_186' title='bbox 741 2798 871 2852; x_wconf 91' lang='lat' dir='ltr'><strong>pora</strong></span> <span class='ocrx_word' id='word_1_187' title='bbox 903 2794 1088 2839; x_wconf 91' lang='lat' dir='ltr'><strong>nostra</strong></span> <span class='ocrx_word' id='word_1_188' title='bbox 1129 2789 1464 2843; x_wconf 88' lang='lat' dir='ltr'><strong>cruciatibus</strong></span> <span class='ocrx_word' id='word_1_189' title='bbox 1510 2789 1742 2843; x_wconf 89' lang='lat' dir='ltr'><strong>libenter</strong></span> <span class='ocrx_word' id='word_1_190' title='bbox 1793 2791 2024 2844; x_wconf 79' lang='lat' dir='ltr'><strong>tradere.</strong></span> <span class='ocrx_word' id='word_1_191' title='bbox 2073 2789 2189 2842; x_wconf 75' lang='lat' dir='ltr'><strong>Non</strong></span> <span class='ocrx_word' id='word_1_192' title='bbox 2247 2788 2319 2841; x_wconf 82' lang='lat' dir='ltr'><strong>ita</strong></span> 
     </span>
    </p>
   </div>
   <div class='ocr_carea' id='block_1_30' title="bbox 741 2879 2319 2948">
    <p class='ocr_par' dir='ltr' id='par_1_30' title="bbox 741 2879 2319 2948">
     <span class='ocr_line' id='line_1_30' title="bbox 741 2879 2319 2948; baseline 0.003 -18"><span class='ocrx_word' id='word_1_193' title='bbox 741 2892 932 2932; x_wconf 88' lang='lat' dir='ltr'><strong>sumus</strong></span> <span class='ocrx_word' id='word_1_194' title='bbox 981 2879 1276 2948; x_wconf 89' lang='lat' dir='ltr'><strong>nobisipsis</strong></span> <span class='ocrx_word' id='word_1_195' title='bbox 1332 2880 1541 2936; x_wconf 82' lang='lat' dir='ltr'><strong>inimici</strong></span> <span class='ocrx_word' id='word_1_196' title='bbox 1593 2892 1646 2936; x_wconf 91' lang='lat' dir='ltr'><strong>ct</strong></span> <span class='ocrx_word' id='word_1_197' title='bbox 1697 2883 2067 2938; x_wconf 87' lang='lat' dir='ltr'><strong>insidiatores.</strong></span> <span class='ocrx_word' id='word_1_198' title='bbox 2121 2880 2319 2936; x_wconf 82' lang='lat' dir='ltr'><strong>Verum</strong></span> 
     </span>
    </p>
   </div>
   <div class='ocr_carea' id='block_1_31' title="bbox 740 2968 2321 3044">
    <p class='ocr_par' dir='ltr' id='par_1_31' title="bbox 740 2968 2321 3044">
     <span class='ocr_line' id='line_1_31' title="bbox 740 2968 2321 3044; baseline 0.002 -24"><span class='ocrx_word' id='word_1_199' title='bbox 740 2968 997 3034; x_wconf 88' lang='lat' dir='ltr'><strong>quoniam</strong></span> <span class='ocrx_word' id='word_1_200' title='bbox 1029 2969 1196 3024; x_wconf 84' lang='lat' dir='ltr'><strong>altera</strong></span> <span class='ocrx_word' id='word_1_201' title='bbox 1229 2975 1474 3039; x_wconf 67' lang='lat' dir='ltr'><strong>quaedam</strong></span> <span class='ocrx_word' id='word_1_202' title='bbox 1506 2972 1616 3026; x_wconf 78' lang='lat' dir='ltr'><strong>vita</strong></span> <span class='ocrx_word' id='word_1_203' title='bbox 1647 2985 1731 3026; x_wconf 89' lang='lat' dir='ltr'><strong>est</strong></span> <span class='ocrx_word' id='word_1_204' title='bbox 1757 2975 1928 3027; x_wconf 91' lang='lat' dir='ltr'><strong>multo</strong></span> <span class='ocrx_word' id='word_1_205' title='bbox 1977 2972 2321 3044; x_wconf 67' lang='lat' dir='ltr'><strong>praestantior</strong></span> 
     </span>
    </p>
   </div>
   <div class='ocr_carea' id='block_1_32' title="bbox 745 3061 2323 3133">
    <p class='ocr_par' dir='ltr' id='par_1_32' title="bbox 745 3061 2323 3133">
     <span class='ocr_line' id='line_1_32' title="bbox 745 3061 2323 3133; baseline 0.001 -19"><span class='ocrx_word' id='word_1_206' title='bbox 745 3061 866 3123; x_wconf 89' lang='lat' dir='ltr'><strong>hac,</strong></span> <span class='ocrx_word' id='word_1_207' title='bbox 894 3077 1014 3131; x_wconf 67' lang='lat' dir='ltr'><strong>qua:</strong></span> <span class='ocrx_word' id='word_1_208' title='bbox 1042 3061 1258 3116; x_wconf 89' lang='lat' dir='ltr'><strong>videtur</strong></span> <span class='ocrx_word' id='word_1_209' title='bbox 1286 3081 1299 3119; x_wconf 91' lang='lat'><strong>:</strong></span> <span class='ocrx_word' id='word_1_210' title='bbox 1330 3063 1468 3118; x_wconf 90' lang='lat' dir='ltr'><strong>alter</strong></span> <span class='ocrx_word' id='word_1_211' title='bbox 1491 3065 1710 3133; x_wconf 87' lang='lat' dir='ltr'><strong>quidam</strong></span> <span class='ocrx_word' id='word_1_212' title='bbox 1744 3068 2004 3128; x_wconf 87' lang='lat' dir='ltr'><strong>mundus,</strong></span> <span class='ocrx_word' id='word_1_213' title='bbox 2040 3075 2096 3120; x_wconf 89' lang='lat' dir='ltr'><strong>et</strong></span> <span class='ocrx_word' id='word_1_214' title='bbox 2126 3064 2323 3133; x_wconf 88' lang='lat' dir='ltr'><strong>sempi-</strong></span> 
     </span>
    </p>
   </div>
   <div class='ocr_carea' id='block_1_33' title="bbox 745 3157 2321 3224">
    <p class='ocr_par' dir='ltr' id='par_1_33' title="bbox 745 3157 2321 3224">
     <span class='ocr_line' id='line_1_33' title="bbox 745 3157 2321 3224; baseline 0.001 -20"><span class='ocrx_word' id='word_1_215' title='bbox 745 3161 896 3208; x_wconf 83' lang='lat' dir='ltr'><strong>terna</strong></span> <span class='ocrx_word' id='word_1_216' title='bbox 956 3170 1141 3208; x_wconf 89' lang='lat' dir='ltr'><strong>rerum</strong></span> <span class='ocrx_word' id='word_1_217' title='bbox 1194 3157 1461 3210; x_wconf 89' lang='lat' dir='ltr'><strong>bonarum</strong></span> <span class='ocrx_word' id='word_1_218' title='bbox 1511 3158 1823 3220; x_wconf 82' lang='lat' dir='ltr'><strong>delectatio,</strong></span> <span class='ocrx_word' id='word_1_219' title='bbox 1878 3157 2027 3210; x_wconf 87' lang='lat' dir='ltr'><strong>nullo</strong></span> <span class='ocrx_word' id='word_1_220' title='bbox 2077 3163 2321 3224; x_wconf 89' lang='lat' dir='ltr'><strong>tempore</strong></span> 
     </span>
    </p>
   </div>
   <div class='ocr_carea' id='block_1_34' title="bbox 2407 657 3426 733">
    <p class='ocr_par' dir='ltr' id='par_1_34' title="bbox 2407 657 3426 733">
     <span class='ocr_line' id='line_1_34' title="bbox 2407 657 3426 733; baseline -0.009 -14"><span class='ocrx_word' id='word_1_221' title='bbox 2407 665 2515 719; x_wconf 82' lang='grc' dir='ltr'><strong>τῶν</strong></span> <span class='ocrx_word' id='word_1_222' title='bbox 2540 663 2868 733; x_wconf 73' lang='grc' dir='ltr'>κακούργων</span> <span class='ocrx_word' id='word_1_223' title='bbox 2899 661 3129 715; x_wconf 84' lang='grc' dir='ltr'>θάνατον</span> <span class='ocrx_word' id='word_1_224' title='bbox 3158 657 3426 725; x_wconf 82' lang='grc' dir='ltr'>ὕποστῇς.</span> 
     </span>
    </p>
   </div>
   <div class='ocr_carea' id='block_1_35' title="bbox 2479 742 3973 827">
    <p class='ocr_par' dir='ltr' id='par_1_35' title="bbox 2479 742 3973 827">
     <span class='ocr_line' id='line_1_35' title="bbox 2479 742 3973 827; baseline -0.011 -19"><span class='ocrx_word' id='word_1_225' title='bbox 2479 755 2568 824; x_wconf 78' lang='lat' dir='ltr'><strong>q’.</strong></span> <span class='ocrx_word' id='word_1_226' title='bbox 2595 757 2738 827; x_wconf 69' lang='grc' dir='ltr'>Πρὸς</span> <span class='ocrx_word' id='word_1_227' title='bbox 2770 756 2942 808; x_wconf 76' lang='grc' dir='ltr'>ταῦτα</span> <span class='ocrx_word' id='word_1_228' title='bbox 2980 756 3006 807; x_wconf 81' lang='grc' dir='ltr'><strong>ὁ</strong></span> <span class='ocrx_word' id='word_1_229' title='bbox 3051 750 3250 821; x_wconf 75' lang='grc' dir='ltr'>θερμὸς</span> <span class='ocrx_word' id='word_1_230' title='bbox 3285 747 3454 808; x_wconf 76' lang='grc' dir='ltr'>ὅντως</span> <span class='ocrx_word' id='word_1_231' title='bbox 3489 746 3701 806; x_wconf 78' lang='grc' dir='ltr'>ἐκεῖνος</span> <span class='ocrx_word' id='word_1_232' title='bbox 3730 743 3829 810; x_wconf 72' lang='grc' dir='ltr'>τῆς</span> <span class='ocrx_word' id='word_1_233' title='bbox 3857 742 3973 810; x_wconf 71' lang='grc' dir='ltr'>ἀληο</span> 
     </span>
    </p>
   </div>
   <div class='ocr_carea' id='block_1_36' title="bbox 2409 836 3970 919">
    <p class='ocr_par' dir='ltr' id='par_1_36' title="bbox 2409 836 3970 919">
     <span class='ocr_line' id='line_1_36' title="bbox 2409 836 3970 919; baseline -0.013 -15"><span class='ocrx_word' id='word_1_234' title='bbox 2409 851 2558 914; x_wconf 79' lang='grc' dir='ltr'>θείας</span> <span class='ocrx_word' id='word_1_235' title='bbox 2587 850 2909 919; x_wconf 83' lang='grc' dir='ltr'>ὑπέρμαχος</span> <span class='ocrx_word' id='word_1_236' title='bbox 2941 845 3202 899; x_wconf 76' lang='grc' dir='ltr'>ἀπόνοιαν</span> <span class='ocrx_word' id='word_1_237' title='bbox 3235 837 3402 893; x_wconf 72' lang='grc' dir='ltr'>αὐτοῦ</span> <span class='ocrx_word' id='word_1_238' title='bbox 3449 838 3597 907; x_wconf 79' lang='grc' dir='ltr'>σαφῆ</span> <span class='ocrx_word' id='word_1_239' title='bbox 3651 836 3970 900; x_wconf 75' lang='grc' dir='ltr'>καταγνοὺς,</span> 
     </span>
    </p>
   </div>
   <div class='ocr_carea' id='block_1_37' title="bbox 2408 926 3965 1011">
    <p class='ocr_par' dir='ltr' id='par_1_37' title="bbox 2408 926 3965 1011">
     <span class='ocr_line' id='line_1_37' title="bbox 2408 926 3965 1011; baseline -0.015 -14"><span class='ocrx_word' id='word_1_240' title='bbox 2408 944 2490 997; x_wconf 83' lang='grc' dir='ltr'><strong>ὅτι</strong></span> <span class='ocrx_word' id='word_1_241' title='bbox 2525 943 2616 996; x_wconf 81' lang='grc' dir='ltr'>καὶ</span> <span class='ocrx_word' id='word_1_242' title='bbox 2653 939 3008 1011; x_wconf 80' lang='grc' dir='ltr'><strong>παραινέσεσι</strong></span> <span class='ocrx_word' id='word_1_243' title='bbox 3041 935 3206 1004; x_wconf 73' lang='grc' dir='ltr'>δῆθεν</span> <span class='ocrx_word' id='word_1_244' title='bbox 3251 931 3417 986; x_wconf 74' lang='grc' dir='ltr'>αὑτὸν</span> <span class='ocrx_word' id='word_1_245' title='bbox 3459 929 3556 982; x_wconf 68' lang='grc' dir='ltr'><strong>καὶ</strong></span> <span class='ocrx_word' id='word_1_246' title='bbox 3600 926 3965 987; x_wconf 74' lang='grc' dir='ltr'><strong>διδασκαλίαις</strong></span> 
     </span>
    </p>
   </div>
   <div class='ocr_carea' id='block_1_38' title="bbox 2409 1020 3976 1102">
    <p class='ocr_par' dir='ltr' id='par_1_38' title="bbox 2409 1020 3976 1102">
     <span class='ocr_line' id='line_1_38' title="bbox 2409 1020 3976 1102; baseline -0.011 -14"><span class='ocrx_word' id='word_1_247' title='bbox 2409 1033 2789 1102; x_wconf 72' lang='grc' dir='ltr'><strong>ἐπαγαγέσθαι</strong></span> <span class='ocrx_word' id='word_1_248' title='bbox 2821 1031 2958 1100; x_wconf 79' lang='grc' dir='ltr'>πρὸς</span> <span class='ocrx_word' id='word_1_249' title='bbox 2992 1030 3092 1098; x_wconf 76' lang='grc' dir='ltr'>τὴν</span> <span class='ocrx_word' id='word_1_250' title='bbox 3123 1027 3383 1080; x_wconf 75' lang='grc' dir='ltr'>ἀσέϐειαν</span> <span class='ocrx_word' id='word_1_251' title='bbox 3416 1024 3704 1092; x_wconf 77' lang='grc' dir='ltr'>ἐπειρᾶτο,</span> <span class='ocrx_word' id='word_1_252' title='bbox 3739 1020 3976 1086; x_wconf 77' lang='grc' dir='ltr'>ἀπόγνωο</span> 
     </span>
    </p>
   </div>
   <div class='ocr_carea' id='block_1_39' title="bbox 2411 1113 3974 1193">
    <p class='ocr_par' dir='ltr' id='par_1_39' title="bbox 2411 1113 3974 1193">
     <span class='ocr_line' id='line_1_39' title="bbox 2411 1113 3974 1193; baseline -0.012 -14"><span class='ocrx_word' id='word_1_253' title='bbox 2411 1145 2495 1179; x_wconf 93' lang='grc' dir='ltr'><strong>σιν</strong></span> <span class='ocrx_word' id='word_1_254' title='bbox 2541 1123 2692 1193; x_wconf 76' lang='grc' dir='ltr'>αὐτῷ</span> <span class='ocrx_word' id='word_1_255' title='bbox 2738 1123 2801 1175; x_wconf 77' lang='grc' dir='ltr'>ἐκ</span> <span class='ocrx_word' id='word_1_256' title='bbox 2836 1121 3139 1193; x_wconf 84' lang='grc' dir='ltr'>προοιμιῶν</span> <span class='ocrx_word' id='word_1_257' title='bbox 3173 1119 3334 1180; x_wconf 79' lang='grc' dir='ltr'>εὐθὺς</span> <span class='ocrx_word' id='word_1_258' title='bbox 3379 1113 3577 1169; x_wconf 76' lang='grc' dir='ltr'>ἑαυτοῦ</span> <span class='ocrx_word' id='word_1_259' title='bbox 3624 1114 3848 1180; x_wconf 75' lang='grc' dir='ltr'><strong>ἐμποιεῖ</strong></span> <span class='ocrx_word' id='word_1_260' title='bbox 3893 1113 3974 1162; x_wconf 79' lang='grc' dir='ltr'>καὶ</span> 
     </span>
    </p>
   </div>
   <div class='ocr_carea' id='block_1_40' title="bbox 2408 1195 3973 1280">
    <p class='ocr_par' dir='ltr' id='par_1_40' title="bbox 2408 1195 3973 1280">
     <span class='ocr_line' id='line_1_40' title="bbox 2408 1195 3973 1280; baseline -0.014 -8"><span class='ocrx_word' id='word_1_261' title='bbox 2408 1219 2515 1272; x_wconf 81' lang='grc' dir='ltr'><strong>τῶν</strong></span> <span class='ocrx_word' id='word_1_262' title='bbox 2558 1217 2792 1269; x_wconf 76' lang='grc' dir='ltr'><strong>ἐλπίδων</strong></span> <span class='ocrx_word' id='word_1_263' title='bbox 2822 1217 3050 1268; x_wconf 77' lang='grc' dir='ltr'>ἐκείνων</span> <span class='ocrx_word' id='word_1_264' title='bbox 3071 1213 3347 1280; x_wconf 75' lang='grc' dir='ltr'><strong>ἐκκρούει.</strong></span> <span class='ocrx_word' id='word_1_265' title='bbox 3399 1205 3530 1274; x_wconf 82' lang='grc' dir='ltr'><strong>Ἐμὲ</strong></span> <span class='ocrx_word' id='word_1_266' title='bbox 3555 1204 3691 1270; x_wconf 83' lang='grc' dir='ltr'>γὰρ.</span> <span class='ocrx_word' id='word_1_267' title='bbox 3724 1203 3907 1268; x_wconf 67' lang='grc' dir='ltr'>φησὶν,</span> <span class='ocrx_word' id='word_1_268' title='bbox 3937 1195 3973 1251; x_wconf 76' lang='grc' dir='ltr'><strong>ὦ</strong></span> 
     </span>
    </p>
   </div>
   <div class='ocr_carea' id='block_1_41' title="bbox 2413 1292 3976 1372">
    <p class='ocr_par' dir='ltr' id='par_1_41' title="bbox 2413 1292 3976 1372">
     <span class='ocr_line' id='line_1_41' title="bbox 2413 1292 3976 1372; baseline -0.016 -6"><span class='ocrx_word' id='word_1_269' title='bbox 2413 1309 2663 1372; x_wconf 77' lang='grc' dir='ltr'>δικαστά,</span> <span class='ocrx_word' id='word_1_270' title='bbox 2709 1307 2808 1361; x_wconf 82' lang='grc' dir='ltr'><strong>οὐκ</strong></span> <span class='ocrx_word' id='word_1_271' title='bbox 2859 1307 2925 1361; x_wconf 81' lang='grc' dir='ltr'>ἄν</span> <span class='ocrx_word' id='word_1_272' title='bbox 2981 1320 3110 1356; x_wconf 88' lang='grc' dir='ltr'>ποτε</span> <span class='ocrx_word' id='word_1_273' title='bbox 3162 1302 3260 1370; x_wconf 81' lang='grc' dir='ltr'>τῆς</span> <span class='ocrx_word' id='word_1_274' title='bbox 3325 1299 3635 1366; x_wconf 72' lang='grc' dir='ltr'>συντρόφου</span> <span class='ocrx_word' id='word_1_275' title='bbox 3688 1294 3785 1346; x_wconf 68' lang='grc' dir='ltr'><strong>καὶ</strong></span> <span class='ocrx_word' id='word_1_276' title='bbox 3834 1292 3976 1360; x_wconf 70' lang='grc' dir='ltr'>φίλης</span> 
     </span>
    </p>
   </div>
   <div class='ocr_carea' id='block_1_42' title="bbox 2409 1384 3974 1466">
    <p class='ocr_par' dir='ltr' id='par_1_42' title="bbox 2409 1384 3974 1466">
     <span class='ocr_line' id='line_1_42' title="bbox 2409 1384 3974 1466; baseline -0.014 -11"><span class='ocrx_word' id='word_1_277' title='bbox 2409 1401 2696 1462; x_wconf 75' lang='grc' dir='ltr'>εὐσεϐείας</span> <span class='ocrx_word' id='word_1_278' title='bbox 2742 1397 3096 1466; x_wconf 78' lang='grc' dir='ltr'>ἁποστήσεις,</span> <span class='ocrx_word' id='word_1_279' title='bbox 3143 1393 3205 1446; x_wconf 83' lang='grc' dir='ltr'>οὐ</span> <span class='ocrx_word' id='word_1_280' title='bbox 3233 1391 3370 1461; x_wconf 78' lang='grc' dir='ltr'>πρὸς</span> <span class='ocrx_word' id='word_1_281' title='bbox 3425 1390 3660 1458; x_wconf 81' lang='grc' dir='ltr'>ἄρνησιν</span> <span class='ocrx_word' id='word_1_282' title='bbox 3690 1384 3974 1454; x_wconf 71' lang='grc' dir='ltr'>ὲκκαλέσῃ,</span> 
     </span>
    </p>
   </div>
   <div class='ocr_carea' id='block_1_43' title="bbox 2409 1482 3979 1569">
    <p class='ocr_par' dir='ltr' id='par_1_43' title="bbox 2409 1482 3979 1569">
     <span class='ocr_line' id='line_1_43' title="bbox 2409 1482 3979 1569; baseline -0.014 -15"><span class='ocrx_word' id='word_1_283' title='bbox 2409 1502 2506 1569; x_wconf 77' lang='grc' dir='ltr'><strong>τῆς</strong></span> <span class='ocrx_word' id='word_1_284' title='bbox 2534 1499 2626 1553; x_wconf 88' lang='grc' dir='ltr'><strong>τοῦ</strong></span> <span class='ocrx_word' id='word_1_285' title='bbox 2663 1497 2899 1567; x_wconf 85' lang='grc' dir='ltr'>Χριστοῦ</span> <span class='ocrx_word' id='word_1_286' title='bbox 2927 1493 3220 1564; x_wconf 75' lang='grc' dir='ltr'>ὁμολογίας</span> <span class='ocrx_word' id='word_1_287' title='bbox 3254 1490 3353 1545; x_wconf 74' lang='grc' dir='ltr'>οὐκ</span> <span class='ocrx_word' id='word_1_288' title='bbox 3392 1488 3521 1542; x_wconf 79' lang='grc' dir='ltr'>ἄλλο</span> <span class='ocrx_word' id='word_1_289' title='bbox 3552 1503 3606 1538; x_wconf 86' lang='grc' dir='ltr'><strong>τι</strong></span> <span class='ocrx_word' id='word_1_290' title='bbox 3637 1485 3749 1537; x_wconf 83' lang='grc' dir='ltr'><strong>τῶν</strong></span> <span class='ocrx_word' id='word_1_291' title='bbox 3782 1482 3979 1549; x_wconf 81' lang='grc' dir='ltr'>ἀγενῶν</span> 
     </span>
    </p>
   </div>
   <div class='ocr_carea' id='block_1_44' title="bbox 2408 1576 3979 1662">
    <p class='ocr_par' dir='ltr' id='par_1_44' title="bbox 2408 1576 3979 1662">
     <span class='ocr_line' id='line_1_44' title="bbox 2408 1576 3979 1662; baseline -0.013 -17"><span class='ocrx_word' id='word_1_292' title='bbox 2408 1593 2607 1662; x_wconf 74' lang='grc' dir='ltr'>δρᾶσαι</span> <span class='ocrx_word' id='word_1_293' title='bbox 2640 1589 3089 1658; x_wconf 75' lang='grc' dir='ltr'>παρασκευάσεις</span> <span class='ocrx_word' id='word_1_294' title='bbox 3133 1587 3165 1656; x_wconf 81' lang='grc' dir='ltr'>ἦ</span> <span class='ocrx_word' id='word_1_295' title='bbox 3199 1581 3565 1651; x_wconf 70' lang='grc' dir='ltr'>φθέγξασθαι.</span> <span class='ocrx_word' id='word_1_296' title='bbox 3613 1577 3854 1645; x_wconf 70' lang='grc' dir='ltr'>Χριστδν</span> <span class='ocrx_word' id='word_1_297' title='bbox 3885 1576 3979 1642; x_wconf 68' lang='grc' dir='ltr'>γὶρ</span> 
     </span>
    </p>
   </div>
   <div class='ocr_carea' id='block_1_45' title="bbox 2409 1661 3980 1754">
    <p class='ocr_par' dir='ltr' id='par_1_45' title="bbox 2409 1661 3980 1754">
     <span class='ocr_line' id='line_1_45' title="bbox 2409 1661 3980 1754; baseline -0.013 -18"><span class='ocrx_word' id='word_1_298' title='bbox 2409 1681 2676 1754; x_wconf 79' lang='grc' dir='ltr'><strong>ὁμολογῶ,</strong></span> <span class='ocrx_word' id='word_1_299' title='bbox 2729 1679 2964 1748; x_wconf 76' lang='grc' dir='ltr'>Χριστὸν</span> <span class='ocrx_word' id='word_1_300' title='bbox 3004 1675 3400 1745; x_wconf 80' lang='grc' dir='ltr'>ἁνακηρύττω,</span> <span class='ocrx_word' id='word_1_301' title='bbox 3462 1671 3530 1724; x_wconf 80' lang='grc' dir='ltr'><strong>δι’</strong></span> <span class='ocrx_word' id='word_1_302' title='bbox 3589 1661 3650 1721; x_wconf 72' lang='grc' dir='ltr'>οὗ</span> <span class='ocrx_word' id='word_1_303' title='bbox 3701 1666 3772 1719; x_wconf 71' lang='grc' dir='ltr'><strong>τὰ</strong></span> <span class='ocrx_word' id='word_1_304' title='bbox 3823 1667 3980 1718; x_wconf 71' lang='grc' dir='ltr'>πάντα</span> 
     </span>
    </p>
   </div>
   <div class='ocr_carea' id='block_1_46' title="bbox 2413 1758 3981 1846">
    <p class='ocr_par' dir='ltr' id='par_1_46' title="bbox 2413 1758 3981 1846">
     <span class='ocr_line' id='line_1_46' title="bbox 2413 1758 3981 1846; baseline -0.014 -16"><span class='ocrx_word' id='word_1_305' title='bbox 2413 1776 2693 1846; x_wconf 72' lang='grc' dir='ltr'>παρῆκται</span> <span class='ocrx_word' id='word_1_306' title='bbox 2722 1775 2813 1826; x_wconf 72' lang='grc' dir='ltr'><strong>καὶ</strong></span> <span class='ocrx_word' id='word_1_307' title='bbox 2838 1773 3127 1842; x_wconf 80' lang='grc' dir='ltr'>ἄνθρωπος</span> <span class='ocrx_word' id='word_1_308' title='bbox 3156 1767 3494 1827; x_wconf 78' lang='grc' dir='ltr'>πέπλασται,</span> <span class='ocrx_word' id='word_1_309' title='bbox 3521 1762 3617 1815; x_wconf 69' lang='grc' dir='ltr'><strong>καὶ</strong></span> <span class='ocrx_word' id='word_1_310' title='bbox 3650 1762 3815 1827; x_wconf 75' lang='grc' dir='ltr'>νόμος</span> <span class='ocrx_word' id='word_1_311' title='bbox 3846 1758 3981 1826; x_wconf 77' lang='grc' dir='ltr'>αὐτῷ</span> 
     </span>
    </p>
   </div>
   <div class='ocr_carea' id='block_1_47' title="bbox 2415 1850 3983 1927">
    <p class='ocr_par' dir='ltr' id='par_1_47' title="bbox 2415 1850 3983 1927">
     <span class='ocr_line' id='line_1_47' title="bbox 2415 1850 3983 1927; baseline -0.016 -4"><span class='ocrx_word' id='word_1_312' title='bbox 2415 1872 2693 1923; x_wconf 71' lang='grc' dir='ltr'>τελεῖταιυ</span> <span class='ocrx_word' id='word_1_313' title='bbox 2754 1866 2850 1920; x_wconf 68' lang='grc' dir='ltr'><strong>καὶ</strong></span> <span class='ocrx_word' id='word_1_314' title='bbox 2897 1864 3022 1927; x_wconf 91' lang='grc' dir='ltr'>νοῦς</span> <span class='ocrx_word' id='word_1_315' title='bbox 3073 1863 3279 1914; x_wconf 76' lang='grc' dir='ltr'>δέδοται</span> <span class='ocrx_word' id='word_1_316' title='bbox 3335 1857 3559 1911; x_wconf 78' lang='grc' dir='ltr'>πάντων</span> <span class='ocrx_word' id='word_1_317' title='bbox 3605 1851 3834 1922; x_wconf 73' lang='grc' dir='ltr'>ἡγεμὼν</span> <span class='ocrx_word' id='word_1_318' title='bbox 3903 1850 3983 1900; x_wconf 66' lang='grc' dir='ltr'><strong>καὶ</strong></span> 
     </span>
    </p>
   </div>
   <div class='ocr_carea' id='block_1_48' title="bbox 2415 1941 3982 2028">
    <p class='ocr_par' dir='ltr' id='par_1_48' title="bbox 2415 1941 3982 2028">
     <span class='ocr_line' id='line_1_48' title="bbox 2415 1941 3982 2028; baseline -0.017 -12"><span class='ocrx_word' id='word_1_319' title='bbox 2415 1961 2758 2028; x_wconf 71' lang='grc' dir='ltr'>διδάσκαλος,</span> <span class='ocrx_word' id='word_1_320' title='bbox 2791 1959 2849 2024; x_wconf 80' lang='grc' dir='ltr'>ὃς</span> <span class='ocrx_word' id='word_1_321' title='bbox 2890 1959 2983 2012; x_wconf 74' lang='grc' dir='ltr'>ἐπὶ</span> <span class='ocrx_word' id='word_1_322' title='bbox 3009 1954 3257 2024; x_wconf 74' lang='grc' dir='ltr'>σωτηρίᾳ</span> <span class='ocrx_word' id='word_1_323' title='bbox 3280 1952 3396 2004; x_wconf 83' lang='grc' dir='ltr'>τῶν</span> <span class='ocrx_word' id='word_1_324' title='bbox 3428 1947 3792 2003; x_wconf 69' lang='grc' dir='ltr'><strong>ἀπολωλότων</strong></span> <span class='ocrx_word' id='word_1_325' title='bbox 3818 1941 3982 2013; x_wconf 66' lang='grc' dir='ltr'>ἡμῶν,</span> 
     </span>
    </p>
   </div>
   <div class='ocr_carea' id='block_1_49' title="bbox 2416 2035 3986 2124">
    <p class='ocr_par' dir='ltr' id='par_1_49' title="bbox 2416 2035 3986 2124">
     <span class='ocr_line' id='line_1_49' title="bbox 2416 2035 3986 2124; baseline -0.018 -11"><span class='ocrx_word' id='word_1_326' title='bbox 2416 2058 2513 2112; x_wconf 66' lang='grc' dir='ltr'>καὶ</span> <span class='ocrx_word' id='word_1_327' title='bbox 2546 2057 2914 2124; x_wconf 77' lang='grc' dir='ltr'>σεσάρκωται,</span> <span class='ocrx_word' id='word_1_328' title='bbox 2947 2052 3040 2104; x_wconf 74' lang='grc' dir='ltr'><strong>καὶ</strong></span> <span class='ocrx_word' id='word_1_329' title='bbox 3072 2046 3444 2116; x_wconf 77' lang='grc' dir='ltr'>ἐσταύρωται.</span> <span class='ocrx_word' id='word_1_330' title='bbox 3478 2041 3571 2094; x_wconf 64' lang='grc' dir='ltr'><strong>καὶ</strong></span> <span class='ocrx_word' id='word_1_331' title='bbox 3599 2037 3870 2090; x_wconf 76' lang='grc' dir='ltr'>τέθαπται</span> <span class='ocrx_word' id='word_1_332' title='bbox 3905 2035 3986 2086; x_wconf 71' lang='grc' dir='ltr'><strong>καὶ</strong></span> 
     </span>
    </p>
   </div>
   <div class='ocr_carea' id='block_1_50' title="bbox 2417 2125 3989 2218">
    <p class='ocr_par' dir='ltr' id='par_1_50' title="bbox 2417 2125 3989 2218">
     <span class='ocr_line' id='line_1_50' title="bbox 2417 2125 3989 2218; baseline -0.016 -16"><span class='ocrx_word' id='word_1_333' title='bbox 2417 2151 2738 2218; x_wconf 72' lang='grc' dir='ltr'>ἐγήγερται,</span> <span class='ocrx_word' id='word_1_334' title='bbox 2770 2145 2864 2198; x_wconf 70' lang='grc' dir='ltr'><strong>καὶ</strong></span> <span class='ocrx_word' id='word_1_335' title='bbox 2894 2142 3030 2213; x_wconf 75' lang='grc' dir='ltr'>πρὸς</span> <span class='ocrx_word' id='word_1_336' title='bbox 3066 2138 3332 2209; x_wconf 74' lang='grc' dir='ltr'>οὐρανοὺς</span> <span class='ocrx_word' id='word_1_337' title='bbox 3364 2134 3723 2202; x_wconf 76' lang='grc' dir='ltr'>ἀνείληπταιο</span> <span class='ocrx_word' id='word_1_338' title='bbox 3772 2128 3867 2180; x_wconf 72' lang='grc' dir='ltr'><strong>καὶ</strong></span> <span class='ocrx_word' id='word_1_339' title='bbox 3898 2125 3989 2178; x_wconf 68' lang='lat' dir='ltr'><strong>tti-</strong></span> 
     </span>
    </p>
   </div>
   <div class='ocr_carea' id='block_1_51' title="bbox 2414 2216 3989 2305">
    <p class='ocr_par' dir='ltr' id='par_1_51' title="bbox 2414 2216 3989 2305">
     <span class='ocr_line' id='line_1_51' title="bbox 2414 2216 3989 2305; baseline -0.018 -10"><span class='ocrx_word' id='word_1_340' title='bbox 2414 2244 2498 2296; x_wconf 90' lang='grc' dir='ltr'><strong>λιν</strong></span> <span class='ocrx_word' id='word_1_341' title='bbox 2539 2237 2857 2292; x_wconf 75' lang='grc' dir='ltr'>ἐλεύσεσθαι</span> <span class='ocrx_word' id='word_1_342' title='bbox 2907 2233 3047 2305; x_wconf 78' lang='grc' dir='ltr'><strong>μετά</strong></span> <span class='ocrx_word' id='word_1_343' title='bbox 3099 2230 3258 2298; x_wconf 75' lang='grc' dir='ltr'>δόξης</span> <span class='ocrx_word' id='word_1_344' title='bbox 3294 2226 3689 2278; x_wconf 77' lang='grc' dir='ltr'>πεπίστευται.</span> <span class='ocrx_word' id='word_1_345' title='bbox 3757 2221 3847 2280; x_wconf 78' lang='grc' dir='ltr'>Ὠς</span> <span class='ocrx_word' id='word_1_346' title='bbox 3891 2216 3989 2267; x_wconf 63' lang='lat' dir='ltr'><strong>sies</strong></span> 
     </span>
    </p>
   </div>
   <div class='ocr_carea' id='block_1_52' title="bbox 2415 2308 3990 2400">
    <p class='ocr_par' dir='ltr' id='par_1_52' title="bbox 2415 2308 3990 2400">
     <span class='ocr_line' id='line_1_52' title="bbox 2415 2308 3990 2400; baseline -0.018 -12"><span class='ocrx_word' id='word_1_347' title='bbox 2415 2335 2510 2388; x_wconf 69' lang='grc' dir='ltr'><strong>καὶ</strong></span> <span class='ocrx_word' id='word_1_348' title='bbox 2543 2334 2603 2386; x_wconf 81' lang='grc' dir='ltr'><strong>οὐ</strong></span> <span class='ocrx_word' id='word_1_349' title='bbox 2634 2333 2734 2400; x_wconf 80' lang='grc' dir='ltr'>τὴν</span> <span class='ocrx_word' id='word_1_350' title='bbox 2771 2326 3060 2396; x_wconf 80' lang='grc' dir='ltr'>εἰδωλικὴν</span> <span class='ocrx_word' id='word_1_351' title='bbox 3100 2324 3282 2393; x_wconf 76' lang='grc' dir='ltr'>λήμην</span> <span class='ocrx_word' id='word_1_352' title='bbox 3312 2319 3428 2372; x_wconf 78' lang='grc' dir='ltr'>τῶν</span> <span class='ocrx_word' id='word_1_353' title='bbox 3476 2318 3573 2386; x_wconf 77' lang='grc' dir='ltr'>τῆς</span> <span class='ocrx_word' id='word_1_354' title='bbox 3608 2315 3789 2383; x_wconf 56' lang='grc' dir='ltr'>ψυχῆς</span> <span class='ocrx_word' id='word_1_355' title='bbox 3820 2308 3990 2378; x_wconf 75' lang='grc' dir='ltr'>ὀμμά-</span> 
     </span>
    </p>
   </div>
   <div class='ocr_carea' id='block_1_53' title="bbox 2415 2401 3991 2488">
    <p class='ocr_par' dir='ltr' id='par_1_53' title="bbox 2415 2401 3991 2488">
     <span class='ocr_line' id='line_1_53' title="bbox 2415 2401 3991 2488; baseline -0.019 -8"><span class='ocrx_word' id='word_1_356' title='bbox 2415 2444 2524 2480; x_wconf 85' lang='grc' dir='ltr'><strong>των</strong></span> <span class='ocrx_word' id='word_1_357' title='bbox 2562 2421 2874 2485; x_wconf 76' lang='grc' dir='ltr'>ἁποϐαλὼν,</span> <span class='ocrx_word' id='word_1_358' title='bbox 2916 2419 3053 2488; x_wconf 73' lang='grc' dir='ltr'>πρὸς</span> <span class='ocrx_word' id='word_1_359' title='bbox 3081 2415 3144 2469; x_wconf 75' lang='grc' dir='ltr'>τὸ</span> <span class='ocrx_word' id='word_1_360' title='bbox 3178 2413 3356 2481; x_wconf 71' lang='grc' dir='ltr'>γλυκὺ</span> <span class='ocrx_word' id='word_1_361' title='bbox 3401 2411 3513 2478; x_wconf 67' lang='grc' dir='ltr'><strong>φιῖες</strong></span> <span class='ocrx_word' id='word_1_362' title='bbox 3552 2407 3771 2458; x_wconf 77' lang='grc' dir='ltr'>ἐκείνου</span> <span class='ocrx_word' id='word_1_363' title='bbox 3805 2401 3991 2456; x_wconf 78' lang='grc' dir='ltr'>διέὸλε-</span> 
     </span>
    </p>
   </div>
   <div class='ocr_carea' id='block_1_54' title="bbox 2417 2491 3992 2585">
    <p class='ocr_par' dir='ltr' id='par_1_54' title="bbox 2417 2491 3992 2585">
     <span class='ocr_line' id='line_1_54' title="bbox 2417 2491 3992 2585; baseline -0.017 -18"><span class='ocrx_word' id='word_1_364' title='bbox 2417 2514 2546 2585; x_wconf 76' lang='grc' dir='ltr'>ψας.</span> <span class='ocrx_word' id='word_1_365' title='bbox 2583 2513 2733 2581; x_wconf 77' lang='grc' dir='ltr'><strong>Μηδὲ</strong></span> <span class='ocrx_word' id='word_1_366' title='bbox 2762 2511 2871 2579; x_wconf 74' lang='grc' dir='ltr'><strong>γὰρ</strong></span> <span class='ocrx_word' id='word_1_367' title='bbox 2901 2507 3097 2562; x_wconf 81' lang='grc' dir='ltr'>οἰέσθω</span> <span class='ocrx_word' id='word_1_368' title='bbox 3131 2523 3214 2565; x_wconf 89' lang='grc' dir='ltr'><strong>τις</strong></span> <span class='ocrx_word' id='word_1_369' title='bbox 3251 2500 3382 2568; x_wconf 84' lang='grc' dir='ltr'>είκῆ</span> <span class='ocrx_word' id='word_1_370' title='bbox 3422 2500 3513 2552; x_wconf 65' lang='grc' dir='ltr'><strong>καὶ</strong></span> <span class='ocrx_word' id='word_1_371' title='bbox 3543 2497 3727 2565; x_wconf 74' lang='grc' dir='ltr'>μάτην</span> <span class='ocrx_word' id='word_1_372' title='bbox 3759 2495 3910 2562; x_wconf 74' lang='grc' dir='ltr'>ἡμᾶς</span> <span class='ocrx_word' id='word_1_373' title='bbox 3944 2491 3992 2585; x_wconf 70' lang='grc' dir='ltr'>τὸ</span> 
     </span>
    </p>
   </div>
   <div class='ocr_carea' id='block_1_55' title="bbox 2422 2584 3992 2675">
    <p class='ocr_par' dir='ltr' id='par_1_55' title="bbox 2422 2584 3992 2675">
     <span class='ocr_line' id='line_1_55' title="bbox 2422 2584 3992 2675; baseline -0.017 -15"><span class='ocrx_word' id='word_1_374' title='bbox 2422 2608 2580 2675; x_wconf 81' lang='grc' dir='ltr'>σῶμα</span> <span class='ocrx_word' id='word_1_375' title='bbox 2611 2608 2727 2667; x_wconf 53' lang='grc' dir='ltr'>ταῖς</span> <span class='ocrx_word' id='word_1_376' title='bbox 2771 2603 3026 2673; x_wconf 72' lang='grc' dir='ltr'>βασάνοις</span> <span class='ocrx_word' id='word_1_377' title='bbox 3057 2594 3419 2667; x_wconf 78' lang='grc' dir='ltr'>τ.αραδιδόναι</span> <span class='ocrx_word' id='word_1_378' title='bbox 3444 2608 3456 2620; x_wconf 89' lang='grc'>·</span> <span class='ocrx_word' id='word_1_379' title='bbox 3501 2591 3600 2659; x_wconf 76' lang='grc' dir='ltr'><strong>οὐχ</strong></span> <span class='ocrx_word' id='word_1_380' title='bbox 3642 2586 3816 2644; x_wconf 73' lang='grc' dir='ltr'>οὕτως</span> <span class='ocrx_word' id='word_1_381' title='bbox 3844 2584 3992 2650; x_wconf 64' lang='grc' dir='ltr'>ἐσμὲν</span> 
     </span>
    </p>
   </div>
   <div class='ocr_carea' id='block_1_56' title="bbox 2420 2672 3994 2761">
    <p class='ocr_par' dir='ltr' id='par_1_56' title="bbox 2420 2672 3994 2761">
     <span class='ocr_line' id='line_1_56' title="bbox 2420 2672 3994 2761; baseline -0.017 -10"><span class='ocrx_word' id='word_1_382' title='bbox 2420 2672 2574 2752; x_wconf 74' lang='grc' dir='ltr'>αὐτοὶ</span> <span class='ocrx_word' id='word_1_383' title='bbox 2598 2695 2807 2748; x_wconf 81' lang='grc' dir='ltr'>ἑαυτῶν</span> <span class='ocrx_word' id='word_1_384' title='bbox 2859 2690 3046 2761; x_wconf 76' lang='grc' dir='ltr'>ἐχθροὶ</span> <span class='ocrx_word' id='word_1_385' title='bbox 3091 2688 3187 2740; x_wconf 81' lang='grc' dir='ltr'>καὶ</span> <span class='ocrx_word' id='word_1_386' title='bbox 3245 2681 3552 2738; x_wconf 72' lang='grc' dir='ltr'>ἐπίϐουλοι.</span> <span class='ocrx_word' id='word_1_387' title='bbox 3614 2675 3766 2729; x_wconf 77' lang='grc' dir='ltr'>’Λλλ⁹</span> <span class='ocrx_word' id='word_1_388' title='bbox 3820 2672 3994 2741; x_wconf 68' lang='grc' dir='ltr'>ἐπειδὴ</span> 
     </span>
    </p>
   </div>
   <div class='ocr_carea' id='block_1_57' title="bbox 2422 2766 3996 2860">
    <p class='ocr_par' dir='ltr' id='par_1_57' title="bbox 2422 2766 3996 2860">
     <span class='ocr_line' id='line_1_57' title="bbox 2422 2766 3996 2860; baseline -0.018 -17"><span class='ocrx_word' id='word_1_389' title='bbox 2422 2789 2535 2860; x_wconf 76' lang='grc' dir='ltr'><strong>ζωή</strong></span> <span class='ocrx_word' id='word_1_390' title='bbox 2569 2807 2654 2850; x_wconf 88' lang='grc' dir='ltr'><strong>τις</strong></span> <span class='ocrx_word' id='word_1_391' title='bbox 2691 2787 2840 2839; x_wconf 70' lang='grc' dir='ltr'>ἐστὶν</span> <span class='ocrx_word' id='word_1_392' title='bbox 2872 2785 3035 2852; x_wconf 84' lang='grc' dir='ltr'>ὲτὲρα</span> <span class='ocrx_word' id='word_1_393' title='bbox 3074 2776 3227 2849; x_wconf 82' lang='grc' dir='ltr'><strong>παρά</strong></span> <span class='ocrx_word' id='word_1_394' title='bbox 3257 2775 3394 2828; x_wconf 75' lang='grc' dir='ltr'>πολὺ</span> <span class='ocrx_word' id='word_1_395' title='bbox 3431 2773 3705 2841; x_wconf 73' lang='grc' dir='ltr'>κρείττων</span> <span class='ocrx_word' id='word_1_396' title='bbox 3738 2766 3838 2834; x_wconf 71' lang='grc' dir='ltr'>τῆς</span> <span class='ocrx_word' id='word_1_397' title='bbox 3874 2766 3996 2834; x_wconf 64' lang='lat' dir='ltr'><strong>69w-</strong></span> 
     </span>
    </p>
   </div>
   <div class='ocr_carea' id='block_1_58' title="bbox 2427 2859 3996 2951">
    <p class='ocr_par' dir='ltr' id='par_1_58' title="bbox 2427 2859 3996 2951">
     <span class='ocr_line' id='line_1_58' title="bbox 2427 2859 3996 2951; baseline -0.031 1"><span class='ocrx_word' id='word_1_398' title='bbox 2427 2859 2617 2951; x_wconf 70' lang='grc' dir='ltr'><strong>μένης.</strong></span> <span class='ocrx_word' id='word_1_399' title='bbox 2658 2877 2749 2930; x_wconf 63' lang='grc' dir='ltr'>καὶ</span> <span class='ocrx_word' id='word_1_400' title='bbox 2782 2875 2984 2942; x_wconf 61' lang='grc' dir='ltr'>κίσμος</span> <span class='ocrx_word' id='word_1_401' title='bbox 3033 2870 3238 2937; x_wconf 75' lang='grc' dir='ltr'>ἕτερος,</span> <span class='ocrx_word' id='word_1_402' title='bbox 3300 2859 3401 2919; x_wconf 73' lang='grc' dir='ltr'><strong>καῖ</strong></span> <span class='ocrx_word' id='word_1_403' title='bbox 3432 2861 3656 2929; x_wconf 78' lang='grc' dir='ltr'>ἀγαθῶν</span> <span class='ocrx_word' id='word_1_404' title='bbox 3709 2859 3996 2916; x_wconf 58' lang='lat' dir='ltr'><strong>audiam;</strong></span> 
     </span>
    </p>
   </div>
   <div class='ocr_carea' id='block_1_59' title="bbox 2423 2949 3997 3035">
    <p class='ocr_par' dir='ltr' id='par_1_59' title="bbox 2423 2949 3997 3035">
     <span class='ocr_line' id='line_1_59' title="bbox 2423 2949 3997 3035; baseline -0.019 -10"><span class='ocrx_word' id='word_1_405' title='bbox 2423 2972 2634 3030; x_wconf 83' lang='grc' dir='ltr'>αἰωνία,</span> <span class='ocrx_word' id='word_1_406' title='bbox 2676 2970 2736 3020; x_wconf 82' lang='grc' dir='ltr'><strong>οὐ</strong></span> <span class='ocrx_word' id='word_1_407' title='bbox 2768 2968 2944 3035; x_wconf 72' lang='grc' dir='ltr'>χρόνῳ</span> <span class='ocrx_word' id='word_1_408' title='bbox 2985 2959 3337 3032; x_wconf 70' lang='grc' dir='ltr'>μητρονμένη</span> <span class='ocrx_word' id='word_1_409' title='bbox 3365 2997 3380 3021; x_wconf 90' lang='grc'><strong>,</strong></span> <span class='ocrx_word' id='word_1_410' title='bbox 3442 2953 3577 3007; x_wconf 75' lang='grc' dir='ltr'>ἀλλὰ</span> <span class='ocrx_word' id='word_1_411' title='bbox 3617 2951 3892 3020; x_wconf 78' lang='grc' dir='ltr'>μένουσαν</span> <span class='ocrx_word' id='word_1_412' title='bbox 3926 2949 3997 2999; x_wconf 73' lang='grc' dir='ltr'>ἀεὶ</span> 
     </span>
    </p>
   </div>
   <div class='ocr_carea' id='block_1_60' title="bbox 2422 3039 4000 3131">
    <p class='ocr_par' dir='ltr' id='par_1_60' title="bbox 2422 3039 4000 3131">
     <span class='ocr_line' id='line_1_60' title="bbox 2422 3039 4000 3131; baseline -0.016 -17"><span class='ocrx_word' id='word_1_413' title='bbox 2422 3062 2518 3131; x_wconf 85' lang='grc' dir='ltr'>τὴν</span> <span class='ocrx_word' id='word_1_414' title='bbox 2547 3059 2890 3128; x_wconf 70' lang='grc' dir='ltr'>εὐφροσύνην</span> <span class='ocrx_word' id='word_1_415' title='bbox 2943 3051 3324 3122; x_wconf 76' lang='grc' dir='ltr'>παρεχομένη,</span> <span class='ocrx_word' id='word_1_416' title='bbox 3369 3045 3563 3099; x_wconf 83' lang='grc' dir='ltr'>τούτου</span> <span class='ocrx_word' id='word_1_417' title='bbox 3599 3059 3660 3109; x_wconf 76' lang='grc' dir='ltr'><strong>γε</strong></span> <span class='ocrx_word' id='word_1_418' title='bbox 3705 3043 3872 3095; x_wconf 76' lang='grc' dir='ltr'>’ἑνεκα</span> <span class='ocrx_word' id='word_1_419' title='bbox 3922 3039 4000 3089; x_wconf 80' lang='grc' dir='ltr'>καὶ</span> 
     </span>
    </p>
   </div>
   <div class='ocr_carea' id='block_1_61' title="bbox 2423 3129 3997 3220">
    <p class='ocr_par' dir='ltr' id='par_1_61' title="bbox 2423 3129 3997 3220">
     <span class='ocr_line' id='line_1_61' title="bbox 2423 3129 3997 3220; baseline -0.018 -14"><span class='ocrx_word' id='word_1_420' title='bbox 2423 3154 2629 3220; x_wconf 79' lang='grc' dir='ltr'>κόσμον</span> <span class='ocrx_word' id='word_1_421' title='bbox 2663 3149 2756 3202; x_wconf 81' lang='grc' dir='ltr'><strong>τοῦ</strong></span> <span class='ocrx_word' id='word_1_422' title='bbox 2802 3145 3105 3215; x_wconf 72' lang='grc' dir='ltr'>ὁρωμένου,</span> <span class='ocrx_word' id='word_1_423' title='bbox 3160 3143 3256 3194; x_wconf 65' lang='grc' dir='ltr'>καὶ</span> <span class='ocrx_word' id='word_1_424' title='bbox 3293 3138 3493 3206; x_wconf 77' lang='grc' dir='ltr'>σαρκὸς</span> <span class='ocrx_word' id='word_1_425' title='bbox 3552 3129 3997 3201; x_wconf 72' lang='grc' dir='ltr'>καταφρονοῦμεν</span> 
     </span>
    </p>
   </div>
   <div class='ocr_carea' id='block_1_62' title="bbox 740 3225 2325 3332">
    <p class='ocr_par' dir='ltr' id='par_1_62' title="bbox 740 3247 2320 3320">
     <span class='ocr_line' id='line_1_62' title="bbox 740 3247 2320 3320; baseline 0.001 -22"><span class='ocrx_word' id='word_1_426' title='bbox 740 3247 1175 3318; x_wconf 85' lang='lat' dir='ltr'><strong>circumscripta,</strong></span> <span class='ocrx_word' id='word_1_427' title='bbox 1227 3251 1321 3305; x_wconf 87' lang='lat' dir='ltr'><strong>sed</strong></span> <span class='ocrx_word' id='word_1_428' title='bbox 1383 3266 1684 3320; x_wconf 84' lang='lat' dir='ltr'><strong>perennem</strong></span> <span class='ocrx_word' id='word_1_429' title='bbox 1739 3250 2138 3320; x_wconf 84' lang='lat' dir='ltr'><strong>jucunditatem</strong></span> <span class='ocrx_word' id='word_1_430' title='bbox 2189 3247 2320 3301; x_wconf 72' lang='lat' dir='ltr'><strong>alle-</strong></span> 
     </span>
    </p>
   </div>
   <div class='ocr_carea' id='block_1_63' title="bbox 2429 3225 3994 3332">
    <p class='ocr_par' dir='ltr' id='par_1_63' title="bbox 2429 3225 3994 3310">
     <span class='ocr_line' id='line_1_63' title="bbox 2429 3225 3994 3310; baseline -0.013 -14"><span class='ocrx_word' id='word_1_431' title='bbox 2429 3244 2500 3304; x_wconf 77' lang='grc' dir='ltr'>ὡς</span> <span class='ocrx_word' id='word_1_432' title='bbox 2535 3243 2822 3310; x_wconf 67' lang='grc' dir='ltr'>λυομένης.</span> <span class='ocrx_word' id='word_1_433' title='bbox 2851 3238 2998 3305; x_wconf 77' lang='grc' dir='ltr'>Λῦτη</span> <span class='ocrx_word' id='word_1_434' title='bbox 3032 3237 3178 3288; x_wconf 72' lang='grc' dir='ltr'>ἐστὶν</span> <span class='ocrx_word' id='word_1_435' title='bbox 3210 3234 3240 3302; x_wconf 79' lang='grc' dir='ltr'>ἡ</span> <span class='ocrx_word' id='word_1_436' title='bbox 3267 3231 3512 3302; x_wconf 76' lang='grc' dir='ltr'>ἡμετέρα</span> <span class='ocrx_word' id='word_1_437' title='bbox 3549 3225 3840 3297; x_wconf 78' lang='grc' dir='ltr'>ὁμολογία,</span> <span class='ocrx_word' id='word_1_438' title='bbox 3874 3225 3994 3285; x_wconf 77' lang='grc' dir='ltr'>πρὸς</span> 
     </span>
    </p>
   </div>
   <div class='ocr_carea' id='block_1_64' title="bbox 745 3342 2324 3413">
    <p class='ocr_par' dir='ltr' id='par_1_64' title="bbox 745 3342 2324 3413">
     <span class='ocr_line' id='line_1_64' title="bbox 745 3342 2324 3413; baseline 0.001 -20"><span class='ocrx_word' id='word_1_439' title='bbox 745 3355 905 3394; x_wconf 90' lang='lat' dir='ltr'><strong>rens:</strong></span> <span class='ocrx_word' id='word_1_440' title='bbox 933 3351 1219 3411; x_wconf 84' lang='lat' dir='ltr'><strong>propterea</strong></span> <span class='ocrx_word' id='word_1_441' title='bbox 1246 3344 1511 3398; x_wconf 89' lang='lat' dir='ltr'><strong>mundum</strong></span> <span class='ocrx_word' id='word_1_442' title='bbox 1538 3345 1685 3397; x_wconf 89' lang='lat' dir='ltr'><strong>hunc</strong></span> <span class='ocrx_word' id='word_1_443' title='bbox 1713 3342 2089 3413; x_wconf 75' lang='lat' dir='ltr'><strong>Spectabilem,</strong></span> <span class='ocrx_word' id='word_1_444' title='bbox 2121 3350 2175 3396; x_wconf 91' lang='lat' dir='ltr'><strong>et</strong></span> <span class='ocrx_word' id='word_1_445' title='bbox 2202 3356 2324 3395; x_wconf 83' lang='lat' dir='ltr'><strong>car-</strong></span> 
     </span>
    </p>
   </div>
   <div class='ocr_carea' id='block_1_65' title="bbox 744 3431 2322 3504">
    <p class='ocr_par' dir='ltr' id='par_1_65' title="bbox 744 3431 2322 3504">
     <span class='ocr_line' id='line_1_65' title="bbox 744 3431 2322 3504; baseline 0.003 -21"><span class='ocrx_word' id='word_1_446' title='bbox 744 3447 866 3484; x_wconf 86' lang='lat' dir='ltr'><strong>nem</strong></span> <span class='ocrx_word' id='word_1_447' title='bbox 902 3431 1044 3487; x_wconf 87' lang='lat' dir='ltr'><strong>hanc</strong></span> <span class='ocrx_word' id='word_1_448' title='bbox 1074 3433 1318 3502; x_wconf 80' lang='lat' dir='ltr'><strong>fragilem</strong></span> <span class='ocrx_word' id='word_1_449' title='bbox 1354 3444 1514 3504; x_wconf 88' lang='lat' dir='ltr'><strong>atque</strong></span> <span class='ocrx_word' id='word_1_450' title='bbox 1539 3435 1799 3490; x_wconf 79' lang='lat' dir='ltr'><strong>caducam</strong></span> <span class='ocrx_word' id='word_1_451' title='bbox 1824 3435 2176 3504; x_wconf 85' lang='lat' dir='ltr'><strong>despicimus.</strong></span> <span class='ocrx_word' id='word_1_452' title='bbox 2213 3433 2322 3487; x_wconf 87' lang='lat' dir='ltr'><strong>Ta-</strong></span> 
     </span>
    </p>
   </div>
   <div class='ocr_carea' id='block_1_66' title="bbox 748 3525 2326 3581">
    <p class='ocr_par' dir='ltr' id='par_1_66' title="bbox 748 3525 2326 3581">
     <span class='ocr_line' id='line_1_66' title="bbox 748 3525 2326 3581; baseline 0 -4"><span class='ocrx_word' id='word_1_453' title='bbox 748 3525 814 3577; x_wconf 91' lang='lat' dir='ltr'><strong>lis</strong></span> <span class='ocrx_word' id='word_1_454' title='bbox 850 3533 933 3578; x_wconf 82' lang='lat' dir='ltr'><strong>est</strong></span> <span class='ocrx_word' id='word_1_455' title='bbox 984 3536 1168 3580; x_wconf 85' lang='lat' dir='ltr'><strong>nostra</strong></span> <span class='ocrx_word' id='word_1_456' title='bbox 1207 3526 1503 3580; x_wconf 80' lang='lat' dir='ltr'><strong>confessio.</strong></span> <span class='ocrx_word' id='word_1_457' title='bbox 1556 3526 1609 3579; x_wconf 93' lang='lat' dir='ltr'><strong>In</strong></span> <span class='ocrx_word' id='word_1_458' title='bbox 1666 3529 1768 3580; x_wconf 87' lang='lat' dir='ltr'><strong>hac</strong></span> <span class='ocrx_word' id='word_1_459' title='bbox 1823 3528 1961 3580; x_wconf 88' lang='lat' dir='ltr'><strong>ﬁrmi</strong></span> <span class='ocrx_word' id='word_1_460' title='bbox 1998 3535 2051 3581; x_wconf 89' lang='lat' dir='ltr'><strong>et</strong></span> <span class='ocrx_word' id='word_1_461' title='bbox 2101 3527 2326 3581; x_wconf 77' lang='lat' dir='ltr'><strong>stabiles</strong></span> 
     </span>
    </p>
   </div>
   <div class='ocr_carea' id='block_1_67' title="bbox 747 3617 2326 3688">
    <p class='ocr_par' dir='ltr' id='par_1_67' title="bbox 747 3617 2326 3688">
     <span class='ocr_line' id='line_1_67' title="bbox 747 3617 2326 3688; baseline -0.002 -20"><span class='ocrx_word' id='word_1_462' title='bbox 747 3633 848 3669; x_wconf 93' lang='lat' dir='ltr'><strong>con</strong></span> <span class='ocrx_word' id='word_1_463' title='bbox 888 3617 1120 3670; x_wconf 83' lang='lat' dir='ltr'><strong>istimus.</strong></span> <span class='ocrx_word' id='word_1_464' title='bbox 1169 3618 1271 3673; x_wconf 89' lang='lat' dir='ltr'><strong>Pro</strong></span> <span class='ocrx_word' id='word_1_465' title='bbox 1308 3619 1411 3674; x_wconf 84' lang='lat' dir='ltr'><strong>hac</strong></span> <span class='ocrx_word' id='word_1_466' title='bbox 1462 3628 1516 3674; x_wconf 88' lang='lat' dir='ltr'><strong>el.</strong></span> <span class='ocrx_word' id='word_1_467' title='bbox 1570 3635 1670 3688; x_wconf 81' lang='lat' dir='ltr'><strong>ego</strong></span> <span class='ocrx_word' id='word_1_468' title='bbox 1729 3621 1981 3686; x_wconf 80' lang='lat' dir='ltr'><strong>quemvis</strong></span> <span class='ocrx_word' id='word_1_469' title='bbox 2023 3618 2326 3669; x_wconf 86' lang='lat' dir='ltr'><strong>cruciatum</strong></span> 
     </span>
    </p>
   </div>
   <div class='ocr_carea' id='block_1_68' title="bbox 747 3709 2328 3780">
    <p class='ocr_par' dir='ltr' id='par_1_68' title="bbox 747 3709 2328 3780">
     <span class='ocr_line' id='line_1_68' title="bbox 747 3709 2328 3780; baseline -0.003 -17"><span class='ocrx_word' id='word_1_470' title='bbox 747 3711 1021 3764; x_wconf 88' lang='lat' dir='ltr'><strong>sustinere</strong></span> <span class='ocrx_word' id='word_1_471' title='bbox 1050 3722 1276 3780; x_wconf 83' lang='lat' dir='ltr'><strong>paratus</strong></span> <span class='ocrx_word' id='word_1_472' title='bbox 1306 3727 1450 3764; x_wconf 89' lang='lat' dir='ltr'><strong>sum.</strong></span> <span class='ocrx_word' id='word_1_473' title='bbox 1480 3711 1558 3763; x_wconf 89' lang='lat' dir='ltr'><strong>Tu</strong></span> <span class='ocrx_word' id='word_1_474' title='bbox 1596 3725 1725 3764; x_wconf 77' lang='lat' dir='ltr'><strong>vero</strong></span> <span class='ocrx_word' id='word_1_475' title='bbox 1752 3709 1793 3762; x_wconf 92' lang='lat' dir='ltr'><strong>si</strong></span> <span class='ocrx_word' id='word_1_476' title='bbox 1820 3714 2054 3762; x_wconf 80' lang='lat' dir='ltr'><strong>celerem</strong></span> <span class='ocrx_word' id='word_1_477' title='bbox 2097 3717 2328 3761; x_wconf 90' lang='lat' dir='ltr'><strong>mortem</strong></span> 
     </span>
    </p>
   </div>
   <div class='ocr_carea' id='block_1_69' title="bbox 749 3797 2331 3870">
    <p class='ocr_par' dir='ltr' id='par_1_69' title="bbox 749 3797 2331 3870">
     <span class='ocr_line' id='line_1_69' title="bbox 749 3797 2331 3870; baseline -0.002 -16"><span class='ocrx_word' id='word_1_478' title='bbox 749 3802 1020 3865; x_wconf 87' lang='lat' dir='ltr'><strong>attuleris,</strong></span> <span class='ocrx_word' id='word_1_479' title='bbox 1067 3812 1382 3870; x_wconf 73' lang='lat' dir='ltr'><strong>pergratum</strong></span> <span class='ocrx_word' id='word_1_480' title='bbox 1411 3802 1545 3854; x_wconf 84' lang='lat' dir='ltr'><strong>mihi</strong></span> <span class='ocrx_word' id='word_1_481' title='bbox 1587 3801 1775 3863; x_wconf 81' lang='lat' dir='ltr'><strong>facies,</strong></span> <span class='ocrx_word' id='word_1_482' title='bbox 1809 3809 1863 3854; x_wconf 91' lang='lat' dir='ltr'><strong>et</strong></span> <span class='ocrx_word' id='word_1_483' title='bbox 1897 3799 2130 3869; x_wconf 83' lang='lat' dir='ltr'><strong>teipsuin</strong></span> <span class='ocrx_word' id='word_1_484' title='bbox 2163 3797 2331 3852; x_wconf 86' lang='lat' dir='ltr'><strong>dede-</strong></span> 
     </span>
    </p>
   </div>
   <div class='ocr_carea' id='block_1_70' title="bbox 751 3891 2330 3958">
    <p class='ocr_par' dir='ltr' id='par_1_70' title="bbox 751 3891 2330 3958">
     <span class='ocr_line' id='line_1_70' title="bbox 751 3891 2330 3958; baseline -0.002 -11"><span class='ocrx_word' id='word_1_485' title='bbox 751 3910 880 3948; x_wconf 83' lang='lat' dir='ltr'><strong>core</strong></span> <span class='ocrx_word' id='word_1_486' title='bbox 927 3895 1205 3947; x_wconf 78' lang='lat' dir='ltr'><strong>liberabis.</strong></span> <span class='ocrx_word' id='word_1_487' title='bbox 1239 3893 1358 3958; x_wconf 84' lang='lat' dir='ltr'><strong>Quo</strong></span> <span class='ocrx_word' id='word_1_488' title='bbox 1388 3894 1534 3947; x_wconf 89' lang='lat' dir='ltr'><strong>enim</strong></span> <span class='ocrx_word' id='word_1_489' title='bbox 1570 3891 1911 3946; x_wconf 81' lang='lat' dir='ltr'><strong>diulurniore</strong></span> <span class='ocrx_word' id='word_1_490' title='bbox 1951 3891 2195 3946; x_wconf 89' lang='lat' dir='ltr'><strong>cruciatu</strong></span> <span class='ocrx_word' id='word_1_491' title='bbox 2243 3905 2330 3944; x_wconf 87' lang='lat' dir='ltr'><strong>me</strong></span> 
     </span>
    </p>
   </div>
   <div class='ocr_carea' id='block_1_71' title="bbox 754 3981 2329 4055">
    <p class='ocr_par' dir='ltr' id='par_1_71' title="bbox 754 3981 2329 4055">
     <span class='ocr_line' id='line_1_71' title="bbox 754 3981 2329 4055; baseline -0.003 -16"><span class='ocrx_word' id='word_1_492' title='bbox 754 3984 978 4055; x_wconf 81' lang='lat' dir='ltr'><strong>allliges,</strong></span> <span class='ocrx_word' id='word_1_493' title='bbox 1019 3999 1085 4038; x_wconf 91' lang='lat' dir='ltr'><strong>co</strong></span> <span class='ocrx_word' id='word_1_494' title='bbox 1125 3983 1430 4053; x_wconf 90' lang='lat' dir='ltr'><strong>promptior</strong></span> <span class='ocrx_word' id='word_1_495' title='bbox 1477 3985 1544 4037; x_wconf 88' lang='lat' dir='ltr'><strong>ad</strong></span> <span class='ocrx_word' id='word_1_496' title='bbox 1592 3985 1740 4052; x_wconf 87' lang='lat' dir='ltr'><strong>jussa</strong></span> <span class='ocrx_word' id='word_1_497' title='bbox 1794 3994 1883 4037; x_wconf 90' lang='lat' dir='ltr'><strong>tua</strong></span> <span class='ocrx_word' id='word_1_498' title='bbox 1929 3981 2329 4036; x_wconf 86' lang='lat' dir='ltr'><strong>contemnenda</strong></span> 
     </span>
    </p>
   </div>
   <div class='ocr_carea' id='block_1_72' title="bbox 756 4074 2335 4144">
    <p class='ocr_par' dir='ltr' id='par_1_72' title="bbox 756 4074 2335 4144">
     <span class='ocr_line' id='line_1_72' title="bbox 756 4074 2335 4144; baseline -0.004 -12"><span class='ocrx_word' id='word_1_499' title='bbox 756 4078 1023 4132; x_wconf 78' lang='lat' dir='ltr'><strong>inveniar.</strong></span> <span class='ocrx_word' id='word_1_500' title='bbox 1065 4074 1199 4128; x_wconf 87' lang='lat' dir='ltr'><strong>Nam</strong></span> <span class='ocrx_word' id='word_1_501' title='bbox 1235 4075 1281 4130; x_wconf 90' lang='lat' dir='ltr'><strong>si</strong></span> <span class='ocrx_word' id='word_1_502' title='bbox 1322 4075 1463 4129; x_wconf 87' lang='lat' dir='ltr'><strong>nihil</strong></span> <span class='ocrx_word' id='word_1_503' title='bbox 1495 4075 1643 4128; x_wconf 91' lang='lat' dir='ltr'><strong>aliud</strong></span> <span class='ocrx_word' id='word_1_504' title='bbox 1675 4084 1842 4141; x_wconf 89' lang='lat' dir='ltr'><strong>esset,</strong></span> <span class='ocrx_word' id='word_1_505' title='bbox 1873 4085 2022 4130; x_wconf 90' lang='lat' dir='ltr'><strong>certe</strong></span> <span class='ocrx_word' id='word_1_506' title='bbox 2053 4083 2108 4128; x_wconf 91' lang='lat' dir='ltr'><strong>et</strong></span> <span class='ocrx_word' id='word_1_507' title='bbox 2138 4082 2335 4144; x_wconf 85' lang='lat' dir='ltr'><strong>marty-</strong></span> 
     </span>
    </p>
   </div>
   <div class='ocr_carea' id='block_1_73' title="bbox 756 4166 2332 4234">
    <p class='ocr_par' dir='ltr' id='par_1_73' title="bbox 756 4166 2332 4234">
     <span class='ocr_line' id='line_1_73' title="bbox 756 4166 2332 4234; baseline -0.004 -10"><span class='ocrx_word' id='word_1_508' title='bbox 756 4186 844 4225; x_wconf 90' lang='lat' dir='ltr'><strong>res</strong></span> <span class='ocrx_word' id='word_1_509' title='bbox 872 4171 992 4223; x_wconf 90' lang='lat' dir='ltr'><strong>illos</strong></span> <span class='ocrx_word' id='word_1_510' title='bbox 1021 4182 1295 4230; x_wconf 89' lang='lat' dir='ltr'><strong>revereor,</strong></span> <span class='ocrx_word' id='word_1_511' title='bbox 1317 4167 1409 4234; x_wconf 88' lang='lat' dir='ltr'><strong>qui</strong></span> <span class='ocrx_word' id='word_1_512' title='bbox 1442 4176 1568 4221; x_wconf 91' lang='lat' dir='ltr'><strong>ante</strong></span> <span class='ocrx_word' id='word_1_513' title='bbox 1590 4182 1689 4221; x_wconf 89' lang='lat' dir='ltr'><strong>nos</strong></span> <span class='ocrx_word' id='word_1_514' title='bbox 1719 4178 1999 4222; x_wconf 89' lang='lat' dir='ltr'><strong>certamen</strong></span> <span class='ocrx_word' id='word_1_515' title='bbox 2023 4166 2332 4230; x_wconf 85' lang='lat' dir='ltr'><strong>subierunt,</strong></span> 
     </span>
    </p>
   </div>
   <div class='ocr_carea' id='block_1_74' title="bbox 760 4259 2335 4332">
    <p class='ocr_par' dir='ltr' id='par_1_74' title="bbox 760 4259 2335 4332">
     <span class='ocr_line' id='line_1_74' title="bbox 760 4259 2335 4332; baseline -0.006 -14"><span class='ocrx_word' id='word_1_516' title='bbox 760 4274 813 4318; x_wconf 88' lang='lat' dir='ltr'><strong>et</strong></span> <span class='ocrx_word' id='word_1_517' title='bbox 847 4264 1085 4332; x_wconf 88' lang='lat' dir='ltr'><strong>reliquos</strong></span> <span class='ocrx_word' id='word_1_518' title='bbox 1117 4263 1273 4328; x_wconf 91' lang='lat' dir='ltr'><strong>istos,</strong></span> <span class='ocrx_word' id='word_1_519' title='bbox 1305 4261 1397 4330; x_wconf 90' lang='lat' dir='ltr'><strong>qui</strong></span> <span class='ocrx_word' id='word_1_520' title='bbox 1444 4261 1733 4316; x_wconf 89' lang='lat' dir='ltr'><strong>nobiscum</strong></span> <span class='ocrx_word' id='word_1_521' title='bbox 1767 4259 1870 4314; x_wconf 87' lang='lat' dir='ltr'><strong>una</strong></span> <span class='ocrx_word' id='word_1_522' title='bbox 1895 4272 2176 4313; x_wconf 89' lang='lat' dir='ltr'><strong>carcerem</strong></span> <span class='ocrx_word' id='word_1_523' title='bbox 2211 4272 2335 4310; x_wconf 92' lang='lat' dir='ltr'><strong>rur-</strong></span> 
     </span>
    </p>
   </div>
   <div class='ocr_carea' id='block_1_75' title="bbox 759 4353 2337 4426">
    <p class='ocr_par' dir='ltr' id='par_1_75' title="bbox 759 4353 2337 4426">
     <span class='ocr_line' id='line_1_75' title="bbox 759 4353 2337 4426; baseline -0.003 -15"><span class='ocrx_word' id='word_1_524' title='bbox 759 4373 853 4411; x_wconf 92' lang='lat' dir='ltr'><strong>sus</strong></span> <span class='ocrx_word' id='word_1_525' title='bbox 884 4357 1128 4411; x_wconf 87' lang='lat' dir='ltr'><strong>habitanl</strong></span> <span class='ocrx_word' id='word_1_526' title='bbox 1157 4373 1170 4410; x_wconf 91' lang='lat'>:</span> <span class='ocrx_word' id='word_1_527' title='bbox 1204 4355 1272 4410; x_wconf 87' lang='lat' dir='ltr'><strong>ob</strong></span> <span class='ocrx_word' id='word_1_528' title='bbox 1304 4356 1463 4426; x_wconf 86' lang='lat' dir='ltr'><strong>idque</strong></span> <span class='ocrx_word' id='word_1_529' title='bbox 1489 4367 1543 4411; x_wconf 91' lang='lat' dir='ltr'><strong>et</strong></span> <span class='ocrx_word' id='word_1_530' title='bbox 1571 4355 1689 4424; x_wconf 88' lang='lat' dir='ltr'><strong>ipse</strong></span> <span class='ocrx_word' id='word_1_531' title='bbox 1717 4355 1844 4408; x_wconf 91' lang='lat' dir='ltr'><strong>illud</strong></span> <span class='ocrx_word' id='word_1_532' title='bbox 1870 4355 2086 4417; x_wconf 89' lang='lat' dir='ltr'><strong>studeo,</strong></span> <span class='ocrx_word' id='word_1_533' title='bbox 2122 4369 2190 4407; x_wconf 91' lang='lat' dir='ltr'><strong>ne</strong></span> <span class='ocrx_word' id='word_1_534' title='bbox 2216 4353 2337 4406; x_wconf 87' lang='lat' dir='ltr'><strong>sine</strong></span> 
     </span>
    </p>
   </div>
   <div class='ocr_carea' id='block_1_76' title="bbox 761 4443 2334 4513">
    <p class='ocr_par' dir='ltr' id='par_1_76' title="bbox 761 4443 2334 4513">
     <span class='ocr_line' id='line_1_76' title="bbox 761 4443 2334 4513; baseline -0.001 -17"><span class='ocrx_word' id='word_1_535' title='bbox 761 4460 960 4497; x_wconf 85' lang='lat' dir='ltr'><strong>corona</strong></span> <span class='ocrx_word' id='word_1_536' title='bbox 1015 4443 1292 4498; x_wconf 89' lang='lat' dir='ltr'><strong>discedam</strong></span> <span class='ocrx_word' id='word_1_537' title='bbox 1342 4458 1356 4496; x_wconf 89' lang='lat'><strong>:</strong></span> <span class='ocrx_word' id='word_1_538' title='bbox 1414 4443 1510 4499; x_wconf 91' lang='lat' dir='ltr'><strong>sed</strong></span> <span class='ocrx_word' id='word_1_539' title='bbox 1566 4451 1627 4497; x_wconf 88' lang='lat' dir='ltr'><strong>ut</strong></span> <span class='ocrx_word' id='word_1_540' title='bbox 1675 4455 1956 4513; x_wconf 88' lang='lat' dir='ltr'><strong>postquam</strong></span> <span class='ocrx_word' id='word_1_541' title='bbox 2009 4443 2061 4496; x_wconf 91' lang='lat' dir='ltr'><strong>in</strong></span> <span class='ocrx_word' id='word_1_542' title='bbox 2116 4443 2334 4496; x_wconf 88' lang='lat' dir='ltr'><strong>illorum</strong></span> 
     </span>
    </p>
   </div>
   <div class='ocr_carea' id='block_1_77' title="bbox 763 4530 2338 4602">
    <p class='ocr_par' dir='ltr' id='par_1_77' title="bbox 763 4530 2338 4602">
     <span class='ocr_line' id='line_1_77' title="bbox 763 4530 2338 4602; baseline 0 -16"><span class='ocrx_word' id='word_1_543' title='bbox 763 4533 929 4588; x_wconf 88' lang='lat' dir='ltr'><strong>choro</strong></span> <span class='ocrx_word' id='word_1_544' title='bbox 955 4541 1310 4586; x_wconf 88' lang='lat' dir='ltr'><strong>enumeratus</strong></span> <span class='ocrx_word' id='word_1_545' title='bbox 1339 4530 1516 4596; x_wconf 89' lang='lat' dir='ltr'><strong>fuero,</strong></span> <span class='ocrx_word' id='word_1_546' title='bbox 1539 4531 1661 4587; x_wconf 86' lang='lat' dir='ltr'><strong>istis</strong></span> <span class='ocrx_word' id='word_1_547' title='bbox 1689 4533 1984 4602; x_wconf 84' lang='lat' dir='ltr'><strong>optabilem</strong></span> <span class='ocrx_word' id='word_1_548' title='bbox 2016 4531 2338 4587; x_wconf 85' lang='lat' dir='ltr'><strong>certaminis</strong></span> 
     </span>
    </p>
   </div>
   <div class='ocr_carea' id='block_1_78' title="bbox 764 4621 1454 4676">
    <p class='ocr_par' dir='ltr' id='par_1_78' title="bbox 764 4621 1454 4676">
     <span class='ocr_line' id='line_1_78' title="bbox 764 4621 1454 4676; baseline -0.006 0"><span class='ocrx_word' id='word_1_549' title='bbox 764 4621 865 4675; x_wconf 93' lang='lat' dir='ltr'><strong>mei</strong></span> <span class='ocrx_word' id='word_1_550' title='bbox 898 4635 1118 4676; x_wconf 90' lang='lat' dir='ltr'><strong>cursum</strong></span> <span class='ocrx_word' id='word_1_551' title='bbox 1151 4621 1454 4674; x_wconf 89' lang='lat' dir='ltr'><strong>ostendam.</strong></span> 
     </span>
    </p>
   </div>
   <div class='ocr_carea' id='block_1_79' title="bbox 836 4706 2339 4780">
    <p class='ocr_par' dir='ltr' id='par_1_79' title="bbox 836 4706 2339 4780">
     <span class='ocr_line' id='line_1_79' title="bbox 836 4706 2339 4780; baseline -0.001 -17"><span class='ocrx_word' id='word_1_552' title='bbox 836 4710 969 4764; x_wconf 85' lang='lat' dir='ltr'><strong>Vlll.</strong></span> <span class='ocrx_word' id='word_1_553' title='bbox 1015 4708 1140 4763; x_wconf 68' lang='grc' dir='ltr'><strong>Ηωο</strong></span> <span class='ocrx_word' id='word_1_554' title='bbox 1171 4709 1426 4780; x_wconf 81' lang='lat' dir='ltr'><strong>martyris</strong></span> <span class='ocrx_word' id='word_1_555' title='bbox 1452 4708 1615 4762; x_wconf 77' lang='lat' dir='ltr'><strong>verba</strong></span> <span class='ocrx_word' id='word_1_556' title='bbox 1650 4706 2051 4761; x_wconf 88' lang='lat' dir='ltr'><strong>dubitationem</strong></span> <span class='ocrx_word' id='word_1_557' title='bbox 2086 4723 2339 4773; x_wconf 79' lang='lat' dir='ltr'><strong>magnam</strong></span> 
     </span>
    </p>
   </div>
   <div class='ocr_carea' id='block_1_80' title="bbox 767 4795 2340 4868">
    <p class='ocr_par' dir='ltr' id='par_1_80' title="bbox 767 4795 2340 4868">
     <span class='ocr_line' id='line_1_80' title="bbox 767 4795 2340 4868; baseline -0.001 -19"><span class='ocrx_word' id='word_1_558' title='bbox 767 4807 997 4867; x_wconf 86' lang='lat' dir='ltr'><strong>tyranno</strong></span> <span class='ocrx_word' id='word_1_559' title='bbox 1025 4798 1365 4853; x_wconf 87' lang='lat' dir='ltr'><strong>attulerunt:</strong></span> <span class='ocrx_word' id='word_1_560' title='bbox 1400 4798 1491 4868; x_wconf 88' lang='lat' dir='ltr'><strong>qui</strong></span> <span class='ocrx_word' id='word_1_561' title='bbox 1523 4813 1644 4852; x_wconf 90' lang='lat' dir='ltr'><strong>cum</strong></span> <span class='ocrx_word' id='word_1_562' title='bbox 1676 4795 1978 4864; x_wconf 85' lang='lat' dir='ltr'><strong>Epimacho</strong></span> <span class='ocrx_word' id='word_1_563' title='bbox 2011 4796 2340 4863; x_wconf 88' lang='lat' dir='ltr'><strong>persuadere</strong></span> 
     </span>
    </p>
   </div>
   <div class='ocr_carea' id='block_1_81' title="bbox 768 4882 2342 4958">
    <p class='ocr_par' dir='ltr' id='par_1_81' title="bbox 768 4882 2342 4958">
     <span class='ocr_line' id='line_1_81' title="bbox 768 4882 2342 4958; baseline -0.004 -16"><span class='ocrx_word' id='word_1_564' title='bbox 768 4904 874 4942; x_wconf 88' lang='lat' dir='ltr'><strong>non</strong></span> <span class='ocrx_word' id='word_1_565' title='bbox 911 4899 1110 4954; x_wconf 82' lang='lat' dir='ltr'><strong>posset,</strong></span> <span class='ocrx_word' id='word_1_566' title='bbox 1143 4903 1267 4940; x_wconf 92' lang='lat' dir='ltr'><strong>cum</strong></span> <span class='ocrx_word' id='word_1_567' title='bbox 1292 4887 1345 4940; x_wconf 92' lang='lat' dir='ltr'><strong>in</strong></span> <span class='ocrx_word' id='word_1_568' title='bbox 1375 4888 1520 4958; x_wconf 74' lang='lat' dir='ltr'><strong>ligno</strong></span> <span class='ocrx_word' id='word_1_569' title='bbox 1553 4884 1814 4954; x_wconf 89' lang='lat' dir='ltr'><strong>suspendi</strong></span> <span class='ocrx_word' id='word_1_570' title='bbox 1841 4883 2024 4950; x_wconf 80' lang='lat' dir='ltr'><strong>jussit,</strong></span> <span class='ocrx_word' id='word_1_571' title='bbox 2058 4896 2121 4935; x_wconf 91' lang='lat' dir='ltr'><strong>ac</strong></span> <span class='ocrx_word' id='word_1_572' title='bbox 2149 4882 2342 4936; x_wconf 84' lang='lat' dir='ltr'><strong>ferreis</strong></span> 
     </span>
    </p>
   </div>
   <div class='ocr_carea' id='block_1_82' title="bbox 778 4973 2345 5051">
    <p class='ocr_par' dir='ltr' id='par_1_82' title="bbox 778 4973 2345 5051">
     <span class='ocr_line' id='line_1_82' title="bbox 778 4973 2345 5051; baseline -0.005 -17"><span class='ocrx_word' id='word_1_573' title='bbox 778 4983 1042 5051; x_wconf 81' lang='lat' dir='ltr'><strong>unguibus</strong></span> <span class='ocrx_word' id='word_1_574' title='bbox 1079 4981 1324 5036; x_wconf 80' lang='lat' dir='ltr'><strong>lacerari.</strong></span> <span class='ocrx_word' id='word_1_575' title='bbox 1355 4982 1447 5036; x_wconf 86' lang='lat' dir='ltr'><strong>Ille</strong></span> <span class='ocrx_word' id='word_1_576' title='bbox 1479 4995 1544 5034; x_wconf 88' lang='lat' dir='ltr'><strong>eo</strong></span> <span class='ocrx_word' id='word_1_577' title='bbox 1577 4977 1747 5047; x_wconf 86' lang='lat' dir='ltr'><strong>magis</strong></span> <span class='ocrx_word' id='word_1_578' title='bbox 1772 4973 2042 5044; x_wconf 87' lang='lat' dir='ltr'><strong>ejusmodi</strong></span> <span class='ocrx_word' id='word_1_579' title='bbox 2074 4981 2345 5027; x_wconf 84' lang='lat' dir='ltr'><strong>tormento</strong></span> 
     </span>
    </p>
   </div>
   <div class='ocr_carea' id='block_1_83' title="bbox 779 5067 2347 5145">
    <p class='ocr_par' dir='ltr' id='par_1_83' title="bbox 779 5067 2347 5145">
     <span class='ocr_line' id='line_1_83' title="bbox 779 5067 2347 5145; baseline -0.006 -15"><span class='ocrx_word' id='word_1_580' title='bbox 779 5076 1081 5141; x_wconf 65' lang='grc' dir='ltr'>ιωιειὺοιυιν,</span> <span class='ocrx_word' id='word_1_581' title='bbox 1113 5091 1220 5145; x_wconf 88' lang='lat' dir='ltr'><strong>quo</strong></span> <span class='ocrx_word' id='word_1_582' title='bbox 1248 5091 1306 5130; x_wconf 90' lang='lat' dir='ltr'><strong>se</strong></span> <span class='ocrx_word' id='word_1_583' title='bbox 1337 5075 1405 5130; x_wconf 89' lang='lat' dir='ltr'><strong>ob</strong></span> <span class='ocrx_word' id='word_1_584' title='bbox 1445 5090 1564 5128; x_wconf 84' lang='lat' dir='ltr'><strong>eam</strong></span> <span class='ocrx_word' id='word_1_585' title='bbox 1599 5087 1711 5124; x_wconf 83' lang='lat' dir='ltr'><strong>rem</strong></span> <span class='ocrx_word' id='word_1_586' title='bbox 1743 5068 2038 5124; x_wconf 88' lang='lat' dir='ltr'><strong>beatiorem</strong></span> <span class='ocrx_word' id='word_1_587' title='bbox 2069 5067 2347 5122; x_wconf 84' lang='lat' dir='ltr'><strong>existima-</strong></span> 
     </span>
    </p>
   </div>
   <div class='ocr_carea' id='block_1_84' title="bbox 781 5157 2346 5239">
    <p class='ocr_par' dir='ltr' id='par_1_84' title="bbox 781 5157 2346 5239">
     <span class='ocr_line' id='line_1_84' title="bbox 781 5157 2346 5239; baseline -0.008 -14"><span class='ocrx_word' id='word_1_588' title='bbox 781 5176 867 5225; x_wconf 81' lang='lat' dir='ltr'><strong>bat</strong></span> <span class='ocrx_word' id='word_1_589' title='bbox 893 5189 904 5223; x_wconf 85' lang='lat'><strong>:</strong></span> <span class='ocrx_word' id='word_1_590' title='bbox 946 5169 1146 5239; x_wconf 86' lang='lat' dir='ltr'><strong>quippe</strong></span> <span class='ocrx_word' id='word_1_591' title='bbox 1165 5169 1306 5236; x_wconf 89' lang='lat' dir='ltr'><strong>quod</strong></span> <span class='ocrx_word' id='word_1_592' title='bbox 1336 5167 1572 5220; x_wconf 84' lang='lat' dir='ltr'><strong>imitator</strong></span> <span class='ocrx_word' id='word_1_593' title='bbox 1599 5169 1747 5217; x_wconf 88' lang='lat' dir='ltr'><strong>esset</strong></span> <span class='ocrx_word' id='word_1_594' title='bbox 1775 5175 1988 5223; x_wconf 89' lang='lat' dir='ltr'><strong>eorum,</strong></span> <span class='ocrx_word' id='word_1_595' title='bbox 2012 5176 2131 5228; x_wconf 87' lang='lat' dir='ltr'><strong>quae</strong></span> <span class='ocrx_word' id='word_1_596' title='bbox 2163 5157 2346 5212; x_wconf 65' lang='lat' dir='ltr'><strong>Domio</strong></span> 
     </span>
    </p>
   </div>
   <div class='ocr_carea' id='block_1_85' title="bbox 776 5253 2348 5333">
    <p class='ocr_par' dir='ltr' id='par_1_85' title="bbox 776 5253 2348 5333">
     <span class='ocr_line' id='line_1_85' title="bbox 776 5253 2348 5333; baseline -0.008 -12"><span class='ocrx_word' id='word_1_597' title='bbox 776 5281 875 5321; x_wconf 89' lang='lat' dir='ltr'><strong>nus</strong></span> <span class='ocrx_word' id='word_1_598' title='bbox 899 5263 1058 5319; x_wconf 79' lang='lat' dir='ltr'><strong>Jesus</strong></span> <span class='ocrx_word' id='word_1_599' title='bbox 1087 5277 1278 5333; x_wconf 90' lang='lat' dir='ltr'><strong>passus</strong></span> <span class='ocrx_word' id='word_1_600' title='bbox 1311 5263 1505 5316; x_wconf 82' lang='lat' dir='ltr'><strong>fuerat.</strong></span> <span class='ocrx_word' id='word_1_601' title='bbox 1539 5260 1725 5327; x_wconf 86' lang='lat' dir='ltr'><strong>Itaque</strong></span> <span class='ocrx_word' id='word_1_602' title='bbox 1755 5256 1970 5309; x_wconf 86' lang='lat' dir='ltr'><strong>aiebat:</strong></span> <span class='ocrx_word' id='word_1_603' title='bbox 2001 5255 2053 5308; x_wconf 90' lang='lat' dir='ltr'><strong>Si</strong></span> <span class='ocrx_word' id='word_1_604' title='bbox 2083 5253 2348 5308; x_wconf 87' lang='lat' dir='ltr'><strong>Dominus</strong></span> 
     </span>
    </p>
   </div>
   <div class='ocr_carea' id='block_1_86' title="bbox 774 5349 2350 5424">
    <p class='ocr_par' dir='ltr' id='par_1_86' title="bbox 774 5349 2350 5424">
     <span class='ocr_line' id='line_1_86' title="bbox 774 5349 2350 5424; baseline -0.01 -11"><span class='ocrx_word' id='word_1_605' title='bbox 774 5369 960 5413; x_wconf 81' lang='lat' dir='ltr'><strong>noster</strong></span> <span class='ocrx_word' id='word_1_606' title='bbox 994 5357 1152 5412; x_wconf 84' lang='lat' dir='ltr'><strong>Jesus</strong></span> <span class='ocrx_word' id='word_1_607' title='bbox 1181 5356 1429 5412; x_wconf 79' lang='lat' dir='ltr'><strong>Christus</strong></span> <span class='ocrx_word' id='word_1_608' title='bbox 1456 5362 1681 5424; x_wconf 83' lang='lat' dir='ltr'><strong>prOpter</strong></span> <span class='ocrx_word' id='word_1_609' title='bbox 1711 5365 1808 5404; x_wconf 91' lang='lat' dir='ltr'><strong>nos</strong></span> <span class='ocrx_word' id='word_1_610' title='bbox 1835 5349 2130 5403; x_wconf 78' lang='lat' dir='ltr'><strong>cruciﬁxus</strong></span> <span class='ocrx_word' id='word_1_611' title='bbox 2163 5356 2265 5408; x_wconf 88' lang='lat' dir='ltr'><strong>est,</strong></span> <span class='ocrx_word' id='word_1_612' title='bbox 2296 5355 2350 5398; x_wconf 90' lang='lat' dir='ltr'><strong>et</strong></span> 
     </span>
    </p>
   </div>
   <div class='ocr_carea' id='block_1_87' title="bbox 779 5438 2350 5519">
    <p class='ocr_par' dir='ltr' id='par_1_87' title="bbox 779 5438 2350 5519">
     <span class='ocr_line' id='line_1_87' title="bbox 779 5438 2350 5519; baseline -0.007 -16"><span class='ocrx_word' id='word_1_613' title='bbox 779 5451 917 5507; x_wconf 85' lang='lat' dir='ltr'><strong>fellis</strong></span> <span class='ocrx_word' id='word_1_614' title='bbox 966 5461 1127 5519; x_wconf 89' lang='lat' dir='ltr'><strong>atque</strong></span> <span class='ocrx_word' id='word_1_615' title='bbox 1157 5448 1299 5502; x_wconf 85' lang='lat' dir='ltr'><strong>aceti</strong></span> <span class='ocrx_word' id='word_1_616' title='bbox 1351 5446 1629 5516; x_wconf 88' lang='lat' dir='ltr'><strong>p0tionem</strong></span> <span class='ocrx_word' id='word_1_617' title='bbox 1682 5441 1929 5512; x_wconf 85' lang='lat' dir='ltr'><strong>accepit:</strong></span> <span class='ocrx_word' id='word_1_618' title='bbox 1965 5438 2009 5493; x_wconf 90' lang='lat' dir='ltr'><strong>si</strong></span> <span class='ocrx_word' id='word_1_619' title='bbox 2057 5439 2175 5508; x_wconf 87' lang='lat' dir='ltr'><strong>ejus</strong></span> <span class='ocrx_word' id='word_1_620' title='bbox 2208 5439 2350 5492; x_wconf 90' lang='lat' dir='ltr'><strong>latus</strong></span> 
     </span>
    </p>
   </div>
   <div class='ocr_carea' id='block_1_88' title="bbox 779 5531 2351 5614">
    <p class='ocr_par' dir='ltr' id='par_1_88' title="bbox 779 5531 2351 5614">
     <span class='ocr_line' id='line_1_88' title="bbox 779 5531 2351 5614; baseline -0.009 -14"><span class='ocrx_word' id='word_1_621' title='bbox 779 5549 964 5601; x_wconf 87' lang='lat' dir='ltr'><strong>lancea</strong></span> <span class='ocrx_word' id='word_1_622' title='bbox 993 5557 1310 5614; x_wconf 88' lang='lat' dir='ltr'><strong>percussum</strong></span> <span class='ocrx_word' id='word_1_623' title='bbox 1353 5539 1477 5602; x_wconf 89' lang='lat' dir='ltr'><strong>fuit,</strong></span> <span class='ocrx_word' id='word_1_624' title='bbox 1528 5538 1573 5592; x_wconf 89' lang='lat' dir='ltr'><strong>si</strong></span> <span class='ocrx_word' id='word_1_625' title='bbox 1624 5536 1815 5607; x_wconf 87' lang='lat' dir='ltr'><strong>palmae</strong></span> <span class='ocrx_word' id='word_1_626' title='bbox 1858 5532 2025 5589; x_wconf 70' lang='lat' dir='ltr'><strong>clavis</strong></span> <span class='ocrx_word' id='word_1_627' title='bbox 2066 5531 2351 5602; x_wconf 73' lang='lat' dir='ltr'><strong>perforatae</strong></span> 
     </span>
    </p>
   </div>
   <div class='ocr_carea' id='block_1_89' title="bbox 782 5627 2351 5708">
    <p class='ocr_par' dir='ltr' id='par_1_89' title="bbox 782 5627 2351 5708">
     <span class='ocr_line' id='line_1_89' title="bbox 782 5627 2351 5708; baseline -0.011 -14"><span class='ocrx_word' id='word_1_628' title='bbox 782 5645 926 5699; x_wconf 83' lang='lat' dir='ltr'><strong>sunt.</strong></span> <span class='ocrx_word' id='word_1_629' title='bbox 955 5650 1122 5708; x_wconf 88' lang='lat' dir='ltr'><strong>quare</strong></span> <span class='ocrx_word' id='word_1_630' title='bbox 1153 5649 1261 5689; x_wconf 91' lang='lat' dir='ltr'><strong>non</strong></span> <span class='ocrx_word' id='word_1_631' title='bbox 1293 5632 1468 5688; x_wconf 85' lang='lat' dir='ltr'><strong>debeo</strong></span> <span class='ocrx_word' id='word_1_632' title='bbox 1496 5640 1548 5685; x_wconf 89' lang='lat' dir='ltr'><strong>et</strong></span> <span class='ocrx_word' id='word_1_633' title='bbox 1588 5643 1688 5699; x_wconf 81' lang='lat' dir='ltr'><strong>ego</strong></span> <span class='ocrx_word' id='word_1_634' title='bbox 1736 5627 1882 5683; x_wconf 90' lang='lat' dir='ltr'><strong>illius</strong></span> <span class='ocrx_word' id='word_1_635' title='bbox 1911 5641 2123 5691; x_wconf 83' lang='lat' dir='ltr'><strong>servus,</strong></span> <span class='ocrx_word' id='word_1_636' title='bbox 2157 5641 2351 5694; x_wconf 81' lang='lat' dir='ltr'><strong>magna</strong></span> 
     </span>
    </p>
   </div>
   <div class='ocr_carea' id='block_1_90' title="bbox 780 5718 2354 5800">
    <p class='ocr_par' dir='ltr' id='par_1_90' title="bbox 780 5718 2354 5800">
     <span class='ocr_line' id='line_1_90' title="bbox 780 5718 2354 5800; baseline -0.012 -11"><span class='ocrx_word' id='word_1_637' title='bbox 780 5749 902 5789; x_wconf 87' lang='lat' dir='ltr'><strong>eum</strong></span> <span class='ocrx_word' id='word_1_638' title='bbox 947 5732 1225 5800; x_wconf 81' lang='lat' dir='ltr'><strong>voluptate</strong></span> <span class='ocrx_word' id='word_1_639' title='bbox 1277 5727 1330 5780; x_wconf 91' lang='lat' dir='ltr'><strong>in</strong></span> <span class='ocrx_word' id='word_1_640' title='bbox 1384 5725 1466 5777; x_wconf 85' lang='lat' dir='ltr'><strong>bis</strong></span> <span class='ocrx_word' id='word_1_641' title='bbox 1512 5722 1644 5793; x_wconf 90' lang='lat' dir='ltr'><strong>ipsis</strong></span> <span class='ocrx_word' id='word_1_642' title='bbox 1678 5737 1800 5775; x_wconf 87' lang='lat' dir='ltr'><strong>cum</strong></span> <span class='ocrx_word' id='word_1_643' title='bbox 1851 5720 2071 5774; x_wconf 90' lang='lat' dir='ltr'><strong>Christo</strong></span> <span class='ocrx_word' id='word_1_644' title='bbox 2123 5718 2354 5772; x_wconf 88' lang='lat' dir='ltr'><strong>Domino</strong></span> 
     </span>
    </p>
   </div>
   <div class='ocr_carea' id='block_1_91' title="bbox 785 5810 2352 5883">
    <p class='ocr_par' dir='ltr' id='par_1_91' title="bbox 785 5810 2352 5883">
     <span class='ocr_line' id='line_1_91' title="bbox 785 5810 2352 5883; baseline -0.012 -4"><span class='ocrx_word' id='word_1_645' title='bbox 785 5840 906 5880; x_wconf 86' lang='lat' dir='ltr'><strong>meo</strong></span> <span class='ocrx_word' id='word_1_646' title='bbox 940 5816 1387 5877; x_wconf 85' lang='lat' dir='ltr'><strong>communicare?</strong></span> <span class='ocrx_word' id='word_1_647' title='bbox 1414 5816 1576 5869; x_wconf 89' lang='lat' dir='ltr'><strong>Certe</strong></span> <span class='ocrx_word' id='word_1_648' title='bbox 1606 5822 1810 5883; x_wconf 82' lang='lat' dir='ltr'><strong>martyr</strong></span> <span class='ocrx_word' id='word_1_649' title='bbox 1842 5812 1929 5865; x_wconf 90' lang='lat' dir='ltr'><strong>ille</strong></span> <span class='ocrx_word' id='word_1_650' title='bbox 1962 5811 2125 5866; x_wconf 89' lang='lat' dir='ltr'><strong>etiam</strong></span> <span class='ocrx_word' id='word_1_651' title='bbox 2165 5810 2352 5862; x_wconf 85' lang='lat' dir='ltr'><strong>lancea</strong></span> 
     </span>
    </p>
   </div>
   <div class='ocr_carea' id='block_1_92' title="bbox 787 5903 2354 5991">
    <p class='ocr_par' dir='ltr' id='par_1_92' title="bbox 787 5903 2354 5991">
     <span class='ocr_line' id='line_1_92' title="bbox 787 5903 2354 5991; baseline -0.011 -19"><span class='ocrx_word' id='word_1_652' title='bbox 787 5917 994 5991; x_wconf 82' lang='lat' dir='ltr'><strong>percuti</strong></span> <span class='ocrx_word' id='word_1_653' title='bbox 1043 5915 1338 5986; x_wconf 79' lang='lat' dir='ltr'><strong>cupiebat:</strong></span> <span class='ocrx_word' id='word_1_654' title='bbox 1392 5909 1636 5981; x_wconf 85' lang='lat' dir='ltr'><strong>quinimo</strong></span> <span class='ocrx_word' id='word_1_655' title='bbox 1669 5907 1737 5961; x_wconf 83' lang='lat' dir='ltr'><strong>fel</strong></span> <span class='ocrx_word' id='word_1_656' title='bbox 1785 5905 1960 5978; x_wconf 65' lang='lat' dir='ltr'><strong>ipsum</strong></span> <span class='ocrx_word' id='word_1_657' title='bbox 2025 5903 2354 5974; x_wconf 70' lang='lat' dir='ltr'><strong>appetebat:</strong></span> 
     </span>
    </p>
   </div>
   <div class='ocr_carea' id='block_1_93' title="bbox 2429 3312 3997 3403">
    <p class='ocr_par' dir='ltr' id='par_1_93' title="bbox 2429 3312 3997 3403">
     <span class='ocr_line' id='line_1_93' title="bbox 2429 3312 3997 3403; baseline -0.018 -14"><span class='ocrx_word' id='word_1_658' title='bbox 2429 3334 2632 3403; x_wconf 75' lang='grc' dir='ltr'>ταύτην</span> <span class='ocrx_word' id='word_1_659' title='bbox 2667 3328 3039 3400; x_wconf 74' lang='grc' dir='ltr'>ὲστηρίγμεθα</span> <span class='ocrx_word' id='word_1_660' title='bbox 3105 3325 3199 3377; x_wconf 74' lang='grc' dir='ltr'>καὶ</span> <span class='ocrx_word' id='word_1_661' title='bbox 3232 3321 3574 3392; x_wconf 76' lang='grc' dir='ltr'>ήδράσμεθα.</span> <span class='ocrx_word' id='word_1_662' title='bbox 3623 3317 3804 3386; x_wconf 73' lang='grc' dir='ltr'>’Υπὲρ</span> <span class='ocrx_word' id='word_1_663' title='bbox 3840 3312 3997 3374; x_wconf 66' lang='grc' dir='ltr'>αὐτῆς</span> 
     </span>
    </p>
   </div>
   <div class='ocr_carea' id='block_1_94' title="bbox 2428 3406 3999 3488">
    <p class='ocr_par' dir='ltr' id='par_1_94' title="bbox 2428 3406 3999 3488">
     <span class='ocr_line' id='line_1_94' title="bbox 2428 3406 3999 3488; baseline -0.018 -9"><span class='ocrx_word' id='word_1_664' title='bbox 2428 3426 2524 3479; x_wconf 72' lang='grc' dir='ltr'>καὶ</span> <span class='ocrx_word' id='word_1_665' title='bbox 2561 3426 2668 3477; x_wconf 82' lang='grc' dir='ltr'><strong>πᾶν</strong></span> <span class='ocrx_word' id='word_1_666' title='bbox 2721 3420 2900 3476; x_wconf 76' lang='grc' dir='ltr'>ὁτιοῦν</span> <span class='ocrx_word' id='word_1_667' title='bbox 2955 3421 3070 3488; x_wconf 86' lang='grc' dir='ltr'>εἰμι</span> <span class='ocrx_word' id='word_1_668' title='bbox 3103 3416 3211 3468; x_wconf 83' lang='grc' dir='ltr'><strong>τῶν</strong></span> <span class='ocrx_word' id='word_1_669' title='bbox 3257 3412 3447 3466; x_wconf 84' lang='grc' dir='ltr'>δεινῶν</span> <span class='ocrx_word' id='word_1_670' title='bbox 3495 3410 3733 3478; x_wconf 79' lang='grc' dir='ltr'>πάσχειν</span> <span class='ocrx_word' id='word_1_671' title='bbox 3775 3406 3999 3471; x_wconf 71' lang='grc' dir='ltr'>ἕτοιμος.</span> 
     </span>
    </p>
   </div>
   <div class='ocr_carea' id='block_1_95' title="bbox 2442 3497 4002 3581">
    <p class='ocr_par' dir='ltr' id='par_1_95' title="bbox 2442 3497 4002 3581">
     <span class='ocr_line' id='line_1_95' title="bbox 2442 3497 4002 3581; baseline -0.017 -12"><span class='ocrx_word' id='word_1_672' title='bbox 2442 3517 2583 3570; x_wconf 83' lang='grc' dir='ltr'>Ἀλλ’</span> <span class='ocrx_word' id='word_1_673' title='bbox 2611 3516 2661 3567; x_wconf 84' lang='grc' dir='ltr'><strong>εί</strong></span> <span class='ocrx_word' id='word_1_674' title='bbox 2697 3515 2794 3581; x_wconf 77' lang='grc' dir='ltr'><strong>μὲν</strong></span> <span class='ocrx_word' id='word_1_675' title='bbox 2837 3511 3060 3577; x_wconf 80' lang='grc' dir='ltr'>ταχεῖάν</span> <span class='ocrx_word' id='word_1_676' title='bbox 3113 3523 3204 3574; x_wconf 88' lang='grc' dir='ltr'><strong>μοι</strong></span> <span class='ocrx_word' id='word_1_677' title='bbox 3249 3504 3347 3572; x_wconf 83' lang='grc' dir='ltr'><strong>τὴν</strong></span> <span class='ocrx_word' id='word_1_678' title='bbox 3392 3500 3654 3569; x_wconf 80' lang='grc' dir='ltr'>τελευτὴν</span> <span class='ocrx_word' id='word_1_679' title='bbox 3686 3497 4002 3562; x_wconf 73' lang='grc' dir='ltr'>ἐπαγάγοις.</span> 
     </span>
    </p>
   </div>
   <div class='ocr_carea' id='block_1_96' title="bbox 2433 3584 4005 3672">
    <p class='ocr_par' dir='ltr' id='par_1_96' title="bbox 2433 3584 4005 3672">
     <span class='ocr_line' id='line_1_96' title="bbox 2433 3584 4005 3672; baseline -0.015 -16"><span class='ocrx_word' id='word_1_680' title='bbox 2433 3607 2564 3672; x_wconf 75' lang='grc' dir='ltr'>ἡμῖν</span> <span class='ocrx_word' id='word_1_681' title='bbox 2605 3619 2665 3653; x_wconf 76' lang='grc' dir='ltr'>τι</span> <span class='ocrx_word' id='word_1_682' title='bbox 2706 3603 2773 3653; x_wconf 73' lang='grc' dir='ltr'>τὰ</span> <span class='ocrx_word' id='word_1_683' title='bbox 2810 3598 3047 3668; x_wconf 79' lang='grc' dir='ltr'>μάλιστα</span> <span class='ocrx_word' id='word_1_684' title='bbox 3083 3595 3286 3664; x_wconf 83' lang='grc' dir='ltr'>χαριεῖ,</span> <span class='ocrx_word' id='word_1_685' title='bbox 3337 3590 3431 3644; x_wconf 65' lang='grc' dir='ltr'>καὶ</span> <span class='ocrx_word' id='word_1_686' title='bbox 3477 3588 3712 3641; x_wconf 76' lang='grc' dir='ltr'>σεαυτὸν</span> <span class='ocrx_word' id='word_1_687' title='bbox 3775 3584 4005 3638; x_wconf 73' lang='grc' dir='ltr'>ἀπαλλά-</span> 
     </span>
    </p>
   </div>
   <div class='ocr_carea' id='block_1_97' title="bbox 2434 3677 4005 3762">
    <p class='ocr_par' dir='ltr' id='par_1_97' title="bbox 2434 3677 4005 3762">
     <span class='ocr_line' id='line_1_97' title="bbox 2434 3677 4005 3762; baseline -0.014 -16"><span class='ocrx_word' id='word_1_688' title='bbox 2434 3692 2545 3758; x_wconf 78' lang='grc' dir='ltr'>ξεις</span> <span class='ocrx_word' id='word_1_689' title='bbox 2577 3691 2859 3762; x_wconf 72' lang='grc' dir='ltr'>αἰσχύνης.</span> <span class='ocrx_word' id='word_1_690' title='bbox 2902 3688 2963 3741; x_wconf 80' lang='grc' dir='ltr'><strong>Εἰ</strong></span> <span class='ocrx_word' id='word_1_691' title='bbox 3017 3687 3075 3740; x_wconf 83' lang='grc' dir='ltr'><strong>δὲ</strong></span> <span class='ocrx_word' id='word_1_692' title='bbox 3122 3686 3218 3738; x_wconf 75' lang='grc' dir='ltr'><strong>καὶ</strong></span> <span class='ocrx_word' id='word_1_693' title='bbox 3269 3682 3558 3736; x_wconf 83' lang='grc' dir='ltr'>κολάσεσιν</span> <span class='ocrx_word' id='word_1_694' title='bbox 3611 3677 3793 3746; x_wconf 71' lang='grc' dir='ltr'>αὐτὴν</span> <span class='ocrx_word' id='word_1_695' title='bbox 3838 3691 4005 3742; x_wconf 77' lang='grc' dir='ltr'>παρα-</span> 
     </span>
    </p>
   </div>
   <div class='ocr_carea' id='block_1_98' title="bbox 2431 3767 4005 3850">
    <p class='ocr_par' dir='ltr' id='par_1_98' title="bbox 2431 3767 4005 3850">
     <span class='ocr_line' id='line_1_98' title="bbox 2431 3767 4005 3850; baseline -0.015 -11"><span class='ocrx_word' id='word_1_696' title='bbox 2431 3787 2630 3847; x_wconf 84' lang='grc' dir='ltr'>τείνεις</span> <span class='ocrx_word' id='word_1_697' title='bbox 2675 3784 2770 3836; x_wconf 76' lang='grc' dir='ltr'><strong>καὶ</strong></span> <span class='ocrx_word' id='word_1_698' title='bbox 2828 3777 3147 3850; x_wconf 80' lang='grc' dir='ltr'>τιμωρίαις,</span> <span class='ocrx_word' id='word_1_699' title='bbox 3197 3774 3454 3828; x_wconf 82' lang='grc' dir='ltr'>τοσοῦτον</span> <span class='ocrx_word' id='word_1_700' title='bbox 3503 3770 3668 3824; x_wconf 82' lang='grc' dir='ltr'>πλέον</span> <span class='ocrx_word' id='word_1_701' title='bbox 3741 3768 3864 3835; x_wconf 60' lang='grc' dir='ltr'>ὄψει</span> <span class='ocrx_word' id='word_1_702' title='bbox 3921 3767 4005 3816; x_wconf 73' lang='grc' dir='ltr'><strong>καὶ</strong></span> 
     </span>
    </p>
   </div>
   <div class='ocr_carea' id='block_1_99' title="bbox 2436 3864 4005 3949">
    <p class='ocr_par' dir='ltr' id='par_1_99' title="bbox 2436 3864 4005 3949">
     <span class='ocr_line' id='line_1_99' title="bbox 2436 3864 4005 3949; baseline -0.014 -18"><span class='ocrx_word' id='word_1_703' title='bbox 2436 3880 2582 3949; x_wconf 79' lang='grc' dir='ltr'>ἡμᾶς</span> <span class='ocrx_word' id='word_1_704' title='bbox 2657 3873 2752 3926; x_wconf 91' lang='grc' dir='ltr'><strong>τοῦ</strong></span> <span class='ocrx_word' id='word_1_705' title='bbox 2825 3872 2922 3924; x_wconf 85' lang='grc' dir='ltr'><strong>σοῦ</strong></span> <span class='ocrx_word' id='word_1_706' title='bbox 2994 3866 3478 3938; x_wconf 82' lang='grc' dir='ltr'>καταφρονοῦντας</span> <span class='ocrx_word' id='word_1_707' title='bbox 3559 3864 4005 3931; x_wconf 78' lang='grc' dir='ltr'>προστάγματος.</span> 
     </span>
    </p>
   </div>
   <div class='ocr_carea' id='block_1_100' title="bbox 2435 3952 4006 4037">
    <p class='ocr_par' dir='ltr' id='par_1_100' title="bbox 2435 3952 4006 4037">
     <span class='ocr_line' id='line_1_100' title="bbox 2435 3952 4006 4037; baseline -0.015 -15"><span class='ocrx_word' id='word_1_708' title='bbox 2435 3968 2709 4037; x_wconf 80' lang='grc' dir='ltr'>Αἰδοῦμαι</span> <span class='ocrx_word' id='word_1_709' title='bbox 2741 3965 2850 4035; x_wconf 78' lang='grc' dir='ltr'>γὰρ</span> <span class='ocrx_word' id='word_1_710' title='bbox 2875 3964 2924 4016; x_wconf 76' lang='grc' dir='ltr'>εἰ</span> <span class='ocrx_word' id='word_1_711' title='bbox 2955 3963 3031 4033; x_wconf 83' lang='grc' dir='ltr'>μή</span> <span class='ocrx_word' id='word_1_712' title='bbox 3056 3979 3110 4014; x_wconf 83' lang='grc' dir='ltr'><strong>τι</strong></span> <span class='ocrx_word' id='word_1_713' title='bbox 3133 3960 3343 4029; x_wconf 73' lang='grc' dir='ltr'>ἕτερον,</span> <span class='ocrx_word' id='word_1_714' title='bbox 3385 3956 3524 4010; x_wconf 84' lang='grc' dir='ltr'><strong>ἀλλά</strong></span> <span class='ocrx_word' id='word_1_715' title='bbox 3553 3955 3685 4017; x_wconf 71' lang='grc' dir='ltr'>τοὺς</span> <span class='ocrx_word' id='word_1_716' title='bbox 3719 3953 3830 4023; x_wconf 82' lang='grc' dir='ltr'><strong>πρὸ</strong></span> <span class='ocrx_word' id='word_1_717' title='bbox 3861 3952 4006 4019; x_wconf 70' lang='grc' dir='ltr'>ἡμῶν</span> 
     </span>
    </p>
   </div>
   <div class='ocr_carea' id='block_1_101' title="bbox 2437 4042 4009 4130">
    <p class='ocr_par' dir='ltr' id='par_1_101' title="bbox 2437 4042 4009 4130">
     <span class='ocr_line' id='line_1_101' title="bbox 2437 4042 4009 4130; baseline -0.015 -17"><span class='ocrx_word' id='word_1_718' title='bbox 2437 4060 2514 4129; x_wconf 79' lang='grc' dir='ltr'>τῷ</span> <span class='ocrx_word' id='word_1_719' title='bbox 2549 4057 2836 4130; x_wconf 79' lang='grc' dir='ltr'>μαρτυρίῳ</span> <span class='ocrx_word' id='word_1_720' title='bbox 2883 4051 3292 4114; x_wconf 76' lang='grc' dir='ltr'>τελειωθέντας,</span> <span class='ocrx_word' id='word_1_721' title='bbox 3330 4049 3425 4102; x_wconf 75' lang='grc' dir='ltr'>καὶ</span> <span class='ocrx_word' id='word_1_722' title='bbox 3459 4047 3556 4100; x_wconf 78' lang='grc' dir='ltr'><strong>σὺν</strong></span> <span class='ocrx_word' id='word_1_723' title='bbox 3591 4047 3728 4115; x_wconf 75' lang='grc' dir='ltr'>ἡμῖν</span> <span class='ocrx_word' id='word_1_724' title='bbox 3768 4043 3929 4096; x_wconf 75' lang='grc' dir='ltr'>πάλιν</span> <span class='ocrx_word' id='word_1_725' title='bbox 3959 4042 4009 4092; x_wconf 82' lang='grc' dir='ltr'><strong>τὸ</strong></span> 
     </span>
    </p>
   </div>
   <div class='ocr_carea' id='block_1_102' title="bbox 2438 4133 4009 4222">
    <p class='ocr_par' dir='ltr' id='par_1_102' title="bbox 2438 4133 4009 4222">
     <span class='ocr_line' id='line_1_102' title="bbox 2438 4133 4009 4222; baseline -0.014 -17"><span class='ocrx_word' id='word_1_726' title='bbox 2438 4151 2814 4222; x_wconf 84' lang='grc' dir='ltr'>δεσμωτήριον</span> <span class='ocrx_word' id='word_1_727' title='bbox 2861 4143 3292 4205; x_wconf 77' lang='grc' dir='ltr'>κατοικοῦνταςο</span> <span class='ocrx_word' id='word_1_728' title='bbox 3325 4141 3419 4192; x_wconf 80' lang='grc' dir='ltr'>καὶ</span> <span class='ocrx_word' id='word_1_729' title='bbox 3461 4137 3553 4191; x_wconf 83' lang='grc' dir='ltr'><strong>διὰ</strong></span> <span class='ocrx_word' id='word_1_730' title='bbox 3595 4137 3762 4189; x_wconf 83' lang='grc' dir='ltr'>τοῦτο</span> <span class='ocrx_word' id='word_1_731' title='bbox 3809 4133 4009 4186; x_wconf 75' lang='grc' dir='ltr'>σπεύδω</span> 
     </span>
    </p>
   </div>
   <div class='ocr_carea' id='block_1_103' title="bbox 2442 4228 4008 4314">
    <p class='ocr_par' dir='ltr' id='par_1_103' title="bbox 2442 4228 4008 4314">
     <span class='ocr_line' id='line_1_103' title="bbox 2442 4228 4008 4314; baseline -0.014 -17"><span class='ocrx_word' id='word_1_732' title='bbox 2442 4243 2518 4314; x_wconf 80' lang='grc' dir='ltr'>μὴ</span> <span class='ocrx_word' id='word_1_733' title='bbox 2563 4241 2821 4296; x_wconf 84' lang='grc' dir='ltr'>ἀπελθεῖν</span> <span class='ocrx_word' id='word_1_734' title='bbox 2872 4237 3289 4304; x_wconf 80' lang='grc' dir='ltr'>ἀστεφάνωτος,</span> <span class='ocrx_word' id='word_1_735' title='bbox 3337 4233 3470 4287; x_wconf 86' lang='grc' dir='ltr'><strong>ἀλλά</strong></span> <span class='ocrx_word' id='word_1_736' title='bbox 3517 4230 3630 4283; x_wconf 84' lang='grc' dir='ltr'>τῶν</span> <span class='ocrx_word' id='word_1_737' title='bbox 3689 4228 3914 4281; x_wconf 78' lang='grc' dir='ltr'>ἐκείνων</span> <span class='ocrx_word' id='word_1_738' title='bbox 3960 4242 4008 4274; x_wconf 69' lang='grc' dir='ltr'><strong>τε</strong></span> 
     </span>
    </p>
   </div>
   <div class='ocr_carea' id='block_1_104' title="bbox 2441 4317 4010 4406">
    <p class='ocr_par' dir='ltr' id='par_1_104' title="bbox 2441 4317 4010 4406">
     <span class='ocr_line' id='line_1_104' title="bbox 2441 4317 4010 4406; baseline -0.016 -18"><span class='ocrx_word' id='word_1_739' title='bbox 2441 4332 2589 4406; x_wconf 81' lang='grc' dir='ltr'>χορῷ</span> <span class='ocrx_word' id='word_1_740' title='bbox 2621 4328 3100 4401; x_wconf 79' lang='grc' dir='ltr'>συναριθμηθῆναι</span> <span class='ocrx_word' id='word_1_741' title='bbox 3159 4324 3255 4379; x_wconf 78' lang='grc' dir='ltr'>καὶ</span> <span class='ocrx_word' id='word_1_742' title='bbox 3289 4322 3505 4384; x_wconf 80' lang='grc' dir='ltr'>τούτοις</span> <span class='ocrx_word' id='word_1_743' title='bbox 3541 4319 3642 4391; x_wconf 78' lang='grc' dir='ltr'>τὴν</span> <span class='ocrx_word' id='word_1_744' title='bbox 3680 4317 4010 4385; x_wconf 67' lang='grc' dir='ltr'>ποθουμένην</span> 
     </span>
    </p>
   </div>
   <div class='ocr_carea' id='block_1_105' title="bbox 2440 4415 3442 4498">
    <p class='ocr_par' dir='ltr' id='par_1_105' title="bbox 2440 4415 3442 4498">
     <span class='ocr_line' id='line_1_105' title="bbox 2440 4415 3442 4498; baseline -0.013 -17"><span class='ocrx_word' id='word_1_745' title='bbox 2440 4426 2539 4498; x_wconf 76' lang='grc' dir='ltr'>τῆς</span> <span class='ocrx_word' id='word_1_746' title='bbox 2571 4422 2850 4494; x_wconf 84' lang='grc' dir='ltr'>ἀθλήσεως</span> <span class='ocrx_word' id='word_1_747' title='bbox 2885 4418 3161 4484; x_wconf 83' lang='grc' dir='ltr'>ὑποδεῖξαι</span> <span class='ocrx_word' id='word_1_748' title='bbox 3195 4415 3442 4486; x_wconf 78' lang='grc' dir='ltr'>πορείαν.</span> 
     </span>
    </p>
   </div>
   <div class='ocr_carea' id='block_1_106' title="bbox 2527 4681 4012 4760">
    <p class='ocr_par' dir='ltr' id='par_1_106' title="bbox 2527 4681 4012 4760">
     <span class='ocr_line' id='line_1_106' title="bbox 2527 4681 4012 4760; baseline -0.016 -10"><span class='ocrx_word' id='word_1_749' title='bbox 2527 4697 2609 4749; x_wconf 83' lang='lat' dir='ltr'><strong>H&#39;.</strong></span> <span class='ocrx_word' id='word_1_750' title='bbox 2663 4693 2848 4748; x_wconf 84' lang='grc' dir='ltr'>Ταῦτα</span> <span class='ocrx_word' id='word_1_751' title='bbox 2887 4693 2966 4755; x_wconf 79' lang='grc' dir='ltr'>εἰς</span> <span class='ocrx_word' id='word_1_752' title='bbox 3021 4687 3334 4760; x_wconf 78' lang='grc' dir='ltr'>ἀμηχανίαν</span> <span class='ocrx_word' id='word_1_753' title='bbox 3388 4683 3481 4737; x_wconf 79' lang='grc' dir='ltr'><strong>τὸν</strong></span> <span class='ocrx_word' id='word_1_754' title='bbox 3527 4681 3806 4751; x_wconf 81' lang='grc' dir='ltr'>τύραννον</span> <span class='ocrx_word' id='word_1_755' title='bbox 3871 4694 4012 4744; x_wconf 69' lang='grc' dir='ltr'>περι·</span> 
     </span>
    </p>
   </div>
   <div class='ocr_carea' id='block_1_107' title="bbox 2452 4768 4012 4859">
    <p class='ocr_par' dir='ltr' id='par_1_107' title="bbox 2452 4768 4012 4859">
     <span class='ocr_line' id='line_1_107' title="bbox 2452 4768 4012 4859; baseline -0.015 -17"><span class='ocrx_word' id='word_1_756' title='bbox 2452 4789 2655 4859; x_wconf 85' lang='grc' dir='ltr'>ίστησι,</span> <span class='ocrx_word' id='word_1_757' title='bbox 2694 4789 2788 4841; x_wconf 71' lang='grc' dir='ltr'>καὶ</span> <span class='ocrx_word' id='word_1_758' title='bbox 2817 4787 2877 4837; x_wconf 80' lang='grc' dir='ltr'><strong>τὸ</strong></span> <span class='ocrx_word' id='word_1_759' title='bbox 2926 4782 3134 4836; x_wconf 84' lang='grc' dir='ltr'>πείθειν</span> <span class='ocrx_word' id='word_1_760' title='bbox 3178 4779 3280 4832; x_wconf 76' lang='grc' dir='ltr'>οὐκ</span> <span class='ocrx_word' id='word_1_761' title='bbox 3338 4777 3498 4846; x_wconf 73' lang='grc' dir='ltr'>ἔχων,</span> <span class='ocrx_word' id='word_1_762' title='bbox 3563 4775 3660 4827; x_wconf 73' lang='grc' dir='ltr'>ἐπὶ</span> <span class='ocrx_word' id='word_1_763' title='bbox 3731 4773 3887 4838; x_wconf 78' lang='grc' dir='ltr'>ξύλου</span> <span class='ocrx_word' id='word_1_764' title='bbox 3932 4768 4012 4818; x_wconf 56' lang='lat' dir='ltr'><strong>sim</strong></span> 
     </span>
    </p>
   </div>
   <div class='ocr_carea' id='block_1_108' title="bbox 2447 4863 4009 4954">
    <p class='ocr_par' dir='ltr' id='par_1_108' title="bbox 2447 4863 4009 4954">
     <span class='ocr_line' id='line_1_108' title="bbox 2447 4863 4009 4954; baseline -0.017 -15"><span class='ocrx_word' id='word_1_765' title='bbox 2447 4883 2618 4954; x_wconf 78' lang='grc' dir='ltr'>ἄνδρα</span> <span class='ocrx_word' id='word_1_766' title='bbox 2666 4877 3008 4950; x_wconf 78' lang='grc' dir='ltr'>μετεωρίζει,</span> <span class='ocrx_word' id='word_1_767' title='bbox 3079 4873 3174 4927; x_wconf 76' lang='grc' dir='ltr'>καὶ</span> <span class='ocrx_word' id='word_1_768' title='bbox 3220 4869 3482 4934; x_wconf 80' lang='grc' dir='ltr'>διαξαίνει</span> <span class='ocrx_word' id='word_1_769' title='bbox 3541 4865 3793 4936; x_wconf 75' lang='grc' dir='ltr'>σιδηροῖς</span> <span class='ocrx_word' id='word_1_770' title='bbox 3861 4863 4009 4916; x_wconf 68' lang='grc' dir='ltr'>αὐτὸν</span> 
     </span>
    </p>
   </div>
   <div class='ocr_carea' id='block_1_109' title="bbox 2449 4957 4013 5043">
    <p class='ocr_par' dir='ltr' id='par_1_109' title="bbox 2449 4957 4013 5043">
     <span class='ocr_line' id='line_1_109' title="bbox 2449 4957 4013 5043; baseline -0.016 -12"><span class='ocrx_word' id='word_1_771' title='bbox 2449 4978 2652 5043; x_wconf 75' lang='grc' dir='ltr'>ὄνυξιν.</span> <span class='ocrx_word' id='word_1_772' title='bbox 2696 4975 2754 5025; x_wconf 85' lang='grc' dir='ltr'>Ὀ</span> <span class='ocrx_word' id='word_1_773' title='bbox 2802 4971 2858 5022; x_wconf 83' lang='grc' dir='ltr'>δὲ</span> <span class='ocrx_word' id='word_1_774' title='bbox 2901 4967 3158 5021; x_wconf 85' lang='grc' dir='ltr'>τοσοῦτον</span> <span class='ocrx_word' id='word_1_775' title='bbox 3210 4963 3397 5035; x_wconf 79' lang='grc' dir='ltr'>ἔχαιρε</span> <span class='ocrx_word' id='word_1_776' title='bbox 3435 4958 3640 5030; x_wconf 79' lang='grc' dir='ltr'>μᾶλλον</span> <span class='ocrx_word' id='word_1_777' title='bbox 3671 4961 3740 5028; x_wconf 81' lang='grc' dir='ltr'>τῇ</span> <span class='ocrx_word' id='word_1_778' title='bbox 3793 4957 4013 5026; x_wconf 48' lang='lat' dir='ltr'><strong>signa???</strong></span> 
     </span>
    </p>
   </div>
   <div class='ocr_carea' id='block_1_110' title="bbox 2448 5049 4007 5130">
    <p class='ocr_par' dir='ltr' id='par_1_110' title="bbox 2448 5049 4007 5130">
     <span class='ocr_line' id='line_1_110' title="bbox 2448 5049 4007 5130; baseline -0.015 -11"><span class='ocrx_word' id='word_1_779' title='bbox 2448 5067 2523 5129; x_wconf 84' lang='grc' dir='ltr'>ὡς</span> <span class='ocrx_word' id='word_1_780' title='bbox 2547 5065 2642 5117; x_wconf 68' lang='grc' dir='ltr'>καὶ</span> <span class='ocrx_word' id='word_1_781' title='bbox 2674 5059 3013 5130; x_wconf 71' lang='grc' dir='ltr'>μακαριστὸν</span> <span class='ocrx_word' id='word_1_782' title='bbox 3050 5053 3250 5108; x_wconf 66' lang='grc' dir='ltr'>ἑαυτὸν</span> <span class='ocrx_word' id='word_1_783' title='bbox 3272 5051 3480 5104; x_wconf 81' lang='grc' dir='ltr'>τιθέναι</span> <span class='ocrx_word' id='word_1_784' title='bbox 3512 5049 3615 5120; x_wconf 81' lang='grc' dir='ltr'>τῆς</span> <span class='ocrx_word' id='word_1_785' title='bbox 3645 5049 4007 5119; x_wconf 78' lang='grc' dir='ltr'>ἀναρτήσεως.</span> 
     </span>
    </p>
   </div>
   <div class='ocr_carea' id='block_1_111' title="bbox 2451 5139 4009 5216">
    <p class='ocr_par' dir='ltr' id='par_1_111' title="bbox 2451 5139 4009 5216">
     <span class='ocr_line' id='line_1_111' title="bbox 2451 5139 4009 5216; baseline -0.015 -7"><span class='ocrx_word' id='word_1_786' title='bbox 2451 5159 2534 5211; x_wconf 80' lang='grc' dir='ltr'><strong>ὅτι</strong></span> <span class='ocrx_word' id='word_1_787' title='bbox 2573 5151 2910 5207; x_wconf 82' lang='grc' dir='ltr'>δεσποτικῶν</span> <span class='ocrx_word' id='word_1_788' title='bbox 2955 5146 3297 5216; x_wconf 80' lang='grc' dir='ltr'>παθημάτων</span> <span class='ocrx_word' id='word_1_789' title='bbox 3349 5139 3597 5211; x_wconf 80' lang='grc' dir='ltr'>μιμητὴς</span> <span class='ocrx_word' id='word_1_790' title='bbox 3641 5141 4009 5192; x_wconf 74' lang='grc' dir='ltr'>ἀνεδείκνυτο·</span> 
     </span>
    </p>
   </div>
   <div class='ocr_carea' id='block_1_112' title="bbox 2453 5227 4014 5315">
    <p class='ocr_par' dir='ltr' id='par_1_112' title="bbox 2453 5227 4014 5315">
     <span class='ocr_line' id='line_1_112' title="bbox 2453 5227 4014 5315; baseline -0.016 -13"><span class='ocrx_word' id='word_1_791' title='bbox 2453 5249 2517 5303; x_wconf 85' lang='grc' dir='ltr'>Εί</span> <span class='ocrx_word' id='word_1_792' title='bbox 2548 5246 2654 5315; x_wconf 75' lang='grc' dir='ltr'>γὰρ</span> <span class='ocrx_word' id='word_1_793' title='bbox 2685 5246 2711 5296; x_wconf 84' lang='grc' dir='ltr'>ὁ</span> <span class='ocrx_word' id='word_1_794' title='bbox 2747 5241 2952 5311; x_wconf 79' lang='grc' dir='ltr'>Κύριος</span> <span class='ocrx_word' id='word_1_795' title='bbox 2994 5239 3152 5308; x_wconf 76' lang='grc' dir='ltr'>ἡμῶν</span> <span class='ocrx_word' id='word_1_796' title='bbox 3195 5233 3403 5304; x_wconf 74' lang='grc' dir='ltr'>Ἰησοῦς</span> <span class='ocrx_word' id='word_1_797' title='bbox 3452 5231 3718 5301; x_wconf 81' lang='grc' dir='ltr'>Χριστὸς,</span> <span class='ocrx_word' id='word_1_798' title='bbox 3761 5232 3928 5297; x_wconf 73' lang='grc' dir='ltr'>ἔλεγε,</span> <span class='ocrx_word' id='word_1_799' title='bbox 3957 5227 4014 5278; x_wconf 75' lang='grc' dir='ltr'>δι’</span> 
     </span>
    </p>
   </div>
   <div class='ocr_carea' id='block_1_113' title="bbox 2454 5319 4016 5412">
    <p class='ocr_par' dir='ltr' id='par_1_113' title="bbox 2454 5319 4016 5412">
     <span class='ocr_line' id='line_1_113' title="bbox 2454 5319 4016 5412; baseline -0.017 -18"><span class='ocrx_word' id='word_1_800' title='bbox 2454 5342 2602 5412; x_wconf 78' lang='grc' dir='ltr'>ἡμᾶς</span> <span class='ocrx_word' id='word_1_801' title='bbox 2655 5337 2750 5391; x_wconf 71' lang='grc' dir='ltr'><strong>καὶ</strong></span> <span class='ocrx_word' id='word_1_802' title='bbox 2793 5332 3016 5403; x_wconf 87' lang='grc' dir='ltr'>σταυρῴ</span> <span class='ocrx_word' id='word_1_803' title='bbox 3061 5328 3406 5401; x_wconf 82' lang='grc' dir='ltr'>προσήλωτο,</span> <span class='ocrx_word' id='word_1_804' title='bbox 3438 5324 3535 5378; x_wconf 75' lang='grc' dir='ltr'>καὶ</span> <span class='ocrx_word' id='word_1_805' title='bbox 3583 5324 3754 5394; x_wconf 79' lang='grc' dir='ltr'>χολὴν</span> <span class='ocrx_word' id='word_1_806' title='bbox 3792 5325 3885 5378; x_wconf 67' lang='grc' dir='ltr'>καὶ</span> <span class='ocrx_word' id='word_1_807' title='bbox 3912 5319 4016 5383; x_wconf 74' lang='grc' dir='ltr'>ὅξος</span> 
     </span>
    </p>
   </div>
   <div class='ocr_carea' id='block_1_114' title="bbox 2455 5413 4019 5500">
    <p class='ocr_par' dir='ltr' id='par_1_114' title="bbox 2455 5413 4019 5500">
     <span class='ocr_line' id='line_1_114' title="bbox 2455 5413 4019 5500; baseline -0.016 -15"><span class='ocrx_word' id='word_1_808' title='bbox 2455 5425 2920 5500; x_wconf 69' lang='grc' dir='ltr'>προσήκατο,καὶ</span> <span class='ocrx_word' id='word_1_809' title='bbox 2964 5423 3137 5493; x_wconf 80' lang='grc' dir='ltr'>λόγχῃ</span> <span class='ocrx_word' id='word_1_810' title='bbox 3198 5419 3296 5488; x_wconf 79' lang='grc' dir='ltr'><strong>τὴν</strong></span> <span class='ocrx_word' id='word_1_811' title='bbox 3348 5415 3592 5486; x_wconf 75' lang='grc' dir='ltr'>πλευρὰν</span> <span class='ocrx_word' id='word_1_812' title='bbox 3647 5417 3898 5476; x_wconf 84' lang='grc' dir='ltr'>νένυκτο,</span> <span class='ocrx_word' id='word_1_813' title='bbox 3939 5413 4019 5463; x_wconf 66' lang='grc' dir='ltr'><strong>καὶ</strong></span> 
     </span>
    </p>
   </div>
   <div class='ocr_carea' id='block_1_115' title="bbox 2455 5503 4018 5596">
    <p class='ocr_par' dir='ltr' id='par_1_115' title="bbox 2455 5503 4018 5596">
     <span class='ocr_line' id='line_1_115' title="bbox 2455 5503 4018 5596; baseline -0.015 -20"><span class='ocrx_word' id='word_1_814' title='bbox 2455 5525 2610 5596; x_wconf 66' lang='grc' dir='ltr'>ἣλοις</span> <span class='ocrx_word' id='word_1_815' title='bbox 2648 5519 2970 5587; x_wconf 75' lang='grc' dir='ltr'>διατέτρητο</span> <span class='ocrx_word' id='word_1_816' title='bbox 3002 5513 3102 5575; x_wconf 76' lang='grc' dir='ltr'>τὰς</span> <span class='ocrx_word' id='word_1_817' title='bbox 3134 5510 3428 5580; x_wconf 72' lang='grc' dir='ltr'>παλάμας*</span> <span class='ocrx_word' id='word_1_818' title='bbox 3456 5507 3576 5570; x_wconf 84' lang='grc' dir='ltr'><strong>πῶς</strong></span> <span class='ocrx_word' id='word_1_819' title='bbox 3599 5507 3664 5560; x_wconf 79' lang='grc' dir='ltr'><strong>οὐ</strong></span> <span class='ocrx_word' id='word_1_820' title='bbox 3704 5510 3811 5579; x_wconf 84' lang='grc' dir='ltr'>χρή</span> <span class='ocrx_word' id='word_1_821' title='bbox 3861 5523 3920 5576; x_wconf 86' lang='grc' dir='ltr'><strong>με</strong></span> <span class='ocrx_word' id='word_1_822' title='bbox 3947 5503 4018 5555; x_wconf 71' lang='grc' dir='ltr'>τὶν</span> 
     </span>
    </p>
   </div>
   <div class='ocr_carea' id='block_1_116' title="bbox 2458 5595 4021 5675">
    <p class='ocr_par' dir='ltr' id='par_1_116' title="bbox 2458 5595 4021 5675">
     <span class='ocr_line' id='line_1_116' title="bbox 2458 5595 4021 5675; baseline -0.013 -6"><span class='ocrx_word' id='word_1_823' title='bbox 2458 5615 2641 5672; x_wconf 83' lang='grc' dir='ltr'>δοῦλον</span> <span class='ocrx_word' id='word_1_824' title='bbox 2667 5611 2774 5664; x_wconf 85' lang='grc' dir='ltr'><strong>τῶν</strong></span> <span class='ocrx_word' id='word_1_825' title='bbox 2802 5607 2985 5661; x_wconf 71' lang='grc' dir='ltr'>αὐτῶν</span> <span class='ocrx_word' id='word_1_826' title='bbox 3009 5605 3086 5675; x_wconf 78' lang='grc' dir='ltr'>τῷ</span> <span class='ocrx_word' id='word_1_827' title='bbox 3113 5603 3357 5672; x_wconf 81' lang='grc' dir='ltr'>Δεσπότῃ</span> <span class='ocrx_word' id='word_1_828' title='bbox 3399 5598 3526 5670; x_wconf 76' lang='grc' dir='ltr'>μεθ’</span> <span class='ocrx_word' id='word_1_829' title='bbox 3563 5601 3775 5670; x_wconf 75' lang='grc' dir='ltr'>ἡδονῆς</span> <span class='ocrx_word' id='word_1_830' title='bbox 3795 5595 4021 5661; x_wconf 55' lang='grc' dir='ltr'>χοινωειιῆο</span> 
     </span>
    </p>
   </div>
   <div class='ocr_carea' id='block_1_117' title="bbox 2461 5688 4022 5775">
    <p class='ocr_par' dir='ltr' id='par_1_117' title="bbox 2461 5688 4022 5775">
     <span class='ocr_line' id='line_1_117' title="bbox 2461 5688 4022 5775; baseline -0.019 -13"><span class='ocrx_word' id='word_1_831' title='bbox 2461 5725 2586 5770; x_wconf 69' lang='lat' dir='ltr'><strong>out;</strong></span> <span class='ocrx_word' id='word_1_832' title='bbox 2624 5703 2841 5775; x_wconf 71' lang='grc' dir='ltr'>’Λμέλει</span> <span class='ocrx_word' id='word_1_833' title='bbox 2873 5701 2967 5754; x_wconf 75' lang='grc' dir='ltr'><strong>καὶ</strong></span> <span class='ocrx_word' id='word_1_834' title='bbox 2999 5699 3096 5769; x_wconf 82' lang='grc' dir='ltr'><strong>τὴν</strong></span> <span class='ocrx_word' id='word_1_835' title='bbox 3126 5697 3328 5765; x_wconf 80' lang='grc' dir='ltr'>λόγχην</span> <span class='ocrx_word' id='word_1_836' title='bbox 3377 5692 3588 5764; x_wconf 74' lang='grc' dir='ltr'>ἐζήτει,</span> <span class='ocrx_word' id='word_1_837' title='bbox 3629 5692 3736 5746; x_wconf 72' lang='grc' dir='ltr'><strong>καὶ</strong></span> <span class='ocrx_word' id='word_1_838' title='bbox 3767 5694 3867 5762; x_wconf 77' lang='grc' dir='ltr'>τῆς</span> <span class='ocrx_word' id='word_1_839' title='bbox 3892 5688 4022 5760; x_wconf 73' lang='grc' dir='ltr'>χολῆς</span> 
     </span>
    </p>
   </div>
   <div class='ocr_carea' id='block_1_118' title="bbox 2463 5784 4022 5861">
    <p class='ocr_par' dir='ltr' id='par_1_118' title="bbox 2463 5784 4022 5861">
     <span class='ocr_line' id='line_1_118' title="bbox 2463 5784 4022 5861; baseline -0.013 -7"><span class='ocrx_word' id='word_1_840' title='bbox 2463 5799 2746 5861; x_wconf 63' lang='grc' dir='ltr'>ἐπεθύμει,</span> <span class='ocrx_word' id='word_1_841' title='bbox 2795 5794 2915 5858; x_wconf 67' lang='grc' dir='ltr'>καὶ,</span> <span class='ocrx_word' id='word_1_842' title='bbox 2952 5789 3290 5853; x_wconf 76' lang='grc' dir='ltr'>ἰικέτωσαν,</span> <span class='ocrx_word' id='word_1_843' title='bbox 3320 5786 3500 5854; x_wconf 75' lang='grc' dir='ltr'>ἔλεγε,</span> <span class='ocrx_word' id='word_1_844' title='bbox 3525 5784 3597 5837; x_wconf 78' lang='grc' dir='ltr'>τὰ</span> <span class='ocrx_word' id='word_1_845' title='bbox 3638 5785 4022 5855; x_wconf 68' lang='grc' dir='ltr'>κολαφξσμιτσ.</span> 
     </span>
    </p>
   </div>
   <div class='ocr_carea' id='block_1_119' title="bbox 2462 5871 4024 5966">
    <p class='ocr_par' dir='ltr' id='par_1_119' title="bbox 2462 5871 4024 5966">
     <span class='ocr_line' id='line_1_119' title="bbox 2462 5871 4024 5966; baseline -0.019 -15"><span class='ocrx_word' id='word_1_846' title='bbox 2462 5898 2524 5950; x_wconf 74' lang='grc' dir='ltr'><strong>τὰ</strong></span> <span class='ocrx_word' id='word_1_847' title='bbox 2558 5889 2961 5966; x_wconf 70' lang='grc' dir='ltr'>ἐμπτύσμαιτα“</span> <span class='ocrx_word' id='word_1_848' title='bbox 3010 5889 3036 5942; x_wconf 83' lang='grc' dir='ltr'>ὁ</span> <span class='ocrx_word' id='word_1_849' title='bbox 3076 5882 3364 5946; x_wconf 82' lang='grc' dir='ltr'>ἀκάνθινος</span> <span class='ocrx_word' id='word_1_850' title='bbox 3403 5875 3750 5933; x_wconf 77' lang='grc' dir='ltr'>ὲπιτιθὲσθω</span> <span class='ocrx_word' id='word_1_851' title='bbox 3813 5893 3899 5950; x_wconf 81' lang='grc' dir='ltr'><strong>μοι</strong></span> <span class='ocrx_word' id='word_1_852' title='bbox 3933 5871 4024 5928; x_wconf 67' lang='lat' dir='ltr'><strong>azi-</strong></span> 
     </span>
    </p>
   </div>
  </div>
