4142 6506
198 461 335 528 1325
1328 459 1797 522 MARTYRIUM
1831 459 1886 520 S.
1935 455 2329 517 EPIMACHI.
3320 451 3456 513 1326

191 590 399 644 φανος·
447 575 843 647 ἑγχειριζίσθω
872 573 1141 646 κάλαμος.
1192 575 1256 628 Oi
1318 574 1632 644 ίμπαιγμοὶ
1685 572 1763 633 δὲ,
1796 591 1827 653 Α

1820 579 1947 652 λοι,
2001 568 2238 624 Veniant
2303 571 2357 624 in
2413 585 2499 624 me
2563 570 2753 639 alapae,
2807 567 3027 622 dicebat
3070 585 3084 620 :
3138 564 3456 636 injiciantur

191 667 346 735 φησὶ,
376 666 501 731 ποῦ,
537 666 643 721 ποῦ
666 667 734 720 τά
770 664 1138 735 ῥαπίσματα;
1168 666 1358 737 Μικρὰ
1402 667 1512 737 γάρ
1544 664 1671 735 ἐμοὶ
1700 664 1770 717 τὰ

1877 672 2077 733 sputa:
2135 663 2501 719 circumdctur
2555 672 2720 734 caput
2767 678 2949 718 meum
2997 677 3197 717 corona
3228 661 3454 728 spinea;

191 756 440 825 παρόντα
468 761 605 827 πρὸς
633 759 820 810 ἐκεῖνα
853 757 1105 826 βλέποντι
1136 758 1231 810 καὶ
1267 756 1444 820 οὕτως
1469 758 1769 826 ἐφιεμένῳ.

1879 755 2040 809 detur
2073 756 2129 809 in
2161 771 2354 809 manus
2375 766 2430 810 et
2461 756 2691 811 arundo.
2725 754 2955 815 Ubinam
3012 763 3137 807 sunt
3191 752 3455 805 dedecora

191 856 247 901 et
290 847 617 904 irrisiones?
649 848 741 902 ubi
787 849 990 918 alapae?
1031 846 1229 903 Omnia
1276 850 1423 905 enim
1474 846 1765 919 praesentia
1827 844 1940 901 lucc
1980 849 2112 903 mibi
2166 849 2230 902 ad
2270 849 2456 904 futura
2490 848 2577 902 illa
2610 848 2751 903 bona
2798 847 3090 918 spectanti.
3148 861 3319 914 eaque
3358 861 3458 911 ap-

194 940 419 1007 petenti,
454 938 713 992 videntur
744 953 906 1006 parva
937 936 1182 1006 quaedam
1206 952 1348 1002 esse,
1376 954 1439 992 ac
1466 954 1563 1008 pro
1588 932 1761 991 nihilo
1788 930 2055 990 facienda.

262 1028 338 1083 8'.
372 1029 473 1082 Διὰ
498 1030 655 1083 τοῦτο
679 1028 773 1082 καὶ
802 1029 1034 1098 βάσανος
1059 1029 1223 1099 ἑτέρα
1247 1030 1325 1098 τῷ
1356 1030 1563 1100 ἀθλητῇ
1597 1044 1769 1097 προσ-

1954 1028 2046 1082 IX.
2092 1029 2214 1085 llaec
2240 1045 2362 1083 cum
2391 1029 2599 1082 diceret
2622 1038 2840 1097 martyr,
2866 1027 3145 1097 prioribus
3169 1026 3440 1080 tormenti.

192 1122 337 1191 θήκη
379 1120 483 1189 τῆς
529 1120 910 1190 προλαὸούσης
955 1120 1220 1188 ἐπήγετο,
1256 1120 1351 1173 καὶ
1387 1120 1558 1182 λίθοις
1602 1118 1778 1183 ὀξέσιν

1877 1136 2015 1174 nova
2065 1121 2309 1189 quaedam
2361 1120 2779 1184 adjiciebantur,
2846 1128 2901 1172 et
2947 1119 3123 1172 acutis
3170 1116 3440 1183 lapidibus

192 1214 221 1265 δ
251 1214 500 1279 γενναῖος
546 1212 869 1281 ἑπλήττετο,
914 1212 1246 1281 πρόσταγμα
1277 1212 1333 1263 δὲ
1367 1212 1461 1264 τοῦ
1506 1212 1775 1280 τυράννου

1878 1226 2175 1281 generosus
2209 1212 2299 1265 ille
2335 1211 2559 1273 athleta,
2594 1210 2830 1279 tyranni,
2870 1211 2974 1265 hoc
3005 1218 3090 1264 est
3123 1209 3361 1262 crudelis
3393 1218 3448 1261 et

191 1303 377 1370 τοῦτο,
418 1305 514 1357 καὶ
547 1304 646 1373 τῆς
675 1301 921 1372 ἀπηνοῦς
977 1304 1158 1374 ψυχῆς
1186 1306 1405 1373 ἐκείνης
1456 1304 1551 1355 καὶ
1601 1304 1777 1357 διαιταν⁶

1878 1307 2189 1360 inltumante
2226 1319 2447 1373 prorsus
2477 1304 2671 1357 animae
2703 1303 2885 1369 jussu.
2914 1303 3235 1357 feriebatur.
3272 1300 3451 1357 Insta-

194 1396 439 1465 θρώπου.
478 1396 615 1459 Ἵνα,
650 1396 804 1463 φησὶ,
844 1396 1024 1449 πυκνά
1052 1397 1517 1469 διαθραττομένου
1547 1397 1638 1449 τοῦ
1675 1395 1778 1447 ad»

1876 1395 1971 1449 bat
2010 1398 2153 1449 enim
2186 1411 2249 1450 ac
2282 1394 2544 1465 urgebat:
2587 1392 2684 1453 Ita.
2718 1391 2992 1460 inquiens,
3028 1391 3304 1444 hominem
3336 1405 3456 1459 per-

198 1502 389 1556 ματος,
433 1487 626 1539 θᾶττον
673 1488 968 1557 ἀπορρήξῃ
1003 1488 1099 1540 καὶ
1130 1488 1230 1556 τὴν
1258 1488 1462 1556 ψυχήν.
1502 1485 1779 1555 Ἐλελὴθει

1880 1489 2074 1549 cutitc.
2107 1498 2167 1542 ut
2217 1489 2337 1556 ejus
2375 1500 2606 1554 corpore
2656 1484 2866 1538 crebris
2916 1484 3112 1537 ictibus
3156 1482 3451 1552 perfracto,

193 1580 249 1632 δὲ
278 1580 386 1649 ἄρα
413 1579 799 1650 λαμπρότερον
821 1580 984 1632 αὐτὸν
1006 1579 1398 1649 ἐργαζόμενος,
1426 1580 1521 1632 καὶ
1554 1580 1777 1631 πλείονα

1881 1581 2167 1634 celerrime
2197 1579 2431 1632 animam
2472 1578 2645 1645 ipsam
2682 1578 2992 1649 abrumpat.
3029 1574 3134 1629 Sed
3172 1590 3278 1627 non
3307 1575 3461 1627 vide-

193 1671 272 1739 τῷ
303 1672 541 1742 μάρτυρι
568 1670 843 1740 προξενῶν
870 1671 968 1741 τὴν
994 1672 1130 1740 πρὸς
1152 1671 1245 1724 τὸν
1274 1670 1411 1724 Θεὸν
1441 1671 1777 1743 παρρησίαν.

1881 1673 1976 1726 bat
2022 1681 2284 1741 tyrannus
2337 1670 2446 1732 ille,
2500 1676 2791 1737 martyrem
2861 1683 2923 1720 ea
2986 1682 3043 1719 re
3110 1665 3460 1719 illustriorem

212 1763 378 1815 Ἀλλὰ
425 1762 754 1832 προσεκτέον
786 1762 864 1831 τῷ
895 1762 1194 1831 διηγήματι
1220 1775 1233 1788 ·
1269 1762 1362 1815 καὶ
1392 1762 1501 1831 γάρ
1549 1762 1768 1831 ἐκδηλο-

1888 1764 2051 1824 elﬁci,
2090 1762 2463 1830 majoremque
2502 1761 2642 1828 apud
2685 1758 2854 1811 Deum
2894 1756 3146 1809 ﬁduciam
3183 1755 3285 1825 ipsi
3322 1770 3460 1807 eon-

195 1855 361 1924 τέρας
389 1855 489 1925 ήδη
516 1857 615 1922 τῆς
641 1856 865 1923 χάριτος
894 1853 1213 1915 ἀπολαύειν,
1236 1854 1461 1907 καὶτῶν
1487 1855 1781 1925 θαυμάτων
1813 1887 1831 1941 1

1827 1887 1856 1940 Β
1888 1856 2082 1914 ciliari.
2110 1853 2378 1907 Caeterum
2414 1863 2628 1913 cOrum,
2662 1866 2782 1919 qua:
2815 1849 3044 1902 dicenda
3080 1855 3231 1909 sunt,
3264 1863 3463 1900 narra-

207 1946 516 2017 Ἐπίμαχος
546 1946 802 2016 ἄρχεται.
1814 1939 1829 1941 ⁷

1888 1950 2091 2003 tionem
2147 1963 2461 2016 sequamur.
2530 1943 2799 2011 Deinceps
2850 1941 2994 1994 enim
3067 1941 3289 2009 planqu
3351 1939 3466 2002 ﬁet,

1884 2040 2348 2111 quemadmodum
2386 2034 2725 2106 Epimacbus
2755 2030 3189 2086 manifestiorem
3220 2030 3312 2085 Dei
3340 2046 3470 2101 gra-

1888 2132 2019 2185 tiam
2053 2143 2107 2185 et
2137 2131 2400 2184 miracula
2430 2138 2652 2182 secutus
2683 2134 2789 2180 est.

272 2210 329 2263 l'.
400 2208 459 2261 '0
516 2212 614 2280 μὲν
664 2210 909 2275 ὲξαίνετο
972 2210 1246 2281 μετέωρος
1295 2212 1388 2265 ἐπὶ
1451 2210 1632 2278 ξύλου,
1688 2214 1786 2268 καὶ

1959 2222 2025 2275 Χ.
2071 2221 2433 2275 Lacerabatur
2462 2219 2549 2271 ille
2571 2217 2791 2285 quidem
2827 2216 2881 2269 in
2909 2216 3079 2284 ligno,
3112 2225 3163 2267 et
3198 2213 3468 2280 lapidibus

198 2299 367 2362 λίθοις
395 2300 462 2353 τά
510 2302 644 2354 ὀστᾶ
674 2302 1054 2357 διακέκλαστο.
1093 2302 1242 2374 Κόρη
1283 2304 1340 2356 δέ
1369 2321 1453 2367 τις
1484 2305 1603 2358 ὲκετ
1640 2323 1784 2375 παρ-

1890 2315 2210 2373 l'ericbatur,
2246 2323 2305 2364 ut
2358 2310 2476 2377 ejus
2504 2323 2625 2362 ossa
2676 2309 2839 2361 etiam
2897 2307 3013 2377 ipsa
3063 2306 3466 2374 frangerentur.

198 2393 443 2462 ειστήκει
511 2392 677 2463 μέρος
744 2390 880 2448 οὖσα
926 2395 1021 2448 καὶ
1067 2395 1205 2465 αὑτὴ
1247 2395 1340 2449 τοῦ
1390 2396 1646 2464 θεάτρου,
1692 2397 1785 2449 τὸν

1890 2403 2072 2457 Puella
2100 2417 2228 2457 vero
2249 2401 2493 2471 quaedam
2524 2399 2633 2453 illic
2651 2398 2884 2462 astabat,
2918 2409 2973 2452 et
3001 2399 3115 2467 ipsa
3138 2414 3243 2450 una
3274 2413 3340 2451 ex
3377 2412 3472 2452 eo-

201 2483 391 2553 ἓτερον
444 2485 825 2557 πεπηρωμένη
885 2486 995 2539 τῶν
1050 2485 1365 2555 ὀφθαλμῶν.
1421 2485 1640 2556 Ταύτης
1691 2483 1787 2540 οὖν

1889 2512 2008 2550 rum
2041 2510 2293 2556 numero,
2342 2494 2435 2563 qui
2484 2492 2801 2561 spectaculo
2831 2492 3082 2544 aderant.
3120 2491 3250 2543 Erat
3284 2498 3468 2543 autem

206 2574 423 2637 ἀτενῶς
485 2576 622 2643 πρὸς
677 2578 885 2628 ἐκεῖνον
937 2575 1175 2646 ὁρώσης,
1227 2578 1321 2629 καὶ
1374 2578 1474 2641 τὰς
1537 2578 1788 2648 χαλεπὰς

1891 2588 2047 2642 oculo
2075 2588 2247 2640 altero
2285 2595 2578 2640 excaecata.
2636 2584 2731 2636 Illa
2764 2598 2888 2637 cum
2939 2581 3005 2633 ad
3046 2590 3336 2649 martyrem
3388 2579 3472 2631 in-

206 2666 425 2728 ὲκείνας
464 2665 719 2728 κολάσεις
748 2667 982 2739 ὀδυρμδν
1017 2669 1372 2739 ποιουμένης,
1409 2671 1573 2739 μέρος
1598 2687 1648 2722 τι
1675 2671 1785 2722 τῶν

1893 2689 2041 2732 tenta
2077 2685 2243 2739 esset,
2286 2687 2339 2730 et
2371 2676 2723 2744 gravissimos
2751 2676 2870 2744 ejus
2908 2673 3185 2727 cruciatus
3217 2672 3474 2724 lamenta-

207 2756 302 2809 τοῦ
371 2759 654 2827 μάρτυρος
703 2759 925 2829 σαρκῶν
977 2758 1193 2812 ἐκεῖθεν
1256 2762 1613 2814 ἀποσπασθὲν
1692 2762 1786 2814 καὶ

1891 2782 2058 2830 retur,
2086 2785 2210 2839 pars
2236 2769 2481 2838 quedam
2516 2782 2545 2821 e
2586 2769 2842 2837 martyris
2878 2765 3139 2817 carnibus
3166 2769 3472 2826 abstracta,

206 2849 447 2918 διαέριόν
478 2867 593 2912 πως
622 2850 949 2920 φερόμενον,
983 2852 1283 2917 ἀποστάζει
1312 2851 1410 2905 τοῦ
1442 2854 1672 2922 αἵματος
1709 2856 1788 2915 είς

1890 2872 1942 2917 et
1972 2879 2067 2931 per
2100 2877 2283 2915 aerem
2312 2860 2542 2929 perlata.
2579 2859 2634 2911 in
2672 2858 2817 2917 illius
2860 2856 3056 2926 puellae
3087 2855 3305 2910 oculum
3338 2869 3466 2908 san-

207 2942 302 2993 τδν
342 2942 654 3012 ὀφθαλμόνο
682 2944 779 2996 καὶ
829 2946 857 2997 ὁ
906 2944 1217 3014 σταλαγμὸς
1238 2946 1440 2998 αὐτίκα
1484 2949 1679 3014 παγεὶς
1722 2948 1788 3015 (ὦ

1891 2952 2067 3020 guinis
2097 2961 2301 3021 guttam
2332 2947 2636 3010 instillavit,
2673 2964 2792 3016 quae
2830 2947 3048 3015 quidem
3074 2946 3128 3013 (ο
3158 2944 3475 2998 miraculum

210 3031 500 3100 θαύματος
561 3034 886 3088 ἀνεικάστου
925 3036 938 3088 ι
978 3036 1023 3088 ὣ
1092 3036 1274 3090 πάντα
1331 3035 1492 3103 λόγον
1548 3038 1786 3109 νικώσης

1889 3042 2185 3113 singulare,
2221 3057 2253 3095 ο
2283 3038 2374 3094 Dei
2404 3040 2804 3109 benignitatem
2839 3036 2995 3092 omni
3021 3037 3275 3090 oratione
3309 3036 3480 3104 majo-

206 3123 668 3193 φιλανθρωπίας),
723 3125 839 3191 φῶς
890 3124 1101 3193 γίνεται
1138 3126 1332 3198 ταύτῃ,
1373 3129 1470 3180 καὶ
1511 3128 1638 3197 ύγιῆ
1695 3128 1783 3181 τδν

1889 3133 2027 3201 rem)
2065 3133 2118 3185 in
2149 3132 2333 3185 lumen
2364 3131 2549 3184 statim
2587 3146 2850 3186 conversa
2882 3138 2988 3193 est,
3037 3137 3090 3182 et
3118 3128 3313 3197 puella:
3341 3143 3474 3181 ocu—

204 3215 489 3283 ὀφθαλμὸν
521 3217 873 3272 ἀποδίδωσιν.
920 3216 1082 3269 Ἀλλά
1107 3217 1268 3270 τοῦτο
1295 3216 1392 3287 μὲν
1420 3218 1484 3287 δὴ
1508 3218 1785 3287 πάρεργον
1812 3213 1840 3270 ε

1840 3214 1855 3268 Ξ
1888 3219 1999 3273 lum
2034 3235 2227 3273 sanum
2265 3219 2465 3273 cl'l'ecit.
2495 3217 2610 3271 Hoc
2643 3218 2924 3286 Epimaclti
2950 3216 3206 3285 martyris
3237 3215 3476 3268 miracu-

217 3305 510 3378 Ἐπιμάχῳ
573 3306 668 3360 τοῦ
729 3309 1058 3379 μαρτυρίου,
1105 3311 1196 3362 καὶ
1237 3309 1409 3370 οὕτως
1471 3311 1638 3363 αὑτοῦ
1696 3312 1790 3362 καὶ

1896 3311 2008 3365 lum
2052 3309 2205 3379 quasi
2238 3318 2693 3378 pertranseuntes
2749 3307 3009 3368 diximus,
3056 3316 3114 3359 ut
3150 3306 3468 3359 ostendere-

210 3398 364 3466 ῥανὶς
387 3398 621 3466 αἵματος
658 3398 795 3467 μόνη
838 3398 1109 3468 τοσαύτην
1141 3397 1366 3451 δύναται
1400 3398 1665 3469 παρέχειν
1692 3399 1790 3469 τὴν

1899 3416 2020 3454 mus
2063 3411 2225 3453 unam
2258 3400 2378 3468 ejus
2428 3399 2531 3451 viri
2561 3398 2846 3467 sanguinis
2884 3406 3091 3467 guttam
3132 3397 3319 3452 subito
3357 3407 3480 3453 tan-

207 3487 530 3553 θεραπείαν.

1897 3501 2007 3547 tam
2035 3492 2374 3546 curationem
2398 3490 2596 3544 all‘erre.
2634 3490 2903 3560 potuisse.

284 3577 395 3633 lA’.
442 3578 595 3629 Ἐπεὶ
620 3579 676 3630 δὲ
705 3576 932 3645 ἀκλινὴς
961 3576 1169 3640 ἐκεῖνος
1192 3576 1371 3647 ὡρᾶτο
1388 3580 1483 3631 καὶ
1515 3582 1613 3647 τὴν
1640 3580 1794 3631 εὐσέ-

1966 3582 2065 3632 Xl.
2105 3581 2242 3635 Cum
2298 3597 2427 3635 vero
2459 3590 2666 3649 martyr
2721 3583 2772 3634 in
2824 3582 3098 3635 diversam
3149 3580 3481 3634 sententiam

209 3665 372 3719 δειαν
422 3665 759 3734 ἀμετάθετος
802 3668 836 3735 ὴ
872 3666 1157 3719 τελευταία
1215 3665 1337 3719 κατ’
1384 3666 1550 3719 αὐτοῦ
1594 3668 1793 3720 δίδοται

1898 3670 2041 3725 ﬁecti
2068 3686 2177 3724 non
2213 3680 2416 3738 posset.
2451 3681 2506 3723 et
2537 3673 2630 3723 Dei
2661 3673 2980 3740 religionem
3018 3687 3355 3740 nequaquam
3386 3687 3484 3725 ne-

210 3758 416 3826 ψῆφος,
440 3760 534 3809 καὶ
565 3758 711 3825 ξίφει
738 3760 837 3829 τὴν
869 3759 1022 3833 ίεράν
1050 3759 1268 3829 ἑκείνην
1306 3758 1335 3810 ὁ
1377 3759 1587 3829 μάρτυς
1626 3778 1798 3828 κεφα-

1898 3780 2029 3835 gare
2057 3762 2240 3824 vellet,
2275 3761 2466 3814 ultima
2499 3760 2553 3813 iu
2592 3776 2716 3814 cum
2742 3762 3016 3815 sententia
3051 3762 3155 3814 lata
3185 3772 3287 3822 est,
3317 3774 3371 3815 et
3396 3780 3484 3818 sa-

211 3850 313 3920 λὴν
337 3851 656 3921 ἀφαιρεῖται
682 3865 698 3881 ⁶
734 3849 794 3901 τὸ
841 3849 1026 3917 μέντοι
1061 3849 1221 3919 σῶμα
1264 3850 1459 3904 τούτου
1508 3852 1568 3903 τὸ
1615 3851 1796 3918 τίμιον

1898 3870 2052 3908 crum
2093 3853 2223 3905 illud
2258 3854 2513 3920 martyris
2553 3861 2722 3918 caput
2755 3852 2932 3904 securi
2980 3867 3304 3920 percussum
3342 3852 3482 3906 fuit:

214 3939 429 3992 πιστῶν
462 3940 651 4009 χερσὶν
678 3937 842 4000 ὁσίως
876 3938 1226 4006 περισταλὲν,
1261 3940 1385 3992 ἐκεῖ
1415 3938 1794 4003 κατατίθεται,

1899 3954 1953 3999 et
1983 3946 2101 4015 ejus
2135 3943 2351 4012 quidem
2400 3940 2771 3994 venerandum
2817 3954 3037 4010 corpus,
3090 3941 3331 3995 ﬁdelium
3390 3943 3488 3995 lto-

213 4032 351 4084 ὅπου
379 4033 474 4084 καὶ
494 4030 595 4099 τὴν
628 4028 976 4100 μαρτυρικὴν
1004 4030 1215 4100 ὑπέστη
1247 4030 1552 4084 τελείωσιν.
1586 4032 1795 4083 Τούτου

1901 4036 2109 4089 minum
2149 4034 2400 4087 manibus
2424 4031 2677 4102 religiose
2723 4042 3001 4095 curatum,
3057 4032 3166 4085 illic
3202 4032 3482 4087 conditum

213 4123 317 4190 τὴν
367 4121 671 4191 μαρτυρίαν
715 4118 994 4189 ἐθαύμασε
1047 4119 1145 4188 μὲν
1197 4120 1346 4172 καὶό
1375 4121 1485 4172 τῶν
1547 4121 1799 4186 Ἀλεξαν-

1900 4136 2005 4187 est.
2056 4125 2145 4178 ubi
2202 4133 2256 4177 et
2312 4123 2556 4194 martyrii
2612 4123 2878 4177 sustinuit
2925 4126 3484 4178 consummationem.

215 4214 392 4283 ὁρέων
414 4213 604 4283 δῆμος,
638 4213 734 4266 καὶ
764 4215 880 4266 ὅσοι
928 4213 1029 4282 τῆς
1061 4216 1361 4283 προσοίκου
1407 4215 1685 4282 Αἰγύπτου
1729 4214 1798 4268 τὰ

1904 4218 2033 4287 Ejus
2068 4218 2168 4272 viri
2200 4226 2478 4271 certamen
2526 4230 2636 4269 non
2685 4215 3090 4269 Alexandrinus
3131 4224 3341 4268 tantum
3387 4232 3486 4284 po-

219 4304 456 4357 πιότατα
503 4303 783 4373 νέμονται.
831 4308 1213 4375 κατεκόσμησε
1250 4306 1304 4357 δὲ
1343 4306 1437 4358 καὶ
1463 4306 1801 4370 αὑτὸς-ἀνω-

1902 4320 2080 4380 putus,
2111 4308 2312 4378 quique
2343 4307 2602 4361 ﬁnitimas
2635 4321 2698 4361 ac
2731 4305 3100 4360 feracissimas
3135 4304 3348 4375 [Egypti
3381 4322 3479 4359 re—

218 4393 314 4446 θεν
342 4393 503 4446 αὑτὸν
535 4394 822 4462 στεφάνοις
845 4396 1121 4465 λαμπροῖς
1167 4399 1193 4449 ὁ
1216 4396 1611 4467 Ἀγωνοθέτης,
1644 4396 1710 4449 δι’
1742 4400 1800 4449 εν

1902 4402 2092 4469 giones
2124 4399 2329 4461 colunt,
2360 4398 2517 4451 valde
2548 4397 2803 4451 admirati
2837 4412 2899 4449 ac
2932 4396 3154 4451 reveriti
3188 4404 3318 4450 sunt
3346 4413 3361 4450 :
3394 4395 3487 4450 sed

215 4503 278 4540 τε
326 4488 521 4543 παθεῖν
554 4488 756 4551 εἵλετο,
792 4489 886 4542 καὶ
920 4482 981 4542 οὗ
1046 4490 1289 4561 μιμητὴς
1342 4490 1498 4560 ὲδίψα
1546 4491 1799 4558 γενέσθαι
1832 4536 1851 4592 ι

1850 4491 2037 4592 )illud
2097 4490 2333 4543 mundus
2378 4503 2528 4541 nunc
2572 4487 2815 4555 celebrat
2864 4490 3174 4542 universus.
3224 4486 3486 4540 Eumdem

216 4580 330 4634 τῶν
355 4583 737 4652 παθημάτων
793 4576 838 4649 ᾧ
888 4581 1087 4650 πρέπει
1137 4584 1290 4635 πᾶσα
1320 4582 1471 4647 δόξα,
1528 4584 1662 4651 τιμὴ
1706 4585 1800 4635 καὶ
1834 4576 1852 4592 “

1852 4576 1875 4592 ’
1907 4597 2123 4651 quoque
2152 4580 2510 4635 certaminum
2542 4588 2739 4635 auctor
2780 4590 2833 4633 et
2875 4579 3043 4647 judex
3079 4576 3224 4631 Deus
3272 4593 3303 4632 e
3348 4578 3488 4630 cmlo

218 4675 613 4745 προσκύνησις,
654 4675 751 4729 νῦν
780 4676 874 4728 καὶ
914 4675 1001 4727 ἀεὶ
1037 4675 1133 4726 καὶ
1163 4675 1243 4737 είς
1284 4675 1411 4737 τοὺς
1453 4675 1655 4739 αίῶνας
1691 4675 1800 4728 τῶν

1909 4673 2103 4728 illustri
2136 4686 2338 4726 corona
2385 4669 2631 4732 donavit.
2682 4681 2910 4740 propter
2959 4685 3121 4738 quem
3157 4668 3488 4738 Epimacltus

217 4767 457 4822 αἰώνων.
490 4769 683 4840 Ἀμήν.

1905 4766 2181 4821 cruciatus
2221 4777 2411 4817 omnes
2452 4776 2743 4830 perpessus
2792 4770 2896 4820 est,
2950 4762 3182 4829 ejusque
3239 4760 3490 4813 imitatur

221 4872 345 4912 esse
382 4858 434 4910 in
466 4860 750 4914 tormentis
782 4858 1123 4930 perferendis
1167 4862 1401 4912 maxime
1429 4859 1741 4929 concupivit
1781 4876 1844 4915 ac
1882 4859 2113 4914 studuit.
2146 4858 2253 4927 Ipsi
2289 4856 2533 4912 Creatori
2581 4867 2635 4910 et
2673 4855 2961 4919 Salvatori,
3001 4853 3229 4907 Domino
3264 4866 3325 4903 ac
3377 4851 3488 4903 Deo

226 4964 419 5007 nostro
460 4954 531 5008 sit
588 4954 781 5025 gloria,
842 4952 1017 5006 honor
1074 4960 1131 5007 et
1190 4953 1435 5007 adoratio
1487 4969 1611 5009 cum
1666 4954 1825 5009 Patre
1874 4953 2129 5025 principii
2210 4951 2440 5022 ﬁnisque
2501 4960 2747 5021 experte,
2816 4959 2871 5004 et
2932 4948 3278 5003 sanctissimo
3325 4955 3489 5015 atque

227 5048 540 5103 viviticante
571 5047 798 5118 Spiritu,
832 5064 952 5117 qua:
976 5057 1060 5102 est
1095 5063 1201 5102 una
1256 5048 1512 5103 divinitas
1558 5052 1608 5104 in
1639 5050 1832 5120 aequali
1868 5061 1922 5106 et
1957 5049 2234 5104 individua
2264 5048 2554 5113 'l'rinitate,
2582 5047 2743 5101 vitam
2790 5045 3043 5116 praebens
3072 5043 3219 5101 omni
3243 5039 3492 5112 spiritui,

229 5146 284 5190 et
320 5151 551 5207 regnans
583 5153 733 5193 nunc
768 5146 824 5193 et
854 5152 1092 5208 semper,
1124 5147 1180 5192 et
1220 5138 1277 5192 in
1323 5140 1517 5194 saecula
1568 5140 1917 5196 saeculorum.
1952 5140 2148 5194 Amen.
