  <div class='ocr_page' id='page_1' title='image "/cluster/home/n/w/nwhite01/storage/ocr_20150623/115:no.2/coo.31924054870195/014.png"; bbox 0 0 4108 6432; ppageno 0'>
   <div class='ocr_carea' id='block_1_1' title="bbox 321 413 394 479">
    <p class='ocr_par' dir='ltr' id='par_1_1' title="bbox 321 413 394 479">
     <span class='ocr_line' id='line_1_1' title="bbox 321 413 394 479; baseline -0.041 0"><span class='ocrx_word' id='word_1_1' title='bbox 321 413 394 479; x_wconf 73' lang='lat' dir='ltr'><strong>l3</strong></span> 
     </span>
    </p>
   </div>
   <div class='ocr_carea' id='block_1_2' title="bbox 1540 405 3630 485">
    <p class='ocr_par' dir='ltr' id='par_1_2' title="bbox 1540 405 3630 485">
     <span class='ocr_line' id='line_1_2' title="bbox 1540 405 3630 485; baseline 0.002 -4"><span class='ocrx_word' id='word_1_2' title='bbox 1540 422 1720 481; x_wconf 81' lang='lat' dir='ltr'><strong>V&#39;lTA</strong></span> <span class='ocrx_word' id='word_1_3' title='bbox 1762 422 1823 479; x_wconf 89' lang='lat' dir='ltr'><strong>s.</strong></span> <span class='ocrx_word' id='word_1_4' title='bbox 1866 405 2388 480; x_wconf 73' lang='lat' dir='ltr'><strong>THEOPIIANIS.</strong></span> <span class='ocrx_word' id='word_1_5' title='bbox 3563 418 3630 485; x_wconf 86' lang='lat' dir='ltr'><strong>tt</strong></span> 
     </span>
    </p>
   </div>
   <div class='ocr_carea' id='block_1_3' title="bbox 265 531 1948 615">
    <p class='ocr_par' dir='ltr' id='par_1_3' title="bbox 265 533 1946 607">
     <span class='ocr_line' id='line_1_3' title="bbox 265 533 1946 607; baseline 0.001 -20"><span class='ocrx_word' id='word_1_6' title='bbox 265 550 273 565; x_wconf 71' lang='lat'><strong>&#39;</strong></span> <span class='ocrx_word' id='word_1_7' title='bbox 324 535 639 603; x_wconf 80' lang='grc' dir='ltr'>ὁμωνυμος</span> <span class='ocrx_word' id='word_1_8' title='bbox 679 533 861 605; x_wconf 75' lang='grc' dir='ltr'>αὐτῷ,</span> <span class='ocrx_word' id='word_1_9' title='bbox 913 535 1058 590; x_wconf 80' lang='grc' dir='ltr'>πάνυ</span> <span class='ocrx_word' id='word_1_10' title='bbox 1097 534 1374 605; x_wconf 78' lang='grc' dir='ltr'>βάρϐαρος</span> <span class='ocrx_word' id='word_1_11' title='bbox 1411 536 1505 589; x_wconf 76' lang='grc' dir='ltr'>καὶ</span> <span class='ocrx_word' id='word_1_12' title='bbox 1541 535 1823 607; x_wconf 61' lang='grc' dir='ltr'>,θηριώδης</span> <span class='ocrx_word' id='word_1_13' title='bbox 1852 537 1946 589; x_wconf 78' lang='grc' dir='ltr'>τὸν</span> 
     </span>
    </p>
   </div>
   <div class='ocr_carea' id='block_1_4' title="bbox 2051 531 3628 615">
    <p class='ocr_par' dir='ltr' id='par_1_4' title="bbox 2051 531 3628 615">
     <span class='ocr_line' id='line_1_4' title="bbox 2051 531 3628 615; baseline 0 -25"><span class='ocrx_word' id='word_1_14' title='bbox 2051 535 2214 590; x_wconf 81' lang='lat' dir='ltr'><strong>minis</strong></span> <span class='ocrx_word' id='word_1_15' title='bbox 2243 533 2364 599; x_wconf 74' lang='lat' dir='ltr'><strong>fuit,</strong></span> <span class='ocrx_word' id='word_1_16' title='bbox 2394 531 2660 589; x_wconf 85' lang='lat' dir='ltr'><strong>barbarus</strong></span> <span class='ocrx_word' id='word_1_17' title='bbox 2687 532 2911 589; x_wconf 81' lang='lat' dir='ltr'><strong>omnino</strong></span> <span class='ocrx_word' id='word_1_18' title='bbox 2945 540 3108 604; x_wconf 82' lang='lat' dir='ltr'><strong>alque</strong></span> <span class='ocrx_word' id='word_1_19' title='bbox 3147 533 3329 591; x_wconf 76' lang='lat' dir='ltr'><strong>eﬂeris</strong></span> <span class='ocrx_word' id='word_1_20' title='bbox 3362 534 3628 615; x_wconf 78' lang='lat' dir='ltr'><strong>moribus.</strong></span> 
     </span>
    </p>
   </div>
   <div class='ocr_carea' id='block_1_5' title="bbox 328 623 1943 699">
    <p class='ocr_par' dir='ltr' id='par_1_5' title="bbox 328 623 1943 699">
     <span class='ocr_line' id='line_1_5' title="bbox 328 623 1943 699; baseline 0.004 -24"><span class='ocrx_word' id='word_1_21' title='bbox 328 623 561 693; x_wconf 78' lang='grc' dir='ltr'>τρόπον,</span> <span class='ocrx_word' id='word_1_22' title='bbox 594 624 700 677; x_wconf 77' lang='grc' dir='ltr'>καὶ</span> <span class='ocrx_word' id='word_1_23' title='bbox 726 623 825 678; x_wconf 84' lang='grc' dir='ltr'><strong>τοῦ</strong></span> <span class='ocrx_word' id='word_1_24' title='bbox 859 624 965 695; x_wconf 81' lang='grc' dir='ltr'><strong>τῆς</strong></span> <span class='ocrx_word' id='word_1_25' title='bbox 1002 625 1270 695; x_wconf 76' lang='grc' dir='ltr'>αἱρέσεως</span> <span class='ocrx_word' id='word_1_26' title='bbox 1296 627 1541 699; x_wconf 76' lang='grc' dir='ltr'><strong>σμήνους</strong></span> <span class='ocrx_word' id='word_1_27' title='bbox 1583 625 1856 697; x_wconf 80' lang='grc' dir='ltr'>σύμφρων</span> <span class='ocrx_word' id='word_1_28' title='bbox 1885 643 1943 681; x_wconf 81' lang='grc' dir='ltr'><strong>τε</strong></span> 
     </span>
    </p>
   </div>
   <div class='ocr_carea' id='block_1_6' title="bbox 329 715 1944 790">
    <p class='ocr_par' dir='ltr' id='par_1_6' title="bbox 329 715 1944 790">
     <span class='ocr_line' id='line_1_6' title="bbox 329 715 1944 790; baseline 0.001 -22"><span class='ocrx_word' id='word_1_29' title='bbox 329 718 427 768; x_wconf 73' lang='grc' dir='ltr'>καὶ</span> <span class='ocrx_word' id='word_1_30' title='bbox 474 715 877 789; x_wconf 73' lang='grc' dir='ltr'>ἀντιλήπτωρ·</span> <span class='ocrx_word' id='word_1_31' title='bbox 922 716 984 780; x_wconf 80' lang='grc' dir='ltr'>ὃς</span> <span class='ocrx_word' id='word_1_32' title='bbox 1030 717 1121 771; x_wconf 76' lang='grc' dir='ltr'><strong>διὰ</strong></span> <span class='ocrx_word' id='word_1_33' title='bbox 1169 719 1269 788; x_wconf 78' lang='grc' dir='ltr'>τὴν</span> <span class='ocrx_word' id='word_1_34' title='bbox 1306 717 1569 790; x_wconf 77' lang='grc' dir='ltr'><strong>τοιαύτην</strong></span> <span class='ocrx_word' id='word_1_35' title='bbox 1619 719 1944 773; x_wconf 74' lang='grc' dir='ltr'>δυσσέϐειαν</span> 
     </span>
    </p>
   </div>
   <div class='ocr_carea' id='block_1_7' title="bbox 332 807 1945 882">
    <p class='ocr_par' dir='ltr' id='par_1_7' title="bbox 332 807 1945 882">
     <span class='ocr_line' id='line_1_7' title="bbox 332 807 1945 882; baseline 0.005 -25"><span class='ocrx_word' id='word_1_36' title='bbox 332 807 728 879; x_wconf 70' lang='grc' dir='ltr'>ὁμοτράπεζος</span> <span class='ocrx_word' id='word_1_37' title='bbox 777 807 859 878; x_wconf 81' lang='grc' dir='ltr'><strong>τῷ</strong></span> <span class='ocrx_word' id='word_1_38' title='bbox 911 809 1126 879; x_wconf 86' lang='grc' dir='ltr'>βασιλεί</span> <span class='ocrx_word' id='word_1_39' title='bbox 1177 809 1528 882; x_wconf 79' lang='grc' dir='ltr'>καθεκάστην</span> <span class='ocrx_word' id='word_1_40' title='bbox 1587 812 1802 882; x_wconf 82' lang='grc' dir='ltr'>ὑπῆρχε</span> <span class='ocrx_word' id='word_1_41' title='bbox 1851 812 1945 865; x_wconf 80' lang='grc' dir='ltr'>καὶ</span> 
     </span>
    </p>
   </div>
   <div class='ocr_carea' id='block_1_8' title="bbox 336 897 1946 975">
    <p class='ocr_par' dir='ltr' id='par_1_8' title="bbox 336 897 1946 975">
     <span class='ocr_line' id='line_1_8' title="bbox 336 897 1946 975; baseline 0.004 -26"><span class='ocrx_word' id='word_1_42' title='bbox 336 897 491 965; x_wconf 53' lang='lat' dir='ltr'><strong>ei)»;</strong></span> <span class='ocrx_word' id='word_1_43' title='bbox 529 899 868 970; x_wconf 81' lang='grc' dir='ltr'>περιδέξιος.</span> <span class='ocrx_word' id='word_1_44' title='bbox 896 901 1011 955; x_wconf 74' lang='grc' dir='ltr'>Καὶ</span> <span class='ocrx_word' id='word_1_45' title='bbox 1047 903 1112 975; x_wconf 82' lang='grc' dir='ltr'>δὴ</span> <span class='ocrx_word' id='word_1_46' title='bbox 1147 900 1337 973; x_wconf 84' lang='grc' dir='ltr'>μαθὼν</span> <span class='ocrx_word' id='word_1_47' title='bbox 1363 903 1434 957; x_wconf 84' lang='grc' dir='ltr'><strong>τὰ</strong></span> <span class='ocrx_word' id='word_1_48' title='bbox 1468 902 1601 973; x_wconf 69' lang='grc' dir='ltr'>περὶ</span> <span class='ocrx_word' id='word_1_49' title='bbox 1625 903 1723 973; x_wconf 74' lang='grc' dir='ltr'>τῆς</span> <span class='ocrx_word' id='word_1_50' title='bbox 1758 903 1946 966; x_wconf 83' lang='grc' dir='ltr'>οὐσίας</span> 
     </span>
    </p>
   </div>
   <div class='ocr_carea' id='block_1_9' title="bbox 337 990 1944 1069">
    <p class='ocr_par' dir='ltr' id='par_1_9' title="bbox 337 990 1944 1069">
     <span class='ocr_line' id='line_1_9' title="bbox 337 990 1944 1069; baseline 0.006 -26"><span class='ocrx_word' id='word_1_51' title='bbox 337 990 435 1044; x_wconf 85' lang='grc' dir='ltr'><strong>τοῦ</strong></span> <span class='ocrx_word' id='word_1_52' title='bbox 468 993 772 1062; x_wconf 84' lang='grc' dir='ltr'>μακαρίου,</span> <span class='ocrx_word' id='word_1_53' title='bbox 820 993 1075 1049; x_wconf 79' lang='grc' dir='ltr'><strong>κελεύσει</strong></span> <span class='ocrx_word' id='word_1_54' title='bbox 1145 995 1397 1066; x_wconf 81' lang='grc' dir='ltr'><strong>βασιλικῇ</strong></span> <span class='ocrx_word' id='word_1_55' title='bbox 1446 996 1693 1068; x_wconf 83' lang='grc' dir='ltr'>συνεργῷ</span> <span class='ocrx_word' id='word_1_56' title='bbox 1733 997 1944 1069; x_wconf 78' lang='grc' dir='ltr'>χρησά-</span> 
     </span>
    </p>
   </div>
   <div class='ocr_carea' id='block_1_10' title="bbox 342 1083 1942 1161">
    <p class='ocr_par' dir='ltr' id='par_1_10' title="bbox 342 1083 1942 1161">
     <span class='ocr_line' id='line_1_10' title="bbox 342 1083 1942 1161; baseline 0.004 -25"><span class='ocrx_word' id='word_1_57' title='bbox 342 1098 534 1151; x_wconf 81' lang='grc' dir='ltr'>μενος,</span> <span class='ocrx_word' id='word_1_58' title='bbox 567 1083 829 1152; x_wconf 77' lang='grc' dir='ltr'>ζευγνύει</span> <span class='ocrx_word' id='word_1_59' title='bbox 872 1085 952 1157; x_wconf 81' lang='grc' dir='ltr'><strong>τῷ</strong></span> <span class='ocrx_word' id='word_1_60' title='bbox 990 1086 1262 1158; x_wconf 77' lang='grc' dir='ltr'><strong>Θεοφάνει</strong></span> <span class='ocrx_word' id='word_1_61' title='bbox 1295 1088 1397 1159; x_wconf 84' lang='grc' dir='ltr'>τὴν</span> <span class='ocrx_word' id='word_1_62' title='bbox 1438 1087 1604 1142; x_wconf 76' lang='grc' dir='ltr'>αὑτοῦ</span> <span class='ocrx_word' id='word_1_63' title='bbox 1633 1088 1942 1161; x_wconf 81' lang='grc' dir='ltr'>θυγατέρα·</span> 
     </span>
    </p>
   </div>
   <div class='ocr_carea' id='block_1_11' title="bbox 340 1173 1947 1251">
    <p class='ocr_par' dir='ltr' id='par_1_11' title="bbox 340 1173 1947 1251">
     <span class='ocr_line' id='line_1_11' title="bbox 340 1173 1947 1251; baseline 0.005 -24"><span class='ocrx_word' id='word_1_64' title='bbox 340 1174 483 1246; x_wconf 75' lang='grc' dir='ltr'>ὅπερ</span> <span class='ocrx_word' id='word_1_65' title='bbox 518 1173 611 1246; x_wconf 72' lang='grc' dir='ltr'><strong>βίᾳ</strong></span> <span class='ocrx_word' id='word_1_66' title='bbox 649 1176 745 1230; x_wconf 77' lang='grc' dir='ltr'>καὶ</span> <span class='ocrx_word' id='word_1_67' title='bbox 779 1177 939 1248; x_wconf 82' lang='grc' dir='ltr'>μόλις</span> <span class='ocrx_word' id='word_1_68' title='bbox 978 1178 1118 1249; x_wconf 80' lang='grc' dir='ltr'>τάχα</span> <span class='ocrx_word' id='word_1_69' title='bbox 1144 1196 1209 1247; x_wconf 86' lang='grc' dir='ltr'><strong>γε</strong></span> <span class='ocrx_word' id='word_1_70' title='bbox 1251 1179 1342 1233; x_wconf 84' lang='grc' dir='ltr'>διὰ</span> <span class='ocrx_word' id='word_1_71' title='bbox 1372 1178 1465 1233; x_wconf 87' lang='grc' dir='ltr'>τὸν</span> <span class='ocrx_word' id='word_1_72' title='bbox 1485 1180 1582 1232; x_wconf 81' lang='grc' dir='ltr'><strong>τοῦ</strong></span> <span class='ocrx_word' id='word_1_73' title='bbox 1615 1180 1947 1251; x_wconf 79' lang='grc' dir='ltr'><strong>κρατοῦντος</strong></span> 
     </span>
    </p>
   </div>
   <div class='ocr_carea' id='block_1_12' title="bbox 345 1265 1948 1342">
    <p class='ocr_par' dir='ltr' id='par_1_12' title="bbox 345 1265 1948 1342">
     <span class='ocr_line' id='line_1_12' title="bbox 345 1265 1948 1342; baseline 0.004 -23"><span class='ocrx_word' id='word_1_74' title='bbox 345 1265 517 1335; x_wconf 71' lang='grc' dir='ltr'>φόϐον</span> <span class='ocrx_word' id='word_1_75' title='bbox 554 1267 803 1333; x_wconf 73' lang='grc' dir='ltr'>εἴξαντος</span> <span class='ocrx_word' id='word_1_76' title='bbox 826 1270 927 1323; x_wconf 86' lang='grc' dir='ltr'><strong>τοῦ</strong></span> <span class='ocrx_word' id='word_1_77' title='bbox 979 1269 1312 1340; x_wconf 79' lang='grc' dir='ltr'>Θεοφάνους,</span> <span class='ocrx_word' id='word_1_78' title='bbox 1347 1270 1615 1342; x_wconf 74' lang='grc' dir='ltr'><strong>ἐξήρτυτο</strong></span> <span class='ocrx_word' id='word_1_79' title='bbox 1657 1274 1727 1326; x_wconf 79' lang='grc' dir='ltr'>τὰ</span> <span class='ocrx_word' id='word_1_80' title='bbox 1758 1272 1948 1340; x_wconf 79' lang='grc' dir='ltr'>ἐπιτή-</span> 
     </span>
    </p>
   </div>
   <div class='ocr_carea' id='block_1_13' title="bbox 341 1355 1945 1432">
    <p class='ocr_par' dir='ltr' id='par_1_13' title="bbox 341 1355 1945 1432">
     <span class='ocr_line' id='line_1_13' title="bbox 341 1355 1945 1432; baseline 0.001 -20"><span class='ocrx_word' id='word_1_81' title='bbox 341 1355 469 1410; x_wconf 73' lang='grc' dir='ltr'>δεια</span> <span class='ocrx_word' id='word_1_82' title='bbox 499 1356 580 1427; x_wconf 82' lang='grc' dir='ltr'><strong>τῷ</strong></span> <span class='ocrx_word' id='word_1_83' title='bbox 611 1358 840 1432; x_wconf 79' lang='grc' dir='ltr'><strong>γαμικῷ</strong></span> <span class='ocrx_word' id='word_1_84' title='bbox 876 1360 1130 1432; x_wconf 84' lang='grc' dir='ltr'>θαλάμῳ.</span> <span class='ocrx_word' id='word_1_85' title='bbox 1157 1362 1281 1417; x_wconf 83' lang='grc' dir='ltr'><strong>Τῶν</strong></span> <span class='ocrx_word' id='word_1_86' title='bbox 1311 1361 1405 1416; x_wconf 82' lang='grc' dir='ltr'><strong>οῦν</strong></span> <span class='ocrx_word' id='word_1_87' title='bbox 1430 1363 1626 1417; x_wconf 86' lang='grc' dir='ltr'>αἰσίων</span> <span class='ocrx_word' id='word_1_88' title='bbox 1660 1363 1945 1417; x_wconf 60' lang='grc' dir='ltr'>τελεσθένε</span> 
     </span>
    </p>
   </div>
   <div class='ocr_carea' id='block_1_14' title="bbox 342 1450 1946 1527">
    <p class='ocr_par' dir='ltr' id='par_1_14' title="bbox 342 1450 1946 1527">
     <span class='ocr_line' id='line_1_14' title="bbox 342 1450 1946 1527; baseline 0.004 -25"><span class='ocrx_word' id='word_1_89' title='bbox 342 1465 478 1513; x_wconf 76' lang='grc' dir='ltr'>των,</span> <span class='ocrx_word' id='word_1_90' title='bbox 535 1450 781 1523; x_wconf 78' lang='grc' dir='ltr'>ἑσπέρας</span> <span class='ocrx_word' id='word_1_91' title='bbox 839 1453 1296 1525; x_wconf 76' lang='grc' dir='ltr'>καταλαϐούσης,</span> <span class='ocrx_word' id='word_1_92' title='bbox 1356 1454 1553 1526; x_wconf 80' lang='grc' dir='ltr'>μόνους</span> <span class='ocrx_word' id='word_1_93' title='bbox 1604 1457 1661 1508; x_wconf 72' lang='grc' dir='ltr'>ὲν</span> <span class='ocrx_word' id='word_1_94' title='bbox 1717 1455 1946 1527; x_wconf 77' lang='grc' dir='ltr'><strong>οἰκίσκῳ</strong></span> 
     </span>
    </p>
   </div>
   <div class='ocr_carea' id='block_1_15' title="bbox 343 1540 1947 1620">
    <p class='ocr_par' dir='ltr' id='par_1_15' title="bbox 343 1540 1947 1620">
     <span class='ocr_line' id='line_1_15' title="bbox 343 1540 1947 1620; baseline 0.006 -27"><span class='ocrx_word' id='word_1_95' title='bbox 343 1540 572 1611; x_wconf 77' lang='grc' dir='ltr'>τερπνῷ</span> <span class='ocrx_word' id='word_1_96' title='bbox 600 1542 695 1595; x_wconf 82' lang='grc' dir='ltr'><strong>τόν</strong></span> <span class='ocrx_word' id='word_1_97' title='bbox 725 1560 783 1597; x_wconf 79' lang='grc' dir='ltr'><strong>τε</strong></span> <span class='ocrx_word' id='word_1_98' title='bbox 820 1544 1023 1616; x_wconf 80' lang='grc' dir='ltr'>εὐσεϐῆ</span> <span class='ocrx_word' id='word_1_99' title='bbox 1049 1546 1267 1601; x_wconf 84' lang='grc' dir='ltr'>νεανίαν</span> <span class='ocrx_word' id='word_1_100' title='bbox 1288 1548 1383 1603; x_wconf 72' lang='grc' dir='ltr'>καὶ</span> <span class='ocrx_word' id='word_1_101' title='bbox 1412 1547 1513 1619; x_wconf 84' lang='grc' dir='ltr'><strong>τὴν</strong></span> <span class='ocrx_word' id='word_1_102' title='bbox 1543 1546 1743 1601; x_wconf 75' lang='grc' dir='ltr'>εὐκλεᾶ</span> <span class='ocrx_word' id='word_1_103' title='bbox 1778 1547 1947 1620; x_wconf 81' lang='grc' dir='ltr'>κόρην</span> 
     </span>
    </p>
   </div>
   <div class='ocr_carea' id='block_1_16' title="bbox 344 1636 1947 1711">
    <p class='ocr_par' dir='ltr' id='par_1_16' title="bbox 344 1636 1947 1711">
     <span class='ocr_line' id='line_1_16' title="bbox 344 1636 1947 1711; baseline 0.004 -25"><span class='ocrx_word' id='word_1_104' title='bbox 344 1636 688 1704; x_wconf 77' lang='grc' dir='ltr'>ιξσάγουσιν,</span> <span class='ocrx_word' id='word_1_105' title='bbox 720 1639 798 1704; x_wconf 82' lang='grc' dir='ltr'><strong>ὡς</strong></span> <span class='ocrx_word' id='word_1_106' title='bbox 834 1639 905 1694; x_wconf 81' lang='grc' dir='ltr'>ἂν</span> <span class='ocrx_word' id='word_1_107' title='bbox 930 1640 1120 1705; x_wconf 80' lang='grc' dir='ltr'>αὐτοῖς</span> <span class='ocrx_word' id='word_1_108' title='bbox 1146 1639 1472 1710; x_wconf 75' lang='grc' dir='ltr'><strong>ἐπιτηδείως</strong></span> <span class='ocrx_word' id='word_1_109' title='bbox 1505 1639 1621 1710; x_wconf 80' lang='grc' dir='ltr'>ἔχοι</span> <span class='ocrx_word' id='word_1_110' title='bbox 1652 1640 1789 1711; x_wconf 81' lang='grc' dir='ltr'>πρὸς</span> <span class='ocrx_word' id='word_1_111' title='bbox 1823 1641 1947 1711; x_wconf 72' lang='grc' dir='ltr'>ἠδο-</span> 
     </span>
    </p>
   </div>
   <div class='ocr_carea' id='block_1_17' title="bbox 347 1725 1948 1804">
    <p class='ocr_par' dir='ltr' id='par_1_17' title="bbox 347 1725 1948 1804">
     <span class='ocr_line' id='line_1_17' title="bbox 347 1725 1948 1804; baseline -0.004 -15"><span class='ocrx_word' id='word_1_112' title='bbox 347 1725 452 1795; x_wconf 68' lang='grc' dir='ltr'>γῆς</span> <span class='ocrx_word' id='word_1_113' title='bbox 482 1730 710 1798; x_wconf 79' lang='grc' dir='ltr'>τρόπον.</span> <span class='ocrx_word' id='word_1_114' title='bbox 762 1731 930 1799; x_wconf 81' lang='grc' dir='ltr'>Σιγῆς</span> <span class='ocrx_word' id='word_1_115' title='bbox 958 1732 1016 1784; x_wconf 81' lang='grc' dir='ltr'>δὲ</span> <span class='ocrx_word' id='word_1_116' title='bbox 1063 1733 1388 1804; x_wconf 80' lang='grc' dir='ltr'>γενομένης,</span> <span class='ocrx_word' id='word_1_117' title='bbox 1429 1733 1523 1787; x_wconf 72' lang='grc' dir='ltr'>καὶ</span> <span class='ocrx_word' id='word_1_118' title='bbox 1555 1733 1775 1786; x_wconf 84' lang='grc' dir='ltr'>πάντων</span> <span class='ocrx_word' id='word_1_119' title='bbox 1808 1733 1948 1800; x_wconf 80' lang='grc' dir='ltr'>ἀφυ-</span> 
     </span>
    </p>
   </div>
   <div class='ocr_carea' id='block_1_18' title="bbox 351 1821 1945 1895">
    <p class='ocr_par' dir='ltr' id='par_1_18' title="bbox 351 1821 1945 1895">
     <span class='ocr_line' id='line_1_18' title="bbox 351 1821 1945 1895; baseline 0.001 -22"><span class='ocrx_word' id='word_1_120' title='bbox 351 1821 717 1887; x_wconf 78' lang='grc' dir='ltr'>πνωσάντων,</span> <span class='ocrx_word' id='word_1_121' title='bbox 750 1823 949 1887; x_wconf 86' lang='grc' dir='ltr'>νυκτός</span> <span class='ocrx_word' id='word_1_122' title='bbox 991 1841 1053 1877; x_wconf 80' lang='grc' dir='ltr'><strong>τε</strong></span> <span class='ocrx_word' id='word_1_123' title='bbox 1108 1822 1333 1893; x_wconf 83' lang='grc' dir='ltr'>βαθείας</span> <span class='ocrx_word' id='word_1_124' title='bbox 1362 1823 1737 1895; x_wconf 78' lang='grc' dir='ltr'>διαχυθείσης,</span> <span class='ocrx_word' id='word_1_125' title='bbox 1780 1839 1945 1893; x_wconf 80' lang='grc' dir='ltr'>στραο</span> 
     </span>
    </p>
   </div>
   <div class='ocr_carea' id='block_1_19' title="bbox 347 1911 1618 1987">
    <p class='ocr_par' dir='ltr' id='par_1_19' title="bbox 347 1911 1618 1987">
     <span class='ocr_line' id='line_1_19' title="bbox 347 1911 1618 1987; baseline 0.006 -24"><span class='ocrx_word' id='word_1_126' title='bbox 347 1911 476 1978; x_wconf 73' lang='grc' dir='ltr'>φεὶς</span> <span class='ocrx_word' id='word_1_127' title='bbox 499 1914 530 1966; x_wconf 80' lang='grc' dir='ltr'><strong>ό</strong></span> <span class='ocrx_word' id='word_1_128' title='bbox 572 1915 869 1987; x_wconf 81' lang='grc' dir='ltr'>μακάριος,</span> <span class='ocrx_word' id='word_1_129' title='bbox 908 1915 1046 1987; x_wconf 76' lang='grc' dir='ltr'>φησὶ</span> <span class='ocrx_word' id='word_1_130' title='bbox 1071 1914 1151 1987; x_wconf 85' lang='grc' dir='ltr'>τῷ</span> <span class='ocrx_word' id='word_1_131' title='bbox 1180 1916 1425 1986; x_wconf 81' lang='grc' dir='ltr'>κορασίῳ</span> <span class='ocrx_word' id='word_1_132' title='bbox 1454 1916 1582 1970; x_wconf 80' lang='grc' dir='ltr'>τάδε</span> <span class='ocrx_word' id='word_1_133' title='bbox 1602 1930 1618 1948; x_wconf 77' lang='grc'><strong><em>⁸</em></strong></span> 
     </span>
    </p>
   </div>
   <div class='ocr_carea' id='block_1_20' title="bbox 2050 624 3631 695">
    <p class='ocr_par' dir='ltr' id='par_1_20' title="bbox 2050 624 3631 695">
     <span class='ocr_line' id='line_1_20' title="bbox 2050 624 3631 695; baseline 0 -13"><span class='ocrx_word' id='word_1_134' title='bbox 2050 626 2404 695; x_wconf 68' lang='lat' dir='ltr'><strong>haereticique</strong></span> <span class='ocrx_word' id='word_1_135' title='bbox 2428 625 2665 695; x_wconf 74' lang='lat' dir='ltr'><strong>agminis</strong></span> <span class='ocrx_word' id='word_1_136' title='bbox 2707 624 3029 682; x_wconf 79' lang='lat' dir='ltr'><strong>inﬁdelitate</strong></span> <span class='ocrx_word' id='word_1_137' title='bbox 3063 626 3265 695; x_wconf 89' lang='lat' dir='ltr'><strong>socius,</strong></span> <span class='ocrx_word' id='word_1_138' title='bbox 3299 628 3631 684; x_wconf 83' lang='lat' dir='ltr'><strong>auctoritate</strong></span> 
     </span>
    </p>
   </div>
   <div class='ocr_carea' id='block_1_21' title="bbox 2050 715 3630 788">
    <p class='ocr_par' dir='ltr' id='par_1_21' title="bbox 2050 715 3630 788">
     <span class='ocr_line' id='line_1_21' title="bbox 2050 715 3630 788; baseline 0.001 -17"><span class='ocrx_word' id='word_1_139' title='bbox 2050 715 2351 772; x_wconf 68' lang='lat' dir='ltr'><strong>defensor:</strong></span> <span class='ocrx_word' id='word_1_140' title='bbox 2390 730 2512 787; x_wconf 69' lang='lat' dir='ltr'><strong>quin</strong></span> <span class='ocrx_word' id='word_1_141' title='bbox 2545 730 2668 773; x_wconf 85' lang='lat' dir='ltr'><strong>eum</strong></span> <span class='ocrx_word' id='word_1_142' title='bbox 2712 716 2965 787; x_wconf 75' lang='lat' dir='ltr'><strong>impietas</strong></span> <span class='ocrx_word' id='word_1_143' title='bbox 3008 717 3081 772; x_wconf 86' lang='lat' dir='ltr'><strong>ita</strong></span> <span class='ocrx_word' id='word_1_144' title='bbox 3131 718 3446 788; x_wconf 76' lang='lat' dir='ltr'><strong>imperatori</strong></span> <span class='ocrx_word' id='word_1_145' title='bbox 3494 731 3630 775; x_wconf 81' lang='lat' dir='ltr'><strong>con-</strong></span> 
     </span>
    </p>
   </div>
   <div class='ocr_carea' id='block_1_22' title="bbox 2050 806 3629 877">
    <p class='ocr_par' dir='ltr' id='par_1_22' title="bbox 2050 806 3629 877">
     <span class='ocr_line' id='line_1_22' title="bbox 2050 806 3629 877; baseline 0.002 -16"><span class='ocrx_word' id='word_1_146' title='bbox 2050 806 2276 874; x_wconf 81' lang='lat' dir='ltr'><strong>ciliavit,</strong></span> <span class='ocrx_word' id='word_1_147' title='bbox 2309 816 2365 861; x_wconf 88' lang='lat' dir='ltr'><strong>ut</strong></span> <span class='ocrx_word' id='word_1_148' title='bbox 2400 816 2456 860; x_wconf 82' lang='lat' dir='ltr'><strong>ct</strong></span> <span class='ocrx_word' id='word_1_149' title='bbox 2502 808 2784 862; x_wconf 79' lang='lat' dir='ltr'><strong>convivam</strong></span> <span class='ocrx_word' id='word_1_150' title='bbox 2837 808 3212 877; x_wconf 78' lang='lat' dir='ltr'><strong>quotidianum</strong></span> <span class='ocrx_word' id='word_1_151' title='bbox 3242 810 3311 864; x_wconf 80' lang='lat' dir='ltr'><strong>ad</strong></span> <span class='ocrx_word' id='word_1_152' title='bbox 3361 822 3629 876; x_wconf 75' lang='lat' dir='ltr'><strong>mnsam,</strong></span> 
     </span>
    </p>
   </div>
   <div class='ocr_carea' id='block_1_23' title="bbox 2048 898 3629 971">
    <p class='ocr_par' dir='ltr' id='par_1_23' title="bbox 2048 898 3629 971">
     <span class='ocr_line' id='line_1_23' title="bbox 2048 898 3629 971; baseline 0.002 -18"><span class='ocrx_word' id='word_1_153' title='bbox 2048 911 2104 953; x_wconf 90' lang='lat' dir='ltr'><strong>et</strong></span> <span class='ocrx_word' id='word_1_154' title='bbox 2142 899 2381 955; x_wconf 80' lang='lat' dir='ltr'><strong>amicum</strong></span> <span class='ocrx_word' id='word_1_155' title='bbox 2431 899 2485 954; x_wconf 86' lang='lat' dir='ltr'><strong>in</strong></span> <span class='ocrx_word' id='word_1_156' title='bbox 2522 898 2777 956; x_wconf 82' lang='lat' dir='ltr'><strong>omnibus</strong></span> <span class='ocrx_word' id='word_1_157' title='bbox 2823 900 3330 971; x_wconf 74' lang='lat' dir='ltr'><strong>coniunctissimum</strong></span> <span class='ocrx_word' id='word_1_158' title='bbox 3381 902 3629 957; x_wconf 76' lang='lat' dir='ltr'><strong>haberet.</strong></span> 
     </span>
    </p>
   </div>
   <div class='ocr_carea' id='block_1_24' title="bbox 2055 989 3631 1062">
    <p class='ocr_par' dir='ltr' id='par_1_24' title="bbox 2055 989 3631 1062">
     <span class='ocr_line' id='line_1_24' title="bbox 2055 989 3631 1062; baseline 0.001 -18"><span class='ocrx_word' id='word_1_159' title='bbox 2055 989 2177 1053; x_wconf 77' lang='lat' dir='ltr'><strong>llic.</strong></span> <span class='ocrx_word' id='word_1_160' title='bbox 2204 992 2293 1046; x_wconf 85' lang='lat' dir='ltr'><strong>ubi</strong></span> <span class='ocrx_word' id='word_1_161' title='bbox 2337 1000 2537 1061; x_wconf 84' lang='lat' dir='ltr'><strong>quanta</strong></span> <span class='ocrx_word' id='word_1_162' title='bbox 2571 999 2719 1047; x_wconf 86' lang='lat' dir='ltr'><strong>esset</strong></span> <span class='ocrx_word' id='word_1_163' title='bbox 2746 992 2891 1047; x_wconf 79' lang='lat' dir='ltr'><strong>beati</strong></span> <span class='ocrx_word' id='word_1_164' title='bbox 2921 991 3139 1059; x_wconf 73' lang='lat' dir='ltr'><strong>juvenis</strong></span> <span class='ocrx_word' id='word_1_165' title='bbox 3181 992 3457 1062; x_wconf 78' lang='lat' dir='ltr'><strong>opulentia</strong></span> <span class='ocrx_word' id='word_1_166' title='bbox 3489 994 3631 1047; x_wconf 85' lang='lat' dir='ltr'><strong>didi-</strong></span> 
     </span>
    </p>
   </div>
   <div class='ocr_carea' id='block_1_25' title="bbox 2051 1082 3633 1154">
    <p class='ocr_par' dir='ltr' id='par_1_25' title="bbox 2051 1082 3633 1154">
     <span class='ocr_line' id='line_1_25' title="bbox 2051 1082 3633 1154; baseline -0.001 -15"><span class='ocrx_word' id='word_1_167' title='bbox 2051 1083 2148 1146; x_wconf 90' lang='lat' dir='ltr'><strong>cit,</strong></span> <span class='ocrx_word' id='word_1_168' title='bbox 2205 1083 2369 1137; x_wconf 83' lang='lat' dir='ltr'><strong>liliam</strong></span> <span class='ocrx_word' id='word_1_169' title='bbox 2424 1098 2581 1140; x_wconf 82' lang='lat' dir='ltr'><strong>suam</strong></span> <span class='ocrx_word' id='word_1_170' title='bbox 2631 1082 2949 1153; x_wconf 82' lang='lat' dir='ltr'><strong>Theophani</strong></span> <span class='ocrx_word' id='word_1_171' title='bbox 2995 1085 3196 1152; x_wconf 77' lang='lat' dir='ltr'><strong>iunxit,</strong></span> <span class='ocrx_word' id='word_1_172' title='bbox 3269 1084 3633 1154; x_wconf 63' lang='lat' dir='ltr'><strong>imperatoria</strong></span> 
     </span>
    </p>
   </div>
   <div class='ocr_carea' id='block_1_26' title="bbox 2044 1174 3629 1245">
    <p class='ocr_par' dir='ltr' id='par_1_26' title="bbox 2044 1174 3629 1245">
     <span class='ocr_line' id='line_1_26' title="bbox 2044 1174 3629 1245; baseline 0 -16"><span class='ocrx_word' id='word_1_173' title='bbox 2044 1174 2311 1245; x_wconf 81' lang='lat' dir='ltr'><strong>jussiouis</strong></span> <span class='ocrx_word' id='word_1_174' title='bbox 2339 1186 2549 1231; x_wconf 88' lang='lat' dir='ltr'><strong>terrore</strong></span> <span class='ocrx_word' id='word_1_175' title='bbox 2582 1190 2713 1232; x_wconf 86' lang='lat' dir='ltr'><strong>usus</strong></span> <span class='ocrx_word' id='word_1_176' title='bbox 2752 1177 2820 1232; x_wconf 92' lang='lat' dir='ltr'><strong>ad</strong></span> <span class='ocrx_word' id='word_1_177' title='bbox 2853 1190 2948 1232; x_wconf 87' lang='lat' dir='ltr'><strong>eas</strong></span> <span class='ocrx_word' id='word_1_178' title='bbox 2979 1179 3197 1244; x_wconf 80' lang='lat' dir='ltr'><strong>nuptias</strong></span> <span class='ocrx_word' id='word_1_179' title='bbox 3223 1180 3595 1233; x_wconf 83' lang='lat' dir='ltr'><strong>conciliandas</strong></span> <span class='ocrx_word' id='word_1_180' title='bbox 3615 1219 3629 1242; x_wconf 88' lang='lat'><strong>,</strong></span> 
     </span>
    </p>
   </div>
   <div class='ocr_carea' id='block_1_27' title="bbox 2049 1265 3633 1337">
    <p class='ocr_par' dir='ltr' id='par_1_27' title="bbox 2049 1265 3633 1337">
     <span class='ocr_line' id='line_1_27' title="bbox 2049 1265 3633 1337; baseline 0.003 -21"><span class='ocrx_word' id='word_1_181' title='bbox 2049 1265 2251 1335; x_wconf 82' lang='lat' dir='ltr'><strong>quibus</strong></span> <span class='ocrx_word' id='word_1_182' title='bbox 2280 1279 2381 1335; x_wconf 83' lang='lat' dir='ltr'><strong>pro</strong></span> <span class='ocrx_word' id='word_1_183' title='bbox 2419 1267 2699 1336; x_wconf 81' lang='lat' dir='ltr'><strong>utriusque</strong></span> <span class='ocrx_word' id='word_1_184' title='bbox 2729 1266 2995 1337; x_wconf 74' lang='lat' dir='ltr'><strong>dignitate</strong></span> <span class='ocrx_word' id='word_1_185' title='bbox 3023 1267 3321 1323; x_wconf 85' lang='lat' dir='ltr'><strong>instructus</strong></span> <span class='ocrx_word' id='word_1_186' title='bbox 3345 1279 3428 1323; x_wconf 87' lang='lat' dir='ltr'><strong>est</strong></span> <span class='ocrx_word' id='word_1_187' title='bbox 3457 1269 3633 1322; x_wconf 84' lang='lat' dir='ltr'><strong>thala-</strong></span> 
     </span>
    </p>
   </div>
   <div class='ocr_carea' id='block_1_28' title="bbox 2051 1356 3631 1430">
    <p class='ocr_par' dir='ltr' id='par_1_28' title="bbox 2051 1356 3631 1430">
     <span class='ocr_line' id='line_1_28' title="bbox 2051 1356 3631 1430; baseline -0.001 -17"><span class='ocrx_word' id='word_1_188' title='bbox 2051 1373 2173 1414; x_wconf 83' lang='lat' dir='ltr'><strong>mus</strong></span> <span class='ocrx_word' id='word_1_189' title='bbox 2203 1358 2451 1430; x_wconf 69' lang='lat' dir='ltr'><strong>genialis,</strong></span> <span class='ocrx_word' id='word_1_190' title='bbox 2484 1356 2816 1427; x_wconf 78' lang='lat' dir='ltr'><strong>Theophane</strong></span> <span class='ocrx_word' id='word_1_191' title='bbox 2858 1372 3000 1427; x_wconf 56' lang='lat' dir='ltr'><strong>aegre</strong></span> <span class='ocrx_word' id='word_1_192' title='bbox 3027 1358 3249 1428; x_wconf 83' lang='lat' dir='ltr'><strong>quidem</strong></span> <span class='ocrx_word' id='word_1_193' title='bbox 3291 1368 3456 1427; x_wconf 85' lang='lat' dir='ltr'><strong>atque</strong></span> <span class='ocrx_word' id='word_1_194' title='bbox 3491 1360 3631 1413; x_wconf 80' lang='lat' dir='ltr'><strong>relu-</strong></span> 
     </span>
    </p>
   </div>
   <div class='ocr_carea' id='block_1_29' title="bbox 2049 1450 3638 1518">
    <p class='ocr_par' dir='ltr' id='par_1_29' title="bbox 2049 1450 3638 1518">
     <span class='ocr_line' id='line_1_29' title="bbox 2049 1450 3638 1518; baseline -0.002 -12"><span class='ocrx_word' id='word_1_195' title='bbox 2049 1452 2284 1513; x_wconf 83' lang='lat' dir='ltr'><strong>ctau’ter,</strong></span> <span class='ocrx_word' id='word_1_196' title='bbox 2314 1465 2383 1505; x_wconf 77' lang='lat' dir='ltr'><strong>ex</strong></span> <span class='ocrx_word' id='word_1_197' title='bbox 2440 1459 2589 1504; x_wconf 90' lang='lat' dir='ltr'><strong>metu</strong></span> <span class='ocrx_word' id='word_1_198' title='bbox 2631 1460 2812 1505; x_wconf 84' lang='lat' dir='ltr'><strong>tamen</strong></span> <span class='ocrx_word' id='word_1_199' title='bbox 2856 1450 3201 1518; x_wconf 88' lang='lat' dir='ltr'><strong>potentioris,</strong></span> <span class='ocrx_word' id='word_1_200' title='bbox 3236 1464 3300 1505; x_wconf 83' lang='lat' dir='ltr'><strong>ea</strong></span> <span class='ocrx_word' id='word_1_201' title='bbox 3339 1460 3397 1504; x_wconf 92' lang='lat' dir='ltr'><strong>ut</strong></span> <span class='ocrx_word' id='word_1_202' title='bbox 3444 1450 3638 1505; x_wconf 83' lang='lat' dir='ltr'><strong>tierent</strong></span> 
     </span>
    </p>
   </div>
   <div class='ocr_carea' id='block_1_30' title="bbox 2050 1540 3639 1613">
    <p class='ocr_par' dir='ltr' id='par_1_30' title="bbox 2050 1540 3639 1613">
     <span class='ocr_line' id='line_1_30' title="bbox 2050 1540 3639 1613; baseline -0.002 -17"><span class='ocrx_word' id='word_1_203' title='bbox 2050 1542 2420 1613; x_wconf 78' lang='lat' dir='ltr'><strong>permittente.</strong></span> <span class='ocrx_word' id='word_1_204' title='bbox 2456 1540 2601 1612; x_wconf 77' lang='lat' dir='ltr'><strong>Ergo</strong></span> <span class='ocrx_word' id='word_1_205' title='bbox 2630 1542 2946 1612; x_wconf 80' lang='lat' dir='ltr'><strong>nuptiarum</strong></span> <span class='ocrx_word' id='word_1_206' title='bbox 2992 1542 3274 1598; x_wconf 86' lang='lat' dir='ltr'><strong>solemniis</strong></span> <span class='ocrx_word' id='word_1_207' title='bbox 3320 1543 3426 1597; x_wconf 82' lang='lat' dir='ltr'><strong>rite</strong></span> <span class='ocrx_word' id='word_1_208' title='bbox 3456 1544 3639 1610; x_wconf 85' lang='lat' dir='ltr'><strong>auspi-</strong></span> 
     </span>
    </p>
   </div>
   <div class='ocr_carea' id='block_1_31' title="bbox 2050 1632 3637 1703">
    <p class='ocr_par' dir='ltr' id='par_1_31' title="bbox 2050 1632 3637 1703">
     <span class='ocr_line' id='line_1_31' title="bbox 2050 1632 3637 1703; baseline -0.003 -14"><span class='ocrx_word' id='word_1_209' title='bbox 2050 1643 2283 1702; x_wconf 87' lang='lat' dir='ltr'><strong>catoque</strong></span> <span class='ocrx_word' id='word_1_210' title='bbox 2333 1632 2643 1700; x_wconf 81' lang='lat' dir='ltr'><strong>celebratis,</strong></span> <span class='ocrx_word' id='word_1_211' title='bbox 2678 1649 2800 1689; x_wconf 79' lang='lat' dir='ltr'><strong>cum</strong></span> <span class='ocrx_word' id='word_1_212' title='bbox 2845 1647 3043 1702; x_wconf 78' lang='lat' dir='ltr'><strong>vesper</strong></span> <span class='ocrx_word' id='word_1_213' title='bbox 3093 1634 3455 1698; x_wconf 82' lang='lat' dir='ltr'><strong>incubuisset,</strong></span> <span class='ocrx_word' id='word_1_214' title='bbox 3487 1636 3637 1703; x_wconf 83' lang='lat' dir='ltr'><strong>pien-</strong></span> 
     </span>
    </p>
   </div>
   <div class='ocr_carea' id='block_1_32' title="bbox 2050 1724 3633 1796">
    <p class='ocr_par' dir='ltr' id='par_1_32' title="bbox 2050 1724 3633 1796">
     <span class='ocr_line' id='line_1_32' title="bbox 2050 1724 3633 1796; baseline -0.001 -16"><span class='ocrx_word' id='word_1_215' title='bbox 2050 1725 2320 1780; x_wconf 84' lang='lat' dir='ltr'><strong>tissimum</strong></span> <span class='ocrx_word' id='word_1_216' title='bbox 2352 1724 2608 1795; x_wconf 73' lang='lat' dir='ltr'><strong>juvenem</strong></span> <span class='ocrx_word' id='word_1_217' title='bbox 2667 1736 2833 1796; x_wconf 86' lang='lat' dir='ltr'><strong>atque</strong></span> <span class='ocrx_word' id='word_1_218' title='bbox 2889 1726 3317 1781; x_wconf 73' lang='lat' dir='ltr'><strong>illustrissimum</strong></span> <span class='ocrx_word' id='word_1_219' title='bbox 3371 1727 3633 1794; x_wconf 72' lang='lat' dir='ltr'><strong>virginem</strong></span> 
     </span>
    </p>
   </div>
   <div class='ocr_carea' id='block_1_33' title="bbox 2052 1821 3638 1891">
    <p class='ocr_par' dir='ltr' id='par_1_33' title="bbox 2052 1821 3638 1891">
     <span class='ocr_line' id='line_1_33' title="bbox 2052 1821 3638 1891; baseline 0 -14"><span class='ocrx_word' id='word_1_220' title='bbox 2052 1821 2198 1877; x_wconf 85' lang='lat' dir='ltr'><strong>solos</strong></span> <span class='ocrx_word' id='word_1_221' title='bbox 2248 1821 2511 1876; x_wconf 83' lang='lat' dir='ltr'><strong>inducunt</strong></span> <span class='ocrx_word' id='word_1_222' title='bbox 2566 1821 2618 1876; x_wconf 91' lang='lat' dir='ltr'><strong>iu</strong></span> <span class='ocrx_word' id='word_1_223' title='bbox 2682 1821 2961 1883; x_wconf 82' lang='lat' dir='ltr'><strong>conclave,</strong></span> <span class='ocrx_word' id='word_1_224' title='bbox 3003 1822 3070 1877; x_wconf 85' lang='lat' dir='ltr'><strong>ad</strong></span> <span class='ocrx_word' id='word_1_225' title='bbox 3125 1823 3349 1878; x_wconf 88' lang='lat' dir='ltr'><strong>delicias</strong></span> <span class='ocrx_word' id='word_1_226' title='bbox 3393 1824 3638 1891; x_wconf 75' lang='lat' dir='ltr'><strong>volupta-</strong></span> 
     </span>
    </p>
   </div>
   <div class='ocr_carea' id='block_1_34' title="bbox 1976 1901 3636 1985">
    <p class='ocr_par' dir='ltr' id='par_1_34' title="bbox 1976 1901 3636 1985">
     <span class='ocr_line' id='line_1_34' title="bbox 1976 1901 3636 1985; baseline 0.001 -18"><span class='ocrx_word' id='word_1_227' title='bbox 1976 1901 2026 1962; x_wconf 82' lang='grc' dir='ltr'>Β</span> <span class='ocrx_word' id='word_1_228' title='bbox 2058 1924 2271 1984; x_wconf 76' lang='lat' dir='ltr'><strong>temque</strong></span> <span class='ocrx_word' id='word_1_229' title='bbox 2306 1928 2374 1969; x_wconf 86' lang='lat' dir='ltr'><strong>eo</strong></span> <span class='ocrx_word' id='word_1_230' title='bbox 2401 1929 2511 1984; x_wconf 81' lang='lat' dir='ltr'><strong>quo</strong></span> <span class='ocrx_word' id='word_1_231' title='bbox 2546 1913 2799 1981; x_wconf 81' lang='lat' dir='ltr'><strong>decebat,</strong></span> <span class='ocrx_word' id='word_1_232' title='bbox 2827 1923 3089 1985; x_wconf 77' lang='lat' dir='ltr'><strong>apparatu</strong></span> <span class='ocrx_word' id='word_1_233' title='bbox 3142 1915 3489 1970; x_wconf 81' lang='lat' dir='ltr'><strong>instructum.</strong></span> <span class='ocrx_word' id='word_1_234' title='bbox 3534 1915 3636 1972; x_wconf 84' lang='lat' dir='ltr'><strong>Ubi</strong></span> 
     </span>
    </p>
   </div>
   <div class='ocr_carea' id='block_1_35' title="bbox 344 2002 3636 2081">
    <p class='ocr_par' dir='ltr' id='par_1_35' title="bbox 344 2002 3636 2081">
     <span class='ocr_line' id='line_1_35' title="bbox 344 2002 3636 2081; baseline 0.001 -23"><span class='ocrx_word' id='word_1_235' title='bbox 344 2002 478 2058; x_wconf 87' lang='lat' dir='ltr'><strong>dum</strong></span> <span class='ocrx_word' id='word_1_236' title='bbox 508 2019 700 2061; x_wconf 87' lang='lat' dir='ltr'><strong>omnes</strong></span> <span class='ocrx_word' id='word_1_237' title='bbox 723 2020 885 2077; x_wconf 85' lang='lat' dir='ltr'><strong>sopor</strong></span> <span class='ocrx_word' id='word_1_238' title='bbox 914 2006 1057 2063; x_wconf 81' lang='lat' dir='ltr'><strong>altus</strong></span> <span class='ocrx_word' id='word_1_239' title='bbox 1078 2017 1133 2064; x_wconf 87' lang='lat' dir='ltr'><strong>et</strong></span> <span class='ocrx_word' id='word_1_240' title='bbox 1162 2023 1267 2063; x_wconf 79' lang='lat' dir='ltr'><strong>nox</strong></span> <span class='ocrx_word' id='word_1_241' title='bbox 1300 2008 1567 2077; x_wconf 83' lang='lat' dir='ltr'><strong>profunda</strong></span> <span class='ocrx_word' id='word_1_242' title='bbox 1605 2010 1712 2065; x_wconf 83' lang='lat' dir='ltr'><strong>late</strong></span> <span class='ocrx_word' id='word_1_243' title='bbox 1742 2008 1934 2065; x_wconf 80' lang='lat' dir='ltr'><strong>diﬂ‘usa</strong></span> <span class='ocrx_word' id='word_1_244' title='bbox 1978 2017 2148 2075; x_wconf 86' lang='lat' dir='ltr'><strong>tenet,</strong></span> <span class='ocrx_word' id='word_1_245' title='bbox 2183 2022 2283 2078; x_wconf 84' lang='lat' dir='ltr'><strong>per</strong></span> <span class='ocrx_word' id='word_1_246' title='bbox 2350 2007 2442 2063; x_wconf 86' lang='lat' dir='ltr'><strong>illa</strong></span> <span class='ocrx_word' id='word_1_247' title='bbox 2501 2009 2744 2065; x_wconf 86' lang='lat' dir='ltr'><strong>consiliis</strong></span> <span class='ocrx_word' id='word_1_248' title='bbox 2792 2010 2907 2065; x_wconf 86' lang='lat' dir='ltr'><strong>suis</strong></span> <span class='ocrx_word' id='word_1_249' title='bbox 2953 2020 3257 2081; x_wconf 84' lang='lat' dir='ltr'><strong>opportuna</strong></span> <span class='ocrx_word' id='word_1_250' title='bbox 3300 2008 3514 2063; x_wconf 76' lang='lat' dir='ltr'><strong>silentia</strong></span> <span class='ocrx_word' id='word_1_251' title='bbox 3569 2011 3636 2063; x_wconf 83' lang='lat' dir='ltr'><strong>ad</strong></span> 
     </span>
    </p>
   </div>
   <div class='ocr_carea' id='block_1_36' title="bbox 346 2093 2553 2167">
    <p class='ocr_par' dir='ltr' id='par_1_36' title="bbox 346 2093 2553 2167">
     <span class='ocr_line' id='line_1_36' title="bbox 346 2093 2553 2167; baseline 0.003 -19"><span class='ocrx_word' id='word_1_252' title='bbox 346 2093 583 2163; x_wconf 78' lang='lat' dir='ltr'><strong>puellam</strong></span> <span class='ocrx_word' id='word_1_253' title='bbox 635 2111 930 2153; x_wconf 79' lang='lat' dir='ltr'><strong>conversus</strong></span> <span class='ocrx_word' id='word_1_254' title='bbox 966 2099 1304 2167; x_wconf 84' lang='lat' dir='ltr'><strong>adolescens,</strong></span> <span class='ocrx_word' id='word_1_255' title='bbox 1357 2114 1481 2156; x_wconf 87' lang='lat' dir='ltr'><strong>eam</strong></span> <span class='ocrx_word' id='word_1_256' title='bbox 1540 2112 1625 2158; x_wconf 82' lang='lat' dir='ltr'><strong>est</strong></span> <span class='ocrx_word' id='word_1_257' title='bbox 1676 2103 1729 2157; x_wconf 89' lang='lat' dir='ltr'><strong>iu</strong></span> <span class='ocrx_word' id='word_1_258' title='bbox 1790 2105 1934 2157; x_wconf 81' lang='lat' dir='ltr'><strong>hunc</strong></span> <span class='ocrx_word' id='word_1_259' title='bbox 1975 2101 2191 2157; x_wconf 91' lang='lat' dir='ltr'><strong>modum</strong></span> <span class='ocrx_word' id='word_1_260' title='bbox 2229 2102 2553 2157; x_wconf 79' lang='lat' dir='ltr'><strong>allocutus:</strong></span> 
     </span>
    </p>
   </div>
   <div class='ocr_carea' id='block_1_37' title="bbox 422 2185 1945 2268">
    <p class='ocr_par' dir='ltr' id='par_1_37' title="bbox 422 2185 1945 2268">
     <span class='ocr_line' id='line_1_37' title="bbox 422 2185 1945 2268; baseline 0.005 -27"><span class='ocrx_word' id='word_1_261' title='bbox 422 2185 501 2241; x_wconf 79' lang='lat' dir='ltr'><strong>E&#39;.</strong></span> <span class='ocrx_word' id='word_1_262' title='bbox 546 2188 604 2242; x_wconf 88' lang='lat'><strong>&#39;0</strong></span> <span class='ocrx_word' id='word_1_263' title='bbox 662 2190 763 2259; x_wconf 70' lang='grc' dir='ltr'><strong>μὲν</strong></span> <span class='ocrx_word' id='word_1_264' title='bbox 811 2190 1007 2264; x_wconf 86' lang='grc' dir='ltr'>παρὼν</span> <span class='ocrx_word' id='word_1_265' title='bbox 1061 2192 1197 2264; x_wconf 84' lang='grc' dir='ltr'>βίος,</span> <span class='ocrx_word' id='word_1_266' title='bbox 1253 2188 1301 2248; x_wconf 82' lang='grc' dir='ltr'><strong>ὧ</strong></span> <span class='ocrx_word' id='word_1_267' title='bbox 1356 2195 1536 2264; x_wconf 88' lang='grc' dir='ltr'>γύναι,</span> <span class='ocrx_word' id='word_1_268' title='bbox 1590 2196 1819 2268; x_wconf 75' lang='grc' dir='ltr'>βραχὺς,</span> <span class='ocrx_word' id='word_1_269' title='bbox 1869 2198 1945 2262; x_wconf 80' lang='grc' dir='ltr'>ὡς</span> 
     </span>
    </p>
   </div>
   <div class='ocr_carea' id='block_1_38' title="bbox 350 2279 1943 2357">
    <p class='ocr_par' dir='ltr' id='par_1_38' title="bbox 350 2279 1943 2357">
     <span class='ocr_line' id='line_1_38' title="bbox 350 2279 1943 2357; baseline 0.006 -23"><span class='ocrx_word' id='word_1_270' title='bbox 350 2280 527 2334; x_wconf 67' lang='grc' dir='ltr'>πᾶσιν</span> <span class='ocrx_word' id='word_1_271' title='bbox 553 2279 802 2351; x_wconf 77' lang='grc' dir='ltr'>εὔδηλον,</span> <span class='ocrx_word' id='word_1_272' title='bbox 843 2283 943 2337; x_wconf 74' lang='grc' dir='ltr'>καὶ</span> <span class='ocrx_word' id='word_1_273' title='bbox 971 2284 1168 2357; x_wconf 81' lang='grc' dir='ltr'>ἀδηλίᾳ</span> <span class='ocrx_word' id='word_1_274' title='bbox 1195 2285 1290 2340; x_wconf 85' lang='grc' dir='ltr'><strong>τοῦ</strong></span> <span class='ocrx_word' id='word_1_275' title='bbox 1328 2288 1621 2357; x_wconf 80' lang='grc' dir='ltr'>μέλλοντος</span> <span class='ocrx_word' id='word_1_276' title='bbox 1651 2290 1816 2343; x_wconf 81' lang='grc' dir='ltr'>πλέον</span> <span class='ocrx_word' id='word_1_277' title='bbox 1849 2307 1943 2345; x_wconf 70' lang='grc' dir='ltr'>κει</span> 
     </span>
    </p>
   </div>
   <div class='ocr_carea' id='block_1_39' title="bbox 350 2371 1946 2451">
    <p class='ocr_par' dir='ltr' id='par_1_39' title="bbox 350 2371 1946 2451">
     <span class='ocr_line' id='line_1_39' title="bbox 350 2371 1946 2451; baseline 0.007 -27"><span class='ocrx_word' id='word_1_278' title='bbox 350 2371 725 2442; x_wconf 69' lang='grc' dir='ltr'>κρατημέιος,</span> <span class='ocrx_word' id='word_1_279' title='bbox 758 2375 858 2429; x_wconf 81' lang='grc' dir='ltr'>καὶ</span> <span class='ocrx_word' id='word_1_280' title='bbox 886 2375 1072 2447; x_wconf 84' lang='grc' dir='ltr'>κρίσις</span> <span class='ocrx_word' id='word_1_281' title='bbox 1100 2376 1402 2442; x_wconf 79' lang='grc' dir='ltr'>ἀδέκαστος</span> <span class='ocrx_word' id='word_1_282' title='bbox 1436 2381 1566 2444; x_wconf 83' lang='grc' dir='ltr'>τοὺς</span> <span class='ocrx_word' id='word_1_283' title='bbox 1599 2383 1659 2434; x_wconf 83' lang='grc' dir='ltr'>ὲν</span> <span class='ocrx_word' id='word_1_284' title='bbox 1700 2379 1837 2451; x_wconf 80' lang='grc' dir='ltr'>τῷδε</span> <span class='ocrx_word' id='word_1_285' title='bbox 1866 2376 1946 2451; x_wconf 81' lang='grc' dir='ltr'><strong>τῷ</strong></span> 
     </span>
    </p>
   </div>
   <div class='ocr_carea' id='block_1_40' title="bbox 350 2459 1947 2543">
    <p class='ocr_par' dir='ltr' id='par_1_40' title="bbox 350 2459 1947 2543">
     <span class='ocr_line' id='line_1_40' title="bbox 350 2459 1947 2543; baseline 0.008 -29"><span class='ocrx_word' id='word_1_286' title='bbox 350 2459 456 2532; x_wconf 82' lang='grc' dir='ltr'><strong>βίῳ</strong></span> <span class='ocrx_word' id='word_1_287' title='bbox 492 2461 807 2528; x_wconf 79' lang='grc' dir='ltr'>διαδέξεται</span> <span class='ocrx_word' id='word_1_288' title='bbox 849 2465 1240 2537; x_wconf 78' lang='grc' dir='ltr'>εὐθηνοῦντας.</span> <span class='ocrx_word' id='word_1_289' title='bbox 1295 2469 1603 2543; x_wconf 82' lang='grc' dir='ltr'>Τοιγαροῦν</span> <span class='ocrx_word' id='word_1_290' title='bbox 1635 2472 1732 2525; x_wconf 76' lang='grc' dir='ltr'>καὶ</span> <span class='ocrx_word' id='word_1_291' title='bbox 1783 2472 1815 2525; x_wconf 84' lang='grc' dir='ltr'><strong>ό</strong></span> <span class='ocrx_word' id='word_1_292' title='bbox 1845 2473 1947 2540; x_wconf 80' lang='grc' dir='ltr'>γά-</span> 
     </span>
    </p>
   </div>
   <div class='ocr_carea' id='block_1_41' title="bbox 351 2552 1947 2634">
    <p class='ocr_par' dir='ltr' id='par_1_41' title="bbox 351 2552 1947 2634">
     <span class='ocr_line' id='line_1_41' title="bbox 351 2552 1947 2634; baseline 0.006 -28"><span class='ocrx_word' id='word_1_293' title='bbox 351 2569 456 2624; x_wconf 86' lang='grc' dir='ltr'><strong>μος</strong></span> <span class='ocrx_word' id='word_1_294' title='bbox 484 2552 589 2607; x_wconf 77' lang='grc' dir='ltr'>οὐκ</span> <span class='ocrx_word' id='word_1_295' title='bbox 617 2554 932 2628; x_wconf 76' lang='grc' dir='ltr'>ἀπόϐλητος</span> <span class='ocrx_word' id='word_1_296' title='bbox 957 2558 1112 2630; x_wconf 79' lang='grc' dir='ltr'><strong>παρά</strong></span> <span class='ocrx_word' id='word_1_297' title='bbox 1137 2558 1257 2631; x_wconf 77' lang='grc' dir='ltr'>θεῷ</span> <span class='ocrx_word' id='word_1_298' title='bbox 1275 2575 1291 2592; x_wconf 73' lang='grc' dir='ltr'><strong><em>ο</em></strong></span> <span class='ocrx_word' id='word_1_299' title='bbox 1322 2561 1438 2615; x_wconf 83' lang='grc' dir='ltr'>ἀλλ’</span> <span class='ocrx_word' id='word_1_300' title='bbox 1460 2563 1521 2617; x_wconf 76' lang='grc' dir='ltr'>αἱ</span> <span class='ocrx_word' id='word_1_301' title='bbox 1543 2563 1826 2634; x_wconf 83' lang='grc' dir='ltr'>φροντίδες</span> <span class='ocrx_word' id='word_1_302' title='bbox 1850 2563 1947 2616; x_wconf 87' lang='grc' dir='ltr'><strong>τοῦ</strong></span> 
     </span>
    </p>
   </div>
   <div class='ocr_carea' id='block_1_42' title="bbox 352 2645 1946 2726">
    <p class='ocr_par' dir='ltr' id='par_1_42' title="bbox 352 2645 1946 2726">
     <span class='ocr_line' id='line_1_42' title="bbox 352 2645 1946 2726; baseline 0.003 -22"><span class='ocrx_word' id='word_1_303' title='bbox 352 2645 498 2716; x_wconf 74' lang='grc' dir='ltr'>βίον,</span> <span class='ocrx_word' id='word_1_304' title='bbox 531 2646 847 2705; x_wconf 78' lang='grc' dir='ltr'>ἀλλοιοῦσαι</span> <span class='ocrx_word' id='word_1_305' title='bbox 878 2651 974 2706; x_wconf 78' lang='grc' dir='ltr'>τὸν</span> <span class='ocrx_word' id='word_1_306' title='bbox 1004 2652 1188 2708; x_wconf 76' lang='grc' dir='ltr'>ἔνθεον</span> <span class='ocrx_word' id='word_1_307' title='bbox 1214 2653 1502 2726; x_wconf 71' lang='grc' dir='ltr'>λογισμὸν,</span> <span class='ocrx_word' id='word_1_308' title='bbox 1532 2657 1635 2711; x_wconf 80' lang='grc' dir='ltr'>οὐκ</span> <span class='ocrx_word' id='word_1_309' title='bbox 1682 2657 1814 2709; x_wconf 67' lang='grc' dir='ltr'>ἐῶσι</span> <span class='ocrx_word' id='word_1_310' title='bbox 1842 2673 1946 2710; x_wconf 82' lang='grc' dir='ltr'>κα-</span> 
     </span>
    </p>
   </div>
   <div class='ocr_carea' id='block_1_43' title="bbox 350 2736 1946 2818">
    <p class='ocr_par' dir='ltr' id='par_1_43' title="bbox 350 2736 1946 2818">
     <span class='ocr_line' id='line_1_43' title="bbox 350 2736 1946 2818; baseline 0.007 -27"><span class='ocrx_word' id='word_1_311' title='bbox 350 2736 543 2809; x_wconf 81' lang='grc' dir='ltr'>θαρῶς</span> <span class='ocrx_word' id='word_1_312' title='bbox 578 2741 988 2814; x_wconf 74' lang='grc' dir='ltr'>ἀντοφθαλμεῖν</span> <span class='ocrx_word' id='word_1_313' title='bbox 1036 2744 1173 2817; x_wconf 79' lang='grc' dir='ltr'>πρὸς</span> <span class='ocrx_word' id='word_1_314' title='bbox 1210 2746 1280 2801; x_wconf 84' lang='grc' dir='ltr'><strong>τὰ</strong></span> <span class='ocrx_word' id='word_1_315' title='bbox 1328 2747 1612 2818; x_wconf 79' lang='grc' dir='ltr'>μέλλοντα.</span> <span class='ocrx_word' id='word_1_316' title='bbox 1656 2748 1844 2818; x_wconf 85' lang='grc' dir='ltr'>Ἵσμεν</span> <span class='ocrx_word' id='word_1_317' title='bbox 1887 2746 1946 2802; x_wconf 81' lang='grc' dir='ltr'>δὲ</span> 
     </span>
    </p>
   </div>
   <div class='ocr_carea' id='block_1_44' title="bbox 348 2830 1947 2912">
    <p class='ocr_par' dir='ltr' id='par_1_44' title="bbox 348 2830 1947 2912">
     <span class='ocr_line' id='line_1_44' title="bbox 348 2830 1947 2912; baseline 0.007 -29"><span class='ocrx_word' id='word_1_318' title='bbox 348 2830 449 2883; x_wconf 76' lang='grc' dir='ltr'>καὶ</span> <span class='ocrx_word' id='word_1_319' title='bbox 489 2832 588 2886; x_wconf 76' lang='grc' dir='ltr'>τὸν</span> <span class='ocrx_word' id='word_1_320' title='bbox 635 2834 694 2887; x_wconf 73' lang='grc' dir='ltr'>ἐν</span> <span class='ocrx_word' id='word_1_321' title='bbox 726 2835 1084 2905; x_wconf 69' lang='grc' dir='ltr'>Εὑαγγελίοις</span> <span class='ocrx_word' id='word_1_322' title='bbox 1127 2838 1400 2910; x_wconf 80' lang='grc' dir='ltr'>Λάζαρον,</span> <span class='ocrx_word' id='word_1_323' title='bbox 1453 2841 1544 2895; x_wconf 80' lang='grc' dir='ltr'><strong>διὰ</strong></span> <span class='ocrx_word' id='word_1_324' title='bbox 1583 2839 1947 2912; x_wconf 73' lang='grc' dir='ltr'>στενοχωρίας</span> 
     </span>
    </p>
   </div>
   <div class='ocr_carea' id='block_1_45' title="bbox 347 2919 1950 3002">
    <p class='ocr_par' dir='ltr' id='par_1_45' title="bbox 347 2919 1950 3002">
     <span class='ocr_line' id='line_1_45' title="bbox 347 2919 1950 3002; baseline 0.007 -27"><span class='ocrx_word' id='word_1_325' title='bbox 347 2919 459 2990; x_wconf 77' lang='grc' dir='ltr'>τῆς</span> <span class='ocrx_word' id='word_1_326' title='bbox 494 2922 713 2979; x_wconf 63' lang='grc' dir='ltr'>ἐνθένδε</span> <span class='ocrx_word' id='word_1_327' title='bbox 752 2925 849 2981; x_wconf 84' lang='grc' dir='ltr'><strong>τοῦ</strong></span> <span class='ocrx_word' id='word_1_328' title='bbox 901 2928 1160 3001; x_wconf 75' lang='grc' dir='ltr'>Ἀϐραὰμ</span> <span class='ocrx_word' id='word_1_329' title='bbox 1202 2930 1331 2995; x_wconf 73' lang='grc' dir='ltr'>τοῦς</span> <span class='ocrx_word' id='word_1_330' title='bbox 1364 2931 1604 2996; x_wconf 79' lang='grc' dir='ltr'>κόλπους</span> <span class='ocrx_word' id='word_1_331' title='bbox 1660 2930 1950 3002; x_wconf 71' lang='grc' dir='ltr'>κληρωσά-</span> 
     </span>
    </p>
   </div>
   <div class='ocr_carea' id='block_1_46' title="bbox 350 3019 1946 3097">
    <p class='ocr_par' dir='ltr' id='par_1_46' title="bbox 350 3019 1946 3097">
     <span class='ocr_line' id='line_1_46' title="bbox 350 3019 1946 3097; baseline 0.007 -30"><span class='ocrx_word' id='word_1_332' title='bbox 350 3029 544 3083; x_wconf 76' lang='grc' dir='ltr'>μνον,</span> <span class='ocrx_word' id='word_1_333' title='bbox 598 3019 696 3071; x_wconf 77' lang='grc' dir='ltr'>καὶ</span> <span class='ocrx_word' id='word_1_334' title='bbox 726 3019 822 3073; x_wconf 82' lang='grc' dir='ltr'><strong>τδν</strong></span> <span class='ocrx_word' id='word_1_335' title='bbox 869 3021 930 3074; x_wconf 77' lang='grc' dir='ltr'>ὲν</span> <span class='ocrx_word' id='word_1_336' title='bbox 967 3023 1163 3095; x_wconf 73' lang='grc' dir='ltr'>γεέννῃ</span> <span class='ocrx_word' id='word_1_337' title='bbox 1215 3022 1614 3097; x_wconf 78' lang='grc' dir='ltr'>φλογιζόμενον</span> <span class='ocrx_word' id='word_1_338' title='bbox 1663 3024 1946 3092; x_wconf 81' lang='grc' dir='ltr'>πλούσιον,</span> 
     </span>
    </p>
   </div>
   <div class='ocr_carea' id='block_1_47' title="bbox 349 3106 1949 3189">
    <p class='ocr_par' dir='ltr' id='par_1_47' title="bbox 349 3106 1949 3189">
     <span class='ocr_line' id='line_1_47' title="bbox 349 3106 1949 3189; baseline 0.007 -27"><span class='ocrx_word' id='word_1_339' title='bbox 349 3106 497 3177; x_wconf 69' lang='grc' dir='ltr'>μηδὲ</span> <span class='ocrx_word' id='word_1_340' title='bbox 520 3108 627 3180; x_wconf 80' lang='grc' dir='ltr'>τῆς</span> <span class='ocrx_word' id='word_1_341' title='bbox 658 3111 796 3182; x_wconf 75' lang='grc' dir='ltr'>πρὸς</span> <span class='ocrx_word' id='word_1_342' title='bbox 820 3114 986 3169; x_wconf 80' lang='grc' dir='ltr'>αὐτὸν</span> <span class='ocrx_word' id='word_1_343' title='bbox 1010 3115 1109 3169; x_wconf 86' lang='grc' dir='ltr'><strong>τοῦ</strong></span> <span class='ocrx_word' id='word_1_344' title='bbox 1133 3116 1386 3188; x_wconf 68' lang='grc' dir='ltr'>Λαζάρου</span> <span class='ocrx_word' id='word_1_345' title='bbox 1416 3117 1657 3187; x_wconf 77' lang='grc' dir='ltr'><strong>ἀφίξεως</strong></span> <span class='ocrx_word' id='word_1_346' title='bbox 1689 3117 1949 3189; x_wconf 76' lang='grc' dir='ltr'>ἀξιούμε-</span> 
     </span>
    </p>
   </div>
   <div class='ocr_carea' id='block_1_48' title="bbox 351 3203 1945 3281">
    <p class='ocr_par' dir='ltr' id='par_1_48' title="bbox 351 3203 1945 3281">
     <span class='ocr_line' id='line_1_48' title="bbox 351 3203 1945 3281; baseline 0.009 -30"><span class='ocrx_word' id='word_1_347' title='bbox 351 3214 477 3262; x_wconf 81' lang='grc' dir='ltr'>νον,</span> <span class='ocrx_word' id='word_1_348' title='bbox 530 3203 628 3255; x_wconf 75' lang='grc' dir='ltr'><strong>καὶ</strong></span> <span class='ocrx_word' id='word_1_349' title='bbox 683 3204 949 3276; x_wconf 76' lang='grc' dir='ltr'>σταγόνος</span> <span class='ocrx_word' id='word_1_350' title='bbox 1008 3206 1201 3272; x_wconf 75' lang='grc' dir='ltr'>ὓδατος</span> <span class='ocrx_word' id='word_1_351' title='bbox 1251 3210 1660 3281; x_wconf 73' lang='grc' dir='ltr'>ἐστερημένον,</span> <span class='ocrx_word' id='word_1_352' title='bbox 1714 3211 1812 3265; x_wconf 72' lang='grc' dir='ltr'>καὶ</span> <span class='ocrx_word' id='word_1_353' title='bbox 1864 3211 1945 3277; x_wconf 63' lang='grc' dir='ltr'><strong>τὺ,</strong></span> 
     </span>
    </p>
   </div>
   <div class='ocr_carea' id='block_1_49' title="bbox 354 3294 1950 3374">
    <p class='ocr_par' dir='ltr' id='par_1_49' title="bbox 354 3294 1950 3374">
     <span class='ocr_line' id='line_1_49' title="bbox 354 3294 1950 3374; baseline 0.01 -30"><span class='ocrx_word' id='word_1_354' title='bbox 354 3310 380 3343; x_wconf 77' lang='grc' dir='ltr'><strong>σ</strong></span> <span class='ocrx_word' id='word_1_355' title='bbox 435 3294 738 3359; x_wconf 71' lang='grc' dir='ltr'>’Δπέλαϐες</span> <span class='ocrx_word' id='word_1_356' title='bbox 776 3297 848 3352; x_wconf 78' lang='grc' dir='ltr'>τὰ</span> <span class='ocrx_word' id='word_1_357' title='bbox 886 3300 1069 3368; x_wconf 84' lang='grc' dir='ltr'>ἀγαθά</span> <span class='ocrx_word' id='word_1_358' title='bbox 1105 3318 1202 3354; x_wconf 89' lang='grc' dir='ltr'><strong>σου</strong></span> <span class='ocrx_word' id='word_1_359' title='bbox 1228 3302 1288 3356; x_wconf 77' lang='grc' dir='ltr'>ἐν</span> <span class='ocrx_word' id='word_1_360' title='bbox 1312 3304 1377 3373; x_wconf 76' lang='grc' dir='ltr'><strong>τῇ</strong></span> <span class='ocrx_word' id='word_1_361' title='bbox 1409 3301 1524 3373; x_wconf 74' lang='grc' dir='ltr'>ζωῇ</span> <span class='ocrx_word' id='word_1_362' title='bbox 1560 3321 1680 3370; x_wconf 86' lang='grc' dir='ltr'>σου,</span> <span class='ocrx_word' id='word_1_363' title='bbox 1719 3324 1743 3358; x_wconf 70' lang='grc' dir='ltr'><strong>ι</strong></span> <span class='ocrx_word' id='word_1_364' title='bbox 1781 3306 1950 3374; x_wconf 74' lang='grc' dir='ltr'>ἐγκα-</span> 
     </span>
    </p>
   </div>
   <div class='ocr_carea' id='block_1_50' title="bbox 350 3383 1948 3464">
    <p class='ocr_par' dir='ltr' id='par_1_50' title="bbox 350 3383 1948 3464">
     <span class='ocr_line' id='line_1_50' title="bbox 350 3383 1948 3464; baseline 0.009 -29"><span class='ocrx_word' id='word_1_365' title='bbox 350 3383 643 3453; x_wconf 80' lang='grc' dir='ltr'>λούμενον.</span> <span class='ocrx_word' id='word_1_366' title='bbox 679 3388 788 3442; x_wconf 79' lang='grc' dir='ltr'><strong>Καὶ</strong></span> <span class='ocrx_word' id='word_1_367' title='bbox 830 3389 859 3441; x_wconf 85' lang='grc' dir='ltr'><strong>ό</strong></span> <span class='ocrx_word' id='word_1_368' title='bbox 885 3391 1257 3462; x_wconf 67' lang='grc' dir='ltr'>Μακαρισμὶς</span> <span class='ocrx_word' id='word_1_369' title='bbox 1300 3394 1599 3464; x_wconf 76' lang='grc' dir='ltr'>ὑπόσχεσιν</span> <span class='ocrx_word' id='word_1_370' title='bbox 1638 3394 1860 3463; x_wconf 82' lang='grc' dir='ltr'>ἀγαθῶν</span> <span class='ocrx_word' id='word_1_371' title='bbox 1885 3396 1948 3448; x_wconf 80' lang='grc' dir='ltr'>οὐ</span> 
     </span>
    </p>
   </div>
   <div class='ocr_carea' id='block_1_51' title="bbox 2126 2184 3634 2269">
    <p class='ocr_par' dir='ltr' id='par_1_51' title="bbox 2126 2184 3634 2269">
     <span class='ocr_line' id='line_1_51' title="bbox 2126 2184 3634 2269; baseline 0.002 -18"><span class='ocrx_word' id='word_1_372' title='bbox 2126 2195 2194 2253; x_wconf 75' lang='grc' dir='ltr'>ν.</span> <span class='ocrx_word' id='word_1_373' title='bbox 2257 2196 2509 2253; x_wconf 69' lang='lat' dir='ltr'><strong>Praesens</strong></span> <span class='ocrx_word' id='word_1_374' title='bbox 2566 2197 2789 2267; x_wconf 77' lang='lat' dir='ltr'><strong>quidem</strong></span> <span class='ocrx_word' id='word_1_375' title='bbox 2845 2198 2977 2262; x_wconf 82' lang='lat' dir='ltr'><strong>vita,</strong></span> <span class='ocrx_word' id='word_1_376' title='bbox 3029 2184 3228 2269; x_wconf 74' lang='lat' dir='ltr'><strong>coniux</strong></span> <span class='ocrx_word' id='word_1_377' title='bbox 3285 2198 3634 2267; x_wconf 83' lang='lat' dir='ltr'><strong>charissima,</strong></span> 
     </span>
    </p>
   </div>
   <div class='ocr_carea' id='block_1_52' title="bbox 2048 2288 3641 2361">
    <p class='ocr_par' dir='ltr' id='par_1_52' title="bbox 2048 2288 3641 2361">
     <span class='ocr_line' id='line_1_52' title="bbox 2048 2288 3641 2361; baseline 0 -16"><span class='ocrx_word' id='word_1_378' title='bbox 2048 2290 2231 2345; x_wconf 83' lang='lat' dir='ltr'><strong>brevis</strong></span> <span class='ocrx_word' id='word_1_379' title='bbox 2264 2297 2368 2354; x_wconf 86' lang='lat' dir='ltr'><strong>est,</strong></span> <span class='ocrx_word' id='word_1_380' title='bbox 2398 2296 2455 2343; x_wconf 90' lang='lat' dir='ltr'><strong>ut</strong></span> <span class='ocrx_word' id='word_1_381' title='bbox 2506 2299 2692 2343; x_wconf 89' lang='lat' dir='ltr'><strong>notum</strong></span> <span class='ocrx_word' id='word_1_382' title='bbox 2724 2288 3002 2355; x_wconf 86' lang='lat' dir='ltr'><strong>omnibus,</strong></span> <span class='ocrx_word' id='word_1_383' title='bbox 3047 2299 3104 2345; x_wconf 90' lang='lat' dir='ltr'><strong>et</strong></span> <span class='ocrx_word' id='word_1_384' title='bbox 3157 2302 3353 2359; x_wconf 82' lang='lat' dir='ltr'><strong>magna</strong></span> <span class='ocrx_word' id='word_1_385' title='bbox 3402 2290 3641 2361; x_wconf 88' lang='lat' dir='ltr'><strong>plerum-</strong></span> 
     </span>
    </p>
   </div>
   <div class='ocr_carea' id='block_1_53' title="bbox 2047 2378 3636 2450">
    <p class='ocr_par' dir='ltr' id='par_1_53' title="bbox 2047 2378 3636 2450">
     <span class='ocr_line' id='line_1_53' title="bbox 2047 2378 3636 2450; baseline 0.001 -16"><span class='ocrx_word' id='word_1_386' title='bbox 2047 2394 2156 2450; x_wconf 86' lang='lat' dir='ltr'><strong>que</strong></span> <span class='ocrx_word' id='word_1_387' title='bbox 2208 2378 2379 2434; x_wconf 81' lang='lat' dir='ltr'><strong>futuri</strong></span> <span class='ocrx_word' id='word_1_388' title='bbox 2421 2379 2810 2436; x_wconf 83' lang='lat' dir='ltr'><strong>incertitttdine</strong></span> <span class='ocrx_word' id='word_1_389' title='bbox 2843 2386 3090 2449; x_wconf 86' lang='lat' dir='ltr'><strong>tenetur;</strong></span> <span class='ocrx_word' id='word_1_390' title='bbox 3137 2380 3403 2450; x_wconf 84' lang='lat' dir='ltr'><strong>judicium</strong></span> <span class='ocrx_word' id='word_1_391' title='bbox 3454 2394 3636 2437; x_wconf 88' lang='lat' dir='ltr'><strong>autem</strong></span> 
     </span>
    </p>
   </div>
   <div class='ocr_carea' id='block_1_54' title="bbox 2048 2469 3638 2538">
    <p class='ocr_par' dir='ltr' id='par_1_54' title="bbox 2048 2469 3638 2538">
     <span class='ocr_line' id='line_1_54' title="bbox 2048 2469 3638 2538; baseline 0.002 -14"><span class='ocrx_word' id='word_1_392' title='bbox 2048 2484 2298 2526; x_wconf 85' lang='lat' dir='ltr'><strong>severqu</strong></span> <span class='ocrx_word' id='word_1_393' title='bbox 2329 2476 2515 2523; x_wconf 87' lang='lat' dir='ltr'><strong>manet</strong></span> <span class='ocrx_word' id='word_1_394' title='bbox 2547 2483 2645 2525; x_wconf 88' lang='lat' dir='ltr'><strong>eos</strong></span> <span class='ocrx_word' id='word_1_395' title='bbox 2673 2469 2765 2538; x_wconf 86' lang='lat' dir='ltr'><strong>qui</strong></span> <span class='ocrx_word' id='word_1_396' title='bbox 2806 2469 2861 2524; x_wconf 90' lang='lat' dir='ltr'><strong>in</strong></span> <span class='ocrx_word' id='word_1_397' title='bbox 2894 2469 2999 2526; x_wconf 84' lang='lat' dir='ltr'><strong>hac</strong></span> <span class='ocrx_word' id='word_1_398' title='bbox 3031 2471 3142 2526; x_wconf 82' lang='lat' dir='ltr'><strong>vita</strong></span> <span class='ocrx_word' id='word_1_399' title='bbox 3185 2471 3345 2527; x_wconf 85' lang='lat' dir='ltr'><strong>bonis</strong></span> <span class='ocrx_word' id='word_1_400' title='bbox 3382 2481 3440 2528; x_wconf 91' lang='lat' dir='ltr'><strong>et</strong></span> <span class='ocrx_word' id='word_1_401' title='bbox 3486 2475 3638 2528; x_wconf 88' lang='lat' dir='ltr'><strong>volu-</strong></span> 
     </span>
    </p>
   </div>
   <div class='ocr_carea' id='block_1_55' title="bbox 2048 2560 3639 2635">
    <p class='ocr_par' dir='ltr' id='par_1_55' title="bbox 2048 2560 3639 2635">
     <span class='ocr_line' id='line_1_55' title="bbox 2048 2560 3639 2635; baseline 0.004 -20"><span class='ocrx_word' id='word_1_402' title='bbox 2048 2563 2294 2633; x_wconf 86' lang='lat' dir='ltr'><strong>ptatibus</strong></span> <span class='ocrx_word' id='word_1_403' title='bbox 2321 2560 2570 2616; x_wconf 86' lang='lat' dir='ltr'><strong>atlluunt.</strong></span> <span class='ocrx_word' id='word_1_404' title='bbox 2620 2560 2773 2626; x_wconf 82' lang='lat' dir='ltr'><strong>Ideo,</strong></span> <span class='ocrx_word' id='word_1_405' title='bbox 2812 2563 3065 2631; x_wconf 83' lang='lat' dir='ltr'><strong>quamvis</strong></span> <span class='ocrx_word' id='word_1_406' title='bbox 3107 2565 3341 2635; x_wconf 72' lang='lat' dir='ltr'><strong>coniugii</strong></span> <span class='ocrx_word' id='word_1_407' title='bbox 3371 2581 3502 2621; x_wconf 89' lang='lat' dir='ltr'><strong>usus</strong></span> <span class='ocrx_word' id='word_1_408' title='bbox 3531 2566 3639 2621; x_wconf 85' lang='lat' dir='ltr'><strong>mi-</strong></span> 
     </span>
    </p>
   </div>
   <div class='ocr_carea' id='block_1_56' title="bbox 2051 2651 3638 2726">
    <p class='ocr_par' dir='ltr' id='par_1_56' title="bbox 2051 2651 3638 2726">
     <span class='ocr_line' id='line_1_56' title="bbox 2051 2651 3638 2726; baseline 0.005 -19"><span class='ocrx_word' id='word_1_409' title='bbox 2051 2652 2201 2707; x_wconf 83' lang='lat' dir='ltr'><strong>nime</strong></span> <span class='ocrx_word' id='word_1_410' title='bbox 2232 2652 2518 2723; x_wconf 85' lang='lat' dir='ltr'><strong>rejiciatur</strong></span> <span class='ocrx_word' id='word_1_411' title='bbox 2546 2668 2575 2707; x_wconf 86' lang='lat' dir='ltr'><strong>a</strong></span> <span class='ocrx_word' id='word_1_412' title='bbox 2613 2651 2745 2716; x_wconf 89' lang='lat' dir='ltr'><strong>Deo,</strong></span> <span class='ocrx_word' id='word_1_413' title='bbox 2793 2654 2926 2724; x_wconf 59' lang='lat' dir='ltr'><strong>ipsa:</strong></span> <span class='ocrx_word' id='word_1_414' title='bbox 2958 2663 3165 2722; x_wconf 86' lang='lat' dir='ltr'><strong>tamen,</strong></span> <span class='ocrx_word' id='word_1_415' title='bbox 3194 2672 3318 2726; x_wconf 82' lang='lat' dir='ltr'><strong>quae</strong></span> <span class='ocrx_word' id='word_1_416' title='bbox 3371 2672 3496 2714; x_wconf 89' lang='lat' dir='ltr'><strong>eum</strong></span> <span class='ocrx_word' id='word_1_417' title='bbox 3541 2674 3638 2715; x_wconf 70' lang='lat' dir='ltr'><strong>coo</strong></span> 
     </span>
    </p>
   </div>
   <div class='ocr_carea' id='block_1_57' title="bbox 2050 2743 3639 2819">
    <p class='ocr_par' dir='ltr' id='par_1_57' title="bbox 2050 2743 3639 2819">
     <span class='ocr_line' id='line_1_57' title="bbox 2050 2743 3639 2819; baseline 0.006 -22"><span class='ocrx_word' id='word_1_418' title='bbox 2050 2743 2315 2798; x_wconf 82' lang='lat' dir='ltr'><strong>tttilantur</strong></span> <span class='ocrx_word' id='word_1_419' title='bbox 2339 2744 2522 2799; x_wconf 79' lang='lat' dir='ltr'><strong>sa-cuii</strong></span> <span class='ocrx_word' id='word_1_420' title='bbox 2551 2758 2720 2811; x_wconf 64' lang='lat' dir='ltr'><strong>cura,</strong></span> <span class='ocrx_word' id='word_1_421' title='bbox 2750 2745 2969 2816; x_wconf 81' lang='lat' dir='ltr'><strong>plenam</strong></span> <span class='ocrx_word' id='word_1_422' title='bbox 3013 2748 3202 2803; x_wconf 82' lang='lat' dir='ltr'><strong>divino</strong></span> <span class='ocrx_word' id='word_1_423' title='bbox 3245 2749 3442 2819; x_wconf 86' lang='lat' dir='ltr'><strong>spiritu</strong></span> <span class='ocrx_word' id='word_1_424' title='bbox 3484 2766 3639 2807; x_wconf 59' lang='lat' dir='ltr'><strong>men.</strong></span> 
     </span>
    </p>
   </div>
   <div class='ocr_carea' id='block_1_58' title="bbox 2051 2836 3638 2910">
    <p class='ocr_par' dir='ltr' id='par_1_58' title="bbox 2051 2836 3638 2910">
     <span class='ocr_line' id='line_1_58' title="bbox 2051 2836 3638 2910; baseline 0.008 -23"><span class='ocrx_word' id='word_1_425' title='bbox 2051 2842 2161 2891; x_wconf 88' lang='lat' dir='ltr'><strong>tetu</strong></span> <span class='ocrx_word' id='word_1_426' title='bbox 2191 2844 2460 2890; x_wconf 87' lang='lat' dir='ltr'><strong>evacuaut</strong></span> <span class='ocrx_word' id='word_1_427' title='bbox 2483 2836 2858 2905; x_wconf 80' lang='lat' dir='ltr'><strong>alienamque,</strong></span> <span class='ocrx_word' id='word_1_428' title='bbox 2890 2849 2991 2894; x_wconf 77' lang='lat' dir='ltr'><strong>nec</strong></span> <span class='ocrx_word' id='word_1_429' title='bbox 3016 2839 3204 2894; x_wconf 73' lang='lat' dir='ltr'><strong>sinunt</strong></span> <span class='ocrx_word' id='word_1_430' title='bbox 3256 2841 3406 2910; x_wconf 84' lang='lat' dir='ltr'><strong>puris</strong></span> <span class='ocrx_word' id='word_1_431' title='bbox 3459 2843 3638 2900; x_wconf 89' lang='lat' dir='ltr'><strong>oculis</strong></span> 
     </span>
    </p>
   </div>
   <div class='ocr_carea' id='block_1_59' title="bbox 2050 2928 3640 3007">
    <p class='ocr_par' dir='ltr' id='par_1_59' title="bbox 2050 2928 3640 3007">
     <span class='ocr_line' id='line_1_59' title="bbox 2050 2928 3640 3007; baseline 0.005 -23"><span class='ocrx_word' id='word_1_432' title='bbox 2050 2928 2250 2984; x_wconf 89' lang='lat' dir='ltr'><strong>intueri</strong></span> <span class='ocrx_word' id='word_1_433' title='bbox 2282 2928 2485 2984; x_wconf 81' lang='lat' dir='ltr'><strong>futura.</strong></span> <span class='ocrx_word' id='word_1_434' title='bbox 2510 2929 2776 2987; x_wconf 85' lang='lat' dir='ltr'><strong>Novitnus</strong></span> <span class='ocrx_word' id='word_1_435' title='bbox 2799 2929 3072 2986; x_wconf 81' lang='lat' dir='ltr'><strong>Lazarum</strong></span> <span class='ocrx_word' id='word_1_436' title='bbox 3104 2932 3160 2988; x_wconf 83' lang='lat' dir='ltr'><strong>in</strong></span> <span class='ocrx_word' id='word_1_437' title='bbox 3196 2931 3507 3006; x_wconf 77' lang='lat' dir='ltr'><strong>Evangeliis</strong></span> <span class='ocrx_word' id='word_1_438' title='bbox 3541 2952 3640 3007; x_wconf 89' lang='lat' dir='ltr'><strong>per</strong></span> 
     </span>
    </p>
   </div>
   <div class='ocr_carea' id='block_1_60' title="bbox 2049 3021 3638 3093">
    <p class='ocr_par' dir='ltr' id='par_1_60' title="bbox 2049 3021 3638 3093">
     <span class='ocr_line' id='line_1_60' title="bbox 2049 3021 3638 3093; baseline 0.004 -15"><span class='ocrx_word' id='word_1_439' title='bbox 2049 3034 2168 3089; x_wconf 80' lang='lat' dir='ltr'><strong>eas,</strong></span> <span class='ocrx_word' id='word_1_440' title='bbox 2196 3037 2335 3093; x_wconf 74' lang='lat' dir='ltr'><strong>quas</strong></span> <span class='ocrx_word' id='word_1_441' title='bbox 2360 3022 2448 3078; x_wconf 80' lang='lat' dir='ltr'><strong>hic</strong></span> <span class='ocrx_word' id='word_1_442' title='bbox 2479 3021 2732 3079; x_wconf 81' lang='lat' dir='ltr'><strong>toleravit</strong></span> <span class='ocrx_word' id='word_1_443' title='bbox 2777 3024 3051 3091; x_wconf 75' lang='lat' dir='ltr'><strong>miserias,</strong></span> <span class='ocrx_word' id='word_1_444' title='bbox 3092 3025 3146 3080; x_wconf 77' lang='lat' dir='ltr'><strong>in</strong></span> <span class='ocrx_word' id='word_1_445' title='bbox 3176 3025 3414 3083; x_wconf 65' lang='lat' dir='ltr'><strong>Abrahae</strong></span> <span class='ocrx_word' id='word_1_446' title='bbox 3458 3029 3638 3084; x_wconf 89' lang='lat' dir='ltr'><strong>sinum</strong></span> 
     </span>
    </p>
   </div>
   <div class='ocr_carea' id='block_1_61' title="bbox 2052 3113 3639 3190">
    <p class='ocr_par' dir='ltr' id='par_1_61' title="bbox 2052 3113 3639 3190">
     <span class='ocr_line' id='line_1_61' title="bbox 2052 3113 3639 3190; baseline 0.003 -21"><span class='ocrx_word' id='word_1_447' title='bbox 2052 3113 2220 3170; x_wconf 78' lang='lat' dir='ltr'><strong>fuisse</strong></span> <span class='ocrx_word' id='word_1_448' title='bbox 2268 3113 2539 3182; x_wconf 73' lang='lat' dir='ltr'><strong>delatum;</strong></span> <span class='ocrx_word' id='word_1_449' title='bbox 2587 3123 2643 3170; x_wconf 88' lang='lat' dir='ltr'><strong>et</strong></span> <span class='ocrx_word' id='word_1_450' title='bbox 2689 3114 2743 3170; x_wconf 89' lang='lat' dir='ltr'><strong>in</strong></span> <span class='ocrx_word' id='word_1_451' title='bbox 2787 3116 3036 3190; x_wconf 78' lang='lat' dir='ltr'><strong>gehenna</strong></span> <span class='ocrx_word' id='word_1_452' title='bbox 3095 3117 3380 3175; x_wconf 88' lang='lat' dir='ltr'><strong>ardentem</strong></span> <span class='ocrx_word' id='word_1_453' title='bbox 3412 3119 3639 3176; x_wconf 80' lang='lat' dir='ltr'><strong>divitem</strong></span> 
     </span>
    </p>
   </div>
   <div class='ocr_carea' id='block_1_62' title="bbox 2052 3205 3641 3278">
    <p class='ocr_par' dir='ltr' id='par_1_62' title="bbox 2052 3205 3641 3278">
     <span class='ocr_line' id='line_1_62' title="bbox 2052 3205 3641 3278; baseline 0.005 -18"><span class='ocrx_word' id='word_1_454' title='bbox 2052 3220 2122 3261; x_wconf 88' lang='lat' dir='ltr'><strong>ne</strong></span> <span class='ocrx_word' id='word_1_455' title='bbox 2152 3205 2253 3262; x_wconf 90' lang='lat' dir='ltr'><strong>hoc</strong></span> <span class='ocrx_word' id='word_1_456' title='bbox 2284 3207 2504 3278; x_wconf 78' lang='lat' dir='ltr'><strong>quidem</strong></span> <span class='ocrx_word' id='word_1_457' title='bbox 2535 3207 2789 3263; x_wconf 84' lang='lat' dir='ltr'><strong>obtinere</strong></span> <span class='ocrx_word' id='word_1_458' title='bbox 2816 3208 3080 3277; x_wconf 87' lang='lat' dir='ltr'><strong>potuisse,</strong></span> <span class='ocrx_word' id='word_1_459' title='bbox 3115 3220 3175 3264; x_wconf 86' lang='lat' dir='ltr'><strong>ut</strong></span> <span class='ocrx_word' id='word_1_460' title='bbox 3212 3211 3281 3266; x_wconf 86' lang='lat' dir='ltr'><strong>ad</strong></span> <span class='ocrx_word' id='word_1_461' title='bbox 3311 3225 3370 3267; x_wconf 91' lang='lat' dir='ltr'><strong>se</strong></span> <span class='ocrx_word' id='word_1_462' title='bbox 3396 3211 3641 3268; x_wconf 82' lang='lat' dir='ltr'><strong>dimitte-</strong></span> 
     </span>
    </p>
   </div>
   <div class='ocr_carea' id='block_1_63' title="bbox 2052 3297 3642 3373">
    <p class='ocr_par' dir='ltr' id='par_1_63' title="bbox 2052 3297 3642 3373">
     <span class='ocr_line' id='line_1_63' title="bbox 2052 3297 3642 3373; baseline 0.003 -21"><span class='ocrx_word' id='word_1_463' title='bbox 2052 3308 2206 3352; x_wconf 84' lang='lat' dir='ltr'><strong>retur</strong></span> <span class='ocrx_word' id='word_1_464' title='bbox 2240 3297 2480 3353; x_wconf 75' lang='lat' dir='ltr'><strong>Lazarus</strong></span> <span class='ocrx_word' id='word_1_465' title='bbox 2514 3316 2528 3353; x_wconf 89' lang='lat'><strong>:</strong></span> <span class='ocrx_word' id='word_1_466' title='bbox 2562 3300 2674 3366; x_wconf 79' lang='lat' dir='ltr'><strong>cui,</strong></span> <span class='ocrx_word' id='word_1_467' title='bbox 2709 3315 2833 3354; x_wconf 89' lang='lat' dir='ltr'><strong>cum</strong></span> <span class='ocrx_word' id='word_1_468' title='bbox 2879 3299 3046 3355; x_wconf 86' lang='lat' dir='ltr'><strong>etiam</strong></span> <span class='ocrx_word' id='word_1_469' title='bbox 3090 3315 3247 3370; x_wconf 70' lang='lat' dir='ltr'><strong>aqua:</strong></span> <span class='ocrx_word' id='word_1_470' title='bbox 3285 3310 3436 3372; x_wconf 74' lang='lat' dir='ltr'><strong>gutta</strong></span> <span class='ocrx_word' id='word_1_471' title='bbox 3474 3317 3642 3373; x_wconf 78' lang='lat' dir='ltr'><strong>nega—</strong></span> 
     </span>
    </p>
   </div>
   <div class='ocr_carea' id='block_1_64' title="bbox 2058 3390 3643 3466">
    <p class='ocr_par' dir='ltr' id='par_1_64' title="bbox 2058 3390 3643 3466">
     <span class='ocr_line' id='line_1_64' title="bbox 2058 3390 3643 3466; baseline 0.006 -22"><span class='ocrx_word' id='word_1_472' title='bbox 2058 3400 2229 3455; x_wconf 84' lang='lat' dir='ltr'><strong>retur,</strong></span> <span class='ocrx_word' id='word_1_473' title='bbox 2256 3391 2386 3446; x_wconf 88' lang='lat' dir='ltr'><strong>illud</strong></span> <span class='ocrx_word' id='word_1_474' title='bbox 2421 3390 2694 3448; x_wconf 81' lang='lat' dir='ltr'><strong>funestum</strong></span> <span class='ocrx_word' id='word_1_475' title='bbox 2724 3393 2960 3449; x_wconf 83' lang='lat' dir='ltr'><strong>insonuit</strong></span> <span class='ocrx_word' id='word_1_476' title='bbox 2990 3411 3004 3448; x_wconf 86' lang='lat'><strong>:</strong></span> <span class='ocrx_word' id='word_1_477' title='bbox 3036 3413 3055 3445; x_wconf 81' lang='grc' dir='ltr'><strong>ι</strong></span> <span class='ocrx_word' id='word_1_478' title='bbox 3092 3394 3366 3466; x_wconf 77' lang='lat' dir='ltr'><strong>Recepisti</strong></span> <span class='ocrx_word' id='word_1_479' title='bbox 3409 3397 3551 3453; x_wconf 89' lang='lat' dir='ltr'><strong>bona</strong></span> <span class='ocrx_word' id='word_1_480' title='bbox 3585 3398 3643 3454; x_wconf 88' lang='lat' dir='ltr'><strong>iu</strong></span> 
     </span>
    </p>
   </div>
   <div class='ocr_carea' id='block_1_65' title="bbox 346 3478 1948 3556">
    <p class='ocr_par' dir='ltr' id='par_1_65' title="bbox 346 3481 1948 3556">
     <span class='ocr_line' id='line_1_65' title="bbox 346 3481 1948 3556; baseline 0.005 -24"><span class='ocrx_word' id='word_1_481' title='bbox 346 3481 469 3542; x_wconf 78' lang='grc' dir='ltr'>τοῖς</span> <span class='ocrx_word' id='word_1_482' title='bbox 494 3481 560 3533; x_wconf 73' lang='grc' dir='ltr'>ὲν</span> <span class='ocrx_word' id='word_1_483' title='bbox 580 3481 797 3553; x_wconf 85' lang='grc' dir='ltr'>πλούτῳ</span> <span class='ocrx_word' id='word_1_484' title='bbox 822 3482 1068 3554; x_wconf 84' lang='grc' dir='ltr'>κομῶσιν</span> <span class='ocrx_word' id='word_1_485' title='bbox 1094 3485 1458 3556; x_wconf 81' lang='grc' dir='ltr'>ὑπισχνεῖται,</span> <span class='ocrx_word' id='word_1_486' title='bbox 1485 3486 1622 3540; x_wconf 79' lang='grc' dir='ltr'>ἀλλὰ</span> <span class='ocrx_word' id='word_1_487' title='bbox 1646 3489 1760 3551; x_wconf 85' lang='grc' dir='ltr'>τοῖς</span> <span class='ocrx_word' id='word_1_488' title='bbox 1786 3487 1948 3541; x_wconf 80' lang='grc' dir='ltr'>κλαύ-</span> 
     </span>
    </p>
   </div>
   <div class='ocr_carea' id='block_1_66' title="bbox 2051 3478 3644 3556">
    <p class='ocr_par' dir='ltr' id='par_1_66' title="bbox 2056 3481 3644 3556">
     <span class='ocr_line' id='line_1_66' title="bbox 2056 3481 3644 3556; baseline 0.006 -22"><span class='ocrx_word' id='word_1_489' title='bbox 2056 3481 2165 3534; x_wconf 80' lang='lat' dir='ltr'><strong>vita</strong></span> <span class='ocrx_word' id='word_1_490' title='bbox 2192 3490 2281 3535; x_wconf 87' lang='lat' dir='ltr'><strong>tua</strong></span> <span class='ocrx_word' id='word_1_491' title='bbox 2322 3482 2389 3535; x_wconf 79' lang='lat'><strong>&quot;.</strong></span> <span class='ocrx_word' id='word_1_492' title='bbox 2423 3500 2442 3535; x_wconf 81' lang='grc' dir='ltr'><strong>ι</strong></span> <span class='ocrx_word' id='word_1_493' title='bbox 2479 3481 2667 3551; x_wconf 74' lang='lat' dir='ltr'><strong>Neque</strong></span> <span class='ocrx_word' id='word_1_494' title='bbox 2703 3496 2831 3537; x_wconf 87' lang='lat' dir='ltr'><strong>vero</strong></span> <span class='ocrx_word' id='word_1_495' title='bbox 2861 3498 2929 3538; x_wconf 78' lang='lat' dir='ltr'><strong>ex</strong></span> <span class='ocrx_word' id='word_1_496' title='bbox 2975 3484 3306 3556; x_wconf 78' lang='lat' dir='ltr'><strong>cvangelicis</strong></span> <span class='ocrx_word' id='word_1_497' title='bbox 3354 3488 3644 3543; x_wconf 83' lang='lat' dir='ltr'><strong>beatitudi-</strong></span> 
     </span>
    </p>
   </div>
   <div class='ocr_carea' id='block_1_67' title="bbox 353 3571 1952 3648">
    <p class='ocr_par' dir='ltr' id='par_1_67' title="bbox 353 3571 1952 3648">
     <span class='ocr_line' id='line_1_67' title="bbox 353 3571 1952 3648; baseline 0.004 -24"><span class='ocrx_word' id='word_1_498' title='bbox 353 3588 486 3625; x_wconf 82' lang='grc' dir='ltr'>σασι</span> <span class='ocrx_word' id='word_1_499' title='bbox 514 3571 614 3626; x_wconf 86' lang='grc' dir='ltr'><strong>νῦν</strong></span> <span class='ocrx_word' id='word_1_500' title='bbox 635 3575 720 3628; x_wconf 81' lang='grc' dir='ltr'>ὅτι</span> <span class='ocrx_word' id='word_1_501' title='bbox 746 3577 865 3629; x_wconf 69' lang='grc' dir='ltr'>ἐκεῖ</span> <span class='ocrx_word' id='word_1_502' title='bbox 888 3577 1238 3645; x_wconf 82' lang='grc' dir='ltr'>γελάσουσιν,</span> <span class='ocrx_word' id='word_1_503' title='bbox 1263 3579 1377 3641; x_wconf 78' lang='grc' dir='ltr'>τοῖς</span> <span class='ocrx_word' id='word_1_504' title='bbox 1411 3580 1649 3647; x_wconf 76' lang='grc' dir='ltr'>πτωχοῖς</span> <span class='ocrx_word' id='word_1_505' title='bbox 1677 3577 1755 3648; x_wconf 81' lang='grc' dir='ltr'><strong>τῷ</strong></span> <span class='ocrx_word' id='word_1_506' title='bbox 1787 3578 1952 3631; x_wconf 83' lang='grc' dir='ltr'>πνεύ-</span> 
     </span>
    </p>
   </div>
   <div class='ocr_carea' id='block_1_68' title="bbox 353 3666 1951 3741">
    <p class='ocr_par' dir='ltr' id='par_1_68' title="bbox 353 3666 1951 3741">
     <span class='ocr_line' id='line_1_68' title="bbox 353 3666 1951 3741; baseline 0.004 -24"><span class='ocrx_word' id='word_1_507' title='bbox 353 3683 520 3733; x_wconf 85' lang='grc' dir='ltr'>ματι,</span> <span class='ocrx_word' id='word_1_508' title='bbox 550 3666 663 3729; x_wconf 79' lang='grc' dir='ltr'>τοῖς</span> <span class='ocrx_word' id='word_1_509' title='bbox 708 3666 1094 3738; x_wconf 79' lang='grc' dir='ltr'>δεδιωγμένοις</span> <span class='ocrx_word' id='word_1_510' title='bbox 1124 3668 1214 3723; x_wconf 82' lang='grc' dir='ltr'>διὰ</span> <span class='ocrx_word' id='word_1_511' title='bbox 1254 3669 1633 3741; x_wconf 78' lang='grc' dir='ltr'>δικαιοσύνην,</span> <span class='ocrx_word' id='word_1_512' title='bbox 1662 3672 1775 3733; x_wconf 84' lang='grc' dir='ltr'>τοῖς</span> <span class='ocrx_word' id='word_1_513' title='bbox 1810 3671 1951 3724; x_wconf 78' lang='grc' dir='ltr'>ὀνει-</span> 
     </span>
    </p>
   </div>
   <div class='ocr_carea' id='block_1_69' title="bbox 346 3759 1951 3835">
    <p class='ocr_par' dir='ltr' id='par_1_69' title="bbox 346 3759 1951 3835">
     <span class='ocr_line' id='line_1_69' title="bbox 346 3759 1951 3835; baseline 0.005 -25"><span class='ocrx_word' id='word_1_514' title='bbox 346 3759 667 3828; x_wconf 80' lang='grc' dir='ltr'>διζομένοις</span> <span class='ocrx_word' id='word_1_515' title='bbox 692 3760 779 3813; x_wconf 77' lang='grc' dir='ltr'><strong>δ;ἁ</strong></span> <span class='ocrx_word' id='word_1_516' title='bbox 811 3762 1080 3831; x_wconf 77' lang='grc' dir='ltr'>Χριστόν·</span> <span class='ocrx_word' id='word_1_517' title='bbox 1111 3763 1208 3817; x_wconf 77' lang='grc' dir='ltr'>καὶ</span> <span class='ocrx_word' id='word_1_518' title='bbox 1239 3765 1389 3831; x_wconf 79' lang='grc' dir='ltr'>ἅπαξ</span> <span class='ocrx_word' id='word_1_519' title='bbox 1416 3764 1628 3827; x_wconf 82' lang='grc' dir='ltr'>ἁπλῶς,</span> <span class='ocrx_word' id='word_1_520' title='bbox 1657 3764 1825 3835; x_wconf 77' lang='grc' dir='ltr'>στενὴ</span> <span class='ocrx_word' id='word_1_521' title='bbox 1855 3766 1951 3819; x_wconf 75' lang='grc' dir='ltr'>καὶ</span> 
     </span>
    </p>
   </div>
   <div class='ocr_carea' id='block_1_70' title="bbox 353 3852 1951 3927">
    <p class='ocr_par' dir='ltr' id='par_1_70' title="bbox 353 3852 1951 3927">
     <span class='ocr_line' id='line_1_70' title="bbox 353 3852 1951 3927; baseline 0.002 -23"><span class='ocrx_word' id='word_1_522' title='bbox 353 3852 699 3924; x_wconf 74' lang='grc' dir='ltr'>τεθλιμμένη</span> <span class='ocrx_word' id='word_1_523' title='bbox 729 3855 763 3924; x_wconf 80' lang='grc' dir='ltr'>ἡ</span> <span class='ocrx_word' id='word_1_524' title='bbox 793 3854 970 3926; x_wconf 72' lang='grc' dir='ltr'>ὁδὸςή</span> <span class='ocrx_word' id='word_1_525' title='bbox 1006 3857 1304 3926; x_wconf 74' lang='grc' dir='ltr'>ἀπάγουσα</span> <span class='ocrx_word' id='word_1_526' title='bbox 1351 3856 1432 3919; x_wconf 84' lang='grc' dir='ltr'><strong>είς</strong></span> <span class='ocrx_word' id='word_1_527' title='bbox 1463 3856 1565 3926; x_wconf 82' lang='grc' dir='ltr'>τῆν</span> <span class='ocrx_word' id='word_1_528' title='bbox 1598 3854 1767 3927; x_wconf 73' lang='grc' dir='ltr'>ζωὴν,</span> <span class='ocrx_word' id='word_1_529' title='bbox 1807 3855 1951 3908; x_wconf 78' lang='grc' dir='ltr'>πλαο</span> 
     </span>
    </p>
   </div>
   <div class='ocr_carea' id='block_1_71' title="bbox 350 3945 1944 4019">
    <p class='ocr_par' dir='ltr' id='par_1_71' title="bbox 350 3945 1944 4019">
     <span class='ocr_line' id='line_1_71' title="bbox 350 3945 1944 4019; baseline 0.001 -20"><span class='ocrx_word' id='word_1_530' title='bbox 350 3947 478 3999; x_wconf 78' lang='grc' dir='ltr'>τεῑα</span> <span class='ocrx_word' id='word_1_531' title='bbox 499 3946 562 3999; x_wconf 74' lang='grc' dir='ltr'>δὲ</span> <span class='ocrx_word' id='word_1_532' title='bbox 585 3945 682 3999; x_wconf 78' lang='grc' dir='ltr'>καὶ</span> <span class='ocrx_word' id='word_1_533' title='bbox 711 3947 1025 4019; x_wconf 81' lang='grc' dir='ltr'>εὐρύχωρος</span> <span class='ocrx_word' id='word_1_534' title='bbox 1051 3950 1086 4018; x_wconf 78' lang='grc' dir='ltr'><strong>ἡ</strong></span> <span class='ocrx_word' id='word_1_535' title='bbox 1108 3949 1400 4017; x_wconf 81' lang='grc' dir='ltr'><strong>ἀπάγουσα</strong></span> <span class='ocrx_word' id='word_1_536' title='bbox 1423 3950 1503 4011; x_wconf 84' lang='grc' dir='ltr'><strong>είς</strong></span> <span class='ocrx_word' id='word_1_537' title='bbox 1525 3947 1623 4018; x_wconf 75' lang='grc' dir='ltr'>τὴν</span> <span class='ocrx_word' id='word_1_538' title='bbox 1645 3945 1944 4002; x_wconf 80' lang='grc' dir='ltr'>ἀπώλειαν.</span> 
     </span>
    </p>
   </div>
   <div class='ocr_carea' id='block_1_72' title="bbox 353 4038 1949 4111">
    <p class='ocr_par' dir='ltr' id='par_1_72' title="bbox 353 4038 1949 4111">
     <span class='ocr_line' id='line_1_72' title="bbox 353 4038 1949 4111; baseline -0.001 -19"><span class='ocrx_word' id='word_1_539' title='bbox 353 4040 477 4092; x_wconf 80' lang='grc' dir='ltr'>Οὐκ</span> <span class='ocrx_word' id='word_1_540' title='bbox 511 4039 663 4094; x_wconf 74' lang='grc' dir='ltr'>ἔστιν</span> <span class='ocrx_word' id='word_1_541' title='bbox 704 4041 798 4095; x_wconf 75' lang='grc' dir='ltr'>οὖν</span> <span class='ocrx_word' id='word_1_542' title='bbox 840 4041 975 4095; x_wconf 77' lang='grc' dir='ltr'>ἄνευ</span> <span class='ocrx_word' id='word_1_543' title='bbox 1028 4041 1265 4111; x_wconf 63' lang='grc' dir='ltr'>θλίψεως</span> <span class='ocrx_word' id='word_1_544' title='bbox 1315 4038 1635 4106; x_wconf 75' lang='grc' dir='ltr'>ὑπεξελθεῖν</span> <span class='ocrx_word' id='word_1_545' title='bbox 1682 4041 1863 4109; x_wconf 79' lang='grc' dir='ltr'>ἡμᾶς’</span> <span class='ocrx_word' id='word_1_546' title='bbox 1899 4040 1949 4092; x_wconf 80' lang='grc' dir='ltr'><strong>εί</strong></span> 
     </span>
    </p>
   </div>
   <div class='ocr_carea' id='block_1_73' title="bbox 352 4129 1952 4204">
    <p class='ocr_par' dir='ltr' id='par_1_73' title="bbox 352 4129 1952 4204">
     <span class='ocr_line' id='line_1_73' title="bbox 352 4129 1952 4204; baseline -0.001 -20"><span class='ocrx_word' id='word_1_547' title='bbox 352 4131 464 4201; x_wconf 79' lang='grc' dir='ltr'><strong>μὲν</strong></span> <span class='ocrx_word' id='word_1_548' title='bbox 488 4131 603 4203; x_wconf 77' lang='grc' dir='ltr'>γὰρ</span> <span class='ocrx_word' id='word_1_549' title='bbox 629 4133 689 4186; x_wconf 81' lang='grc' dir='ltr'>ὲν</span> <span class='ocrx_word' id='word_1_550' title='bbox 717 4132 855 4204; x_wconf 77' lang='grc' dir='ltr'>τῷδε</span> <span class='ocrx_word' id='word_1_551' title='bbox 894 4131 975 4203; x_wconf 84' lang='grc' dir='ltr'>τῷ</span> <span class='ocrx_word' id='word_1_552' title='bbox 1009 4132 1110 4203; x_wconf 80' lang='grc' dir='ltr'><strong>βίῳ</strong></span> <span class='ocrx_word' id='word_1_553' title='bbox 1140 4133 1495 4203; x_wconf 84' lang='grc' dir='ltr'>χαρμονικῶς</span> <span class='ocrx_word' id='word_1_554' title='bbox 1532 4130 1801 4201; x_wconf 74' lang='grc' dir='ltr'>διέξομεν,</span> <span class='ocrx_word' id='word_1_555' title='bbox 1835 4129 1952 4183; x_wconf 84' lang='grc' dir='ltr'>θλί-</span> 
     </span>
    </p>
   </div>
   <div class='ocr_carea' id='block_1_74' title="bbox 349 4224 1951 4297">
    <p class='ocr_par' dir='ltr' id='par_1_74' title="bbox 349 4224 1951 4297">
     <span class='ocr_line' id='line_1_74' title="bbox 349 4224 1951 4297; baseline -0.004 -20"><span class='ocrx_word' id='word_1_556' title='bbox 349 4225 452 4293; x_wconf 61' lang='grc' dir='ltr'><strong>ψις</strong></span> <span class='ocrx_word' id='word_1_557' title='bbox 481 4227 546 4278; x_wconf 82' lang='grc' dir='ltr'>ὲν</span> <span class='ocrx_word' id='word_1_558' title='bbox 575 4226 655 4295; x_wconf 83' lang='grc' dir='ltr'>τῷ</span> <span class='ocrx_word' id='word_1_559' title='bbox 693 4227 944 4297; x_wconf 80' lang='grc' dir='ltr'>μέλλοντι</span> <span class='ocrx_word' id='word_1_560' title='bbox 988 4227 1294 4292; x_wconf 80' lang='grc' dir='ltr'>διαδέξεται</span> <span class='ocrx_word' id='word_1_561' title='bbox 1339 4228 1509 4297; x_wconf 80' lang='grc' dir='ltr'>ἡμᾶς.</span> <span class='ocrx_word' id='word_1_562' title='bbox 1551 4224 1695 4278; x_wconf 84' lang='grc' dir='ltr'>Ἀλλ’</span> <span class='ocrx_word' id='word_1_563' title='bbox 1737 4227 1786 4278; x_wconf 85' lang='grc' dir='ltr'><strong>εί</strong></span> <span class='ocrx_word' id='word_1_564' title='bbox 1825 4224 1951 4295; x_wconf 76' lang='grc' dir='ltr'>βού-</span> 
     </span>
    </p>
   </div>
   <div class='ocr_carea' id='block_1_75' title="bbox 352 4316 1950 4389">
    <p class='ocr_par' dir='ltr' id='par_1_75' title="bbox 352 4316 1950 4389">
     <span class='ocr_line' id='line_1_75' title="bbox 352 4316 1950 4389; baseline 0.001 -21"><span class='ocrx_word' id='word_1_565' title='bbox 352 4317 464 4382; x_wconf 59' lang='grc' dir='ltr'><strong>λευ</strong></span> <span class='ocrx_word' id='word_1_566' title='bbox 496 4316 683 4386; x_wconf 83' lang='grc' dir='ltr'>γύναι,</span> <span class='ocrx_word' id='word_1_567' title='bbox 720 4320 918 4389; x_wconf 67' lang='grc' dir='ltr'>μικρὸν</span> <span class='ocrx_word' id='word_1_568' title='bbox 957 4321 1025 4389; x_wconf 85' lang='grc' dir='ltr'><strong>τῇ</strong></span> <span class='ocrx_word' id='word_1_569' title='bbox 1060 4318 1223 4387; x_wconf 78' lang='grc' dir='ltr'>φύσει</span> <span class='ocrx_word' id='word_1_570' title='bbox 1252 4318 1691 4388; x_wconf 76' lang='grc' dir='ltr'>κοινωνήσαντες</span> <span class='ocrx_word' id='word_1_571' title='bbox 1723 4317 1811 4370; x_wconf 78' lang='grc' dir='ltr'><strong>δ.ἀ</strong></span> <span class='ocrx_word' id='word_1_572' title='bbox 1851 4316 1950 4387; x_wconf 79' lang='grc' dir='ltr'>τὴν</span> 
     </span>
    </p>
   </div>
   <div class='ocr_carea' id='block_1_76' title="bbox 353 4406 1948 4481">
    <p class='ocr_par' dir='ltr' id='par_1_76' title="bbox 353 4406 1948 4481">
     <span class='ocr_line' id='line_1_76' title="bbox 353 4406 1948 4481; baseline -0.001 -20"><span class='ocrx_word' id='word_1_573' title='bbox 353 4410 454 4461; x_wconf 77' lang='grc' dir='ltr'><strong>τοῦ</strong></span> <span class='ocrx_word' id='word_1_574' title='bbox 489 4409 589 4461; x_wconf 82' lang='grc' dir='ltr'><strong>σοῦ</strong></span> <span class='ocrx_word' id='word_1_575' title='bbox 643 4413 850 4481; x_wconf 81' lang='grc' dir='ltr'>πατρὸς</span> <span class='ocrx_word' id='word_1_576' title='bbox 887 4410 1203 4477; x_wconf 83' lang='grc' dir='ltr'>αὐθάδειαν,</span> <span class='ocrx_word' id='word_1_577' title='bbox 1249 4410 1558 4481; x_wconf 68' lang='grc' dir='ltr'>ἀπάρωμεν</span> <span class='ocrx_word' id='word_1_578' title='bbox 1590 4408 1819 4470; x_wconf 79' lang='grc' dir='ltr'>ἑαυτοὺς</span> <span class='ocrx_word' id='word_1_579' title='bbox 1847 4406 1948 4477; x_wconf 77' lang='grc' dir='ltr'>τῆς</span> 
     </span>
    </p>
   </div>
   <div class='ocr_carea' id='block_1_77' title="bbox 356 4501 1949 4576">
    <p class='ocr_par' dir='ltr' id='par_1_77' title="bbox 356 4501 1949 4576">
     <span class='ocr_line' id='line_1_77' title="bbox 356 4501 1949 4576; baseline -0.001 -22"><span class='ocrx_word' id='word_1_580' title='bbox 356 4502 735 4574; x_wconf 66' lang='grc' dir='ltr'>βορίζορὼδους</span> <span class='ocrx_word' id='word_1_581' title='bbox 770 4504 979 4573; x_wconf 72' lang='grc' dir='ltr'>ταύτης</span> <span class='ocrx_word' id='word_1_582' title='bbox 1025 4507 1122 4557; x_wconf 67' lang='grc' dir='ltr'><strong>κα)⁵</strong></span> <span class='ocrx_word' id='word_1_583' title='bbox 1170 4503 1451 4576; x_wconf 79' lang='grc' dir='ltr'>συρφετῆς</span> <span class='ocrx_word' id='word_1_584' title='bbox 1500 4502 1800 4572; x_wconf 73' lang='grc' dir='ltr'>διαγωγῆς,</span> <span class='ocrx_word' id='word_1_585' title='bbox 1855 4501 1949 4553; x_wconf 75' lang='grc' dir='ltr'>καὶ</span> 
     </span>
    </p>
   </div>
   <div class='ocr_carea' id='block_1_78' title="bbox 353 4591 1946 4667">
    <p class='ocr_par' dir='ltr' id='par_1_78' title="bbox 353 4591 1946 4667">
     <span class='ocr_line' id='line_1_78' title="bbox 353 4591 1946 4667; baseline -0.003 -20"><span class='ocrx_word' id='word_1_586' title='bbox 353 4595 452 4648; x_wconf 66' lang='grc' dir='ltr'><strong>τὸν</strong></span> <span class='ocrx_word' id='word_1_587' title='bbox 512 4597 729 4667; x_wconf 81' lang='grc' dir='ltr'>μονήρη</span> <span class='ocrx_word' id='word_1_588' title='bbox 782 4594 898 4666; x_wconf 79' lang='grc' dir='ltr'>βίον</span> <span class='ocrx_word' id='word_1_589' title='bbox 948 4592 1463 4664; x_wconf 81' lang='grc' dir='ltr'>κατασπασὼμεθα,</span> <span class='ocrx_word' id='word_1_590' title='bbox 1517 4593 1667 4656; x_wconf 82' lang='grc' dir='ltr'>ὅπως</span> <span class='ocrx_word' id='word_1_591' title='bbox 1724 4591 1946 4645; x_wconf 78' lang='grc' dir='ltr'>αἰωνίου</span> 
     </span>
    </p>
   </div>
   <div class='ocr_carea' id='block_1_79' title="bbox 352 4686 1203 4759">
    <p class='ocr_par' dir='ltr' id='par_1_79' title="bbox 352 4686 1203 4759">
     <span class='ocr_line' id='line_1_79' title="bbox 352 4686 1203 4759; baseline 0.002 -18"><span class='ocrx_word' id='word_1_592' title='bbox 352 4689 794 4759; x_wconf 69' lang='grc' dir='ltr'>εὖμοιρήσωμεν</span> <span class='ocrx_word' id='word_1_593' title='bbox 822 4686 1203 4750; x_wconf 80' lang='grc' dir='ltr'>ἀπολαύσεως.</span> 
     </span>
    </p>
   </div>
   <div class='ocr_carea' id='block_1_80' title="bbox 2050 3570 3644 3644">
    <p class='ocr_par' dir='ltr' id='par_1_80' title="bbox 2050 3570 3644 3644">
     <span class='ocr_line' id='line_1_80' title="bbox 2050 3570 3644 3644; baseline 0.006 -18"><span class='ocrx_word' id='word_1_594' title='bbox 2050 3570 2215 3626; x_wconf 82' lang='lat' dir='ltr'><strong>nibus</strong></span> <span class='ocrx_word' id='word_1_595' title='bbox 2248 3570 2353 3624; x_wconf 84' lang='lat' dir='ltr'><strong>ulla</strong></span> <span class='ocrx_word' id='word_1_596' title='bbox 2390 3572 2634 3626; x_wconf 88' lang='lat' dir='ltr'><strong>continet</strong></span> <span class='ocrx_word' id='word_1_597' title='bbox 2685 3571 2951 3629; x_wconf 81' lang='lat' dir='ltr'><strong>bonorum</strong></span> <span class='ocrx_word' id='word_1_598' title='bbox 3002 3576 3420 3644; x_wconf 86' lang='lat' dir='ltr'><strong>promissionem</strong></span> <span class='ocrx_word' id='word_1_599' title='bbox 3456 3581 3644 3636; x_wconf 84' lang='lat' dir='ltr'><strong>diviti-</strong></span> 
     </span>
    </p>
   </div>
   <div class='ocr_carea' id='block_1_81' title="bbox 2055 3661 3639 3740">
    <p class='ocr_par' dir='ltr' id='par_1_81' title="bbox 2055 3661 3639 3740">
     <span class='ocr_line' id='line_1_81' title="bbox 2055 3661 3639 3740; baseline 0.004 -23"><span class='ocrx_word' id='word_1_600' title='bbox 2055 3664 2155 3717; x_wconf 90' lang='lat' dir='ltr'><strong>bus</strong></span> <span class='ocrx_word' id='word_1_601' title='bbox 2185 3662 2422 3728; x_wconf 80' lang='lat' dir='ltr'><strong>factum;</strong></span> <span class='ocrx_word' id='word_1_602' title='bbox 2453 3666 2559 3717; x_wconf 77' lang='lat' dir='ltr'><strong>sed</strong></span> <span class='ocrx_word' id='word_1_603' title='bbox 2577 3661 2831 3719; x_wconf 81' lang='lat' dir='ltr'><strong>ﬂetttibus</strong></span> <span class='ocrx_word' id='word_1_604' title='bbox 2858 3679 3024 3734; x_wconf 86' lang='lat' dir='ltr'><strong>nunc,</strong></span> <span class='ocrx_word' id='word_1_605' title='bbox 3051 3668 3174 3736; x_wconf 85' lang='lat' dir='ltr'><strong>quia</strong></span> <span class='ocrx_word' id='word_1_606' title='bbox 3203 3667 3328 3724; x_wconf 89' lang='lat' dir='ltr'><strong>istic</strong></span> <span class='ocrx_word' id='word_1_607' title='bbox 3352 3671 3639 3740; x_wconf 76' lang='lat' dir='ltr'><strong>ridebunt,</strong></span> 
     </span>
    </p>
   </div>
   <div class='ocr_carea' id='block_1_82' title="bbox 2055 3754 3647 3827">
    <p class='ocr_par' dir='ltr' id='par_1_82' title="bbox 2055 3754 3647 3827">
     <span class='ocr_line' id='line_1_82' title="bbox 2055 3754 3647 3827; baseline 0.009 -22"><span class='ocrx_word' id='word_1_608' title='bbox 2055 3762 2151 3808; x_wconf 85' lang='lat' dir='ltr'><strong>aut</strong></span> <span class='ocrx_word' id='word_1_609' title='bbox 2202 3754 2533 3823; x_wconf 78' lang='lat' dir='ltr'><strong>pauperibus</strong></span> <span class='ocrx_word' id='word_1_610' title='bbox 2584 3754 2798 3823; x_wconf 83' lang='lat' dir='ltr'><strong>spiritu,</strong></span> <span class='ocrx_word' id='word_1_611' title='bbox 2853 3765 2949 3811; x_wconf 87' lang='lat' dir='ltr'><strong>aut</strong></span> <span class='ocrx_word' id='word_1_612' title='bbox 2998 3760 3433 3827; x_wconf 84' lang='lat' dir='ltr'><strong>persecutionem</strong></span> <span class='ocrx_word' id='word_1_613' title='bbox 3478 3766 3647 3819; x_wconf 83' lang='lat' dir='ltr'><strong>susti-</strong></span> 
     </span>
    </p>
   </div>
   <div class='ocr_carea' id='block_1_83' title="bbox 2054 3845 3646 3924">
    <p class='ocr_par' dir='ltr' id='par_1_83' title="bbox 2054 3845 3646 3924">
     <span class='ocr_line' id='line_1_83' title="bbox 2054 3845 3646 3924; baseline 0.006 -25"><span class='ocrx_word' id='word_1_614' title='bbox 2054 3845 2318 3900; x_wconf 78' lang='lat' dir='ltr'><strong>ﬂentibus</strong></span> <span class='ocrx_word' id='word_1_615' title='bbox 2347 3857 2571 3915; x_wconf 84' lang='lat' dir='ltr'><strong>propter</strong></span> <span class='ocrx_word' id='word_1_616' title='bbox 2590 3845 2882 3912; x_wconf 83' lang='lat' dir='ltr'><strong>justitiam,</strong></span> <span class='ocrx_word' id='word_1_617' title='bbox 2913 3847 2999 3902; x_wconf 87' lang='lat' dir='ltr'><strong>vel</strong></span> <span class='ocrx_word' id='word_1_618' title='bbox 3047 3851 3372 3905; x_wconf 74' lang='lat' dir='ltr'><strong>ceut‘umelia</strong></span> <span class='ocrx_word' id='word_1_619' title='bbox 3421 3865 3646 3924; x_wconf 88' lang='lat' dir='ltr'><strong>propter</strong></span> 
     </span>
    </p>
   </div>
   <div class='ocr_carea' id='block_1_84' title="bbox 2052 3935 3647 4006">
    <p class='ocr_par' dir='ltr' id='par_1_84' title="bbox 2052 3935 3647 4006">
     <span class='ocr_line' id='line_1_84' title="bbox 2052 3935 3647 4006; baseline 0.007 -14"><span class='ocrx_word' id='word_1_620' title='bbox 2052 3936 2332 3992; x_wconf 83' lang='lat' dir='ltr'><strong>Christum</strong></span> <span class='ocrx_word' id='word_1_621' title='bbox 2365 3935 2596 3992; x_wconf 61' lang='lat' dir='ltr'><strong>alienis.</strong></span> <span class='ocrx_word' id='word_1_622' title='bbox 2632 3937 2809 4006; x_wconf 80' lang='lat' dir='ltr'><strong>Atque</strong></span> <span class='ocrx_word' id='word_1_623' title='bbox 2839 3947 2898 3993; x_wconf 90' lang='lat' dir='ltr'><strong>ut</strong></span> <span class='ocrx_word' id='word_1_624' title='bbox 2933 3955 3041 3995; x_wconf 89' lang='lat' dir='ltr'><strong>uno</strong></span> <span class='ocrx_word' id='word_1_625' title='bbox 3065 3942 3233 3996; x_wconf 83' lang='lat' dir='ltr'><strong>semel</strong></span> <span class='ocrx_word' id='word_1_626' title='bbox 3268 3944 3434 4000; x_wconf 87' lang='lat' dir='ltr'><strong>verbo</strong></span> <span class='ocrx_word' id='word_1_627' title='bbox 3466 3946 3647 4003; x_wconf 85' lang='lat' dir='ltr'><strong>absol-</strong></span> 
     </span>
    </p>
   </div>
   <div class='ocr_carea' id='block_1_85' title="bbox 2054 4028 3647 4109">
    <p class='ocr_par' dir='ltr' id='par_1_85' title="bbox 2054 4028 3647 4109">
     <span class='ocr_line' id='line_1_85' title="bbox 2054 4028 3647 4109; baseline 0.009 -25"><span class='ocrx_word' id='word_1_628' title='bbox 2054 4047 2175 4086; x_wconf 80' lang='lat' dir='ltr'><strong>vam</strong></span> <span class='ocrx_word' id='word_1_629' title='bbox 2206 4049 2221 4088; x_wconf 89' lang='lat'><strong>:</strong></span> <span class='ocrx_word' id='word_1_630' title='bbox 2264 4051 2282 4084; x_wconf 85' lang='grc' dir='ltr'><strong>ι</strong></span> <span class='ocrx_word' id='word_1_631' title='bbox 2320 4034 2560 4103; x_wconf 77' lang='lat' dir='ltr'><strong>Angusta</strong></span> <span class='ocrx_word' id='word_1_632' title='bbox 2607 4046 2764 4103; x_wconf 87' lang='lat' dir='ltr'><strong>porta</strong></span> <span class='ocrx_word' id='word_1_633' title='bbox 2796 4043 2852 4089; x_wconf 88' lang='lat' dir='ltr'><strong>ct</strong></span> <span class='ocrx_word' id='word_1_634' title='bbox 2882 4046 3031 4091; x_wconf 87' lang='lat' dir='ltr'><strong>arcta</strong></span> <span class='ocrx_word' id='word_1_635' title='bbox 3063 4047 3147 4092; x_wconf 90' lang='lat' dir='ltr'><strong>est</strong></span> <span class='ocrx_word' id='word_1_636' title='bbox 3183 4039 3291 4105; x_wconf 85' lang='lat' dir='ltr'><strong>via,</strong></span> <span class='ocrx_word' id='word_1_637' title='bbox 3321 4054 3442 4109; x_wconf 73' lang='lat' dir='ltr'><strong>qua:</strong></span> <span class='ocrx_word' id='word_1_638' title='bbox 3493 4028 3647 4099; x_wconf 80' lang='lat' dir='ltr'><strong>ducit</strong></span> 
     </span>
    </p>
   </div>
   <div class='ocr_carea' id='block_1_86' title="bbox 2054 4124 3646 4202">
    <p class='ocr_par' dir='ltr' id='par_1_86' title="bbox 2054 4124 3646 4202">
     <span class='ocr_line' id='line_1_86' title="bbox 2054 4124 3646 4202; baseline 0.006 -24"><span class='ocrx_word' id='word_1_639' title='bbox 2054 4124 2121 4178; x_wconf 87' lang='lat' dir='ltr'><strong>ad</strong></span> <span class='ocrx_word' id='word_1_640' title='bbox 2150 4125 2315 4178; x_wconf 79' lang='lat' dir='ltr'><strong>vitam</strong></span> <span class='ocrx_word' id='word_1_641' title='bbox 2343 4142 2356 4178; x_wconf 88' lang='lat'><strong>:</strong></span> <span class='ocrx_word' id='word_1_642' title='bbox 2391 4125 2498 4179; x_wconf 83' lang='lat' dir='ltr'><strong>lata</strong></span> <span class='ocrx_word' id='word_1_643' title='bbox 2546 4136 2675 4179; x_wconf 89' lang='lat' dir='ltr'><strong>vero</strong></span> <span class='ocrx_word' id='word_1_644' title='bbox 2703 4134 2756 4179; x_wconf 87' lang='lat' dir='ltr'><strong>et</strong></span> <span class='ocrx_word' id='word_1_645' title='bbox 2787 4127 3050 4196; x_wconf 83' lang='lat' dir='ltr'><strong>spatiosa.</strong></span> <span class='ocrx_word' id='word_1_646' title='bbox 3084 4144 3207 4198; x_wconf 72' lang='lat' dir='ltr'><strong>qua:</strong></span> <span class='ocrx_word' id='word_1_647' title='bbox 3240 4131 3388 4187; x_wconf 85' lang='lat' dir='ltr'><strong>ducit</strong></span> <span class='ocrx_word' id='word_1_648' title='bbox 3427 4133 3495 4189; x_wconf 85' lang='lat' dir='ltr'><strong>ad</strong></span> <span class='ocrx_word' id='word_1_649' title='bbox 3519 4146 3646 4202; x_wconf 78' lang='lat' dir='ltr'><strong>per-</strong></span> 
     </span>
    </p>
   </div>
   <div class='ocr_carea' id='block_1_87' title="bbox 2056 4218 3646 4291">
    <p class='ocr_par' dir='ltr' id='par_1_87' title="bbox 2056 4218 3646 4291">
     <span class='ocr_line' id='line_1_87' title="bbox 2056 4218 3646 4291; baseline 0.006 -18"><span class='ocrx_word' id='word_1_650' title='bbox 2056 4218 2317 4273; x_wconf 83' lang='lat' dir='ltr'><strong>ditionem</strong></span> <span class='ocrx_word' id='word_1_651' title='bbox 2342 4220 2384 4283; x_wconf 87' lang='grc'>³,</span> <span class='ocrx_word' id='word_1_652' title='bbox 2420 4236 2439 4269; x_wconf 76' lang='grc' dir='ltr'><strong>ι</strong></span> <span class='ocrx_word' id='word_1_653' title='bbox 2475 4218 2611 4274; x_wconf 83' lang='lat' dir='ltr'><strong>adeo</strong></span> <span class='ocrx_word' id='word_1_654' title='bbox 2644 4229 2702 4275; x_wconf 89' lang='lat' dir='ltr'><strong>ut</strong></span> <span class='ocrx_word' id='word_1_655' title='bbox 2749 4219 3090 4291; x_wconf 85' lang='lat' dir='ltr'><strong>impossibile</strong></span> <span class='ocrx_word' id='word_1_656' title='bbox 3127 4225 3351 4280; x_wconf 77' lang='lat' dir='ltr'><strong>omnino</strong></span> <span class='ocrx_word' id='word_1_657' title='bbox 3380 4225 3452 4279; x_wconf 87' lang='lat' dir='ltr'><strong>sit</strong></span> <span class='ocrx_word' id='word_1_658' title='bbox 3486 4225 3646 4282; x_wconf 84' lang='lat' dir='ltr'><strong>nobis</strong></span> 
     </span>
    </p>
   </div>
   <div class='ocr_carea' id='block_1_88' title="bbox 2058 4310 3647 4387">
    <p class='ocr_par' dir='ltr' id='par_1_88' title="bbox 2058 4310 3647 4387">
     <span class='ocr_line' id='line_1_88' title="bbox 2058 4310 3647 4387; baseline 0.004 -22"><span class='ocrx_word' id='word_1_659' title='bbox 2058 4311 2460 4366; x_wconf 84' lang='lat' dir='ltr'><strong>tribulationem</strong></span> <span class='ocrx_word' id='word_1_660' title='bbox 2503 4313 2753 4367; x_wconf 86' lang='lat' dir='ltr'><strong>evadere.</strong></span> <span class='ocrx_word' id='word_1_661' title='bbox 2797 4310 2854 4367; x_wconf 85' lang='lat' dir='ltr'><strong>Si</strong></span> <span class='ocrx_word' id='word_1_662' title='bbox 2897 4328 3133 4384; x_wconf 86' lang='lat' dir='ltr'><strong>namque</strong></span> <span class='ocrx_word' id='word_1_663' title='bbox 3187 4315 3239 4371; x_wconf 91' lang='lat' dir='ltr'><strong>in</strong></span> <span class='ocrx_word' id='word_1_664' title='bbox 3281 4316 3386 4372; x_wconf 85' lang='lat' dir='ltr'><strong>hac</strong></span> <span class='ocrx_word' id='word_1_665' title='bbox 3420 4318 3527 4371; x_wconf 87' lang='lat' dir='ltr'><strong>vita</strong></span> <span class='ocrx_word' id='word_1_666' title='bbox 3554 4317 3647 4387; x_wconf 89' lang='lat' dir='ltr'><strong>ju-</strong></span> 
     </span>
    </p>
   </div>
   <div class='ocr_carea' id='block_1_89' title="bbox 2059 4402 3641 4479">
    <p class='ocr_par' dir='ltr' id='par_1_89' title="bbox 2059 4402 3641 4479">
     <span class='ocr_line' id='line_1_89' title="bbox 2059 4402 3641 4479; baseline 0.004 -23"><span class='ocrx_word' id='word_1_667' title='bbox 2059 4404 2233 4457; x_wconf 88' lang='lat' dir='ltr'><strong>cunde</strong></span> <span class='ocrx_word' id='word_1_668' title='bbox 2262 4403 2576 4469; x_wconf 79' lang='lat' dir='ltr'><strong>vixerimus,</strong></span> <span class='ocrx_word' id='word_1_669' title='bbox 2613 4403 2668 4459; x_wconf 90' lang='lat' dir='ltr'><strong>iu</strong></span> <span class='ocrx_word' id='word_1_670' title='bbox 2714 4402 2895 4459; x_wconf 80' lang='lat' dir='ltr'><strong>futura</strong></span> <span class='ocrx_word' id='word_1_671' title='bbox 2931 4421 3028 4462; x_wconf 89' lang='lat' dir='ltr'><strong>nos</strong></span> <span class='ocrx_word' id='word_1_672' title='bbox 3068 4406 3348 4462; x_wconf 88' lang='lat' dir='ltr'><strong>tribulatio</strong></span> <span class='ocrx_word' id='word_1_673' title='bbox 3379 4408 3641 4479; x_wconf 77' lang='lat' dir='ltr'><strong>excipiet.</strong></span> 
     </span>
    </p>
   </div>
   <div class='ocr_carea' id='block_1_90' title="bbox 2058 4493 3648 4572">
    <p class='ocr_par' dir='ltr' id='par_1_90' title="bbox 2058 4493 3648 4572">
     <span class='ocr_line' id='line_1_90' title="bbox 2058 4493 3648 4572; baseline 0.006 -24"><span class='ocrx_word' id='word_1_674' title='bbox 2058 4493 2425 4567; x_wconf 83' lang='lat' dir='ltr'><strong>Quapropter,</strong></span> <span class='ocrx_word' id='word_1_675' title='bbox 2461 4498 2505 4551; x_wconf 89' lang='lat' dir='ltr'><strong>si</strong></span> <span class='ocrx_word' id='word_1_676' title='bbox 2557 4497 2755 4566; x_wconf 80' lang='lat' dir='ltr'><strong>placet,</strong></span> <span class='ocrx_word' id='word_1_677' title='bbox 2801 4498 3154 4564; x_wconf 82' lang='lat' dir='ltr'><strong>charissima,</strong></span> <span class='ocrx_word' id='word_1_678' title='bbox 3202 4500 3527 4572; x_wconf 86' lang='lat' dir='ltr'><strong>corporibus</strong></span> <span class='ocrx_word' id='word_1_679' title='bbox 3577 4506 3648 4558; x_wconf 86' lang='lat' dir='ltr'><strong>ad</strong></span> 
     </span>
    </p>
   </div>
   <div class='ocr_carea' id='block_1_91' title="bbox 2062 4588 3650 4661">
    <p class='ocr_par' dir='ltr' id='par_1_91' title="bbox 2062 4588 3650 4661">
     <span class='ocr_line' id='line_1_91' title="bbox 2062 4588 3650 4661; baseline 0.003 -19"><span class='ocrx_word' id='word_1_680' title='bbox 2062 4589 2331 4642; x_wconf 88' lang='lat' dir='ltr'><strong>modicum</strong></span> <span class='ocrx_word' id='word_1_681' title='bbox 2363 4597 2576 4657; x_wconf 90' lang='lat' dir='ltr'><strong>tempus</strong></span> <span class='ocrx_word' id='word_1_682' title='bbox 2612 4588 2885 4658; x_wconf 74' lang='lat' dir='ltr'><strong>conjuncti</strong></span> <span class='ocrx_word' id='word_1_683' title='bbox 2910 4601 3133 4660; x_wconf 85' lang='lat' dir='ltr'><strong>propter</strong></span> <span class='ocrx_word' id='word_1_684' title='bbox 3156 4593 3330 4661; x_wconf 84' lang='lat' dir='ltr'><strong>patris</strong></span> <span class='ocrx_word' id='word_1_685' title='bbox 3373 4592 3449 4646; x_wconf 89' lang='lat' dir='ltr'><strong>tui</strong></span> <span class='ocrx_word' id='word_1_686' title='bbox 3499 4592 3650 4648; x_wconf 87' lang='lat' dir='ltr'><strong>inso-</strong></span> 
     </span>
    </p>
   </div>
   <div class='ocr_carea' id='block_1_92' title="bbox 2056 4679 3647 4751">
    <p class='ocr_par' dir='ltr' id='par_1_92' title="bbox 2056 4679 3647 4751">
     <span class='ocr_line' id='line_1_92' title="bbox 2056 4679 3647 4751; baseline 0.003 -14"><span class='ocrx_word' id='word_1_687' title='bbox 2056 4682 2260 4737; x_wconf 87' lang='lat' dir='ltr'><strong>lentem</strong></span> <span class='ocrx_word' id='word_1_688' title='bbox 2291 4679 2574 4746; x_wconf 83' lang='lat' dir='ltr'><strong>ferociam,</strong></span> <span class='ocrx_word' id='word_1_689' title='bbox 2606 4681 2975 4737; x_wconf 83' lang='lat' dir='ltr'><strong>subducemus</strong></span> <span class='ocrx_word' id='word_1_690' title='bbox 3022 4696 3124 4736; x_wconf 86' lang='lat' dir='ltr'><strong>nos</strong></span> <span class='ocrx_word' id='word_1_691' title='bbox 3170 4683 3319 4751; x_wconf 84' lang='lat' dir='ltr'><strong>ipsos</strong></span> <span class='ocrx_word' id='word_1_692' title='bbox 3349 4685 3647 4741; x_wconf 65' lang='lat' dir='ltr'><strong>salebrosa:</strong></span> 
     </span>
    </p>
   </div>
   <div class='ocr_carea' id='block_1_93' title="bbox 357 4774 3649 4849">
    <p class='ocr_par' dir='ltr' id='par_1_93' title="bbox 357 4774 3649 4849">
     <span class='ocr_line' id='line_1_93' title="bbox 357 4774 3649 4849; baseline -0 -16"><span class='ocrx_word' id='word_1_693' title='bbox 357 4783 488 4833; x_wconf 79' lang='lat' dir='ltr'><strong>Luic</strong></span> <span class='ocrx_word' id='word_1_694' title='bbox 566 4790 729 4849; x_wconf 67' lang='lat' dir='ltr'><strong>atque</strong></span> <span class='ocrx_word' id='word_1_695' title='bbox 783 4779 1081 4848; x_wconf 76' lang='lat' dir='ltr'><strong>inquinata:</strong></span> <span class='ocrx_word' id='word_1_696' title='bbox 1132 4777 1503 4843; x_wconf 85' lang='lat' dir='ltr'><strong>conversioni,</strong></span> <span class='ocrx_word' id='word_1_697' title='bbox 1547 4784 1824 4848; x_wconf 75' lang='lat' dir='ltr'><strong>tutamque</strong></span> <span class='ocrx_word' id='word_1_698' title='bbox 1873 4777 2234 4831; x_wconf 86' lang='lat' dir='ltr'><strong>monasticam</strong></span> <span class='ocrx_word' id='word_1_699' title='bbox 2307 4774 2724 4846; x_wconf 87' lang='lat' dir='ltr'><strong>amplectemur,</strong></span> <span class='ocrx_word' id='word_1_700' title='bbox 2791 4782 2850 4827; x_wconf 92' lang='lat' dir='ltr'><strong>ut</strong></span> <span class='ocrx_word' id='word_1_701' title='bbox 2895 4784 3099 4829; x_wconf 68' lang='lat' dir='ltr'><strong>aeterna</strong></span> <span class='ocrx_word' id='word_1_702' title='bbox 3152 4778 3337 4848; x_wconf 83' lang='lat' dir='ltr'><strong>requie</strong></span> <span class='ocrx_word' id='word_1_703' title='bbox 3401 4779 3649 4848; x_wconf 78' lang='lat' dir='ltr'><strong>perfrua-</strong></span> 
     </span>
    </p>
   </div>
   <div class='ocr_carea' id='block_1_94' title="bbox 351 4888 505 4926">
    <p class='ocr_par' dir='ltr' id='par_1_94' title="bbox 351 4888 505 4926">
     <span class='ocr_line' id='line_1_94' title="bbox 351 4888 505 4926; baseline -0.013 0"><span class='ocrx_word' id='word_1_704' title='bbox 351 4888 505 4926; x_wconf 73' lang='lat' dir='ltr'><strong>IDIH&#39;.</strong></span> 
     </span>
    </p>
   </div>
   <div class='ocr_carea' id='block_1_95' title="bbox 433 4962 1948 5039">
    <p class='ocr_par' dir='ltr' id='par_1_95' title="bbox 433 4964 1948 5039">
     <span class='ocr_line' id='line_1_95' title="bbox 433 4964 1948 5039; baseline -0.001 -16"><span class='ocrx_word' id='word_1_705' title='bbox 433 4970 529 5036; x_wconf 63' lang='grc' dir='ltr'><strong>(Γ.</strong></span> <span class='ocrx_word' id='word_1_706' title='bbox 566 4969 632 5021; x_wconf 80' lang='grc' dir='ltr'>Τί</span> <span class='ocrx_word' id='word_1_707' title='bbox 661 4964 755 5023; x_wconf 80' lang='grc' dir='ltr'>οὖν</span> <span class='ocrx_word' id='word_1_708' title='bbox 787 4969 848 5021; x_wconf 83' lang='grc' dir='ltr'>τὸ</span> <span class='ocrx_word' id='word_1_709' title='bbox 874 4969 1099 5032; x_wconf 76' lang='grc' dir='ltr'>εὐσεϐὲς</span> <span class='ocrx_word' id='word_1_710' title='bbox 1120 4969 1381 5038; x_wconf 86' lang='grc' dir='ltr'>γύναιον;</span> <span class='ocrx_word' id='word_1_711' title='bbox 1412 4968 1514 5021; x_wconf 77' lang='grc' dir='ltr'>οὐκ</span> <span class='ocrx_word' id='word_1_712' title='bbox 1539 4966 1796 5022; x_wconf 83' lang='grc' dir='ltr'>ἀνένευσε</span> <span class='ocrx_word' id='word_1_713' title='bbox 1820 4967 1948 5039; x_wconf 78' lang='grc' dir='ltr'>πρὸς</span> 
     </span>
    </p>
   </div>
   <div class='ocr_carea' id='block_1_96' title="bbox 2051 4962 3647 5039">
    <p class='ocr_par' dir='ltr' id='par_1_96' title="bbox 2135 4962 3647 5036">
     <span class='ocr_line' id='line_1_96' title="bbox 2135 4962 3647 5036; baseline 0.003 -15"><span class='ocrx_word' id='word_1_714' title='bbox 2135 4964 2225 5022; x_wconf 78' lang='lat' dir='ltr'><strong>Vl.</strong></span> <span class='ocrx_word' id='word_1_715' title='bbox 2260 4966 2399 5032; x_wconf 87' lang='lat' dir='ltr'><strong>Quid</strong></span> <span class='ocrx_word' id='word_1_716' title='bbox 2431 4967 2496 5020; x_wconf 86' lang='lat' dir='ltr'><strong>nd</strong></span> <span class='ocrx_word' id='word_1_717' title='bbox 2549 4965 2663 5019; x_wconf 66' lang='lat' dir='ltr'><strong>haec</strong></span> <span class='ocrx_word' id='word_1_718' title='bbox 2712 4964 2796 5036; x_wconf 92' lang='lat' dir='ltr'><strong>pia</strong></span> <span class='ocrx_word' id='word_1_719' title='bbox 2833 4962 3068 5019; x_wconf 87' lang='lat' dir='ltr'><strong>mulier?</strong></span> <span class='ocrx_word' id='word_1_720' title='bbox 3100 4979 3227 5020; x_wconf 88' lang='lat' dir='ltr'><strong>num</strong></span> <span class='ocrx_word' id='word_1_721' title='bbox 3274 4968 3490 5023; x_wconf 81' lang='lat' dir='ltr'><strong>renuit?</strong></span> <span class='ocrx_word' id='word_1_722' title='bbox 3518 4986 3647 5025; x_wconf 84' lang='lat' dir='ltr'><strong>num</strong></span> 
     </span>
    </p>
   </div>
   <div class='ocr_carea' id='block_1_97' title="bbox 351 5056 1955 5132">
    <p class='ocr_par' dir='ltr' id='par_1_97' title="bbox 351 5056 1955 5132">
     <span class='ocr_line' id='line_1_97' title="bbox 351 5056 1955 5132; baseline -0.001 -19"><span class='ocrx_word' id='word_1_723' title='bbox 351 5062 533 5115; x_wconf 72' lang='grc' dir='ltr'>ταῦτα</span> <span class='ocrx_word' id='word_1_724' title='bbox 556 5079 571 5127; x_wconf 89' lang='lat'><strong>;</strong></span> <span class='ocrx_word' id='word_1_725' title='bbox 604 5062 705 5113; x_wconf 83' lang='grc' dir='ltr'>οὐκ</span> <span class='ocrx_word' id='word_1_726' title='bbox 736 5056 857 5114; x_wconf 82' lang='grc' dir='ltr'>εἷπε</span> <span class='ocrx_word' id='word_1_727' title='bbox 880 5063 948 5113; x_wconf 82' lang='grc' dir='ltr'><strong>τά</strong></span> <span class='ocrx_word' id='word_1_728' title='bbox 978 5063 1056 5131; x_wconf 81' lang='grc' dir='ltr'><strong>μὴ</strong></span> <span class='ocrx_word' id='word_1_729' title='bbox 1082 5060 1429 5132; x_wconf 74' lang='grc' dir='ltr'>καθήκονταο</span> <span class='ocrx_word' id='word_1_730' title='bbox 1455 5058 1522 5112; x_wconf 86' lang='grc' dir='ltr'>Τί</span> <span class='ocrx_word' id='word_1_731' title='bbox 1550 5061 1611 5112; x_wconf 82' lang='grc' dir='ltr'>τὸ</span> <span class='ocrx_word' id='word_1_732' title='bbox 1638 5058 1833 5122; x_wconf 80' lang='grc' dir='ltr'>κάλλος</span> <span class='ocrx_word' id='word_1_733' title='bbox 1853 5060 1955 5128; x_wconf 83' lang='grc' dir='ltr'>τῆς</span> 
     </span>
    </p>
   </div>
   <div class='ocr_carea' id='block_1_98' title="bbox 352 5150 1956 5225">
    <p class='ocr_par' dir='ltr' id='par_1_98' title="bbox 352 5150 1956 5225">
     <span class='ocr_line' id='line_1_98' title="bbox 352 5150 1956 5225; baseline -0.002 -20"><span class='ocrx_word' id='word_1_734' title='bbox 352 5155 501 5223; x_wconf 77' lang='grc' dir='ltr'>ἐμῆς</span> <span class='ocrx_word' id='word_1_735' title='bbox 541 5154 800 5225; x_wconf 79' lang='grc' dir='ltr'>νεότητος</span> <span class='ocrx_word' id='word_1_736' title='bbox 834 5152 1213 5224; x_wconf 73' lang='grc' dir='ltr'>ἡμαύρωσαςς</span> <span class='ocrx_word' id='word_1_737' title='bbox 1242 5154 1296 5206; x_wconf 86' lang='grc' dir='ltr'><strong>τί</strong></span> <span class='ocrx_word' id='word_1_738' title='bbox 1348 5169 1452 5223; x_wconf 85' lang='grc' dir='ltr'><strong>μου</strong></span> <span class='ocrx_word' id='word_1_739' title='bbox 1487 5153 1588 5223; x_wconf 78' lang='grc' dir='ltr'>τὴν</span> <span class='ocrx_word' id='word_1_740' title='bbox 1621 5151 1789 5222; x_wconf 80' lang='grc' dir='ltr'>τύχην</span> <span class='ocrx_word' id='word_1_741' title='bbox 1819 5150 1956 5203; x_wconf 77' lang='grc' dir='ltr'><strong>ἀπέ-</strong></span> 
     </span>
    </p>
   </div>
   <div class='ocr_carea' id='block_1_99' title="bbox 351 5242 1951 5317">
    <p class='ocr_par' dir='ltr' id='par_1_99' title="bbox 351 5242 1951 5317">
     <span class='ocr_line' id='line_1_99' title="bbox 351 5242 1951 5317; baseline -0.003 -17"><span class='ocrx_word' id='word_1_742' title='bbox 351 5250 582 5309; x_wconf 75' lang='grc' dir='ltr'>κλεισας</span> <span class='ocrx_word' id='word_1_743' title='bbox 608 5262 624 5311; x_wconf 81' lang='grc' dir='ltr'><strong>ς</strong></span> <span class='ocrx_word' id='word_1_744' title='bbox 659 5245 714 5299; x_wconf 85' lang='grc' dir='ltr'><strong>τί</strong></span> <span class='ocrx_word' id='word_1_745' title='bbox 742 5246 843 5317; x_wconf 74' lang='grc' dir='ltr'>τὴν</span> <span class='ocrx_word' id='word_1_746' title='bbox 871 5248 1014 5317; x_wconf 71' lang='grc' dir='ltr'><strong>ἐμὴν</strong></span> <span class='ocrx_word' id='word_1_747' title='bbox 1036 5247 1212 5317; x_wconf 74' lang='grc' dir='ltr'>χαρὰν</span> <span class='ocrx_word' id='word_1_748' title='bbox 1240 5247 1319 5309; x_wconf 85' lang='grc' dir='ltr'><strong>είς</strong></span> <span class='ocrx_word' id='word_1_749' title='bbox 1344 5245 1543 5315; x_wconf 80' lang='grc' dir='ltr'>θρῆνον</span> <span class='ocrx_word' id='word_1_750' title='bbox 1567 5242 1910 5315; x_wconf 79' lang='grc' dir='ltr'>μετήλλαξας</span> <span class='ocrx_word' id='word_1_751' title='bbox 1935 5261 1951 5311; x_wconf 85' lang='grc'>;</span> 
     </span>
    </p>
   </div>
   <div class='ocr_carea' id='block_1_100' title="bbox 356 5333 1952 5411">
    <p class='ocr_par' dir='ltr' id='par_1_100' title="bbox 356 5333 1952 5411">
     <span class='ocr_line' id='line_1_100' title="bbox 356 5333 1952 5411; baseline -0.003 -17"><span class='ocrx_word' id='word_1_752' title='bbox 356 5342 423 5394; x_wconf 79' lang='grc' dir='ltr'><strong>Ι·Ξί</strong></span> <span class='ocrx_word' id='word_1_753' title='bbox 448 5341 625 5404; x_wconf 66' lang='grc' dir='ltr'>οὓτως</span> <span class='ocrx_word' id='word_1_754' title='bbox 655 5340 896 5411; x_wconf 82' lang='grc' dir='ltr'>ήρετίσω</span> <span class='ocrx_word' id='word_1_755' title='bbox 929 5340 998 5393; x_wconf 70' lang='grc' dir='ltr'><strong>τὰ</strong></span> <span class='ocrx_word' id='word_1_756' title='bbox 1034 5339 1177 5393; x_wconf 81' lang='grc' dir='ltr'>κατὰ</span> <span class='ocrx_word' id='word_1_757' title='bbox 1216 5338 1435 5403; x_wconf 85' lang='grc' dir='ltr'>σαυτὸν,</span> <span class='ocrx_word' id='word_1_758' title='bbox 1475 5338 1577 5392; x_wconf 76' lang='grc' dir='ltr'>οὐκ</span> <span class='ocrx_word' id='word_1_759' title='bbox 1610 5333 1660 5390; x_wconf 78' lang='grc' dir='ltr'><strong>εί</strong></span> <span class='ocrx_word' id='word_1_760' title='bbox 1704 5337 1865 5408; x_wconf 86' lang='grc' dir='ltr'>μόνος</span> <span class='ocrx_word' id='word_1_761' title='bbox 1893 5338 1952 5389; x_wconf 79' lang='grc' dir='ltr'>ὲν</span> 
     </span>
    </p>
   </div>
   <div class='ocr_carea' id='block_1_101' title="bbox 352 5427 1949 5504">
    <p class='ocr_par' dir='ltr' id='par_1_101' title="bbox 352 5427 1949 5504">
     <span class='ocr_line' id='line_1_101' title="bbox 352 5427 1949 5504; baseline -0.003 -19"><span class='ocrx_word' id='word_1_762' title='bbox 352 5436 610 5504; x_wconf 65' lang='grc' dir='ltr'>εὐγενέσι</span> <span class='ocrx_word' id='word_1_763' title='bbox 671 5433 970 5503; x_wconf 80' lang='grc' dir='ltr'>νεώτεροςο</span> <span class='ocrx_word' id='word_1_764' title='bbox 1007 5429 1114 5484; x_wconf 82' lang='grc' dir='ltr'>ἔδει</span> <span class='ocrx_word' id='word_1_765' title='bbox 1173 5429 1305 5499; x_wconf 87' lang='grc' dir='ltr'>γοῦν</span> <span class='ocrx_word' id='word_1_766' title='bbox 1360 5447 1441 5495; x_wconf 87' lang='grc' dir='ltr'><strong>σε,</strong></span> <span class='ocrx_word' id='word_1_767' title='bbox 1493 5429 1601 5501; x_wconf 78' lang='grc' dir='ltr'>πρό</span> <span class='ocrx_word' id='word_1_768' title='bbox 1642 5430 1738 5482; x_wconf 89' lang='grc' dir='ltr'><strong>τοῦ</strong></span> <span class='ocrx_word' id='word_1_769' title='bbox 1768 5427 1949 5498; x_wconf 84' lang='grc' dir='ltr'>γάμου</span> 
     </span>
    </p>
   </div>
   <div class='ocr_carea' id='block_1_102' title="bbox 352 5520 1952 5599">
    <p class='ocr_par' dir='ltr' id='par_1_102' title="bbox 352 5520 1952 5599">
     <span class='ocr_line' id='line_1_102' title="bbox 352 5520 1952 5599; baseline -0.006 -16"><span class='ocrx_word' id='word_1_770' title='bbox 352 5527 760 5599; x_wconf 72' lang='grc' dir='ltr'>ἀπαγορεῦσαι,</span> <span class='ocrx_word' id='word_1_771' title='bbox 824 5527 923 5578; x_wconf 71' lang='grc' dir='ltr'>καὶ</span> <span class='ocrx_word' id='word_1_772' title='bbox 981 5524 1056 5594; x_wconf 76' lang='grc' dir='ltr'><strong>μὴ</strong></span> <span class='ocrx_word' id='word_1_773' title='bbox 1108 5523 1355 5595; x_wconf 79' lang='grc' dir='ltr'>μαρᾶναί</span> <span class='ocrx_word' id='word_1_774' title='bbox 1415 5539 1519 5594; x_wconf 87' lang='grc' dir='ltr'><strong>μου</strong></span> <span class='ocrx_word' id='word_1_775' title='bbox 1570 5522 1630 5576; x_wconf 85' lang='grc' dir='ltr'>τὸ</span> <span class='ocrx_word' id='word_1_776' title='bbox 1680 5520 1952 5575; x_wconf 60' lang='grc' dir='ltr'>ἐπανθοῦν</span> 
     </span>
    </p>
   </div>
   <div class='ocr_carea' id='block_1_103' title="bbox 356 5611 1953 5685">
    <p class='ocr_par' dir='ltr' id='par_1_103' title="bbox 356 5611 1953 5685">
     <span class='ocr_line' id='line_1_103' title="bbox 356 5611 1953 5685; baseline -0.005 -12"><span class='ocrx_word' id='word_1_777' title='bbox 356 5620 573 5685; x_wconf 72' lang='grc' dir='ltr'>καλλος.</span> <span class='ocrx_word' id='word_1_778' title='bbox 612 5616 783 5673; x_wconf 72' lang='grc' dir='ltr'>Οὐδὲν</span> <span class='ocrx_word' id='word_1_779' title='bbox 818 5615 1072 5672; x_wconf 85' lang='grc' dir='ltr'>τοιοῦτον</span> <span class='ocrx_word' id='word_1_780' title='bbox 1091 5632 1105 5646; x_wconf 73' lang='grc' dir='ltr'><strong>ο</strong></span> <span class='ocrx_word' id='word_1_781' title='bbox 1135 5614 1274 5669; x_wconf 73' lang='grc' dir='ltr'>ἀλλὰ</span> <span class='ocrx_word' id='word_1_782' title='bbox 1298 5615 1383 5681; x_wconf 85' lang='grc' dir='ltr'>τί;</span> <span class='ocrx_word' id='word_1_783' title='bbox 1425 5615 1636 5684; x_wconf 66' lang='grc' dir='ltr'>Ὠσπερ</span> <span class='ocrx_word' id='word_1_784' title='bbox 1661 5631 1745 5675; x_wconf 77' lang='grc' dir='ltr'><strong>τις</strong></span> <span class='ocrx_word' id='word_1_785' title='bbox 1771 5611 1953 5684; x_wconf 76' lang='grc' dir='ltr'>ἀγαθὴ</span> 
     </span>
    </p>
   </div>
   <div class='ocr_carea' id='block_1_104' title="bbox 356 5706 1953 5786">
    <p class='ocr_par' dir='ltr' id='par_1_104' title="bbox 356 5706 1953 5786">
     <span class='ocr_line' id='line_1_104' title="bbox 356 5706 1953 5786; baseline -0.006 -17"><span class='ocrx_word' id='word_1_786' title='bbox 356 5719 431 5786; x_wconf 78' lang='grc' dir='ltr'>γῆ</span> <span class='ocrx_word' id='word_1_787' title='bbox 468 5715 562 5769; x_wconf 67' lang='grc' dir='ltr'><strong>τὸν</strong></span> <span class='ocrx_word' id='word_1_788' title='bbox 610 5713 817 5785; x_wconf 81' lang='grc' dir='ltr'>σπόρον</span> <span class='ocrx_word' id='word_1_789' title='bbox 870 5707 1150 5781; x_wconf 80' lang='grc' dir='ltr'>δεξαμένη</span> <span class='ocrx_word' id='word_1_790' title='bbox 1199 5706 1468 5778; x_wconf 86' lang='grc' dir='ltr'>πολύχουν</span> <span class='ocrx_word' id='word_1_791' title='bbox 1523 5707 1812 5777; x_wconf 74' lang='grc' dir='ltr'>βλαστάνει</span> <span class='ocrx_word' id='word_1_792' title='bbox 1862 5707 1953 5761; x_wconf 76' lang='grc' dir='ltr'>τὸν</span> 
     </span>
    </p>
   </div>
   <div class='ocr_carea' id='block_1_105' title="bbox 453 5842 1506 5920">
    <p class='ocr_par' dir='ltr' id='par_1_105' title="bbox 453 5842 1506 5920">
     <span class='ocr_line' id='line_1_105' title="bbox 453 5842 1506 5920; baseline -0.013 -10"><span class='ocrx_word' id='word_1_793' title='bbox 453 5858 470 5874; x_wconf 81' lang='lat'><strong>’</strong></span> <span class='ocrx_word' id='word_1_794' title='bbox 498 5851 637 5909; x_wconf 87' lang='lat' dir='ltr'><strong>Luc.</strong></span> <span class='ocrx_word' id='word_1_795' title='bbox 672 5867 791 5917; x_wconf 70' lang='grc' dir='ltr'>ιιι,</span> <span class='ocrx_word' id='word_1_796' title='bbox 817 5847 921 5904; x_wconf 72' lang='grc'><strong>25.</strong></span> <span class='ocrx_word' id='word_1_797' title='bbox 1004 5845 1024 5876; x_wconf 89' lang='grc'>³</span> <span class='ocrx_word' id='word_1_798' title='bbox 1063 5843 1254 5899; x_wconf 82' lang='lat' dir='ltr'><strong>Matth.</strong></span> <span class='ocrx_word' id='word_1_799' title='bbox 1291 5858 1389 5920; x_wconf 63' lang='lat' dir='ltr'><strong>vlt,</strong></span> <span class='ocrx_word' id='word_1_800' title='bbox 1420 5842 1506 5897; x_wconf 79' lang='grc' dir='ltr'>ιι.</span> 
     </span>
    </p>
   </div>
   <div class='ocr_carea' id='block_1_106' title="bbox 2058 5057 3647 5133">
    <p class='ocr_par' dir='ltr' id='par_1_106' title="bbox 2058 5057 3647 5133">
     <span class='ocr_line' id='line_1_106' title="bbox 2058 5057 3647 5133; baseline -0.004 -19"><span class='ocrx_word' id='word_1_801' title='bbox 2058 5058 2261 5130; x_wconf 81' lang='lat' dir='ltr'><strong>aliquid</strong></span> <span class='ocrx_word' id='word_1_802' title='bbox 2315 5068 2512 5127; x_wconf 74' lang='lat' dir='ltr'><strong>przeter</strong></span> <span class='ocrx_word' id='word_1_803' title='bbox 2561 5060 2812 5113; x_wconf 88' lang='lat' dir='ltr'><strong>decorem</strong></span> <span class='ocrx_word' id='word_1_804' title='bbox 2865 5057 3042 5111; x_wconf 79' lang='lat' dir='ltr'><strong>locuta</strong></span> <span class='ocrx_word' id='word_1_805' title='bbox 3080 5058 3235 5113; x_wconf 81' lang='lat' dir='ltr'><strong>:Gur</strong></span> <span class='ocrx_word' id='word_1_806' title='bbox 3289 5062 3526 5132; x_wconf 86' lang='lat' dir='ltr'><strong>speciem</strong></span> <span class='ocrx_word' id='word_1_807' title='bbox 3556 5063 3647 5133; x_wconf 76' lang='lat' dir='ltr'><strong>ju-</strong></span> 
     </span>
    </p>
   </div>
   <div class='ocr_carea' id='block_1_107' title="bbox 2061 5147 3649 5220">
    <p class='ocr_par' dir='ltr' id='par_1_107' title="bbox 2061 5147 3649 5220">
     <span class='ocr_line' id='line_1_107' title="bbox 2061 5147 3649 5220; baseline 0.001 -15"><span class='ocrx_word' id='word_1_808' title='bbox 2061 5152 2305 5207; x_wconf 83' lang='lat' dir='ltr'><strong>ventutis</strong></span> <span class='ocrx_word' id='word_1_809' title='bbox 2355 5167 2487 5203; x_wconf 69' lang='lat' dir='ltr'><strong>uicae</strong></span> <span class='ocrx_word' id='word_1_810' title='bbox 2534 5151 2819 5211; x_wconf 82' lang='lat' dir='ltr'><strong>obscuras,</strong></span> <span class='ocrx_word' id='word_1_811' title='bbox 2847 5147 3015 5214; x_wconf 82' lang='lat' dir='ltr'><strong>dixit;</strong></span> <span class='ocrx_word' id='word_1_812' title='bbox 3055 5163 3250 5217; x_wconf 86' lang='lat' dir='ltr'><strong>meque</strong></span> <span class='ocrx_word' id='word_1_813' title='bbox 3278 5161 3493 5220; x_wconf 88' lang='lat' dir='ltr'><strong>sperata</strong></span> <span class='ocrx_word' id='word_1_814' title='bbox 3526 5151 3649 5207; x_wconf 77' lang='lat' dir='ltr'><strong>fcli-</strong></span> 
     </span>
    </p>
   </div>
   <div class='ocr_carea' id='block_1_108' title="bbox 2058 5240 3650 5310">
    <p class='ocr_par' dir='ltr' id='par_1_108' title="bbox 2058 5240 3650 5310">
     <span class='ocr_line' id='line_1_108' title="bbox 2058 5240 3650 5310; baseline 0.001 -12"><span class='ocrx_word' id='word_1_815' title='bbox 2058 5248 2225 5299; x_wconf 87' lang='lat' dir='ltr'><strong>citate</strong></span> <span class='ocrx_word' id='word_1_816' title='bbox 2253 5240 2570 5305; x_wconf 79' lang='lat' dir='ltr'><strong>excludeus,</strong></span> <span class='ocrx_word' id='word_1_817' title='bbox 2604 5240 2860 5310; x_wconf 74' lang='lat' dir='ltr'><strong>gaudium</strong></span> <span class='ocrx_word' id='word_1_818' title='bbox 2912 5255 3090 5297; x_wconf 87' lang='lat' dir='ltr'><strong>meum</strong></span> <span class='ocrx_word' id='word_1_819' title='bbox 3135 5241 3191 5298; x_wconf 87' lang='lat' dir='ltr'><strong>in</strong></span> <span class='ocrx_word' id='word_1_820' title='bbox 3237 5242 3474 5299; x_wconf 88' lang='lat' dir='ltr'><strong>lamenta</strong></span> <span class='ocrx_word' id='word_1_821' title='bbox 3514 5261 3650 5301; x_wconf 84' lang='lat' dir='ltr'><strong>cou-</strong></span> 
     </span>
    </p>
   </div>
   <div class='ocr_carea' id='block_1_109' title="bbox 2058 5322 3646 5401">
    <p class='ocr_par' dir='ltr' id='par_1_109' title="bbox 2058 5322 3646 5401">
     <span class='ocr_line' id='line_1_109' title="bbox 2058 5322 3646 5401; baseline 0.001 -10"><span class='ocrx_word' id='word_1_822' title='bbox 2058 5335 2267 5393; x_wconf 86' lang='lat' dir='ltr'><strong>vertis?</strong></span> <span class='ocrx_word' id='word_1_823' title='bbox 2300 5322 2356 5389; x_wconf 88' lang='lat' dir='ltr'><strong>Si</strong></span> <span class='ocrx_word' id='word_1_824' title='bbox 2388 5345 2442 5388; x_wconf 91' lang='lat' dir='ltr'><strong>tu</strong></span> <span class='ocrx_word' id='word_1_825' title='bbox 2470 5334 2592 5401; x_wconf 89' lang='lat' dir='ltr'><strong>hac,</strong></span> <span class='ocrx_word' id='word_1_826' title='bbox 2626 5349 2744 5401; x_wconf 68' lang='lat' dir='ltr'><strong>quae</strong></span> <span class='ocrx_word' id='word_1_827' title='bbox 2775 5333 2916 5388; x_wconf 86' lang='lat' dir='ltr'><strong>dicta</strong></span> <span class='ocrx_word' id='word_1_828' title='bbox 2957 5342 3061 5399; x_wconf 88' lang='lat' dir='ltr'><strong>est,</strong></span> <span class='ocrx_word' id='word_1_829' title='bbox 3105 5335 3319 5390; x_wconf 85' lang='lat' dir='ltr'><strong>ratione</strong></span> <span class='ocrx_word' id='word_1_830' title='bbox 3357 5337 3515 5391; x_wconf 89' lang='lat' dir='ltr'><strong>saluti</strong></span> <span class='ocrx_word' id='word_1_831' title='bbox 3567 5338 3646 5392; x_wconf 90' lang='lat' dir='ltr'><strong>tui</strong></span> 
     </span>
    </p>
   </div>
   <div class='ocr_carea' id='block_1_110' title="bbox 2060 5427 3649 5494">
    <p class='ocr_par' dir='ltr' id='par_1_110' title="bbox 2060 5427 3649 5494">
     <span class='ocr_line' id='line_1_110' title="bbox 2060 5427 3649 5494; baseline -0.001 -7"><span class='ocrx_word' id='word_1_832' title='bbox 2060 5428 2343 5487; x_wconf 86' lang='lat' dir='ltr'><strong>consulere</strong></span> <span class='ocrx_word' id='word_1_833' title='bbox 2396 5428 2754 5494; x_wconf 81' lang='lat' dir='ltr'><strong>decreveras,</strong></span> <span class='ocrx_word' id='word_1_834' title='bbox 2806 5440 2916 5481; x_wconf 88' lang='lat' dir='ltr'><strong>nou</strong></span> <span class='ocrx_word' id='word_1_835' title='bbox 2976 5436 3032 5481; x_wconf 89' lang='lat' dir='ltr'><strong>tu</strong></span> <span class='ocrx_word' id='word_1_836' title='bbox 3085 5427 3231 5483; x_wconf 86' lang='lat' dir='ltr'><strong>solus</strong></span> <span class='ocrx_word' id='word_1_837' title='bbox 3262 5428 3405 5483; x_wconf 88' lang='lat' dir='ltr'><strong>inter</strong></span> <span class='ocrx_word' id='word_1_838' title='bbox 3434 5431 3649 5486; x_wconf 84' lang='lat' dir='ltr'><strong>nobiles</strong></span> 
     </span>
    </p>
   </div>
   <div class='ocr_carea' id='block_1_111' title="bbox 2062 5518 3648 5591">
    <p class='ocr_par' dir='ltr' id='par_1_111' title="bbox 2062 5518 3648 5591">
     <span class='ocr_line' id='line_1_111' title="bbox 2062 5518 3648 5591; baseline 0.001 -16"><span class='ocrx_word' id='word_1_839' title='bbox 2062 5523 2382 5576; x_wconf 87' lang='lat' dir='ltr'><strong>adolescens</strong></span> <span class='ocrx_word' id='word_1_840' title='bbox 2408 5532 2467 5573; x_wconf 87' lang='lat' dir='ltr'><strong>es</strong></span> <span class='ocrx_word' id='word_1_841' title='bbox 2488 5534 2501 5572; x_wconf 86' lang='lat'><strong>:</strong></span> <span class='ocrx_word' id='word_1_842' title='bbox 2525 5518 2812 5587; x_wconf 86' lang='lat' dir='ltr'><strong>oportebat</strong></span> <span class='ocrx_word' id='word_1_843' title='bbox 2842 5533 2994 5588; x_wconf 75' lang='lat' dir='ltr'><strong>ergo,</strong></span> <span class='ocrx_word' id='word_1_844' title='bbox 3018 5530 3305 5589; x_wconf 88' lang='lat' dir='ltr'><strong>antequam</strong></span> <span class='ocrx_word' id='word_1_845' title='bbox 3336 5518 3648 5591; x_wconf 69' lang='lat' dir='ltr'><strong>coniugium</strong></span> 
     </span>
    </p>
   </div>
   <div class='ocr_carea' id='block_1_112' title="bbox 2064 5609 3649 5680">
    <p class='ocr_par' dir='ltr' id='par_1_112' title="bbox 2064 5609 3649 5680">
     <span class='ocr_line' id='line_1_112' title="bbox 2064 5609 3649 5680; baseline -0.001 -11"><span class='ocrx_word' id='word_1_846' title='bbox 2064 5617 2314 5680; x_wconf 90' lang='lat' dir='ltr'><strong>iniretur,</strong></span> <span class='ocrx_word' id='word_1_847' title='bbox 2351 5609 2666 5666; x_wconf 82' lang='lat' dir='ltr'><strong>renuntiare</strong></span> <span class='ocrx_word' id='word_1_848' title='bbox 2714 5609 3019 5680; x_wconf 77' lang='lat' dir='ltr'><strong>sponsioni,</strong></span> <span class='ocrx_word' id='word_1_849' title='bbox 3070 5625 3168 5667; x_wconf 87' lang='lat' dir='ltr'><strong>nec</strong></span> <span class='ocrx_word' id='word_1_850' title='bbox 3221 5626 3396 5666; x_wconf 88' lang='lat' dir='ltr'><strong>meam</strong></span> <span class='ocrx_word' id='word_1_851' title='bbox 3457 5626 3649 5668; x_wconf 71' lang='lat' dir='ltr'><strong>rect-ns</strong></span> 
     </span>
    </p>
   </div>
   <div class='ocr_carea' id='block_1_113' title="bbox 2065 5700 3648 5769">
    <p class='ocr_par' dir='ltr' id='par_1_113' title="bbox 2065 5700 3648 5769">
     <span class='ocr_line' id='line_1_113' title="bbox 2065 5700 3648 5769; baseline 0.002 -13"><span class='ocrx_word' id='word_1_852' title='bbox 2065 5703 2490 5760; x_wconf 71' lang='lat' dir='ltr'><strong>«(lioresccntcm</strong></span> <span class='ocrx_word' id='word_1_853' title='bbox 2572 5700 3055 5769; x_wconf 85' lang='lat' dir='ltr'><strong>pulchritudinem,</strong></span> <span class='ocrx_word' id='word_1_854' title='bbox 3135 5700 3282 5759; x_wconf 86' lang='lat' dir='ltr'><strong>velut</strong></span> <span class='ocrx_word' id='word_1_855' title='bbox 3348 5702 3648 5760; x_wconf 71' lang='lat' dir='ltr'><strong>marcidum</strong></span> 
     </span>
    </p>
   </div>
  </div>
