4108 6436
517 423 585 490 15
1780 420 2068 485 MENSIS
2112 420 2474 488 MARTIUS.
3714 420 3780 485 Ῐϐ

518 543 767 596 reddi-rc.
819 537 960 594 Nihil
1008 539 1200 594 horqu
1259 537 1345 595 illa
1402 555 1417 593 :

517 636 655 686 bona
714 644 856 686 terra
922 631 1227 700 suscipiens
1297 643 1507 696 semen,
1571 628 1797 684 multum
1866 627 2100 683 fructum

516 716 763 784 profert,
821 718 893 771 ita
950 716 1277 773 venerabilis
1357 716 1585 784 femina,
1639 716 1855 785 egregia
1911 719 2099 785 sponsi

515 807 900 870 adhortatione
968 808 1250 873 roborata,
1318 808 1576 863 alacriter
1648 809 1860 875 annuit,
1938 816 2102 879 atque

516 898 856 964 respondens
894 911 913 949 :
959 892 1114 951 Haud
1163 896 1413 965 equidem
1476 896 1822 963 divinarum,
1887 897 2097 966 inquit,

517 986 707 1056 ignara
771 1001 893 1041 sum
946 986 1400 1054 promissionum,
1468 987 1794 1043 suavissime
1862 1003 2097 1058 sponse;

508 1079 716 1133 ctenim
762 1076 1049 1132 manifeste
1097 1078 1149 1131 in
1200 1076 1518 1148 Evangeliis
1584 1077 1782 1133 clamat
1844 1077 2100 1133 Salvator

518 1179 703 1225 noster
740 1187 755 1224 :
793 1188 813 1222 ι
847 1169 950 1235 Qui
998 1184 1102 1225 non
1147 1170 1404 1239 relinquit
1432 1179 1649 1239 patrem
1704 1182 1759 1225 et
1790 1183 2014 1226 matrem
2047 1180 2102 1226 et

514 1278 745 1316 uxorem
774 1272 844 1317 -et
895 1262 1033 1318 Illius
1063 1272 1117 1317 et
1150 1261 1347 1318 fratres
1386 1274 1442 1318 et
1464 1278 1689 1318 sorores
1731 1274 1787 1319 et
1820 1265 2011 1319 domos
2043 1275 2100 1320 et

521 1366 704 1422 agros,
730 1363 792 1406 et
821 1353 969 1407 tollit
1013 1368 1230 1408 crucem
1280 1368 1436 1408 suam
1463 1362 1518 1409 et
1559 1354 1808 1423 sequitur
1851 1369 1958 1419 me,
1991 1370 2099 1409 non

517 1454 603 1501 est
627 1461 714 1501 me
745 1447 939 1515 dignus
968 1446 1014 1500 ⁸.
1067 1445 1185 1501 Jam
1233 1449 1399 1517 igitur
1425 1464 1611 1517 puros,
1641 1448 1687 1503 si
1718 1449 1911 1519 placet,
1940 1459 2102 1518 atque

519 1536 953 1606 incoinquinatos
984 1553 1081 1592 nos
1112 1539 1365 1595 sistamus
1408 1541 1616 1595 caelesti
1667 1539 1902 1609 Sponsa,
1932 1542 2097 1597 etiam

520 1638 803 1682 externum
837 1629 1109 1684 hominem
1143 1640 1387 1686 nostrum
1425 1631 1834 1687 immaculatum
1868 1647 2100 1688 conser-

521 1727 734 1775 vantes.
782 1719 922 1786 Quid
954 1722 1108 1776 nobis
1158 1721 1444 1790 proveniet
1470 1722 1847 1787 emolumenti,
1883 1723 1929 1778 si
1961 1739 2098 1794 opus

521 1816 605 1865 est
635 1818 692 1864 ut
721 1824 842 1875 nos,
879 1811 1129 1879 quamvis
1150 1814 1217 1867 ad
1252 1812 1417 1868 breve
1464 1822 1672 1883 tempus
1715 1826 1928 1879 mutuo,
1953 1817 2097 1872 sicut

1475 537 1592 603 sed,
1644 537 2097 607 quemadmodum

2206 538 2441 609 καρπὸν,
2467 535 2609 589 οὕτω
2638 535 2733 589 καὶ
2756 534 2818 589 τὸ
2849 533 3044 606 σεμνὸν
3068 535 3294 605 γύναιον
3340 539 3407 606 τῇ
3451 536 3591 608 καλῇ
3633 554 3780 608 παρ-ο

2206 630 2416 686 αινέσει
2489 627 2583 683 τοῦ
2636 631 2888 699 μάκαρος
2924 629 3290 700 στομωθεῖσα,
3338 629 3592 699 ἀσμένως
3620 628 3781 681 κατέ-

2203 738 2361 775 νευσε
2418 720 2511 776 καί
2566 726 2761 791 φησιν·
2817 722 2933 776 υῦκ
2987 720 3237 791 ἀμύητός
3287 722 3425 790 εἰμι,
3470 718 3777 784 γλυκύτατα

2201 814 2355 883 ἄνερ,
2387 814 2495 866 τῶν
2519 812 2682 866 θείων
2706 814 3194 885 παραγγελμάτων
3219 828 3233 842 ·
3260 814 3353 866 καὶ
3383 813 3492 880 γὰρ
3515 815 3574 864 ὲν
3598 811 3778 879 Εὐαγο

2202 905 2450 975 γελίοιςδ
2479 907 2668 977 Σωτὴρ
2695 906 2856 976 ἡμῶν
2887 906 3155 976 ἀριδήλως
3185 890 3314 975 βοᾷ·
3344 924 3361 953 ι
3390 904 3455 956 Ei
3480 920 3564 965 τις
3588 902 3649 954 οὐ
3680 917 3780 954 κα-

2200 997 2446 1067 ταλείψει
2498 1000 2733 1067 πατέρα,
2790 997 2887 1049 καὶ
2931 997 3167 1066 μητέρα,
3228 998 3324 1048 καὶ
3367 997 3627 1059 γυναῖκα,
3685 993 3782 1046 καὶ

2202 1089 2390 1152 τέκνα,
2422 1089 2515 1140 καὶ
2567 1088 2855 1154 ἀδελφοὺς.
2901 1089 2993 1140 καὶ
3025 1086 3282 1154 ἀδελφὰς,
3320 1087 3415 1138 καὶ
3452 1084 3653 1147 οἰκίας,
3683 1083 3782 1136 καὶ

2208 1182 2436 1252 ἀγροὺς,
2462 1182 2556 1233 καὶ
2574 1182 2680 1251 ἄρῃ
2717 1179 2810 1233 τὸν
2833 1179 3068 1246 σταυρὸν
3084 1180 3273 1238 αὑτοῦ.
3307 1179 3401 1231 καὶ
3421 1175 3780 1244 ἀκολουθήσει

2211 1291 2325 1343 μοι,
2349 1274 2450 1325 οὐκ
2468 1272 2579 1325 ἐστι
2607 1289 2709 1342 μου
2728 1271 2898 1335 ἄξιος.
2916 1290 2935 1322 ι
2959 1269 3189 1335 Οὐκοῦν,
3210 1270 3259 1322 εί
3274 1267 3476 1338 βούλει,
3503 1266 3782 1337 καθαροὺς

2202 1365 2296 1418 καὶ
2340 1365 2605 1426 ἀσπίλους
2655 1363 2886 1427 ἑαυτοὺς
2929 1364 3370 1431 παραστήσωμεν
3415 1360 3495 1430 τῷ
3539 1359 3782 1429 οὐρανίῳ

2201 1457 2421 1528 νυμφίῳ
2451 1456 2695 1526 Χριστῷ,
2729 1456 3029 1527 ἀμώμητον
3061 1457 3156 1509 καὶ
3189 1454 3524 1525 ἁκηλίδωτον
3550 1453 3642 1507 τὸν
3675 1452 3783 1518 ἔξω

2203 1547 2360 1617 ἡμῶν
2393 1548 2683 1616 ἄνθρωπον
2731 1547 3187 1617 διατηρήσαντες.
3237 1545 3302 1598 Τί
3332 1548 3440 1616 γὰρ
3487 1543 3698 1614 ὄφελος.
3732 1544 3783 1599 ει

2202 1639 2339 1708 πρὸς
2385 1638 2604 1709 μικρὸν,
2652 1638 2728 1699 ὡς
2759 1638 2918 1707 ἔφης,
2966 1637 3345 1708 συνέλθωμεν;
3389 1637 3487 1700 Τίς
3532 1636 3590 1690 δὲ
3629 1634 3783 1689 καὶὸ

2200 1730 2476 1798 ἐγγυητὴς
2527 1729 2694 1782 ὅτιού
2739 1729 3089 1798 τεκνὼσομεν
3122 1731 3180 1780 ὲν
3223 1729 3303 1800 τῷ
3350 1727 3532 1799 μικρῷ
3580 1727 3779 1797 τούτῳ,

2202 1822 2297 1874 καὶ
2329 1821 2417 1874 ἵνα
2442 1820 2518 1891 μὴ
2551 1821 2778 1890 γένηται
2816 1822 2949 1890 ἡμῖν
2987 1822 3066 1883 είς
3098 1820 3435 1889 πρόσκομμα
3475 1820 3535 1872 τὸ
3557 1819 3781 1888 τεχθένῖ

520 1899 724 1969 inquis,
780 1901 1024 1956 fruamur
1085 1902 1373 1973 amplexu?
1428 1904 1564 1971 Quis
1640 1906 1785 1960 enint
1856 1907 2094 1961 futurum

2206 1913 2308 1966 Καὶ
2344 1915 2392 1965 εἰ
2441 1912 2541 1983 μὲν
2587 1912 2756 1983 ἄρσεν
2799 1913 2910 1982 εἴη,
2954 1913 3153 1983 μερική
3188 1928 3274 1973 τις
3323 1912 3571 1980 ὲκκοπή·
3619 1913 3668 1963 εί
3722 1910 3784 1964 δὲ

520 1992 828 2060 spondebit,
868 1995 1012 2063 quod
1074 1994 1126 2047 in
1174 1993 1263 2049 illo
1309 1997 1506 2066 exiguo
1562 2005 1804 2066 tempore
1851 1999 2093 2054 sobolem

520 2083 717 2137 facturi
771 2097 877 2138 non
929 2085 1117 2150 simus,
1150 2099 1273 2154 quae
1322 2095 1444 2140 nata
1497 2087 1653 2142 nobis
1708 2088 2098 2157 impedimento

509 2174 628 2230 sit?
657 2185 714 2229 et
740 2174 956 2244 quidem
980 2175 1024 2229 si
1056 2178 1294 2232 mascula
1329 2177 1511 2239 fuerit,
1528 2194 1654 2249 pars
1681 2178 1753 2234 illi
1778 2179 2099 2233 facultatum

510 2278 577 2321 .et
604 2265 832 2322 affectus
871 2269 1163 2324 resecanda
1194 2270 1301 2323 erit
1333 2287 1349 2323 :
1379 2270 1424 2325 si
1469 2282 1649 2325 autem
1699 2270 1999 2335 muliebris,
2033 2287 2100 2327 en

513 2358 797 2424 geminum
848 2358 1086 2424 malum;
1143 2361 1417 2430 oportebit
1475 2377 1707 2431 namque
1741 2373 1795 2417 et
1849 2364 2098 2418 idoneam

523 2450 870 2504 matrimonio
900 2461 1214 2519 eXSpectarc
1243 2462 1481 2517 aetatem,
1521 2462 1576 2507 et
1605 2444 1866 2523 reliquam
1904 2453 1952 2507 ei
1984 2455 2065 2508 Sol
2085 2484 2097 2493 -

2195 2000 2358 2067 Θῆλυ,
2392 2003 2617 2057 διπλοῦν
2656 2004 2719 2057 τὸ
2764 2005 2933 2057 κακόν
2957 2019 2970 2033 ·
3006 2003 3164 2075 χρεία
3209 2006 3319 2073 γὰρ
3367 2003 3661 2072 ἀναμεῖναι
3688 2004 3785 2056 καὶ

2196 2093 2428 2162 χρόνους
2449 2094 2633 2162 γάμου
2657 2095 2751 2147 καὶ
2770 2094 2967 2162 λοιπῆς
2996 2092 3276 2163 προνοίας.
3306 2093 3414 2145 Καὶ
3429 2093 3489 2144 τὸ
3505 2092 3610 2162 τῆς
3635 2091 3786 2161 ζωῆς

2197 2183 2375 2250 τέλος,
2403 2184 2479 2247 ὡς
2512 2185 2668 2255 ἔφης,
2710 2187 2797 2238 ἐπ’
2828 2186 3027 2256 ἀδήλῳ,
3064 2186 3156 2239 καὶ
3189 2186 3246 2239 αἱ
3283 2184 3378 2238 τοῦ
3412 2184 3528 2254 βίου
3558 2184 3786 2252 παγίδες

2198 2274 2586 2345 ἀναρίθμητοι.
2623 2276 3008 2339 Λανθανόντως
3038 2275 3131 2329 οὖν
3152 2279 3210 2330 ὲν
3239 2274 3435 2343 ἁγνείᾳ
3463 2273 3784 2344 βιωσάντων

2200 2364 2380 2432 ἡμῶν,
2418 2363 2477 2417 εὖ
2509 2360 2629 2418 οἶδα
2663 2366 2756 2418 καὶ
2788 2364 2888 2434 τὴν
2923 2365 3080 2435 ἡμῶν
3114 2366 3303 2434 ἔφεσιν
3340 2366 3435 2418 τὸν
3472 2365 3608 2419 Θεὸν
3637 2367 3787 2418 οἰκου-

2207 2471 2463 2525 νομησαι.

522 2542 857 2598 licitudiuem
880 2544 1222 2614 impendere.
1251 2544 1411 2615 Atqui
1446 2544 1566 2598 vita.-
1594 2545 1738 2609 linis,
1772 2554 1829 2599 nt
1871 2548 2098 2615 ipsenn-t
2140 2547 2302 2616 paulo
2341 2560 2468 2604 ante
2503 2549 2743 2612 dicebas,
2804 2549 3041 2605 incertus
3078 2561 3185 2615 est,
3218 2561 3272 2606 et
3302 2551 3425 2605 vitae
3473 2551 3634 2620 hujus
3706 2548 3794 2602 in.

525 2634 887 2689 numerabiles
907 2636 1272 2707 laquei.Quod
1297 2637 1345 2690 si
1370 2637 1672 2691 castitatem
1695 2638 1833 2693 clam
1866 2637 2104 2693 colentes
2144 2639 2461 2704 vixerimus,
2517 2650 2664 2696 certa
2698 2656 2840 2707 sum,
2904 2643 3227 2698 desiderium
3260 2655 3501 2699 nostrum
3532 2645 3602 2698 ad
3633 2652 3788 2713 opta-

524 2734 640 2780 tum
678 2727 837 2781 linem
874 2728 1274 2796 perducendum
1299 2743 1328 2781 a
1359 2728 1484 2783 Deo.

605 2819 704 2876 Vll.
738 2817 1027 2888 Obstupuit
1059 2821 1125 2875 ad
1157 2830 1263 2874 LIIII
1293 2835 1615 2890 generosam
1643 2821 1833 2891 puellae
1862 2834 2099 2876 men'etn

525 2911 874 2966 beatissimus
894 2910 1133 2979 juvenis,
1153 2912 1503 2982 gratioseque
1535 2915 1867 2982 respondens
1900 2929 1914 2966 :
1948 2913 2100 2980 Quod

528 3002 664 3057 utile
704 3001 890 3066 fuerit,
934 3000 1131 3071 inquit,
1159 3002 1524 3057 tnanifestabit
1570 3006 1724 3059 nobis
1760 3003 1923 3059 Dens.
1961 3002 2103 3074 Ergo

530 3105 695 3150 totam
726 3109 889 3164 egere
917 3095 968 3147 in
999 3094 1252 3163 precibus
1295 3106 1532 3161 noctem,
1563 3094 1731 3150 Deum
1761 3096 2100 3159 invocantes,

528 3197 586 3241 ut
612 3186 713 3243 sibi
740 3199 857 3239 eam
895 3185 947 3238 in
980 3199 1098 3239 rem
1134 3186 1417 3241 consulere
1458 3196 1620 3257 atque
1665 3187 1981 3257 prospicere
2024 3189 2105 3241 di—

527 3286 806 3347 gnaretur.
838 3274 992 3333 Circa
1034 3290 1296 3332 auroram
1338 3293 1476 3333 vero
1516 3279 1764 3348 contigit,
1810 3289 1872 3333 ut
1909 3280 2107 3334 obdor-

529 3369 821 3425 miscerent
850 3369 1009 3423 ambo
1024 3376 1086 3422 et
1114 3384 1278 3422 unum
1307 3369 1557 3436 idemque
1585 3386 1650 3425 co
1680 3378 1924 3441 tempore
1953 3387 2105 3427 som-

533 3460 680 3512 nium
729 3458 995 3513 viderent.
1034 3456 1297 3511 Viderunt
1348 3468 1528 3512 autetn
1575 3459 1863 3527 quemdam
1901 3458 2104 3514 eximio

529 3553 820 3620 fulgentem
857 3549 1070 3615 decore,
1101 3548 1189 3617 qui
1240 3548 1445 3615 placida
1493 3549 1560 3601 ad
1590 3561 1684 3602 eos
1715 3561 1846 3603 voce
1896 3556 2053 3601 utens
2088 3562 2106 3602 :

530 3641 818 3705 Dominus,
876 3640 1069 3709 inquit,
1123 3638 1458 3708 prOpositum
1508 3638 1674 3693 animi
1716 3640 1881 3694 vestri
1932 3640 2107 3694 susei-

531 3732 705 3799 piens,
731 3731 878 3787 misit
903 3745 1008 3795 me,
1044 3740 1104 3785 ut
1135 3732 1404 3799 signarent
1434 3745 1531 3786 vos
1554 3731 1623 3785 ad
1647 3731 1766 3794 hoc,
1790 3739 1848 3785 ut
1871 3730 2105 3785 intactos

529 3839 628 3880 vos
647 3825 992 3893 integrosque
1013 3822 1114 3878 sibi
1136 3822 1423 3878 olferretis.
1441 3821 1504 3876 Et
1524 3823 1785 3878 continuo
1814 3838 1913 3892 per
1935 3833 2105 3877 totum

530 3932 726 3987 corpus
751 3933 845 3972 eos
867 3917 1192 3986 consignans
1208 3931 1274 3971 ex
1296 3915 1470 3971 oculis
1497 3918 1713 3971 evanuit
1741 3915 2101 3970 intuentium:

516 4015 624 4082 ,ηιιί
658 4027 779 4065 cum
811 4009 1174 4079 evigilassent,
1199 4015 1254 4062 et
1278 4022 1396 4075 quae
1425 4007 1671 4061 viderant
1718 4005 1821 4060 sibi
1872 4005 2104 4059 invicem

533 4106 736 4173 absque
767 4101 873 4156 ulla
896 4100 1216 4156 diversitate
1244 4108 1594 4163 narrassent;
1621 4100 1743 4152 data
1772 4097 1881 4150 Deo
1910 4095 2102 4164 gloria,

531 4197 622 4262 qui
655 4209 759 4251 tam
801 4192 956 4247 facile
986 4192 1255 4246 invenitur
1298 4191 1665 4260 quaerentibus
1699 4203 1778 4250 se,
1811 4187 1877 4240 de
1908 4196 2107 4240 caetero

532 4286 713 4355 specie
741 4286 959 4353 quidem
989 4295 1046 4339 ut
1069 4283 1345 4353 conjuges,
1373 4298 1564 4352 reapse
1594 4290 1653 4334 ut
1686 4278 1927 4347 germani
1965 4278 2107 4333 inter

532 4392 656 4432 sese
699 4378 901 4433 vixere.
950 4377 1001 4432 .0
1042 4391 1154 4430 rctn
1204 4374 1430 4430 miram!
1490 4372 1646 4427 Novit
1712 4370 1969 4443 Dominus
2013 4370 2104 4440 qui

532 4478 659 4524 sunt
712 4469 826 4537 ejus
858 4468 905 4535 ⁵,
967 4476 1023 4522 et
1077 4467 1334 4536 quoniam
1391 4465 1562 4520 solum
1618 4465 1785 4518 Deum
1833 4463 2107 4533 exquisie-

533 4569 680 4626 runt,
710 4560 963 4614 continuo
992 4558 1305 4614 auxiliator
1359 4567 1522 4625 atque
1556 4554 1769 4625 adjutor
1818 4568 1915 4622 pro
1966 4554 2111 4608 desi-

530 4654 683 4707 derio
717 4652 848 4717 ipsis
885 4652 1134 4705 inventus
1165 4661 1270 4703 ρει.
1322 4648 1459 4714 Quid
1508 4647 1610 4700 hoc
1660 4643 1886 4698 inferius
1917 4659 1981 4699 eo
2009 4644 2113 4698 mi-

531 4746 738 4806 raculo,
769 4744 909 4814 quod
945 4741 1088 4795 circa
1138 4748 1259 4793 .tres
1284 4754 1496 4809 .pueros
1553 4738 1604 4792 in
1650 4736 1869 4791 fornace
1897 4746 2108 4803 gestum

533 4833 935 4891 admiramur'?
965 4832 1104 4886 'lstic
1137 4832 1360 4900 angelus
1390 4839 1634 4883 urentem
1662 4826 1932 4881 ﬂammam
1969 4827 2112 4899 ignis

535 4932 587 4981 in
625 4936 840 4981 ventum
881 4924 1019 4978 roris
1067 4922 1282 4977 flantem
1328 4930 1688 4982 commutatis,
1735 4920 1933 4975 illaesos
1991 4935 2101 4975 scr-

536 5018 684 5072 vavit
713 5017 831 5070 illos
864 5032 879 5069 :
918 5016 1005 5069 hic
1038 5014 1289 5069 similiter
1316 5012 1540 5084 angelus
1568 5012 1840 5066 concitum
1871 5014 2112 5081 igneum-

535 5124 639 5179 que
710 5108 996 5177 voluptatis
1072 5106 1321 5160 arderent
1399 5104 1451 5157 in
1512 5119 1689 5158 rorem
1766 5104 2113 5159 continentia:

538 5201 950 5264 transformans,
996 5213 1224 5267 sponsos
1277 5195 1569 5250 custodivit
1623 5196 1897 5261 innoxios,
1949 5206 2113 5262 atque

536 5294 712 5363 ignem
738 5306 858 5347 cum
894 5289 1017 5345 feuo
1048 5287 1229 5342 docuit
1254 5289 1388 5341 citra
1418 5289 1673 5341 damnum
1705 5286 2057 5355 conjungere.

609 5383 743 5440 Vlll.
803 5383 958 5436 Nunc
1016 5380 1275 5451 quoniam
1333 5379 1797 5434 conversationem
1858 5375 2030 5432 sancti
2082 5391 2112 5430 a

535 5474 820 5530 nativitate
858 5474 924 5525 ad
975 5472 1376 5525 matrimonium
1418 5485 1590 5537 usque
1623 5469 1837 5523 abunde
1873 5468 2115 5522 declara-

538 5563 738 5627 vimus,
785 5561 949 5632 agite,
993 5562 1211 5616 Christo
1261 5559 1466 5633 dilecti,
1507 5570 1556 5613 et
1603 5572 1667 5613 ex
1722 5559 2114 5615 certaminibus

533 5653 658 5724 ejus
684 5630 954 5724 speci—men
1003 5655 1217 5708 demum
1264 5630 1482 5721 aliquod
1540 5653 1749 5707 auditu!
1814 5662 1995 5707 vestro
2047 5654 2114 5710 ad

608 5813 782 5871 δίεπε.
814 5831 921 5879 xw,
961 5816 1050 5875 ‘25.
1134 5814 1155 5844 '
1188 5815 1327 5872 Num
1386 5830 1492 5881 xvi,
1535 5817 1587 5871 5.
1671 5816 1690 5845 ⁸
1723 5815 1857 5871 Dan.
1911 5832 1990 5881 tn,
2029 5813 2117 5869 50.

2129 3145 2176 3205 α

2280 2822 2355 2877 Z'.
2409 2821 2738 2889 Ἐκπλαγεὶς
2769 2819 2827 2875 δὲ
2880 2823 2909 2874 ὁ
2944 2822 3218 2892 μακάριος
3255 2822 3346 2874 ἐπὶ
3381 2824 3446 2892 τῇ
3482 2821 3587 2890 τῆς
3623 2822 3793 2893 κόρης

2209 2911 2512 2986 διξιωτὰτῃ
2542 2915 2761 2987 γνώμῃ,
2805 2915 3105 2984 χαριέντως
3137 2912 3269 2985 πρὸς
3300 2914 3471 2984 αὐτὴν
3501 2911 3657 2968 εῖπν
3684 2912 3797 2968 K6-

2213 3018 2327 3074 ριος
2355 3000 2490 3073 ἡμῖν
2519 3003 2751 3073 δηλώσει
2781 3000 2844 3057 τὸ
2878 3002 3179 3073 συμφέρον.
3212 3001 3291 3055 Δι’
3321 3002 3448 3072 ὅλης
3474 3001 3539 3056 δὲ
3574 3002 3676 3072 τῆς
3703 3019 3797 3056 νυ-

2209 3095 2337 3159 κτὸς
2364 3095 2822 3166 προσευξάμενοι.
2852 3095 2948 3148 καὶ
2971 3094 3064 3147 τὸν
3085 3092 3218 3146 Θεὸν
3244 3094 3335 3146 ἐπὶ
3351 3092 3428 3163 τῷ
3452 3097 3796 3165 συμφέροντι

2208 3189 2515 3259 προνοητὴν
2545 3187 2639 3241 καὶ
2685 3187 2964 3256 κηδεμόνα
3008 3185 3487 3254 ἐπικαλεσάμενοι,
3543 3188 3673 3257 περὶ
3705 3186 3800 3240 αὑ-

2208 3279 2313 3348 γὰς
2343 3278 2444 3349 τῆς
2473 3278 2687 3349 ἡμέρας
2725 3277 2923 3349 συνέϐη
2954 3278 3282 3347 ἀφυπνιῖπαι
3308 3277 3515 3347 ἀμφοτέ
3535 3294 3682 3349 ρους,
3704 3277 3802 3331 καὶ

2208 3370 2269 3425 ἓν
2299 3372 2392 3424 καὶ
2440 3370 2502 3424 τὸ
2542 3370 2677 3422 αὐτὸ
2723 3369 2856 3440 ὖναρ
2915 3369 3231 3438 θεωρῆσαν
3282 3368 3452 3439 ὁρῶσι
3515 3370 3633 3439 γάρ
3677 3382 3799 3421 τινα

2205 3463 2425 3534 ὡραίως
2482 3462 2952 3533 ὲξαστράπτοντα,
3015 3460 3153 3531 πρὸς
3206 3460 3405 3522 αὐτοὺς
3459 3461 3668 3531 πραείᾳ
3726 3462 3792 3529 τῇ

2210 3556 2359 3624 φωνῇ
2390 3553 2620 3620 λέγοντα
2643 3570 2655 3583 ·
2690 3552 2894 3622 Κύριος
2925 3553 2953 3605 ὁ
2983 3553 3115 3615 Θεὸς
3145 3553 3241 3623 τὴν
3270 3552 3425 3621 ὑμῶν
3468 3551 3793 3621 προαίρεσιν

2207 3643 2635 3713 ἀποδεξάμενος,
2697 3643 2988 3695 ἀπέστειλέ
3042 3659 3111 3711 με
3167 3644 3471 3711 σφραγῖσαι
3519 3643 3665 3711 ὑμᾶς
3698 3639 3791 3693 τοῦ

2209 3736 2502 3805 ἀκεραίους
2534 3736 2630 3788 καὶ
2685 3735 3027 3803 ἀμωμήτους
3057 3733 3205 3802 αὐτῷ
3260 3732 3631 3803 παραστῆναι.
3684 3732 3794 3785 Καὶ

2209 3826 2664 3895 κατασφραγίσας
2702 3826 2899 3889 αὐτοὺς
2924 3825 2992 3878 δι’
3019 3825 3143 3879 ὅλου
3178 3824 3270 3877 τοῦ
3312 3823 3589 3893 σώματος,
3618 3825 3793 3892 ἄφαν-

2207 3936 2300 3981 τος
2353 3917 2591 3985 ἐγένετο.
2640 3916 3091 3984 Ἀφυπνισάντων
3141 3915 3197 3968 δὲ
3237 3915 3438 3976 αὐτῶν,
3475 3920 3566 3968 καὶ
3600 3914 3670 3967 τὰ
3694 3913 3795 3983 τῆς

2206 4009 2476 4071 ὀπτασίας
2526 4008 2966 4078 ἀπαραλλάκτως
3018 4006 3269 4076 ἀλλήλοις
3325 4005 3791 4076 διηγησαμένων,

2210 4097 2307 4149 καὶ
2331 4097 2422 4150 τὸν
2453 4096 2584 4149 Θεὸν
2621 4096 2965 4162 δοξασάντων
3005 4096 3099 4147 τὸν
3141 4096 3538 4165 εὑρισκόμενον
3592 4096 3794 4167 ῥᾳδίως

2209 4190 2323 4252 τοῖς
2350 4187 2606 4255 ζητοῦσιν
2645 4189 2827 4251 αὑτὸν,
2865 4188 2926 4239 τὸ
2955 4187 3141 4238 λοιπὸν
3177 4186 3386 4253 διῆγον,
3420 4188 3665 4256 σχήματι
3694 4186 3795 4256 μὲν

2209 4277 2284 4342 ὡς
2318 4279 2564 4346 σύζυγοι,
2615 4278 2900 4349 πράγματι
2939 4276 2993 4329 δὲ
3023 4275 3098 4339 ὡς
3141 4275 3378 4343 ἀδελφοί.
3420 4275 3485 4328 Ὢ
3525 4276 3621 4329 τοῦ
3665 4275 3796 4328 θαύ-

2213 4373 2414 4440 ματοςί
2443 4371 2624 4440 Ἔγνω
2647 4369 2846 4438 Κύριος
2875 4370 2996 4430 τοὺς
3024 4367 3190 4420 αὐτοῦ
3217 4383 3231 4397 ο
3258 4370 3305 4419 εἰ
3336 4367 3501 4434 μόνον
3533 4367 3802 4438 ἐξεζήτη-

2138 4479 2184 4536 υ
2216 4480 2314 4516 σαν
2350 4465 2444 4515 τὸν
2492 4463 2647 4527 Θεὸν,
2684 4460 2847 4523 εὐθὺς
2896 4460 3188 4529 ἐπίκουρος
3235 4460 3421 4522 αὐτοῖς
3452 4460 3549 4513 καὶ
3602 4459 3802 4528 βοηθὸς

2214 4554 2350 4625 πρὸς
2396 4555 2496 4623 τὴν
2540 4554 2726 4621 ἔφεσιν
2762 4549 2983 4622 εὑρέθη.
3020 4550 3084 4601 Τί
3134 4549 3293 4603 τοῦτο
3348 4549 3441 4603 τοῦ
3482 4552 3626 4604 κατὰ
3668 4552 3798 4613 τοὺς

2215 4648 2365 4716 τρεῖς
2401 4645 2595 4706 παῖδας
2649 4642 2927 4712 θαύματος
2970 4641 3326 4712 ἀτιμότερον;
3360 4642 3521 4693 ’Ἐκεῖ
3556 4643 3655 4711 μὲν
3690 4642 3801 4712 γὰρ

2215 4734 2446 4802 ἄγγελος
2488 4735 2588 4798 τὴν
2647 4730 3068 4801 συμφλέγουσαν
3106 4730 3283 4801 αὖραν
3336 4731 3430 4784 τοῦ
3484 4731 3661 4801 πυρὸς
3720 4733 3800 4792 τίς

2219 4824 2435 4896 πνεῦμα
2463 4825 2654 4895 δρόσου
2678 4824 2987 4895 διασυρίζον
3012 4823 3352 4894 μεταϐαλὼν,
3382 4823 3642 4888 ἀϐλαϐεῖς
3672 4822 3801 4883 τοὺς

2221 4918 2415 4980 παῖδας
2471 4916 2700 4970 διέσωσε
2736 4932 2750 4946 ·
2820 4916 3103 4971 κάνταῦθα
3159 4917 3320 4969 πάλιν
3384 4916 3622 4984 ἅγγελος

2217 5008 2520 5081 ὀξύρροπον
2567 5010 2661 5062 καὶ
2694 5008 2942 5081 φλογώδη
2988 5009 3089 5078 τῆς
3118 5009 3312 5078 ἡδονῆς
3346 5010 3533 5077 ἀκμὴν
3580 5010 3663 5072 εἰς
3697 5026 3803 5062 σω-

2218 5099 2494 5171 φροσύνης
2523 5100 2713 5171 δρόσον
2747 5099 3224 5172 μεταρρυθμίσας,
3252 5101 3454 5156 ἀσινεῖς
3487 5100 3616 5162 τοὺς
3647 5099 3804 5164 νέους

2218 5190 2528 5263 διετήρησε,
2587 5193 2683 5244 καὶ
2742 5193 2878 5262 πυρὶ
2932 5191 3126 5261 χόρτον
3175 5190 3429 5253 ἀϐλαῦὦς
3483 5190 3805 5257 συνδυάζειν

2220 5283 2602 5355 ἐπετήδευσεν.

2290 5377 2373 5430 Ην.
2419 5376 2570 5428 Ἐπεὶ
2598 5375 2776 5428 τοίνυν
2807 5375 2906 5447 τὴν
2939 5376 3003 5428 ἐκ
3029 5375 3335 5447 γεννήσεως
3384 5374 3478 5428 τοῦ
3524 5375 3804 5445 μακαρίου

2225 5466 2386 5538 μέχρι
2417 5467 2679 5535 συζυγίας
2724 5469 3069 5538 ἀναστροφὴν
3101 5469 3475 5539 ἀποχρώντως
3530 5466 3808 5538 ἐδηλώσα-

2224 5577 2342 5630 μεν,
2377 5561 2510 5631 φέρε
2558 5559 2622 5630 δὴ
2656 5560 2841 5614 λοεπδν
2892 5565 2988 5615 καὶ
3028 5561 3134 5614 τῶν
3186 5560 3352 5616 αὑτοῦ
3399 5561 3807 5630 ἁγωνισμάταν

2224 5654 2458 5724 μερικὴν
2484 5670 2604 5707 τινα
2647 5655 2860 5725 κατηχή
2874 5671 3054 5724 σωμεν
3085 5654 3323 5726 ἔμφασιν
3354 5655 3474 5715 ταῖς
3506 5652 3805 5722 ὑμετέραις

3694 4916 3796 4986 τὴν
