4108 6450
383 443 461 507 95
1599 439 1777 498 νιΤΑ
1813 438 1885 498 S.
1920 437 1994 496 ΊΊ

2097 436 2278 496 JPHA
2293 436 2336 495 Ν
2353 435 2444 495 lS.
3578 443 3649 501 96

384 556 520 623 τὴρ.
572 547 666 606 οἷα
705 550 913 622 πατὴρ,
979 549 1084 604 σὺν
1131 549 1208 618 τῷ
1256 546 1485 617 τριχίειῳ
1535 547 1724 616 άμφίῳ
1780 547 1874 600 καὶ
1911 548 1976 616 τῇ

2099 547 2272 599 lorum
2310 545 2652 600 multitudine
2701 545 2814 614 (18)
2851 564 2866 613 ;
2898 548 3058 604 Pater
3104 563 3284 604 autem
3335 563 3573 616 sanctus,
3607 566 3663 607 ut

391 645 740 713 ποιμαντικῇ
776 641 1073 712 βακτηρίᾳ.
1127 639 1504 709 Καθεσθείσης
1546 639 1602 692 δὲ
1649 640 1751 708 τῆς
1791 637 1978 708 τιμίας

397 735 649 800 συνόδου,
683 733 932 800 καίτοιγε
995 733 1054 785 ἐν
1106 733 1316 785 εὐτελεῖ
1358 732 1711 801 προσχήματι
1743 731 1837 784 τοῦ
1875 748 1980 801 μα-

395 829 594 897 καρίου
635 826 1042 896 θεωρουμένου,
1071 823 1325 896 εὐσεϐείᾳ
1356 824 1412 876 δὲ
1446 823 1587 892 ὑπὲρ
1618 822 1824 885 πάντας
1853 823 1981 874 άποο

402 921 738 985 στίλϐοντος,
771 920 831 972 οὐ
859 917 1314 988 παρελογίσαντο,
1356 916 1473 970 ἀλλ’
1503 914 1811 986 ἐπέτρεψαν
1841 912 1978 982 πρὸς

397 1009 504 1077 τὴν
543 1007 639 1062 τοῦ
671 1009 937 1077 δόγματος
958 1005 1324 1078 δήμηγορίαν’
1353 1005 1576 1077 ᾔδεισαν
1598 1007 1705 1072 γὰρ
1735 1003 1981 1074 ἀκριϐῶς

397 1102 497 1154 τὸν
521 1101 674 1164 ἄξιον
694 1100 790 1152 τοῦ
820 1100 1139 1170 Πνεύματος
1164 1099 1422 1169 ἐργάτην.
1445 1098 1503 1150 Ὀ
1522 1096 1578 1149 δὲ
1607 1095 1883 1162 δι’ὀλίγων
1915 1095 1984 1148 τά

400 1193 580 1245 πολλά
600 1190 956 1262 ῥητορεύσας,
980 1191 1074 1242 καὶ
1091 1189 1178 1243 διά
1197 1189 1444 1260 φυσικῶν
1461 1191 1555 1242 καὶ
1568 1187 1860 1259 γραφικῶν
1887 1185 1984 1240 καὶ

396 1281 756 1351 δογματικῶν
810 1279 1140 1344 ἀποδείξεων
1172 1279 1299 1344 τοὺς
1350 1279 1620 1344 ἀλαζόνας
1659 1278 1756 1332 καὶ
1776 1277 1985 1360 δρσφή-

402 1392 547 1442 μους
591 1373 997 1443 Εἱκονομάχους
1047 1372 1271 1440 ἐλέγξας
1338 1389 1397 1424 τε
1448 1372 1544 1426 καὶ
1601 1363 1982 1441 ἐπιστομίσας,

397 1463 656 1516 ἀπέδωκε
689 1463 784 1515 τὸν
828 1463 1038 1532 κόσμον
1072 1465 1138 1531 τῇ
1184 1461 1500 1534 Ἐκκλησία.
1537 1462 1602 1514 Ὢ
1640 1462 1735 1514 τοῦ
1767 1460 1984 1530 θαύμα-

397 1554 536 1614 τοςί
603 1553 656 1605 τί
716 1553 908 1607 τούτου
972 1554 1600 1624 μεγαλοπρεπέστερον;
1671 1554 1859 1622 Ὅμως
1924 1550 1986 1604 τὸ

402 1645 635 1713 Πνεῦμα
667 1646 724 1698 τὸ
745 1646 898 1712 ἅγιον
941 1645 1071 1697 ἔνθα
1138 1644 1385 1714 βούλεται
1417 1646 1559 1708 πνεῖ,
1597 1645 1691 1698 καὶ
1730 1645 1830 1697 ὅσα
1863 1642 1986 1713 pod-

403 1738 579 1791 λεῖαι.
611 1736 832 1790 Τούτων
864 1737 1009 1790 οὕτω
1061 1737 1448 1801 τελεσθέντων,
1475 1739 1570 1792 καὶ
1596 1738 1705 1790 τῶν
1731 1736 1987 1806 Πατέρων

401 1835 465 1880 ἐν
503 1832 619 1892 τοῖς
652 1829 886 1883 ἑκάστου
920 1829 1107 1892 τόποις
1140 1829 1675 1898 πσλινοστησάντων,
1702 1826 1984 1894 καταλαμ-

403 1923 563 1976 ϐάνει
595 1922 757 1975 πάλιν
803 1924 831 1975 ὀ
880 1922 1150 1990 μακάριος
1179 1921 1241 1973 τὸ
1272 1918 1404 1989 παρ’
1426 1897 1613 1972 αὑτοῦ
1651 1917 1981 1989 νετιργηθὲν
2010 1897 2057 1956 Β

401 2010 852 2080 ούρανομίμητον
894 2010 1280 2080 μοναστήριον.
1320 2010 1532 2078 Ὠσπερ
1557 2009 1665 2079 γὰρ
1686 2010 1744 2061 ὲν
1774 2005 1988 2078 οὐρανῷ

399 2100 562 2168 ἣλιος
597 2102 694 2153 σὺν
741 2101 966 2170 ἄστροις
1016 2099 1285 2170 δᾳδουχεί,
1327 2098 1428 2170 τὴν
1466 2100 1762 2169 σύμπασαν
1815 2115 1988 2150 κατα-

400 2193 651 2257 γλαῖζων
687 2191 766 2262 τῷ
821 2191 962 2260 φωτὶ
1007 2191 1110 2262 τῆς
1151 2191 1511 2260 ὲλλάμψεως·
1559 2190 1652 2243 τὸν
1707 2189 1871 2243 αὐτὴν
1921 2189 1988 2258 δὴ

399 2287 608 2352 τρόπον
637 2285 697 2351 ἐξ
731 2285 900 2356 αὐτῆς
927 2286 955 2338 ὁ
1009 2285 1298 2355 μακάριος,
1334 2285 1430 2338 σὺν
1459 2285 1572 2346 τοῖς
1609 2284 1728 2336 κατ’
1759 2281 1989 2352 ἐκλογὴν

398 2377 500 2430 τοῦ
546 2377 868 2446 Πνεύματος
920 2375 1072 2445 αὺτῷ
1122 2377 1416 2445 μονασταίς
1454 2374 1551 2427 καὶ⁹
1597 2376 1988 2443 συνασκηταίς,

399 2467 502 2536 τὴν
529 2467 860 2536 οἰκουμένην
899 2465 1281 2533 καταυγάζων,
1317 2467 1439 2528 ταῖς
1471 2466 1868 2536 μαρμαρυγαῖς
1893 2463 1992 2532 τῆς

404 2558 702 2626 ισαγγέλου
741 2557 1015 2620 πολιτείας
1037 2557 1378 2628 ὲφαὶδρυνεν.

475 2652 580 2704 1Ε⁹.
611 2653 894 2721 Διέλαμπε
932 2652 1180 2721 τοίνυνή
1229 2651 1332 2717 τῆς
1372 2649 1688 2721 ὀρθοδοξίας
1729 2650 1889 2712 ἀκτὶς
1933 2649 1992 2701 ὲν

402 2747 518 2807 τοῖς
553 2745 776 2814 πέρασι.
818 2744 1046 2814 Χρόνων
1074 2743 1132 2797 δὲ
1165 2742 1367 2796 ἱκανῶν
1399 2742 1835 2804 διιππασάντων,
1863 2741 1993 2793 ἁνα-

406 2838 608 2903 φύεται
640 2837 784 2890 κατὰ
818 2836 1173 2906 συγχώρησιν
1196 2834 1331 2889 Θεοῦ
1359 2835 1385 2887 ὀ
1410 2834 1702 2904 ὁμώνυμος
1730 2835 1826 2888 τοῦ
1857 2851 1996 2904 προ-

403 2935 571 3002 τέρου
607 2932 784 2996 Λέων,
812 2932 960 2993 ὅστις
988 2930 1266 3000 παρευοὺς
1300 2930 1402 2998 τῆς
1449 2928 1866 3001 ἀναγορεύσεως
1898 2927 1993 2981 αύ-

402 3024 503 3076 τοῦ
541 3025 640 3087 τὰς
683 3023 875 3094 τιμίας
906 3021 1154 3077 καθελὼν
1187 3023 1426 3088 εἰκόνας,
1470 3023 1771 3093 ἠμαύρωσε
1799 3020 1860 3074 τὸ
1894 3020 1996 3090 τῆς

421 3117 750 3188 Ἐκκλησίις
780 3116 1000 3179 κάλλος.
1036 3115 1348 3185 ἐλυμήνατο
1379 3114 1454 3174 ὥς
1481 3132 1566 3178 τις
1591 3114 1774 3184 μονιὸς
1800 3113 1997 3184 ἄγριος

405 3209 508 3280 τὴν
536 3209 649 3262 τῶν
677 3207 977 3279 ὁρθοδόξων
1013 3209 1310 3278 ὁμήγυριν,
1343 3210 1435 3263 καὶ
1464 3204 1535 3278 ἦν
1574 3209 1774 3262 οἰκεῖον
1805 3208 1993 3270 αὐτοῖς

407 3302 471 3354 τὸ
502 3302 715 3369 λέγειν*
753 3319 774 3352 ι
820 3302 880 3355 ὐ
904 3300 1060 3366 Θεὸς,
1097 3299 1336 3371 ῆλθοσαν
1375 3299 1504 3370 ἔθνη
1543 3301 1622 3364 εἰς
1663 3299 1766 3371 τὴν
1799 3299 1998 3370 κληρο-

408 3392 608 3461 νομίαν
643 3409 761 3459 σου,
806 3412 826 3445 ι
863 3391 961 3446 καὶ
990 3392 1058 3444 τὰ
1083 3391 1212 3462 ἑξῆς
1236 3407 1253 3425 ο
1284 3392 1411 3456 τοὺς
1434 3392 1542 3461 γάρ
1578 3391 1680 3462 τῆς
1711 3389 1994 3462 ὀρθοδόξου

409 3485 657 3548 πίστεως
704 3487 1026 3556 προμάχους
1075 3501 1136 3538 τε
1186 3485 1280 3540 καὶ
1331 3485 1688 3556 ύπερμάχους
1743 3486 1996 3556 Πατέρας

407 3582 642 3644 πολλαῖς
673 3581 880 3646 αἰκίαις
915 3584 1011 3636 καὶ
1033 3581 1245 3651 θλίψεσι
1276 3581 1698 3644 καθυποϐαλὼν,
1726 3579 2000 3648 κακιγκά-

407 3693 526 3739 κως
559 3675 876 3730 ἀπώλεσεν
914 3677 972 3728 ὲν
1003 3670 1085 3738 οἷς
1132 3675 1228 3730 καὶ
1266 3675 1545 3744 Θεόδωρον
1584 3674 1673 3728 τὸν
1702 3673 1998 3728 ὁσιώτατον

407 3766 722 3837 ἡγούμενον
751 3766 862 3821 τῶν
894 3766 1174 3834 Στουδίου,
1199 3767 1497 3834 ἐλέγξαντα
1525 3766 1625 3838 τὴν
1655 3769 1855 3820 τούτου
1889 3783 1997 3836 μα-

411 3859 816 3928 ταιογνωμίαν,
853 3859 1122 3930 χρονικῶς
1174 3859 1535 3930 αἰκισάμενος
1583 3857 1773 3931 ἐξορίᾳ
1819 3859 1998 3928 παρέ-

409 3949 624 4018 πεμψε.
685 3949 848 4020 Δολίᾳ
894 3949 952 4002 δὲ
1003 3947 1199 4020 γνώμῃ
1261 3950 1648 4020 χρησάμενος,
1701 3950 2000 4021 γράμμασι

409 4043 780 4105 θωπευτικοῖς
842 4041 981 4112 πρὸς
1037 4043 1128 4095 τὸν
1184 4039 1456 4112 μακάριον
1510 4043 1826 4110 Θεοφάνην,
1876 4041 1999 4113 ᾔτει

411 4135 855 4203 συμφωνήσοντα
877 4135 944 4202 τῇ
969 4130 1161 4185 τούτου
1187 4133 1448 4204 κακονοίᾳ
1472 4133 1610 4202 πρὸς
1633 4134 1794 4186 αὐτον
1819 4134 1920 4204 ἧκε
1931 4150 1999 4189 ιν.

422 4226 485 4280 '0
510 4227 570 4280 δὲ
607 4227 881 4297 μακάριος
911 4226 1274 4296 ἀντιγράφοις
1302 4225 1578 4298 ἠμείψατο
1612 4226 1790 4279 τοῖσδε
1819 4243 1834 4258 ’

489 4418 608 4483 ις’.
652 4414 968 4483 Ἐπίγνωθι,
1016 4414 1259 4485 βασιλεῦ,
1308 4414 1400 4468 τόν
1444 4431 1528 4466 σοι
1573 4412 1671 4482 τὴν
1723 4413 2002 4484 βασιλείαν

411 4509 812 4580 χαρισάμενον,
860 4506 930 4560 δι’
963 4500 1026 4560 οὗ
1081 4507 1320 4577 βασιλεῖς
1366 4505 1713 4575 βασιλεύουσι
1768 4507 1862 4559 καὶ
1903 4506 2000 4560 τύο

2087 652 2211 691 vere
2243 637 2423 702 Pater,
2457 636 2674 692 cilicino
2719 639 3014 707 pallio'suo
3048 655 3112 694 ac
3148 642 3338 696 baculo
3383 646 3659 710 pastorali.

2085 727 2348 784 Caeterum
2379 743 2500 783 cuiu
2534 731 2836 784 veneranda
2885 732 3120 802 synodus
3155 734 3508 797 consedisset,
3553 750 3658 788 nun

2089 825 2382 890 tlespexere
2427 819 2617 876 Patres
2670 821 2860 876 humili
2911 823 3159 892 quamvis
3210 825 3394 880 habitu
3439 841 3666 896 conspe-

2087 923 2232 968 ctum
2279 912 2518 978 Patrem,
2553 928 2674 968 cum
2708 929 2818 982 pra:
2865 915 3126 975 omnibus,
3149 917 3348 985 pietate
3379 933 3664 973 coruscas-

2087 1013 2205 1070 set;
2253 1006 2346 1059 sed
2378 1005 2444 1057 ad
2489 1003 2804 1058 edicendam
2845 1005 3058 1074 publice
3101 1007 3424 1062 sententiam
3461 1009 3660 1063 invita-

2090 1105 2234 1150 runt.
2290 1094 2562 1150 Noveram
2605 1096 2774 1163 enim,
2822 1107 2876 1152 et
2921 1100 3124 1168 Optime
3161 1111 3448 1165 noveram,
3498 1117 3660 1170 quam

2090 1193 2282 1264 dignus
2321 1193 2554 1264 Spiritus
2603 1196 2775 1249 sancti
2837 1197 3118 1264 operarius
3171 1207 3334 1251 esset.
3390 1198 3482 1251 ille
3535 1215 3665 1252 vero

2090 1287 2276 1354 paucis
2347 1285 2512 1340 multa
2570 1287 2904 1356 complexus,
2950 1287 3252 1343 rationibus
3319 1305 3382 1343 ex
3445 1300 3662 1354 natura,

2093 1379 2371 1448 Scriptura
2404 1393 2466 1432 ac
2506 1378 2788 1446 disciplina
2830 1380 3010 1448 petitis
3043 1381 3318 1446 redarguit
3373 1392 3427 1435 et
3471 1383 3664 1436 obmu-

2092 1479 2301 1524 tesccre
2346 1469 2475 1524 fecit
2513 1481 2828 1538 arrogantes
2857 1472 3329 1542 exsecrabilesque
3371 1459 3666 1527 lconoma:

2089 1563 2245 1622 chos.
2308 1561 2666 1632 Ecclesiteque
2735 1565 3022 1632 pristinum
3093 1566 3330 1620 restituit
3381 1567 3568 1622 decus.
3621 1569 3666 1619 0

2093 1653 2443 1709 miraculum!
2511 1654 2639 1722 quid
2684 1669 2749 1709 eo
2801 1655 2908 1709 dici
2961 1657 3397 1726 magnificentius
3457 1659 3668 1726 potest?

2093 1760 2286 1810 nempe
2307 1746 2608 1814 Spiratulii,
2635 1755 2688 1800 et
2719 1756 2976 1814 quantum
3007 1748 3123 1800 vult
3158 1747 3393 1816 Spiritus
3423 1759 3664 1804 sant-tus.

2091 1834 2297 1901 Quibus
2324 1835 2393 1889 ita
2418 1836 2604 1905 gestis,
2638 1835 2997 1906 Patribusque
3021 1838 3087 1892 ad
3121 1853 3215 1891 sua
3244 1839 3667 1902 revertentibus,

2092 1941 2281 1982 rursus
2304 1941 2360 1981 se
2409 1927 2598 1981 beatus
2641 1929 2848 1995 recepit
2887 1930 2938 1981 in
2985 1929 3369 1984 monasterium
3420 1947 3608 1985 recens
3639 1949 3669 1988 a

2089 2033 2148 2073 se
2181 2016 2487 2082 fundatum,
2528 2019 2736 2088 ipsique
2765 2019 3097 2073 sii'uillinium
3139 2022 3301 2076 cmlo.
3333 2021 3403 2077 Ut
3438 2026 3582 2078 enim
3617 2027 3668 2079 iu

2089 2110 2230 2164 caelo
2277 2111 2355 2166 sol
2397 2126 2519 2166 cum
2553 2113 2713 2166 astris
2760 2112 2924 2174 lucet,
2973 2112 3160 2166 orbem
3211 2115 3524 2170 illuminans
3553 2119 3672 2170 uni-

2094 2218 2306 2256 versum
2340 2203 2719 2259 illustrationis
2754 2217 2866 2257 suae
2913 2203 3197 2272 splendore
3230 2223 3244 2259 :
3279 2207 3468 2262 eodem
3514 2211 3672 2262 modo

2093 2295 2144 2348 in
2177 2306 2321 2350 terra
2363 2297 2573 2362 beatus,
2608 2311 2729 2350 cum
2756 2295 2869 2350 suis
2897 2296 2948 2350 in
2977 2297 3168 2363 spiritu
3204 2298 3432 2354 delectis
3477 2315 3636 2353 mona
3657 2329 3670 2340 -

2091 2389 2228 2451 cltis,
2263 2399 2318 2442 et
2351 2389 2401 2442 in
2436 2399 2626 2443 sancto
2659 2403 2831 2456 agone
2865 2389 3162 2453 sodalibus,
3187 2391 3282 2444 toti
3318 2393 3670 2459 resplendens

2093 2482 2232 2546 orbi,
2276 2497 2398 2536 eum
2450 2481 2707 2552 angelicae
2751 2496 2861 2535 sua:
2898 2483 3325 2538 conversationis
3371 2482 3672 2555 fulgoribus

2093 2575 2419 2630 illustrabat.
2765 2647 2768 2650 ξ

2171 2667 2281 2722 XV.
2321 2665 2768 2721 Dimtndebantur
2803 2665 2966 2736 igitur
3008 2681 3440 2736 quaquaversum
3479 2671 3672 2723 ortho-

2094 2763 2268 2817 doxite
2327 2760 2652 2825 radiizpost
2729 2775 2992 2813 annorum
3070 2777 3200 2815 vero
3272 2761 3670 2828 aliquantornm

2094 2856 2380 2909 det-ursum
2407 2853 2584 2905 divina
2618 2851 2977 2921 permissione
3007 2854 3240 2906 surrexit
3277 2854 3439 2922 priori
3477 2869 3676 2922 cogno-

2097 2949 2260 3002 minis
2308 2945 2437 3012 Leo,
2464 2945 2557 3016 qui
2607 2946 2791 2999 statim
2836 2953 2893 2996 nt
2924 2945 3230 3001 declaratus
3257 2957 3336 3001 est
3363 2949 3678 3015 imperator,

2097 3054 2286 3094 sacras
2313 3039 2577 3108 imagines
2607 3038 2848 3093 subverti
2897 3039 3238 3108 prtecipiens,
3277 3041 3532 3094 Ecclesiae
3561 3040 3680 3107 pul-

2097 3131 2466 3186 chritudinem
2530 3131 2813 3198 exsﬁnxit,
2873 3143 2927 3188 et
3002 3141 3259 3202 tanquam
3348 3133 3494 3186 ferus
3551 3147 3682 3202 aper

2102 3223 2291 3278 aﬂlixit
2347 3231 2546 3278 (tntum
2601 3223 3055 3290 ortliodoxorum,
3111 3225 3310 3295 quibus
3365 3240 3490 3280 vere
3551 3235 3680 3280 tunc

2101 3318 2280 3372 dicere
2334 3314 2580 3372 licebat:
2620 3334 2638 3367 t
2667 3315 2832 3380 Deus,
2880 3324 3149 3371 venerunt
3192 3327 3380 3386 gentes
3422 3316 3473 3369 in
3504 3317 3678 3371 haere-

2099 3406 2320 3461 tlitatem
2353 3414 2503 3460 tuam
2527 3403 2572 3470 ⁸,
2617 3425 2637 3458 ν
2673 3416 2726 3460 ct
2757 3421 2820 3460 ea
2849 3420 2970 3476 qua:
2995 3417 3319 3476 sequuntur.
3349 3402 3680 3461 Ortltoduxae

2098 3497 2241 3551 enim
2311 3495 2434 3551 ﬁdei
2502 3495 2814 3552 delcnsores
2884 3507 3430 3568 propugnatoresque
3494 3499 3680 3552 Patres

2100 3586 2239 3642 mala
2276 3598 2452 3642 morte
2489 3587 2726 3652 sustulit,
2757 3588 2939 3643 multis
2966 3605 3060 3644 eos
3096 3589 3407 3644 verberibus
3453 3606 3680 3660 pressu-

2101 3686 2284 3747 risque
2317 3679 2630 3748 subjiciens,
2663 3680 2714 3733 in
2744 3680 2942 3748 quibus
2971 3690 3025 3734 et
3069 3679 3414 3734 Theodorum
3450 3684 3657 3735 sanctis
3721 3694 3728 3698 '

2100 3771 2298 3826 simum
2351 3769 2527 3824 Studii
2559 3770 3062 3830 archimandritam,
3109 3771 3253 3840 quod
3303 3773 3530 3826 stultum
3565 3773 3684 3841 ejus

2101 3863 2339 3920 edictum
2379 3862 2679 3924 damnaret,
2723 3870 2845 3929 post
2889 3859 3204 3914 diuturnam
3252 3862 3596 3916 vexationem
3628 3864 3681 3917 in

2101 3955 2353 4010 exsilium
2369 3951 2574 4021 expulit
2599 3968 2612 4004 :
2633 3950 2977 4004 irainlulento
2992 3966 3122 4006 vero
3139 3953 3320 4007 animo
3346 3953 3408 4005 ad
3429 3952 3486 4006 Β.
3505 3952 3683 4006 Theo-

2102 4046 2330 4115 phanem
2394 4043 2619 4096 blandas
2679 4040 2967 4094 destinavit
3031 4039 3504 4108 litteras,quilius
3557 4057 3681 4095 eum

2107 4137 2348 4208 rogabat,
2385 4146 2442 4189 ut
2467 4134 2714 4204 pessimte
2749 4146 2860 4186 suae
2894 4131 3244 4186 subscribens
3281 4134 3587 4196 sententiae,
3616 4135 3682 4189 ad

2105 4247 2164 4286 se
2190 4230 2451 4284 accedere
2509 4243 2575 4282 ne
2624 4237 2966 4297 gravaretur.
3001 4225 3082 4278 Ad
3116 4241 3252 4295 quas
3309 4226 3397 4280 ille
3442 4227 3495 4280 in
3544 4229 3686 4282 lianc

2107 4321 2337 4375 formam
2365 4318 2650 4388 rescripsit
2676 4336 2691 4372 :

2174 4412 2314 4470 XVI.
2349 4411 2597 4480 Noveris,
2631 4413 2947 4481 imperator,
2993 4427 3115 4468 eum
3144 4413 3232 4481 qui
3272 4411 3365 4467 tibi
3399 4412 3685 4482 imperium

2108 4507 2336 4577 largitus
2388 4516 2492 4571 est,
2542 4520 2639 4575 per
2683 4520 2843 4575 quem
2901 4521 3057 4576 reges
3094 4515 3344 4576 regnant,
3382 4515 3437 4560 et
3470 4507 3686 4577 tyranni

416 4619 609 4673 ραννοι
659 4599 927 4670 κρατοῦσι
974 4599 1102 4668 γῆς,
1153 4600 1230 4662 ὡς
1262 4599 1397 4660 Θεὸς
1432 4598 1509 4652 ὢν
1561 4600 1994 4671 ἀπερίγραπτος,

2111 4599 2460 4655 dominantur
2501 4597 2554 4651 in
2593 4599 2786 4662 terris;
2831 4599 3070 4662 noveris,
3115 4598 3360 4667 inquam,
3413 4599 3690 4665 quomodo

415 4695 803 4766 περίγραπτος
857 4695 924 4764 τῇ
970 4693 1092 4747 καθ’
1129 4694 1278 4764 ἡμᾶς
1327 4693 1628 4764 προσλήψει
1686 4697 1998 4765 γενόμενος,

412 4790 605 4855 εμοιος
637 4786 770 4854 ἡμῖν
801 4785 944 4838 κατά
978 4784 1158 4838 πάντα
1187 4783 1330 4855 πλὴν
1362 4784 1640 4855 ἁμαρτίας
1664 4786 2004 4856 κεχρημάτι-

415 4891 553 4930 κενο
579 4877 728 4939 ὅπως
761 4875 816 4930 δὲ
845 4875 1077 4942 νεκροὺς
1108 4875 1395 4947 ἀνέστησε,
1425 4876 1520 4928 καὶ
1549 4877 1784 4944 τυφλοὺς
1802 4877 2003 4946 ὠμμά-

414 4984 584 5033 τωσε,
612 4967 709 5019 καὶ
739 4964 976 5036 λεπροὺς
1010 4963 1331 5036 ἐκαθάρισε,
1375 4965 1471 5018 καὶ
1491 4965 1560 5018 τὰ
1589 4963 1725 5019 ἄλλα
1765 4965 2006 5035 καθεξῆς

413 5059 530 5112 τῶν
586 5057 883 5126 θαυμάτων
937 5055 1104 5110 αὐτοῦ
1131 5072 1146 5088 ο
1188 5057 1336 5118 ὅπως
1383 5073 1444 5109 τε
1502 5056 1771 5128 Ἰουδαϊκῇ
1823 5075 2006 5126 παραι

416 5149 669 5222 φροσύνῃ
702 5149 876 5212 πάθος
905 5147 1200 5217 ὑπέμεινεν
1226 5146 1390 5214 ἑκὼν,
1420 5147 1513 5201 καὶ
1542 5151 1845 5220 τριήμερος
1869 5151 2008 5203 ἀναδ

415 5244 578 5309 στάς,
611 5243 692 5306 είς
716 5242 984 5313 οὐρανοὺς
1005 5241 1326 5314 ἀνελήλυθε,
1363 5243 1461 5311 τῆς
1496 5243 1635 5311 πρὸς
1659 5242 1752 5295 τὺν
1789 5241 2008 5313 Πατέρα

487 5383 512 5414 ⁸
540 5381 681 5438 Psal.
707 5381 981 5446 Lxxva

487 5543 602 5615 (l8)
649 5540 757 5596 llos
803 5549 1136 5615 esseheqnos
1168 5533 1348 5615 cursui
1384 5531 1652 5615 velociori
1689 5530 1994 5615 chtinatos

415 5629 469 5669 ct
493 5603 775 5675 assuetos,
812 5603 1072 5677 qualibUS
1095 5604 1294 5674 publici
1319 5618 1571 5677 cursores
1602 5611 1846 5677 utuntur,
1871 5603 1998 5656 hinc

413 5685 672 5741 reretlarii
710 5671 1115 5744 nominati,qui
1133 5685 1335 5744 “tamen
1364 5688 1392 5726 a
1423 5671 1666 5728 vehendis
1694 5672 1876 5726 rhedis
1904 5689 1999 5725 no-

419 5774 542 5809 men
577 5753 912 5822 acceperint.
951 5742 1086 5822 teste
1126 5742 1524 5822 Festonobiter
1553 5744 1882 5821 insiiniatum
1919 5752 2002 5795 est

417 5827 470 5880 iu
541 5827 600 5880 ιϐ
660 5813 912 5878 Januarii
976 5815 1042 5870 ad
1103 5830 1250 5870 num.
1311 5814 1378 5868 l3
1441 5813 1697 5870 Actorum
1761 5813 2001 5882 priorum

2109 4689 2248 4744 Deus
2295 4686 2804 4752 incircumscriptus
2829 4701 2950 4738 cum
2983 4687 3072 4750 sit,
3110 4697 3285 4741 tamen
3314 4689 3685 4742 circumscribi

2107 4785 2358 4854 dignatus
2387 4783 2477 4846 sit,
2523 4793 2764 4836 nostram
2812 4782 3138 4835 assumenth
3189 4792 3464 4846 naturam,
3495 4785 3690 4839 similis

2109 4877 2267 4930 nobis
2323 4875 2531 4929 t‘actus-
2559 4887 2655 4942 per
2701 4874 2906 4934 omnia,
2941 4871 3042 4924 nisi
3073 4875 3217 4940 quod
3269 4879 3551 4943 peccatum
3582 4891 3687 4931 non

2111 4968 2381 5022 habuerit.
2424 4965 2731 5021 Secundum
2765 4980 2926 5034 quam
2953 4971 3202 5017 naturam
3229 4963 3514 5019 suscitavit
3545 4981 3691 5020 more

2110 5070 2250 5125 tuos,
2283 5057 2604 5113 illuminavit
2634 5073 2830 5121 caecos,
2855 5054 3132 5109 inundavit
3165 5054 3431 5123 leprosos,
3463 5068 3689 5112 caetera-

2110 5165 2216 5220 que
2235 5165 2298 5203 ex
2331 5149 2521 5203 ordine
2544 5158 2796 5216 Operatus
2825 5155 2908 5199 est
2937 5146 3192 5199 miracula
3226 5160 3323 5200 sua
3353 5163 3366 5199 :
3393 5148 3687 5202 secundum

2110 5241 2568 5312 quam’eatndem
2621 5247 2814 5305 sponte
2866 5246 3093 5292 mortem
3147 5239 3336 5304 subiit,
3381 5238 3690 5294 Judazorum

2106 5533 2163 5586 S.
2224 5531 2460 5588 Mart-cili
2502 5532 2679 5604 Papae.
2729 5534 2874 5589 Festi
2934 5535 3255 5590 sententiam
3299 5537 3483 5593 multis
3536 5540 3694 5594 dot-te

2107 5605 2395 5658 continuat
2420 5605 2604 5675 insue
2637 5605 3007 5675 Etymologico
3034 5605 3275 5669 Vossius,
3311 5609 3474 5661 certis
3506 5621 3696 5662 aucto-

2110 5675 2260 5728 ribus
2288 5674 2526 5743 antiquis
2548 5674 2948 5740 detnonstrans,
2978 5675 3215 5744 antiquis
3233 5680 3547 5734 cursoribus
3565 5694 3694 5735 cur-

2113 5759 2230 5799 sum
2268 5745 2542 5813 publicum
2577 5744 2941 5802 velticularem
2974 5743 3162 5802 fuisse.
