4108 6444
397 386 469 449 31
1674 388 1851 447 VlTA
1895 388 1954 447 ε.
2004 387 2353 450 ιωοικι.
3627 402 3700 467 38

403 489 655 563 πονηρὰν
683 490 929 565 ἀμοιϐὴν
964 495 1140 551 ποιεῖν
1170 496 1490 565 μέλλοντες;
1538 497 1605 551 Ὠ
1639 494 1855 549 δείπνου
1883 494 2006 548 δυσ-

2118 507 2298 553 esscut
2351 500 2517 553 malas
2563 500 2823 555 reddituri
2866 502 3105 572 gratias?
3135 502 3179 561 0
3211 504 3509 574 infelicem,
3547 509 3699 568 dice-

403 583 641 656 τυχοῦςι
669 584 950 653 λέγοντες,
986 584 1033 639 ὢ
1062 586 1307 658 χαλεπῆς
1336 586 1548 652 ξενίαςί
1574 589 1628 640 τί
1662 603 1768 651 σοι,
1805 580 1850 639 ὢ
1886 586 2008 655 φίλε

401 677 665 745 Λογγῖνε,
692 675 856 730 τοῦτο
884 677 1108 743 ἔδοξα-ιο
1147 679 1484 749 ἐγχείρημα,
1518 680 1607 733 ἵνα
1640 680 1766 741 τοὺς
1798 680 1889 732 ἐπὶ
1917 678 2010 732 σὺν

405 769 574 836 φόνον
604 751 859 831 ἐλθόντας
886 768 914 820 6
950 750 1044 832 σδς
1074 766 1214 829 οἷκο,
1248 769 1499 840 ἐδέχετο;
1531 768 1576 821 ὣ
1605 768 1797 831 ἀθλίας
1838 785 2009 824 κατα-

406 860 632 931 γωγῆςί
672 858 718 913 ῶ
750 862 959 931 πικρᾶς
994 863 1293 923 έστιάσεω;
1324 863 1338 914 l
1390 862 1622 933 θάνατος
1674 864 1706 929 ἡ
1743 862 1894 925 ξενία
1928 878 2009 913 σοι

405 952 629 1018 γίνεται
670 950 762 1003 καὶ
794 953 1029 1004 σεαυτὸν
1060 953 1342 1016 ὲπιθύσεις
1389 955 1456 1024 τῇ
1482 951 1738 1024 τραπέζῃ
1762 992 1775 1012 ,
1806 952 1872 1022 λῃ
1886 951 2010 1015 ςτὰς

410 1026 740 1112 πιραδόξως
773 1044 901 1106 τοὺς
935 1043 1045 1097 ὑπὸ
1074 1042 1168 1096 σοῦ
1204 1043 1555 1108 ξενισθέντας
1606 1044 1805 1113 εὑρών.
1849 1043 1912 1094 Ἰί
1944 1043 2011 1097 ἂν

408 1131 587 1183 ποιῶν
617 1130 793 1194 οὕτως
822 1131 1045 1195 ἐλύπ-ις
1089 1134 1216 1196 τοὺς
1248 1131 1511 1203 ὲπιθῆναί
1543 1149 1627 1185 σοι
1659 1134 1760 1202 τὴν
1794 1133 2010 1201 σφαγὴν

412 1220 755 1291 μέλλονταςς
813 1223 1010 1276 Ἀπιθι
1062 1225 1382 1295 τοιγαροῦν,
1449 1224 1645 1295 μισθὸν
1691 1225 1790 1293 τῆς
1829 1224 1856 1288 ξ
1891 1224 2010 1286 νίας

409 1310 600 1364 λαϐὼν
629 1313 724 1365 τοῦ
760 1314 999 1367 Θανάτου
1032 1314 1132 1381 τὴν
1167 1315 1366 1384 ἄφεσιν
1434 1316 1497 1368 ού
1531 1315 1838 1385 στέργομεν
1886 1317 2012 1367 ἐπι-

410 1400 591 1457 θεῖναί
621 1420 704 1457 σοι
738 1405 798 1458 τὸ
856 1405 1031 1475 ξίφος,
1061 1409 1218 1477 χεῖρα
1271 1407 1564 1478 μιαιφόνον
1597 1410 1917 1474 ἐπενεγκεῖν
1942 1410 2009 1479 τῇ

411 1498 481 1565 σῇ
510 1495 668 1567 δεξιᾷ
696 1496 1017 1568 δεδοίκαμεν
1039 1514 1053 1528 ·
1103 1499 1401 1570 αἰδούμεθα
1448 1502 1578 1562 τοῦς
1610 1501 1823 1561 κοινοὺς
1850 1497 2007 1563 ἀλαςο

407 1588 764 1659 ἔρυθριῶμεν
811 1589 912 1659 τὴν
947 1589 1256 1662 τράπεζαν,
1308 1590 1402 1643 τὸν
1436 1590 1535 1661 τῆς
1574 1589 1757 1654 ξενίας
1812 1589 2011 1661 ἔφορον

410 1680 821 1751 αἰσχυνόμεθαο
858 1683 1039 1754 ναρκᾷ
1083 1683 1218 1753 πρὸς
1248 1681 1341 1736 τὸν
1375 1682 1537 1753 φόνον
1559 1685 1593 1754 ἡ
1629 1682 1781 1755 χείρ·
1815 1684 1843 1735 6
1887 1682 2012 1747 νοῦς

404 1772 568 1823 ὀκνεῖ
598 1772 693 1825 τοῦ
720 1772 1019 1844 εὐεργέτου
1046 1773 1138 1826 τὸν
1174 1772 1408 1827 θάνατον
1430 1792 1443 1806 ·
1482 1774 1630 1846 ῥᾴων
1659 1776 1686 1827 ό
1716 1775 1867 1844 παρὰ
1915 1775 2013 1827 Πι-

410 1863 574 1935 λὰτῳ,
593 1839 838 1928 κίνδυνος
871 1866 1006 1937 ἡμῖν
1036 1865 1146 1918 τῶν
1170 1868 1233 1919 ἐκ
1258 1864 1354 1919 τοῦ
1392 1839 1696 1930 συνείδότος
1740 1839 1969 1935 πληγῶν
1989 1884 2002 1895 ·
2037 1839 2084 1899 Β

411 1955 597 2007 πάντα
656 1954 852 2009 παθεῖν
918 1958 1090 2026 ἐσμεν
1145 1955 1358 2027 ἕτοιμοι
1392 1956 1425 2026 ἦ
1456 1956 1710 2027 Λογγίνῳ
1746 1957 2006 2021 τοιαύτας

410 2046 731 2100 ἀντιδοῦναι
765 2047 866 2112 τὰς
897 2049 1154 2119 χάριτας.
1728 2048 1733 2049 ⁷

485 2137 583 2206 (ς’.
616 2138 775 2193 Οὕτω
798 2140 984 2195 τοίνυν
1018 2142 1067 2195 οι
1099 2140 1436 2212 στρατιῶται
1465 2140 1605 2213 πρὸς
1638 2140 1731 2195 τὸν
1750 2139 1845 2194 τοῦ
1873 2141 2007 2212 Χρι-

410 2231 544 2285 στοῦ
573 2234 833 2305 μάρτυρα
861 2234 959 2288 καὶ
988 2233 1109 2288 λίαν
1131 2233 1453 2305 περιπαθῶς
1480 2233 1689 2304 ελεγον.
1724 2233 1866 2288 Ἀλλ’
1882 2234 2008 2306 οὐχὶ

409 2322 514 2376 καὶ
537 2324 807 2391 Λογγῖνον
861 2323 1129 2394 ἠδύναντο
1186 2324 1421 2391 πείθειν,
1467 2324 1604 2380 ἀλλά
1641 2326 1778 2397 πρὸς
1808 2326 2005 2391 αὐτοὺς

408 2413 685 2480 γενναίως
736 2416 766 2468 6
811 2416 1064 2483 γενναῖος
1113 2414 1334 2486 ἀληθῶς
1387 2415 1784 2487 ἀποκρίνεταιο
1824 2417 1888 2469 Τί
1914 2434 2006 2488 μοι

410 2505 663 2575 φθονεῖτε
710 2507 965 2576 μεγάλων
1026 2507 1272 2577 ἀγαθῶν,
1345 2502 1422 2565 ὧν
1455 2509 1552 2563 καὶ
1586 2509 1813 2572 ἄκοντες
1871 2510 2007 2580 ἡμῖν

410 2594 731 2650 ἀντιδοῦναι
759 2596 985 2667 μέλλετε
1007 2614 1024 2665 ;
1050 2598 1104 2651 τί
1134 2615 1235 2670 μου
1260 2599 1355 2652 τὸν
1407 2600 1642 2653 θάνατον
1676 2598 1820 2651 οὕτω
1844 2598 2007 2651 πολυ-

414 2687 608 2751 παθῶς
637 2686 1038 2751 ἀνακλαῐεσθει
1073 2689 1159 2743 ἴνα
1186 2688 1238 2743 τί
1269 2692 1578 2760 ωτηφιᾶτε
1613 2687 1690 2760 τῷ
1715 2687 1913 2752 πάθας
1944 2688 2005 2742 οὐ

415 2781 654 2841 θάνατος
691 2780 819 2848 ἐμοὶ
840 2780 902 2832 τὸ
932 2780 1132 2850 παρὸν,
1156 2781 1295 2834 ἀλλά
1317 2780 1465 2852 ζωῆς
1492 2781 1717 2852 ἀπαρχὴ
1741 2798 1754 2812 ·
1783 2782 1906 2852 ἐμοὶ
1929 2780 2007 2852 τῷ

408 2872 528 2926 δντι
556 2872 788 2936 θάνατος
846 2872 1049 2943 μᾶλλον
1077 2873 1112 2944 ὴ
1135 2873 1370 2927 ἐνταῦθα
1417 2874 1684 2945 διαγωγὴ,
1716 2875 1798 2927 ὅτι
1828 2874 1904 2945 μὴ
1928 2872 2007 2944 τῷ

410 2965 534 3037 ἐμῷ
555 2964 1205 3036 Δεσπότη³παρίσταμαι,
1248 2966 1342 3019 καὶ
1365 2968 1464 3037 τῆς
1507 2964 1718 3020 ἐκεῖθεν
1746 2965 2007 3020 ἀπολαύω

409 3056 829 3130 μακαριότητος
858 3069 878 3090 ο
908 3058 973 3111 τὸ
1004 3057 1160 3121 τέλος
1199 3059 1309 3111 τῶν
1352 3057 1542 3111 κακῶν
1588 3058 1709 3128 οὐχὶ
1740 3058 1833 3111 καὶ
1853 3056 2007 3122 τέλος

2113 589 2265 655 bant,
2292 605 2507 645 C(Bttzttll
2568 609 2599 645 ο
2620 608 2783 662 grave
2820 593 3436 667 hospitiutniCurnam,
3466 614 3500 654 ο
3534 602 3700 657 citare

2115 678 2381 750 Longino,
2414 684 2514 738 hoc
2548 684 2640 740 tibi
2672 694 2910 755 emptum
2944 687 3092 745 venit
3120 688 3172 742 itt
3207 700 3470 755 mentem,
3501 701 3560 746 ut
3582 707 3699 759 eos,

2114 774 2203 841 qui
2242 786 2500 830 venerant
2533 779 2598 832 ad
2640 778 2715 833 tui
2754 781 2983 844 caedem,
3028 782 3220 837 domus
3255 792 3347 838 tua
3388 785 3702 855 acciperet?

2113 863 2157 919 Ο
2195 865 2450 921 miserunt
2508 871 2899 939 habitaculum,
2965 887 2999 927 ο
3046 876 3300 930 acerbum
3345 879 3693 932 convivium!

2112 957 2257 1014 Mors
2299 961 2393 1015 tibi
2446 962 2626 1016 evadit
2666 963 2984 1034 hospitium,
3014 975 3071 1021 et
3107 969 3337 1036 teipsum
3376 984 3578 1025 mensa:
3605 984 3701 1039 ap-

2113 1063 2303 1119 pones,
2349 1069 2445 1108 eos
2493 1064 2694 1123 praeter
2739 1058 3052 1125 opinionem
3105 1060 3391 1118 inveniens
3435 1062 3696 1127 latrones,

2113 1143 2202 1210 qui
2231 1144 2467 1214 hospitio
2504 1162 2534 1201 a
2581 1158 2632 1203 te
2666 1146 2887 1204 luerunt
2926 1152 3158 1221 accepti.
3192 1152 3333 1218 Quid
3383 1156 3587 1211 faciens
3619 1157 3699 1210 sie

2115 1235 2356 1288 molestia
2386 1235 2612 1291 affeciin
2640 1254 2755 1303 eos,
2784 1241 2875 1309 qui
2901 1249 2952 1295 te
2978 1250 3103 1296 sunt
3125 1246 3396 1300 occisuri?
3420 1245 3518 1301 Abi
3544 1260 3695 1317 ergo,

2113 1335 2333 1395 accepta
2368 1330 2615 1383 mercede
2639 1332 2885 1400 hospitii,
2915 1347 3109 1401 nempe
3142 1335 3332 1388 mortis
3362 1336 3696 1391 remissione.

2114 1416 2229 1474 Non
2263 1424 2601 1478 sustinemus
2623 1441 2806 1481 ensem
2838 1428 2930 1481 tibi
2961 1428 3164 1483 inferre
3196 1447 3209 1482 :
3241 1430 3442 1486 caulem
3471 1431 3697 1485 molien-

2115 1519 2220 1564 tent
2248 1526 2462 1565 manum
2495 1522 2586 1568 tuo
2625 1515 2787 1585 capiti
2824 1516 3017 1572 aﬂ‘erre
3039 1517 3422 1587 formidamus,
3450 1533 3700 1574 commu-

2114 1617 2237 1656 nem
2283 1604 2448 1658 salem
2493 1620 2809 1661 reveremur
2844 1627 2858 1663 :
2892 1625 2990 1665 nos
3031 1609 3236 1678 pudore
3267 1610 3430 1667 allicit
3464 1629 3646 1667 mensa
3680 1630 3695 1667 :

2114 1701 2179 1749 a.l
2210 1700 2410 1753 caedent
2464 1708 2640 1768 torpet
2686 1718 2922 1759 manus:
2968 1704 3228 1757 abhorret
3273 1703 3489 1759 animus
3523 1715 3701 1759 morte

2114 1790 2330 1846 allicere
2365 1794 2794 1848 benefactoran
2828 1794 3065 1851 Facilius
3090 1802 3173 1850 est
3205 1795 3525 1864 perieulum,
3552 1798 3696 1865 quod

2115 1882 2273 1936 nobis
2306 1890 2384 1937 est
2411 1898 2439 1935 a
2464 1881 2642 1937 Pilato
2672 1894 2940 1955 paratum,
2964 1902 3129 1955 quam
3166 1885 3386 1940 Vulnera
3417 1887 3699 1941 conscien-

2111 1972 2219 2026 tiae.
2242 1971 2440 2027 Parati.
2465 1992 2652 2030 sumus
2680 1979 2862 2030 omnia
2893 1979 3002 2047 pati
3029 1981 3228 2047 potius,
3258 1995 3418 2047 quam
3452 1980 3697 2050 Longino

2110 2064 2244 2119 tales
2275 2065 2481 2123 referre
2508 2069 2735 2143 gratias.

2183 2156 2267 2210 Vl.
2295 2155 2386 2212 Sic
2412 2158 2633 2228 quidem
2671 2160 2874 2218 milites
2907 2160 3162 2217 dicebant
3210 2162 3413 2218 Christi
3465 2164 3691 2233 martyri

2108 2247 2266 2303 valde
2301 2247 2704 2307 miserabiliter.
2737 2249 3009 2307 Caeterum
3041 2269 3146 2306 non
3172 2262 3421 2322 poterant
3455 2254 3698 2322 Longino

2105 2341 2433 2410 persuadere
2483 2360 2498 2397 :
2559 2342 2656 2400 sed
2704 2343 2788 2398 eis
2835 2343 3050 2399 fortiter
3101 2347 3394 2416 respondet
3437 2347 3519 2401 vir
3570 2362 3697 2401 vere

2106 2445 2406 2500 generosus
2437 2448 2452 2486 :
2485 2430 2596 2489 Cur
2630 2447 2824 2504 magna
2859 2433 2991 2488 mihi
3022 2433 3162 2489 bona
3196 2435 3471 2499 invidetis,
3493 2436 3695 2504 quibus

2108 2536 2204 2578 vos
2236 2522 2386 2578 inviti
2430 2536 2517 2578 me
2545 2524 2677 2579 estis
2726 2527 3124 2579 remuneratnri
3145 2524 3307 2589 ?‘Cur
3337 2541 3512 2580 meam
3547 2542 3693 2581 tuor-

2110 2624 2218 2670 tem
2264 2613 2474 2669 delictis
2524 2624 2632 2670 tam
2674 2615 3104 2671 miserabiliter?
3156 2615 3269 2671 Cur
3323 2618 3509 2673 tristes
3558 2620 3696 2674 estis

2108 2711 2329 2774 propter
2375 2719 2552 2760 meam
2593 2707 3045 2776 perpessionem?
3087 2707 3206 2763 Non
3247 2719 3330 2763 est
3389 2709 3495 2763 huc
3556 2711 3693 2765 mihi

2109 2810 2281 2863 mors,
2313 2797 2408 2853 sed
2450 2796 2578 2853 vita:
2626 2799 2902 2867 primitiae.
2961 2798 3094 2854 Mihi
3147 2816 3332 2856 revera
3381 2801 3564 2871 potius
3610 2814 3695 2858 est

2109 2902 2278 2955 mors,
2304 2904 2427 2960 quae
2451 2890 2540 2946 hic
2565 2900 2649 2946 est
2678 2892 3044 2955 conversatio,
3075 2894 3332 2962 quoniam
3357 2910 3464 2949 non
3492 2894 3692 2949 assiste

2108 2994 2234 3035 meo
2267 2980 2520 3047 Domino,
2565 2996 2667 3038 nec
2711 2981 2864 3038 fruor
2906 2998 2991 3049 ea,
3021 2999 3146 3054 qua:
3173 2993 3257 3039 est
3284 2984 3413 3053 illic,
3454 2987 3694 3042 beatitu-

2108 3071 2253 3128 dine.
2306 3072 2455 3128 Fiuis
2494 3072 2656 3127 linem
2703 3072 2990 3139 malorum,
3027 3090 3135 3130 non
3167 3076 3334 3130 etiam
3370 3076 3531 3134 linem
3566 3078 3692 3133 vita:

406 3153 511 3224 τῆς
536 3151 686 3219 ζωῆς
717 3148 1050 3221 προξενήσει
1104 3166 1221 3221 μοι,
1266 3148 1404 3203 ἀλλὰ
1446 3146 1585 3220 πρὸς
1612 3147 1714 3221 τὴν
1741 3149 2002 3222 ἀληθινὴν

2112 3164 2241 3219 mihi
2276 3165 2589 3220 conciliabit
2629 3184 2642 3221 :
2693 3166 2789 3220 sed
2827 3166 2894 3219 ad
2934 3180 3116 3221 veram
3151 3169 3485 3223 transmittct
3513 3169 3691 3225 beati-

407 3246 730 3302 διασιϐάσει
782 3244 1072 3314 ἀῖδιότητα
1125 3241 1223 3295 καὶ
1270 3242 1566 3311 μετασχεῖν
1640 3243 1741 3312 τῆς
1790 3239 2004 3295 ἐκεῖθεν

405 3340 835 3413 παρασκευάσει
855 3334 1251 3406 λαμπρότητος
1270 3346 1284 3363 ⁸
1318 3331 1476 3403 ἔχετε
1497 3332 1599 3403 τὴν
1626 3332 2003 3402 παραμυθίαν,

402 3428 453 3487 ὦ
479 3434 652 3501 φίλοι,
684 3429 820 3503 παρ’
849 3429 1066 3490 ἑαυτοῖς
1102 3427 1257 3500 ἔχετε
1279 3443 1294 3456 ·
1326 3426 1499 3493 ἐγγὺς
1526 3423 1600 3479 τὰ
1632 3425 1733 3494 τῆς
1759 3441 2008 3496 παρηγο-

402 3527 536 3598 ρίας
572 3526 726 3595 ὑμῖν,
754 3524 814 3576 δν
844 3521 935 3574 διὰ
958 3520 1022 3574 τδ
1048 3520 1202 3583 τέλος
1233 3519 1510 3590 θρηνεῖτε,
1545 3516 1742 3571 τοῦτον
1777 3518 1918 3589 μετὰ
1947 3517 2006 3570 τὸ

406 3620 566 3680 τέλος
601 3617 798 3687 ἣδιστα
835 3611 1175 3687 μακαρίσετε
1198 3628 1214 3641 ·
1269 3609 1478 3681 ἀρκοῦν
1505 3610 1561 3663 δὲ
1592 3608 1754 3662 τοῦτο
1787 3610 2006 3672 πάντως

404 3710 550 3779 πρὸς
580 3708 850 3778 εὐθυμίαν
887 3704 1218 3776 μετασαλεῖν
1241 3702 1302 3757 τὸ
1326 3702 1421 3756 τὸν
1444 3701 1600 3772 φίλον
1629 3701 1833 3755 εἰδέναι
1871 3700 2004 3754 πολ-

403 3804 520 3856 λῶν
552 3799 775 3869 ἀγαθῶν
807 3797 1075 3872 μέλλοντα
1100 3797 1406 3863 κοινωνεῖν,
1436 3793 1628 3865 ῶσπερ
1664 3793 2006 3864 φθονούντων

402 3896 619 3966 μᾶλλον
653 3893 686 3961 ἢ
737 3894 835 3945 καὶ
884 3890 1193 3964 μισούντων
1250 3887 1312 3941 τδ
1377 3885 1635 3942 σπεύδειν
1675 3888 2005 3957 ἀποστερεῖν

405 3987 579 4041 αὐτὸν
631 3987 731 4056 τῆς
770 3984 1183 4054 λαμπρότητος.
1248 3980 1342 4051 Μὴ
1373 3975 1467 4033 οὖν
1506 3977 1767 4049 ὀδύρεσθε
1801 3976 1891 4031 τὸν
1910 3979 2005 4030 ὲκ-

404 4082 691 4143 λεῑποντα,
759 4077 875 4131 ἀλλ’
911 4075 1293 4146 εὐχαριστεῖτε
1340 4072 1419 4144 τῷ
1469 4072 1778 4143 δεχομένῳ·
1804 4070 1906 4124 οὐκ
1937 4070 2004 4124 ἂν

405 4171 739 4244 ζημιὼσητέ
767 4186 835 4241 με
859 4168 961 4239 τὴν
982 4167 1142 4233 δόξαν
1173 4164 1411 4235 ἐκείνην,
1447 4163 1515 4234 ἢν
1553 4160 1694 4216 εἶδον
1725 4161 1838 4232 εγὼ
1863 4179 2006 4216 στοι-

402 4267 534 4338 χεῖα
558 4262 898 4317 σαλεύουσαν
920 4274 935 4291 ⁸
990 4259 1092 4313 οῦκ
1121 4257 1187 4316 ἂν
1222 4255 1523 4329 ἀρνηθείην
1561 4255 1621 4308 ὃν
1682 4253 1833 4319 ἅπαξ
1865 4253 2001 4307 Θεοῦ

404 4356 545 4410 Υἱον
590 4352 959 4424 ὡμολόγητα’
1010 4349 1228 4403 δέδοικα
1261 4348 1339 4420 μὴ
1382 4348 1696 4418 κατήγορον
1725 4345 1873 4417 εὕρω
1902 4346 2003 4417 τὴν

2112 3257 2374 3322 tudinem,
2409 3265 2463 3312 et
2490 3255 2706 3323 eli‘tciet,
2748 3269 2806 3313 ut
2844 3259 2947 3312 sim
2992 3257 3260 3329 particeps
3296 3259 3445 3317 illius
3489 3262 3686 3319 aeterni

2108 3350 2433 3418 splendoris.
2469 3348 2714 3418 Habetis,
2755 3366 2791 3406 o
2819 3352 3002 3418 amici,
3056 3353 3267 3409 habetis
3311 3356 3451 3424 apud
3481 3370 3574 3410 vos
3601 3371 3696 3410 so-

2108 3441 2331 3508 latium,
2381 3442 2545 3512 prope
2593 3451 2680 3501 cst
2731 3442 2887 3497 vobis
2941 3444 3265 3500 consolatio.
3314 3444 3488 3512 Quem
3542 3447 3689 3501 enim

2107 3544 2326 3601 propter
2368 3527 2530 3586 linem
2578 3532 2793 3602 lugetis,
2846 3547 2968 3588 eum
3000 3549 3097 3589 vos
3129 3546 3250 3604 pOsl
3275 3535 3434 3590 linem
3467 3536 3689 3591 beatum

2107 3623 2447 3692 reputabitis.
2483 3621 2693 3678 Suliicit
2727 3632 2911 3678 autem
2938 3626 3042 3681 hoc
3065 3628 3135 3681 ad
3164 3626 3494 3683 ali‘erendam
3520 3628 3690 3682 animi

2111 3714 2578 3785 tranquillitatem,
2612 3717 2755 3773 scire
2782 3716 3021 3773 amicum
3045 3718 3164 3774 fore
3200 3720 3490 3775 multorum
3520 3725 3691 3793 bono-

2109 3824 2226 3861 rum
2263 3807 2579 3877 participem
2612 3826 2626 3860 :
2661 3809 2938 3877 quomodo
2967 3821 3053 3865 est
3088 3811 3416 3877 invidorum,
3450 3814 3531 3867 vel
3561 3816 3690 3869 odio

2107 3901 2286 3969 petius
2325 3900 2641 3954 habentium
2687 3900 2994 3965 hominum,
3051 3904 3272 3958 studere
3304 3918 3427 3957 eum
3476 3905 3689 3973 privare

2106 3990 2418 4055 splendore.
2474 3988 2652 4044 Nolite
2709 3988 2911 4045 deﬂere
2984 4006 3109 4046 eum
3179 3995 3270 4061 qui
3324 3992 3508 4047 deﬁcit
3541 4009 3557 4046 :
3591 3996 3689 4048 sed

2105 4084 2310 4153 gratias
2335 4081 2478 4152 agite
2508 4082 2556 4138 ei
2601 4082 2694 4152 qui
2752 4082 2987 4152 accipit.
3014 4081 3132 4137 Non
3170 4084 3301 4138 milii
3328 4085 3472 4140 illius
3503 4086 3689 4154 gloriae

2107 4173 2490 4228 detrimentum
2542 4172 2813 4240 alieralis,
2868 4189 3031 4243 quam
3084 4188 3185 4243 ego
3246 4175 3356 4230 vidi
3417 4176 3689 4230 elementa

2104 4276 2436 4321 moventem.
2491 4264 2609 4320 Non
2661 4265 2970 4336 negaverim
3016 4279 3163 4331 eum,
3207 4281 3369 4336 quem
3400 4267 3494 4320 Dei
3523 4267 3689 4322 semel

2108 4357 2301 4413 Filium
2331 4372 2451 4413 sum
2498 4356 2808 4415 confessus.
2843 4356 3033 4414 Timeo
3074 4374 3145 4414 ne
3175 4368 3408 4412 creatam
3437 4373 3686 4413 naturam

405 4451 631 4521 κτῆσιν,
673 4446 904 4506 ἄπιστος
943 4443 1075 4514 περὶ
1112 4441 1310 4495 τοῦτον
1347 4439 1537 4510 φανείς
1562 4456 1576 4469 ο
1615 4434 1677 4494 οὗ
1735 4438 1813 4509 τῷ
1838 4439 2000 4493 πάθει

2109 4450 2378 4505 inveniam
2409 4451 2827 4516 accusatricem,
2861 4451 2907 4506 si
2937 4451 2990 4504 in
3025 4464 3148 4506 eum
3175 4465 3461 4519 appaream
3494 4451 3689 4507 inlide-

406 4515 517 4597 xui:
563 4542 594 4594 6
617 4537 847 4610 οὐρανὸς
909 4534 1311 4603 ἑπεστύγνασε,
1367 4534 1460 4585 καὶ
1490 4530 1589 4595 τὰς
1614 4533 1842 4593 ἀκτῖνας
1876 4548 2003 4585 συν-

2109 4542 2198 4607 lis,
2242 4551 2464 4612 propter
2499 4542 2657 4612 cujus
2693 4544 3001 4613 passionem
3030 4515 3471 4613 omium-quoque
3509 4542 3686 4612 ipsum

405 4633 657 4691 ἐστειλεν
706 4633 881 4702 ἥλιος,
927 4629 1023 4682 καὶ
1079 4626 1141 4681 τὸ
1179 4626 1304 4695 ῗτῆς
1347 4624 1557 4696 ἡμέρας
1595 4624 2003 4695 ὲκαινοτομεῖτο

407 4730 645 4799 φέγγος,
684 4726 781 4778 καὶ
808 4725 888 4786 είς
915 4720 1088 4775 νύκτα
1123 4716 1447 4790 περιπαθῶς
1482 4718 1717 4771 εἵλκετο.

483 4817 560 4876 Ζ¹.
601 4819 723 4872 Ἔτι
760 4816 853 4869 τοῦ
903 4813 1172 4882 Λογγῖνου
1220 4810 1402 4864 ταῦτα
1422 4808 1713 4873 διεξιόντος
1746 4808 1840 4861 καὶ
1873 4808 2000 4872 τοὺς

406 4914 567 4983 παρά
591 4912 830 4965 Πιλάτου
857 4905 1212 4978 πεμφθέντας
1246 4907 1422 4957 ποιεῖν
1461 4907 1524 4957 τὸ
1554 4902 1848 4955 κελευσθὲν
1877 4901 1998 4954 πεί-

404 5008 634 5068 θοντος,
697 5004 747 5056 οἱ
808 4998 1350 5069 συγκατακριθέντες
1420 4995 1571 5066 αύτῴ
1620 4995 1712 5048 τὸν
1764 4994 1999 5048 θάνατον

405 5095 746 5169 στρατιῶται
790 5088 1514 5160 καταλαμϐάνουσινᾙθδὲ,
1555 5087 1887 5156 γαννυμένῳ
1919 5086 1999 5158 τῷ

404 5187 696 5261 προσώπῳ
736 5186 834 5239 καὶ
883 5183 1094 5253 φαιδρῷ
1120 5184 1249 5243 τοὺς
1275 5181 1479 5252 ἄνδρας
1527 5179 1681 5242 ἰδὼν,
1730 5179 1911 5245 δεξιάν
1938 5198 1997 5235 τε

402 5286 597 5341 αὐτοῖς
647 5278 938 5350 ἐμϐάλλει,
967 5277 1062 5329 καὶ
1092 5274 1416 5347 περυϐἀλλει
1448 5274 1540 5327 τὸν
1569 5273 1866 5345 τράχηλον,
1904 5274 1998 5328 καὶ

402 5376 731 5447 ὀφθαλμοὺς
752 5411 770 5437 ,
801 5372 974 5443 ἡδέως
1006 5370 1173 5438 φιλεῖ,
1208 5368 1304 5423 καί
1353 5383 1368 5397 ⁸
1400 5366 1658 5439 Χαίρετε,
1686 5360 1731 5421 ὧ
1763 5383 1999 5438 συστρα-

400 5470 600 5523 τιῶται
635 5465 879 5535 Χριστοῦ
909 5468 1004 5517 καὶ
1031 5460 1363 5532 κληρονόμοι
1392 5460 1493 5531 τῆς
1510 5460 1819 5531 βασιλείας,
1838 5460 1994 5530 φησὶ,

399 5563 627 5634 χαίρετε
645 5578 659 5590 ·
698 5559 803 5631 ἤδη
837 5557 948 5627 γὰρ
974 5558 1008 5625 ἡ
1030 5556 1089 5608 ὲν
1114 5556 1370 5626 οὐρανοῖς
1392 5553 1537 5620 πύλη
1571 5551 1870 5621 ἀνέῳκται,
1902 5552 1996 5606 καὶ

399 5651 632 5720 ἄγγελοι
718 5650 819 5712 τὰς
885 5647 1166 5717 ἡμετέρας
1224 5643 1482 5714 μέλλουσι
1541 5643 1995 5712 παραλαμϐάνειν

403 5744 586 5818 1ινυχέις
636 5746 732 5797 καὶ
791 5740 871 5812 τῷ
917 5740 1202 5809 μονογενεῖ
1248 5736 1552 5806 προσάγειν
1583 5733 1728 5805 Υιῴ·
1766 5735 1876 5788 ἰδοὺ
1901 5738 1993 5788 καὶ

398 5836 501 5903 τὰς
538 5835 829 5907 λαμπάδας
857 5833 996 5902 ὁρῶ,
1022 5833 1117 5884 καὶ
1136 5830 1203 5883 τά
1227 5828 1456 5901 βραδεῖά
1482 5847 1571 5899 μοι
1607 5830 1989 5899 ὑποφαίνεται,

2110 4642 2195 4689 est
2219 4633 2470 4689 aﬂeetum
2503 4635 2745 4697 tristitia,
2780 4641 2834 4686 et
2856 4634 2937 4687 sol
2968 4635 3241 4688 contraxit
3275 4634 3473 4697 radios,
3503 4642 3559 4686 et
3597 4633 3687 4685 lux

2109 4726 2215 4782 diei
2244 4724 2630 4780 miserabiliter
2654 4722 2881 4777 deducta
2915 4721 3019 4776 fuit
3046 4725 3113 4777 ad
3146 4730 3381 4778 noctem.

2178 4815 2294 4873 Vl].
2330 4814 2458 4872 Haec
2483 4818 2660 4871 adhuc
2685 4815 2897 4870 dicente
2917 4812 3187 4884 Longino,
3219 4817 3394 4877 eteis,
3421 4814 3511 4883 qui
3537 4814 3687 4868 missi

2108 4908 2328 4964 fuerunt
2368 4923 2400 4962 a
2444 4907 2613 4961 Pilato
2664 4907 3022 4975 persuadente
3062 4915 3119 4959 ut
3155 4905 3401 4960 facerent
3433 4906 3576 4975 quod
3605 4906 3687 4959 eis

2108 5000 2287 5054 fuerat
2303 5000 2649 5070 imperatum,
2675 4998 2902 5054 veniunt
2923 4997 3140 5062 milites,
3164 5000 3255 5067 qui
3282 5011 3403 5051 cum
3427 5012 3491 5051 eo
3512 5008 3689 5052 morte

2108 5091 2347 5147 damnati
2377 5092 2612 5145 lueraut.
2640 5089 2732 5145 Ille
2764 5098 2970 5151 autem,
2990 5088 3110 5142 laeto
3136 5098 3193 5143 et
3220 5089 3383 5143 alacri
3410 5088 3557 5142 vultu
3593 5103 3691 5143 eos

2107 5185 2344 5249 intuens,
2374 5192 2429 5238 et
2454 5184 2734 5239 dexteram
2759 5181 2840 5236 eis
2872 5180 3071 5251 injicit,
3103 5189 3157 5235 et
3184 5180 3377 5236 collum
3401 5181 3684 5249 atnplecti-

2108 5286 2215 5342 tur,
2262 5286 2318 5332 et
2366 5276 2552 5331 oculos
2609 5273 2852 5330 suaviter
2911 5272 3278 5338 deosculatur,
3320 5281 3396 5338 et,
3446 5269 3682 5335 Salvete,

2104 5366 2302 5438 inquit,
2351 5381 2385 5422 ο
2426 5366 2628 5421 Christi
2673 5363 3100 5428 commilitones,
3148 5373 3203 5418 et
3235 5364 3476 5418 hatredes
3514 5364 3683 5431 regni,

2105 5461 2333 5526 salvete.
2353 5457 2475 5514 Jam
2499 5460 2643 5531 enim
2674 5465 2859 5529 aperta
2880 5466 2961 5512 est
2987 5464 3162 5524 porta,
3187 5470 3305 5523 quae
3331 5463 3411 5508 est
3431 5454 3485 5508 in
3509 5454 3686 5518 emis,

2105 5564 2158 5608 et
2183 5551 2358 5620 angeli
2384 5560 2512 5606 sunt
2543 5558 2761 5606 nostras
2792 5547 3070 5619 accepturi
3105 5545 3338 5607 animas,
3367 5552 3423 5598 et
3452 5543 3684 5597 oblaturi

2108 5644 2241 5702 Filio
2287 5644 2588 5715 unigenito.
2625 5644 2786 5708 Ecce,
2813 5651 2869 5699 et
2913 5638 3187 5710 lampades
3227 5638 3403 5703 video,
3431 5644 3486 5691 et
3516 5649 3686 5705 appa-

2106 5751 2223 5793 rent
2270 5738 2401 5793 mihi
2449 5738 2655 5800 lit-avia,
2688 5752 2813 5791 cum
2861 5734 3060 5805 quibus
3107 5729 3331 5787 sistendi
3380 5741 3572 5787 sumus
3616 5725 3686 5789 ad

2102 5829 2308 5883 Judicis
2357 5828 2614 5883 tribunal.
2658 5827 2761 5881 Sed
2805 5829 2948 5883 enim
2990 5826 3033 5880 si
3066 5824 3195 5897 quid
3226 5820 3377 5879 vobis
3404 5828 3485 5878 est
3516 5818 3686 5888 impe-
