4108 6502
363 4234 371 4240 ·
467 4226 666 4270 terram
703 4223 927 4284 caperet
965 4222 1020 4265 et
1073 4211 1371 4281 pulverem.
1419 4223 1476 4267 et
1522 4213 1826 4282 imponeret
1851 4214 2043 4279 oculis,

433 438 509 500 39
935 464 940 471 ε
1022 384 1033 391 Ι
1707 430 1998 492 ΜΕΝΞῙΞ
2036 429 2062 488 l

2152 428 2416 491 RTIUS.
3693 431 3778 500 40

436 566 645 616 ratum.
683 551 899 610 dicebat
940 551 1022 606 eis
1051 549 1143 620 qui
1192 547 1341 603 missi
1403 547 1639 612 fuerant,
1684 547 1739 603 id
1795 546 2033 616 implete.

2152 545 2265 616 μεθ’
2292 538 2368 600 ὧν
2394 545 2473 617 τῷ
2497 545 2593 600 τοῦ
2617 546 2956 615 ἀγωνοθέτου
2984 548 3462 620 παραστησόμεθα
3492 549 3725 623 βήματι
3748 572 3766 587 ο

436 648 641 704 Deinde
681 645 854 701 etiam
902 656 1198 698 conversus
1226 639 1291 695 ad
1321 642 1514 695 domus
1541 649 1851 694 curatorem
1882 639 2037 709 jubet

2152 639 2279 693 ἀλλά
2313 639 2423 709 γὰρ
2471 638 2525 692 εί
2568 657 2621 693 τι
2650 641 2749 694 καὶ⁵
2793 639 3234 711 προσετάχθητε,
3268 641 3408 712 πρὸς
3433 646 3569 707 τοὺς
3605 661 3770 715 περ...

432 749 642 796 vestem
698 737 956 794 mundam
1003 735 1069 790 ad
1120 750 1179 790 se
1223 732 1445 799 deferri,
1501 743 1560 787 ut
1610 734 1698 803 qui
1738 734 1851 804 jam
1890 740 2036 787 esset

2152 728 2622 798 φθὲνταςέλεγεν,
2647 729 3016 800 ἐκπληροῦτε.
3046 724 3181 782 Εἶτα
3221 729 3318 783 καὶ
3348 730 3485 800 πρὸς
3513 731 3616 785 τὸν
3656 732 3771 803 τῆς

436 844 663 887 vocatus
697 831 763 885 ad
815 828 1034 897 nuptias
1065 836 1122 882 et
1154 826 1479 887 thalamum.
1514 834 1565 880 et
1606 839 1672 879 eo
1722 823 2029 879 festinaret.

2152 818 2318 883 ιίκίας
2341 821 2705 893 ἐπιστραφεὶς
2727 820 3054 888 ἐπίτροπον,
3082 818 3280 888 στολὴν
3311 817 3464 888 αύτῷ
3488 818 3768 891 καθαράν

438 923 611 979 Porro
638 932 817 976 autem
847 935 970 976 cum
1003 918 1264 973 induisset
1298 927 1524 979 vestem,
1562 924 1618 969 ct
1651 931 1810 968 manu
1843 926 2031 969 osten-

2152 911 2473 981 κομισθῆναι
2502 910 2743 976 κελεύει,
2783 910 2861 974 ὡς
2884 910 2978 963 ἐπὶ
3011 911 3191 980 γάμον
3218 910 3322 981 ήδη
3355 912 3449 963 καὶ
3469 912 3766 980 νυμφῶνα

435 1016 604 1070 disset
656 1011 950 1078 tumulum,
997 1010 1051 1065 in
1105 1024 1212 1078 quo
1263 1008 1478 1063 volebat
1533 1007 1659 1079 poni
1710 1021 1933 1076 corpus,
1975 1005 2031 1060 in

2152 1002 2396 1072 ιληθέντι
2430 1004 2527 1056 καὶ
2577 1003 2716 1074 πρὸς
2772 1002 2940 1056 αὐτὸν
2968 1003 3282 1057 σπεύδοντι.
3343 1003 3547 1074 unum;
3585 1019 3768 1073 κομι-

439 1121 613 1176 genua
643 1118 767 1159 cum
802 1104 869 1164 iis
896 1101 1129 1166 duobus,
1163 1101 1253 1169 qui
1284 1107 1442 1153 erant
1470 1114 1590 1152 cum
1627 1099 1764 1168 ipso,
1797 1097 2030 1152 inclina-

2152 1096 2361 1149 ιθεῖσαν
2395 1096 2551 1159 ἐνδὺς
2582 1097 2679 1150 καὶ
2737 1098 2804 1165 τῇ
2834 1098 2981 1167 χειρὶ
3017 1095 3198 1161 δείξας
3246 1097 3339 1151 τὸν
3386 1096 3581 1166 λόφον,
3616 1097 3764 1152 ἔνθα

438 1210 523 1251 tus
549 1198 604 1268 (ο
633 1196 850 1250 beatum
879 1195 1040 1247 linem
1060 1194 1131 1260 ί),
1156 1193 1365 1263 peregit
1403 1200 1681 1246 certamen
1710 1206 1727 1245 :
1758 1200 1813 1245 et
1841 1204 2032 1257 ampu-

2152 1188 2364 1258 ιεθῆναι
2396 1189 2456 1241 τὸ
2484 1188 2644 1259 σῶμα
2676 1188 2965 1258 ἠϐούλετο,
3001 1190 3082 1253 είς
3115 1189 3248 1258 γόνυ
3289 1190 3430 1259 μετὰ
3485 1192 3605 1244 τῶν
3654 1193 3767 1246 σὺν

442 1289 568 1342 tatis
619 1302 807 1343 eorum
864 1285 1155 1353 capitibus,
1206 1283 1281 1338 illi
1331 1285 1681 1337 ascribuntur
1735 1283 1788 1334 in
1829 1283 2031 1336 choros

2152 1279 2287 1351 ιύτῷ
2349 1280 2556 1343 κλιθεὶς
2587 1278 2674 1348 (ὣ
2734 1280 3014 1351 μακαρίου
3072 1280 3338 1351 τέλουςί)
3397 1282 3489 1338 τὸν
3549 1282 3764 1351 ἀγῶνα

443 1390 745 1452 martyrum
779 1388 834 1433 et
864 1378 1254 1448 apostolorum,
1305 1376 1520 1430 illorum
1565 1376 1782 1444 quidem
1813 1372 2029 1428 fortitu-

2152 1372 2388 1441 ῑιήνυσε·
2442 1369 2538 1422 καὶ
2585 1370 2686 1432 τὰς
2739 1369 2984 1438 κεφαλὰς
3044 1372 3488 1441 ἀποτμηθέντες,
3553 1374 3763 1444 χοροῖς

438 1474 646 1540 dinem,
677 1473 868 1526 borum
906 1486 1033 1526 vero
1065 1471 1241 1524 zelum
1274 1485 1371 1539 pro
1397 1468 1618 1523 Christo
1648 1467 2030 1524 ostendentes.

2152 1462 2443 1534 ,ιαρτύρων
2501 1463 2597 1514 καὶ
2643 1462 2971 1517 ἀποστόλων
3020 1464 3430 1535 ἐγγράφονται,
3487 1465 3610 1518 τῶν
3644 1466 3757 1536 μὲν

2132 1553 2232 1624 τὴν
2282 1553 2560 1625 ἀνδρείαν,
2601 1554 2712 1607 τῶν
2741 1554 2797 1607 δὲ
2827 1556 2919 1609 τὸν
2958 1556 3101 1629 ὑπὲρ
3128 1558 3373 1627 Χριστοῦ
3408 1556 3581 1627 ζῆλον
3620 1559 3764 1612 ἐπι-

2137 1644 2479 1716 δειξάμενοι.

518 1743 652 1801 Vill.
690 1744 830 1811 Quid
877 1758 1005 1798 vero
1046 1750 1168 1813 post
1199 1742 1316 1796 inec
1346 1750 1428 1796 est
1466 1738 1861 1795 consecutum?
1887 1736 2030 1792 Mar-

2204 1742 2288 1794 Ii'.
2325 1739 2397 1793 Τδ
2424 1740 2482 1793 δὲ
2510 1740 2653 1811 μετά
2683 1737 2883 1803 ταῦτα,
2914 1738 2969 1793 τί
2997 1756 3012 1805 ;
3044 1739 3158 1810 Τὴν
3206 1743 3558 1813 μαρτυρικὴν
3598 1744 3764 1798 ἐκεί-

446 1838 675 1907 tyricum
710 1834 853 1890 illius
876 1834 1102 1902 Longini
1131 1843 1291 1902 caput
1319 1849 1440 1885 cum
1468 1833 1653 1886 statim
1687 1831 2028 1902 accepissent

2152 1850 2233 1904 νην
2259 1833 2531 1901 Δογγίνου
2562 1831 2811 1902 κεφαλὴν
2842 1834 2923 1897 είς
2941 1832 3214 1888 πίστωσιν
3236 1833 3444 1905 ἀκριϐῆ
3474 1833 3765 1901 λαϐόντες

446 1894 505 1992 ii,
542 1926 632 1997 qui
679 1942 797 1980 eum
848 1927 1254 1987 interfecerant,
1287 1925 1352 1977 ad
1409 1924 1567 1978 fidem
1618 1925 1777 1994 plene
1822 1923 2030 1979 facien-

2152 1894 2447 2004 ltitiXdivOl
2494 1894 2781 1989 ἀνελόντες
2838 1894 2921 1980 ὅτι
2954 1928 3223 1995 Λογγῖνος
3271 1894 3531 1999 τέθνηκε,
3585 1894 3764 2000 accpi;

445 2022 583 2086 «tam.
624 2019 769 2088 quod
803 2017 1075 2086 Longinus
1115 2025 1263 2070 esset
1304 2026 1572 2077 mortuus,
1607 2014 1657 2068 id
1701 2022 1921 2085 portant
1967 2015 2033 2069 ad

2152 2017 2295 2082 ζουσι
2318 2016 2397 2087 τῷ
2428 2017 2673 2087 Πιλάτῳ,
2699 2015 2910 2081 εἰδότες
2937 2017 3019 2070 ὅτι
3052 2017 3250 2089 μηδενὶ
3276 2017 3423 2089 ἄλλῳ
3448 2018 3761 2090 δωρήματι

449 2111 706 2173 l’ilatum,
743 2120 799 2162 ut
838 2109 928 2177 qui
963 2109 1169 2163 sris-ent
1200 2122 1257 2161 se
1292 2105 1437 2160 nullo
1464 2105 1571 2171 al'm
1597 2106 1758 2172 dono,
1787 2118 2036 2174 quameo

2152 2102 2414 2171 τοσοῦτον,
2440 2104 2517 2168 ὡς
2554 2104 2775 2174 ἐκείνῳ,
2818 2105 2897 2176 τῷ
2958 2106 3111 2176 αὐτῷ
3166 2105 3519 2176 χαριοῦνται·
3560 2108 3664 2163 καὶ
3694 2109 3760 2172 ὃς

449 2200 624 2270 magis
661 2199 732 2253 illi
781 2200 1208 2271 gratificaturus.
1244 2196 1367 2267 lpse
1407 2205 1586 2251 autem
1617 2195 1802 2251 statim
1835 2210 2036 2250 convo-

2152 2196 2428 2252 πυνεκάλει
2453 2196 2806 2268 παραχρῆμα
2824 2200 2920 2251 καὶ
2954 2197 3234 2262 Ἰουδαίοις
3250 2198 3321 2252 τά
3346 2199 3565 2271 μεγάλα
3588 2200 3756 2271 αύτῷ

446 2294 593 2346 cavit
621 2291 857 2354 Iudaeos,
908 2306 1103 2360 magna
1135 2304 1322 2345 secum
1373 2290 1650 2359 voluptate
1701 2287 2033 2356 alliciendos,

2152 2288 2672 2359 ιυνησθησομένοις,
2707 2289 2803 2344 ἅτε
2831 2289 2929 2343 καὶ
2957 2290 3148 2354 αὐτοῖς
3180 2290 3304 2345 λίαν
3345 2291 3439 2344 τὸν
3467 2291 3757 2362 Λογγίνου

450 2394 511 2437 ut
540 2385 630 2452 qui
668 2382 898 2452 Longini
925 2383 1081 2436 valde
1104 2392 1336 2438 mortem
1374 2382 1612 2447 sitirent,
1645 2391 1700 2436 et
1734 2397 1850 2435 eam
1873 2382 2037 2435 emis-

2152 2379 2376 2434 lt'zva-tov
2414 2378 2611 2448 διψῶσι
2652 2379 2749 2434 καὶ
2778 2380 3080 2451 χρημάτων
3107 2378 3272 2434 ὢνιον
3323 2379 3520 2435 τοῦτον
3585 2400 3761 2454 ποιη-

448 2480 571 2528 sent
619 2472 886 2542 pecuniis.
939 2469 1096 2537 Quod
1142 2471 1359 2541 quidem
1412 2486 1533 2525 cum
1586 2471 1785 2529 factum
1820 2471 2032 2539 fuisset,

2152 2470 2437 2541 ταμένοις·
2488 2464 2551 2523 οῦ
2609 2470 2673 2542 δὴ
2723 2471 2818 2525 καὶ
2851 2471 2928 2537 ὡς
2968 2471 3160 2536 αὐτοῖς
3217 2471 3374 2540 φίλον
3434 2473 3758 2544 γενομένου

452 2575 511 2616 ιιι
546 2563 631 2619 eis
680 2563 945 2632 placebat,
991 2562 1144 2631 jubet
1195 2576 1385 2617 rursus
1433 2562 1654 2631 indigna
1696 2562 1940 2619 Pilatus:
1979 2576 2036 2619 ct

2152 2567 2476 2639 προστάττει
2522 2568 2620 2622 καὶ
2676 2567 2834 2630 αὖθις
2860 2568 3120 2632 Πιλάτος,
3152 2567 3250 2622 καὶ
3284 2567 3395 2638 πρὸ
3424 2567 3531 2639 τῆς
3567 2567 3757 2641 πύλης

447 2661 575 2707 ante
616 2661 828 2722 portam
881 2652 1120 2706 civitatis
1165 2664 1261 2720 per
1306 2650 1657 2719 ignominiam
1714 2649 1816 2704 fuit
1854 2652 2039 2722 proje-

2152 2654 2353 2725 Ιιτίμως
2381 2656 2415 2726 ὴ
2455 2654 2615 2726 τιμία
2640 2656 2857 2727 κεφαλὴ
2879 2659 2980 2727 τῆς
3011 2658 3224 2720 πόλεως
3263 2656 3501 2729 ἔρριπτο
3521 2674 3537 2691 ο
3572 2656 3698 2713 ἀλλ’
3725 2662 3758 2713 ὀ

446 2756 596 2801 ctum
652 2742 950 2814 pretiosum
1011 2742 1131 2811 ejus
1181 2750 1364 2812 caput.
1428 2741 1535 2795 Sed
1598 2740 1666 2806 is,
1718 2734 1807 2796 cui
1857 2743 2032 2797 visum

2152 2747 2279 2820 ὅπερ
2308 2747 2467 2819 ἡμῶν
2485 2750 2686 2805 παθεῖν
2711 2750 3018 2818 εὐδοκήσας
3047 2751 3141 2804 τοῦ
3163 2751 3232 2804 δι’
3253 2751 3417 2804 αὐτὸν
3474 2751 3757 2816 παθόντος

451 2836 633 2890 fuerat
660 2835 774 2904 pati
801 2846 903 2903 pro
932 2832 1110 2897 nobis,
1147 2835 1287 2901 ejus,
1318 2833 1410 2901 qui
1442 2846 1665 2904 propter
1694 2832 1877 2904 ipsum
1916 2831 2034 2887 fue-

2152 2838 2261 2894 ιὺδέ
2307 2839 2402 2893 νῦν
2453 2840 2777 2907 ἐπελάθετο,
2809 2841 2925 2894 ἀλλ’
2955 2837 3070 2896 οἷον
3086 2842 3332 2911 ἀειφανῆ
3365 2859 3494 2895 τινα
3532 2843 3754 2912 πυρσὸν

450 2935 543 2981 rat
567 2939 782 2997 passus,
813 2939 882 2978 ne
916 2939 1057 2978 nunc
1093 2922 1310 2993 quidem
1342 2934 1426 2979 est
1460 2924 1664 2979 oblitus
1692 2940 1706 2977 :
1740 2925 1836 2980 sed
1869 2924 2035 2980 veluti

2152 2933 2253 2995 toi;
2310 2931 2572 3003 παριοῦσι
2624 2935 2888 3004 παρεῖχεν
2928 2934 3062 3005 ὀρᾷν
3124 2933 3233 3004 πρὸ
3269 2933 3371 3002 τῆς
3398 2933 3622 2999 πόλεως
3651 2933 3753 2989 καὶ

451 3030 712 3087 perpetuo
750 3026 1105 3088 apparentem
1137 3019 1427 3087 quamdam
1453 3015 1626 3071 facem
1657 3017 1744 3081 iis,
1774 3016 1869 3087 qui
1911 3016 2039 3072 ade-

2152 3021 2204 3089 τῇ
2237 3018 2444 3092 κοπρίᾳ
2472 3017 2765 3088 κειμένην,
2805 3018 2879 3080 ὡς
2903 3019 2963 3070 ἐν
3005 3017 3274 3088 βασιλικῷ
3304 3016 3440 3088 οῐκῳ
3462 3019 3751 3087 φυλαττο-

454 3121 601 3174 ιαιιι,
650 3109 979 3163 cernendum
1032 3111 1305 3177 praebebat
1347 3118 1474 3163 ante
1517 3108 1816 3176 civitatem,
1871 3116 1926 3163 et
1978 3108 2032 3164 in

2152 3109 2313 3181 μένην
2376 3111 2602 3180 ἀφανῶς
2665 3110 2941 3176 ἔσκεπεν,
2993 3111 3054 3163 οὐ
3088 3112 3254 3182 μόνον
3306 3111 3461 3165 οὐδὲν
3497 3112 3612 3166 ἀπὸ
3646 3115 3753 3185 τῆς

457 3199 799 3269 s.¢rquilinio
859 3198 1152 3269 jacentem,
1208 3210 1460 3269 tanquam
1522 3200 1574 3254 in
1646 3201 1808 3254 domo
1886 3201 2034 3270 regia

2152 3203 2377 3274 κοπρίας
2400 3203 2570 3266 ἐάσας
2599 3202 2811 3269 παθεῖν,
2842 3203 2979 3256 άλλά
3002 3203 3096 3257 καὶ
3116 3204 3211 3257 τοῦ
3255 3206 3493 3275 πάσχειν
3520 3206 3759 3273 ἐτέρους-

458 3302 862 3357 cnuservatatn,
897 3300 1011 3346 tuto
1053 3291 1391 3361 protegebat,
1427 3307 1533 3346 non
1571 3297 1746 3348 solum
1776 3307 1883 3348 non
1912 3305 2037 3361 per-

2152 3293 2231 3348 Βιά
2277 3293 2484 3365 ταύτης
2537 3293 2942 3365 ἐλευθερώσας.
3006 3296 3167 3366 Χήρα
3198 3295 3307 3365 γάρ
3341 3313 3424 3359 τις
3482 3295 3624 3368 γυνὴ
3654 3297 3753 3349 καὶ

460 3385 699 3448 mittens,
751 3394 809 3437 ut
864 3382 1071 3454 aliquid
1115 3391 1394 3453 pateretur
1445 3398 1476 3437 a
1526 3385 1676 3453 limo,
1715 3385 1812 3440 sed
1870 3386 2035 3439 etiam

2152 3386 2358 3456 θανάτῳ
2391 3387 2489 3457 μὲν
2519 3386 2608 3440 τὸν
2635 3387 2802 3457 ἄνδρα
2829 3388 3190 3459 ζημιωθεῖσα,
3227 3387 3405 3457 υίῷδέ
3435 3406 3546 3443 τινι
3585 3406 3749 3459 μονο-

459 3478 697 3531 liberans
727 3476 884 3540 alios,
938 3475 1265 3544 neraliquid
1318 3486 1542 3546 propter
1596 3480 1648 3532 id
1692 3462 2036 3548 paterentur.

2152 3479 2290 3546 γενεί
2318 3478 2412 3531 καὶ
2444 3477 2593 3547 μόνῳ
2638 3477 2944 3531 σαλεύουσα
2977 3479 3071 3531 καὶ
3108 3478 3245 3548 πρὸς
3276 3481 3341 3550 τῇ
3388 3481 3604 3552 χηρείᾳ
3652 3483 3753 3536 καὶ

456 3568 710 3634 Quaedam
745 3570 892 3622 enim
927 3566 1119 3621 mulier
1168 3567 1353 3633 vidua,
1399 3582 1519 3637 qua:
1563 3579 1737 3623 morte
1783 3569 2038 3623 maritum

2152 3575 2250 3627 τῶν
2286 3573 2584 3644 ὀφθαλμῶν
2617 3574 2867 3645 πήρωσιν
2922 3574 3224 3638 ὑποστᾶσα,
3251 3574 3433 3627 πίστει
3471 3576 3536 3630 τὸ
3568 3575 3750 3642 πάθος

458 3664 742 3729 antiserat,
774 3677 897 3715 cum
926 3660 1039 3715 ﬁlio
1082 3668 1263 3713 autem
1304 3659 1467 3714 unico
1512 3657 1947 3726 conﬂictabatur,
1985 3668 2042 3715 et

2152 3670 2418 3738 νικήσασα
2475 3665 2613 3737 μετὰ
2670 3663 2765 3718 τοῦ
2815 3666 3009 3719 τέκνου
3068 3664 3207 3735 πρὸς
3236 3665 3334 3737 τὴν
3371 3665 3745 3740 Ἰερουσαλὴμ

461 3765 657 3827 praeter
690 3754 1005 3808 viduitatem
1052 3753 1392 3807 sustinuerat
1433 3753 1597 3808 etiam
1630 3754 1909 3808 oculorum
1945 3772 2041 3811 or-

2152 3761 2352 3824 Ξπεισι,
2406 3761 2472 3830 τῇ
2504 3757 2614 3812 τῶν
2640 3756 2812 3826 ἁγίων
2864 3759 2923 3811 ἐν
2954 3759 3094 3830 αὐτῇ
3122 3759 3304 3813 τόπων
3333 3761 3522 3833 ἐπαφῇ
3556 3779 3618 3815 τε
3644 3765 3743 3817 καὶ

459 3848 707 3912 bitatem,
738 3846 882 3899 malo
920 3844 1023 3899 fide
1055 3854 1335 3915 superato,
1372 3860 1494 3898 cum
1545 3845 1654 3901 filio
1702 3847 1848 3901 vadit
1883 3844 2043 3900 Jeru-

2152 3852 2543 3924 προσκυνήσει,
2575 3848 2669 3913 οὓς
2694 3851 3039 3922 ἀποϐέϐληκε
3060 3850 3156 3905 τοῦ
3183 3851 3435 3923 σώματος
3464 3871 3746 3925 φωταγω-

461 3938 656 4000 salem,
676 3946 1014 4003 sanctorum,
1044 3950 1163 4004 qua:
1191 3935 1262 3989 ibi
1286 3949 1466 4001 erant,
1493 3935 1735 3990 locorum
1789 3945 2041 3991 contactu

2152 3942 2296 4009 γοὺς,
2337 3939 2633 3994 ἀπολαϐεῖν
2649 3939 2942 3996 ἐλπίσασα.
3008 3941 3100 4005 Ὠς
3156 3939 3251 3995 οὖν
3278 3943 3384 3996 ὑπὸ
3412 3944 3513 4000 τοῦ
3550 3947 3746 4011 παιδος

461 4040 518 4084 et
548 4029 892 4091 adoratione,
924 4041 1062 4094 quos
1106 4028 1365 4080 amiserat
1418 4030 1668 4097 corporis
1704 4031 1886 4093 duces,
1918 4044 2044 4098 spe-

2152 4033 2638 4104 χειραγωγουμένη
2672 4031 2768 4086 τοῦ
2795 4033 2918 4103 χοὸς
2944 4031 3219 4102 ἐλάμϐανε
3251 4033 3347 4086 καὶ
3374 4032 3475 4105 τῆς
3511 4034 3743 4100 κόνεως,

462 4137 594 4176 rans
625 4134 685 4174 se
709 4131 1182 4187 recuperaturam.
1210 4118 1345 4173 Cum
1389 4128 1567 4173 autem
1599 4136 1629 4173 a
1672 4119 1783 4174 filio
1817 4121 2045 4175 deducta

2152 4126 2377 4187 καὶτοῖς
2402 4124 2705 4194 ὀφθαλμοῖς
2739 4124 3004 4189 ἐπετίθει,
3051 4124 3405 4195 προστίθεται
3442 4129 3511 4197 τῇ
3540 4127 3746 4198 χηρείᾳ

2147 4216 2245 4270 καὶ
2294 4216 2361 4287 τῇ
2404 4216 2654 4288 πηρώσει
2696 4215 2808 4269 τῶν
2859 4215 3180 4285 ὀφθαλμῶν,
3240 4210 3331 4268 οἷα
3363 4216 3432 4268 τά
3469 4218 3570 4270 τσῦ
3601 4219 3744 4271 Θεοῦ

462 4310 719 4378 adjicitur
750 4306 996 4361 viduitati
1022 4315 1077 4360 et
1108 4306 1387 4361 oculorum
1415 4308 1636 4362 orbitati
1681 4308 1880 4378 (qualia
1918 4323 2047 4365 sunt

2152 4309 2416 4381 κρίματα,
2441 4311 2536 4363 καὶ
2563 4309 2698 4379 άλλη
2735 4308 2951 4379 χαλεπὴ
2975 4309 3233 4381 συμφορά
3256 4323 3270 4339 ⁸
3295 4310 3451 4370 νόσος
3494 4313 3606 4383 γάρ
3660 4329 3746 4375 τις

466 4402 561 4456 Dei
592 4402 812 4471 judicia)
866 4402 971 4455 alia
1006 4415 1219 4469 quoque
1250 4398 1431 4470 gravis
1476 4401 1779 4458 calamitas.
1827 4402 2046 4456 Morbus

2152 4401 2539 4456 καταλαϐοῦσα
2577 4401 2670 4454 τὴν
2725 4401 2918 4466 παῖδα,
2971 4401 3065 4453 τὸν
3102 4402 3224 4455 ἀντὶ
3271 4401 3369 4471 τῆς
3401 4402 3610 4472 ζημίας
3634 4403 3747 4457 τῶν

465 4495 614 4550 enim
665 4494 884 4562 quidam
935 4492 1199 4547 invadens
1251 4506 1504 4562 puerum,
1546 4494 1639 4563 qui
1684 4508 1782 4564 pro
1828 4495 2046 4550 amissis

2152 4492 2444 4564 ὀφθαλμῶν
2470 4493 2752 4562 ὀφθαλμὸν
2786 4492 2945 4546 ἄλλον
2988 4494 3126 4564 αὐτῇ
3163 4495 3477 4563 γενόμενον,
3516 4495 3743 4568 ἁθρόον,

464 4590 642 4644 oculis
671 4588 850 4644 fuerat
890 4589 938 4642 ei
981 4588 1119 4642 alius
1154 4587 1368 4651 oculus,
1393 4598 1615 4659 repente
1641 4589 1799 4659 (proh
1823 4589 1974 4646 dolor
2003 4590 2043 4660 !)

2152 4585 2319 4657 οἴμοι,
2360 4586 2467 4640 τῶν
2490 4584 2748 4655 ἀγκαλῶν
2773 4586 2873 4655 τῆς
2911 4585 3119 4657 μητρὸς
3143 4586 3382 4658 ἁρπάζει

466 4683 668 4751 abripit
696 4697 725 4735 a
760 4685 879 4736 sinu
916 4683 1127 4735 matris.

538 4770 632 4827 IX.
662 4771 855 4825 Statim
888 4786 1016 4840 ergo
1048 4769 1293 4838 duplices
1327 4771 1393 4823 ad
1428 4783 1552 4823 eum
1590 4771 1856 4824 accedunt
1887 4778 2044 4824 tene-

2221 4761 2299 4815 Θ’.
2333 4761 2506 4824 Εὐθὺς
2539 4761 2632 4815 οῦν
2677 4762 2900 4817 διπλοῦν
2941 4766 3079 4839 αύτῇ
3128 4768 3191 4821 τὸ
3233 4767 3428 4832 σκότος
3454 4769 3740 4842 ἐπιφοιτᾷ,

467 4866 600 4928 brw,
631 4873 686 4917 et
711 4866 832 4916 vitae
857 4863 942 4916 lux
973 4861 1131 4915 simul
1169 4861 1532 4930 exstinguitur
1562 4879 1682 4916 cum
1715 4862 1831 4917 luce
1859 4862 2047 4917 oculo—

466 4972 631 5011 rum:
667 4965 889 5023 eratque
918 4955 1141 5008 omnino
1181 4953 1365 5008 infelix
1416 4955 1503 5009 illa
1561 4956 1878 5021 immobilis,
1926 4964 2047 5010 lau-

468 5062 630 5118 quam
675 5047 856 5115 aliquo
912 5046 1162 5111 fulmine,
1215 5046 1465 5115 perculsa
1517 5046 1851 5103 calamitate.
1907 5047 2048 5103 Cum

469 5148 650 5195 autem
681 5139 840 5208 paulo
880 5147 1003 5209 post
1046 5155 1075 5193 a
1129 5138 1269 5193 malo
1301 5140 1370 5194 ad
1413 5153 1471 5194 se
1509 5139 1786 5204 rediisset,
1819 5135 2053 5195 deﬂebat

470 5231 880 5295 miserabiliter,
931 5241 985 5286 et
1032 5231 1370 5287 miserandas
1423 5244 1585 5286 voces
1640 5233 1927 5286 emittebat
1981 5231 2051 5287 ad

472 5323 806 5380 Dominum:
834 5320 880 5374 0
909 5304 1157 5389 Domine,
1192 5321 1401 5388 dicens,
1449 5335 1550 5374 cur
1591 5323 1669 5375 sic
1712 5331 1937 5391 gravata
1967 5330 2051 5377 est

476 5430 670 5470 manus
719 5426 810 5468 tua
851 5428 1016 5484 super
1065 5427 1172 5480 me,
1205 5421 1260 5467 et
1295 5425 1456 5482 supra
1490 5412 1731 5466 dolorem
1767 5411 2049 5467 vulnerum

473 5521 723 5561 meorum
790 5503 1137 5561 addidisti“!
1195 5502 1262 5557 Et
1317 5518 1465 5558 nunc
1522 5501 1710 5557 lumen
1769 5503 2050 5558 oculorum

477 5610 723 5650 meorum
772 5605 826 5649 et
874 5594 1049 5665 ipsum
1108 5609 1215 5648 non
1267 5600 1353 5647 est
1402 5606 1612 5646 mecum
1636 5592 1678 5645 ⁸.
1718 5590 1856 5647 Num
1910 5593 2055 5648 vires

478 5679 715 5749 lapidum
766 5680 909 5735 vires
966 5680 1136 5735 mea-‘1
1194 5680 1315 5751 Ipsa
1366 5694 1589 5750 quoque
1636 5681 1846 5747 dicam,
1907 5685 2056 5754 quod

477 5766 579 5824 Job
598 5769 618 5802 '
649 5786 664 5822 :
697 5786 718 5821 ι
746 5768 978 5826 Posuisti
1003 5785 1089 5825 me
1120 5771 1456 5841 parabolam,
1485 5770 1732 5841 Domine,
1765 5782 1818 5830 et
1850 5783 2056 5832 motum

2152 4851 2248 4906 καὶ
2280 4852 2341 4905 τὸ
2362 4854 2455 4906 τοῦ
2484 4853 2601 4923 βίου
2634 4854 2752 4922 φῶς
2783 4855 2860 4926 τῷ
2905 4856 3014 4910 τῶν
3063 4858 3334 4930 ὀμμάτων
3367 4862 3731 4916 συναποσϐἐν-

2106 5014 2111 5017 _
2153 4963 2330 5014 νυται,
2362 4946 2458 4999 καὶ
2481 4943 2549 5016 ἦν
2568 4947 2707 5011 ὅλως
2739 4949 2995 5020 ἀκίνητος
3021 4952 3054 5021 η
3082 4951 3265 5016 ἀθλία,
3287 4952 3477 5025 ὥσπερ
3510 4953 3744 5024 σκηπτῷ

2154 5053 2262 5091 τινι
2285 5036 2548 5107 βληθεῖσα
2595 5040 2663 5110 τῇ
2705 5041 2986 5114 συμφορᾷ.
3028 5042 3186 5096 Μετὰ
3229 5042 3403 5114 βραχὺ
3430 5043 3488 5095 δὲ
3519 5044 3742 5121 νήψασα

2160 5129 2359 5199 μικρὸν
2379 5129 2472 5181 τοῦ
2504 5130 2701 5194 κακοῦ,
2742 5131 2977 5186 ἐλεεινὸν
3025 5132 3360 5201 ἀποδύρεται
3390 5134 3484 5187 καὶ
3511 5134 3742 5205 οίκτράς

2153 5221 2307 5290 ἠφίει
2335 5219 2471 5294 πρὸς
2488 5220 2580 5274 τὸν
2600 5223 2880 5293 Δεσπότην
2902 5223 3089 5293 φωνάς
3107 5237 3122 5254 ⁸
3154 5221 3226 5277 Ὦ
3254 5226 3446 5297 Κύριε,
3477 5225 3737 5293 λέγουσα,

2160 5311 2301 5365 ίνατί
2333 5310 2508 5378 οὕτως
2530 5312 2807 5384 ἐϐαρύνθη
2830 5313 2920 5369 ἐπ’
2949 5314 3049 5383 ἐμὲ
3082 5315 3115 5386 ή
3141 5315 3263 5386 χείρ
3295 5333 3412 5379 σου,
3445 5317 3539 5370 καὶ
3560 5316 3655 5370 ἐπὶ
3680 5314 3742 5368 τὸ

2160 5405 2326 5474 ἄλγος
2354 5406 2464 5458 τῶν
2497 5405 2830 5475 τραυμάτων
2879 5422 2981 5476 μου
3022 5408 3394 5477 προσέθηκας,
3425 5410 3520 5462 καὶ
3555 5407 3649 5463 νῦν
3678 5407 3742 5460 τὸ

2163 5498 2280 5567 φῶς
2302 5498 2410 5551 τῶν
2439 5497 2735 5568 ὀφθαλμῶν
2761 5514 2864 5568 μου
2890 5498 2983 5551 καὶ
3012 5500 3143 5554 αὐτὸ
3165 5499 3263 5554 οὐκ
3287 5500 3405 5554 ἐστι
3431 5500 3548 5572 μετ’
3577 5499 3737 5570 ἐμοῦ;

2164 5590 2259 5661 Μὴ
2296 5590 2448 5660 ἰσχὺς
2469 5590 2688 5660 λίθωνή
2729 5588 2883 5660 ἰσχύς
2919 5607 3059 5660 μους
3087 5592 3160 5646 Τὸ
3183 5592 3277 5646 τοῦ
3330 5593 3450 5647 Ἰὼϐ
3479 5593 3572 5647 καὶ
3602 5594 3741 5659 αὐτὴ

2165 5683 2309 5753 ἐρῶσ
2336 5683 2581 5755 Ἐθηκάς
2616 5698 2684 5754 με
2736 5683 3072 5755 παραϐολὴν,
3104 5684 3368 5756 Δέσποτα,
3408 5686 3503 5740 καὶ
3528 5684 3743 5754 κίνησιν

2166 5775 2413 5847 κεφαλῆς
2445 5778 2502 5831 ἐν
2524 5777 2680 5844 πᾶσι,
2712 5778 2806 5832 καὶ
2835 5777 3169 5853 ίσχύνθησαν
3195 5781 3282 5835 ἐπ’
3308 5780 3409 5847 ἐμὲ
3457 5780 3505 5833 oi
3537 5777 3743 5842 ὑπομέ-

552 5884 575 5919 ⁸
603 5881 748 5939 i‘sal.
778 5897 966 5946 ωιγιι..
997 5884 1086 5941 27.
1163 5886 1183 5918 ‘
1207 5884 1353 5942 Psal.
1375 5902 1583 5954 xxxv“,
1612 5888 1703 5945 H.
1789 5891 1810 5923 "
1837 5888 1964 5948 Job.
1997 5909 2072 5963 vt,
2109 5892 2202 5950 22.
