  <div class='ocr_page' id='page_1' title='image "/cluster/home/n/w/nwhite01/storage/ocr_20150623/115:no.2/coo.31924054870195/029.png"; bbox 0 0 4108 6498; ppageno 0'>
   <div class='ocr_carea' id='block_1_1' title="bbox 487 353 3756 427">
    <p class='ocr_par' dir='ltr' id='par_1_1' title="bbox 487 353 3756 427">
     <span class='ocr_line' id='line_1_1' title="bbox 487 353 3756 427; baseline 0.001 -13"><span class='ocrx_word' id='word_1_1' title='bbox 487 353 559 416; x_wconf 66' lang='grc'><strong>43</strong></span> <span class='ocrx_word' id='word_1_2' title='bbox 1775 353 2064 414; x_wconf 83' lang='lat' dir='ltr'><strong>MENSIS</strong></span> <span class='ocrx_word' id='word_1_3' title='bbox 2099 353 2470 415; x_wconf 81' lang='lat' dir='ltr'><strong>MARTIUS.</strong></span> <span class='ocrx_word' id='word_1_4' title='bbox 3681 368 3756 427; x_wconf 72' lang='grc' dir='ltr'>Η</span> 
     </span>
    </p>
   </div>
   <div class='ocr_carea' id='block_1_2' title="bbox 483 469 2087 545">
    <p class='ocr_par' dir='ltr' id='par_1_2' title="bbox 483 469 2056 542">
     <span class='ocr_line' id='line_1_2' title="bbox 483 469 2056 542; baseline -0.002 -15"><span class='ocrx_word' id='word_1_5' title='bbox 483 469 668 528; x_wconf 82' lang='lat' dir='ltr'><strong>oculos</strong></span> <span class='ocrx_word' id='word_1_6' title='bbox 699 472 901 537; x_wconf 85' lang='lat' dir='ltr'><strong>carnis,</strong></span> <span class='ocrx_word' id='word_1_7' title='bbox 933 487 1031 542; x_wconf 84' lang='lat' dir='ltr'><strong>ego</strong></span> <span class='ocrx_word' id='word_1_8' title='bbox 1059 480 1237 526; x_wconf 82' lang='lat' dir='ltr'><strong>autem</strong></span> <span class='ocrx_word' id='word_1_9' title='bbox 1271 471 1451 541; x_wconf 78' lang='lat' dir='ltr'><strong>accepi</strong></span> <span class='ocrx_word' id='word_1_10' title='bbox 1476 471 1639 526; x_wconf 88' lang='lat' dir='ltr'><strong>etiam</strong></span> <span class='ocrx_word' id='word_1_11' title='bbox 1664 471 1854 527; x_wconf 81' lang='lat' dir='ltr'><strong>oculos</strong></span> <span class='ocrx_word' id='word_1_12' title='bbox 1897 471 2056 540; x_wconf 86' lang='lat' dir='ltr'><strong>spiri-</strong></span> 
     </span>
    </p>
   </div>
   <div class='ocr_carea' id='block_1_3' title="bbox 2148 469 3749 545">
    <p class='ocr_par' dir='ltr' id='par_1_3' title="bbox 2165 469 3749 545">
     <span class='ocr_line' id='line_1_3' title="bbox 2165 469 3749 545; baseline 0.008 -22"><span class='ocrx_word' id='word_1_13' title='bbox 2165 469 2303 541; x_wconf 82' lang='grc' dir='ltr'>πρὸς</span> <span class='ocrx_word' id='word_1_14' title='bbox 2356 470 2555 540; x_wconf 79' lang='grc' dir='ltr'>ἑαυτὴν</span> <span class='ocrx_word' id='word_1_15' title='bbox 2613 469 2918 540; x_wconf 66' lang='grc' dir='ltr'>ἐπεφώνει·</span> <span class='ocrx_word' id='word_1_16' title='bbox 2984 472 3100 528; x_wconf 74' lang='grc' dir='ltr'>Νῦν</span> <span class='ocrx_word' id='word_1_17' title='bbox 3139 473 3276 539; x_wconf 74' lang='grc' dir='ltr'>οἶδα,</span> <span class='ocrx_word' id='word_1_18' title='bbox 3337 477 3592 545; x_wconf 77' lang='grc' dir='ltr'><strong>λέγουσα,</strong></span> <span class='ocrx_word' id='word_1_19' title='bbox 3633 486 3749 545; x_wconf 80' lang='grc' dir='ltr'>τοῖς</span> 
     </span>
    </p>
   </div>
   <div class='ocr_carea' id='block_1_4' title="bbox 481 561 2087 642">
    <p class='ocr_par' dir='ltr' id='par_1_4' title="bbox 481 562 2062 631">
     <span class='ocr_line' id='line_1_4' title="bbox 481 562 2062 631; baseline -0.003 -10"><span class='ocrx_word' id='word_1_20' title='bbox 481 576 591 621; x_wconf 88' lang='lat' dir='ltr'><strong>tus.</strong></span> <span class='ocrx_word' id='word_1_21' title='bbox 631 565 713 619; x_wconf 85' lang='lat' dir='ltr'><strong>Me</strong></span> <span class='ocrx_word' id='word_1_22' title='bbox 741 563 1005 618; x_wconf 78' lang='lat' dir='ltr'><strong>alliciebat</strong></span> <span class='ocrx_word' id='word_1_23' title='bbox 1030 563 1245 619; x_wconf 72' lang='lat' dir='ltr'><strong>tristitia</strong></span> <span class='ocrx_word' id='word_1_24' title='bbox 1270 562 1489 631; x_wconf 85' lang='lat' dir='ltr'><strong>jactura</strong></span> <span class='ocrx_word' id='word_1_25' title='bbox 1524 563 1641 628; x_wconf 87' lang='lat' dir='ltr'><strong>lilii,</strong></span> <span class='ocrx_word' id='word_1_26' title='bbox 1665 564 1758 618; x_wconf 92' lang='lat' dir='ltr'><strong>sed</strong></span> <span class='ocrx_word' id='word_1_27' title='bbox 1783 579 1913 620; x_wconf 86' lang='lat' dir='ltr'><strong>ecce</strong></span> <span class='ocrx_word' id='word_1_28' title='bbox 1937 579 2062 618; x_wconf 87' lang='lat' dir='ltr'><strong>eum</strong></span> 
     </span>
    </p>
   </div>
   <div class='ocr_carea' id='block_1_5' title="bbox 2148 561 3749 642">
    <p class='ocr_par' dir='ltr' id='par_1_5' title="bbox 2161 561 3749 642">
     <span class='ocr_line' id='line_1_5' title="bbox 2161 561 3749 642; baseline 0.007 -27"><span class='ocrx_word' id='word_1_29' title='bbox 2161 562 2419 630; x_wconf 76' lang='grc' dir='ltr'><strong>ἀγαπῶσι</strong></span> <span class='ocrx_word' id='word_1_30' title='bbox 2452 561 2546 614; x_wconf 83' lang='grc' dir='ltr'>τὸν</span> <span class='ocrx_word' id='word_1_31' title='bbox 2572 563 2704 614; x_wconf 80' lang='grc' dir='ltr'>Θεὸν</span> <span class='ocrx_word' id='word_1_32' title='bbox 2737 563 2916 617; x_wconf 82' lang='grc' dir='ltr'>πάντα</span> <span class='ocrx_word' id='word_1_33' title='bbox 2942 567 3079 637; x_wconf 69' lang='grc' dir='ltr'>πρὸς</span> <span class='ocrx_word' id='word_1_34' title='bbox 3102 567 3162 618; x_wconf 79' lang='grc' dir='ltr'><strong>τὸ</strong></span> <span class='ocrx_word' id='word_1_35' title='bbox 3194 568 3397 636; x_wconf 83' lang='grc' dir='ltr'>ἀγαθὸν</span> <span class='ocrx_word' id='word_1_36' title='bbox 3429 571 3749 642; x_wconf 76' lang='grc' dir='ltr'>συλλαμϐά-</span> 
     </span>
    </p>
   </div>
   <div class='ocr_carea' id='block_1_6' title="bbox 429 651 2087 728">
    <p class='ocr_par' dir='ltr' id='par_1_6' title="bbox 429 656 2061 726">
     <span class='ocr_line' id='line_1_6' title="bbox 429 656 2061 726; baseline -0.002 -14"><span class='ocrx_word' id='word_1_37' title='bbox 429 694 432 698; x_wconf 92' lang='grc'><strong>-</strong></span> <span class='ocrx_word' id='word_1_38' title='bbox 482 659 657 714; x_wconf 85' lang='lat' dir='ltr'><strong>habeo</strong></span> <span class='ocrx_word' id='word_1_39' title='bbox 701 657 992 720; x_wconf 85' lang='lat' dir='ltr'><strong>haeredem,</strong></span> <span class='ocrx_word' id='word_1_40' title='bbox 1033 658 1140 710; x_wconf 89' lang='lat' dir='ltr'><strong>Deo</strong></span> <span class='ocrx_word' id='word_1_41' title='bbox 1193 671 1315 711; x_wconf 88' lang='lat' dir='ltr'><strong>cum</strong></span> <span class='ocrx_word' id='word_1_42' title='bbox 1369 656 1541 726; x_wconf 79' lang='lat' dir='ltr'><strong>gloria</strong></span> <span class='ocrx_word' id='word_1_43' title='bbox 1609 657 1754 726; x_wconf 87' lang='lat' dir='ltr'><strong>regia</strong></span> <span class='ocrx_word' id='word_1_44' title='bbox 1802 658 2061 712; x_wconf 84' lang='lat' dir='ltr'><strong>assisten-</strong></span> 
     </span>
    </p>
   </div>
   <div class='ocr_carea' id='block_1_7' title="bbox 2148 651 3748 728">
    <p class='ocr_par' dir='ltr' id='par_1_7' title="bbox 2161 651 3748 728">
     <span class='ocr_line' id='line_1_7' title="bbox 2161 651 3748 728; baseline 0.009 -24"><span class='ocrx_word' id='word_1_45' title='bbox 2161 666 2346 704; x_wconf 86' lang='grc' dir='ltr'>νεται·</span> <span class='ocrx_word' id='word_1_46' title='bbox 2379 651 2693 721; x_wconf 73' lang='grc' dir='ltr'>ὀφθαλμοὺς</span> <span class='ocrx_word' id='word_1_47' title='bbox 2735 654 2965 724; x_wconf 71' lang='grc' dir='ltr'>ἐζήτουν</span> <span class='ocrx_word' id='word_1_48' title='bbox 3001 657 3228 727; x_wconf 75' lang='grc' dir='ltr'>σαρκὸς,</span> <span class='ocrx_word' id='word_1_49' title='bbox 3257 657 3370 728; x_wconf 80' lang='grc' dir='ltr'><strong>ἐγὼ</strong></span> <span class='ocrx_word' id='word_1_50' title='bbox 3411 661 3468 715; x_wconf 84' lang='grc' dir='ltr'>δὲ</span> <span class='ocrx_word' id='word_1_51' title='bbox 3492 663 3589 716; x_wconf 73' lang='grc' dir='ltr'><strong>καὶ</strong></span> <span class='ocrx_word' id='word_1_52' title='bbox 3617 665 3748 727; x_wconf 71' lang='grc' dir='ltr'>τοὺς</span> 
     </span>
    </p>
   </div>
   <div class='ocr_carea' id='block_1_8' title="bbox 480 741 2087 822">
    <p class='ocr_par' dir='ltr' id='par_1_8' title="bbox 480 744 2060 812">
     <span class='ocr_line' id='line_1_8' title="bbox 480 744 2060 812; baseline 0.001 -12"><span class='ocrx_word' id='word_1_53' title='bbox 480 756 610 812; x_wconf 84' lang='lat' dir='ltr'><strong>tem,</strong></span> <span class='ocrx_word' id='word_1_54' title='bbox 646 756 699 802; x_wconf 91' lang='lat' dir='ltr'><strong>et</strong></span> <span class='ocrx_word' id='word_1_55' title='bbox 742 761 886 800; x_wconf 89' lang='lat' dir='ltr'><strong>nunc</strong></span> <span class='ocrx_word' id='word_1_56' title='bbox 920 755 1080 799; x_wconf 88' lang='lat' dir='ltr'><strong>noctu</strong></span> <span class='ocrx_word' id='word_1_57' title='bbox 1115 753 1170 799; x_wconf 89' lang='lat' dir='ltr'><strong>et</strong></span> <span class='ocrx_word' id='word_1_58' title='bbox 1225 746 1459 800; x_wconf 84' lang='lat' dir='ltr'><strong>interdiu</strong></span> <span class='ocrx_word' id='word_1_59' title='bbox 1488 744 1616 798; x_wconf 85' lang='lat' dir='ltr'><strong>mihi</strong></span> <span class='ocrx_word' id='word_1_60' title='bbox 1650 747 1810 801; x_wconf 87' lang='lat' dir='ltr'><strong>matri</strong></span> <span class='ocrx_word' id='word_1_61' title='bbox 1864 746 2060 802; x_wconf 89' lang='lat' dir='ltr'><strong>blande</strong></span> 
     </span>
    </p>
   </div>
   <div class='ocr_carea' id='block_1_9' title="bbox 2148 741 3747 822">
    <p class='ocr_par' dir='ltr' id='par_1_9' title="bbox 2156 741 3747 822">
     <span class='ocr_line' id='line_1_9' title="bbox 2156 741 3747 822; baseline 0.01 -29"><span class='ocrx_word' id='word_1_62' title='bbox 2156 741 2252 794; x_wconf 87' lang='grc' dir='ltr'><strong>τοῦ</strong></span> <span class='ocrx_word' id='word_1_63' title='bbox 2310 741 2626 813; x_wconf 77' lang='grc' dir='ltr'>πνεύματος</span> <span class='ocrx_word' id='word_1_64' title='bbox 2677 743 2907 798; x_wconf 72' lang='grc' dir='ltr'>ἔλαϐον·</span> <span class='ocrx_word' id='word_1_65' title='bbox 2970 747 3161 801; x_wconf 76' lang='grc' dir='ltr'>ἐλύπει</span> <span class='ocrx_word' id='word_1_66' title='bbox 3217 767 3285 819; x_wconf 87' lang='grc' dir='ltr'><strong>με</strong></span> <span class='ocrx_word' id='word_1_67' title='bbox 3323 751 3498 822; x_wconf 77' lang='grc' dir='ltr'>ζημία</span> <span class='ocrx_word' id='word_1_68' title='bbox 3526 756 3747 820; x_wconf 80' lang='grc' dir='ltr'><strong>τέκνου,</strong></span> 
     </span>
    </p>
   </div>
   <div class='ocr_carea' id='block_1_10' title="bbox 478 835 2087 917">
    <p class='ocr_par' dir='ltr' id='par_1_10' title="bbox 478 837 2056 908">
     <span class='ocr_line' id='line_1_10' title="bbox 478 837 2056 908; baseline 0 -16"><span class='ocrx_word' id='word_1_69' title='bbox 478 839 728 904; x_wconf 83' lang='lat' dir='ltr'><strong>arridet,</strong></span> <span class='ocrx_word' id='word_1_70' title='bbox 839 837 1282 908; x_wconf 83' lang='lat' dir='ltr'><strong>conglorillealus</strong></span> <span class='ocrx_word' id='word_1_71' title='bbox 1370 838 1670 894; x_wconf 81' lang='lat' dir='ltr'><strong>honoribus</strong></span> <span class='ocrx_word' id='word_1_72' title='bbox 1765 841 2056 908; x_wconf 87' lang='lat' dir='ltr'><strong>propheta-</strong></span> 
     </span>
    </p>
   </div>
   <div class='ocr_carea' id='block_1_11' title="bbox 2148 835 3747 917">
    <p class='ocr_par' dir='ltr' id='par_1_11' title="bbox 2156 835 3747 917">
     <span class='ocr_line' id='line_1_11' title="bbox 2156 835 3747 917; baseline 0.009 -30"><span class='ocrx_word' id='word_1_73' title='bbox 2156 835 2271 887; x_wconf 84' lang='grc' dir='ltr'>ἀλλ’</span> <span class='ocrx_word' id='word_1_74' title='bbox 2308 835 2416 905; x_wconf 82' lang='grc' dir='ltr'><strong>ἔχω</strong></span> <span class='ocrx_word' id='word_1_75' title='bbox 2443 836 2534 888; x_wconf 73' lang='grc' dir='ltr'><strong>τὸν</strong></span> <span class='ocrx_word' id='word_1_76' title='bbox 2559 837 2918 908; x_wconf 71' lang='grc' dir='ltr'>κληρονόμον,</span> <span class='ocrx_word' id='word_1_77' title='bbox 2972 839 3100 905; x_wconf 75' lang='grc' dir='ltr'>ἰδοὺ,</span> <span class='ocrx_word' id='word_1_78' title='bbox 3139 844 3280 911; x_wconf 79' lang='grc' dir='ltr'>μετὰ</span> <span class='ocrx_word' id='word_1_79' title='bbox 3325 843 3611 917; x_wconf 75' lang='grc' dir='ltr'><strong>βασιλικῆς</strong></span> <span class='ocrx_word' id='word_1_80' title='bbox 3640 848 3747 916; x_wconf 73' lang='grc' dir='ltr'>τῆς</span> 
     </span>
    </p>
   </div>
   <div class='ocr_carea' id='block_1_12' title="bbox 475 926 2087 1009">
    <p class='ocr_par' dir='ltr' id='par_1_12' title="bbox 475 930 2051 1002">
     <span class='ocr_line' id='line_1_12' title="bbox 475 930 2051 1002; baseline 0 -19"><span class='ocrx_word' id='word_1_81' title='bbox 475 946 594 984; x_wconf 82' lang='lat' dir='ltr'><strong>rum</strong></span> <span class='ocrx_word' id='word_1_82' title='bbox 635 940 689 985; x_wconf 90' lang='lat' dir='ltr'><strong>et</strong></span> <span class='ocrx_word' id='word_1_83' title='bbox 723 940 1042 1002; x_wconf 81' lang='lat' dir='ltr'><strong>martyrum,</strong></span> <span class='ocrx_word' id='word_1_84' title='bbox 1103 939 1158 986; x_wconf 86' lang='lat' dir='ltr'><strong>et</strong></span> <span class='ocrx_word' id='word_1_85' title='bbox 1193 945 1314 984; x_wconf 88' lang='lat' dir='ltr'><strong>cum</strong></span> <span class='ocrx_word' id='word_1_86' title='bbox 1370 930 1450 984; x_wconf 90' lang='lat' dir='ltr'><strong>eis</strong></span> <span class='ocrx_word' id='word_1_87' title='bbox 1483 930 1781 994; x_wconf 81' lang='lat' dir='ltr'><strong>exsultans,</strong></span> <span class='ocrx_word' id='word_1_88' title='bbox 1829 939 1885 985; x_wconf 87' lang='lat' dir='ltr'><strong>et</strong></span> <span class='ocrx_word' id='word_1_89' title='bbox 1927 945 2051 985; x_wconf 92' lang='lat' dir='ltr'><strong>cum</strong></span> 
     </span>
    </p>
   </div>
   <div class='ocr_carea' id='block_1_13' title="bbox 2148 926 3742 1009">
    <p class='ocr_par' dir='ltr' id='par_1_13' title="bbox 2152 926 3742 1009">
     <span class='ocr_line' id='line_1_13' title="bbox 2152 926 3742 1009; baseline 0.009 -31"><span class='ocrx_word' id='word_1_90' title='bbox 2152 926 2314 996; x_wconf 79' lang='grc' dir='ltr'>δόξης</span> <span class='ocrx_word' id='word_1_91' title='bbox 2347 927 2424 998; x_wconf 82' lang='grc' dir='ltr'>τῷ</span> <span class='ocrx_word' id='word_1_92' title='bbox 2451 927 2570 998; x_wconf 84' lang='grc' dir='ltr'>Θεῷ</span> <span class='ocrx_word' id='word_1_93' title='bbox 2600 931 3009 1000; x_wconf 73' lang='grc' dir='ltr'><strong>παριστάμενον</strong></span> <span class='ocrx_word' id='word_1_94' title='bbox 3039 933 3133 984; x_wconf 73' lang='grc' dir='ltr'>καὶ</span> <span class='ocrx_word' id='word_1_95' title='bbox 3163 934 3258 986; x_wconf 90' lang='grc' dir='ltr'><strong>νῦν</strong></span> <span class='ocrx_word' id='word_1_96' title='bbox 3282 937 3496 1007; x_wconf 80' lang='grc' dir='ltr'>ἥμερόν</span> <span class='ocrx_word' id='word_1_97' title='bbox 3525 957 3643 1008; x_wconf 88' lang='grc' dir='ltr'>μοι,</span> <span class='ocrx_word' id='word_1_98' title='bbox 3676 944 3742 1009; x_wconf 75' lang='grc' dir='ltr'>τῇ</span> 
     </span>
    </p>
   </div>
   <div class='ocr_carea' id='block_1_14' title="bbox 472 1019 2087 1101">
    <p class='ocr_par' dir='ltr' id='par_1_14' title="bbox 472 1019 2051 1091">
     <span class='ocr_line' id='line_1_14' title="bbox 472 1019 2051 1091; baseline 0 -16"><span class='ocrx_word' id='word_1_99' title='bbox 472 1019 713 1090; x_wconf 85' lang='lat' dir='ltr'><strong>Longino</strong></span> <span class='ocrx_word' id='word_1_100' title='bbox 747 1035 961 1076; x_wconf 88' lang='lat' dir='ltr'><strong>crucem</strong></span> <span class='ocrx_word' id='word_1_101' title='bbox 996 1022 1194 1086; x_wconf 80' lang='lat' dir='ltr'><strong>ferens,</strong></span> <span class='ocrx_word' id='word_1_102' title='bbox 1233 1029 1288 1075; x_wconf 86' lang='lat' dir='ltr'><strong>et</strong></span> <span class='ocrx_word' id='word_1_103' title='bbox 1320 1021 1470 1091; x_wconf 81' lang='lat' dir='ltr'><strong>regni</strong></span> <span class='ocrx_word' id='word_1_104' title='bbox 1513 1019 1773 1075; x_wconf 68' lang='lat' dir='ltr'><strong>caelorum</strong></span> <span class='ocrx_word' id='word_1_105' title='bbox 1827 1021 2051 1090; x_wconf 69' lang='lat' dir='ltr'><strong>praecla-</strong></span> 
     </span>
    </p>
   </div>
   <div class='ocr_carea' id='block_1_15' title="bbox 2148 1019 3744 1101">
    <p class='ocr_par' dir='ltr' id='par_1_15' title="bbox 2157 1020 3744 1101">
     <span class='ocr_line' id='line_1_15' title="bbox 2157 1020 3744 1101; baseline 0.009 -31"><span class='ocrx_word' id='word_1_106' title='bbox 2157 1020 2350 1090; x_wconf 72' lang='grc' dir='ltr'>μητρὶ,</span> <span class='ocrx_word' id='word_1_107' title='bbox 2403 1021 2683 1090; x_wconf 74' lang='grc' dir='ltr'><strong>προσγελᾷ</strong></span> <span class='ocrx_word' id='word_1_108' title='bbox 2718 1021 2936 1092; x_wconf 85' lang='grc' dir='ltr'>νύκτωρ</span> <span class='ocrx_word' id='word_1_109' title='bbox 2977 1025 3074 1078; x_wconf 73' lang='grc' dir='ltr'><strong>καὶ</strong></span> <span class='ocrx_word' id='word_1_110' title='bbox 3102 1025 3221 1094; x_wconf 79' lang='grc' dir='ltr'>μεθ’</span> <span class='ocrx_word' id='word_1_111' title='bbox 3253 1028 3491 1098; x_wconf 75' lang='grc' dir='ltr'>ἡμέραν,</span> <span class='ocrx_word' id='word_1_112' title='bbox 3523 1048 3744 1101; x_wconf 83' lang='grc' dir='ltr'>προφη·</span> 
     </span>
    </p>
   </div>
   <div class='ocr_carea' id='block_1_16' title="bbox 471 1109 2087 1193">
    <p class='ocr_par' dir='ltr' id='par_1_16' title="bbox 471 1113 2048 1183">
     <span class='ocr_line' id='line_1_16' title="bbox 471 1113 2048 1183; baseline 0.001 -16"><span class='ocrx_word' id='word_1_113' title='bbox 471 1128 592 1167; x_wconf 89' lang='lat' dir='ltr'><strong>rum</strong></span> <span class='ocrx_word' id='word_1_114' title='bbox 624 1113 803 1167; x_wconf 78' lang='lat' dir='ltr'><strong>ferens</strong></span> <span class='ocrx_word' id='word_1_115' title='bbox 849 1121 1109 1183; x_wconf 74' lang='lat' dir='ltr'><strong>trOpmum</strong></span> <span class='ocrx_word' id='word_1_116' title='bbox 1140 1113 1282 1168; x_wconf 86' lang='lat' dir='ltr'><strong>inter</strong></span> <span class='ocrx_word' id='word_1_117' title='bbox 1316 1113 1540 1183; x_wconf 80' lang='lat' dir='ltr'><strong>angelos</strong></span> <span class='ocrx_word' id='word_1_118' title='bbox 1575 1131 1589 1166; x_wconf 86' lang='lat'><strong>:</strong></span> <span class='ocrx_word' id='word_1_119' title='bbox 1626 1113 1761 1168; x_wconf 88' lang='lat' dir='ltr'><strong>adeo</strong></span> <span class='ocrx_word' id='word_1_120' title='bbox 1812 1122 1872 1168; x_wconf 86' lang='lat' dir='ltr'><strong>ut</strong></span> <span class='ocrx_word' id='word_1_121' title='bbox 1901 1114 2048 1168; x_wconf 85' lang='lat' dir='ltr'><strong>Lon-</strong></span> 
     </span>
    </p>
   </div>
   <div class='ocr_carea' id='block_1_17' title="bbox 2148 1109 3746 1193">
    <p class='ocr_par' dir='ltr' id='par_1_17' title="bbox 2151 1109 3746 1193">
     <span class='ocr_line' id='line_1_17' title="bbox 2151 1109 3746 1193; baseline 0.011 -33"><span class='ocrx_word' id='word_1_122' title='bbox 2151 1109 2260 1161; x_wconf 86' lang='grc' dir='ltr'><strong>τῶν</strong></span> <span class='ocrx_word' id='word_1_123' title='bbox 2311 1112 2501 1178; x_wconf 87' lang='grc' dir='ltr'>τιμαῖς</span> <span class='ocrx_word' id='word_1_124' title='bbox 2558 1113 2652 1164; x_wconf 79' lang='grc' dir='ltr'><strong>καὶ</strong></span> <span class='ocrx_word' id='word_1_125' title='bbox 2702 1113 2999 1182; x_wconf 78' lang='grc' dir='ltr'>μαρτύρων</span> <span class='ocrx_word' id='word_1_126' title='bbox 3054 1117 3559 1189; x_wconf 77' lang='grc' dir='ltr'>συνδοξαζόμενος’</span> <span class='ocrx_word' id='word_1_127' title='bbox 3599 1125 3746 1193; x_wconf 74' lang='grc' dir='ltr'>μετὰ</span> 
     </span>
    </p>
   </div>
   <div class='ocr_carea' id='block_1_18' title="bbox 472 1201 2087 1290">
    <p class='ocr_par' dir='ltr' id='par_1_18' title="bbox 472 1201 2047 1275">
     <span class='ocr_line' id='line_1_18' title="bbox 472 1201 2047 1275; baseline 0.003 -19"><span class='ocrx_word' id='word_1_128' title='bbox 472 1203 579 1273; x_wconf 91' lang='lat' dir='ltr'><strong>gini</strong></span> <span class='ocrx_word' id='word_1_129' title='bbox 618 1201 790 1257; x_wconf 83' lang='lat' dir='ltr'><strong>lactus</strong></span> <span class='ocrx_word' id='word_1_130' title='bbox 822 1204 1146 1274; x_wconf 82' lang='lat' dir='ltr'><strong>discipulus,</strong></span> <span class='ocrx_word' id='word_1_131' title='bbox 1177 1206 1292 1274; x_wconf 85' lang='lat' dir='ltr'><strong>ipse</strong></span> <span class='ocrx_word' id='word_1_132' title='bbox 1322 1220 1539 1275; x_wconf 88' lang='lat' dir='ltr'><strong>quoque</strong></span> <span class='ocrx_word' id='word_1_133' title='bbox 1583 1220 1793 1259; x_wconf 85' lang='lat' dir='ltr'><strong>sacram</strong></span> <span class='ocrx_word' id='word_1_134' title='bbox 1833 1207 2047 1260; x_wconf 84' lang='lat' dir='ltr'><strong>emittat</strong></span> 
     </span>
    </p>
   </div>
   <div class='ocr_carea' id='block_1_19' title="bbox 2148 1201 3743 1290">
    <p class='ocr_par' dir='ltr' id='par_1_19' title="bbox 2151 1204 3743 1290">
     <span class='ocr_line' id='line_1_19' title="bbox 2151 1204 3743 1290; baseline 0.012 -34"><span class='ocrx_word' id='word_1_135' title='bbox 2151 1204 2416 1272; x_wconf 82' lang='grc' dir='ltr'>Λογγίνου</span> <span class='ocrx_word' id='word_1_136' title='bbox 2446 1223 2504 1260; x_wconf 86' lang='grc' dir='ltr'><strong>τε</strong></span> <span class='ocrx_word' id='word_1_137' title='bbox 2551 1211 2942 1280; x_wconf 79' lang='grc' dir='ltr'>σταυροφορῶν</span> <span class='ocrx_word' id='word_1_138' title='bbox 2974 1212 3068 1266; x_wconf 74' lang='grc' dir='ltr'>καὶ</span> <span class='ocrx_word' id='word_1_139' title='bbox 3121 1214 3182 1268; x_wconf 82' lang='grc' dir='ltr'><strong>τὸ</strong></span> <span class='ocrx_word' id='word_1_140' title='bbox 3213 1215 3468 1287; x_wconf 72' lang='grc' dir='ltr'>λαμπρὸν</span> <span class='ocrx_word' id='word_1_141' title='bbox 3497 1221 3596 1290; x_wconf 81' lang='grc' dir='ltr'>τῆς</span> <span class='ocrx_word' id='word_1_142' title='bbox 3627 1222 3743 1274; x_wconf 87' lang='grc' dir='ltr'><strong>τῶν</strong></span> 
     </span>
    </p>
   </div>
   <div class='ocr_carea' id='block_1_20' title="bbox 470 1293 2042 1366">
    <p class='ocr_par' dir='ltr' id='par_1_20' title="bbox 470 1293 2042 1366">
     <span class='ocr_line' id='line_1_20' title="bbox 470 1293 2042 1366; baseline 0.002 -20"><span class='ocrx_word' id='word_1_143' title='bbox 470 1308 680 1358; x_wconf 79' lang='lat' dir='ltr'><strong>vocem,</strong></span> <span class='ocrx_word' id='word_1_144' title='bbox 720 1293 1142 1364; x_wconf 76' lang='lat' dir='ltr'><strong>hyinnicamque</strong></span> <span class='ocrx_word' id='word_1_145' title='bbox 1173 1305 1228 1348; x_wconf 89' lang='lat' dir='ltr'><strong>et</strong></span> <span class='ocrx_word' id='word_1_146' title='bbox 1269 1297 1579 1366; x_wconf 83' lang='lat' dir='ltr'><strong>mysticam,</strong></span> <span class='ocrx_word' id='word_1_147' title='bbox 1619 1304 1673 1350; x_wconf 85' lang='lat' dir='ltr'><strong>et</strong></span> <span class='ocrx_word' id='word_1_148' title='bbox 1703 1295 1923 1364; x_wconf 88' lang='lat' dir='ltr'><strong>epinicii</strong></span> <span class='ocrx_word' id='word_1_149' title='bbox 1958 1297 2042 1350; x_wconf 80' lang='lat' dir='ltr'><strong>in-</strong></span> 
     </span>
    </p>
   </div>
   <div class='ocr_carea' id='block_1_21' title="bbox 468 1385 2053 1453">
    <p class='ocr_par' dir='ltr' id='par_1_21' title="bbox 468 1385 2053 1453">
     <span class='ocr_line' id='line_1_21' title="bbox 468 1385 2053 1453; baseline 0.001 -12"><span class='ocrx_word' id='word_1_150' title='bbox 468 1395 585 1441; x_wconf 82' lang='lat' dir='ltr'><strong>star</strong></span> <span class='ocrx_word' id='word_1_151' title='bbox 618 1387 906 1440; x_wconf 84' lang='lat' dir='ltr'><strong>habentem</strong></span> <span class='ocrx_word' id='word_1_152' title='bbox 947 1404 961 1440; x_wconf 87' lang='lat'><strong>:</strong></span> <span class='ocrx_word' id='word_1_153' title='bbox 998 1386 1136 1441; x_wconf 82' lang='lat' dir='ltr'><strong>Vere</strong></span> <span class='ocrx_word' id='word_1_154' title='bbox 1153 1385 1246 1441; x_wconf 85' lang='lat' dir='ltr'><strong>Dei</strong></span> <span class='ocrx_word' id='word_1_155' title='bbox 1270 1385 1442 1442; x_wconf 80' lang='lat' dir='ltr'><strong>Filius</strong></span> <span class='ocrx_word' id='word_1_156' title='bbox 1472 1395 1591 1440; x_wconf 88' lang='lat' dir='ltr'><strong>erat</strong></span> <span class='ocrx_word' id='word_1_157' title='bbox 1620 1386 1742 1453; x_wconf 89' lang='lat' dir='ltr'><strong>iste,</strong></span> <span class='ocrx_word' id='word_1_158' title='bbox 1775 1397 1830 1441; x_wconf 92' lang='lat' dir='ltr'><strong>et</strong></span> <span class='ocrx_word' id='word_1_159' title='bbox 1859 1396 1960 1450; x_wconf 88' lang='lat' dir='ltr'><strong>est,</strong></span> <span class='ocrx_word' id='word_1_160' title='bbox 1997 1396 2053 1442; x_wconf 87' lang='lat' dir='ltr'><strong>et</strong></span> 
     </span>
    </p>
   </div>
   <div class='ocr_carea' id='block_1_22' title="bbox 468 1475 2053 1549">
    <p class='ocr_par' dir='ltr' id='par_1_22' title="bbox 468 1475 2053 1549">
     <span class='ocr_line' id='line_1_22' title="bbox 468 1475 2053 1549; baseline -0.001 -17"><span class='ocrx_word' id='word_1_161' title='bbox 468 1477 595 1532; x_wconf 83' lang='lat' dir='ltr'><strong>erit.</strong></span> <span class='ocrx_word' id='word_1_162' title='bbox 631 1475 874 1548; x_wconf 79' lang='lat' dir='ltr'><strong>Regnum</strong></span> <span class='ocrx_word' id='word_1_163' title='bbox 906 1477 1045 1548; x_wconf 83' lang='lat' dir='ltr'><strong>ejus,</strong></span> <span class='ocrx_word' id='word_1_164' title='bbox 1085 1493 1308 1549; x_wconf 78' lang='lat' dir='ltr'><strong>regnum</strong></span> <span class='ocrx_word' id='word_1_165' title='bbox 1355 1480 1598 1534; x_wconf 88' lang='lat' dir='ltr'><strong>omnium</strong></span> <span class='ocrx_word' id='word_1_166' title='bbox 1641 1479 1969 1542; x_wconf 88' lang='lat' dir='ltr'><strong>seculorum,</strong></span> <span class='ocrx_word' id='word_1_167' title='bbox 1999 1487 2053 1533; x_wconf 86' lang='lat' dir='ltr'><strong>et</strong></span> 
     </span>
    </p>
   </div>
   <div class='ocr_carea' id='block_1_23' title="bbox 467 1568 2049 1640">
    <p class='ocr_par' dir='ltr' id='par_1_23' title="bbox 467 1568 2049 1640">
     <span class='ocr_line' id='line_1_23' title="bbox 467 1568 2049 1640; baseline 0.003 -19"><span class='ocrx_word' id='word_1_168' title='bbox 467 1568 587 1639; x_wconf 83' lang='lat' dir='ltr'><strong>ejus</strong></span> <span class='ocrx_word' id='word_1_169' title='bbox 617 1569 914 1625; x_wconf 79' lang='lat' dir='ltr'><strong>dominatio</strong></span> <span class='ocrx_word' id='word_1_170' title='bbox 939 1571 1281 1639; x_wconf 89' lang='lat' dir='ltr'><strong>permanebit</strong></span> <span class='ocrx_word' id='word_1_171' title='bbox 1312 1570 1367 1626; x_wconf 84' lang='lat' dir='ltr'><strong>in</strong></span> <span class='ocrx_word' id='word_1_172' title='bbox 1398 1582 1664 1626; x_wconf 68' lang='lat' dir='ltr'><strong>aeternum</strong></span> <span class='ocrx_word' id='word_1_173' title='bbox 1690 1571 1734 1624; x_wconf 86' lang='grc'><strong>⁸.</strong></span> <span class='ocrx_word' id='word_1_174' title='bbox 1765 1569 1834 1626; x_wconf 85' lang='grc' dir='ltr'><strong>Ει</strong></span> <span class='ocrx_word' id='word_1_175' title='bbox 1878 1571 2049 1640; x_wconf 86' lang='lat' dir='ltr'><strong>gloria</strong></span> 
     </span>
    </p>
   </div>
   <div class='ocr_carea' id='block_1_24' title="bbox 468 1661 1783 1729">
    <p class='ocr_par' dir='ltr' id='par_1_24' title="bbox 468 1661 1783 1729">
     <span class='ocr_line' id='line_1_24' title="bbox 468 1661 1783 1729; baseline 0.002 -16"><span class='ocrx_word' id='word_1_176' title='bbox 468 1667 524 1714; x_wconf 76' lang='lat' dir='ltr'><strong>el</strong></span> <span class='ocrx_word' id='word_1_177' title='bbox 546 1661 786 1729; x_wconf 84' lang='lat' dir='ltr'><strong>potentia</strong></span> <span class='ocrx_word' id='word_1_178' title='bbox 818 1661 871 1716; x_wconf 92' lang='lat' dir='ltr'><strong>in</strong></span> <span class='ocrx_word' id='word_1_179' title='bbox 897 1661 1096 1718; x_wconf 57' lang='lat' dir='ltr'><strong>saecula</strong></span> <span class='ocrx_word' id='word_1_180' title='bbox 1129 1663 1456 1720; x_wconf 66' lang='lat' dir='ltr'><strong>executorum</strong></span> <span class='ocrx_word' id='word_1_181' title='bbox 1489 1663 1554 1717; x_wconf 83' lang='lat'><strong>&#39;°.</strong></span> <span class='ocrx_word' id='word_1_182' title='bbox 1590 1663 1783 1718; x_wconf 84' lang='lat' dir='ltr'><strong>Amen.</strong></span> 
     </span>
    </p>
   </div>
   <div class='ocr_carea' id='block_1_25' title="bbox 584 1959 1602 2026">
    <p class='ocr_par' dir='ltr' id='par_1_25' title="bbox 584 1959 1602 2026">
     <span class='ocr_line' id='line_1_25' title="bbox 584 1959 1602 2026; baseline -0.001 -12"><span class='ocrx_word' id='word_1_183' title='bbox 584 1959 728 2014; x_wconf 85' lang='lat' dir='ltr'><strong>Psal.</strong></span> <span class='ocrx_word' id='word_1_184' title='bbox 757 1973 936 2025; x_wconf 81' lang='lat' dir='ltr'><strong>cxuv,</strong></span> <span class='ocrx_word' id='word_1_185' title='bbox 973 1961 1060 2014; x_wconf 80' lang='lat' dir='ltr'><strong>l3.</strong></span> <span class='ocrx_word' id='word_1_186' title='bbox 1141 1961 1184 1993; x_wconf 77' lang='lat'><strong>&#39;°</strong></span> <span class='ocrx_word' id='word_1_187' title='bbox 1217 1959 1353 2016; x_wconf 89' lang='lat' dir='ltr'><strong>Dan.</strong></span> <span class='ocrx_word' id='word_1_188' title='bbox 1381 1976 1482 2026; x_wconf 84' lang='lat' dir='ltr'><strong>vn,</strong></span> <span class='ocrx_word' id='word_1_189' title='bbox 1511 1959 1602 2014; x_wconf 71' lang='grc' dir='ltr'>ετ.</span> 
     </span>
    </p>
   </div>
   <div class='ocr_carea' id='block_1_26' title="bbox 475 2115 804 2140">
    <p class='ocr_par' dir='ltr' id='par_1_26' title="bbox 475 2115 804 2140">
     <span class='ocr_line' id='line_1_26' title="bbox 475 2115 804 2140; baseline -0.009 0"><span class='ocrx_word' id='word_1_190' title='bbox 475 2115 804 2140; x_wconf 68' lang='lat'><strong>_-_</strong></span> 
     </span>
    </p>
   </div>
   <div class='ocr_carea' id='block_1_27' title="bbox 2148 1296 3743 1380">
    <p class='ocr_par' dir='ltr' id='par_1_27' title="bbox 2148 1296 3743 1380">
     <span class='ocr_line' id='line_1_27' title="bbox 2148 1296 3743 1380; baseline 0.012 -31"><span class='ocrx_word' id='word_1_191' title='bbox 2148 1297 2397 1366; x_wconf 82' lang='grc' dir='ltr'>οὐρανῶν</span> <span class='ocrx_word' id='word_1_192' title='bbox 2431 1296 2711 1367; x_wconf 81' lang='grc' dir='ltr'><strong>βασιλείας</strong></span> <span class='ocrx_word' id='word_1_193' title='bbox 2765 1303 3169 1374; x_wconf 74' lang='grc' dir='ltr'><strong>ἐπιφερόμενος</strong></span> <span class='ocrx_word' id='word_1_194' title='bbox 3218 1310 3479 1378; x_wconf 67' lang='grc' dir='ltr'>τρόπαιον</span> <span class='ocrx_word' id='word_1_195' title='bbox 3530 1313 3743 1380; x_wconf 77' lang='grc' dir='ltr'>μεταξὺ</span> 
     </span>
    </p>
   </div>
   <div class='ocr_carea' id='block_1_28' title="bbox 2145 1387 3742 1474">
    <p class='ocr_par' dir='ltr' id='par_1_28' title="bbox 2145 1387 3742 1474">
     <span class='ocr_line' id='line_1_28' title="bbox 2145 1387 3742 1474; baseline 0.013 -35"><span class='ocrx_word' id='word_1_196' title='bbox 2145 1387 2254 1441; x_wconf 86' lang='grc' dir='ltr'><strong>τῶν</strong></span> <span class='ocrx_word' id='word_1_197' title='bbox 2305 1389 2575 1456; x_wconf 78' lang='grc' dir='ltr'><strong>ἀγγέλων,</strong></span> <span class='ocrx_word' id='word_1_198' title='bbox 2635 1391 2712 1454; x_wconf 85' lang='grc' dir='ltr'><strong>ὡς</strong></span> <span class='ocrx_word' id='word_1_199' title='bbox 2775 1393 3043 1463; x_wconf 84' lang='grc' dir='ltr'>Λογγίνου</span> <span class='ocrx_word' id='word_1_200' title='bbox 3110 1397 3407 1468; x_wconf 76' lang='grc' dir='ltr'><strong>φθέγγεται</strong></span> <span class='ocrx_word' id='word_1_201' title='bbox 3463 1405 3742 1474; x_wconf 77' lang='grc' dir='ltr'>μαθητὴς,</span> 
     </span>
    </p>
   </div>
   <div class='ocr_carea' id='block_1_29' title="bbox 2147 1479 3741 1564">
    <p class='ocr_par' dir='ltr' id='par_1_29' title="bbox 2147 1479 3741 1564">
     <span class='ocr_line' id='line_1_29' title="bbox 2147 1479 3741 1564; baseline 0.007 -31"><span class='ocrx_word' id='word_1_202' title='bbox 2147 1479 2344 1548; x_wconf 77' lang='grc' dir='ltr'>ἀφίησι</span> <span class='ocrx_word' id='word_1_203' title='bbox 2376 1481 2470 1532; x_wconf 67' lang='grc' dir='ltr'>καὶ</span> <span class='ocrx_word' id='word_1_204' title='bbox 2505 1482 2671 1544; x_wconf 77' lang='grc' dir='ltr'>αὐτὸς</span> <span class='ocrx_word' id='word_1_205' title='bbox 2693 1483 2878 1554; x_wconf 70' lang='grc' dir='ltr'>φωνὴν</span> <span class='ocrx_word' id='word_1_206' title='bbox 2908 1485 3063 1554; x_wconf 77' lang='grc' dir='ltr'>ἱερὰν</span> <span class='ocrx_word' id='word_1_207' title='bbox 3090 1488 3410 1558; x_wconf 79' lang='grc' dir='ltr'>ὑμνολόγον,</span> <span class='ocrx_word' id='word_1_208' title='bbox 3439 1493 3741 1564; x_wconf 84' lang='grc' dir='ltr'>μυστικὴν,</span> 
     </span>
    </p>
   </div>
   <div class='ocr_carea' id='block_1_30' title="bbox 2147 1571 3739 1650">
    <p class='ocr_par' dir='ltr' id='par_1_30' title="bbox 2147 1571 3739 1650">
     <span class='ocr_line' id='line_1_30' title="bbox 2147 1571 3739 1650; baseline 0.009 -29"><span class='ocrx_word' id='word_1_209' title='bbox 2147 1571 2451 1623; x_wconf 74' lang='grc' dir='ltr'><strong>ἐπινίκιον⁸</strong></span> <span class='ocrx_word' id='word_1_210' title='bbox 2493 1572 2710 1641; x_wconf 76' lang='grc' dir='ltr'>ἀληθῶς</span> <span class='ocrx_word' id='word_1_211' title='bbox 2767 1574 2905 1627; x_wconf 84' lang='grc' dir='ltr'>Θεοῦ</span> <span class='ocrx_word' id='word_1_212' title='bbox 2975 1576 3104 1642; x_wconf 79' lang='grc' dir='ltr'>Υἱὸς</span> <span class='ocrx_word' id='word_1_213' title='bbox 3151 1573 3220 1650; x_wconf 80' lang='grc' dir='ltr'>ἦν</span> <span class='ocrx_word' id='word_1_214' title='bbox 3259 1575 3437 1646; x_wconf 71' lang='grc' dir='ltr'>οὗτος,</span> <span class='ocrx_word' id='word_1_215' title='bbox 3467 1586 3560 1636; x_wconf 74' lang='grc' dir='ltr'>καὶ</span> <span class='ocrx_word' id='word_1_216' title='bbox 3594 1583 3739 1650; x_wconf 75' lang='grc' dir='ltr'>ἐστι,</span> 
     </span>
    </p>
   </div>
   <div class='ocr_carea' id='block_1_31' title="bbox 2149 1661 3740 1741">
    <p class='ocr_par' dir='ltr' id='par_1_31' title="bbox 2149 1661 3740 1741">
     <span class='ocr_line' id='line_1_31' title="bbox 2149 1661 3740 1741; baseline 0.009 -26"><span class='ocrx_word' id='word_1_217' title='bbox 2149 1664 2244 1716; x_wconf 74' lang='grc' dir='ltr'><strong>καὶ</strong></span> <span class='ocrx_word' id='word_1_218' title='bbox 2293 1661 2480 1716; x_wconf 70' lang='grc' dir='ltr'>ἔσται·</span> <span class='ocrx_word' id='word_1_219' title='bbox 2519 1666 2550 1734; x_wconf 84' lang='grc' dir='ltr'><strong>ἡ</strong></span> <span class='ocrx_word' id='word_1_220' title='bbox 2582 1664 2830 1734; x_wconf 79' lang='grc' dir='ltr'>βασιλεία</span> <span class='ocrx_word' id='word_1_221' title='bbox 2883 1669 3050 1722; x_wconf 82' lang='grc' dir='ltr'>αὐτοῦ</span> <span class='ocrx_word' id='word_1_222' title='bbox 3084 1670 3337 1741; x_wconf 83' lang='grc' dir='ltr'>βασιλεία</span> <span class='ocrx_word' id='word_1_223' title='bbox 3366 1673 3610 1740; x_wconf 71' lang='grc' dir='ltr'>αἰώνιος,</span> <span class='ocrx_word' id='word_1_224' title='bbox 3644 1677 3740 1729; x_wconf 72' lang='grc' dir='ltr'>καὶ</span> 
     </span>
    </p>
   </div>
   <div class='ocr_carea' id='block_1_32' title="bbox 2151 1755 3743 1837">
    <p class='ocr_par' dir='ltr' id='par_1_32' title="bbox 2151 1755 3743 1837">
     <span class='ocr_line' id='line_1_32' title="bbox 2151 1755 3743 1837; baseline 0.008 -30"><span class='ocrx_word' id='word_1_225' title='bbox 2151 1759 2184 1824; x_wconf 80' lang='grc' dir='ltr'><strong>ὴ</strong></span> <span class='ocrx_word' id='word_1_226' title='bbox 2207 1755 2494 1810; x_wconf 78' lang='grc' dir='ltr'>δεσποτεία</span> <span class='ocrx_word' id='word_1_227' title='bbox 2546 1759 2711 1810; x_wconf 72' lang='grc' dir='ltr'>αὐτοῦ</span> <span class='ocrx_word' id='word_1_228' title='bbox 2739 1761 2820 1824; x_wconf 72' lang='grc' dir='ltr'>εἰς</span> <span class='ocrx_word' id='word_1_229' title='bbox 2859 1761 2950 1815; x_wconf 71' lang='grc' dir='ltr'>τὸν</span> <span class='ocrx_word' id='word_1_230' title='bbox 3001 1763 3175 1819; x_wconf 75' lang='grc' dir='ltr'>αἰῶνα</span> <span class='ocrx_word' id='word_1_231' title='bbox 3205 1767 3518 1837; x_wconf 64' lang='grc' dir='ltr'>παραμένει</span> <span class='ocrx_word' id='word_1_232' title='bbox 3543 1783 3556 1796; x_wconf 89' lang='grc'>·</span> <span class='ocrx_word' id='word_1_233' title='bbox 3585 1767 3743 1836; x_wconf 82' lang='grc' dir='ltr'><strong>αὐτῷ</strong></span> 
     </span>
    </p>
   </div>
   <div class='ocr_carea' id='block_1_33' title="bbox 2153 1843 3564 1928">
    <p class='ocr_par' dir='ltr' id='par_1_33' title="bbox 2153 1843 3564 1928">
     <span class='ocr_line' id='line_1_33' title="bbox 2153 1843 3564 1928; baseline 0.011 -31"><span class='ocrx_word' id='word_1_234' title='bbox 2153 1846 2186 1914; x_wconf 70' lang='grc' dir='ltr'><strong>ἡ</strong></span> <span class='ocrx_word' id='word_1_235' title='bbox 2221 1843 2344 1909; x_wconf 79' lang='grc' dir='ltr'>δόξα</span> <span class='ocrx_word' id='word_1_236' title='bbox 2379 1848 2470 1899; x_wconf 72' lang='grc' dir='ltr'>καὶ</span> <span class='ocrx_word' id='word_1_237' title='bbox 2504 1846 2564 1900; x_wconf 71' lang='grc' dir='ltr'>τὸ</span> <span class='ocrx_word' id='word_1_238' title='bbox 2595 1849 2793 1920; x_wconf 78' lang='grc' dir='ltr'>κράτος</span> <span class='ocrx_word' id='word_1_239' title='bbox 2830 1852 2910 1914; x_wconf 81' lang='grc' dir='ltr'><strong>είς</strong></span> <span class='ocrx_word' id='word_1_240' title='bbox 2939 1853 3065 1916; x_wconf 81' lang='grc' dir='ltr'>τοὺς</span> <span class='ocrx_word' id='word_1_241' title='bbox 3099 1855 3326 1920; x_wconf 77' lang='grc' dir='ltr'><strong>αἰῶνας.</strong></span> <span class='ocrx_word' id='word_1_242' title='bbox 3371 1856 3564 1928; x_wconf 76' lang='grc' dir='ltr'><strong>’Λμήν.</strong></span> 
     </span>
    </p>
   </div>
   <div class='ocr_carea' id='block_1_34' title="bbox 1321 2286 2886 2409">
    <p class='ocr_par' dir='ltr' id='par_1_34' title="bbox 1321 2286 2886 2409">
     <span class='ocr_line' id='line_1_34' title="bbox 1321 2286 2886 2409; baseline 0.002 -7"><span class='ocrx_word' id='word_1_243' title='bbox 1321 2289 1680 2408; x_wconf 90' lang='grc' dir='ltr'>ΒΙΟΣ</span> <span class='ocrx_word' id='word_1_244' title='bbox 1757 2291 2036 2406; x_wconf 88' lang='grc' dir='ltr'><strong>ΚΑΙ</strong></span> <span class='ocrx_word' id='word_1_245' title='bbox 2130 2286 2886 2409; x_wconf 86' lang='grc' dir='ltr'><strong>ΠΟΛΙΤΕΙΑ</strong></span> 
     </span>
    </p>
   </div>
   <div class='ocr_carea' id='block_1_35' title="bbox 1627 2506 2568 2562">
    <p class='ocr_par' dir='ltr' id='par_1_35' title="bbox 1627 2506 2568 2562">
     <span class='ocr_line' id='line_1_35' title="bbox 1627 2506 2568 2562; baseline 0 -3"><span class='ocrx_word' id='word_1_246' title='bbox 1627 2507 1766 2560; x_wconf 84' lang='grc' dir='ltr'><strong>ΤΟΥ</strong></span> <span class='ocrx_word' id='word_1_247' title='bbox 1805 2507 2011 2562; x_wconf 77' lang='grc' dir='ltr'><strong>ΟΣΙΟΥ</strong></span> <span class='ocrx_word' id='word_1_248' title='bbox 2053 2506 2328 2560; x_wconf 82' lang='grc' dir='ltr'><strong>ΠΑΤΡΟΣ</strong></span> <span class='ocrx_word' id='word_1_249' title='bbox 2369 2507 2568 2562; x_wconf 81' lang='grc' dir='ltr'><strong>ΗΜΩΝ</strong></span> 
     </span>
    </p>
   </div>
   <div class='ocr_carea' id='block_1_36' title="bbox 1512 2675 2675 2850">
    <p class='ocr_par' dir='ltr' id='par_1_36' title="bbox 1512 2675 2675 2850">
     <span class='ocr_line' id='line_1_36' title="bbox 1512 2675 2675 2850; baseline 0.003 -8"><span class='ocrx_word' id='word_1_250' title='bbox 1512 2675 2675 2850; x_wconf 86' lang='grc' dir='ltr'><strong>ΑΒΡΑΜΙΟΥ</strong></span> 
     </span>
    </p>
   </div>
   <div class='ocr_carea' id='block_1_37' title="bbox 1391 3116 2820 3212">
    <p class='ocr_par' dir='ltr' id='par_1_37' title="bbox 1391 3116 2820 3212">
     <span class='ocr_line' id='line_1_37' title="bbox 1391 3116 2820 3212; baseline 0.003 -5"><span class='ocrx_word' id='word_1_251' title='bbox 1391 3116 1680 3208; x_wconf 85' lang='lat' dir='ltr'><strong>Vl&#39;l‘A</strong></span> <span class='ocrx_word' id='word_1_252' title='bbox 1754 3117 1903 3203; x_wconf 81' lang='grc' dir='ltr'><strong>ΕΤ</strong></span> <span class='ocrx_word' id='word_1_253' title='bbox 1975 3117 2820 3212; x_wconf 77' lang='lat' dir='ltr'><strong>CONVERSATIO</strong></span> 
     </span>
    </p>
   </div>
   <div class='ocr_carea' id='block_1_38' title="bbox 1945 3313 2252 3372">
    <p class='ocr_par' dir='ltr' id='par_1_38' title="bbox 1945 3313 2252 3372">
     <span class='ocr_line' id='line_1_38' title="bbox 1945 3313 2252 3372; baseline -0.003 -1"><span class='ocrx_word' id='word_1_254' title='bbox 1945 3314 2007 3371; x_wconf 89' lang='lat' dir='ltr'><strong>S.</strong></span> <span class='ocrx_word' id='word_1_255' title='bbox 2064 3317 2127 3372; x_wconf 87' lang='lat' dir='ltr'><strong>P.</strong></span> <span class='ocrx_word' id='word_1_256' title='bbox 2183 3313 2252 3370; x_wconf 79' lang='grc' dir='ltr'><strong>Ν.</strong></span> 
     </span>
    </p>
   </div>
   <div class='ocr_carea' id='block_1_39' title="bbox 999 3495 2087 3654">
    <p class='ocr_par' dir='ltr' id='par_1_39' title="bbox 999 3496 2087 3654">
     <span class='ocr_line' id='line_1_39' title="bbox 999 3496 2087 3654; baseline 0.003 -3"><span class='ocrx_word' id='word_1_257' title='bbox 999 3496 1365 3652; x_wconf 81' lang='lat' dir='ltr'><strong>ABR</strong></span> <span class='ocrx_word' id='word_1_258' title='bbox 1394 3500 1800 3652; x_wconf 90' lang='lat' dir='ltr'><strong>AMll</strong></span> <span class='ocrx_word' id='word_1_259' title='bbox 1893 3498 2087 3654; x_wconf 79' lang='lat' dir='ltr'><strong>CC</strong></span> 
     </span>
    </p>
   </div>
   <div class='ocr_carea' id='block_1_40' title="bbox 2148 3495 3195 3654">
    <p class='ocr_par' dir='ltr' id='par_1_40' title="bbox 2148 3495 3195 3654">
     <span class='ocr_line' id='line_1_40' title="bbox 2148 3495 3195 3654; baseline 0.002 -2"><span class='ocrx_word' id='word_1_260' title='bbox 2148 3495 3195 3654; x_wconf 81' lang='lat' dir='ltr'><strong>NFESSORIS</strong></span> 
     </span>
    </p>
   </div>
   <div class='ocr_carea' id='block_1_41' title="bbox 1607 3770 2600 3836">
    <p class='ocr_par' dir='ltr' id='par_1_41' title="bbox 1607 3770 2600 3836">
     <span class='ocr_line' id='line_1_41' title="bbox 1607 3770 2600 3836; baseline -0.006 0"><span class='ocrx_word' id='word_1_261' title='bbox 1607 3775 1712 3836; x_wconf 88' lang='lat' dir='ltr'><strong>ET</strong></span> <span class='ocrx_word' id='word_1_262' title='bbox 1760 3775 2036 3836; x_wconf 73' lang='lat' dir='ltr'><strong>MARle</strong></span> <span class='ocrx_word' id='word_1_263' title='bbox 2081 3773 2364 3835; x_wconf 80' lang='lat' dir='ltr'><strong>NEPTlS</strong></span> <span class='ocrx_word' id='word_1_264' title='bbox 2414 3770 2600 3832; x_wconf 78' lang='lat' dir='ltr'><strong>EJUS</strong></span> 
     </span>
    </p>
   </div>
   <div class='ocr_carea' id='block_1_42' title="bbox 831 3914 3342 3998">
    <p class='ocr_par' dir='ltr' id='par_1_42' title="bbox 831 3914 3342 3998">
     <span class='ocr_line' id='line_1_42' title="bbox 831 3914 3342 3998; baseline -0 -20"><span class='ocrx_word' id='word_1_265' title='bbox 831 3915 1030 3992; x_wconf 85' lang='lat' dir='ltr'><strong>Quam</strong></span> <span class='ocrx_word' id='word_1_266' title='bbox 1060 3919 1325 3998; x_wconf 83' lang='lat' dir='ltr'><strong>Symeon</strong></span> <span class='ocrx_word' id='word_1_267' title='bbox 1355 3920 1821 3998; x_wconf 81' lang='lat' dir='ltr'><strong>Metaphrastes</strong></span> <span class='ocrx_word' id='word_1_268' title='bbox 1855 3937 1936 3980; x_wconf 81' lang='lat' dir='ltr'><strong>ea:</strong></span> <span class='ocrx_word' id='word_1_269' title='bbox 1964 3918 2029 3979; x_wconf 89' lang='lat' dir='ltr'><strong>S.</strong></span> <span class='ocrx_word' id='word_1_270' title='bbox 2063 3917 2362 3997; x_wconf 35' lang='lat' dir='ltr'><strong>Ephrcem.</strong></span> <span class='ocrx_word' id='word_1_271' title='bbox 2384 3915 2637 3978; x_wconf 77' lang='lat' dir='ltr'><strong>videtur</strong></span> <span class='ocrx_word' id='word_1_272' title='bbox 2664 3916 2875 3994; x_wconf 79' lang='lat' dir='ltr'><strong>fusius</strong></span> <span class='ocrx_word' id='word_1_273' title='bbox 2906 3914 3342 3994; x_wconf 75' lang='lat' dir='ltr'><strong>descripsisse,</strong></span> 
     </span>
    </p>
   </div>
   <div class='ocr_carea' id='block_1_43' title="bbox 621 4067 3549 4135">
    <p class='ocr_par' dir='ltr' id='par_1_43' title="bbox 621 4067 3549 4135">
     <span class='ocr_line' id='line_1_43' title="bbox 621 4067 3549 4135; baseline 0 -19"><span class='ocrx_word' id='word_1_274' title='bbox 621 4069 816 4129; x_wconf 73' lang='lat' dir='ltr'><strong>(Latine</strong></span> <span class='ocrx_word' id='word_1_275' title='bbox 837 4068 965 4131; x_wconf 87' lang='lat' dir='ltr'><strong>apud</strong></span> <span class='ocrx_word' id='word_1_276' title='bbox 985 4070 1184 4119; x_wconf 88' lang='lat' dir='ltr'><strong>Surium</strong></span> <span class='ocrx_word' id='word_1_277' title='bbox 1210 4071 1268 4120; x_wconf 89' lang='lat' dir='ltr'><strong>ad</strong></span> <span class='ocrx_word' id='word_1_278' title='bbox 1290 4071 1427 4121; x_wconf 89' lang='lat' dir='ltr'><strong>diem</strong></span> <span class='ocrx_word' id='word_1_279' title='bbox 1460 4071 1520 4120; x_wconf 80' lang='grc'><strong>16</strong></span> <span class='ocrx_word' id='word_1_280' title='bbox 1545 4069 1726 4130; x_wconf 80' lang='lat' dir='ltr'><strong>Martii,</strong></span> <span class='ocrx_word' id='word_1_281' title='bbox 1753 4071 1921 4120; x_wconf 69' lang='lat' dir='ltr'><strong>Graece</strong></span> <span class='ocrx_word' id='word_1_282' title='bbox 1947 4085 2008 4120; x_wconf 79' lang='lat' dir='ltr'><strong>ex</strong></span> <span class='ocrx_word' id='word_1_283' title='bbox 2049 4071 2190 4120; x_wconf 86' lang='lat' dir='ltr'><strong>codd.</strong></span> <span class='ocrx_word' id='word_1_284' title='bbox 2222 4073 2347 4135; x_wconf 72' lang='lat' dir='ltr'><strong>Reg.</strong></span> <span class='ocrx_word' id='word_1_285' title='bbox 2371 4071 2480 4130; x_wconf 64' lang='lat'><strong>771,</strong></span> <span class='ocrx_word' id='word_1_286' title='bbox 2511 4083 2625 4121; x_wconf 82' lang='lat' dir='ltr'><strong>saec.</strong></span> <span class='ocrx_word' id='word_1_287' title='bbox 2651 4083 2748 4132; x_wconf 79' lang='lat' dir='ltr'><strong>xw,</strong></span> <span class='ocrx_word' id='word_1_288' title='bbox 2779 4069 2918 4132; x_wconf 61' lang='lat'><strong>1481,</strong></span> <span class='ocrx_word' id='word_1_289' title='bbox 2943 4083 3057 4120; x_wconf 68' lang='lat' dir='ltr'><strong>sec.</strong></span> <span class='ocrx_word' id='word_1_290' title='bbox 3092 4081 3176 4118; x_wconf 70' lang='grc' dir='ltr'><strong>ιιι.</strong></span> <span class='ocrx_word' id='word_1_291' title='bbox 3202 4068 3340 4121; x_wconf 82' lang='grc' dir='ltr'>Εοιτ.</span> <span class='ocrx_word' id='word_1_292' title='bbox 3368 4067 3549 4131; x_wconf 65' lang='lat' dir='ltr'><strong>Pan.)</strong></span> 
     </span>
    </p>
   </div>
   <div class='ocr_carea' id='block_1_44' title="bbox 532 4392 2087 4466">
    <p class='ocr_par' dir='ltr' id='par_1_44' title="bbox 532 4392 2087 4459">
     <span class='ocr_line' id='line_1_44' title="bbox 532 4392 2087 4459; baseline -0.001 -11"><span class='ocrx_word' id='word_1_293' title='bbox 532 4395 571 4450; x_wconf 93' lang='lat' dir='ltr'><strong>I.</strong></span> <span class='ocrx_word' id='word_1_294' title='bbox 607 4393 860 4451; x_wconf 74' lang='lat' dir='ltr'><strong>Virorum</strong></span> <span class='ocrx_word' id='word_1_295' title='bbox 887 4395 1104 4449; x_wconf 81' lang='lat' dir='ltr'><strong>virtutis</strong></span> <span class='ocrx_word' id='word_1_296' title='bbox 1159 4392 1530 4449; x_wconf 85' lang='lat' dir='ltr'><strong>studiosorum</strong></span> <span class='ocrx_word' id='word_1_297' title='bbox 1563 4393 1695 4459; x_wconf 77' lang='lat' dir='ltr'><strong>vita,</strong></span> <span class='ocrx_word' id='word_1_298' title='bbox 1740 4403 1794 4449; x_wconf 87' lang='lat' dir='ltr'><strong>et</strong></span> <span class='ocrx_word' id='word_1_299' title='bbox 1845 4409 2032 4450; x_wconf 74' lang='lat' dir='ltr'><strong>eorun</strong></span> <span class='ocrx_word' id='word_1_300' title='bbox 2074 4405 2087 4459; x_wconf 82' lang='grc' dir='ltr'>ι</span> 
     </span>
    </p>
   </div>
   <div class='ocr_carea' id='block_1_45' title="bbox 2148 4392 3734 4466">
    <p class='ocr_par' dir='ltr' id='par_1_45' title="bbox 2214 4392 3734 4466">
     <span class='ocr_line' id='line_1_45' title="bbox 2214 4392 3734 4466; baseline -0.001 -18"><span class='ocrx_word' id='word_1_301' title='bbox 2214 4395 2294 4448; x_wconf 86' lang='lat' dir='ltr'><strong>A&#39;.</strong></span> <span class='ocrx_word' id='word_1_302' title='bbox 2341 4394 2576 4466; x_wconf 84' lang='grc' dir='ltr'>Ἀνδρῶν</span> <span class='ocrx_word' id='word_1_303' title='bbox 2597 4393 2906 4465; x_wconf 83' lang='grc' dir='ltr'>φιλαρέτων</span> <span class='ocrx_word' id='word_1_304' title='bbox 2941 4392 3058 4463; x_wconf 78' lang='grc' dir='ltr'>βίος</span> <span class='ocrx_word' id='word_1_305' title='bbox 3084 4393 3179 4447; x_wconf 76' lang='grc' dir='ltr'>καὶ</span> <span class='ocrx_word' id='word_1_306' title='bbox 3221 4395 3253 4464; x_wconf 79' lang='grc' dir='ltr'>ἡ</span> <span class='ocrx_word' id='word_1_307' title='bbox 3284 4394 3384 4463; x_wconf 78' lang='grc' dir='ltr'>τῆς</span> <span class='ocrx_word' id='word_1_308' title='bbox 3418 4395 3600 4448; x_wconf 80' lang='grc' dir='ltr'>αὐτῶν</span> <span class='ocrx_word' id='word_1_309' title='bbox 3631 4411 3734 4447; x_wconf 84' lang='grc' dir='ltr'>πο-</span> 
     </span>
    </p>
   </div>
   <div class='ocr_carea' id='block_1_46' title="bbox 460 4484 2044 4556">
    <p class='ocr_par' dir='ltr' id='par_1_46' title="bbox 460 4484 2044 4556">
     <span class='ocr_line' id='line_1_46' title="bbox 460 4484 2044 4556; baseline 0.001 -18"><span class='ocrx_word' id='word_1_310' title='bbox 460 4499 584 4555; x_wconf 70' lang='lat' dir='ltr'><strong>quae</strong></span> <span class='ocrx_word' id='word_1_311' title='bbox 605 4486 674 4541; x_wconf 87' lang='lat' dir='ltr'><strong>ab</strong></span> <span class='ocrx_word' id='word_1_312' title='bbox 703 4485 784 4540; x_wconf 89' lang='lat' dir='ltr'><strong>eis</strong></span> <span class='ocrx_word' id='word_1_313' title='bbox 809 4494 960 4556; x_wconf 83' lang='lat' dir='ltr'><strong>gesta</strong></span> <span class='ocrx_word' id='word_1_314' title='bbox 983 4484 1227 4550; x_wconf 79' lang='lat' dir='ltr'><strong>fuerunt,</strong></span> <span class='ocrx_word' id='word_1_315' title='bbox 1249 4485 1515 4550; x_wconf 81' lang='lat' dir='ltr'><strong>narratio,</strong></span> <span class='ocrx_word' id='word_1_316' title='bbox 1535 4485 1789 4542; x_wconf 88' lang='lat' dir='ltr'><strong>omnibus</strong></span> <span class='ocrx_word' id='word_1_317' title='bbox 1824 4486 2044 4556; x_wconf 83' lang='lat' dir='ltr'><strong>quidem</strong></span> 
     </span>
    </p>
   </div>
   <div class='ocr_carea' id='block_1_47' title="bbox 466 4577 2044 4650">
    <p class='ocr_par' dir='ltr' id='par_1_47' title="bbox 466 4577 2044 4650">
     <span class='ocr_line' id='line_1_47' title="bbox 466 4577 2044 4650; baseline 0 -18"><span class='ocrx_word' id='word_1_318' title='bbox 466 4578 556 4648; x_wconf 89' lang='lat' dir='ltr'><strong>qui</strong></span> <span class='ocrx_word' id='word_1_319' title='bbox 581 4579 671 4650; x_wconf 89' lang='lat' dir='ltr'><strong>pie</strong></span> <span class='ocrx_word' id='word_1_320' title='bbox 693 4578 875 4634; x_wconf 76' lang='lat' dir='ltr'><strong>vivere</strong></span> <span class='ocrx_word' id='word_1_321' title='bbox 892 4577 1240 4644; x_wconf 87' lang='lat' dir='ltr'><strong>studuerunt,</strong></span> <span class='ocrx_word' id='word_1_322' title='bbox 1265 4590 1523 4648; x_wconf 86' lang='lat' dir='ltr'><strong>tanquam</strong></span> <span class='ocrx_word' id='word_1_323' title='bbox 1543 4579 1688 4633; x_wconf 85' lang='lat' dir='ltr'><strong>utilis</strong></span> <span class='ocrx_word' id='word_1_324' title='bbox 1713 4589 1766 4634; x_wconf 92' lang='lat' dir='ltr'><strong>et</strong></span> <span class='ocrx_word' id='word_1_325' title='bbox 1781 4578 2044 4647; x_wconf 86' lang='lat' dir='ltr'><strong>jucunda,</strong></span> 
     </span>
    </p>
   </div>
   <div class='ocr_carea' id='block_1_48' title="bbox 463 4667 2044 4736">
    <p class='ocr_par' dir='ltr' id='par_1_48' title="bbox 463 4667 2044 4736">
     <span class='ocr_line' id='line_1_48' title="bbox 463 4667 2044 4736; baseline -0.001 -13"><span class='ocrx_word' id='word_1_326' title='bbox 463 4681 681 4723; x_wconf 79' lang='lat' dir='ltr'><strong>summo</strong></span> <span class='ocrx_word' id='word_1_327' title='bbox 710 4667 889 4724; x_wconf 79' lang='lat' dir='ltr'><strong>Studia</strong></span> <span class='ocrx_word' id='word_1_328' title='bbox 917 4677 1002 4723; x_wconf 89' lang='lat' dir='ltr'><strong>est</strong></span> <span class='ocrx_word' id='word_1_329' title='bbox 1029 4669 1331 4736; x_wconf 77' lang='lat' dir='ltr'><strong>expetenda</strong></span> <span class='ocrx_word' id='word_1_330' title='bbox 1369 4685 1383 4722; x_wconf 91' lang='lat'><strong>:</strong></span> <span class='ocrx_word' id='word_1_331' title='bbox 1418 4667 1656 4722; x_wconf 75' lang='lat' dir='ltr'><strong>maxime</strong></span> <span class='ocrx_word' id='word_1_332' title='bbox 1714 4678 1896 4723; x_wconf 89' lang='lat' dir='ltr'><strong>autem</strong></span> <span class='ocrx_word' id='word_1_333' title='bbox 1957 4668 2044 4734; x_wconf 88' lang='lat' dir='ltr'><strong>iis,</strong></span> 
     </span>
    </p>
   </div>
   <div class='ocr_carea' id='block_1_49' title="bbox 465 4759 2045 4830">
    <p class='ocr_par' dir='ltr' id='par_1_49' title="bbox 465 4759 2045 4830">
     <span class='ocr_line' id='line_1_49' title="bbox 465 4759 2045 4830; baseline 0.002 -19"><span class='ocrx_word' id='word_1_334' title='bbox 465 4760 557 4830; x_wconf 86' lang='lat' dir='ltr'><strong>qui</strong></span> <span class='ocrx_word' id='word_1_335' title='bbox 588 4759 843 4815; x_wconf 84' lang='lat' dir='ltr'><strong>virtutem</strong></span> <span class='ocrx_word' id='word_1_336' title='bbox 875 4771 1158 4828; x_wconf 79' lang='lat' dir='ltr'><strong>exercent,</strong></span> <span class='ocrx_word' id='word_1_337' title='bbox 1209 4769 1264 4815; x_wconf 91' lang='lat' dir='ltr'><strong>et</strong></span> <span class='ocrx_word' id='word_1_338' title='bbox 1313 4760 1405 4830; x_wconf 92' lang='lat' dir='ltr'><strong>qui</strong></span> <span class='ocrx_word' id='word_1_339' title='bbox 1465 4760 1679 4815; x_wconf 85' lang='lat' dir='ltr'><strong>beatam</strong></span> <span class='ocrx_word' id='word_1_340' title='bbox 1739 4760 1889 4815; x_wconf 89' lang='lat' dir='ltr'><strong>illam</strong></span> <span class='ocrx_word' id='word_1_341' title='bbox 1953 4761 2045 4815; x_wconf 88' lang='lat' dir='ltr'><strong>Dei</strong></span> 
     </span>
    </p>
   </div>
   <div class='ocr_carea' id='block_1_50' title="bbox 467 4851 2045 4921">
    <p class='ocr_par' dir='ltr' id='par_1_50' title="bbox 467 4851 2045 4921">
     <span class='ocr_line' id='line_1_50' title="bbox 467 4851 2045 4921; baseline -0.003 -13"><span class='ocrx_word' id='word_1_342' title='bbox 467 4855 843 4908; x_wconf 88' lang='lat' dir='ltr'><strong>mandatorum</strong></span> <span class='ocrx_word' id='word_1_343' title='bbox 885 4853 1135 4907; x_wconf 87' lang='lat' dir='ltr'><strong>semitam</strong></span> <span class='ocrx_word' id='word_1_344' title='bbox 1191 4853 1395 4921; x_wconf 74' lang='lat' dir='ltr'><strong>ingredi</strong></span> <span class='ocrx_word' id='word_1_345' title='bbox 1450 4853 1828 4908; x_wconf 78' lang='lat' dir='ltr'><strong>decreverunt.</strong></span> <span class='ocrx_word' id='word_1_346' title='bbox 1883 4851 2045 4906; x_wconf 87' lang='lat' dir='ltr'><strong>Fiunt</strong></span> 
     </span>
    </p>
   </div>
   <div class='ocr_carea' id='block_1_51' title="bbox 465 4943 2043 5013">
    <p class='ocr_par' dir='ltr' id='par_1_51' title="bbox 465 4943 2043 5013">
     <span class='ocr_line' id='line_1_51' title="bbox 465 4943 2043 5013; baseline -0.003 -14"><span class='ocrx_word' id='word_1_347' title='bbox 465 4947 609 4999; x_wconf 87' lang='lat' dir='ltr'><strong>enim</strong></span> <span class='ocrx_word' id='word_1_348' title='bbox 641 4945 720 4999; x_wconf 90' lang='lat' dir='ltr'><strong>eis</strong></span> <span class='ocrx_word' id='word_1_349' title='bbox 752 4943 914 4998; x_wconf 77' lang='lat' dir='ltr'><strong>veluti</strong></span> <span class='ocrx_word' id='word_1_350' title='bbox 959 4945 1183 5011; x_wconf 89' lang='lat' dir='ltr'><strong>quidam</strong></span> <span class='ocrx_word' id='word_1_351' title='bbox 1209 4946 1370 4999; x_wconf 85' lang='lat' dir='ltr'><strong>duces</strong></span> <span class='ocrx_word' id='word_1_352' title='bbox 1396 4944 1631 5006; x_wconf 84' lang='lat' dir='ltr'><strong>itineris,</strong></span> <span class='ocrx_word' id='word_1_353' title='bbox 1663 4952 1722 4997; x_wconf 91' lang='lat' dir='ltr'><strong>ut</strong></span> <span class='ocrx_word' id='word_1_354' title='bbox 1757 4945 1901 5013; x_wconf 81' lang='lat' dir='ltr'><strong>quod</strong></span> <span class='ocrx_word' id='word_1_355' title='bbox 1938 4943 2043 5012; x_wconf 66' lang='lat' dir='ltr'><strong>ipsi</strong></span> 
     </span>
    </p>
   </div>
   <div class='ocr_carea' id='block_1_52' title="bbox 464 5033 2047 5104">
    <p class='ocr_par' dir='ltr' id='par_1_52' title="bbox 464 5033 2047 5104">
     <span class='ocr_line' id='line_1_52' title="bbox 464 5033 2047 5104; baseline -0.001 -15"><span class='ocrx_word' id='word_1_356' title='bbox 464 5036 617 5104; x_wconf 88' lang='lat' dir='ltr'><strong>prius</strong></span> <span class='ocrx_word' id='word_1_357' title='bbox 654 5034 1011 5099; x_wconf 81' lang='lat' dir='ltr'><strong>confecerint,</strong></span> <span class='ocrx_word' id='word_1_358' title='bbox 1045 5042 1100 5087; x_wconf 91' lang='lat' dir='ltr'><strong>et</strong></span> <span class='ocrx_word' id='word_1_359' title='bbox 1135 5033 1308 5103; x_wconf 82' lang='lat' dir='ltr'><strong>reipsa</strong></span> <span class='ocrx_word' id='word_1_360' title='bbox 1363 5035 1701 5102; x_wconf 78' lang='lat' dir='ltr'><strong>experientia</strong></span> <span class='ocrx_word' id='word_1_361' title='bbox 1760 5033 2047 5087; x_wconf 75' lang='lat' dir='ltr'><strong>ostendere</strong></span> 
     </span>
    </p>
   </div>
   <div class='ocr_carea' id='block_1_53' title="bbox 467 5118 2043 5198">
    <p class='ocr_par' dir='ltr' id='par_1_53' title="bbox 467 5118 2043 5198">
     <span class='ocr_line' id='line_1_53' title="bbox 467 5118 2043 5198; baseline -0.003 -17"><span class='ocrx_word' id='word_1_362' title='bbox 467 5126 676 5198; x_wconf 80' lang='lat' dir='ltr'><strong>possint</strong></span> <span class='ocrx_word' id='word_1_363' title='bbox 693 5125 757 5180; x_wconf 86' lang='lat' dir='ltr'><strong>iis</strong></span> <span class='ocrx_word' id='word_1_364' title='bbox 769 5118 1178 5194; x_wconf 52' lang='lat' dir='ltr'><strong>qui‘sequuntur</strong></span> <span class='ocrx_word' id='word_1_365' title='bbox 1201 5143 1214 5179; x_wconf 85' lang='lat'><strong>:</strong></span> <span class='ocrx_word' id='word_1_366' title='bbox 1233 5126 1322 5179; x_wconf 81' lang='lat' dir='ltr'><strong>ubi</strong></span> <span class='ocrx_word' id='word_1_367' title='bbox 1339 5126 1555 5195; x_wconf 87' lang='lat' dir='ltr'><strong>quidem</strong></span> <span class='ocrx_word' id='word_1_368' title='bbox 1577 5135 1823 5194; x_wconf 83' lang='lat' dir='ltr'><strong>oporteat</strong></span> <span class='ocrx_word' id='word_1_369' title='bbox 1842 5124 2043 5193; x_wconf 86' lang='lat' dir='ltr'><strong>aliquid</strong></span> 
     </span>
    </p>
   </div>
   <div class='ocr_carea' id='block_1_54' title="bbox 401 5218 2044 5286">
    <p class='ocr_par' dir='ltr' id='par_1_54' title="bbox 401 5218 2044 5286">
     <span class='ocr_line' id='line_1_54' title="bbox 401 5218 2044 5286; baseline -0.002 -13"><span class='ocrx_word' id='word_1_370' title='bbox 401 5233 410 5241; x_wconf 75' lang='lat'><strong>‘</strong></span> <span class='ocrx_word' id='word_1_371' title='bbox 467 5219 743 5275; x_wconf 87' lang='lat' dir='ltr'><strong>remittere</strong></span> <span class='ocrx_word' id='word_1_372' title='bbox 773 5219 837 5271; x_wconf 86' lang='lat' dir='ltr'><strong>de</strong></span> <span class='ocrx_word' id='word_1_373' title='bbox 870 5218 1145 5286; x_wconf 84' lang='lat' dir='ltr'><strong>ingressus</strong></span> <span class='ocrx_word' id='word_1_374' title='bbox 1172 5220 1536 5283; x_wconf 83' lang='lat' dir='ltr'><strong>vehementia,</strong></span> <span class='ocrx_word' id='word_1_375' title='bbox 1567 5219 1655 5272; x_wconf 91' lang='lat' dir='ltr'><strong>ubi</strong></span> <span class='ocrx_word' id='word_1_376' title='bbox 1694 5228 1873 5271; x_wconf 87' lang='lat' dir='ltr'><strong>autem</strong></span> <span class='ocrx_word' id='word_1_377' title='bbox 1929 5234 2044 5270; x_wconf 84' lang='lat' dir='ltr'><strong>rur-</strong></span> 
     </span>
    </p>
   </div>
   <div class='ocr_carea' id='block_1_55' title="bbox 465 5308 2045 5380">
    <p class='ocr_par' dir='ltr' id='par_1_55' title="bbox 465 5308 2045 5380">
     <span class='ocr_line' id='line_1_55' title="bbox 465 5308 2045 5380; baseline -0.001 -16"><span class='ocrx_word' id='word_1_378' title='bbox 465 5325 562 5364; x_wconf 81' lang='lat' dir='ltr'><strong>sus</strong></span> <span class='ocrx_word' id='word_1_379' title='bbox 595 5310 824 5380; x_wconf 87' lang='lat' dir='ltr'><strong>gradum</strong></span> <span class='ocrx_word' id='word_1_380' title='bbox 854 5308 1162 5363; x_wconf 88' lang='lat' dir='ltr'><strong>accelerare</strong></span> <span class='ocrx_word' id='word_1_381' title='bbox 1190 5319 1243 5362; x_wconf 90' lang='lat' dir='ltr'><strong>et</strong></span> <span class='ocrx_word' id='word_1_382' title='bbox 1276 5309 1577 5363; x_wconf 86' lang='lat' dir='ltr'><strong>intendere.</strong></span> <span class='ocrx_word' id='word_1_383' title='bbox 1616 5310 1815 5377; x_wconf 81' lang='lat' dir='ltr'><strong>Sicque</strong></span> <span class='ocrx_word' id='word_1_384' title='bbox 1841 5319 2045 5364; x_wconf 83' lang='lat' dir='ltr'><strong>certam</strong></span> 
     </span>
    </p>
   </div>
   <div class='ocr_carea' id='block_1_56' title="bbox 465 5397 2046 5471">
    <p class='ocr_par' dir='ltr' id='par_1_56' title="bbox 465 5397 2046 5471">
     <span class='ocr_line' id='line_1_56' title="bbox 465 5397 2046 5471; baseline 0 -17"><span class='ocrx_word' id='word_1_385' title='bbox 465 5400 680 5455; x_wconf 80' lang='lat' dir='ltr'><strong>virtutis</strong></span> <span class='ocrx_word' id='word_1_386' title='bbox 710 5399 851 5454; x_wconf 81' lang='lat' dir='ltr'><strong>viam</strong></span> <span class='ocrx_word' id='word_1_387' title='bbox 881 5408 937 5455; x_wconf 89' lang='lat' dir='ltr'><strong>et</strong></span> <span class='ocrx_word' id='word_1_388' title='bbox 967 5397 1180 5455; x_wconf 84' lang='lat' dir='ltr'><strong>facilem</strong></span> <span class='ocrx_word' id='word_1_389' title='bbox 1213 5399 1318 5455; x_wconf 88' lang='lat' dir='ltr'><strong>illis</strong></span> <span class='ocrx_word' id='word_1_390' title='bbox 1339 5399 1566 5466; x_wconf 80' lang='lat' dir='ltr'><strong>faciunt,</strong></span> <span class='ocrx_word' id='word_1_391' title='bbox 1593 5401 1683 5470; x_wconf 90' lang='lat' dir='ltr'><strong>qui</strong></span> <span class='ocrx_word' id='word_1_392' title='bbox 1711 5415 1829 5455; x_wconf 87' lang='lat' dir='ltr'><strong>eam</strong></span> <span class='ocrx_word' id='word_1_393' title='bbox 1852 5416 2046 5471; x_wconf 79' lang='lat' dir='ltr'><strong>aggre-</strong></span> 
     </span>
    </p>
   </div>
   <div class='ocr_carea' id='block_1_57' title="bbox 466 5491 2046 5564">
    <p class='ocr_par' dir='ltr' id='par_1_57' title="bbox 466 5491 2046 5564">
     <span class='ocr_line' id='line_1_57' title="bbox 466 5491 2046 5564; baseline 0.004 -20"><span class='ocrx_word' id='word_1_394' title='bbox 466 5493 708 5546; x_wconf 84' lang='lat' dir='ltr'><strong>diuntur.</strong></span> <span class='ocrx_word' id='word_1_395' title='bbox 749 5491 1016 5558; x_wconf 82' lang='lat' dir='ltr'><strong>Quoniam</strong></span> <span class='ocrx_word' id='word_1_396' title='bbox 1043 5502 1228 5549; x_wconf 89' lang='lat' dir='ltr'><strong>autem</strong></span> <span class='ocrx_word' id='word_1_397' title='bbox 1286 5507 1352 5548; x_wconf 80' lang='lat' dir='ltr'><strong>ex</strong></span> <span class='ocrx_word' id='word_1_398' title='bbox 1409 5493 1475 5547; x_wconf 89' lang='lat' dir='ltr'><strong>iis</strong></span> <span class='ocrx_word' id='word_1_399' title='bbox 1521 5497 1756 5548; x_wconf 81' lang='lat' dir='ltr'><strong>maxime</strong></span> <span class='ocrx_word' id='word_1_400' title='bbox 1814 5494 2046 5564; x_wconf 74' lang='lat' dir='ltr'><strong>insignis</strong></span> 
     </span>
    </p>
   </div>
   <div class='ocr_carea' id='block_1_58' title="bbox 469 5583 2042 5655">
    <p class='ocr_par' dir='ltr' id='par_1_58' title="bbox 469 5583 2042 5655">
     <span class='ocr_line' id='line_1_58' title="bbox 469 5583 2042 5655; baseline 0.003 -19"><span class='ocrx_word' id='word_1_401' title='bbox 469 5583 778 5647; x_wconf 77' lang='lat' dir='ltr'><strong>Abramius,</strong></span> <span class='ocrx_word' id='word_1_402' title='bbox 813 5598 919 5639; x_wconf 88' lang='lat' dir='ltr'><strong>non</strong></span> <span class='ocrx_word' id='word_1_403' title='bbox 955 5585 1128 5638; x_wconf 90' lang='lat' dir='ltr'><strong>solum</strong></span> <span class='ocrx_word' id='word_1_404' title='bbox 1153 5599 1279 5638; x_wconf 83' lang='lat' dir='ltr'><strong>cum</strong></span> <span class='ocrx_word' id='word_1_405' title='bbox 1306 5593 1450 5640; x_wconf 85' lang='lat' dir='ltr'><strong>esset</strong></span> <span class='ocrx_word' id='word_1_406' title='bbox 1507 5586 1689 5640; x_wconf 89' lang='lat' dir='ltr'><strong>adhuc</strong></span> <span class='ocrx_word' id='word_1_407' title='bbox 1741 5597 2042 5655; x_wconf 84' lang='lat' dir='ltr'><strong>superstes,</strong></span> 
     </span>
    </p>
   </div>
   <div class='ocr_carea' id='block_1_59' title="bbox 473 5673 2045 5746">
    <p class='ocr_par' dir='ltr' id='par_1_59' title="bbox 473 5673 2045 5746">
     <span class='ocr_line' id='line_1_59' title="bbox 473 5673 2045 5746; baseline 0.003 -19"><span class='ocrx_word' id='word_1_408' title='bbox 473 5673 565 5728; x_wconf 79' lang='lat' dir='ltr'><strong>sed</strong></span> <span class='ocrx_word' id='word_1_409' title='bbox 593 5688 734 5727; x_wconf 92' lang='lat' dir='ltr'><strong>nunc</strong></span> <span class='ocrx_word' id='word_1_410' title='bbox 763 5687 976 5744; x_wconf 85' lang='lat' dir='ltr'><strong>quoque</strong></span> <span class='ocrx_word' id='word_1_411' title='bbox 1005 5675 1251 5729; x_wconf 82' lang='lat' dir='ltr'><strong>oratione</strong></span> <span class='ocrx_word' id='word_1_412' title='bbox 1299 5675 1462 5731; x_wconf 77' lang='lat' dir='ltr'><strong>veluti</strong></span> <span class='ocrx_word' id='word_1_413' title='bbox 1493 5678 1725 5742; x_wconf 83' lang='lat' dir='ltr'><strong>quadam</strong></span> <span class='ocrx_word' id='word_1_414' title='bbox 1753 5691 2045 5746; x_wconf 79' lang='lat' dir='ltr'><strong>expressus</strong></span> 
     </span>
    </p>
   </div>
   <div class='ocr_carea' id='block_1_60' title="bbox 475 5763 2046 5839">
    <p class='ocr_par' dir='ltr' id='par_1_60' title="bbox 475 5763 2046 5839">
     <span class='ocr_line' id='line_1_60' title="bbox 475 5763 2046 5839; baseline 0.004 -21"><span class='ocrx_word' id='word_1_415' title='bbox 475 5763 736 5834; x_wconf 76' lang='lat' dir='ltr'><strong>imagine,</strong></span> <span class='ocrx_word' id='word_1_416' title='bbox 773 5764 824 5819; x_wconf 80' lang='lat' dir='ltr'><strong>id</strong></span> <span class='ocrx_word' id='word_1_417' title='bbox 859 5765 1014 5837; x_wconf 85' lang='lat' dir='ltr'><strong>plene</strong></span> <span class='ocrx_word' id='word_1_418' title='bbox 1049 5775 1307 5835; x_wconf 81' lang='lat' dir='ltr'><strong>praestare</strong></span> <span class='ocrx_word' id='word_1_419' title='bbox 1341 5776 1515 5837; x_wconf 87' lang='lat' dir='ltr'><strong>potest</strong></span> <span class='ocrx_word' id='word_1_420' title='bbox 1547 5785 1561 5822; x_wconf 91' lang='lat'><strong>:</strong></span> <span class='ocrx_word' id='word_1_421' title='bbox 1593 5783 1678 5823; x_wconf 86' lang='lat' dir='ltr'><strong>res</strong></span> <span class='ocrx_word' id='word_1_422' title='bbox 1737 5768 1852 5839; x_wconf 87' lang='lat' dir='ltr'><strong>ejus</strong></span> <span class='ocrx_word' id='word_1_423' title='bbox 1905 5783 2046 5824; x_wconf 85' lang='lat' dir='ltr'><strong>nunc</strong></span> 
     </span>
    </p>
   </div>
   <div class='ocr_carea' id='block_1_61' title="bbox 2152 4485 3738 4557">
    <p class='ocr_par' dir='ltr' id='par_1_61' title="bbox 2152 4485 3738 4557">
     <span class='ocr_line' id='line_1_61' title="bbox 2152 4485 3738 4557; baseline -0.003 -19"><span class='ocrx_word' id='word_1_424' title='bbox 2152 4487 2356 4549; x_wconf 78' lang='grc' dir='ltr'>λιτείας</span> <span class='ocrx_word' id='word_1_425' title='bbox 2386 4487 2640 4557; x_wconf 82' lang='grc' dir='ltr'><strong>διήγησις</strong></span> <span class='ocrx_word' id='word_1_426' title='bbox 2690 4485 2788 4538; x_wconf 73' lang='grc' dir='ltr'><strong>καὶ</strong></span> <span class='ocrx_word' id='word_1_427' title='bbox 2835 4487 2970 4537; x_wconf 82' lang='grc' dir='ltr'>πᾶσι</span> <span class='ocrx_word' id='word_1_428' title='bbox 3033 4485 3130 4554; x_wconf 80' lang='grc' dir='ltr'>μὲν</span> <span class='ocrx_word' id='word_1_429' title='bbox 3170 4488 3283 4549; x_wconf 83' lang='grc' dir='ltr'>τοῖς</span> <span class='ocrx_word' id='word_1_430' title='bbox 3335 4486 3578 4548; x_wconf 81' lang='grc' dir='ltr'>εὐσεϐῶς</span> <span class='ocrx_word' id='word_1_431' title='bbox 3635 4487 3738 4555; x_wconf 73' lang='grc' dir='ltr'><strong>ζῇν</strong></span> 
     </span>
    </p>
   </div>
   <div class='ocr_carea' id='block_1_62' title="bbox 2151 4575 3720 4648">
    <p class='ocr_par' dir='ltr' id='par_1_62' title="bbox 2151 4575 3720 4648">
     <span class='ocr_line' id='line_1_62' title="bbox 2151 4575 3720 4648; baseline -0.003 -19"><span class='ocrx_word' id='word_1_432' title='bbox 2151 4577 2558 4648; x_wconf 81' lang='grc' dir='ltr'><strong>προῃρημένοις</strong></span> <span class='ocrx_word' id='word_1_433' title='bbox 2603 4575 2852 4630; x_wconf 82' lang='grc' dir='ltr'>ποθειναί</span> <span class='ocrx_word' id='word_1_434' title='bbox 2887 4591 2946 4627; x_wconf 88' lang='grc' dir='ltr'><strong>τε</strong></span> <span class='ocrx_word' id='word_1_435' title='bbox 2976 4576 3071 4628; x_wconf 71' lang='grc' dir='ltr'>καὶ</span> <span class='ocrx_word' id='word_1_436' title='bbox 3100 4575 3590 4645; x_wconf 79' lang='grc' dir='ltr'>περισπούδαστοι,</span> <span class='ocrx_word' id='word_1_437' title='bbox 3627 4575 3720 4645; x_wconf 82' lang='grc' dir='ltr'><strong>μά-</strong></span> 
     </span>
    </p>
   </div>
   <div class='ocr_carea' id='block_1_63' title="bbox 2148 4664 3736 4737">
    <p class='ocr_par' dir='ltr' id='par_1_63' title="bbox 2148 4664 3736 4737">
     <span class='ocr_line' id='line_1_63' title="bbox 2148 4664 3736 4737; baseline -0.005 -15"><span class='ocrx_word' id='word_1_438' title='bbox 2148 4669 2304 4722; x_wconf 82' lang='grc' dir='ltr'>λιστα</span> <span class='ocrx_word' id='word_1_439' title='bbox 2352 4668 2410 4720; x_wconf 79' lang='grc' dir='ltr'>δὲ</span> <span class='ocrx_word' id='word_1_440' title='bbox 2457 4673 2569 4730; x_wconf 78' lang='grc' dir='ltr'>τοῖς</span> <span class='ocrx_word' id='word_1_441' title='bbox 2594 4668 2800 4736; x_wconf 81' lang='grc' dir='ltr'>ἀρετῆς</span> <span class='ocrx_word' id='word_1_442' title='bbox 2834 4667 3325 4737; x_wconf 67' lang='grc' dir='ltr'>μεταποιουμένοις</span> <span class='ocrx_word' id='word_1_443' title='bbox 3351 4667 3450 4719; x_wconf 71' lang='grc' dir='ltr'><strong>καὶ</strong></span> <span class='ocrx_word' id='word_1_444' title='bbox 3479 4667 3593 4719; x_wconf 84' lang='grc' dir='ltr'>ὅσοι</span> <span class='ocrx_word' id='word_1_445' title='bbox 3635 4664 3736 4732; x_wconf 59' lang='grc' dir='ltr'><strong>τὴν</strong></span> 
     </span>
    </p>
   </div>
   <div class='ocr_carea' id='block_1_64' title="bbox 2153 4755 3738 4828">
    <p class='ocr_par' dir='ltr' id='par_1_64' title="bbox 2153 4755 3738 4828">
     <span class='ocr_line' id='line_1_64' title="bbox 2153 4755 3738 4828; baseline -0.003 -18"><span class='ocrx_word' id='word_1_446' title='bbox 2153 4757 2432 4828; x_wconf 79' lang='grc' dir='ltr'>μακαρίαν</span> <span class='ocrx_word' id='word_1_447' title='bbox 2461 4756 2678 4828; x_wconf 78' lang='grc' dir='ltr'>ἐκείνην</span> <span class='ocrx_word' id='word_1_448' title='bbox 2699 4756 2887 4827; x_wconf 80' lang='grc' dir='ltr'>τρίϐον</span> <span class='ocrx_word' id='word_1_449' title='bbox 2913 4757 3024 4810; x_wconf 85' lang='grc' dir='ltr'><strong>τῶν</strong></span> <span class='ocrx_word' id='word_1_450' title='bbox 3043 4757 3136 4810; x_wconf 86' lang='grc' dir='ltr'><strong>τοῦ</strong></span> <span class='ocrx_word' id='word_1_451' title='bbox 3170 4756 3308 4811; x_wconf 82' lang='grc' dir='ltr'>Θεοῦ</span> <span class='ocrx_word' id='word_1_452' title='bbox 3329 4756 3562 4810; x_wconf 77' lang='grc' dir='ltr'>ἐντολῶν</span> <span class='ocrx_word' id='word_1_453' title='bbox 3587 4755 3738 4808; x_wconf 75' lang='grc' dir='ltr'>ὁδεῦ-</span> 
     </span>
    </p>
   </div>
   <div class='ocr_carea' id='block_1_65' title="bbox 2149 4847 3736 4920">
    <p class='ocr_par' dir='ltr' id='par_1_65' title="bbox 2149 4847 3736 4920">
     <span class='ocr_line' id='line_1_65' title="bbox 2149 4847 3736 4920; baseline -0.001 -20"><span class='ocrx_word' id='word_1_454' title='bbox 2149 4855 2238 4901; x_wconf 79' lang='grc' dir='ltr'><strong>σαι</strong></span> <span class='ocrx_word' id='word_1_455' title='bbox 2279 4847 2628 4920; x_wconf 80' lang='grc' dir='ltr'>προείλοντο·</span> <span class='ocrx_word' id='word_1_456' title='bbox 2687 4848 2967 4915; x_wconf 79' lang='grc' dir='ltr'>γίγνονται</span> <span class='ocrx_word' id='word_1_457' title='bbox 3025 4850 3135 4920; x_wconf 77' lang='grc' dir='ltr'>γὰρ</span> <span class='ocrx_word' id='word_1_458' title='bbox 3170 4850 3355 4911; x_wconf 76' lang='grc' dir='ltr'>αὐτοῖς</span> <span class='ocrx_word' id='word_1_459' title='bbox 3401 4849 3736 4905; x_wconf 77' lang='grc' dir='ltr'>οἱονιίτινες</span> 
     </span>
    </p>
   </div>
   <div class='ocr_carea' id='block_1_66' title="bbox 2147 4935 3738 5011">
    <p class='ocr_par' dir='ltr' id='par_1_66' title="bbox 2147 4935 3738 5011">
     <span class='ocr_line' id='line_1_66' title="bbox 2147 4935 3738 5011; baseline -0.003 -20"><span class='ocrx_word' id='word_1_460' title='bbox 2147 4940 2333 5009; x_wconf 72' lang='grc' dir='ltr'>ὁδηγοὶ</span> <span class='ocrx_word' id='word_1_461' title='bbox 2365 4941 2462 5010; x_wconf 79' lang='grc' dir='ltr'>τῆς</span> <span class='ocrx_word' id='word_1_462' title='bbox 2521 4957 2782 5008; x_wconf 78' lang='grc' dir='ltr'>τοιαυτης</span> <span class='ocrx_word' id='word_1_463' title='bbox 2851 4943 3102 5010; x_wconf 82' lang='grc' dir='ltr'>πορείας,</span> <span class='ocrx_word' id='word_1_464' title='bbox 3140 4935 3228 4992; x_wconf 77' lang='grc' dir='ltr'>οἷα</span> <span class='ocrx_word' id='word_1_465' title='bbox 3275 4939 3738 5011; x_wconf 83' lang='grc' dir='ltr'>προδιανύσαντες</span> 
     </span>
    </p>
   </div>
   <div class='ocr_carea' id='block_1_67' title="bbox 2147 5031 3736 5102">
    <p class='ocr_par' dir='ltr' id='par_1_67' title="bbox 2147 5031 3736 5102">
     <span class='ocr_line' id='line_1_67' title="bbox 2147 5031 3736 5102; baseline -0.002 -18"><span class='ocrx_word' id='word_1_466' title='bbox 2147 5031 2354 5102; x_wconf 82' lang='grc' dir='ltr'>ταύτην</span> <span class='ocrx_word' id='word_1_467' title='bbox 2391 5034 2486 5086; x_wconf 78' lang='grc' dir='ltr'>καὶ</span> <span class='ocrx_word' id='word_1_468' title='bbox 2521 5032 2660 5102; x_wconf 81' lang='grc' dir='ltr'>αὐτῇ</span> <span class='ocrx_word' id='word_1_469' title='bbox 2703 5033 2871 5102; x_wconf 71' lang='grc' dir='ltr'>πείρα</span> <span class='ocrx_word' id='word_1_470' title='bbox 2915 5035 3010 5084; x_wconf 75' lang='lat' dir='ltr'><strong>xst‘t</strong></span> <span class='ocrx_word' id='word_1_471' title='bbox 3044 5033 3334 5102; x_wconf 74' lang='grc' dir='ltr'>πράγμασι</span> <span class='ocrx_word' id='word_1_472' title='bbox 3361 5035 3474 5095; x_wconf 80' lang='grc' dir='ltr'>τοῖς</span> <span class='ocrx_word' id='word_1_473' title='bbox 3529 5031 3736 5099; x_wconf 71' lang='grc' dir='ltr'>ἑπομέ-</span> 
     </span>
    </p>
   </div>
   <div class='ocr_carea' id='block_1_68' title="bbox 2147 5125 3736 5196">
    <p class='ocr_par' dir='ltr' id='par_1_68' title="bbox 2147 5125 3736 5196">
     <span class='ocr_line' id='line_1_68' title="bbox 2147 5125 3736 5196; baseline -0.002 -20"><span class='ocrx_word' id='word_1_474' title='bbox 2147 5141 2259 5186; x_wconf 82' lang='grc' dir='ltr'>νοις</span> <span class='ocrx_word' id='word_1_475' title='bbox 2315 5125 2693 5179; x_wconf 79' lang='grc' dir='ltr'>ὑποδεικνύειν</span> <span class='ocrx_word' id='word_1_476' title='bbox 2743 5127 3002 5196; x_wconf 75' lang='grc' dir='ltr'>ἔχοντες,</span> <span class='ocrx_word' id='word_1_477' title='bbox 3056 5128 3188 5178; x_wconf 80' lang='grc' dir='ltr'>ὅπου</span> <span class='ocrx_word' id='word_1_478' title='bbox 3254 5127 3351 5195; x_wconf 88' lang='grc' dir='ltr'>μὲν</span> <span class='ocrx_word' id='word_1_479' title='bbox 3405 5125 3736 5194; x_wconf 80' lang='grc' dir='ltr'>γενομένους</span> 
     </span>
    </p>
   </div>
   <div class='ocr_carea' id='block_1_69' title="bbox 2151 5214 3736 5288">
    <p class='ocr_par' dir='ltr' id='par_1_69' title="bbox 2151 5214 3736 5288">
     <span class='ocr_line' id='line_1_69' title="bbox 2151 5214 3736 5288; baseline -0.004 -20"><span class='ocrx_word' id='word_1_480' title='bbox 2151 5217 2345 5287; x_wconf 71' lang='grc' dir='ltr'>μικρόν</span> <span class='ocrx_word' id='word_1_481' title='bbox 2374 5235 2425 5269; x_wconf 84' lang='grc' dir='ltr'>τι</span> <span class='ocrx_word' id='word_1_482' title='bbox 2451 5219 2818 5271; x_wconf 74' lang='grc' dir='ltr'>διαναπαῦσαι</span> <span class='ocrx_word' id='word_1_483' title='bbox 2848 5220 2955 5288; x_wconf 68' lang='grc' dir='ltr'>χρὴ</span> <span class='ocrx_word' id='word_1_484' title='bbox 2993 5218 3093 5285; x_wconf 77' lang='grc' dir='ltr'>τῆς</span> <span class='ocrx_word' id='word_1_485' title='bbox 3124 5217 3468 5286; x_wconf 80' lang='grc' dir='ltr'>ὁδοιπορείας</span> <span class='ocrx_word' id='word_1_486' title='bbox 3510 5216 3572 5268; x_wconf 83' lang='grc' dir='ltr'><strong>τὸ</strong></span> <span class='ocrx_word' id='word_1_487' title='bbox 3613 5214 3736 5266; x_wconf 75' lang='grc' dir='ltr'>σύν-</span> 
     </span>
    </p>
   </div>
   <div class='ocr_carea' id='block_1_70' title="bbox 2147 5309 3734 5374">
    <p class='ocr_par' dir='ltr' id='par_1_70' title="bbox 2147 5309 3734 5374">
     <span class='ocr_line' id='line_1_70' title="bbox 2147 5309 3734 5374; baseline -0.001 -12"><span class='ocrx_word' id='word_1_488' title='bbox 2147 5325 2318 5372; x_wconf 83' lang='grc' dir='ltr'>τονον,</span> <span class='ocrx_word' id='word_1_489' title='bbox 2385 5312 2520 5363; x_wconf 75' lang='grc' dir='ltr'>ὁποὺ</span> <span class='ocrx_word' id='word_1_490' title='bbox 2577 5312 2634 5363; x_wconf 84' lang='grc' dir='ltr'>δὲ</span> <span class='ocrx_word' id='word_1_491' title='bbox 2667 5311 2830 5364; x_wconf 83' lang='grc' dir='ltr'>πάλιν</span> <span class='ocrx_word' id='word_1_492' title='bbox 2863 5309 3222 5374; x_wconf 75' lang='grc' dir='ltr'>ἐπισπεῦσαι,</span> <span class='ocrx_word' id='word_1_493' title='bbox 3273 5312 3368 5363; x_wconf 74' lang='grc' dir='ltr'>καὶ</span> <span class='ocrx_word' id='word_1_494' title='bbox 3399 5309 3734 5362; x_wconf 65' lang='grc' dir='ltr'>κατατεῖναι.</span> 
     </span>
    </p>
   </div>
   <div class='ocr_carea' id='block_1_71' title="bbox 2147 5392 3732 5472">
    <p class='ocr_par' dir='ltr' id='par_1_71' title="bbox 2147 5392 3732 5472">
     <span class='ocr_line' id='line_1_71' title="bbox 2147 5392 3732 5472; baseline -0.006 -21"><span class='ocrx_word' id='word_1_495' title='bbox 2147 5401 2245 5452; x_wconf 72' lang='grc' dir='ltr'>καὶ</span> <span class='ocrx_word' id='word_1_496' title='bbox 2299 5401 2707 5471; x_wconf 79' lang='grc' dir='ltr'>συντονωτέραν</span> <span class='ocrx_word' id='word_1_497' title='bbox 2763 5401 3120 5472; x_wconf 75' lang='grc' dir='ltr'>ποιήσασθαι,</span> <span class='ocrx_word' id='word_1_498' title='bbox 3153 5403 3250 5454; x_wconf 78' lang='grc' dir='ltr'>καὶ</span> <span class='ocrx_word' id='word_1_499' title='bbox 3297 5399 3472 5462; x_wconf 75' lang='grc' dir='ltr'>οὕτως</span> <span class='ocrx_word' id='word_1_500' title='bbox 3517 5392 3732 5458; x_wconf 82' lang='grc' dir='ltr'>ἀπλανῆ</span> 
     </span>
    </p>
   </div>
   <div class='ocr_carea' id='block_1_72' title="bbox 2146 5483 3732 5567">
    <p class='ocr_par' dir='ltr' id='par_1_72' title="bbox 2146 5483 3732 5567">
     <span class='ocr_line' id='line_1_72' title="bbox 2146 5483 3732 5567; baseline -0.011 -17"><span class='ocrx_word' id='word_1_501' title='bbox 2146 5495 2246 5567; x_wconf 80' lang='grc' dir='ltr'>τὴν</span> <span class='ocrx_word' id='word_1_502' title='bbox 2273 5496 2391 5549; x_wconf 85' lang='grc' dir='ltr'>ὁδὸν</span> <span class='ocrx_word' id='word_1_503' title='bbox 2416 5499 2531 5558; x_wconf 80' lang='grc' dir='ltr'>τοῖς</span> <span class='ocrx_word' id='word_1_504' title='bbox 2564 5495 2814 5564; x_wconf 81' lang='grc' dir='ltr'>μετιοῦσι</span> <span class='ocrx_word' id='word_1_505' title='bbox 2849 5493 3170 5563; x_wconf 72' lang='grc' dir='ltr'>καϊρᾳδίαν</span> <span class='ocrx_word' id='word_1_506' title='bbox 3202 5483 3732 5557; x_wconf 73' lang='grc' dir='ltr'>ἐργάζονται.”Επεὶ</span> 
     </span>
    </p>
   </div>
   <div class='ocr_carea' id='block_1_73' title="bbox 2145 5573 3736 5657">
    <p class='ocr_par' dir='ltr' id='par_1_73' title="bbox 2145 5573 3736 5657">
     <span class='ocr_line' id='line_1_73' title="bbox 2145 5573 3736 5657; baseline -0.008 -17"><span class='ocrx_word' id='word_1_507' title='bbox 2145 5583 2240 5640; x_wconf 75' lang='grc' dir='ltr'><strong>οὖν</strong></span> <span class='ocrx_word' id='word_1_508' title='bbox 2269 5588 2676 5657; x_wconf 72' lang='grc' dir='ltr'>ἐπισημότατος</span> <span class='ocrx_word' id='word_1_509' title='bbox 2707 5585 2915 5639; x_wconf 83' lang='grc' dir='ltr'>τούτων</span> <span class='ocrx_word' id='word_1_510' title='bbox 2981 5582 3308 5650; x_wconf 76' lang='grc' dir='ltr'>Ἀδρὰμιος,</span> <span class='ocrx_word' id='word_1_511' title='bbox 3356 5580 3418 5632; x_wconf 86' lang='grc' dir='ltr'><strong>οὐ</strong></span> <span class='ocrx_word' id='word_1_512' title='bbox 3457 5577 3617 5648; x_wconf 81' lang='grc' dir='ltr'>μόνον</span> <span class='ocrx_word' id='word_1_513' title='bbox 3655 5573 3736 5627; x_wconf 77' lang='grc' dir='ltr'>ἔτι</span> 
     </span>
    </p>
   </div>
   <div class='ocr_carea' id='block_1_74' title="bbox 2147 5665 3733 5749">
    <p class='ocr_par' dir='ltr' id='par_1_74' title="bbox 2147 5665 3733 5749">
     <span class='ocr_line' id='line_1_74' title="bbox 2147 5665 3733 5749; baseline -0.009 -18"><span class='ocrx_word' id='word_1_514' title='bbox 2147 5677 2377 5749; x_wconf 85' lang='grc' dir='ltr'>περιὼν,</span> <span class='ocrx_word' id='word_1_515' title='bbox 2406 5679 2544 5732; x_wconf 68' lang='grc' dir='ltr'>ἀλλὰ</span> <span class='ocrx_word' id='word_1_516' title='bbox 2571 5679 2662 5731; x_wconf 77' lang='grc' dir='ltr'><strong>καὶ</strong></span> <span class='ocrx_word' id='word_1_517' title='bbox 2694 5678 2790 5730; x_wconf 90' lang='grc' dir='ltr'><strong>νῦν</strong></span> <span class='ocrx_word' id='word_1_518' title='bbox 2820 5675 3014 5744; x_wconf 82' lang='grc' dir='ltr'>ῶσπερ</span> <span class='ocrx_word' id='word_1_519' title='bbox 3045 5674 3102 5724; x_wconf 81' lang='grc' dir='ltr'>ὲν</span> <span class='ocrx_word' id='word_1_520' title='bbox 3134 5671 3305 5724; x_wconf 83' lang='grc' dir='ltr'>εἰκόνι</span> <span class='ocrx_word' id='word_1_521' title='bbox 3334 5669 3411 5739; x_wconf 79' lang='grc' dir='ltr'>τῷ</span> <span class='ocrx_word' id='word_1_522' title='bbox 3441 5669 3580 5737; x_wconf 76' lang='grc' dir='ltr'>λόγῳ</span> <span class='ocrx_word' id='word_1_523' title='bbox 3613 5665 3733 5717; x_wconf 83' lang='grc' dir='ltr'>δια-</span> 
     </span>
    </p>
   </div>
   <div class='ocr_carea' id='block_1_75' title="bbox 2158 5756 3736 5842">
    <p class='ocr_par' dir='ltr' id='par_1_75' title="bbox 2158 5756 3736 5842">
     <span class='ocr_line' id='line_1_75' title="bbox 2158 5756 3736 5842; baseline -0.002 -18"><span class='ocrx_word' id='word_1_524' title='bbox 2158 5771 2517 5842; x_wconf 78' lang='grc' dir='ltr'>τυπούμενος,</span> <span class='ocrx_word' id='word_1_525' title='bbox 2552 5767 2839 5841; x_wconf 77' lang='grc' dir='ltr'>διηγητέον</span> <span class='ocrx_word' id='word_1_526' title='bbox 2878 5768 2954 5834; x_wconf 84' lang='grc' dir='ltr'>ὡς</span> <span class='ocrx_word' id='word_1_527' title='bbox 2977 5759 3088 5820; x_wconf 77' lang='grc' dir='ltr'>οἷόν</span> <span class='ocrx_word' id='word_1_528' title='bbox 3111 5781 3167 5818; x_wconf 85' lang='grc' dir='ltr'><strong>τε</strong></span> <span class='ocrx_word' id='word_1_529' title='bbox 3206 5761 3272 5818; x_wconf 83' lang='grc' dir='ltr'>τὰ</span> <span class='ocrx_word' id='word_1_530' title='bbox 3302 5761 3396 5816; x_wconf 82' lang='grc' dir='ltr'><strong>τοῦ</strong></span> <span class='ocrx_word' id='word_1_531' title='bbox 3423 5759 3611 5830; x_wconf 67' lang='grc' dir='ltr'>ἀνδρὸς</span> <span class='ocrx_word' id='word_1_532' title='bbox 3642 5756 3736 5808; x_wconf 64' lang='grc' dir='ltr'><strong>καὶ</strong></span> 
     </span>
    </p>
   </div>
  </div>
