4108 6504
370 420 436 483 t7
1668 378 1954 466 MENSIS

2056 401 2337 464 ARTIUS
3563 399 3632 459 Β

360 548 469 590 tem
504 543 716 590 amator
758 536 955 583 nostrie
985 522 1199 590 salutis,
1231 530 1285 577 et
1309 522 1400 592 qui
1436 518 1792 589 intelligentia
1820 531 1944 587 per—

2056 514 2219 586 μόνας
2246 509 2731 583 ἀσχολουμένων,ὁ
2753 509 2996 581 κρυπτὸς
3029 508 3130 579 τῆς
3163 508 3437 578 σωτηρίας
3468 508 3632 579 ἡμῶν

360 623 563 695 cipitur
610 620 919 675 animarum
955 623 1268 672 nostrarum
1304 613 1583 682 pronubus
1609 620 1663 666 et
1709 623 1943 680 sponsus

363 716 639 780 Christus,
672 712 886 766 illarum
918 707 1148 772 scilicet,
1177 719 1299 776 qua:
1327 713 1453 759 sunt
1478 703 1654 772 digna:
1679 700 1942 756 thalamis

362 811 501 877 suis,
529 808 668 866 dulci
691 805 920 876 quodam
940 801 1093 856 radio
1109 798 1351 856 caelestis
1373 804 1425 853 et
1456 795 1741 851 iueﬂ‘abilis
1762 793 1942 862 splen-

365 903 517 959 doris
543 903 745 956 sensim
780 894 1028 950 immisso
1059 893 1113 947 in
1169 889 1488 954 thalamum,
1518 886 1674 942 suavi
1729 894 1788 941 et
1821 883 1945 939 alli-

364 995 530 1051 cienti
567 992 687 1047 luce
718 988 903 1043 oculos
947 980 1525 1043 illustravitAbramii,
1553 978 1716 1032 veluti
1770 976 1835 1030 ad
1885 988 1947 1030 se

362 1098 673 1146 accersens,
703 1090 760 1137 et
807 1080 983 1148 ipsum
1045 1090 1142 1147 per
1199 1073 1376 1129 lucem
1439 1071 1738 1124 attrahens.
1796 1066 1946 1121 illius

362 1176 511 1230 enim
545 1174 743 1228 animas
777 1167 1197 1242 aperteamabat
1222 1162 1700 1234 pulchritudinem,
1722 1166 1779 1212 et
1799 1156 1947 1212 vole-

358 1273 460 1324 bat
493 1281 616 1323 eum
647 1265 922 1321 collocare
946 1261 1002 1316 in
1028 1260 1188 1327 longe
1220 1252 1533 1311 melioribus
1564 1250 1835 1307 thalamis.

435 1526 528 1582 Ν.
544 1525 719 1592 Hujus
738 1532 917 1577 autem
939 1519 1076 1574 lucis
1116 1514 1400 1572 dulcedine
1422 1526 1635 1568 summe
1654 1518 1841 1579 captus
1875 1506 1948 1562 A~

366 1620 634 1682 bratnius,
657 1626 713 1669 ut
740 1628 860 1683 qua:
884 1613 931 1667 ei
958 1625 1053 1681 per
1076 1607 1262 1665 oculos
1284 1606 1350 1661 ad
1374 1605 1616 1659 animum
1647 1600 1947 1666 aiilnxerat,

366 1720 420 1768 et
455 1706 710 1764 ineiIabili
745 1702 1086 1776 jucunditate
1112 1707 1167 1753 et
1191 1697 1478 1767 splendore
1510 1708 1604 1747 cor
1627 1692 1832 1746 habens
1859 1705 1947 1744 re-

367 1803 594 1873 pletum,
618 1812 795 1868 neque
819 1796 1026 1859 cibum,
1054 1804 1228 1860 neque
1250 1798 1437 1858 potum
1457 1785 1670 1841 volebat
1688 1797 1905 1838 sumere
1930 1793 1946 1835 :

2042 603 2283 674 ἐραστὴς
2328 605 2356 656 ό
2392 602 2589 672 νοητὸς
2647 602 2759 654 τῶν
2802 600 2991 671 ψυχῶν
3033 600 3404 670 νυμφαγωγός
3453 618 3515 654 τε
3540 603 3638 655 καὶ

2044 693 2279 765 νυμφίος
2329 691 2570 763 Χριστὸς
2639 690 2762 743 ὅσαι
2810 688 3058 759 δηλονότι
3115 690 3213 743 καὶ
3244 690 3354 743 τῶν
3416 690 3631 743 ἐκείνου

2045 786 2354 857 νυμφώνων
2376 784 2554 851 ἄξιαι,
2589 783 2789 837 ἀκτϊνά
2809 800 2933 836 τινα
2956 785 3216 850 γλυκεῖαν
3243 783 3345 853 τῆς
3371 782 3633 837 ἀνωτάτω

2046 880 2177 951 περὶ
2237 878 2402 932 αὐτὸν
2455 877 2673 948 ἐκείνης
2712 879 2812 930 καὶ
2867 878 3184 948 ἀπορρήτου
3246 875 3634 946 λαμπρότητος

2044 973 2234 1042 ἡρέμα
2283 987 2406 1035 mu;
2453 969 2690 1038 ἐπαφεὶς
2721 971 2787 1039 τῇ
2846 968 3081 1022 παστάδι
3128 966 3244 1038 φῶς
3275 961 3386 1022 οἷον
3417 970 3636 1036 ὲπαγαο

2046 1067 2196 1136 γόντι
2227 1064 2325 1120 καὶ
2345 1064 2566 1136 ἥδιστον
2598 1063 2696 1126 τὰς
2730 1061 3037 1134 ’Δδραμίου
3059 1060 3433 1134 περιηύγαζεν
3458 1059 3634 1129 ὄψεις,

2050 1156 2375 1230 μετακαλῶν
2420 1156 2588 1210 οἱονεὶ
2641 1155 2780 1225 πρὸς
2841 1155 3035 1209 ἑαυτὸν
3067 1155 3161 1208 καὶ
3188 1155 3280 1207 διὰ
3333 1152 3430 1207 τοῦ
3456 1154 3639 1221 φωτὸς

2048 1248 2214 1302 αὐτὸν
2234 1246 2631 1318 ἐφελκόμενοςο
2664 1247 2774 1317 ἦρα
2806 1244 2915 1316 γὰρ
2937 1242 3034 1298 τοῦ
3063 1243 3292 1306 κάλλους
3321 1241 3638 1312 περιφανῶς

2047 1340 2147 1409 τῆς
2171 1338 2384 1392 ἐκείνου
2414 1338 2596 1407 ψυχῆς
2620 1337 2713 1390 καὶ
2743 1335 3054 1406 κρείττοσιν
3079 1334 3485 1389 είσοικίσασθαι
3513 1332 3639 1388 τοῦ·

2047 1447 2142 1485 τον
2166 1429 2320 1500 παρά
2341 1430 2478 1483 πολὺ
2511 1430 2603 1483 καὶ
2634 1431 2879 1482 παστάσι
2917 1428 3013 1481 καὶ
3043 1427 3310 1497 θαλάμοις
3331 1426 3602 1481 ἐϐούλετο.

2119 1522 2193 1576 Δ’.
2242 1520 2429 1584 ’Δλοὺς
2483 1521 2540 1573 δὲ
2574 1521 2860 1591 κατάκρας
2916 1521 2983 1589 τῇ
3038 1517 3135 1571 τοῦ
3186 1519 3366 1588 φωτὸς
3423 1519 3636 1572 ἐκείνου

2048 1607 2350 1679 γλυκύτητι
2393 1613 2488 1663 καὶ
2532 1608 2856 1680 Ἀὁράμιος,
2911 1608 3170 1679 καθάπερ
3223 1608 3374 1679 αὐτῷ
3418 1610 3509 1662 διὰ
3527 1608 3638 1663 τῶν

2046 1701 2348 1772 ὀφθαλμῶν
2375 1704 2456 1765 είς
2480 1702 2581 1772 τὴν
2637 1701 2816 1773 ψυχὴν
2866 1700 3350 1772 καταρῥεύσαντος
3399 1703 3497 1756 καὶ
3535 1701 3639 1767 τῆς

2051 1795 2259 1861 ἀφάτου
2291 1793 2654 1864 φαιδρότητπ
2708 1794 2925 1862 ἐκείνης
2956 1793 3125 1847 αὑτοῦ
3177 1794 3272 1846 καί
3307 1793 3405 1862 τῆς
3440 1794 3638 1863 αῐγ).ης

367 1872 464 1951 sed
485 1893 699 1948 stabant
723 1889 933 1945 immoti
968 1885 1086 1956 ejus
1115 1881 1278 1947 oculi,
1300 1881 1368 1935 ad
1392 1879 1526 1934 lucis
1543 1876 1689 1931 illius
1711 1872 1947 1943 speciem

2056 1886 2151 1956 τὴν
2186 1885 2416 1957 καρδίαν
2454 1884 2852 1955 ὑποπλησθεὶς,
2907 1885 3097 1938 οὐκέτι
3143 1883 3268 1938 οὔτε
3321 1888 3446 1937 σῖτα
3511 1884 3638 1938 οὔτε

366 1990 666 2047 intuentes,
690 1991 743 2037 et
770 1978 909 2050 apud
931 1993 992 2033 se
1013 1977 1254 2047 optabat,
1279 1972 1462 2028 utcito
1486 1969 1788 2025 solveretur
1816 1980 1949 2020 con-

369 2076 596 2131 vivium.
616 2073 734 2140 Quo
750 2069 966 2140 quidem
985 2076 1043 2121 ut
1062 2064 1422 2126 desiderabat,
1443 2061 1711 2123 soluto,et
1728 2054 1951 2126 singulis

371 2166 612 2225 convivis
641 2163 858 2219 domum
890 2157 1146 2221 reversis,
1178 2155 1341 2208 tacite
1377 2154 1539 2208 domo
1572 2149 1868 2221 egreditur,
1917 2161 1949 2200 a

371 2256 523 2313 nullo
550 2256 677 2318 alio,
708 2252 811 2306 nisi
842 2266 870 2304 ιι
899 2247 1015 2304 solo
1049 2246 1179 2313 Deo,
1212 2244 1304 2313 qui
1336 2257 1458 2298 eum
1493 2243 1744 2313 vocabat,
1776 2237 1944 2293 visus.

373 2348 593 2402 Etcum
627 2345 771 2398 circa
795 2340 902 2396 duo
928 2336 1104 2393 stadia
1154 2335 1372 2389 abesset
1396 2348 1426 2386 a
1483 2331 1724 2395 civitate,
1758 2343 1948 2398 perve-

373 2437 454 2492 nit
490 2436 559 2489 ad
590 2431 881 2504 quamdam
908 2428 1125 2492 cellam,
1155 2440 1275 2493 qua:
1330 2422 1556 2494 puielire
1602 2430 1720 2475 erat
1774 2417 1945 2489 posita

371 2530 442 2585 ad
475 2528 710 2598 quietem
736 2534 790 2580 et
819 2520 1119 2577 silentium.
1139 2518 1268 2573 Eam
1297 2524 1501 2580 autem,
1525 2529 1687 2585 quam
1706 2511 1949 2585 jucunde

370 2630 457 2675 cst
478 2615 799 2688 ingressus!
832 2611 1050 2682 Aliquid
1079 2609 1223 2665 enim
1253 2606 1302 2662 ei
1331 2607 1669 2670 ostenderat,
1703 2619 1823 2673 qua:
1856 2617 1951 2673 ap-

371 2718 631 2783 paruerat
657 2707 819 2771 visio,
845 2705 988 2775 quod
1013 2699 1296 2772 spectabat
1314 2698 1378 2753 ad
1395 2698 1512 2768 ejus
1533 2696 1945 2752 habitationem.

375 2802 600 2868 Deinde,
636 2810 694 2854 ut
718 2797 920 2852 assolet
966 2796 1020 2848 in
1053 2793 1216 2848 rebus
1246 2788 1582 2858 hujusmodi,
1647 2802 1771 2843 cum
1804 2784 1950 2841 domi

372 2893 821 2966 frequentissime
852 2890 1232 2943 nominaretur
1254 2894 1511 2951 sponsus,
1550 2886 1605 2934 et
1629 2886 1952 2934 essentiam-

368 3004 472 3045 nes
496 2983 746 3055 occupati
787 2980 856 3036 ad
884 2979 957 3034 illi
992 2975 1427 3038 inserviendum,
1474 2972 1589 3040 ipse
1634 2979 1819 3025 autem
1845 2969 1949 3023 mi-

377 3082 523 3137 nime
547 3078 785 3141 adesset,
822 3072 1007 3128 statim
1030 3067 1302 3124 recordati
1327 3074 1451 3121 sunt
1474 3072 1730 3134 parentes
1752 3059 1950 3132 prioris

377 3173 471 3228 ﬁlii
505 3170 807 3231 sententiae,
833 3174 887 3220 et
914 3164 1055 3218 illius
1085 3162 1138 3216 in
1171 3160 1335 3214 Deum
1359 3156 1640 3227 propositi,
1671 3162 1952 3221 etmagua}

377 3267 638 3320 adversus
672 3258 889 3328 nuptias
915 3252 1274 3311 constantiae:
1307 3262 1483 3317 neque
1517 3260 1640 3301 eam
1667 3259 1776 3299 rem
1806 3250 1951 3313 pote-
1976 3222 2024 3281 (ἶ

370 3364 500 3411 rant
530 3350 679 3409 aliud
701 3363 921 3412 vocare,
956 3346 1057 3401 nisi
1095 3351 1343 3414 apertum
1379 3353 1679 3395 secessum.
1732 3335 1801 3391 Et
1829 3335 1954 3391 ideo

369 3444 784 3508 scrutabantur,
822 3454 926 3494 non
965 3439 1213 3498 theatra,
1255 3449 1360 3488 non
1402 3431 1543 3497 (ora,
1583 3446 1689 3486 non
1729 3431 1951 3499 regiam,

376 3550 484 3590 non
517 3535 709 3589 domos
748 3532 1067 3585 amicorum.
1113 3526 1207 3581 sed
1244 3523 1585 3587 solitudines,
1621 3530 1677 3576 et
1720 3531 1953 3583 montes,

373 3636 434 3682 et
459 3627 850 3682 monachorum
875 3618 1208 3684 habitacula,
1239 3627 1292 3670 et
1324 3616 1497 3671 sicubi
1556 3622 1703 3670 esset
1760 3613 1956 3682 aliquis

376 3720 531 3776 locus
567 3727 725 3786 aptus
756 3715 821 3769 ad
849 3726 1124 3769 secessum
1170 3719 1226 3764 et
1263 3709 1559 3763 silentium.
1612 3706 1746 3762 Cum
1801 3703 1954 3758 multi

376 3826 510 3880 ergo
542 3810 742 3877 ubique
765 3814 1072 3877 quaererent
1117 3802 1459 3868 Abraminm,
1485 3798 1698 3855 decimo
1726 3797 1957 3866 septimo

379 3902 468 3957 die
498 3912 780 3970 postquam
807 3903 1129 3959 secesserat,
1174 3892 1447 3947 invenitur
1512 3891 1566 3945 in
1623 3890 1768 3943 dicta
1799 3885 1954 3950 cella,

382 3990 588 4045 nullum
618 3987 845 4050 habens,
877 3985 967 4053 qui
991 3982 1154 4038 simul
1183 3981 1475 4045 habitaret,
1510 3980 1606 4035 sed
1648 3980 1762 4050 ipse
1808 3978 1958 4032 solus

381 4081 644 4137 inclusus.
673 4079 847 4146 Atque
878 4075 1000 4129 illos
1020 4073 1260 4142 quidem,
1282 4074 1374 4141 qui
1403 4072 1580 4143 ipsum
1609 4072 1954 4136 invenerant,

380 4171 589 4229 invadit
622 4180 811 4238 stupor
861 4166 1181 4220 commistus
1238 4163 1426 4218 laetitia
1480 4171 1535 4216 et
1591 4161 1848 4227 tristitia,
1901 4168 1961 4213 ut

378 4262 473 4330 qui
503 4258 812 4312 laetarentur
838 4253 1079 4323 quidem,
1105 4250 1248 4321 quod
1288 4250 1623 4305 invenissent
1644 4248 1961 4303 adolescen-

383 4364 491 4409 tem
517 4390 535 4418 ,
570 4355 853 4417 stuperent
884 4355 1063 4398 autem
1093 4354 1199 4397 tam
1230 4341 1566 4411 repentinam
1625 4336 1743 4407 ejus
1772 4347 1958 4392 muta-

382 4446 610 4507 tionem,
650 4449 705 4496 et
739 4440 924 4496 statim
958 4436 1026 4491 ab
1066 4436 1223 4491 initio
1254 4440 1565 4503 susceptam
1610 4434 1778 4487 vitam
1812 4433 1958 4486 illam

2051 1974 2220 2028 ποτὸν
2248 1975 2525 2044 αἱρεῖσθαι
2564 1974 2780 2044 ἢθελεν,
2816 1973 2932 2027 ἀλλ’
2971 1974 3265 2045 ὲπάγησαν
3302 1974 3452 2044 αὐτῷ
3483 1974 3637 2028 ακλιο

2053 2067 2171 2129 νεῖς
2195 2067 2243 2119 oi
2272 2064 2544 2135 ὀφθαλμοὶ
2607 2065 2745 2134 πρὸς
2777 2063 2878 2135 τὴν
2929 2065 3236 2131 φαντασίαν
3279 2065 3493 2119 ἐκείνου
3542 2065 3636 2119 τοῦ

2054 2157 2232 2225 φωτὸς
2263 2156 2564 2226 ἐνορῶντες
2582 2171 2595 2186 ·
2625 2155 2751 2228 ἵστη
2773 2156 2883 2225 γὰρ
2912 2155 3004 2208 τὸν
3024 2154 3194 2207 τύπον
3218 2155 3369 2225 αύτῷ
3394 2156 3502 2226 πρὸ
3529 2157 3639 2211 τῶν

2051 2248 2316 2319 ὀμμάτων
2347 2248 2376 2299 ὁ
2402 2247 2669 2316 λογισμὸς
2705 2247 2801 2300 καὶ
2828 2246 2970 2317 ταχὺ
3015 2246 3249 2317 λυθῆναι
3280 2248 3404 2302 καθ’
3442 2249 3639 2303 ἑαυτὸν

2050 2340 2252 2411 ηὔχετο
2282 2338 2395 2412 «ὴν
2426 2339 2675 2392 ἑστίασιν
2696 2354 2710 2369 ’
2743 2333 2812 2410 ἦς
2861 2340 2978 2401 καὶ,
3009 2337 3084 2402 ὡς
3126 2340 3336 2404 ἐπόθει,
3379 2340 3640 2413 λυθείσης

2051 2434 2145 2485 καὶ
2197 2431 2387 2486 οἴκαδε
2452 2430 2564 2485 τῶν
2609 2430 2951 2501 δαιτυμόνων
3001 2432 3237 2486 ἑκάστου
3262 2433 3640 2503 ἀφικομένων,

2051 2522 2300 2588 ὑπέξεισι
2322 2523 2510 2594 ἡσύχῳ
2540 2522 2664 2575 ποδὶ
2679 2522 2774 2576 τοῦ
2803 2522 2979 2587 οίκου,
3011 2524 3151 2593 μηδέ
3178 2541 3256 2595 τῳ
3280 2524 3424 2596 ἄλλῳ
3452 2526 3532 2578 ὅτι
3564 2525 3641 2595 μὴ

2054 2616 2204 2687 μόνῳ
2224 2615 2302 2686 τῷ
2336 2613 2598 2668 καλοῦντι
2641 2613 2761 2685 Θιῷ
2816 2614 3189 2685 βλεπόμενος·
3241 2617 3338 2669 καὶ
3394 2616 3641 2684 σταδίους

2051 2706 2307 2779 ἀποσχὼν
2343 2707 2477 2761 ὡσεὶ
2509 2706 2607 2760 δύο
2663 2710 2763 2777 τῆς
2795 2707 3025 2770 πόλεως,
3051 2708 3534 2779 καταλαμϐάνεταί
3586 2725 3619 2762 τ

2051 2799 2267 2853 κελλίον
2297 2799 2537 2871 ἡσυχίας
2589 2801 2647 2853 ὲν
2680 2798 2833 2869 καλῷ
2860 2800 3018 2869 τόπῳ
3059 2800 3318 2867 κείμενον
3356 2800 3451 2854 καὶ
3480 2800 3642 2855 τοῦτο

2053 2891 2171 2954 πῶς
2202 2891 2269 2945 ἂν
2296 2890 2472 2954 ειποις
2503 2891 2676 2960 ἡδέως
2709 2890 2928 2961 εἰσῆλθε
2950 2907 2965 2921 ⁸
2996 2891 3287 2962 παρέδειξε
3329 2893 3441 2964 γάρ
3462 2910 3515 2946 τι
3545 2893 3642 2947 καὶ

2051 2983 2088 3053 ἡ
2124 2984 2358 3050 φανεῖσα
2414 2981 2539 3051 ὄψις
2565 2980 2714 3052 αὐτῷ
2741 2981 2875 3052 πρὸς
2920 2981 3022 3053 τὴν
3064 2982 3260 3036 τούτου
3290 2986 3637 3055 κατοίκησιν.

2052 3067 2210 3162 Ἐξίτα,
2244 3072 2434 3144 ὥσπερ
2455 3075 2513 3127 ὲν
2541 3073 2755 3162 τούτοις
2788 3075 3197 3162 φιλεῖκὲπειδὴ
3249 3076 3384 3131 πολὺ
3417 3078 3522 3131 ἀνά
3548 3077 3642 3131 τὸν

2056 3159 2205 3217 οἷκον
2237 3164 2298 3217 τὸ
2331 3164 2429 3218 τοῦ
2457 3164 2694 3234 νυμφίου
2715 3161 2783 3236 ἦν
2808 3159 2993 3236 ὄνομα
3014 3167 3112 3220 καὶ
3142 3169 3275 3238 περὶ
3298 3167 3399 3238 τὴν
3428 3168 3640 3221 ἐκείνου

2059 3256 2353 3328 θεραπείαν
2384 3257 2584 3321 πάντες
2606 3260 2926 3329 ἠσχόληντο,
2981 3259 3165 3329 παρῆν
3199 3259 3257 3312 δὲ
3283 3259 3450 3323 αὐτὸς
3478 3258 3642 3312 οὐδα-

2061 3348 2197 3418 μῶς,
2253 3348 2456 3412 εὐθέως
2504 3349 2781 3417 οί.γονείς
2842 3354 2937 3420 τῆς
2974 3349 3251 3420 προτέρας
3300 3348 3394 3403 τοῦ
3454 3348 3643 3413 παιδὸς

2057 3439 2534 3509 ἀνεμιμνήσκοντο
2558 3438 2783 3512 γνώμης
2816 3443 2912 3496 καὶ
2942 3441 3038 3494 τοῦ
3080 3442 3222 3494 κατὰ
3251 3442 3388 3495 Θεὸν
3430 3442 3648 3496 ἐκείνου

2060 3528 2265 3584 σκοποῦ
2296 3532 2392 3585 καὶ
2443 3532 2544 3602 τῆς
2576 3531 2780 3602 πολλῆς
2812 3534 2944 3605 περὶ
2972 3533 3066 3585 τὸν
3094 3531 3271 3603 γάμον
3293 3532 3599 3595 ὲνστάσεως
3626 3549 3639 3564 ο

2057 3625 2153 3676 καὶ
2211 3623 2363 3676 οὐδὲν
2402 3623 2591 3695 ἕτερον
2637 3621 2818 3695 εἶχον,
2870 3625 2953 3678 ὅτι
2990 3623 3066 3694 μὴ
3118 3624 3266 3695 σαφῆ
3313 3624 3374 3678 τὺ
3406 3626 3644 3695 πρᾶγμα

2058 3715 2244 3769 καλεῖν
2278 3715 2628 3786 ἀναχώρησιν
2651 3715 2871 3787 ’τταύτῃ
2903 3734 2985 3770 τοι
3024 3716 3121 3770 καὶ
3164 3717 3543 3787 ἀνηρευνῶντο
3581 3718 3643 3770 ού

2059 3808 2265 3877 Θέατρα
2313 3809 2407 3862 καὶ
2444 3810 2643 3879 ἀγοραὶ
2694 3809 2792 3862 καὶ⁹
2848 3792 3100 3878 βασίλεια
3150 3809 3243 3861 καὶ
3275 3809 3448 3877 φίλων
3475 3809 3644 3862 οἰκίαι

2059 3901 2156 3955 καὶ
2194 3900 2329 3952 νέων
2352 3898 2652 3969 διατριϐαὶ,
2686 3899 2802 3953 ἀλλ’
2834 3899 3083 3971 ὲρημίαι,
3108 3902 3219 3952 ικαὶ
3247 3900 3381 3970 ὅρη,
3426 3901 3518 3952 καὶ
3549 3917 3649 3967 μο-

2060 3986 2241 4057 ναχῶν
2273 3985 2623 4057 καταγώγια,
2653 3990 2746 4041 καὶ
2773 3987 2826 4041 εἴ
2864 3987 2967 4042 πού
3024 4006 3078 4042 τι
3117 3989 3320 4063 χωρίον
3345 3985 3415 4059 ἦν
3449 3992 3647 4042 ἀνακε-

2059 4077 2313 4149 χωρηκδς
2342 4080 2438 4131 καὶ
2460 4079 2780 4151 φιλήσυχον.
2815 4080 3026 4134 Ἀλλων
3049 4081 3227 4133 τοίνυν
3249 4081 3484 4151 ἀλλαχοῦ
3504 4081 3646 4135 κατὰ

2061 4168 2291 4243 ζήτησιν
2354 4172 2660 4244 Ἀϐραμίου
2690 4175 3034 4243 περιιόντων,
3077 4173 3283 4243 ἑϐδόμῃ
3315 4174 3410 4225 καὶ
3439 4172 3644 4243 δεκάτῃ

2064 4266 2202 4335 μστά
2227 4264 2325 4334 τὴν
2356 4264 2708 4336 ἀναχώρησιν
2740 4266 2924 4336 ἡμέρᾳ
2954 4268 3011 4317 ὲν
3041 4265 3115 4333 τῷ
3142 4264 3417 4335 εἰρημένῳ
3450 4264 3646 4336 κελλίῳ

2062 4355 2400 4425 εὑρίσκεται,
2424 4357 2630 4427 μηδένα
2657 4355 2905 4409 σύνοικον
2928 4355 3089 4426 ἔχων,
3114 4355 3250 4409 ἀλλὰ
3285 4356 3446 4426 μόνος
3480 4357 3544 4409 αὐ
3557 4358 3645 4419 τὸς

2062 4448 2620 4516 κατακεκλεισμένος.
2654 4447 2790 4510 Τοὺς
2820 4446 2919 4515 μὲν
2949 4445 3042 4500 οὖν
3069 4448 3329 4517 εὑρόντας
3362 4449 3524 4515 αύτὶν
3555 4447 3647 4499 ἕκ-

383 4531 704 4594 solitariam,
733 4539 787 4583 et
822 4536 1084 4581 remotam
1128 4526 1197 4580 ab
1257 4525 1402 4579 omni
1459 4523 1852 4579 consuetudine
1906 4532 1954 4577 et

2066 4538 2258 4609 πληξις
2287 4538 2449 4610 ἡδονῇ
2475 4539 2748 4608 λαμϐάνει
2779 4540 2873 4591 καὶ
2897 4538 3044 4611 λύπῃ
3081 4539 3390 4607 σύμμικτος
3409 4555 3424 4568 ·
3452 4540 3644 4609 ήσθένο

386 4625 671 4686 societate,
716 4621 966 4676 dolerent
990 4635 1115 4673 vero
1149 4629 1369 4686 propter
1402 4616 1641 4672 Abramii
1666 4616 1959 4689 jacturam,

385 4715 532 4786 quod
556 4714 677 4769 talis
704 4711 912 4768 scilicet
933 4712 1251 4783 adolescens
1277 4710 1357 4765 sic
1408 4719 1533 4763 ante
1590 4718 1801 4776 tempus
1823 4722 1884 4762 se
1934 4722 1963 4760 a

386 4807 587 4862 mundo
609 4804 952 4869 removisset,
977 4813 1031 4858 et
1058 4805 1219 4858 rebus
1252 4818 1373 4871 quae
1405 4803 1471 4857 ad
1526 4801 1784 4856 mundum
1827 4816 1957 4868 per-

386 4905 581 4958 tinent.

464 5161 647 5228 \’._llle
663 5170 843 5216 autem
865 5173 990 5214 cum
1015 5168 1109 5215 eos
1132 5159 1212 5215 sic
1235 5157 1461 5213 vidisset
1486 5157 1727 5225 aﬂ‘cctos,
1754 5160 1966 5226 placide

387 5267 447 5310 et
477 5256 707 5325 benigne
747 5268 843 5309 cos
880 5252 1164 5322 alloquens
1197 5270 1210 5306 :
1258 5251 1445 5322 Neque
1485 5253 1724 5318 tristitia,
1769 5253 1961 5322 inquit,

392 5348 529 5402 allici
558 5356 792 5418 oportet,
841 5359 942 5400 nec
975 5343 1234 5399 admirari
1275 5362 1287 5397 :
1322 5347 1415 5399 sed
1445 5344 1553 5398 Deo
1582 5346 1762 5415 petius
1809 5358 1968 5414 agere

393 5441 619 5511 gratias,
647 5448 700 5493 et
726 5439 847 5507 ejus
888 5434 1143 5491 ineffabili
1200 5437 1519 5505 benignitati
1553 5444 1611 5490 et
1645 5436 1966 5498 clementiae,

394 5530 487 5597 qui
522 5540 608 5583 me
634 5528 867 5598 sapienti
911 5528 1148 5597 quadam
1174 5537 1233 5582 et
1287 5542 1484 5580 arcana
1544 5528 1881 5598 providentia
1937 5545 1967 5582 a

394 5620 583 5674 mundi
614 5619 870 5680 subduxit
892 5621 1152 5689 nequitia.
1189 5617 1356 5674 Orate
1387 5635 1537 5690 ergo,
1574 5622 1774 5690 inquit,
1808 5621 1968 5676 amici

394 5712 503 5766 mel
528 5720 581 5765 et
599 5709 815 5778 fratres,
848 5712 1109 5781 deinceps
1134 5722 1312 5778 orate,
1335 5721 1393 5766 ut
1425 5713 1619 5767 bonum
1648 5713 1967 5784 ejusjugum

392 5813 606 5877 partem
647 5818 815 5872 usque
837 5805 903 5859 ad
937 5804 1122 5869 tinem,
1144 5813 1198 5859 et
1219 5818 1321 5860 non
1349 5818 1486 5859 onus
1521 5804 1641 5875 ejus
1682 5807 1798 5861 leve
1827 5807 1967 5876 abji-

2064 4649 2163 4694 τας
2222 4632 2319 4701 μὲν
2351 4633 2416 4701 τῇ
2452 4630 2542 4683 τοῦ
2583 4629 2778 4691 παιδὸς
2817 4631 3128 4700 ἀνευρέσει,
3179 4630 3549 4699 ἐκπλαγέντας
3588 4629 3645 4681 δὲ

2063 4727 2163 4792 τὴν
2219 4721 2393 4784 οὕτως
2435 4719 2639 4788 ἁθρόαν
2675 4718 2984 4789 μεταϐολὴν
3040 4723 3135 4774 καὶ
3166 4720 3228 4773 τὸ
3259 4719 3528 4791 ὲρημικδν
3581 4721 3647 4773 ὲκ

2065 4810 2370 4884 προοιμίων
2410 4809 2574 4872 εὐθὺς
2609 4812 2787 4862 ἐκεῖνο
2815 4809 2912 4862 τοῦ
2949 4808 3069 4878 βίου
3115 4811 3207 4862 καὶ
3237 4809 3604 4878 ἀκοινώνητον
3631 4827 3644 4840 ·

2066 4902 2421 4961 ἀνιασθέντας
2452 4899 2507 4951 δὲ
2535 4901 2602 4971 τῇ
2628 4898 2721 4952 τοῦ
2756 4898 3058 4970 Ἀὗραμίου
3079 4898 3273 4971 ζημίᾳ,
3299 4901 3380 4955 ὅτι
3408 4898 3649 4963 τοιοῦτος

2067 4994 2349 5055 νεανίσκος
2404 4991 2548 5045 οὕτω
2607 4995 2716 5062 πρὸ
2768 4992 2916 5064 ὥρας
2973 4993 3089 5063 βίου
3139 4993 3231 5046 καὶ
3258 4993 3365 5045 τῶν
3398 4992 3491 5046 τοῦ
3530 4992 3645 5062 βίου

2068 5085 2410 5156 πραγμάτων
2444 5084 2755 5155 ἀπέστησεν
2791 5086 3006 5141 ἑαυτόν.

2139 5171 2216 5229 Ε’.
2268 5178 2327 5230 Ὀ
2365 5176 2423 5229 δὲ
2477 5173 2654 5240 οὕτως
2688 5177 2889 5240 αὐτοὺς
2937 5175 3162 5246 ἔχοντας
3191 5174 3316 5228 ἰδὼν
3347 5176 3442 5228 καὶ
3476 5189 3645 5245 προσ-

2065 5267 2212 5336 ηνῶς
2233 5265 2370 5335 ἄγαν
2391 5267 2484 5320 καὶ
2504 5266 2686 5336 ἠπίως
2708 5266 3183 5337 προσαγορεύσας,
3200 5264 3338 5318 Οὔτε
3362 5266 3647 5319 λυπεῖσθαι

2067 5358 2194 5429 χρὴ.
2227 5358 2413 5429 φησὶν,
2449 5356 2574 5412 οὔτε
2602 5358 2929 5427 θαυμάζειν,
2960 5357 3078 5429 Θεῷ
3108 5358 3166 5411 δὲ
3201 5357 3401 5427 μᾶλλον
3428 5357 3647 5426 εὐχαριο

2072 5451 2218 5502 οτεϊν
2246 5450 2340 5500 κοιλ⁸
2365 5450 2431 5519 τῇ
2478 5446 2676 5517 ἀφάτῳ
2709 5448 2905 5499 τούτου
2935 5447 3267 5518 χρηστότητι
3307 5450 3402 5499 κέι
3459 5447 3650 5511 φιλαν-

2070 5534 2312 5611 θρωπίᾳ,
2345 5541 2495 5604 εστις
2521 5558 2588 5610 με
2610 5542 2746 5611 σοφῇ
2779 5534 2889 5594 τινί
2918 5542 3014 5593 καὶ
3039 5540 3338 5610 ἀπορρήτῳ
3368 5535 3651 5607 οἰκονομία

2068 5637 2168 5701 τῆς
2228 5630 2488 5702 βιωτικῆς
2535 5631 2853 5701 ὑπεξήγαγε
2897 5629 3223 5700 μοχθηρίας.
3272 5627 3516 5698 Εὖχεσθε
3548 5634 3655 5680 τοιέ

2069 5720 2276 5793 γαροῦν
2309 5721 2451 5792 ἐμοὶ,
2519 5720 2665 5789 φίλοι
2708 5721 2796 5773 καὶ
2848 5718 3093 5787 ἀδελφὴ,
3154 5716 3344 5770 λοιπὸν
3393 5714 3648 5787 εὔχεσθε,

2072 5814 2209 5866 ὣστε
2235 5812 2323 5867 τὸν
2349 5812 2586 5883 χρηστὸν
2615 5811 2779 5865 αύτοῦ
2836 5811 2997 5880 ζυγὸν
3028 5810 3134 5873 ἓως
3166 5809 3362 5873 τέλους
3386 5808 3654 5880 βαστάσαι
