4108 6458
383 463 451 525 51
1662 463 1953 523 MENSIS
1994 460 2366 526 MARTIUS.

3591 462 3667 532 ΣΞ

378 577 431 633 in
458 581 691 649 quodam
718 591 900 635 monte
930 595 1108 635 rerum
1139 576 1498 632 maximarum
1529 585 1582 632 et
1606 576 1951 648 pulcherrim

2074 575 2169 628 ἐπί
2196 594 2339 643 τινος
2369 577 2528 649 ὅρους
2560 579 2669 633 τῶν
2689 579 2963 650 μεγίστων
2988 579 3437 653 κατορθωμάτων
3466 582 3653 654 κείμε-

378 678 674 740 gestarum,
703 673 912 742 positus
932 681 1070 737 erat,
1096 670 1544 727 absconderetur.
1577 669 1688 725 Nec
1714 682 1846 738 ergo
1874 668 1972 722 fuit

378 763 702 820 abseonsus.
740 765 850 819 Sed
888 763 1157 834 quomodo
1178 778 1347 832 nuper
1369 763 1487 833 ipse
1517 761 1773 817 Dominus
1803 759 1970 815 disci-

378 856 544 923 pulis,
572 858 641 911 ita
671 858 834 911 etiam
867 872 1014 912 nunc
1046 855 1262 911 illorum
1294 854 1551 910 imitatori
1578 853 1810 922 desuper
1839 864 1969 920 apo~

377 947 627 1002 stolicum
649 947 939 1004 committit
961 948 1343 1010 ministerium,
1380 957 1433 1001 et
1462 947 1579 1015 ejus
1607 944 1969 1001 honoratvir-

378 1047 546 1093 tutem
571 1039 866 1095 chrismate
897 1040 1212 1104 sacerdotii,
1247 1049 1299 1094 et
1326 1037 1618 1093 sudoribus
1653 1036 1967 1091 tnouasticze

378 1131 786 1187 exercitationis
833 1132 1091 1187 athletica
1130 1132 1292 1186 etiam
1317 1130 1613 1185 certamina
1640 1128 1879 1200 adjungit
1909 1134 1966 1183 et

375 1220 659 1279 laboribus
692 1222 1037 1280 abstinentiae
1058 1233 1259 1294 praeter
1287 1224 1596 1293 opinionem
1622 1230 1679 1277 et
1726 1220 1964 1275 admira-

373 1310 558 1367 biliter
608 1315 851 1371 adnectit
898 1330 1129 1371 coronas
1179 1315 1445 1387 martyrii.
1517 1314 1759 1381 Quonam
1802 1312 1963 1369 modo

2081 684 2170 721 vov
2195 668 2299 723 ὑπὸ
2336 669 2502 741 μοδίῳ
2528 669 2621 723 καὶ
2648 670 2804 743 κλίνῃ
2846 670 3243 730 καλύπτεσθαι.
3279 670 3489 727 Οὔκουν
3533 673 3659 727 οὐδὲ

2078 759 2450 814 κεκάλυπται’
2521 761 2636 815 ἀλλ’
2683 760 2877 835 ὥσπερ
2929 763 3124 835 πρώην
3179 766 3293 827 τοῖς
3358 764 3653 835 μαθηταῖς,

2077 846 2250 915 οὕτως
2286 852 2381 905 καὶ
2410 851 2505 906 νῦν
2555 852 2635 923 τῷ
2668 854 2893 909 ἐκείνων
2936 857 3149 925 μιμητῇ
3180 856 3418 926 Χριστὸς
3450 854 3658 909 ἄνωθεν

2076 939 2442 1013 ἀποστολικήν
2466 945 2764 1014 ἐγχειρίζει
2801 945 3084 999 διακονίαν
3116 945 3217 1017 τήν
3249 963 3308 999 τε
3338 944 3433 999 τοῦ
3460 944 3657 1017 ἀνδρὸς
3691 988 3723 1021 ,δ

2074 1030 2276 1102 ἀρετὴν
2311 1034 2612 1106 ἱερωσύνης
2642 1037 2777 1107 τιμᾷ
2826 1036 3094 1108 χρίσματι
3129 1039 3224 1089 καὶ
3254 1038 3447 1101 κόποις
3473 1038 3650 1106 άσκη-
3676 1041 3688 1058 '

2071 1124 2245 1185 τικοῖς
2281 1123 2608 1196 ἀθλητικοὺς
2642 1127 2871 1190 είκότως
2903 1128 3101 1190 πόνους
3136 1128 3496 1181 ἐπισυνάπτει
3555 1127 3652 1180 καὶ

2073 1214 2362 1282 στεφάνοις
2412 1217 2741 1288 ἐγκρατείας
2780 1218 3085 1289 στεφάνους
3112 1220 3436 1290 παραδόξως
3480 1220 3656 1273 ἐπιτί-

2070 1303 2196 1375 θησι
2234 1309 2578 1378 μαρτυρίας
2614 1311 2765 1374 ὅπως
2797 1310 2855 1364 δέ
2908 1311 3017 1383 ἄρα
3053 1311 3147 1366 καὶ
3183 1312 3307 1366 τίνα
3330 1311 3421 1366 τὸν
3442 1311 3651 1383 τρόπον

375 1412 581 1472 autem,
612 1406 872 1478 deinceps
896 1424 1185 1478 exponam.

2066 1397 2135 1451 τά
2160 1398 2253 1452 τοῦ
2285 1400 2445 1468 λόγου
2472 1400 2703 1473 δηλώσει
2736 1421 2849 1475 μοι.

454 1492 567 1551 νη.
599 1495 907 1567 Lampsaci,
936 1500 1079 1569 quod
1109 1509 1197 1554 est
1245 1498 1503 1567 oppidum
1535 1497 1601 1551 ad
1636 1494 1951 1566 Hellespon-

2137 1487 2210 1545 Z'.
2260 1491 2348 1546 Ἐν
2376 1497 2443 1565 τῇ
2469 1493 2778 1567 Λαμψάκῳ,
2809 1500 2875 1568 τῇ
2903 1496 3037 1569 πρὸς
3060 1498 3453 1569 Ἑλλήσποντον
3482 1496 3645 1569 κώμη

374 1592 515 1652 tum,
579 1596 699 1641 erat
734 1589 950 1657 quidam
987 1605 1213 1660 magnus
1246 1591 1421 1654 vicus,
1453 1598 1509 1644 et
1542 1588 1801 1655 frequens
1861 1603 1951 1657 po-

2062 1596 2148 1644 τις
2169 1576 2236 1652 ἦν
2259 1582 2473 1653 μεγάλη
2504 1586 2599 1639 καὶ
2626 1588 3052 1657 πολυάνθρωπος
3081 1588 3396 1659 καλουμένη
3429 1589 3647 1642 Ταινὶαο

374 1675 527 1745 pulo,
561 1678 651 1745 qui
684 1691 909 1735 vocatur
935 1679 1138 1737 Tzenia.
1178 1680 1443 1746 Quoniam
1478 1691 1658 1735 autem
1688 1680 1777 1749 qui
1811 1679 1863 1733 in
1889 1693 1951 1734 eo

2062 1671 2188 1724 ἐπεὶ
2214 1672 2273 1725 δὲ
2306 1674 2357 1726 οἱ
2390 1675 2488 1745 τήν
2513 1677 2773 1750 τοιαύτην
2800 1678 2999 1751 κώμην
3030 1681 3309 1745 οἰκοῦντες
3342 1683 3407 1752 τῇ
3433 1682 3643 1751 χαλεπῇ

374 1766 499 1824 vico
518 1769 858 1839 habitabant,
881 1773 1204 1828 tenebantur
1227 1789 1253 1825 a
1274 1774 1420 1843 gravi
1443 1787 1630 1827 errore
1647 1771 1950 1842 gentilium,

2058 1764 2169 1818 τῶν
2208 1765 2480 1839 Ἑλλήνων
2511 1767 2651 1843 ἦσαν
2680 1773 2865 1845 ἀπάτῃ
2893 1774 3344 1845 κατειλημμένοι,
3376 1774 3511 1827 πολὺ
3543 1773 3645 1843 μὲν

370 1875 572 1932 magna
596 1864 811 1932 quidem
850 1864 1135 1921 multitudo
1185 1866 1532 1922 sacerdotum
1589 1874 1640 1920 et
1696 1864 1951 1920 diacono-

2061 1856 2323 1912 ἑκάστοτε
2355 1860 2558 1926 πλῆθος
2581 1864 2764 1929 αὐτοῖς
2790 1866 2980 1935 ἱερέων
3008 1867 3101 1918 καὶ
3126 1866 3392 1920 διακόνων
3418 1866 3523 1919 ὐπδ
3544 1864 3641 1919 τοῦ

294 1948 299 1951 ⁷
375 1967 500 2007 rum
531 1955 597 2007 ab
641 1955 895 2027 episcopo
923 1956 989 2010 ad
1049 1972 1145 2014 eos
1181 1957 1500 2013 mittebatur
1536 1974 1551 2011 :
1583 1954 1797 2027 plurimi
1819 1971 1951 2026 quo-

2056 1949 2157 2019 τῆς
2190 1952 2500 2026 ἐπισκοπῆς
2555 1958 2899 2026 προεστῶτος
2964 1962 3280 2029 ἐπέμπετο’
3347 1960 3535 2013 πολλοὶ
3584 1959 3642 2014 δὲ

374 2060 483 2114 que
512 2046 671 2103 exiis
698 2050 789 2118 qui
822 2049 993 2104 vitam
1032 2060 1392 2120 susceperant
1446 2051 1824 2113 monasticam,
1885 2049 1951 2103 ah

2055 2041 2162 2094 τῶν
2193 2043 2286 2096 τὸν
2317 2047 2526 2119 μονήρη
2586 2049 2702 2117 βίον
2745 2053 3114 2123 ἀνῃρημένων
3160 2052 3475 2106 διδάσκαλοι
3504 2054 3639 2121 παρ’

374 2149 443 2190 eo
471 2136 752 2191 constituti
781 2146 940 2193 erant
968 2140 1072 2194 vici
1104 2140 1375 2209 magistri.
1411 2136 1518 2194 Sed
1552 2155 1713 2195 nemo
1739 2153 1834 2194 eos
1859 2153 1951 2207 po-

2055 2134 2220 2187 αύτοῦ
2247 2139 2313 2207 τῇ
2341 2136 2505 2211 κώμῃ
2534 2141 2865 2196 καθίσταντο
2884 2157 2898 2172 ’
2932 2143 3140 2196 τούτων
3169 2142 3225 2196 δὲ
3263 2143 3418 2214 ὅμως
3463 2142 3642 2204 οὐδεὶς

374 2236 516 2283 terat
544 2239 861 2286 convertere
877 2233 944 2287 ab
974 2245 1163 2287 errore
1193 2249 1208 2287 :
1239 2232 1348 2286 imo
1376 2232 1481 2302 piis
1503 2231 1682 2301 potius
1708 2231 1782 2285 illi
1817 2230 1951 2286 inlc-

2058 2224 2389 2294 μεταϐαλεῖν
2422 2230 2622 2294 αὐτοὺς
2653 2231 2751 2302 τῆς
2779 2232 2998 2303 ἀπάτης
3045 2233 3285 2302 ἠδύνατο
3305 2244 3320 2261 ο
3379 2231 3517 2286 ἀλλὰ
3549 2230 3641 2285 καὶ

373 2320 571 2375 rcbant
597 2329 863 2377 tormenta
913 2329 968 2378 et
1024 2323 1313 2394 supplicia,
1374 2338 1547 2393 neque
1610 2333 1729 2379 erat
1781 2323 1950 2377 ullum

373 2424 551 2480 poena:
573 2426 763 2482 genus,
786 2414 930 2485 quod
970 2431 1076 2471 non
1107 2414 1424 2471 terribiliter
1452 2416 1531 2470 eis
1558 2415 1949 2470 intentaretur.

373 2501 512 2557 Cum
541 2519 672 2574 ergo
694 2506 972 2562 dubitaret
1026 2506 1314 2577 episcopus
1365 2506 1623 2577 quidnam
1675 2514 1951 2577 oporteret

370 2596 576 2661 facere,
609 2605 667 2652 ut
698 2597 790 2667 qui
824 2599 1105 2664 errabant,
1151 2613 1395 2654 errorem
1457 2609 1838 2667 agnoscerent,
1896 2606 1945 2654 et

371 2700 489 2743 rem
522 2686 809 2758 aliquando
838 2705 961 2745 cum
992 2690 1107 2746 suis
1155 2690 1606 2756 communicaret,
1666 2690 1816 2744 venit
1870 2690 1951 2744 eis

371 2776 591 2833 interim
626 2779 679 2834 in
710 2791 945 2836 mentem
969 2782 1261 2837 Abramius
1289 2782 1646 2838 admirabilis.
1668 2781 1803 2837 Tum
1839 2797 1947 2836 non

372 2878 698 2939 exspectans
721 2873 834 2943 ipse
863 2873 1097 2928 aliorum
1128 2874 1195 2929 de
1216 2889 1282 2930 eo
1311 2873 1638 2940 testimonia,
1661 2874 1742 2929 eis
1761 2874 1949 2929 statim

371 2961 630 3028 ostendit,
666 2964 798 3034 quid
827 2961 895 3019 de
916 2963 1006 3019 illo
1031 2965 1297 3021 essetsibi
1332 2981 1677 3037 persuasum,
1711 2964 1896 3021 dicens
1929 2982 1945 3020 :

371 3050 595 3109 Credite
623 3055 778 3121 mihi,
804 3055 921 3122 lilii,
956 3057 1169 3112 dicturo
1204 3068 1342 3114 teste
1391 3062 1643 3125 veritate,
1689 3061 1834 3130 quod
1893 3058 1946 3113 in

372 3150 484 3197 tota
518 3140 626 3199 ﬁde
656 3159 929 3214 nunquam
966 3146 1096 3202 mihi
1119 3148 1347 3219 contigit
1372 3149 1553 3203 videre
1587 3149 1746 3204 talem
1770 3149 1946 3203 virum

2054 2318 2280 2387 βάσανοι
2334 2323 2537 2392 μᾶλλον
2596 2325 2742 2379 κατὰ
2795 2328 2905 2379 τῶν
2942 2327 3184 2381 εὐσεϐῶν
3235 2327 3332 2382 καὶ⁵
3373 2325 3640 2397 τιμωρίαι

2053 2410 2184 2477 παρ’
2217 2410 2442 2465 ἐκείνων
2471 2413 2771 2483 ἠπείληντο
2832 2416 2928 2469 καὶ
2976 2417 3254 2480 κολάσεως
3291 2411 3433 2479 εἶδος
3485 2415 3640 2469 οὐδὲν

2051 2498 2190 2565 ὅλως
2211 2496 2300 2572 ἦν,
2335 2502 2361 2555 δ
2395 2503 2470 2575 μὴ
2500 2505 2711 2569 τούτοις
2734 2508 2980 2578 φοϐερῶς
3023 2492 3328 2562 ἐπεσείετο.
3368 2507 3637 2575 Ἀπορου-

2055 2592 2219 2664 μένου
2254 2596 2434 2649 τοίνυν
2459 2598 2552 2650 τοῦ
2591 2601 2688 2669 τῆς
2720 2600 3029 2669 ἐπισκοπῆς
3072 2599 3436 2670 προεστῶτος,
3469 2600 3523 2651 τί
3570 2598 3641 2652 ἂν

2048 2685 2159 2739 δέοι
2191 2691 2364 2740 ποιεῖν
2397 2689 2534 2761 πρὸς
2562 2691 2660 2762 τὴν
2689 2692 2800 2745 τῶν
2843 2693 3283 2763 πεπλανημένων
3312 2694 3636 2760 ἐπίγνωσιν,

2051 2778 2148 2829 καὶ
2185 2776 2382 2848 δήποτε
2409 2780 2469 2831 τὸ
2494 2782 2725 2850 πρᾶγμα
2763 2784 2876 2846 τοῖς
2906 2784 3033 2852 περὶ
3067 2783 3226 2835 αὐτὸν
3257 2782 3637 2854 κοινουμένου,

2055 2868 2245 2940 μνήμη
2306 2888 2389 2934 τις
2444 2872 2830 2942 παρεμπίπτει
2877 2872 3082 2944 μεταξῦ
3148 2874 3242 2927 τοῦ
3316 2872 3638 2944 θαυμαστοῦ

2063 2958 2366 3032 Ἀϐραμίου
2393 2983 2405 2995 ·
2439 2965 2533 3017 καὶ
2556 2965 2654 3028 τάς
2684 2967 2836 3035 παρὰ
2865 2966 2975 3020 τῶν
3007 2967 3182 3020 ἄλλων
3230 2966 3392 3028 αὐτὸς
3425 2982 3637 3036 μαρτυ-

2055 3053 2178 3124 ρίας
2210 3054 2311 3106 οὐκ
2342 3054 2664 3123 ἀναμείνας,
2694 3054 2909 3126 πρῶτος
2941 3055 3106 3119 εὐθὺς
3131 3055 3229 3118 τὰς
3260 3055 3471 3117 οἱκείας
3505 3053 3639 3125 περὶ

2051 3146 2220 3201 αὐτοῦ
2274 3147 2489 3211 πίστεις
2547 3148 2857 3217 παρέσχετο
2879 3164 2891 3176 ’
2928 3148 3265 3202 Πιστεύσατὲ
3300 3163 3413 3217 μοι,
3446 3145 3636 3213 τέκνα,

373 3241 429 3289 et
457 3233 547 3303 qui
578 3234 629 3289 in
660 3244 807 3291 tanta
836 3237 1034 3291 virtute
1086 3241 1294 3294 viveret
1322 3249 1377 3294 et
1429 3241 1652 3307 pietate.
1706 3240 1842 3295 Cum
1910 3239 1945 3294 ii

2055 3239 2244 3305 εἱπὼν,
2276 3238 2380 3291 ὑπὸ
2415 3238 2653 3311 μάρτυρι
2681 3239 2928 3310 μέλλοντι
2956 3240 3137 3307 λέγειν
3168 3243 3235 3310 τῇ
3277 3238 3529 3308 ἀληθεία,
3561 3237 3639 3300 ὼς

372 3335 580 3391 autem,
618 3340 737 3395 quae
755 3329 824 3383 ab
852 3329 971 3401 ipso
996 3330 1136 3385 dicta
1174 3332 1411 3400 fuerant,
1439 3347 1544 3387 una
1573 3346 1703 3388 voce
1748 3332 1952 3387 contir-

374 3425 643 3486 massent,
676 3420 791 3491 ipse
823 3437 1011 3478 rursus
1039 3442 1052 3479 :
1089 3421 1272 3489 Venit,
1307 3424 1506 3495 inquit,
1536 3425 1669 3480 mihi
1706 3425 1758 3480 in
1792 3440 1949 3480 men-

371 3517 483 3562 tem
523 3512 767 3578 qumdam
792 3514 1094 3579 cogitatio:
1130 3529 1191 3570 ea
1232 3526 1316 3571 est
1346 3526 1551 3583 autem,
1576 3525 1635 3570 ut
1687 3518 1948 3581 arbitror,

370 3596 653 3655 divinioris
683 3601 961 3673 cujusdam
985 3606 1359 3673 providentia},
1385 3620 1507 3660 cum
1535 3606 1750 3661 initiare
1780 3606 1952 3660 chriso

371 3696 518 3743 mate
549 3693 864 3755 sacerdotii,
897 3693 1027 3748 etei
1072 3694 1285 3748 tradere
1332 3695 1533 3758 vicum,
1590 3694 1683 3764 qni
1740 3703 1825 3748 est
1882 3692 1947 3745 ad

373 3776 801 3851 Hellespontum.
832 3783 997 3840 Forte
1046 3786 1268 3855 poterit,
1302 3799 1457 3854 opem
1491 3801 1722 3855 superna
1757 3784 1805 3839 ei
1869 3784 1950 3838 le-

370 3883 531 3947 rente
563 3875 773 3945 gratia,
835 3877 1032 3932 multos
1083 3877 1347 3932 deducere
1371 3875 1438 3930 ad
1472 3874 1803 3948 agnitionem
1852 3889 1949 3929 ve-

368 3970 727 4027 ritatis.li:ec
770 3972 926 4040 dixit,
960 3982 1019 4028 et
1072 3988 1103 4028 e
1171 3973 1431 4029 cathedra
1494 3973 1674 4028 statim
1723 3985 1949 4040 surgens

367 4061 682 4132 episcOpus,
709 4064 857 4117 vadit
882 4064 952 4117 ad
979 4062 1293 4117 Abramium
1315 4078 1439 4117 cum
1480 4064 1737 4117 universo
1774 4060 1944 4115 clero.

369 4153 441 4208 Et
464 4152 577 4222 jam
600 4154 776 4210 solitis
803 4154 965 4209 dictis
989 4153 1240 4225 precibus
1270 4162 1551 4225 postquam
1572 4168 1694 4208 eum
1720 4152 1773 4207 in
1790 4151 1949 4207 Chri-

370 4252 458 4299 sto
489 4244 795 4309 salutasset,
830 4245 1139 4301 etosculum
1165 4246 1420 4310 dedisset,
1453 4247 1520 4301 de
1568 4244 1688 4300 vico
1752 4244 1802 4299 ei
1853 4259 1950 4298 ex-

369 4335 746 4400 ponitomnia.
792 4334 1056 4392 Praeterea
1089 4346 1269 4392 autem
1320 4352 1448 4393 eum
1520 4351 1738 4408 quoque
1792 4335 1949 4391 valde

369 4425 606 4497 rogavit,
636 4435 693 4480 ut
720 4426 934 4483 illorum
948 4427 1245 4497 susciperet
1267 4426 1672 4498 praefecturam.
1705 4425 1796 4482 [lle
1818 4441 1946 4483 vero

371 4532 495 4572 eum
529 4518 763 4586 primum
816 4520 1032 4589 quidem
1087 4519 1405 4591 episcopum
1468 4519 1753 4576 advenisse
1805 4535 1948 4591 aegre

2052 3329 2309 3383 οὐδέποτέ
2344 3340 2434 3400 μοι
2463 3329 2550 3383 διὰ
2587 3331 2770 3401 πάσης
2799 3330 3017 3399 ἐγένετο
3068 3332 3167 3400 τῆς
3202 3329 3347 3400 ζωῆς
3392 3330 3638 3383 τοιοῦτον

2052 3420 2222 3492 ἄνδρα
2255 3421 2382 3473 ἰδεῖν
2416 3419 2510 3473 καὶ
2548 3419 2722 3483 οὕτως
2760 3424 2816 3474 ἐν
2845 3421 3015 3491 ἀρετῇ
3056 3420 3297 3492 τοσαύτῃ
3336 3420 3514 3485 ζῶντα
3545 3421 3638 3474 καὶ

2052 3511 2331 3583 εὐλαϐείᾳ.
2356 3512 2479 3565 Τῶν
2504 3511 2563 3566 δέ
2583 3513 2652 3567 τὰ
2674 3514 2808 3584 παρ’
2842 3512 3009 3565 αὑτοῦ
3039 3500 3309 3585 εἰρημένα
3351 3515 3501 3582 φωνῇ
3535 3511 3636 3584 μίᾳ

2051 3606 2586 3675 ἐπισφραγισάντων,
2614 3604 2780 3658 πάλιν
2809 3606 2971 3670 αὐτός
2988 3623 3002 3637 ·
3035 3605 3254 3659 Ἕννοιά
3276 3604 3346 3674 μέ
3372 3621 3457 3669 τις
3476 3599 3634 3675 ἦλθε,

2052 3694 2221 3764 φησί·
2270 3693 2552 3765 θειοτέρας
2597 3694 2655 3748 δὲ
2679 3690 2835 3766 οἶμαι
2876 3695 2974 3749 καὶ
3027 3695 3286 3762 προνοίας
3351 3694 3491 3765 αὕτη
3537 3694 3634 3748 καὶ

2049 3785 2385 3856 οἰκονομίας,
2424 3785 2503 3855 τῷ
2553 3786 2652 3856 τῆς
2679 3785 2983 3856 ἱερωσύνης
3037 3784 3202 3838 αὐτὸν
3248 3782 3515 3853 χρίσματι
3544 3800 3636 3837 τι-

2050 3875 2273 3929 λειῶσαι
2301 3878 2394 3930 καὶ
2416 3877 2514 3946 τὴν
2544 3875 2739 3947 κώμην
2763 3875 2913 3944 αύτῷ
2937 3874 3037 3945 τὴν
3062 3875 3200 3942 προς
3237 3874 3636 3944 Ἑλλήσποντον

2048 3969 2359 4041 ἐγχειρίσαι
2380 3986 2394 4002 ο
2426 3972 2555 4031 ἴσως
2580 3969 2893 4037 δυνήσεται,
2927 3967 3332 4038 συναιρομένης
3363 3966 3514 4038 αύτῷ
3542 3964 3638 4019 καὶ

2046 4062 2147 4132 τῆς
2167 4061 2373 4115 ἄνωθεν
2392 4061 2635 4130 χάριτος,
2672 4063 2753 4123 εἱς
2790 4061 3089 4128 ἐπίγνωσιν
3108 4059 3209 4128 τῆς
3229 4058 3487 4130 ἀληθείας
3508 4059 3633 4121 τοὺς

2049 4154 2281 4215 πτλλοὺς
2303 4153 2593 4223 ὁδηγῆσαι.
2625 4151 2814 4206 Ταῦτα
2848 4152 2979 4221 εφη,
3009 4151 3108 4204 καὶ
3138 4151 3213 4213 ὡς
3248 4145 3395 4221 εἶχεν
3419 4150 3627 4212 εὐθὺςό

2046 4244 2344 4307 ἐπίσκοπος
2370 4245 2469 4314 τῆς
2498 4243 2771 4314 καθέδρας
2800 4243 3130 4308 ἐξαναστάς.
3154 4241 3272 4310 ἅμα
3300 4242 3376 4309 vi)
3426 4241 3621 4313 κλήρῳ

2049 4338 2213 4390 παντὶ
2233 4336 2368 4407 προς
2397 4336 2489 4389 τὸν
2523 4335 2799 4406 μακάριον
2834 4333 3026 4387 ἄπεισι
3045 4346 3061 4361 ⁸
3093 4333 3190 4385 καὶ
3229 4332 3330 4403 τῆς
3360 4333 3630 4404 συνήθους

2048 4428 2215 4499 εὐχῆς
2244 4427 2344 4497 ήδη
2372 4425 2751 4496 γεγενημένης
2782 4425 2922 4494 μετὰ
2954 4424 3046 4477 τὸν
3080 4425 3140 4477 ἐν
3178 4425 3404 4495 Χριστῷ
3453 4427 3637 4479 ἀσπα-

2052 4519 2210 4589 σμὸν,
2229 4520 2297 4573 τά
2321 4520 2450 4587 περὶ
2472 4517 2572 4587 τῆς
2599 4514 2794 4585 κώμης
2818 4514 3037 4568 ἅπαντα
3063 4514 3199 4586 πρὸς
3218 4514 3383 4570 αὐτὸν
3407 4515 3630 4587 διεξῄει·

371 4608 609 4674 tulisset,
634 4612 804 4682 utqui
834 4619 1050 4682 putaret
1077 4627 1138 4669 se
1167 4626 1290 4668 esse
1333 4612 1635 4683 indignum,
1672 4612 1739 4667 ad
1784 4628 1943 4682 quem

2055 4610 2187 4684 πρὸς
2215 4611 2270 4665 δὲ
2300 4611 2396 4664 καὶ
2420 4608 2574 4680 ἠξίου
2601 4607 2746 4678 μάλα
2771 4606 2992 4676 θερμῶς
3013 4607 3108 4660 τοῦ
3130 4606 3229 4678 τὴν
3254 4606 3478 4660 ἐκείνων
3498 4609 3636 4660 ἁνα-

370 4709 557 4758 tantus
594 4704 675 4757 vir
705 4705 1037 4760 accederet:
1076 4704 1270 4760 deinde
1327 4707 1491 4758 etiam
1538 4718 1659 4775 qua:
1711 4705 1945 4768 dixerat,

258 4813 280 4830 η
371 4794 612 4862 graviter
636 4796 955 4864 accepisset,
995 4807 1215 4865 propter
1258 4810 1515 4866 magnam
1574 4797 1719 4851 illam
1766 4798 1947 4853 cordis

370 4888 755 4942 contritionem
789 4897 843 4943 et
873 4888 1325 4955 moderationem,
1359 4897 1416 4943 et
1472 4887 1615 4958 quod
1668 4904 1728 4944 se
1796 4890 1947 4947 nullo

369 4987 650 5048 reputaret
678 4994 803 5035 esse
826 4981 1066 5051 dignum,
1121 4994 1184 5035 ea
1240 4982 1535 5051 respondit,
1563 4997 1683 5052 quae
1733 4992 1787 5037 et
1852 4983 1943 5039 tali

367 5070 494 5126 vitae
521 5072 932 5138 conveniebant,
960 5082 1015 5128 et
1061 5083 1226 5128 tantae
1272 5074 1602 5128 humilitati:
1655 5074 1787 5141 Quis
1847 5092 1949 5145 ego

369 5176 513 5229 sum,
545 5163 764 5218 domine
810 5164 906 5228 mi,
945 5165 1152 5230 dicens,
1184 5173 1240 5218 ttt
1272 5164 1561 5219 sacerdotii
1588 5173 1794 5221 tantam
1817 5168 1947 5222 sub-

368 5267 491 5308 eam
515 5253 968 5325 magnitudinem,
986 5267 1041 5310 et
1072 5257 1254 5325 gravis
1277 5256 1505 5327 populus
1537 5257 1671 5311 mihi
1693 5258 1945 5312 commit-

369 5350 519 5398 tatur
534 5344 849 5400 docendus?
882 5346 1009 5402 Sine
1039 5362 1135 5418 per
1167 5345 1465 5414 Christum,
1496 5349 1612 5404 sine
1636 5364 1724 5403 me
1751 5349 1949 5405 acerbe

372 5449 494 5489 mea
518 5435 715 5491 deﬂere
748 5448 997 5507 peccata.

2046 4700 2307 4765 δέξασθαι
2324 4697 2691 4771 προστασίαν’
2722 4699 2751 4750 ὁ
2774 4695 2831 4749 δὲ
2853 4697 3046 4769 πρῶτα
3076 4696 3176 4763 μὲν
3200 4696 3299 4768 τὴν
3331 4697 3634 4751 ἐπισκόπου

2048 4791 2386 4861 δυσχεράνας
2444 4787 2763 4859 ἐπιδημίαν,
2796 4787 3050 4857 καθάπερ
3081 4789 3181 4858 οὐχ
3215 4787 3401 4841 ἱκανὸν
3442 4788 3636 4841 ἑαυτὸν

2049 4885 2241 4956 ἀνδρλς
2280 4881 2605 4953 τηλικούτου
2644 4879 2951 4950 παρουσίας
3001 4882 3285 4950 οἰόμενος,
3330 4880 3526 4933 ἔπειτα
3577 4879 3635 4932 δὲ

2050 4977 2144 5031 καὶ
2170 4976 2383 5047 βαρέως
2414 4975 2539 5036 τοὺς
2564 4973 2695 5046 παρ’
2751 4972 2919 5026 αὐτοῦ
2969 4970 3265 5040 δεξάμενος
3319 4971 3512 5039 λόγους
3544 4971 3635 5024 διά

2048 5071 2149 5141 τὴν
2174 5070 2374 5139 πολλὴν
2410 5067 2628 5137 ἐκείνην
2656 5064 2951 5137 συντριϐὴν
2990 5067 3089 5135 τῆς
3117 5066 3369 5136 καρδίας.
3402 5066 3498 5116 καὶ
3535 5080 3636 5132 με-

2046 5164 2328 5232 τριότητα,
2361 5161 2457 5213 καὶ
2479 5159 2540 5211 τὸ
2574 5158 2669 5213 τοῦ
2699 5158 2929 5228 μηδενὸς
2959 5157 3111 5221 ἄξιον
3131 5158 3328 5212 ἑαυτὸν
3352 5157 3629 5225 ἡγεῖσθαι,

2047 5254 2118 5309 τὰ
2157 5254 2252 5307 καὶ
2285 5251 2384 5322 βίῳ
2409 5250 2639 5321 τοιούτῳ
2674 5252 2769 5303 καὶ
2798 5249 3131 5304 ταπεινώσει
3183 5248 3423 5318 τοσαύτῃ
3454 5262 3635 5313 προσ,

2047 5348 2272 5416 ήκοντα,
2304 5344 2442 5414 πρὸς
2478 5344 2643 5398 αὐτὸν
2678 5341 3048 5413 ἀπεκρίνατο’
3076 5343 3172 5405 Τίς
3204 5342 3324 5410 εἱμὶ
3352 5342 3483 5410 ἐγὼ,
3519 5339 3633 5393 Κύ-

2053 5441 2133 5511 ριέ
2163 5455 2288 5509 μου,
2331 5437 2527 5505 Κύριε,
2580 5434 2776 5503 λέγων,
2802 5433 2943 5487 ὥστε
2969 5434 3293 5505 τηλικοῦτον
3329 5432 3631 5506 ἱερωσύνης

374 5530 606 5602 μέγεθος
641 5533 895 5588 ὑπελθεῖν
961 5534 1057 5613 κμὶ
1107 5533 1237 5587 λαοῦ
1304 5534 1515 5606 βαρέως
1579 5535 1934 5590 διδασκαλίαν
1986 5518 2435 5608 ἐγχειρισθῆναις
2497 5533 2700 5587 Ἔασον
2757 5531 2846 5584 διὰ
2894 5531 3150 5603 Χριστὸν,
3212 5530 3375 5585 ἔασον
3419 5530 3632 5601 πικρῶς

369 5623 818 5680 άποκλαύσασθαι
843 5628 940 5693 τὰς
971 5628 1209 5697 ἐμαυτοῦ
1238 5630 1639 5703 πλημμελείας.

442 5715 577 5771 VIII.
605 5717 704 5773 Cui
771 5736 962 5777 rursus
1018 5722 1304 5792 episcopus
1352 5727 1683 5795 respondens
1718 5745 1731 5781 :
1769 5726 1937 5785 Recte

370 5806 507 5871 scio,
552 5805 744 5876 inquit,
780 5823 813 5862 ο
843 5810 1007 5865 cbare
1041 5809 1114 5865 lili
1139 5810 1385 5877 Abrami,
1417 5815 1557 5881 quod
1592 5816 1785 5885 gratia,
1819 5830 1939 5885 qua:

370 5897 465 5956 tibi
492 5898 614 5956 data
651 5907 732 5956 est
762 5915 789 5955 a
810 5900 1030 5974 Spiritu,
1058 5911 1249 5973 potens
1309 5917 1368 5960 cs
1397 5915 1448 5961 et
1474 5906 1652 5962 verbis
1682 5916 1734 5963 et
1758 5908 1935 5966 lactis.

2118 5724 2200 5777 θ’.
2234 5720 2377 5793 Πρός
2410 5720 2469 5774 ὃν
2520 5720 2549 5771 ό
2576 5719 2875 5783 ἐπίσκοπος
2934 5714 3093 5783 αὖθις
3122 5717 3211 5772 τὶν
3240 5717 3401 5787 λόγον
3429 5714 3631 5771 ἀναλα-

2049 5816 2158 5870 ϐών
2182 5834 2194 5847 ’
2232 5811 2365 5869 Οἶδα
2404 5813 2616 5883 σαφῶς,
2651 5809 2790 5876 οἶδα,
2811 5812 3003 5866 τέκνον
3036 5811 3311 5872 ποθεινὸν.
3336 5811 3627 5881 ’Δϐράμιε,

2050 5902 2225 5974 εἶπεν,
2264 5907 2337 5972 ὡς
2361 5911 2425 5977 τῇ
2457 5906 2716 5980 δεδομένῃ
2757 5923 2836 5961 σοι
2867 5905 3016 5977 παρὰ
3057 5902 3148 5959 τοῦ
3182 5903 3500 5974 Πνεύματος
3532 5901 3630 5974 χάσ-
