4108 6444
334 424 425 486 53
531 460 549 472 .

1645 425 1826 487 VITA
1867 425 1927 487 S.

2077 428 2323 491 RAMII.
3218 392 3232 403 ’
3563 426 3633 493 st

355 554 470 606 ριτι
535 532 763 599 δυνατδς
794 530 849 588 εί
880 536 977 589 καὶ
1005 536 1186 605 λόγοις
1237 538 1331 589 καὶ
1384 538 1712 608 πράγμασι·
1754 537 1829 607 μὴ
1861 530 1955 591 οὖν

2077 539 2137 593 Ne
2159 556 2289 611 ergo
2320 539 2655 597 dubitavcris
2712 542 2777 596 ad
2811 550 3014 599 munus
3051 541 3330 609 accedere,
3353 541 3497 612 quod
3527 544 3638 597 erit

356 628 687 701 ἀποκνησης
742 625 897 699 ἔργῳ
944 627 1197 682 καθεῖναι
1248 629 1468 693 σαυτόν,
1516 628 1790 698 τοσαύτης
1853 629 1953 700 μὲν

2077 632 2270 701 μιίιῑθιιι
2300 647 2462 687 causa
2511 642 2677 689 tanta!
2729 633 3032 689 animarum
3087 633 3357 699 utilitatis,
3415 650 3639 704 magnas

357 720 557 792 ψυχῶν
598 716 874 790 ὡφελείας
905 719 1090 792 αἰτίῳ,
1137 720 1383 791 μεγάλας
1430 721 1489 776 δὲ
1524 722 1622 776 καί
1674 739 1758 776 σοι
1802 723 1955 792 παρά

358 815 506 870 Θεοῦ
537 810 899 887 προξενούντι
946 814 1049 876 τὰς
1082 814 1402 875 ἀντιδόσεις.
1442 813 1503 870 Ὀ
1533 814 1591 868 δὲ
1616 817 1729 878 τοῖς
1758 814 1954 886 προτέ-

366 924 510 981 ροις,
529 906 807 977 ιπιμένων
829 905 926 960 καὶ
947 904 1029 959 ἔτι
1048 906 1306 970 νἜασον,
1330 900 1486 970 αὖθις
1502 906 1833 977 παρακαλῶ,
1862 908 1956 960 ἕα-

364 1017 483 1065 σον,
508 999 685 1068 ἔλεγε,
703 997 773 1051 τὰ
788 998 971 1051 οίκεῖα
991 995 1166 1068 θρηνῆ
1174 1013 1259 1050 σαι
1276 996 1442 1052 κακά.
1465 998 1576 1052 Καὶ
1591 997 1648 1061 ὃς
1662 997 1955 1052 ὑπολαϐὼν

358 1092 726 1165 δριμυτέροις
742 1089 909 1143 αὐτόν
933 1088 1198 1159 ἠμείϐετο
1225 1088 1410 1159 λόγοις
1433 1105 1447 1121 ·
1484 1088 1615 1143 ’ῐδοὺ
1645 1089 1710 1162 δὴ
1729 1091 1956 1161 κόσμον,

364 1186 571 1253 λόγων,
627 1182 726 1238 καὶ
777 1183 847 1237 τὰ
879 1180 977 1235 τοῦ
1004 1181 1217 1253 κόσμου
1273 1180 1617 1246 καταλιπὼν,
1649 1181 1745 1236 καὶ
1771 1184 1821 1235 τί
1858 1183 1957 1253 μὲν

360 1276 473 1333 οὐκ
506 1276 764 1348 ἀσκήσας
791 1274 1114 1341 ἐπαινετὸν,
1148 1274 1308 1338 ποίας
1343 1273 1403 1328 δὲ
1436 1271 1545 1327 τῶν
1580 1272 1677 1327 τοῦ
1708 1272 1845 1327 Θεοῦ
1874 1274 1960 1328 ὲν-

362 1368 545 1424 τολῶν
571 1368 652 1439 μὴ
680 1365 859 1436 φύλαξ
897 1364 1203 1436 ἀναφανεὶς
1228 1364 1650 1435 ἀκριϐέστατος,
1686 1365 1748 1420 τὸ
1786 1366 1959 1435 κεφά-

365 1462 524 1516 λαιον
548 1462 651 1516 οὐκ
672 1455 771 1515 οἷδ’
794 1460 948 1524 ὅπως
982 1456 1176 1523 ἔλαθες
1190 1457 1520 1529 παραλιπὼν
1547 1457 1649 1531 τὴν
1683 1457 1957 1529 ὑπακοήν.

365 1542 592 1608 τούτων
608 1552 851 1617 ἀκούσας
872 1553 900 1605 6
920 1550 1358 1623 μακάριος,τοὺς
1379 1549 1695 1622 ὀφθαλμοὺς
1710 1549 1960 1621 δακρύων

366 1647 748 1720 ὑποπλησθεὶς
776 1646 873 1700 καὶ
904 1645 969 1717 δή
1018 1662 1073 1699 τι
1098 1642 1363 1710 στενάξας
1397 1643 1536 1715 βαθὺ
1597 1641 1693 1697 καὶ
1725 1643 1960 1716 61:60:9-

368 1757 475 1812 μον
494 1756 513 1773 ο
539 1738 651 1793 Καὶ
682 1736 766 1801 τίς
796 1738 918 1806 είμι
940 1734 1076 1804 ἐγὼ,
1112 1734 1273 1806 κύριέ
1300 1752 1426 1806 μου,
1453 1734 1634 1806 κύριε,
1665 1735 1823 1806 φησὶ,
1874 1736 1964 1790 ἵνα

362 1834 471 1887 καὶ
496 1827 657 1892 αὖθις
675 1827 936 1885 ἀναλάϐω
959 1828 1030 1881 τά
1057 1827 1353 1899 εἰρημένα,
1383 1828 1468 1882 ὅτι
1501 1826 1772 1892 τοιούτοις
1802 1826 1964 1898 ἔσχες

366 1926 505 1996 περὶ
534 1923 673 1994 ἐμοῦ
706 1921 1009 1994 λογισμοὺς
1033 1921 1131 1975 καὶ
1176 1919 1353 1985 οὕτως
1386 1920 1539 1985 ὅλαις
1580 1920 1771 1991 χερσὶν
1799 1921 1959 1975 ἀνελ-

365 2017 544 2073 κύσαι
599 2033 668 2087 με
698 2014 1030 2086 φιλονεικεῐς
1071 2011 1210 2084 πρὸς
1251 2012 1572 2083 τηλικοῦτον
1600 2010 1733 2083 ὕψος
1757 2013 1961 2085 ἀρχῆς,

364 2111 468 2163 τὸν
486 2108 684 2178 εὐτελῆ
712 2105 808 2160 καὶ
832 2104 1212 2177 ἀπερῤιμένον
1235 2121 1253 2171 ;
1278 2105 1390 2158 Καὶ
1422 2104 1451 2157 6
1479 2103 1785 2168 ἐπίσκοπος
1809 2119 1824 2135 ο
1882 2103 1964 2158 Δι’

362 2204 478 2265 ὃτι,
514 2200 705 2271 φησὶν,
736 2200 766 2252 6
795 2198 897 2270 μὲν
927 2195 1110 2267 ἑαυτῷ
1145 2197 1295 2267 μόνῳ
1330 2195 1439 2262 ζῶν
1471 2197 1565 2250 καὶ
1617 2197 1758 2266 μόνα
1783 2196 1965 2263 καλῶς

364 2297 524 2361 ὅπως
554 2294 671 2366 ἔχοι
712 2294 781 2348 τά
825 2291 950 2348 καθ’
987 2292 1185 2347 ἑαυτὸν
1224 2291 1534 2364 μεριμνῶν,
1597 2292 1776 2364 ἑαυτῷ
1815 2292 1966 2364 μόνῳ

367 2388 657 2460 περιποιεῖ
688 2385 789 2458 τὴν
846 2385 1160 2454 ὠφέλειανς
1219 2383 1294 2438 Τδ
1345 2384 1405 2439 δὲ
1436 2384 1532 2439 καὶ
1558 2384 1630 2439 τὰ
1658 2384 1767 2440 τῶν
1790 2384 1966 2440 ἄλλων

364 2476 714 2551 ἐπανορθοῦν
740 2478 837 2532 καὶ
853 2475 1044 2549 ψυχῶν
1059 2475 1384 2545 ἐπιμέλειαν
1401 2474 1821 2540 πεπιστεῦσθαι,
1842 2477 1968 2530 ὅσον

367 2570 486 2643 εχει
526 2572 585 2624 τὸ
614 2569 806 2641 κέρδος
852 2570 949 2623 καὶ
991 2569 1179 2623 ὁποῖον
1204 2566 1430 2638 ἀγάπης
1469 2568 1671 2638 δεῖγμα
1695 2567 1796 2639 τῆς
1829 2567 1967 2640 πρὸς

366 2665 534 2732 Θεὶν,
568 2664 665 2719 καὶ
685 2665 835 2728 ὅπως
874 2663 1099 2734 ἀπάσης
1131 2663 1251 2717 ἐστὶ
1291 2662 1477 2732 μεῖζον
1506 2660 1609 2731 τῆς
1640 2660 1777 2730 πρὸς
1804 2663 1969 2716 αὑτὸν

368 2756 700 2829 θεραπείας,
723 2756 891 2809 αὐτὸν
919 2755 1129 2810 ἐκεῖνόν
1150 2771 1237 2809 σοι
1262 2753 1455 2809 τούτου
1479 2754 1798 2825 παρέξομαι
1825 2754 1968 2827 μάρ-

368 2865 547 2921 τυρα·
584 2867 605 2901 ι
647 2847 710 2901 El
744 2847 855 2921 γὰρ
883 2847 1062 2917 φιλεῖς
1121 2863 1212 2917 με,
1275 2845 1475 2920 Πέτρε,
1511 2844 1671 2915 φησὶ,
1711 2845 1970 2916 ποίμαινε

368 2942 441 2994 τὶ
490 2939 748 3011 πρόϐατά
780 2957 906 3012 μου.
943 2958 962 2992 ι
1014 2940 1183 2993 Ὥστε
1214 2938 1479 2995 τοσοῦτον
1512 2938 1671 3010 μέλει
1716 2938 1838 3011 Θεῷ
1869 2941 1971 3011 τῆς

368 3030 484 3085 τῶν
539 3031 815 3101 ποιμνίων
844 3030 1186 3101 ἐπιμελείας,
1222 3029 1296 3095 ὼς
1333 3031 1428 3083 καὶ
1470 3030 1730 3101 μέγιστον
1761 3031 1859 3102 τῆς
1890 3032 1971 3096 είς

369 3122 543 3177 αὗτδν
571 3122 799 3193 ἀγάπης
830 3125 1060 3193 σημεῖον
1080 3122 1179 3191 τὴν
1206 3122 1336 3195 περὶ
1366 3122 1543 3178 ταῦτα
1568 3122 1780 3179 τιθέναι
1808 3123 1972 3191 κηδε-

2058 733 2237 777 autem
2268 727 2408 794 apud
2438 723 2604 782 Deum
2660 725 2753 780 tibi
2806 725 3116 781 conciliabit
3149 728 3637 784 remunerationes.

2058 806 2152 870 ille
2186 831 2314 872 vero
2342 832 2696 886 perseverans
2728 819 2779 873 in
2807 819 3079 888 prioribus
3112 836 3126 874 :
3166 818 3297 873 Sine
3321 835 3472 886 rogo,
3509 836 3636 874 rur-

2058 924 2152 964 sus
2178 908 2411 976 dicebat,
2436 909 2555 965 sine
2588 924 2672 964 me
2690 910 2826 964 mala
2859 911 3074 982 prepria
3109 911 3327 966 deﬂere.
3362 911 3456 965 llle
3487 926 3636 975 vero,

2058 1000 2414 1068 respondens,
2446 1002 2753 1058 acrioribus
2809 1016 2933 1056 eum
2969 1001 3149 1057 verbis
3199 1003 3439 1073 excepit,
3472 1004 3639 1069 Ecce,

2059 1092 2267 1157 dicens,
2303 1101 2494 1147 cumet
2522 1092 2805 1158 mundum,
2840 1102 2891 1148 et
2917 1108 3037 1163 qua:
3068 1093 3254 1147 mundi
3295 1102 3424 1148 sunt
3452 1092 3638 1147 omnia

2061 1182 2370 1254 reliqueris,
2403 1193 2458 1240 et
2494 1184 2626 1256 quid
2659 1200 2766 1241 non
2806 1186 3077 1243 laudabile
3119 1185 3342 1256 quidem
3377 1200 3642 1241 exercue-

2063 1277 2159 1342 ris,
2182 1277 2458 1348 quodnam
2505 1287 2687 1334 autem
2738 1277 2834 1334 Dei
2883 1288 3211 1350 praeceptum
3252 1293 3356 1332 non
3390 1287 3645 1333 accurate

2061 1371 2386 1437 servaveris,
2417 1371 2471 1429 id
2494 1372 2640 1442 quod
2665 1381 2749 1429 est
2769 1374 3121 1445 praecipuum,
3153 1372 3339 1429 nescio
3370 1371 3644 1444 quomodo

2060 1464 2378 1537 Imprudens
2406 1466 2827 1537 praetermisisti,
2861 1481 3058 1537 nempe
3098 1465 3485 1523 obedientiam.
3516 1461 3645 1520 Htce

2061 1570 2187 1612 cum
2222 1556 2311 1613 ille
2338 1557 2599 1615 audiisset
2630 1558 2691 1615 Β.
2719 1558 3046 1625 Abramius,
3076 1555 3538 1614 oculossuﬂ‘usus
3567 1555 3648 1611 Ia-

2063 1647 2287 1721 crymis,
2341 1656 2398 1705 et
2441 1664 2510 1706 ea
2553 1650 2666 1706 imo
2714 1650 2952 1722 graviter
3006 1649 3327 1718 suspirans:
3364 1647 3497 1716 Quis
3545 1661 3648 1717 ego

2064 1753 2207 1803 sum,
2251 1738 2489 1804 domine,
2534 1740 2752 1798 domine
2790 1741 2883 1807 mi,
2916 1742 3091 1813 inquit
3143 1743 3227 1812 (ut
3266 1756 3458 1796 rursus
3486 1754 3648 1809 repe-

2070 1838 2178 1883 tam
2239 1844 2328 1896 ea,
2365 1845 2487 1902 quae
2539 1831 2682 1888 dicta
2745 1832 2915 1903 sunt),
2963 1841 3025 1890 ut
3056 1833 3122 1887 de
3159 1847 3245 1888 me
3274 1830 3433 1887 talem
3463 1845 3650 1887 susce-

2066 1920 2210 1989 peris
2230 1922 2638 1993 cogitationem,
2676 1932 2856 1988 etme,
2892 1924 2983 1994 qui
3016 1939 3136 1979 sum
3161 1924 3283 1979 vilis
3309 1931 3363 1978 et
3379 1921 3650 1991 abiectus,

2065 2011 2146 2066 sic
2177 2020 2286 2066 tota
2320 2028 2486 2069 manu
2514 2016 2814 2071 contendas
2837 2015 3115 2072 attrahere
3140 2017 3207 2070 ad
3241 2024 3445 2071 tantam
3480 2013 3654 2068 virtu-

2069 2106 2137 2163 tis
2191 2106 2904 2181 altitudinem?Episcopus
2958 2122 3140 2165 autem
3175 2109 3508 2177 :Quouiam,
3568 2107 3654 2163 iu-

2066 2199 2205 2270 quit,
2237 2201 2331 2271 qui
2361 2201 2464 2257 sibi
2504 2201 2729 2274 quidem
2757 2202 2860 2260 soli
2899 2202 3052 2268 vivit,
3090 2214 3148 2259 et
3176 2204 3348 2258 solum
3382 2209 3560 2266 curat,
3593 2209 3657 2257 ut

2068 2308 2155 2348 res
2185 2308 2300 2349 sure
2334 2304 2485 2353 recte
2515 2312 2577 2355 se
2604 2297 2870 2364 habeant,
2901 2297 3004 2353 sibi
3033 2296 3132 2352 soli
3154 2301 3310 2366 parat
3336 2294 3650 2352 utilitatem.

2067 2383 2217 2438 Alios
2268 2394 2452 2441 autem
2506 2387 2785 2456 corrigere
2832 2397 2891 2443 et
2917 2388 3224 2443 animarum
3269 2384 3374 2441 sibi
3413 2383 3657 2441 credita-

2070 2493 2187 2532 rum
2221 2491 2412 2534 curam
2442 2490 2951 2551 gerere,-quantum
2994 2480 3157 2536 habet
3198 2478 3653 2542 emolumentum,

2068 2577 2124 2625 et
2156 2581 2423 2641 quantum
2473 2571 2760 2639 cbaritatis
2807 2573 2860 2626 iu
2905 2570 3071 2628 Deum
3105 2571 3390 2635 indicium,
3419 2577 3476 2625 et
3509 2568 3657 2638 quod

2071 2662 2124 2717 id
2152 2662 2224 2716 sit
2255 2662 2429 2732 majus
2461 2663 2657 2734 quovis
2704 2663 2812 2719 alio
2849 2662 2995 2720 cultu
3029 2662 3311 2718 Creatoris
3337 2671 3391 2718 et
3411 2659 3655 2725 Domini,

2071 2754 2334 2808 adducam
2370 2755 2468 2810 tibi
2504 2755 2647 2812 illius
2694 2755 2863 2825 ipsius
2911 2755 3279 2812 testimonium
3311 2771 3329 2811 ε
3370 2770 3391 2806 ι
3424 2750 3480 2808 Si
3507 2751 3655 2817 enim

2071 2848 2251 2917 diligis
2306 2863 2413 2915 me,
2473 2849 2653 2918 Petre,
2692 2850 2889 2920 inquit,
2949 2865 3111 2920 pasce
3169 2862 3301 2905 oves
3334 2858 3485 2902 meas
3521 2844 3585 2899 “.
3628 2862 3649 2896 ι

2072 2940 2439 3009 Quamobrem
2464 2940 2572 2999 Deo
2595 2950 2759 3000 tanta:
2790 2952 2921 2999 suut
2966 2958 3113 3000 curae
3158 2956 3371 3013 greges,
3406 2936 3660 2995 utmaxi-

2074 3050 2222 3089 mum
2257 3035 2475 3106 signum
2542 3036 2599 3092 in
2656 3038 2832 3106 ipsum
2874 3036 3203 3102 dileCtionis,
3250 3048 3438 3090 eorum
3467 3044 3659 3087 curam

2074 3141 2201 3182 esse
2227 3136 2449 3182 statuat.
2478 3127 2702 3183 Talibus
2718 3128 2987 3196 consiliis,
3025 3128 3248 3184 monitis
3277 3139 3334 3182 et
3394 3122 3663 3181 sermoni-

375 3214 595 3287 μονίαν.
655 3215 951 3279 Τοιαύταις
1005 3214 1343 3286 συμϐουλαῖς
1409 3232 1468 3269 τε
1510 3216 1607 3268 καὶ
1640 3215 1971 3285 ὑποθήκαις,

2077 3219 2177 3275 bus
2210 3235 2506 3290 persuasus
2556 3221 2869 3288 Abramins,
2905 3221 3216 3291 episcopum
3261 3218 3330 3297 ad
3362 3217 3548 3272 urbem
3578 3222 3662 3268 est

370 3307 645 3372 τοιούτοις
674 3308 1105 3379 ύποφωνήμασι,
1138 3307 1384 3371 πεισθεὶς
1413 3308 1442 3359 6
1477 3306 1801 3378 Ἀϐρὰμιος,
1844 3308 1979 3378 ¹ἠκο-

372 3400 561 3454 λούθει
589 3401 728 3472 πρός
756 3402 857 3470 τὴν
886 3399 1044 3453 πόλιν
1082 3398 1160 3468 τῷ
1185 3399 1498 3471 ὲπισκόπῳ,
1534 3400 1795 3453 κάκείνου
1822 3400 1978 3455 τελέ-

2075 3320 2315 3367 secutus.
2335 3309 2603 3382 Cumque,
2631 3313 2721 3367 ille
2739 3312 2795 3366 in
2816 3312 2955 3382 ipso,
2999 3327 3119 3382 qua:
3141 3326 3238 3381 par
3255 3319 3393 3371 erat,
3421 3305 3664 3378 peregis-

2078 3412 2182 3470 set,
2209 3415 2265 3458 et
2296 3403 2377 3459 sic
2402 3418 2530 3460 eum
2561 3403 2862 3474 perfectum
2913 3413 3155 3460 creasset
3209 3401 3578 3463 sacerdotem,
3608 3405 3666 3453 et

377 3508 580 3555 σαντος
614 3490 702 3545 ἐπ’
735 3492 889 3562 αὐτῷ
928 3493 996 3544 τὰ
1044 3491 1232 3545 εἰκότα
1265 3491 1360 3544 καὶ
1384 3489 1531 3544 οὕτω
1581 3491 1788 3544 τέλειον
1816 3491 1973 3546 αὐτὸν

2080 3495 2278 3551 deinde
2324 3512 2448 3552 cum
2500 3505 2612 3552 toto
2639 3497 2787 3553 clero
2813 3507 2870 3554 et
2898 3497 3098 3568 popqu
3143 3511 3267 3552 eum
3323 3493 3664 3554 deduxisset,

376 3583 768 3651 ἀναδείξαντος
819 3583 995 3654 ἱερέα,
1058 3578 1179 3637 εἶτα
1218 3583 1314 3636 καὶ
1365 3584 1464 3638 σὺν
1524 3584 1643 3654 ἅμα
1676 3583 1753 3653 τῷ
1789 3583 1973 3656 κλήρῳ

2083 3588 2417 3657 propositam
2448 3588 2597 3644 illinc
2628 3589 2770 3644 viam
2804 3588 2947 3651 iniit,
2973 3588 3171 3643 multas
3194 3586 3409 3643 interim
3431 3584 3667 3639 fundens

378 3678 555 3729 παντὶ
595 3678 690 3731 καὶ
721 3677 801 3749 τῷ
838 3675 956 3747 λαῷ
991 3677 1185 3730 τοῦτον
1230 3675 1687 3747 προπέμψαντος,
1724 3675 1825 3745 τὴν
1852 3691 1973 3746 προ-

2083 3678 2381 3751 lacrymas,
2417 3689 2473 3735 et
2502 3694 2800 3749 supernum
2823 3682 3086 3736 invocans
3117 3677 3399 3735 auxilium.

376 3773 655 3845 κειμένην
686 3774 898 3830 ἐκεῖθεν
925 3774 1042 3830 ὁδὸν
1076 3775 1296 3847 ήρχετο,
1329 3773 1501 3828 πολλά
1528 3774 1735 3845 μεταξὺ
1792 3775 2006 3847 δάκρυα
2047 3774 2190 3847 χέων
2225 3775 2321 3830 καὶ
2370 3773 2471 3846 τὴν
2495 3775 2702 3831 ἀνωθεν
2733 3774 2911 3848 ῥοπήν
2935 3790 2996 3829 τε
3026 3772 3124 3827 καὶ
3156 3766 3476 3840 συμμαχίαν
3541 3767 3664 3819 ἀπι-

378 3869 559 3924 καλού
566 3888 632 3941 με
642 3887 757 3934 νος.

453 3963 540 4019 θ’.
572 3964 875 4036 Γενόμενος
904 3962 964 4018 δὲ
987 3960 1130 4017 κατά
1163 3961 1263 4033 τὴν
1288 3962 1484 4036 κώμην
1521 3963 1619 4019 καὶ
1648 3964 1855 4038 ταύτην
1876 3965 1973 4020 dmi

2156 3962 2247 4022 IX.
2276 3965 2414 4022 Cum
2446 3972 2629 4020 autem
2661 3961 2901 4018 venisset
2933 3963 2987 4015 in
3023 3960 3230 4025 vicum,
3275 3967 3330 4014 et
3368 3973 3491 4013 eum
3519 3947 3697 4011 utve?

382 4059 550 4132 βαθεῖ
578 4057 767 4130 σκότῳ
796 4057 899 4128 τῆς
929 4056 1187 4120 ἀσεϐείας
1216 4057 1480 4128 κειμένην
1505 4056 1856 4121 καταλαϐὼν,
1885 4059 1973 4113 καὶ

2090 4059 2261 4114 uisset
2287 4057 2556 4126 iacentem
2594 4055 2648 4110 in
2707 4054 2995 4125 profundis
3056 4051 3298 4108 tenebris
3348 4050 3668 4120 impietatis,

384 4156 415 4208 ὃ
436 4167 578 4224 φησι
612 4152 644 4205 ό
680 4150 823 4216 θεῖος
846 4148 1084 4217 Παῦλος,
1120 4167 1140 4201 ι
1175 4148 1291 4220 Τὴν
1315 4148 1411 4202 τοῦ
1442 4148 1786 4219 Μονογενοῦς
1820 4148 1973 4214 δόξαν

2087 4158 2215 4204 etut
2236 4147 2368 4204 dicit
2387 4147 2600 4203 divinus
2620 4145 2819 4201 Paulus
2847 4146 2916 4211 “,
2944 4164 2963 4197 ι
2985 4143 3226 4201 Gloriam
3256 4142 3530 4214 Uuigeniti
3554 4156 3673 4196 tuu-

386 4248 449 4301 ἑν
477 4244 794 4318 ὁμοιώματι
842 4244 1085 4314 γλυπτοῦ
1120 4243 1526 4315 ἀλλαξαμὺην,
1584 4261 1605 4295 ι
1647 4240 1876 4296 τοιαῦτα
1905 4240 1973 4314 τῷ

2090 4249 2256 4296 tatam
2281 4237 2337 4295 in
2365 4237 2779 4295 similitudinem
2817 4235 3150 4306 sculptilis,»
3180 4233 3262 4290 sic
3291 4234 3456 4289 Deum
3486 4247 3673 4303 preca—
3768 4288 3793 4298 _

385 4338 514 4410 Θεῷ
575 4339 636 4392 ιν
700 4337 961 4409 συντριϐῇ
1012 4338 1244 4410 καρδίας
1289 4336 1638 4408 προσηύχετο
1662 4351 1676 4367 ’
1734 4336 1973 4391 Δέσποτα

2091 4333 2252 4387 batur
2303 4331 2358 4388 in
2410 4329 2744 4385 contritione
2790 4327 2974 4383 cordis
3002 4324 3283 4396 :Benigne
3330 4334 3385 4379 et
3435 4323 3679 4380 clemens

390 4430 775 4503 φιλανθρωπε,
798 4429 1006 4502 Χριστδ
1051 4430 1081 4484 ό
1118 4430 1277 4498 Θεδς,
1315 4431 1346 4484 6
1386 4429 1547 4501 μόνος
1576 4428 1805 4497 ἀγαθὸς.
1832 4430 1861 4483 6
1887 4428 1973 4498 μό·

2092 4424 2317 4481 Domine
2344 4422 2567 4480 Christe
2599 4420 2760 4487 Deus,
2796 4421 2890 4491 qui
2933 4433 2996 4476 es
3049 4418 3202 4476 solus
3241 4420 3437 4482 bonus,
3478 4415 3572 4489 qui
3617 4428 3681 4473 es

389 4542 484 4587 νος
533 4522 869 4589 ἀνεξίκακος
905 4522 935 4575 6
989 4522 1155 4595 μόνος
1197 4521 1475 4595 ὲλεήμων,
1508 4523 1539 4576 6
1574 4521 1667 4576 τὸν
1697 4520 1988 4594 ἄνθρωπον

390 4616 596 4689 ἀφάτιρ
639 4614 1018 4688 εὑσπλαγχνίᾳ
1059 4615 1503 4689 δημιουργήσας,
1561 4615 1595 4668 6
1641 4615 1846 4679 συνιεὶς
1906 4617 1988 4678 εἰς

395 4709 583 4763 πάντα
614 4708 687 4762 τὰ
722 4707 864 4779 ἔργα
896 4707 1064 4763 αὐτοῦ
1091 4708 1188 4763 καὶ
1219 4709 1449 4781 καρδίας
1476 4709 1569 4763 καὶ
1599 4709 1831 4779 νεφροὺς
1863 4708 1990 4764 ἑτά-

395 4801 511 4867 ζων
543 4802 640 4858 καὶ
662 4801 948 4870 γινώσκων
974 4805 1102 4869 τοὺς
1122 4803 1510 4875 διαλογισμοὺς
1528 4803 1719 4867 αὐτοῦ,
1743 4804 1820 4875 μὴ
1850 4821 1995 4877 παρ-

398 4898 520 4969 ίδης
550 4896 615 4951 τὸ
645 4894 740 4951 σὺν
764 4895 1015 4965 πλάσμα.
1043 4896 1105 4953 τὸ
1132 4896 1232 4964 τῆς
1264 4898 1364 4967 σῆς
1384 4896 1569 4967 χειρὸς
1594 4895 1991 4967 δημιούργημα

396 4988 596 5053 κακῶς
649 4988 757 5042 ύπὺ
808 4986 905 5043 τοῦ
937 4988 1130 5059 νοητοῦ
1169 4988 1339 5061 θηρὸς
1393 4988 1773 5060 ἀπολλύμενον
1799 5004 1816 5021 ’
1862 4976 1993 5043 ἀλλ’

396 5079 591 5149 ἐξελοῦ
622 5080 827 5145 αὐτοὺς
868 5078 969 5147 τῆς
999 5079 1095 5134 τοῦ
1137 5077 1341 5151 ἐχθροῦ
1392 5079 1716 5150 τυραννέδος
1760 5080 1857 5133 καὶ
1905 5078 1995 5144 δὸς

399 5174 590 5234 αὐτοῖς
626 5171 732 5240 τὴν
767 5170 869 5240 τῆς
906 5167 1008 5239 σῆς
1059 5168 1324 5241 ἀληθείας
1386 5168 1722 5239 ἐπίγνωσιν·
1778 5170 1845 5223 σὺ
1885 5170 1997 5243 γὰρ

397 5263 577 5333 οἶδας,
606 5263 700 5323 ὅτι
738 5263 801 5317 οὐ
831 5260 991 5333 δόξης
1022 5260 1214 5317 ἕνεκεν
1247 5261 1626 5333 ἀνθρωπίνης,
1648 5261 1788 5317 ἀλλά
1818 5280 1998 5334 σωτη-

402 5359 533 5427 ρίας
558 5355 777 5427 ψυχῶν,
814 5352 916 5423 τὴν
937 5352 1198 5423 φροντίδα
1224 5352 1434 5425 ταύτην
1462 5355 1559 5407 καὶ
1587 5354 1689 5424 τὴν
1714 5352 1998 5408 διακονίαν

401 5447 767 5519 ἀνεδεξάμην.
828 5444 1020 5501 Ταῦτα
1078 5443 1377 5518 τοιγαροῦν
1413 5444 1864 5517 προσευξάμενος
1902 5446 1999 5502 καί

352 5546 363 5551 “
399 5560 531 5606 τινα
556 5541 667 5597 τῶν
700 5538 1150 5609 ὑπολειφθέντων
1175 5538 1340 5594 αὐτοῦ
1368 5538 1671 5611 χρημάτων
1704 5538 1858 5611 παρά
1901 5540 1999 5594 τοῦ

402 5637 585 5710 ξῦον,
616 5631 660 5706 ᾧ
690 5638 791 5709 τὴν
818 5635 1033 5689 τούτων
1065 5632 1287 5687 ἀνέθετο
1322 5633 1582 5703 πρόνοιαν
1604 5633 1998 5702 κομισάμενος,

404 5729 555 5789 οἷκον
582 5732 650 5789 δι’
678 5730 867 5786 αὐτῶν
891 5727 1193 5797 εὖκτήριον
1220 5725 1497 5796 ἀνεγείρει
1528 5726 1997 5797 ἐπιτερπέστατόν

486 5896 527 5933 υ
563 5892 716 5953 Juan.
748 5910 875 5973 lxxv,
918 5892 1005 5946 l7.
1091 5890 1132 5920 "
1167 5889 1325 5950 Rom.
1356 5907 1396 5959 ι,
1429 5891 1520 5947 ἓῦι

224 6342 307 6367 ἐμὲ.
340 6332 461 6357 ς’*ῗλιεν
500 6328 577 6367 vr":

210 6378 213 6379 ν
572 6366 649 6397 al.’

98 6342 671 6444 WE;

2095 4517 2247 4573 solus
2275 4518 2510 4587 patiens,
2539 4515 2631 4585 qui
2662 4529 2725 4571 es
2764 4513 2917 4570 solus
2946 4511 3281 4579 misericors,
3334 4512 3429 4581 qui
3474 4508 3677 4566 creasti

2097 4611 2378 4667 hominem
2404 4609 2748 4681 benignitate
2779 4604 3064 4670 ineﬂ‘abili,
3089 4604 3184 4676 qui
3206 4602 3466 4674 intelligis
3495 4600 3680 4658 omnia

2095 4719 2260 4774 opera
2290 4702 2429 4776 ejus,
2462 4712 2521 4758 et
2548 4701 2715 4758 corda
2742 4709 2800 4757 et
2828 4713 2987 4756 renes
3012 4697 3316 4762 examinas,
3340 4706 3393 4751 et
3422 4691 3681 4763 intelligis

2097 4798 2216 4867 ejus
2269 4795 2634 4869 cogitationes
2665 4809 2680 4848 :
2709 4808 2779 4850 ue
2828 4792 3102 4862 despicias
3148 4799 3299 4846 tuum
3341 4788 3681 4860 figmentum,

2096 4905 2234 4961 Opus
2263 4900 2475 4947 tuarum
2500 4903 2788 4954 manuum,
2815 4886 2961 4957 quod
2987 4883 3126 4941 male
3156 4890 3383 4940 necatur
3416 4897 3447 4936 a
3480 4879 3680 4946 bellua,

2098 4999 2219 5053 qum
2250 4982 2551 5053 percipitur
2582 4980 2942 5052 intelligentia
2976 4996 2990 5034 :
3027 4979 3127 5033 sed
3157 4976 3326 5032 libera
3378 4989 3474 5030 eos
3519 4989 3552 5028 a
3599 4981 3684 5045 ty-

2101 5075 2328 5129 rannide
2352 5072 2581 5137 inimici,
2612 5080 2668 5127 et
2698 5072 2766 5126 da
2791 5071 2872 5127 eis
2895 5068 3145 5124 veritatis
3175 5076 3282 5121 tuae
3324 5062 3681 5136 agnitionem.

2099 5165 2180 5222 Tu
2205 5170 2364 5223 enim
2379 5168 2508 5230 scis,
2544 5166 2691 5236 quod
2718 5179 2825 5219 non
2863 5169 3086 5232 propter
3110 5159 3400 5214 humanam
3428 5155 3683 5227 gloriam,

2100 5263 2194 5317 sed
2221 5271 2442 5333 propter
2474 5259 2781 5314 animarum
2817 5255 3051 5312 salutem
3082 5253 3297 5324 suscepi
3330 5254 3471 5306 hanc
3494 5263 3683 5305 curam

2101 5363 2159 5408 et
2194 5354 2299 5407 hoc
2329 5350 2712 5406 ministerium.
2739 5347 2879 5405 Cum
2911 5347 2991 5403 sic
3052 5359 3182 5416 ergo
3208 5352 3355 5400 esset
3404 5349 3683 5411 precatus,

2103 5455 2158 5501 et
2183 5445 2396 5514 aliquas
2437 5442 2735 5513 accepisset
2798 5438 3083 5510 pecunias,
3135 5450 3258 5508 qua
3308 5441 3682 5490 remanserant

2104 5540 2245 5610 apud
2270 5536 2529 5594 amicum.
2569 5534 2659 5591 cui
2710 5548 2902 5590 curam
2936 5529 3286 5588 commiserat
3344 5524 3688 5592 facultatum,

2103 5649 2169 5690 ex
2200 5632 2331 5703 ipsis
2355 5631 2524 5686 aedem
2550 5629 2786 5685 exstruit
2822 5625 3121 5681 oratoriam
3146 5623 3306 5692 longe
3337 5620 3687 5692 elegantissi-

2106 5740 2268 5780 Inam.
2307 5723 2597 5792 Postquam
2629 5729 2809 5777 autem
2840 5719 3047 5777 finitum
3101 5716 3201 5773 fuit
3258 5713 3566 5779 aedificium,
3604 5713 3695 5770 in-
3734 5776 3739 5783 ,
