4108 6506
434 462 503 520 sa
1715 458 2008 521 MENSIS
2050 454 2407 520 MARTIUS
3647 440 3719 521 56

430 566 717 633 cruentum
737 576 790 632 in
810 593 875 633 eo
897 566 1225 633 sacriﬁcium
1254 578 1364 632 Deo
1395 575 1681 642 otl'erebat,
1720 589 1773 633 et
1814 578 2023 633 similes

2094 636 2098 643 ι
2125 594 2184 629 τε
2217 576 2311 629 καί
2333 576 2714 646 χαριέστατον.
2763 570 2915 625 Ἐπεὶ
2936 571 2993 625 δέ
3024 569 3176 635 τέλος
3208 566 3319 643 εἶχε
3352 570 3422 626 τὰ
3448 570 3545 643 τῆς
3570 576 3716 627 οἰκο-

429 670 703 742 prioribus
742 684 935 726 rursus
970 669 1230 725 furrdebat
1252 683 1445 742 preces
1476 668 1741 742 :Colligc,
1765 672 2015 735 Domine,

2126 668 2345 738 δομίας,
2402 667 2502 731 τὰς
2530 666 2910 736 ἀναιμάκτους
2947 663 3149 733 θυσίας,
3183 664 3242 717 ἐν
3274 664 3424 735 αὐτῷ
3467 665 3716 737 προσῆγε

429 761 642 827 dicens,
684 775 814 815 oves
871 768 991 814 tuas
1048 770 1300 815 errantes
1352 759 1407 814 in
1439 760 1582 816 hanc
1612 761 1895 814 mandram
1930 774 2019 815 re-

2126 759 2245 830 Θεῷ
2272 762 2363 814 καὶ
2395 759 2494 823 τὰς
2521 758 2715 829 ὁμοίας
2754 758 2849 811 καὶ
2883 755 3048 809 πάλιν
3100 754 3416 826 προσευχὰς
3443 757 3680 809 ἐποιεῖτο
3700 773 3712 786 ·

428 866 616 908 center
645 852 990 919 aediﬁcatam,
1022 852 1277 922 aperiens
1308 851 1389 907 eis
1412 851 1555 906 viam
1595 852 1786 906 salutis
1817 867 1915 922 per
1941 851 2016 906 tui

2129 854 2439 923 Συνάγαγε,
2483 852 2680 922 Κύριε,
2723 850 2793 904 τὰ
2830 849 3227 919 πεπλανημένα
3285 866 3378 901 σου
3446 847 3715 917 πρόϐατα,

429 946 781 1015 agnitionem,
809 944 875 999 ad
906 944 1136 1014 gloriam
1171 946 1245 1000 tui
1302 945 1526 1015 gloriosi
1553 945 1809 1000 nominis.
1843 944 1924 1000 Tu
1955 959 2017 1000 es

2127 945 2325 1014 λέγων,
2383 945 2464 1007 εἰς
2513 944 2614 1014 τὴν
2675 943 2990 997 νεόκτιστόν
3045 958 3139 993 σου
3203 938 3412 1010 ταύτην
3456 938 3715 1009 μάνδραν,

429 1038 575 1093 enim
599 1038 742 1093 Deus
773 1036 923 1092 solus
952 1037 1340 1092 misericordiae
1373 1047 1429 1092 et
1453 1038 1886 1103 miserationem,
1919 1036 2013 1106 qui

2150 1038 2364 1106 ινοιγὼν
2398 1038 2588 1101 αὐτοῖς
2634 1035 2843 1088 εἰσοδον
2880 1032 3158 1104 σωτηρίας
3203 1030 3293 1085 διὰ
3325 1032 3427 1102 τῆς
3463 1032 3565 1100 σῆς
3596 1032 3719 1082 ὲπι-
3744 1092 3772 1111 ’ὁ

429 1145 537 1183 non
574 1130 653 1185 vis
691 1141 925 1186 mortem
981 1130 1309 1201 peccatoris,
1349 1131 1441 1185 sed
1481 1130 1650 1200 magis
1680 1138 1739 1183 ut
1786 1143 2019 1184 conver-

2125 1130 2386 1199 γνώσεως
2407 1169 2422 1191 ,
2480 1131 2562 1192 εἰς
2615 1128 2777 1193 δόξαν
2805 1126 2898 1181 τοῦ
2938 1127 3035 1179 σοῦ
3082 1125 3350 1196 ὀνόματος
3372 1142 3387 1157 ·
3442 1125 3506 1176 σὺ
3534 1123 3643 1192 γὰρ
3669 1114 3720 1174 εἷ

431 1229 579 1275 tatur
606 1230 662 1276 et
682 1222 830 1277 vivat
871 1220 938 1275 ⁸³.
968 1221 1102 1276 Cum
1141 1222 1239 1276 bas
1290 1220 1338 1275 ei
1387 1230 1574 1288 preces
1625 1218 1934 1283 obtulisset,
1962 1227 2017 1274 et

2125 1222 2262 1286 Θεὸς
2304 1218 2467 1294 μόνος
2497 1224 2683 1287 ἐλέους
2714 1222 2808 1276 καὶ
2836 1220 3166 1290 οἰκτιρμῶν,
3213 1221 3242 1272 ὀ
3282 1219 3359 1289 μὴ
3392 1216 3720 1288 βουλόμενος

430 1330 526 1369 cor
552 1317 747 1371 deinde
782 1318 866 1371 vir
902 1317 1123 1384 sapiens
1157 1316 1558 1380 confirmasset,
1606 1322 1660 1369 et
1697 1314 1888 1369 fuisset
1932 1327 2018 1368 re-

2124 1314 2216 1368 τον
2256 1315 2491 1370 θάνατον
2523 1314 2616 1368 τοῦ
2656 1313 3009 1385 ἀμαρτο›λοῦ,
3048 1313 3122 1375 ὼς
3163 1312 3224 1365 τὸ
3254 1309 3585 1381 ἐπιστρέψαι
3626 1306 3721 1361 καὶ

430 1407 613 1477 pletus
641 1409 844 1478 zelolet
886 1408 1181 1473 desiderio,
1218 1409 1409 1463 obiens
1454 1414 1665 1462 statuas
1689 1407 2016 1473 daemonum,

2127 1404 2228 1475 ζῇν
2259 1404 2444 1460 αὐτόν.
2482 1405 2700 1469 Ταύτας
2723 1400 2818 1458 οὖν
2852 1404 3004 1474 αὐτῷ
3039 1404 3138 1467 τὰς
3168 1403 3388 1475 δεήσεις
3416 1415 3719 1473 προσενεγ-

429 1513 525 1552 eas
558 1512 751 1554 omnes
782 1498 969 1562 diruit,
996 1506 1052 1554 et
1072 1499 1222 1553 bumi
1253 1495 1469 1562 evertit,
1522 1510 1645 1566 quae
1686 1504 1843 1552 erant
1886 1504 2020 1551 vere

2127 1497 2263 1563 κῶν,
2292 1494 2411 1553 εἶτα
2440 1501 2533 1552 καὶ
2555 1499 2653 1569 τὴν
2679 1496 2906 1570 καρδίαν
2936 1499 2963 1551 ὁ
2997 1497 3159 1566 σοφὸς
3182 1495 3522 1568 ἐπιρρώσας,
3554 1492 3718 1565 ζήλου

433 1598 578 1645 terra
615 1593 810 1662 dignae,
843 1592 1070 1662 soloque
1091 1591 1278 1647 cinere
1300 1592 1356 1646 et
1388 1591 1627 1662 pulvere.

2127 1606 2188 1643 τε
2215 1590 2313 1644 καὶ
2343 1590 2523 1661 ὁρμῆς
2548 1589 2805 1660 ἔμπλεως
2833 1586 3077 1658 γεγονὼς
3102 1588 3196 1641 καί
3221 1585 3423 1665 τάπῶν
3447 1585 3721 1655 δαιμόνων

431 1685 728 1756 ἀγάλματα
750 1685 1054 1758 περιελθὼν
1083 1685 1344 1757 καθαιρεῖ
1375 1686 1557 1740 πάντα
1587 1685 1684 1740 καὶ
1712 1687 1793 1750 εἰς
1821 1684 2021 1756 ἔδαφος
2060 1686 2387 1758 ἀνατρέπει,
2442 1688 2513 1739 τά
2544 1686 2650 1756 γῆς
2703 1684 2919 1756 ἀληθῶς
2966 1684 3091 1749 ἄξια
3152 1683 3245 1737 καὶ
3317 1683 3515 1736 σποδοῦ
3550 1684 3722 1754 μόνης

432 1781 529 1833 καὶ
559 1779 784 1845 κόνεως.

505 1876 574 1931 Χ.
611 1877 747 1931 Cum
779 1882 957 1931 autem
1006 1883 1128 1946 post
1158 1875 1272 1932 hate
1302 1875 1664 1932 accessissent
1690 1874 1912 1944 quidam
1943 1890 2008 1930 ex
2039 1877 2086 1938 Β

2189 1872 2246 1927 l'.
2276 1870 2433 1925 Μετά
2468 1870 2525 1924 δὲ
2572 1868 2748 1924 ταῦτα
2784 1866 3232 1942 παραγενόμενοί
3257 1882 3407 1929 τινες
3445 1865 3554 1921 τῶν
3590 1866 3717 1920 ἀπξ.

434 1968 774 2038 inﬁdelibus,
808 1978 865 2023 ut
904 1970 1012 2025 illis
1037 1969 1417 2025 sacriﬁcarent
1449 1968 1664 2032 statuis,
1699 1978 1751 2023 et
1774 1982 1867 2021 eas
1893 1982 2022 2038 pre-

2132 1980 2272 2019 στων
2321 1963 2416 2016 τοῦ
2470 1963 2567 2016 καί
2622 1960 2786 2016 θῦσαι
2831 1962 2946 2023 τοῖς
2994 1959 3265 2021 τοιούτοις
3311 1957 3595 2026 ἀγάλμασι
3627 1954 3722 2008 καὶ

432 2072 714 2129 curentur,
773 2062 1151 2134 vidissentque
1208 2062 1357 2131 gravi
1421 2075 1548 2116 casu
1581 2060 1878 2125 corruisse,
1914 2075 2021 2114 non

2128 2056 2559 2128 προσεύξασθαι,
2589 2055 2683 2109 καὶ
2710 2052 2915 2121 πτῶμα
2939 2052 3197 2121 κείμενον
3227 2049 3467 2120 χαλεπὸν
3498 2049 3722 2113 ἰδόντες,

433 2156 758 2224 ignorarunt
794 2155 1004 2209 hostem
1044 2171 1060 2209 :
1096 2154 1452 2208 maniiestum
1491 2153 1640 2207 enim
1677 2160 1732 2208 et
1763 2153 1940 2208 virtus
1970 2160 2023 2206 et

2125 2152 2227 2205 οὐκ
2258 2150 2534 2220 ἠγνόησαν
2565 2149 2657 2201 τὸν
2710 2146 2973 2214 πολέμιον
2999 2159 3013 2175 ο
3046 2144 3204 2214 δῆλον
3231 2145 3340 2212 γὰρ
3374 2143 3409 2215 ἢ
3462 2159 3521 2195 τε
3553 2138 3726 2211 ἀρετὴ

433 2244 679 2301 studium
717 2244 1022 2315 arguebant
1057 2243 1313 2313 utrinque
1346 2243 1669 2298 Abramium
1691 2259 1705 2296 :
1730 2241 2024 2311 statimque

2126 2244 2223 2296 καὶ
2252 2243 2279 2296 ὁ
2318 2241 2483 2312 ζῆλος
2534 2240 2753 2294 ἐποίουν
2786 2238 3069 2308 πανταχοῦ
3118 2237 3211 2288 τον
3251 2235 3557 2305 Ἀὃράμιον
3580 2251 3594 2264 ·
3627 2234 3728 2288 καὶ

432 2338 701 2411 correptis
716 2339 880 2410 lignls
892 2348 944 2394 et
960 2336 1250 2408 lapidibus,
1271 2347 1495 2408 repente
1511 2337 1566 2392 in
1585 2345 1833 2393 sanctum
1854 2336 2023 2391 irrue-

2126 2328 2261 2397 ξύλα
2315 2330 2411 2384 καὶ
2480 2328 2666 2393 λίθους
2729 2327 2892 2390 εὐθὺς
2948 2325 3307 2396 ἁρπάσαντες
3354 2325 3506 2378 ἔθεον
3535 2324 3727 2394 άθροοι

431 2440 567 2488 runt
588 2448 604 2489 :
639 2445 740 2487 nec
758 2431 910 2501 prius
928 2441 1210 2487 cessarunt
1227 2443 1351 2484 eum
1371 2439 1556 2501 petere
1574 2439 1626 2484 et
1645 2427 2021 2483 crudelissime

2127 2424 2272 2479 κατὰ
2306 2422 2401 2479 τοῦ
2432 2423 2590 2492 ἀγίου
2622 2425 2718 2477 καί
2743 2423 2843 2477 οὐκ
2873 2422 3084 2491 ἀνῆκαν
3116 2420 3408 2492 βάλλοντες
3439 2419 3602 2473 αὑτὸν
3628 2416 3728 2472 καὶ

430 2532 738 2593 percutere,
779 2536 943 2594 quam
988 2539 1111 2578 eum
1154 2523 1422 2578 vidissent
1466 2521 1628 2591 plane
1653 2518 1936 2585 defecisse,
1967 2525 2024 2573 et

2125 2514 2389 2588 ὼμότατα
2444 2517 2725 2580 παίοντες.
2785 2515 2892 2579 ἕως
2925 2513 3211 2578 παντελῶς
3249 2513 3727 2584 ἀπαγορεύσαντα

432 2615 859 2687 extremamjam
882 2616 1311 2686 agereanimam.
1335 2611 2022 2679 Recesseruntenim,exi-

2125 2608 2267 2664 εἶδον
2289 2611 2385 2664 καὶ
2419 2610 2554 2680 πρὸς
2586 2610 2780 2671 αὐταῖς
2821 2606 2924 2679 ἠδη
2958 2608 3081 2671 ταῖς
3123 2606 3382 2676 ἐσχάταις
3415 2603 3725 2668 ἀναπνοαῖς

431 2707 718 2763 stimantes
746 2721 873 2762 eum
906 2721 1029 2762 mox
1057 2721 1183 2762 esse
1202 2706 1547 2761 moriturum.
1585 2704 1680 2759 Ille
1700 2714 1881 2759 autem
1900 2717 2021 2758 cum

2124 2702 2461 2773 γενόμενον
2497 2701 2548 2754 οἰ
2587 2701 2685 2770 μὲν
2719 2700 2829 2769 γὰρ
2864 2699 2965 2752 οὐκ
2991 2699 3074 2763 εἰς
3134 2697 3357 2768 μακρὰν
3386 2695 3551 2749 αὐτὸν
3586 2695 3728 2749 ἀπο-

430 2799 582 2854 eirca
597 2798 831 2855 mediam
851 2808 1062 2855 nectent
1080 2808 1354 2865 recreatus
1370 2808 1511 2855 esset
1523 2799 1591 2854 ab
1604 2798 1712 2853 illis
1725 2796 2022 2852 intoleran-

2126 2793 2410 2849 θανεῖσθαι
2433 2794 2763 2862 νομίσαντες
2790 2792 3219 2864 ἀπηλλάγησαν.
3280 2792 3342 2845 '0
3373 2790 3432 2844 δὲ
3466 2789 3607 2862 περὶ
3624 2787 3729 2858 μὲι·

430 2888 520 2945 dis
537 2888 837 2955 doloribus,
866 2889 954 2944 vix
973 2890 1190 2944 tandem
1209 2904 1459 2959 surgens,
1480 2888 1535 2944 in
1555 2890 1811 2959 templum
1842 2897 1925 2944 est
1947 2889 2025 2942 in-

2127 2904 2229 2951 σας
2274 2886 2480 2951 νύκτας
2506 2886 2615 2941 τῶν
2649 2886 2944 2956 ἀφορήτων
2974 2884 3185 2938 ὀδυνῶν
3239 2883 3467 2937 ἐκείνων
3497 2884 3727 2949 ἀνενεγ-

434 2992 659 3051 gressus
695 2990 796 3036 :et
819 2996 940 3036 cum
975 2996 1035 3036 se
1053 2995 1286 3051 pronum
1320 2981 1470 3036 humi
1519 2982 1827 3053 deiecisset,
1885 2979 2022 3036 ﬂens

2128 2977 2265 3043 κὼν,
2323 2979 2479 3048 μόλις
2531 2978 2608 3042 ὡς
2654 2972 2801 3047 εἶχεν
2857 2974 3176 3039 ύπαναστάς
3221 2974 3474 3046 εἰσῆλθεν
3522 2974 3606 3037 εἰς
3632 2972 3729 3026 τὸν

434 3073 708 3143 graviter,
740 3084 797 3128 et
833 3072 1010 3129 fronte
1039 3076 1213 3129 solum
1262 3075 1557 3132 verberans
1584 3114 1600 3142 ,
1657 3074 1927 3129 acerrimo
1970 3083 2025 3128 et

2127 3069 2255 3125 ναδν
2281 3072 2378 3125 καὶ
2403 3070 2590 3142 πρηνῆ
2615 3068 2945 3124 καταϐαλὼν
2978 3068 3171 3121 ἐαυτὸν
3191 3068 3286 3120 καὶ
3317 3066 3514 3137 πικρὸν
3549 3065 3730 3119 κάτω-

433 3164 677 3219 maximo
703 3165 882 3220 studio
909 3164 1166 3221 fundebat
1198 3180 1389 3236 preces
1412 3179 1513 3237 pro
1565 3166 1784 3221 illorum
1818 3166 2019 3232 salute,

2132 3164 2227 3220 θεν
2259 3165 2586 3236 ἀνοιμώζων
2617 3165 2713 3218 καί
2757 3162 2835 3234 τῷ
2875 3162 3121 3235 μετώπῳ
3155 3163 3377 3216 τύπτων
3411 3161 3474 3215 τὸ
3505 3161 3724 3230 ἔδαφος,

433 3264 496 3307 ut
515 3253 853 3320 depellerent
881 3257 1175 3328 impietatis
1204 3236 1425 3328 nubem,
1450 3272 1572 3328 quae
1599 3272 1695 3316 eos
1723 3257 2024 3324 detinebat,
2051 3254 2055 3280 ⁴

2128 3258 2195 3327 τῇ
2219 3255 2521 3326 θερμότητι
2550 3254 2722 3326 ταύτῃ
2757 3254 2849 3308 καί
2883 3257 2948 3326 τῇ
2982 3253 3187 3325 σπουδῇ
3218 3254 3330 3307 τῶν
3364 3254 3543 3324 εὐχῶν
3582 3253 3726 3320 ὑπὲρ

433 3357 491 3402 et
518 3363 653 3418 pure
681 3350 995 3419 aspicerent
1015 3351 1087 3408 ad
1145 3352 1325 3409 radios
1357 3348 1624 3408 veritatis.
1658 3351 1815 3407 Mane
1843 3359 2024 3407 autem

2128 3346 2229 3419 τῆς
2267 3348 2493 3401 ἐκείνων
2542 3348 2813 3419 ἐκέχρητο
2877 3346 3177 3417 σωτηρίας,
3222 3344 3368 3399 ὥστε
3394 3345 3456 3399 τὸ
3489 3345 3724 3414 κατέχον

435 3453 560 3494 cum
597 3439 673 3495 illi
707 3441 774 3495 ad
808 3442 1066 3511 templum
1100 3444 1487 3511 accessissent,
1524 3457 1635 3499 non
1673 3442 1850 3513 gratia
1895 3457 2026 3498 ora-

2130 3443 2328 3505 atb'robc
2355 3441 2454 3512 τῆς
2492 3442 2752 3505 ἁσεὸεέας
2778 3440 3184 3495 ἀποσείσασθαι
3211 3440 3379 3511 νέφος
3429 3440 3526 3493 καὶ
3549 3438 3725 3493 καθα-

434 3529 602 3585 tiunis
660 3532 960 3601 (quomodo
989 3532 1157 3599 enim,
1192 3546 1316 3589 cum
1353 3547 1541 3590 eorum
1574 3532 1740 3587 animi
1794 3533 2026 3588 ﬂuctua-

2137 3530 2246 3601 ρῶς
2278 3531 2416 3601 πρὸς
2449 3530 2545 3594 τάς
2574 3532 2749 3601 αὐγὰς
2778 3531 3068 3601 διαϐλέψαι
3095 3531 3196 3602 τῆς
3219 3524 3516 3602 ἀληθείας·
3553 3529 3727 3585 ἕωθεν

434 3627 561 3684 rent
584 3617 765 3674 adhuc
796 3620 913 3676 salo
943 3621 1240 3692 impietatis
1258 3622 1304 3693 ἰ)
1339 3623 1436 3679 sed
1463 3622 1530 3679 ad
1569 3622 1856 3678 videndam
1888 3622 2023 3677 tedi-

2129 3622 2189 3678 δὲ
2210 3624 2454 3676 κάκεῖνοι
2488 3622 2566 3694 τῷ
2597 3623 2714 3692 ναῷ
2745 3625 3095 3688 ἐπιστάντες,
3130 3625 3191 3677 ού
3222 3623 3536 3696 προσευχῆς
3562 3622 3726 3693 χάριν

435 3710 683 3766 liciorum
715 3720 1044 3768 structuram
1078 3714 1224 3785 (erat
1247 3715 1389 3770 enim
1419 3709 1678 3785 templum
1710 3716 1848 3771 bene
1888 3714 2026 3785 ligu-

2134 3711 2274 3783 (πῶς
2302 3711 2410 3783 γὰρ
2440 3711 2523 3765 ἔτι
2557 3714 2632 3784 τῷ
2660 3714 2810 3786 σάλῳ
2846 3716 2947 3786 τῆς
2976 3716 3237 3779 ἀπιστίας
3284 3716 3382 3779 τὰς
3415 3714 3597 3785 ψυχὰς
3628 3731 3725 3768 κυ-

433 3810 636 3865 ratum,
667 3808 722 3858 et
749 3819 835 3870 ea,
867 3819 971 3873 qua
1003 3820 1101 3873 par
1119 3814 1261 3870 erat,
1283 3806 1604 3877 symmetria
1628 3814 2024 3871 constructum,

2135 3805 2456 3875 μαινόμενοι
2478 3823 2493 3874 ;
2513 3806 2557 3876 ),
2592 3807 2729 3861 ἀλλά
2750 3809 2894 3861 κατὰ
2919 3809 3049 3862 θέαν
3079 3809 3180 3879 τῆς
3214 3809 3323 3862 τῶν
3348 3808 3724 3878 οἰκοδομημά-

434 3896 656 3965 etquod
686 3896 923 3951 animum
951 3907 1005 3952 et
1037 3899 1225 3953 oculos
1265 3900 1400 3954 satis
1431 3907 1645 3968 poterat
1690 3898 2022 3968 laetiﬁcare),

2130 3914 2243 3952 των
2279 3899 2631 3965 κατασκευῆς
2684 3896 2786 3972 (ἦν
2822 3902 2933 3973 γὰρ
2962 3903 2989 3955 ὁ
3022 3904 3146 3966 ναὸς
3181 3902 3465 3972 σχήματος
3491 3899 3551 3955 εὖ
3584 3900 3724 3973 ἔχων

434 4002 583 4053 cum,
619 3986 866 4058 inquam,
897 3990 1245 4046 venisseutin
1279 3991 1564 4062 templum,
1588 4000 1645 4048 et
1672 3991 2024 4048 oil‘endissent

2133 3990 2232 4043 καὶ
2254 3991 2622 4062 συμμετρίας,
2650 3994 2747 4046 καὶ
2764 3991 2946 4063 ψυχὴν
2981 3991 3098 4062 sua
3134 3994 3230 4046 καὶ
3250 3992 3571 4061 ὀφθαλμοὺς
3599 3992 3722 4044 ίκα-

438 4086 687 4133 sauctum
713 4079 767 4134 in
798 4094 865 4134 eo
903 4090 1245 4149 precantem,
1274 4082 1516 4153 priorem
1543 4098 1733 4139 rursus
1754 4084 2021 4139 saevitiam

2132 4081 2239 4146 νῶς
2261 4082 2577 4155 εὐφραίνειν
2610 4082 2937 4155 δυνάμενος)
2959 4101 2973 4116 ·
3008 4085 3069 4138 ἐν
3098 4084 3176 4154 τῷ
3203 4083 3317 4153 ναῷ
3350 4083 3534 4137 τοίνυν
3569 4082 3722 4149 γενό·

437 4179 493 4224 et
521 4170 728 4226 rabiem
762 4170 815 4226 in
837 4184 960 4227 eum
988 4173 1349 4229 ostenderunt
1378 4192 1396 4230 :
1426 4182 1483 4230 et
1521 4190 1646 4231 cum
1680 4190 1804 4232 eum
1831 4189 2023 4231 rursus

2134 4189 2309 4240 μενοι,
2350 4173 2564 4227 καὶτὸν
2600 4175 2758 4242 ἆγιον
2782 4174 3081 4245 εὐχόμενον
3113 4177 3170 4228 ἐν
3197 4174 3347 4244 αὐτῷ
3378 4173 3720 4229 καταλαϐόν-

433 4261 604 4317 variis
623 4262 801 4318 modis
847 4269 902 4318 et
933 4265 1284 4321 vehementer
1331 4266 1680 4331 cecidissent,
1712 4266 1941 4322 vinculis
1968 4275 2024 4323 et

2131 4282 2249 4331 τες,
2305 4264 2406 4337 τὴν
2465 4267 2742 4338 προτέραν
2794 4266 2954 4330 αὖθις
2985 4266 3247 4339 ὠμότητα
3281 4269 3375 4320 καί
3403 4267 3611 4321 λύσσαν
3641 4268 3724 4329 είς

435 4352 660 4411 funibus
711 4355 860 4411 omni
920 4369 989 4411 ex
1041 4366 1200 4426 parte
1257 4359 1741 4430 comprehensum,
1800 4359 2025 4415 trahunt

2133 4359 2299 4413 αὑτὸν
2331 4358 2682 4425 ἐπεδείξαντο
2715 4357 2815 4412 καὶ
2844 4358 3202 4429 πολυτρόπως
3235 4359 3325 4411 τὸν
3359 4357 3529 4429 ἄνδρα
3556 4357 3720 4411 πάλιν

433 4460 535 4515 per
558 4444 799 4503 medium
822 4447 1028 4514 vicum,
1063 4457 1122 4503 et
1150 4448 1204 4503 in
1234 4463 1359 4505 eum
1390 4450 1543 4505 omni
1577 4465 1642 4505 ex
1692 4459 1849 4522 parte
1881 4449 2025 4521 lapi-

2132 4453 2230 4506 καί
2253 4450 2502 4523 σφοδρῶς
2533 4451 2909 4523 αἰκισάμενοι,
2943 4453 3166 4521 δεσμοῖς
3213 4469 3272 4505 τε
3304 4450 3572 4504 πάντοθεν
3626 4449 3722 4505 καὶ

435 4539 534 4593 des
565 4537 690 4592 nive
719 4539 950 4596 cedente
977 4541 1260 4597 densiores
1286 4541 1665 4609 coniecerunt,
1701 4543 2023 4612 ignorantes

2133 4547 2392 4618 σχοινίοις
2420 4546 2814 4610 ἀπολαϐόντες,
2842 4546 2934 4601 διὰ
2959 4547 3133 4618 μέσης
3182 4542 3364 4600 εἷλκον
3392 4547 3493 4616 τῆς
3523 4547 3722 4618 κώμης

418 4629 610 4697 ⁶ειιιιιιιί,
640 4644 739 4699 pro
768 4645 875 4701 qua
904 4632 1103 4702 gratia,
1138 4647 1239 4702 pro
1285 4633 1431 4703 quali
1471 4648 1572 4704 pro
1630 4633 1765 4702 ipsis
1827 4648 2021 4705 preca-

2096 4691 2104 4727 ι
2131 4641 2227 4694 καὶ
2280 4638 2465 4704 λίθους
2493 4639 2582 4693 ἐπ’
2615 4638 2783 4694 αὐτὸν
2817 4641 3160 4711 πανταχόθεν
3194 4640 3397 4711 νιφετῷ
3418 4641 3718 4711 παραπλη-

433 4723 602 4790 tione,
627 4723 843 4794 qualem
890 4724 1225 4782 reddiderint
1267 4727 1317 4780 ei
1366 4727 1889 4783 remunerationem.
1930 4726 2024 4780 ille

2094 4723 2099 4729 ’
2131 4731 2279 4797 σίους
2301 4732 2537 4801 ἠφίεσαν
2571 4731 2897 4802 ἀγνοοῦντες
2919 4734 3117 4802 ἡλίκης
3140 4735 3190 4786 oi
3222 4733 3441 4803 μάταιοι
3467 4734 3716 4804 χάριτος,

430 4828 567 4883 ergo
594 4823 724 4871 tunc
751 4815 975 4886 quidem
1007 4817 1078 4872 ab
1102 4817 1182 4872 eis
1213 4815 1434 4893 relictus
1464 4826 1549 4872 est
1605 4816 2021 4884 semimortuus,

2129 4826 2250 4887 οἵας
2285 4824 2430 4897 ὑπὲρ
2461 4824 2645 4879 αὐτῶν
2696 4825 2889 4895 εὐχῆς.
2926 4826 3049 4889 οἵας
3079 4825 3318 4895 ἀμοιϐὰς
3365 4824 3713 4879 ἀπεδίδοσαν.

426 4907 542 4975 jam
573 4923 601 4960 a
630 4906 806 4978 plagis
827 4908 1128 4964 dissolutus
1156 4916 1212 4965 et
1232 4908 1557 4979 sanguinem
1584 4908 1638 4964 in
1667 4918 1868 4964 terram
1899 4907 2025 4964 lun-

2141 4917 2381 4980 Ἐκεῖνος
2407 4916 2591 4970 τοίνυν
2623 4917 2746 4972 τότε
2775 4917 2874 4988 μὲν
2911 4917 3191 4988 ἡμιθανὴς
3235 4918 3327 4971 ὑπ’
3366 4917 3545 4971 αὐτῶν
3576 4934 3714 4971 κατ-ι

434 5001 589 5055 dens.
615 5000 748 5055 Cum
783 5007 962 5056 autem
994 5000 1173 5056 media
1211 5011 1371 5056 nocte
1399 5001 1465 5055 ad
1495 5016 1553 5057 se
1579 5002 1853 5068 rediisset,
1876 5002 2024 5056 dice-

2128 5007 2375 5079 ελείφθη,
2394 5007 2759 5079 ἐκλελυμένος
2778 5008 2882 5063 ύπὺ
2901 5008 3011 5063 τῶν
3030 5008 3256 5077 πληγῶν
3280 5008 3379 5080 ἤδη
3401 5008 3496 5063 καὶ
3519 5012 3721 5078 καταρο

430 5090 528 5148 bat
561 5109 576 5147 :
606 5091 859 5157 Domine,
881 5108 1167 5163 quousque
1192 5091 1538 5147 oblivisccris
1583 5094 1688 5148 mei
1719 5094 1771 5148 in
1816 5092 2025 5149 ﬁnem?

2133 5099 2277 5168 ῥέων
2329 5099 2422 5152 ἐπὶ
2470 5100 2572 5171 τὴν
2602 5101 2729 5171 γῆν.
2762 5102 2919 5155 Ἐπεὶ
2950 5101 3008 5154 δέ
3034 5096 3102 5170 ἦν
3155 5103 3219 5154 ἐκ
3274 5103 3458 5172 μέσων
3502 5100 3719 5156 νυκτῶν

437 5182 730 5253 Quousque
790 5185 994 5240 avertis
1040 5184 1234 5240 faciem
1292 5194 1436 5240 tuam
1481 5200 1509 5238 a
1570 5185 1697 5240 me?
1727 5184 2022 5255 Quousque

2131 5192 2412 5263 ἀνανήψας
2459 5196 2554 5247 καὶ
2608 5194 2797 5266 ὥσπερ
2852 5196 2910 5246 ἐν
2952 5194 3134 5265 ἐαυτῷ
3185 5194 3517 5265 γενόμενος’
3574 5196 3721 5259 Ἕως

435 5289 603 5346 opera
626 5290 883 5333 manuum
918 5284 1132 5333 tuarum
1154 5275 1410 5345 despicis,
1450 5290 1573 5344 qua:
1601 5275 1867 5346 pereunt?
1895 5274 2023 5331 Haec

2136 5286 2287 5352 πότε,
2344 5287 2543 5358 Κύριε,
2577 5287 2785 5356 ἔλεγεν,
2823 5286 3060 5359 ἐπιλήσῃ
3113 5304 3212 5358 μου
3247 5291 3326 5352 εἰς
3383 5288 3571 5356 τέλος;
3613 5288 3720 5353 ἓως

432 5361 548 5427 Deo
605 5368 836 5437 dicebat,
873 5382 929 5428 et
972 5373 1137 5428 verba
1190 5374 1454 5453 miscebat
1506 5372 1783 5448 lacuymis.
1813 5369 2021 5425 Deinde

2132 5379 2265 5433 πότε
2295 5380 2670 5451 ἀποστρέφεις
2702 5381 2760 5434 τὸ
2811 5380 3106 5447 πρόσωπόν
3135 5398 3229 5434 σου
3260 5383 3357 5435 ἀπ’
3394 5381 3571 5453 ἐμοῦ;
3609 5382 3717 5447 ἐως

436 5473 617 5519 autem
640 5463 733 5520 vix
757 5466 975 5521 tandem
1010 5480 1042 5520 e
1071 5466 1189 5524 solo
1242 5469 1438 5537 surgit,
1466 5468 1694 5538 perinde
1721 5481 1786 5521 ac
1833 5465 1880 5522 si
1911 5479 2018 5518 non

2128 5470 2276 5535 τίνος
2339 5472 2407 5526 τά
2458 5472 2597 5543 ἔργα
2643 5472 2753 5526 τῶν
2788 5473 2898 5527 σῶν
2928 5474 3132 5544 χειρῶν
3183 5476 3448 5546 περιορᾷς
3478 5474 3716 5529 ἀπολλυ-ἑ

435 5561 582 5606 esset
625 5552 908 5611 confectus
941 5564 1019 5611 tot
1077 5557 1249 5629 plagis
1286 5568 1343 5614 et
1387 5560 1725 5626 vulneribus,
1750 5566 1809 5613 et
1846 5558 1902 5612 in
1934 5557 2020 5614 di-

2135 5563 2312 5633 μένα;
2377 5563 2569 5618 Ταῦτα
2626 5564 2782 5632 ἔλεγε
2821 5565 2959 5636 πρὸς
3008 5567 3101 5621 τὸν
3136 5566 3269 5620 Θεὸν
3329 5568 3424 5620 καὶ
3451 5567 3715 5638 δάκρυσιν

435 5653 584 5698 mum
616 5646 873 5712 templum
906 5664 1099 5705 rursus
1121 5649 1446 5721 ingreditur.

2136 5654 2332 5725 ἐκίρνα
2361 5654 2431 5708 τὰ
2459 5652 2707 5729 ρήματαζ
2735 5655 2973 5711 Ἔπειτα
3008 5657 3193 5727 μέντοι
3226 5659 3321 5712 καὶ
3346 5658 3714 5712 ὑπανίσταται

435 5735 532 5791 τοῦ
555 5733 793 5807 ἐδάφους
823 5742 988 5813 σχολῇ
1012 5743 1106 5797 καὶ
1129 5744 1225 5799 σὺν
1254 5746 1453 5817 χρόνῳ,
1496 5748 1753 5820 καθάπερ
1776 5747 1844 5802 ἂν
1875 5749 1927 5802 εἰ
1950 5763 2032 5814 τις
2078 5748 2182 5804 ὑπὸ
2222 5749 2500 5822 τραύμασι
2526 5749 2620 5806 καί
2655 5749 2891 5821 πληγαῖς
2918 5753 3208 5817 τοσαύταις
3244 5751 3715 5826 κατειργασμένος

433 5834 532 5886 καὶ
589 5830 670 5893 εἰς
722 5830 814 5886 τὸν
849 5835 1148 5905 εἰρημένον
1181 5838 1338 5905 αὖθις
1368 5838 1497 5895 ναὸν
1529 5842 1861 5913 εἰσέρχεται.

511 5919 554 5955 ⁸⁵
572 5922 772 5981 Ezeclt.
802 5938 959 5989 mu.
1001 5927 1093 5982 ‘25.
