4108 6436
527 474 599 538 ω
1796 483 2085 546 MENSIS
2126 483 2498 548 manus.
3686 458 3782 552 eo

525 597 707 644 essent
738 603 963 645 numero
991 591 1132 646 circa
1180 593 1342 647 mille.
1375 593 1439 648 Et
1478 597 1729 667 deinceps
1753 610 1869 655 erat
1902 598 2086 653 multus

2206 599 2511 671 πτίσματος
2556 600 2756 665 αὐτοὺς
2785 601 3065 667 υἱοθεσίας
3122 602 3374 672 καταξιοῖ
3405 605 3531 677 περί
3566 622 3669 659 που
3699 628 3785 678 χι-

429 710 451 731 .-
528 683 580 734 in
607 682 689 736 eis
714 681 953 751 quotidie
978 682 1330 740 admonendis
1369 694 1423 742 et
1460 689 1742 746 docendis.
1778 691 1859 746 Illi
1912 706 2095 750 autem

528 780 784 839 tanquam
835 773 974 826 bona
1011 781 1177 840 terra,
1208 786 1263 831 et
1308 777 1546 847 pinguis.
1578 790 1633 837 et
1662 784 1820 853 aquis
1868 786 2095 858 irrigua,

525 865 874 921 reddiderunt
923 865 1133 922 fructus
1176 869 1561 938 multiplicatos
1597 872 1902 930 divinorum
1932 880 2098 933 semi-

526 969 676 1009 num.
735 955 915 1025 Atque
962 972 1139 1016 annus
1192 961 1410 1031 quidem
1459 964 1513 1018 in
1540 965 1622 1022 his
1648 981 2000 1039 consumptus
2029 970 2098 1026 ab

456 1070 465 1079 υ
522 1047 798 1103 Abramio.

592 1225 736 1286 XIII.
762 1229 966 1287 Deinde
997 1233 1212 1299 timens,
1248 1250 1333 1301 ne,
1367 1236 1494 1292 dum
1533 1238 1585 1292 in
1607 1238 1708 1294 vici
1743 1228 1891 1295 curis
1918 1258 2097 1301 versa-

523 1322 680 1370 retur
699 1325 755 1371 et
784 1319 1123 1385 tumultibus,
1153 1324 1257 1378 sibi
1310 1326 1489 1396 aliqua
1522 1343 1581 1382 re
1607 1329 1910 1398 indulgeret
1932 1350 1997 1387 ex
2030 1336 2096 1390 iis

518 1421 640 1473 qua
666 1408 733 1461 ad
766 1409 966 1464 victum
994 1412 1266 1480 pertinent
1295 1430 1311 1470 :
1342 1431 1576 1487 cumque
1603 1420 1715 1489 jam
1746 1423 1952 1478 videret
1974 1441 2097 1495 gre-

524 1510 644 1561 gem
679 1497 978 1567 perlectum
1012 1510 1066 1556 et
1112 1505 1415 1561 absolutum
1446 1508 1499 1560 in
1554 1510 1753 1566 divinis
1804 1517 2092 1583 mandatis,

518 1585 707 1638 statuit
735 1587 801 1640 ad
835 1588 1067 1656 priorem
1099 1595 1299 1648 reverti
1355 1595 1729 1654 solitudinem.
1761 1601 1897 1657 Cum
1930 1617 2092 1661 noctu

521 1674 702 1744 itaque
761 1681 1115 1745 surrexisset,
1147 1684 1400 1740 dicebat;
1436 1684 1683 1754 Domine,
1713 1694 1805 1761 qui
1852 1709 1913 1750 es
1945 1698 2095 1754 solus

520 1768 716 1832 bonus,
748 1770 839 1837 qui
876 1772 1024 1827 solus
1052 1789 1111 1830 es
1138 1776 1423 1832 immemor
1452 1794 1687 1852 acceptas
1736 1785 1965 1856 injuriae,
2000 1792 2092 1859 qui

518 1858 658 1913 hanc
684 1874 870 1915 recens
894 1863 1172 1920 collectam
1198 1868 1596 1926 multitudinem
1623 1877 1829 1931 solvisti
1856 1894 1885 1933 a
1904 1858 2090 1937 vincu-

520 1946 587 1999 Iis
618 1950 934 2017 adversarii,
971 1965 1020 2007 et
1046 1970 1145 2026 per
1170 1972 1312 2025 eam,
1333 1975 1494 2030 quam
1527 1965 1580 2019 in
1604 1975 1655 2020 te
1678 1968 1900 2035 habent,
1927 1941 2164 2029 lldent'B

518 2048 609 2091 tuo
637 2040 901 2111 colligasti
936 2045 1151 2100 vinculo
1182 2066 1198 2104 :
1228 2065 1487 2107 conserva
1523 2055 1663 2110 hunc
1691 2075 1913 2128 parvum
1940 2072 2089 2120 tuum

516 2143 735 2198 gregem
763 2133 1023 2189 invictum
1049 2137 1118 2191 ab
1140 2138 1354 2197 insidiis
1371 2144 1697 2212 daemonum,
1718 2166 1813 2206 eos
1833 2163 2087 2226 tanquam

516 2220 684 2274 nrtltis
738 2226 887 2277 muni
923 2233 1011 2279 tua
1045 2232 1399 2297 protectione,
1436 2245 1491 2291 et
1527 2251 1650 2293 eum
1694 2243 1917 2312 accinge
1943 2220 2089 2304 τίοι·ιί

520 2321 606 2363 tua
635 2314 871 2379 potentia
899 2332 915 2370 :
945 2325 997 2372 te
1032 2330 1212 2374 autem
1237 2326 1526 2393 pr0pitium
1554 2345 1654 2399 ego
1680 2346 1894 2403 quoque
1928 2343 2092 2392 miser

518 2400 815 2470 inveniam,
847 2409 1064 2475 quando
1084 2411 1349 2478 judicium
1372 2432 1541 2486 pones
1574 2421 1624 2474 in
1656 2400 1828 2491 spem,
1855 2436 1909 2480 et
1928 2431 2090 2485 misec

516 2492 809 2549 ricurdiam
849 2508 992 2553 tuam
1053 2503 1108 2558 In
1159 2508 1395 2565 trutinis.
1428 2512 1510 2566 Ad
1569 2519 1776 2582 peccati
1824 2523 2086 2578 rationem

517 2583 650 2637 nihil
690 2585 821 2641 mihi
858 2588 1152 2660 imputetur
1192 2612 1223 2651 a
1266 2610 1352 2653 tua
1409 2604 1741 2675 benignitate
1799 2611 1887 2667 bic
1937 2632 2088 2673 meus

513 2686 783 2731 recessus.
839 2678 915 2731 'I‘u
949 2685 1092 2738 enim
1125 2702 1184 2741 es
1221 2691 1555 2749 occultorum
1581 2701 1857 2769 cognitor,
1882 2715 1938 2759 et
1967 2724 2089 2761 cor-

512 2764 661 2818 diurn
694 2769 1059 2840 examinator,
1091 2786 1144 2830 et
1171 2788 1227 2832 tu
1253 2794 1283 2833 e
1313 2781 1607 2855 longinquo
1638 2764 1937 2860 cognovisti
1991 2813 2086 2852 co-

516 2853 808 2921 gitationes
860 2875 1030 2924 nicas,
1082 2868 1224 2932 quod
1292 2853 1527 2941 propter
1567 2887 1618 2930 te
1656 2890 1710 2934 et
1740 2884 1812 2935 tui
1847 2900 2085 2944 amorem

518 2950 735 3015 suscepi
765 2950 903 3006 hanc
938 2957 1428 3025 peregrinationem
1461 2981 1475 3019 :
1507 2975 1563 3020 et
1586 2983 1713 3025 ecce
1734 2988 1817 3027 me
1845 2977 2088 3034 subduco

513 3035 584 3089 ab
607 3036 674 3092 iis
702 3041 974 3106 omnibus,
1000 3059 1123 3112 qua:
1158 3048 1226 3102 ad
1265 3051 1465 3108 victum
1508 3059 1800 3128 pertinent,
1843 3078 1909 3118 ne
1944 3068 1988 3121 si
2020 3070 2086 3123 ad

511 3126 713 3197 aliquid
745 3130 960 3198 borum,
999 3145 1252 3206 tanquam
1289 3144 1356 3196 ad
1390 3148 1666 3215 scopulum
1698 3126 1993 3226 impegero,
2032 3160 2084 3214 in

2198 689 2346 753 λίους
2379 691 2472 744 τὸν
2493 691 2727 761 ἀριθμὸν
2771 694 3156 764 ὑπάρχονταςο
3194 694 3292 749 καὶ
3335 696 3396 749 τὸ
3442 697 3540 749 ἀπ’
3570 697 3785 754 ἐκείνου

2198 779 2367 844 πολὺς
2381 775 2450 850 ἦν
2472 781 2767 851 παραινῶν
2801 782 2926 837 καθ’
2967 783 3230 853 ἑκάστην,
3261 786 3358 837 καὶ
3385 785 3656 840 διδάσκων
3679 787 3782 842 αὒ-

2196 870 2345 936 τοῦς,
2376 871 2470 925 καί⁵
2498 871 2902 944 διαλεγόμενος.
2929 874 2993 928 Oi
3026 873 3105 938 δὲ,
3142 874 3296 929 ὥσπε
3307 891 3339 946 ρ
3369 876 3550 945 ἀγαθή
3575 894 3660 940 τις
3686 877 3781 947 γῆ,

2198 962 2293 1015 καὶ
2327 962 2490 1030 πίων,
2547 966 2644 1019 καὶ
2674 963 2923 1036 εὔυδρος,
2974 967 3423 1031 πολλαπλασίους
3477 968 3589 1021 τῶν
3619 968 3783 1022 θείων

2198 1056 2535 1126 σπερμάτων
2554 1057 2681 1121 τοὺς
2709 1059 2960 1128 καρποὺς
2988 1058 3339 1113 ἀπεδίδοσαν.
3375 1055 3658 1113 Ἐνιαυτδν
3682 1059 3783 1132 μὲν

2195 1142 2291 1200 οὖν
2320 1148 2378 1200 ὲν
2405 1146 2617 1210 τούτοις
2637 1146 2714 1217 τῷ
2752 1146 3040 1218 Ἀδραμίῳ
3067 1147 3288 1219 ὴνύετο.

2265 1239 2367 1293 II".
2404 1239 2638 1292 Ἔπειτα
2670 1237 2853 1302 δείσας
2888 1238 2964 1311 μὴ
2994 1240 3053 1293 ὲν
3105 1241 3252 1312 μέσῃ
3282 1239 3448 1312 κώμῃ
3474 1240 3570 1295 καὶ
3609 1258 3778 1311 φρον-

2194 1329 2308 1384 τίσι
2339 1330 2435 1383 καὶ
2467 1328 2721 1399 θορύϐοις
2753 1330 3128 1401 στρεφόμενος
3157 1331 3488 1403 προσηλωθῇ
3530 1349 3639 1386 τινι
3669 1332 3776 1385 τῶν

2199 1420 2491 1493 βιωτικῶν,
2524 1420 2700 1485 ἄλλως
2726 1421 2785 1474 δὲ
2815 1422 2911 1475 καὶ
2938 1421 3041 1492 τὴν
3071 1421 3312 1491 ποίμνην
3335 1422 3437 1492 ἤδη
3463 1427 3581 1484 ταῖς
3605 1422 3780 1484 θείαις

2197 1512 2440 1575 ἐντολαῖς
2501 1513 2951 1583 κατηρτισμένην
3005 1511 3151 1576 ίδὼν,
3206 1514 3285 1575 είς
3340 1512 3440 1579 τὴν
3499 1514 3779 1583 προτέραν

2197 1603 2340 1672 ἔγνω
2369 1604 2464 1658 καὶ
2527 1602 2692 1657 πάλιν
2747 1603 3066 1657 ἐπανελθεῖν
3121 1603 3382 1672 ἐρημίαν.
3423 1604 3635 1664 Nux-rb;
3667 1620 3780 1656 τοι⁸

2195 1693 2406 1766 γαροῦν
2457 1694 2740 1757 ἀναστάς·
2804 1694 2981 1763 Κύριε
3032 1696 3061 1746 ό
3107 1695 3270 1762 μόνος
3292 1695 3520 1761 ἀγαθὸς,
3559 1696 3587 1747 ό
3618 1694 3778 1763 μόνος

2196 1786 2602 1857 ἁμνησίκακος,
2628 1785 2840 1855 ἔλεγεν,
2872 1788 2900 1839 δ
2937 1786 3037 1857 τὴν
3073 1787 3356 1839 νεόλεκτον
3391 1785 3599 1852 ταύτην
3634 1786 3777 1856 πλη-

2197 1875 2296 1929 θὺν
2315 1876 2427 1928 τῶν
2453 1875 2549 1928 τοῦ
2572 1876 2959 1944 ἀντικειμένου
2987 1875 3155 1940 λύσας
3176 1875 3418 1944 δεσμῶν,
3444 1875 3541 1928 καὶ
3569 1876 3658 1929 διὰ
3674 1877 3776 1944 τῆς

2193 1968 2275 2031 είς
2313 1970 2373 2021 σὲ
2402 1969 2640 2031 πίστεως
2665 1967 2816 2038 πόθῳ
2843 1967 3127 2031 συνδείσας
3151 1968 3229 2039 τῷ
3260 1967 3338 2038 σῷ
3366 1969 3527 2032 αὐτὸς
3553 1970 3777 2022 ὲπιεςου⁴

2192 2057 2309 2120 λαῖς
2330 2056 2603 2127 δαιμόνων
2627 2057 2927 2122 ἀνάλωτον,
2954 2058 3016 2110 τὸ
3046 2058 3245 2127 μικρόν
3274 2075 3369 2111 σου
3392 2062 3545 2112 τουτὶ
3575 2059 3774 2129 συντή-

2195 2165 2362 2222 ρησον
2393 2148 2644 2218 ποίμνιον
2663 2165 2676 2178 ·
2710 2147 2953 2217 τείχισον
2981 2148 3183 2212 αὐτοὺς
3216 2147 3293 2211 ώς
3321 2149 3475 2219 ὅπλῳ
3500 2151 3566 2219 τῇ
3592 2156 3779 2219 σκέπῃ

2195 2258 2312 2305 σου,
2344 2241 2439 2294 καὶ
2470 2242 2535 2309 τῇ
2568 2242 2810 2311 κραταιᾷ
2848 2257 2942 2293 σου
2976 2240 3273 2311 δυναστείᾳ
3306 2240 3617 2311 περίζωσον
3642 2257 3656 2273 ν
3683 2240 3780 2292 εὑ-

2195 2335 2332 2404 μενῆ
2367 2332 2424 2385 δέ
2453 2349 2514 2384 σε
2545 2331 2642 2385 καὶ
2675 2335 2705 2385 ό
2735 2331 3084 2399 ταλαίπωρος
3113 2331 3224 2397 ἐγὼ
3263 2330 3505 2400 εὕροιμι,
3553 2333 3643 2385 ὅτε
3674 2331 3780 2403 θή-

2193 2442 2307 2487 σεις
2329 2423 2510 2493 κρίσιν
2539 2425 2621 2484 είς
2656 2422 2849 2475 ἐλπίδα
2884 2423 2979 2475 καὶ
3007 2422 3108 2493 τὴν
3155 2422 3534 2505 ἐλεημοσύνην
3561 2440 3656 2476 σου
3690 2424 3778 2487 είς

2193 2513 2467 2582 σταθμούς
2488 2530 2501 2544 ·
2531 2513 2699 2581 μηδὲν
2733 2513 3132 2583 ἁμαρτήματος
3154 2513 3299 2583 λόγῳ
3326 2513 3404 2586 τῷ
3430 2514 3529 2583 τῆς
3558 2515 3751 2585 ὑποχω

2192 2608 2404 2678 ρήσεως
2457 2605 2664 2673 ταύτης
2721 2604 2871 2673 παρὰ
2901 2607 2968 2674 τῇ
3005 2607 3070 2676 σῇ
3112 2607 3445 2676 χρηστότητι
3497 2606 3779 2676 λογισθείη

2193 2714 2285 2766 μοι
2306 2712 2320 2726 ·
2346 2697 2409 2750 σὺ
2431 2696 2541 2767 γὰρ
2565 2691 2617 2748 εἷ
2646 2694 2895 2766 γνώστης
2922 2698 3171 2765 κρυφίων
3196 2698 3291 2749 καὶ
3313 2698 3556 2768 καρδιῶν
3590 2698 3781 2762 ἐξετα-

2192 2790 2343 2860 στὴς,
2395 2791 2490 2843 καὶ
2542 2790 2607 2842 σὺ
2642 2789 2885 2855 συνῆκας
2918 2790 3049 2852 τοὺς
3083 2789 3471 2860 διαλογισμούς
3526 2808 3628 2860 μου
3665 2792 3779 2844 ἀπὸ

2194 2864 2488 2953 μακρόθεν,
2515 2881 2702 2935 ὅτιδιὰ
2731 2881 2792 2934 σὲ
2827 2882 2923 2934 καὶ
2955 2880 3014 2933 τὸ
3049 2882 3143 2934 σὺν
3168 2882 3391 2951 φίλτρον
3431 2883 3531 2953 τὴν
3564 2883 3776 2951 ἁποδη⁴

2193 2975 2324 3044 μίαν
2354 2974 2562 3044 ταύτην
2584 2974 2810 3044 εἱλόμην
2832 2990 2845 3004 ο
2909 2975 3007 3027 καὶ
3039 2975 3152 3027 τῶν
3186 2974 3464 3043 βιωτικῶν
3497 2976 3606 3028 ίδοὺ
3640 2975 3781 3029 πάν-

2188 3085 2297 3121 των
2320 3068 2556 3137 ἐμαυτὸν
2581 3064 2860 3132 ύπεξάγω,
2909 3066 2984 3137 μή
3018 3065 3118 3119 πού
3152 3082 3256 3119 τινι
3295 3066 3497 3119 τούτων
3520 3061 3609 3118 οἷα
3641 3081 3776 3119 σκο-

2192 3161 2341 3229 πέλῳ
2372 3157 2711 3229 προσράξας,
2749 3159 2807 3211 ἐν
2841 3158 3072 3225 πελάγει
3114 3158 3267 3227 μέσῳ
3320 3158 3428 3209 τῶν
3489 3156 3778 3226 κοσμικῶν

512 3221 694 3275 medio
717 3225 851 3276 mari
879 3239 1130 3281 curarum
1159 3232 1550 3290 inundanarum
1597 3221 1818 3295 subeam
1846 3221 2076 3302 naufra-

2187 3221 2482 3323 φροντίδων
2514 3221 2733 3304 ύποστῶ
2756 3251 2849 3304 τὸν
2869 3221 3154 3318 ναυάγιον.
3197 3221 3324 3319 Εἶχε
3369 3251 3468 3319 μὲν
3497 3249 3592 3303 οὖν
3621 3249 3777 3317 αὐτῷ

509 3311 678 3382 εἰιιιιι.
701 3314 880 3387 Atque
901 3321 981 3374 sic
1009 3323 1225 3390 quidem
1261 3324 1420 3381 linem
1456 3343 1788 3398 acceperunt
1821 3335 1937 3402 ejus
1963 3354 2085 3407 pre-

509 3416 643 3456 ces:
676 3414 729 3458 et
788 3420 912 3461 cum
969 3409 1246 3467 Dominico
1277 3416 1432 3485 signo
1482 3420 1658 3474 vicum
1692 3425 1997 3493 inuniisset,
2033 3442 2086 3485 et

509 3505 635 3545 eum
663 3492 775 3550 Deo
819 3503 1279 3573 commendasset,
1311 3522 1372 3563 se
1401 3501 1701 3568 clancnlnm
1753 3520 1983 3588 proripit
2018 3525 2084 3579 ad

507 3599 809 3643 εεεοεειιιιι.

580 3674 718 3735 XIV.
752 3680 906 3739 Mane
946 3700 1077 3757 ergo
1120 3704 1244 3744 cum
1280 3691 1349 3746 de
1393 3709 1545 3751 more
1591 3701 1869 3756 venissent
1908 3704 2083 3760 vicani
2144 3749 2155 3755 -

510 3767 578 3823 ad
605 3771 859 3839 templum
890 3774 1255 3845 Dominicutn,
1287 3791 1349 3837 ut
1378 3782 1813 3843 benedictionem
1847 3790 2085 3850 Pastoris

511 3872 955 3931 assequerentur,
987 3883 1220 3938 cumque
1268 3888 1393 3926 eum
1453 3875 1526 3930 ibi
1575 3892 1680 3931 non
1728 3880 2080 3953 invenissent,

472 3982 477 3987 -
510 3950 635 4007 ilius
663 3957 859 4010 invasit
887 3959 1157 4028 confusio,
1195 3978 1506 4036 mterorque
1531 3981 1584 4024 et
1607 3972 1771 4027 animi
1798 3950 2081 4047 aegritudo.

509 4043 647 4098 Eum
682 4047 847 4116 igitur
891 4051 1177 4122 diligenter
1227 4070 1496 4125 quaarunt,
1534 4076 1640 4116 non
1675 4043 1896 4132 parvam
1926 4078 2083 4128 terra:

511 4146 721 4201 partem
753 4138 1038 4197 obeuntes.
1071 4142 1176 4200 Sed
1205 4149 1407 4203 reversi
1450 4153 1630 4207 vacuis
1661 4157 1933 4225 inanibus,
1957 4176 2081 4217 cum

509 4224 703 4281 calidis
742 4228 997 4303 Iucrymis
1043 4239 1308 4292 accedunt
1354 4239 1418 4294 ad
1481 4244 1815 4315 episcopum,
1847 4254 2082 4323 etapud

506 4337 630 4374 cum
661 4322 879 4390 deﬂent,
910 4341 970 4381 se
1003 4343 1125 4384 esse
1163 4331 1404 4400 privatos
1428 4349 1529 4389 suo
1586 4349 1819 4405 pastore.
1852 4340 1948 4399 Ille
1980 4322 2081 4400 au-

510 4424 615 4465 tem
640 4413 913 4468 sauciatus
944 4418 1164 4485 paribus
1189 4420 1307 4475 telis
1327 4423 1686 4492 (egritudinis,
1710 4444 1836 4483 eum
1864 4446 2083 4504 quoque

427 4484 433 4491 ’
506 4502 702 4570 quaerit
729 4484 996 4561 similiter.
1025 4506 1314 4578 Postquam
1346 4528 1472 4568 vero
1509 4525 1564 4569 et
1599 4516 1713 4588 ipse
1741 4484 2079 4591 cogu'ovit'se

2184 3347 2337 3408 τέλος
2358 3344 2425 3398 τὰ
2445 3344 2545 3415 τῆς
2569 3342 2759 3413 εὐχῆς,
2800 3344 2896 3397 καὶ
2925 3345 3045 3413 τρὶς
3075 3342 3153 3413 τῷ
3204 3342 3523 3411 Δεσποτικῷ
3557 3341 3775 3411 σημείῳ

2185 3434 2284 3503 τὴν
2311 3432 2504 3501 κώμην
2539 3432 2949 3501 διασφραγίσας
2982 3433 3078 3485 καὶ
3099 3431 3307 3499 ταύτην
3331 3430 3451 3501 Θεῷ
3480 3432 3774 3501 παραθεὶς,

2188 3525 2352 3596 ἐξόδῳ
2390 3525 2497 3578 τινὶ¹
2520 3523 2759 3596 λαθραία
2788 3525 3016 3578 κλέπτει
3045 3527 3147 3594 τὴν
3177 3524 3553 3594 ὑποχώρησιν.

2262 3703 2357 3760 ΙΔ’.
2388 3705 2598 3759 Ἐωθεν
2625 3705 2719 3760 οὖν
2753 3707 2880 3770 τοὺς
2929 3707 3031 3777 τῆς
3057 3706 3251 3776 κώμης
3277 3706 3337 3757 τὸ
3370 3703 3659 3775 κυριακδν,
3692 3703 3776 3763 ὡς

2184 3798 2328 3861 ἔθος,
2354 3798 2786 3865 καταλαϐόντας,
2826 3799 2970 3853 ὥστε
3019 3802 3119 3870 τῆς
3172 3799 3325 3868 παρὰ
3375 3797 3472 3850 τοῦ
3514 3796 3775 3865 ποιμένος

2184 3890 2435 3958 εὐλογίας
2464 3889 2793 3960 ἀξιωθῆναι,
2821 3892 2917 3944 καὶ
2941 3891 3132 3944 τοῦτον
3172 3891 3231 3943 ὲν
3279 3888 3432 3959 αύτῴ
3464 3889 3538 3957 μὴ
3584 3888 3776 3956 εὑρόν-

2183 3998 2306 4044 τις,
2342 3979 2607 4049 σύγχυσις
2628 3976 2766 4050 εἶχε,
2803 3980 2900 4034 καὶ
2927 3979 3100 4049 λύπη,
3125 3981 3221 4034 καὶ
3251 3978 3465 4045 ἀθυμία
3490 3994 3505 4009 ·
3539 3977 3773 4047 ἔρευναν

2183 4069 2364 4124 τοίνυν
2400 4067 2496 4123 τοῦ
2545 4070 2742 4140 ἀνδρὸς
2807 4071 3015 4140 ἀκριϐῆ
3065 4071 3450 4140 ποιησάμενοι,
3501 4069 3665 4140 μέρος
3706 4085 3771 4120 τε

2183 4161 2287 4229 γῆς
2313 4160 2419 4215 οὐκ
2449 4158 2636 4230 ὀλίγον
2667 4160 2813 4214 κατὰ
2860 4162 3093 4232 ζήτησιν
3123 4162 3338 4215 ἐκείνου
3386 4160 3769 4231 περιελθόντες

2183 4255 2279 4306 καὶ
2333 4255 2518 4315 κεναῖς
2570 4255 2764 4323 χερσὶν
2817 4252 3265 4324 ὑποστρέψαντες
3293 4292 3309 4318 ,
3365 4253 3769 4324 προσέρχονται

2186 4341 2327 4410 μετὰ
2358 4342 2579 4412 θερμῶν
2599 4342 2856 4410 δακρύων
2881 4341 2959 4411 τῷ
2984 4344 3082 4414 τῆς
3116 4342 3428 4414 ἐπισκοπῆς
3459 4344 3769 4416 προεστῶτι

2184 4434 2279 4485 καὶ
2331 4433 2431 4502 τὴν
2479 4431 2574 4486 τοῦ
2637 4433 2771 4485 ἰδίου
2830 4434 3091 4501 ποιμένος
3147 4435 3407 4505 στέρησιν
3432 4435 3569 4505 πρὸς
3605 4434 3769 4488 αὐτόν

2183 4524 2569 4594 ἀποδύρονται.
2613 4524 2671 4577 Ὀ
2706 4524 2760 4576 δὲ
2792 4528 2906 4587 τοῖς
2937 4526 3074 4589 ἴσοις
3105 4526 3206 4596 τῆς
3231 4527 3469 4598 ἀθυμίας
3495 4528 3591 4581 καὶ
3605 4526 3769 4589 αὐτὸς

503 4608 565 4645 ea
626 4592 826 4661 facere,
869 4611 989 4665 qua:
1037 4611 1194 4654 erant
1247 4604 1457 4658 inutilia
1509 4608 1649 4675 (tuto
1679 4612 1822 4665 enim
1855 4627 2076 4684 propter

2187 4592 2414 4683 semesi;
2450 4612 2684 4683 βέλεσιν,
2720 4614 2843 4685 ίσην
2875 4614 3045 4668 αὐτοῦ
3092 4592 3461 4670 ποιεῖταινκαὶ
3511 4616 3762 4686 ζήτησιν.

501 4685 701 4751 quietis
744 4701 808 4742 ac
852 4689 1047 4745 silentii
1084 4695 1432 4761 cupiditatem
1486 4698 1687 4755 latebat
1732 4703 2067 4778 Abramius),

504 4782 649 4838 tunc,
686 4778 771 4833 sui
802 4780 931 4835 cleri
960 4796 1181 4852 accepta
1220 4797 1373 4853 parte
1416 4789 1617 4857 aliqua,
1669 4808 1790 4847 cum
1839 4799 2076 4854 venisset

502 4861 570 4915 ad
604 4863 801 4932 vicum,
845 4870 1078 4936 primunt
1123 4874 1338 4941 quidem
1393 4878 1603 4932 illorum
1668 4884 1880 4939 animos
1939 4890 2074 4944 satis

500 4956 833 5022 consolatur,
863 4960 954 5028 qui
989 4977 1130 5032 aegre
1162 4965 1409 5022 ferebant
1455 4973 1689 5039 pastoris
1733 4977 2063 5033 absentiam.

502 5043 708 5101 Deinde
731 5064 851 5102 cum
875 5068 968 5105 eos
991 5054 1261 5123 elegisset,
1285 5060 1375 5126 qui
1411 5074 1568 5117 erant
1592 5065 1789 5122 virtute
1808 5070 2072 5140 insignio-

502 5154 589 5192 res
613 5156 628 5193 :
650 5142 851 5197 etalios
879 5147 1093 5214 quidem
1118 5154 1486 5224 presbyteros,
1523 5155 1657 5211 alios
1679 5170 1857 5215 autem
1885 5162 2076 5219 diaco-

504 5247 604 5286 nos
642 5235 1041 5305 constituisset,
1065 5253 1119 5296 et
1153 5243 1287 5298 alios
1316 5258 1626 5316 coolitnsset
1656 5253 1706 5305 in
1729 5252 1862 5307 alios
1885 5270 2074 5311 sacros

499 5325 701 5391 gradus
731 5344 746 5381 :
784 5336 838 5382 et
866 5327 932 5383 iis
963 5332 1126 5386 veluti
1158 5339 1444 5402 quamdam
1469 5341 1783 5398 tradidisset
1810 5346 2070 5415 regulam,

502 5426 556 5470 et
588 5416 818 5474 formam
855 5421 1291 5493 gloriﬁcationis,
1316 5445 1434 5499 qua:
1464 5432 1521 5484 tit
1548 5433 1600 5485 in
1629 5432 1894 5501 Ecclesia,
1913 5449 1967 5491 et
1993 5442 2074 5494 eis

503 5520 755 5576 precatus
788 5526 931 5570 esset
947 5517 1109 5570 vitam
1134 5532 1376 5586 paratam
1403 5535 1455 5574 et
1490 5538 1519 5576 ιι
1552 5526 1796 5580 molestia
1822 5528 2067 5595 liberam,

507 5603 726 5661 recedit.
760 5606 891 5672 Qua:
917 5610 1131 5675 quidem
1167 5630 1264 5666 nec
1286 5615 1527 5669 divinum
1557 5618 1774 5687 quidem
1798 5620 2071 5677 latuerunt

503 5697 842 5753 Abramitnn.
864 5698 969 5754 Sed
992 5702 1106 5772 ipse
1140 5720 1377 5774 quoque,
1408 5723 1529 5762 cum
1565 5710 1617 5763 in
1656 5727 1741 5778 eo,
1773 5712 1823 5765 in
1857 5729 1963 5783 quo
2000 5714 2074 5769 la-

504 5788 670 5851 tebat,
706 5788 821 5843 loco
847 5792 959 5849 haec
1006 5809 1102 5863 per
1137 5796 1396 5865 Spiritum
1429 5803 1791 5869 cognovissm,
1822 5806 1890 5860 ab
1925 5807 2067 5862 illius

505 5880 606 5939 t‘ici
653 5881 801 5940 curis
859 5886 1096 5942 animum
1152 5888 1418 5945 liberavit.
1457 5890 1588 5947 Nam
1623 5895 1721 5949 etsi
1760 5896 2073 5952 trahebatur

2189 4707 2345 4759 Ἐπεὶ
2380 4704 2437 4758 δὲ
2460 4708 2554 4759 καὶ
2580 4700 2737 4770 οὗτος
2763 4708 3013 4777 ἀνήνυτα
3039 4706 3182 4775 ἔγνω
3209 4708 3389 4761 πονῶν
3418 4710 3438 4778 (
3460 4707 3770 4778 ἐκρύπτετο

2174 4798 2284 4867 γὰρ
2333 4796 2596 4861 ἀσφαλῶς
2654 4798 2927 4871 ἐπιθυμίᾳ
2983 4799 3078 4853 τοῦ
3127 4800 3229 4868 τῆς
3262 4799 3496 4871 ἡσυχίας
3543 4798 3766 4854 καλοῦό

2186 4888 2530 4958 ’Λϐράμιος),
2565 4888 2731 4960 μέρος
2761 4891 2857 4944 τοῦ
2889 4892 2984 4944 ὑπ’
3020 4891 3185 4945 αὐτὸν
3209 4891 3416 4962 κλήρου
3462 4891 3763 4962 τηνικαῦτα

2175 4979 2515 5050 παραλαϐὼν
2543 4982 2639 5034 καὶ
2697 4982 2780 5046 είς
2827 4983 2928 5052 τὴν
2957 4982 3155 5055 κώμην
3208 4986 3528 5055 γενόμενος,
3572 4983 3765 5054 πρῶτα

2176 5073 2277 5141 μὲν
2329 5069 2534 5135 ἱκανῶς
2569 5072 2986 5143 παραμυθεῖται
3029 5074 3128 5137 τὰς
3165 5075 3393 5128 ἐκείνων
3425 5074 3604 5145 ψυχὰς
3641 5074 3764 5128 ὀδυ-

2174 5162 2357 5233 νηρῶς
2413 5162 2558 5232 ἄγαν
2608 5164 2843 5234 ἐχούσας
2899 5168 2966 5235 τῇ
3019 5165 3114 5220 τοῦ
3140 5170 3401 5237 ποιμένος
3455 5166 3758 5240 ἀποδημίᾳ,

2174 5254 2370 5309 Emit:
2403 5256 2533 5319 τοὺς
2566 5256 2636 5309 δι’
2667 5258 2872 5327 ἀρετὴν
2917 5258 3384 5328 ἑπιφανεστέρους
3414 5259 3760 5329 ἀπολεξάμε-

2174 5365 2286 5411 νος,
2339 5350 2469 5411 τοὺς
2509 5350 2610 5418 μὲν
2641 5350 3073 5419 πρεσϐυτέρους,
3111 5353 3235 5413 τοὺς
3259 5351 3315 5405 δὲ
3359 5353 3639 5416 διακόνους
3664 5354 3761 5405 καὶ

2174 5439 2369 5501 ἄλλους
2408 5441 2589 5504 ἄλλοις
2627 5439 2738 5494 τῶν
2767 5441 2930 5512 ἱερῶν
2956 5442 3333 5510 ἑγκαταλέξας
3359 5443 3590 5513 βαθμῶν
3616 5485 3630 5510 ,
3664 5445 3759 5499 καὶ

2174 5532 2380 5594 τούτοις
2412 5533 2578 5586 οἱονεί
2608 5550 2730 5587 τινα
2778 5535 3058 5603 παραδοὺς
3089 5537 3293 5591 κανόνα
3325 5538 3419 5590 καὶ
3451 5536 3625 5590 τῦπον
3659 5536 3759 5605 τῆς

2177 5626 2320 5679 κατὰ
2360 5625 2461 5695 τὴν
2519 5625 2851 5695 Ἐκκλησίαν
2906 5626 3216 5696 δοξολογίας
3274 5631 3368 5683 καὶ
3397 5629 3544 5702 ζωὴν
3572 5631 3758 5691 αὐτοῖς

2175 5718 2462 5788 εἰρηνικήν
2507 5734 2566 5769 τε
2623 5717 2719 5769 καὶ
2746 5716 2949 5772 ἄλυπον
2991 5720 3388 5791 ἐπευξάμενος,
3418 5720 3760 5775 ἀπαλλάττει

2175 5825 2288 5864 ται.
2344 5810 2521 5879 Ἀπερ
2561 5804 2656 5861 οὖν
2704 5810 2823 5863 οὐδὲ
2856 5810 2946 5864 τόν
2979 5810 3122 5864 θεῖον
3162 5814 3466 5883 Ἀθρὰμιον
3490 5813 3753 5883 ἐλελήθει,

2178 5892 2313 5954 ἀλλὰ
2356 5900 2453 5953 καὶ
2508 5900 2671 5965 αὐτὸς
2730 5903 2787 5955 ὲν
2824 5895 2868 5970 ᾧ
2922 5903 3201 5975 κέκρυπτο
3224 5906 3375 5971 τόπρ
3435 5905 3757 5960 τὰτοιαῦτα

3944 2990 3973 3013 ‘\
