4108 6478
244 472 307 579 et

1547 515 1732 578 VITA
1772 516 1836 578 S.
1880 517 2243 582 ABRAMII.
2515 552 2520 557 -
3475 518 3546 580 62

258 624 444 699 μαθὼν
464 622 570 681 καὶ
610 623 727 679 τῶν
755 623 890 693 περὶ
912 624 1016 695 τῆς
1068 623 1263 695 κώμης
1317 622 1538 696 ἱκείνης
1568 623 1863 697 φροντίδων

1974 641 2164 683 amore
2204 624 2532 689 solitudinis,
2577 625 2723 681 curis
2777 631 2957 680 tamen
3010 627 3190 698 gregis
3217 642 3405 686 rursus
3426 641 3547 685 erat

258 724 356 793 τήν
390 717 582 792 ψυχὴν
609 715 901 780 ἀπολύσας
959 716 1034 789 (εἰ
1071 715 1181 788 γὰρ
1217 713 1299 786 τῷ
1332 714 1432 787 τῆς
1488 717 1728 787 ἐρημίας
1755 718 1867 772 an-

262 829 389 869 πετο
414 812 617 883 ἔρωτι,
657 808 798 866 ἀλλὰ
832 809 931 864 καὶ
976 811 1102 872 ταῖς
1127 808 1255 879 περὶ
1285 805 1382 862 τοῦ
1421 808 1680 881 ποιμνίου
1705 825 1868 878 φρον-

263 903 373 960 τίσι
400 903 571 957 πάλιν
604 902 833 973 δεσμοῖς
858 920 1006 956 τισιν
1040 900 1260 965 ἀλύτοις
1313 901 1569 973 ἐδέδετο),
1631 902 1731 974 τὴν
1758 903 1868 973 ψυσ

264 999 367 1072 χὴν
424 998 614 1051 τοίνυν
672 996 770 1051 ἐπὶ
824 995 1043 1060 τούτοις
1066 994 1483 1074 διαναπαύσας,
1540 995 1660 1067 Θεῷ
1687 1013 1748 1050 τε
1795 995 1868 1051 τὰ

269 1090 460 1147 εἰκότα
533 1088 980 1160 εὐχαριστήσας,
1041 1088 1120 1149 είς
1159 1087 1223 1140 τὸ
1268 1086 1500 1142 παλαιδν
1555 1089 1737 1142 έκεῖνο
1769 1089 1867 1143 καὶ

268 1184 438 1238 aditu
476 1183 768 1238 ἐπάνεισιν
791 1182 1113 1252 οἰκητήριον
1161 1179 1400 1251 ἐχόμενά
1430 1196 1489 1233 τε
1519 1180 1689 1235 αὑτοῦ
1722 1182 1867 1234 οἰκί-

268 1294 401 1330 σκον
423 1277 622 1348 ἕτερον
665 1274 1107 1344 ἐποικοδομήσας
1133 1275 1226 1327 καὶ
1249 1273 1350 1341 τὴν
1378 1274 1864 1343 εἴσοδον-ἀποφρά-

269 1371 392 1436 δας,
443 1372 515 1438 τῇ
553 1367 804 1437 προτέρα
857 1365 1048 1419 δίδωσι
1075 1366 1170 1418 καὶ
1222 1364 1379 1428 αὖθις
1407 1364 1600 1419 ἑαυτὸν
1634 1367 1861 1437 ἐρημίᾳ,

270 1460 408 1514 τίνα
437 1460 501 1514 δὲ
524 1458 596 1513 τὰ
622 1457 880 1510 έντεῦθεν
914 1455 1013 1509 καὶ⁵
1034 1454 1225 1518 ὁποίας
1244 1453 1395 1525 αύτῷ
1419 1454 1606 1524 τίθησι
1630 1454 1866 1523 παγίδας

264 1554 297 1606 δ
329 1554 450 1615 τοῖς
477 1548 752 1613 τοιούτοις
785 1550 874 1602 ἀεὶ
916 1544 1232 1616 βασκαίνων
1259 1545 1481 1616 ἐχθρὸς,
1521 1546 1596 1618 μή
1628 1546 1865 1618 παραλι-

266 1645 397 1698 πεῖν
418 1642 593 1710 ἄξιον.
630 1641 815 1696 sum
845 1638 947 1709 μὲν
971 1637 1038 1709 δή
1069 1637 1267 1702 νύκτες
1293 1633 1439 1709 ἦσαν
1466 1637 1565 1701 τάς
1615 1636 1867 1709 συνήθεις

267 1733 441 1805 εὐχὰς
486 1730 805 1802 ποιουμένῳ
832 1729 911 1801 τῷ
973 1727 1269 1800 Ἀϐραμίῳ
1309 1728 1404 1783 καὶ
1438 1728 1467 1781 ὁ
1511 1726 1607 1781 τοῦ
1641 1728 1866 1792 σκότους

264 1825 591 1896 προστάτης
618 1824 964 1894 προσωπεῖον
985 1823 1164 1890 φωτὸς
1188 1821 1394 1884 ὑποδὺς
1427 1823 1521 1875 καὶ
1548 1820 1681 1875 αὑτὸ
1708 1820 1869 1875 τοῦτο

265 1916 385 1984 θῶς
409 1911 559 1969 εἶναι
594 1914 1058 1984 ὑποκρινάμενος,
1090 1911 1276 1984 φωνὴν
1309 1912 1446 1981 πρὸς
1468 1911 1630 1965 αὑτὸν
1659 1912 1736 1976 ὡς
1760 1912 1869 1966 ἀπὸ

1969 719 2185 775 vinctus
2238 718 2469 774 vinculis
2526 717 2926 775 insolubilibus.
2966 717 3098 775 Cum
3123 735 3273 792 ergo,
3297 720 3442 790 quod
3476 723 3547 778 ad

1968 810 2084 866 haec
2119 811 2408 877 attinebat,
2435 809 2621 882 quieto
2669 819 2814 865 esset
2847 809 3052 875 animo,
3085 822 3141 867 et
3188 812 3314 878 Deo,
3343 822 3403 869 ut
3449 828 3550 883 par

1968 916 2109 971 erat,
2158 906 2358 978 egisset
2378 906 2609 976 gratias,
2645 920 2837 962 rursus
2869 906 3164 963 revertitur
3200 910 3268 963 ad
3295 919 3452 966 vetus
3477 907 3547 963 il-

1968 996 2058 1051 lud
2088 996 2478 1052 habitaculum.
2514 997 2578 1051 Et
2600 1012 2723 1053 cum
2757 998 2805 1051 ei
2860 1000 3171 1070 contiguam
3220 999 3547 1057 adiﬁcasset

1968 1088 2376 1153 doutunculam,
2403 1101 2457 1144 et
2488 1090 2852 1163 obstrinxisset
2882 1091 3110 1156 aditum,
3143 1093 3310 1162 priori
3342 1108 3401 1147 se
3431 1102 3546 1148 tra-

1969 1179 2048 1232 dit
2064 1179 2366 1235 solitudini.
2392 1181 2650 1248 Quamam
2674 1189 2854 1235 autem
2875 1192 3001 1236 sunt
3023 1181 3216 1236 deinde
3229 1191 3541 1251 consecuta,

1967 1277 2022 1325 et
2054 1284 2317 1338 quosnam
2358 1271 2405 1325 ei
2440 1270 2611 1326 tendit
2657 1272 2882 1340 laqueos
2911 1272 3001 1341 qui
3059 1272 3220 1326 rebus
3278 1272 3545 1343 ejusmodi

1970 1360 2173 1415 invidet
2200 1361 2472 1423 inimicus.
2515 1377 2621 1417 nou
2676 1371 2762 1417 est
2815 1364 3361 1433 praetermittendum.
3404 1367 3538 1422 Erat

1968 1452 2185 1520 quidem
2228 1468 2332 1507 uox
2369 1452 2567 1518 media,
2600 1469 2723 1508 cum
2753 1466 3043 1510 consuetas
3070 1471 3260 1525 preces
3291 1455 3547 1512 funderet

1967 1545 2265 1599 Abramius
2289 1561 2304 1599 :
2332 1560 2537 1616 praeses
2556 1554 2737 1600 autem
2765 1548 3132 1609 tenebrarum.
3157 1559 3404 1616 suscepta
3426 1564 3549 1618 per-

1967 1652 2100 1693 sona
2120 1637 2360 1702 luminis,
2398 1648 2451 1691 et
2473 1654 2593 1693 eam
2621 1639 2789 1709 ipsam
2821 1642 3000 1695 lucem
3020 1655 3142 1695 esse
3166 1640 3454 1704 simulans,
3479 1641 3547 1695 ad

1967 1743 2093 1785 eum
2124 1729 2325 1783 emittit
2355 1744 2573 1793 vocem,
2597 1739 2854 1801 tanquam
2879 1747 2946 1786 ex
2970 1746 3165 1802 magna
3197 1732 3547 1787 multitudine

1967 1820 2234 1876 dicentem
2260 1839 2275 1875 :
2298 1821 2495 1878 Beatus
2512 1838 2594 1886 es,
2626 1838 2790 1879 senex
2818 1822 3063 1891 Abrami,
3088 1840 3218 1879 vere
3237 1839 3296 1879 es
3317 1824 3544 1892 beatus;

1969 1921 2023 1966 et
2052 1929 2211 1968 nemo
2251 1915 2304 1969 in
2357 1918 2520 1971 rebus
2562 1916 2763 1971 divinis
2800 1918 2902 1971 fuit
2939 1928 3053 1971 tam
3081 1916 3372 1987 perfectus,
3404 1916 3548 1976 sicut

264 1981 519 2074 πλήθους
569 1981 756 2077 δῆθεν-
792 1981 949 2076 ήφίει
980 2003 1182 2058 πολλοῦ
1202 1981 1244 2036 ί
1269 2004 1561 2076 Μακάριος
1594 1999 1665 2070 εἴ,
1701 2005 1863 2075 γέρον

1972 2016 2046 2060 tu.
2085 2005 2179 2060 ille
2206 2015 2389 2062 autem
2422 2021 2542 2062 cum
2581 2022 2694 2063 rem
2725 2008 2948 2064 minime
2973 2009 3271 2079 ignoraret,
3296 2012 3391 2063 sed
3421 2022 3544 2063 eum

275 2100 576 2171 ’Δϐράμιε,
619 2098 910 2165 λέγουσαν,
946 2097 1118 2160 ὅντως
1152 2094 1428 2167 μακάριος
1462 2090 1534 2159 εἴ,
1569 2096 1662 2150 καὶ
1691 2096 1863 2159 οὐδεὶς

1967 2097 2116 2152 illum
2145 2112 2268 2153 esse
2292 2110 2667 2171 cognosceret,
2704 2100 2797 2169 qui
2847 2102 3059 2169 decepit
3094 2101 3327 2167 primum
3366 2099 3547 2154 Immi-

258 2191 411 2245 οὕτω
431 2190 508 2243 τὰ
532 2189 655 2244 θεῖα
694 2189 901 2252 τέλειος
930 2187 1152 2257 ἐγένετο
1174 2187 1317 2240 κατὰ
1338 2185 1421 2242 σέ.
1463 2185 1521 2240 '0
1550 2187 1607 2240 δὲ
1631 2186 1692 2240 τὸ
1718 2188 1863 2257 πρᾶ-

1967 2200 2108 2247 uem,
2138 2187 2188 2238 ei
2213 2186 2572 2255 suggerendo,
2604 2189 2748 2257 quod
2778 2190 2991 2244 l'uturns
3010 2199 3154 2245 esstit
3189 2190 3296 2243 Deo
3326 2189 3543 2253 similis,

262 2302 381 2355 γμα
416 2284 496 2354 μὴ
556 2284 861 2353 ἀγνοήσας,
916 2279 1055 2334 ἀλλὰ
1093 2280 1286 2333 τοῦτον
1316 2281 1528 2334 ἐκεῖνον
1557 2274 1701 2333 εἶναι
1734 2279 1863 2332 ὑπο-

1967 2284 2013 2330 et
2048 2276 2213 2331 sciret
2250 2277 2390 2333 hanc
2420 2278 2593 2334 lucem
2622 2295 2743 2336 esse
2795 2281 2956 2336 veluti
3011 2281 3302 2351 quamdam
3362 2294 3545 2337 eseam

261 2375 491 2443 νοήσας,
517 2371 611 2425 τὸν
638 2372 735 2424 καὶ
765 2369 958 2440 πρώην
989 2369 1227 2431 ίσοθετας
1259 2369 1498 2440 ὑποϐολῇ
1524 2369 1616 2422 τὸν
1646 2368 1863 2440 ἀνθρω-

1967 2382 2117 2424 vanas
2189 2368 2375 2439 gloria:
2414 2387 2429 2425 :
2467 2370 2829 2442 Compescere
2858 2413 2874 2437 ,
2926 2374 3064 2428 dixit
3110 2389 3125 2427 :
3174 2381 3228 2430 te
3295 2374 3546 2441 increpat

265 2482 367 2518 πον
399 2464 778 2534 ἀπατήσαντα
832 2463 931 2516 καὶ
959 2463 1020 2515 τι
1047 2461 1166 2528 φῶς
1194 2462 1356 2514 τοῦτο
1413 2461 1577 2515 πάλιν
1606 2449 1772 2514 οίονεί
1808 2478 1862 2514 τι

1967 2460 2219 2517 Christus
2282 2462 2447 2527 Deus,
2479 2478 2512 2519 ο
2548 2465 2803 2535 maligne.
2834 2465 2880 2518 A
2920 2481 3006 2520 me
3037 2465 3145 2519 cito
3179 2463 3370 2519 recede
3404 2468 3423 2518 ξ
3453 2461 3550 2517 ab-

260 2555 454 2627 ϐἐλιαρ
483 2548 631 2607 εἶναι
666 2552 980 2620 κενοδοξίας
1028 2551 1318 2607 ὑπολαϐών
1340 2569 1356 2585 ο
1393 2552 1716 2620 Πεφίμωσο,
1748 2551 1863 2604 ἔλε-

1969 2552 2037 2607 sit
2068 2553 2235 2618 enim,
2270 2561 2329 2607 ut
2364 2569 2451 2608 me
2485 2555 2689 2624 aliquid
2740 2557 2887 2610 aliul
2919 2569 3042 2611 esse
3090 2565 3269 2624 putem
3303 2555 3404 2610 nisi
3438 2568 3550 2610 ter-

261 2664 357 2715 γεν
378 2665 393 2678 ·
428 2647 673 2717 ἐπιτιμᾷ
696 2663 780 2699 σοι
799 2645 1040 2716 Χριστὸς
1068 2646 1097 2698 ὀ
1126 2644 1282 2709 Θεὸς,
1312 2646 1517 2714 πονηρέ
1540 2662 1555 2675 ο
1592 2644 1863 2711 ἀφίστασο

1972 2659 2088 2696 ram
2117 2651 2173 2698 ct
2200 2643 2461 2703 cinerem.
2499 2643 2622 2700 llaec
2651 2647 2805 2712 dixit,
2835 2655 2888 2700 et
2916 2646 2968 2700 in
3004 2648 3207 2699 fumum
3245 2647 3424 2700 statim
3447 2644 3550 2700 fuit

264 2740 455 2793 θᾶττον
490 2740 591 2792 ἀπ’
624 2738 789 2806 ἐμοῦ,
826 2736 1108 2807 ὑποχώρει
1144 2754 1236 2807 μοι
1263 2737 1277 2791 !
1318 2737 1475 2790 οὐδὲν
1505 2736 1615 2806 γὰρ
1646 2734 1712 2789 ἂν
1744 2735 1863 2788 ἓτε-

1967 2733 2225 2789 dissoluta
2265 2733 2548 2805 phantasia
2576 2729 2895 2799 liimiuis,‘et
2926 2734 3245 2791 manifestus
3271 2734 3367 2790 luit
3391 2746 3548 2790 actus

263 2849 355 2899 ρον
379 2832 631 2902 ἐμαυτὸν
654 2831 835 2901 ἔγωγε
865 2829 1133 2901 οἰηθείην,
1161 2829 1244 2883 ὄτι
1273 2829 1349 2899 μὴ
1375 2828 1482 2898 γῆν
1513 2828 1608 2880 καὶ
1641 2826 1862 2881 σποδόν.

1967 2827 2256 2882 simulatus
2315 2838 2369 2882 et
2396 2843 2558 2882 scena
2588 2827 2789 2897 abjecit
2824 2843 3136 2895 personam.
3173 2827 3266 2882 Sic
3296 2840 3426 2896 ergo
3451 2844 3550 2898 pn-

262 2922 448 2977 Ταῦτα
504 2918 659 2985 εἷπε,
717 2923 815 2977 καὶ
845 2924 925 2986 εἰς
958 2921 1167 2974 καπνὸν
1199 2921 1358 2984 εὐθὺς
1386 2922 1420 2991 ή
1466 2917 1740 2989 φαντασία
1773 2918 1863 2971 τοῦ

1967 2918 2098 2975 dore
2124 2918 2370 2984 allectus,
2403 2935 2527 2973 eum
2578 2923 2850 2975 contraria
2907 2921 3121 2974 ratione
3181 2921 3493 2990 aggreditur
3527 2936 3544 2974 :

262 3015 439 3084 φωτὸς
465 3015 726 3085 διελύθη,
778 3015 873 3069 καὶ
905 3016 966 3067 τὸ
1008 3015 1194 3084 δρᾶμα
1223 3011 1451 3083 ήλέχθη,
1500 3013 1595 3066 καὶ
1620 3015 1652 3081 ή
1692 3011 1863 3083 σκηνὴ

1967 3010 2108 3065 sicut
2159 3011 2272 3065 illic
2317 3026 2414 3080 per
2469 3012 2858 3077 adulationem,
2907 3011 2979 3066 ita
3029 3011 3118 3066 hic
3169 3026 3264 3081 per
3288 3010 3538 3067 timorem

260 3108 320 3159 τὺ
346 3108 708 3177 προσωπεῖον
740 3102 1070 3176 ἀπέρῤιῷεν.
1114 3103 1274 3156 Οὕτω
1311 3101 1609 3174 τοιγαροῦν
1636 3104 1863 3173 αἰσχυν-

1967 3118 2091 3158 eum
2121 3117 2328 3159 cunans
2359 3104 2730 3174 supplantare.

263 3198 393 3260 θεὶς,
427 3197 523 3250 διὰ
553 3196 672 3249 τῶν
702 3197 966 3250 ἐναντίων
1006 3196 1365 3273 προσϐάλλει,
1429 3196 1622 3268 ὥσπερ
1656 3197 1774 3249 ἐκεῖ
1835 3194 1924 3249 διὰ
1963 3197 2281 3265 κολακείας,
2339 3196 2515 3262 οὕτως
2569 3197 2809 3252 ἐνταῦθα
2852 3199 2941 3253 διὰ
2979 3198 3136 3261 δέους
3191 3197 3548 3253 ὑποσκελίσαι

261 3290 640 3361 πειρώμενος.

328 3379 430 3435 ιε’.
465 3380 548 3434 Ού
582 3380 724 3434 πολὺ
747 3381 856 3452 γὰρ
906 3380 963 3434 ιδ
1000 3383 1058 3435 ἐν
1100 3380 1251 3453 μέσῳ
1274 3382 1370 3437 καὶ
1410 3383 1607 3454 ὁρᾶται
1632 3380 1852 3454 νύκτωρ

2028 3379 2146 3435 XV.
2168 3376 2284 3434 Non
2305 3382 2530 3434 multum
2543 3378 2687 3434 enim
2712 3379 3019 3436 intercessit
3044 3379 3320 3450 temporis,
3352 3388 3403 3433 et
3425 3393 3548 3433 rur-

263 3473 410 3545 αὖτῷ
441 3472 616 3528 πάλιν
646 3473 838 3544 ἀξίνην
861 3473 1117 3546 κατέχων
1144 3478 1213 3546 τῇ
1236 3474 1390 3547 δεξιᾷ
1422 3477 1520 3528 καὶ
1551 3474 1728 3545 μέσην
1762 3475 1862 3543 μὲν

261 3563 456 3627 ἐοικὼς
496 3563 604 3633 τὴν
646 3563 745 3633 τῆς
779 3564 981 3634 στέγης
1013 3564 1172 3619 δοκὸν
1215 3566 1554 3638 διατέμνειν,
1590 3565 1861 3620 συσσείων

262 3654 318 3707 δὲ
343 3654 543 3718 δεινῶς
571 3654 673 3708 καὶ
716 3654 926 3708 κλονῶν
951 3655 1045 3709 τὸν
1093 3656 1365 3721 οἰκίσκον,
1405 3655 1590 3727 πλήθη
1620 3672 1681 3710 τε
1716 3658 1861 3710 κατὰ

265 3748 358 3801 τοῦ
395 3747 717 3817 ’Δϐραμίου
765 3748 905 3818 μετά
956 3747 1199 3817 σπουδῆς
1244 3748 1413 3801 οἱονεὶ
1442 3746 1733 3816 συγκαλῶν
1765 3746 1859 3801 καὶ

266 3840 399 3905 ὅλως
452 3839 712 3911 θορυϐῶν
757 3839 850 3894 τὸν
909 3839 1081 3911 ἄνδρα
1136 3841 1230 3894 καλ⁵
1263 3841 1639 3910 ἐκταράττων.
1714 3839 1772 3894 Ὀ
1802 3840 1858 3893 δὲ

266 3931 562 3986 κάνταῦθα
615 3929 783 3985 πάλιν
812 3932 843 3984 ὁ
870 3931 1030 3993 αὐτὸς
1061 3926 1154 4001 ἦν,
1184 3932 1286 3986 οὐκ
1333 3932 1548 3999 ἀγνοῶν
1572 3932 1666 3984 τὸν
1698 3931 1860 3985 πολέ-

270 4040 388 4093 μιον
407 4039 424 4052 ⁸
461 4021 669 4091 ἀμέλει
706 4022 802 4074 καὶ
832 4022 967 4091 πρδς
991 4023 1088 4093 τήν
1119 4020 1242 4093 ὄψιν
1270 4022 1426 4075 οὐδὲν
1449 4019 1858 4093 διαταραχθείςο

274 4134 291 4166 ι
316 4115 513 4169 Πάντα
530 4112 603 4167 τὰ
628 4112 758 4182 ἔθνη
784 4112 1105 4167 ἐκύκλωσαν
1133 4130 1223 4183 με,
1255 4129 1273 4164 ι
1305 4113 1490 4183 ἡρέμα
1515 4111 1641 4167 καθ’
1670 4112 1862 4166 ἑαυτὸν

265 4206 575 4276 ὑπεφώνει,
611 4222 632 4256 ι
667 4206 762 4258 καὶ
793 4203 873 4273 τῷ
893 4203 1124 4272 ὀνόματι
1178 4204 1391 4275 Κυρίου
1422 4203 1729 4274 ἠμυνάμην
1760 4200 1863 4254 αὒ-

264 4300 409 4362 τούς.
439 4318 462 4351 ι
507 4295 807 4360 Τοιαύταις
829 4298 953 4350 κατ’
987 4295 1187 4367 ἐχθροῦ
1212 4295 1458 4365 ἐπῳδαῖς
1478 4297 1506 4349 ὁ
1536 4293 1859 4366 Ἀϐράμιος,

264 4390 535 4452 τοιούτοις
595 4387 786 4452 ὅπλοις
846 4388 1135 4459 ἐκέχρητο.
1181 4388 1248 4441 Τί
1280 4386 1374 4441 οὖν
1419 4384 1665 4454 ἐκεῖνος;
1706 4385 1861 4438 Ἐπι-

268 4482 561 4551 στρατεύει
588 4480 686 4534 καὶ
714 4477 872 4545 αὖθις
902 4478 1053 4550 αὑτῷ
1076 4479 1216 4549 μετὰ
1241 4479 1438 4545 ταῦτα,
1465 4477 1685 4548 σφοδρῷ
1718 4478 1861 4530 πάνυ

267 4574 401 4645 πυρὶ
432 4574 850 4643 καταπιμπρᾷν
895 4571 1071 4625 δοκῶν
1116 4572 1179 4626 τὸ
1209 4570 1431 4641 ψιάθιον
1451 4586 1466 4600 ο
1501 4569 1595 4624 καὶ
1621 4568 1681 4632 ὃς
1709 4567 1862 4621 οὐδὲν

1965 3487 2060 3528 sus
2105 3473 2173 3527 ab
2205 3487 2272 3528 eo
2307 3481 2465 3528 noctu
2504 3473 2750 3527 cernitur
2777 3488 2936 3527 manu
2974 3483 3161 3528 tenens
3179 3472 3415 3527 securim
3457 3477 3552 3526 :et

1966 3564 2253 3618 videbatur
2280 3564 2498 3634 quidem
2544 3563 2777 3619 mediam
2817 3564 2943 3620 tecti
2987 3565 3195 3619 trahent
3250 3565 3547 3628 dissecare,

1969 3656 2218 3726 graviter
2248 3663 2431 3709 autem
2462 3664 2756 3711 concutere
2781 3666 2838 3709 et
2872 3670 3090 3710 movere
3139 3654 3547 3718 domunculatn,

1966 3757 2022 3803 et
2046 3748 2443 3804 multitudinem
2473 3748 2526 3802 in
2550 3748 2869 3803 Abramium
2891 3747 3047 3817 quasi
3090 3763 3286 3818 magno
3315 3748 3547 3813 quodam

1967 3842 2149 3896 studio
2183 3857 2514 3906 convocare,
2548 3851 2603 3896 et
2628 3844 2694 3897 ad
2726 3856 2991 3896 summam
3012 3855 3132 3895 eum
3154 3840 3389 3910 graviter
3418 3853 3546 3908 per-

1969 3934 2207 3989 turbare.
2242 3934 2337 3989 llle
2367 3942 2545 3988 autem
2585 3933 2675 3988 hic
2706 3946 2923 4001 quoque
2961 3946 3151 3987 rursus
3218 3934 3359 3986 idem
3404 3940 3546 3995 erat,

1966 4027 2176 4081 hostem
2195 4026 2419 4081 minime
2433 4024 2936 4097 ignorans.Visioue
2955 4025 3137 4095 itaque
3152 4024 3280 4078 nihil
3299 4024 3545 4079 territus:

1970 4136 1990 4171 ι
2020 4119 2225 4173 Omnes
2257 4120 2445 4189 gentes
2468 4135 2552 4174 me
2581 4117 3080 4180 circumdederunt,
3122 4136 3141 4170 ι
3177 4117 3376 4171 sensim
3403 4114 3547 4183 apud

1965 4224 2023 4264 se
2045 4210 2281 4276 diccbat,
2319 4230 2339 4264 ι
2375 4220 2429 4266 et
2451 4212 2502 4265 iu
2526 4212 2744 4266 nomine
2772 4211 2980 4265 Domini
3007 4211 3151 4264 ultus
3169 4225 3287 4264 sum
3308 4224 3404 4265 eos
3426 4208 3492 4262 “.
3519 4226 3541 4262 ι

1964 4300 2193 4356 Talibus
2252 4302 2510 4356 adversus
2543 4303 2826 4356 inimicum
2868 4301 3204 4356 carminibus
3236 4299 3545 4366 Abramius,

1966 4392 2165 4448 talibus
2198 4391 2366 4446 armis
2394 4402 2476 4448 est
2514 4408 2661 4446 usus.
2695 4392 2835 4458 Quid
2872 4392 2961 4445 ille
3002 4394 3132 4459 ergo
3155 4389 3180 4445 ἲ
3206 4389 3260 4444 lu
3289 4404 3409 4443 emn
3430 4405 3548 4443 rur-

1964 4500 2058 4540 sus
2106 4485 2304 4541 bellum
2355 4484 2494 4553 gerit
2532 4494 2741 4552 postea,
2777 4494 2833 4537 ut
2862 4484 2952 4552 qui
2978 4482 3284 4538 vehementi
3310 4484 3432 4553 igne
3461 4483 3545 4537 vi-

1967 4579 2189 4653 deretur
2218 4577 2538 4633 comburere
2554 4587 2811 4632 stoream.
2838 4576 2931 4631 Ille
2951 4587 3132 4631 autem
3144 4560 3290 4649 nihil
3324 4575 3548 4633 allectus

268 4667 400 4733 πρὸς
432 4664 542 4736 τὴν
604 4665 783 4732 φλόγα
815 4661 1007 4716 παθὼν
1060 4664 1303 4734 ἐκείνην,
1364 4663 1631 4734 ἅταράχῳ
1680 4662 1861 4733 ψυχῆς

1967 4685 2028 4723 ea
2087 4669 2315 4735 visione,
2369 4668 2622 4723 interrito
2680 4668 2830 4722 vultu
2894 4683 3017 4721 eum
3069 4659 3289 4729 invasit,
3316 4667 3543 4720 dicens:

266 4757 561 4811 ιπέϐαινεν
596 4755 772 4824 αὐτῆς
819 4754 1211 4824 καταστήματι
1235 4770 1249 4784 ·
1291 4773 1311 4807 ι
1362 4754 1488 4807 Ἐπὶ
1517 4752 1860 4831 ἀσπίδαηλέ-

1973 4781 1992 4813 ι
2030 4760 2206 4831 Super
2228 4760 2469 4827 aspidem
2509 4769 2565 4815 et
2612 4759 2893 4814 basilicum
2933 4758 3282 4828 ingredieris,
3324 4766 3380 4812 et
3414 4770 3547 4810 con-

266 4865 395 4917 γων,
452 4851 554 4902 καὶ
595 4847 914 4917 βασιλίσκον
976 4847 1218 4918 ὲπιϐήσῃ
1290 4846 1387 4899 καὶ
1442 4846 1863 4916 καταπατήσεις

1967 4853 2204 4909 culcabis
2264 4852 2475 4909 leonem
2537 4862 2591 4906 et
2646 4852 2938 4906 draconem
2971 4850 3039 4904 "’.
3082 4868 3101 4903 ι
3141 4848 3343 4903 Deinde
3399 4847 3550 4903 venit

264 4942 455 4996 λέοντα
483 4941 584 4993 καὶ
618 4940 912 5010 δράκοντα.
949 4956 968 4990 ι
1003 4933 1138 4992 Εἶτα
1164 4936 1588 5006 καταλαμϐάνει
1613 4937 1802 4989 λοιπὸν
1827 4936 1860 5007 ή

1967 4955 2175 5015 tempus
2198 4943 2517 5000 comedendi
2546 4960 2559 4998 :
2585 4950 2634 4998 et
2667 4942 2759 4996 ille
2784 4942 3002 5011 quidem
3029 4942 3197 4996 solam
3217 4939 3318 4995 sibi
3347 4953 3544 5010 aquam

266 5035 361 5104 τῆς
393 5036 619 5104 τῳφῆς
642 5030 960 5102 προθεσμία
982 5028 1077 5084 καὶ
1104 5031 1133 5083 ὁ
1163 5030 1264 5100 μὲν
1294 5028 1439 5100 ὕδωρ
1474 5030 1636 5099 μόνον
1683 5029 1863 5099 ἑαυτῷ

1967 5038 2189 5108 apponit
2220 5051 2235 5091 :
2262 5036 2529 5107 malignus
2561 5044 2740 5091 autem
2766 5044 3008 5091 mutatus
3034 5035 3086 5089 in
3117 5032 3544 5097 adolescentem,

268 5129 641 5201 παρατίθεται
664 5144 679 5158 ·
709 5124 1032 5196 μεταϐαλὼν
1052 5124 1110 5177 δὲ
1130 5125 1211 5188 είς
1234 5124 1521 5177 νεανίσκον
1543 5125 1571 5176 ὁ
1605 5138 1737 5192 πονη
1748 5122 1860 5192 ρίις,

265 5228 325 5295 τῇ
355 5224 511 5294 χειρὶ
532 5220 706 5287 ψαύει
729 5218 826 5273 τοῦ
862 5218 1151 5289 ποτηρίου,
1195 5217 1502 5289 ἀνατρέψαι
1551 5215 1712 5268 τοῦτο
1740 5232 1860 5267 πει-

1967 5221 2121 5276 vinus
2149 5231 2331 5275 autem
2363 5218 2656 5274 Ahramius
2714 5218 2848 5272 nihil
2899 5219 3245 5288 perterritus,
3273 5220 3545 5275 constanti

268 5319 539 5387 ρώμενος.
591 5311 901 5382 Ἀϐράμιος
930 5310 988 5364 δὲ
1026 5312 1054 5363 ὁ
1091 5310 1236 5373 θεῖος
1276 5308 1442 5381 μηδὲν
1475 5307 1860 5372 ὑποδειλιάσας

1967 5313 2115 5369 vultu
2142 5327 2339 5382 aquam
2374 5312 2606 5380 accepit.
2632 5309 2770 5365 Vide
2818 5318 2998 5365 autem
3031 5311 3161 5366 mihi
3197 5311 3415 5381 maligni
3442 5311 3547 5364 im-

268 5411 404 5480 μετὰ
452 5404 857 5468 καταστάσεως
903 5405 1091 5471 ὑγιοῦς
1134 5403 1196 5456 τὸ
1241 5402 1385 5473 ὕδωρ
1428 5400 1722 5470 προσίετω
1761 5399 1857 5454 καὶ

1967 5404 2295 5476 pudentiam.
2316 5404 2473 5474 Saepe
2506 5402 2780 5473 repulsus,
2806 5415 2872 5455 ne
2895 5403 2977 5457 sic
2994 5403 3208 5471 quidem
3236 5399 3541 5463 recedebat,

264 5507 360 5574 ὁρᾶ
384 5520 480 5574 μοι
498 5500 596 5555 τοῦ
632 5497 881 5568 πονηροῦ
910 5496 1011 5567 τὴν
1037 5496 1316 5551 ἀναίδειαν
1342 5498 1435 5549 καὶ
1477 5497 1628 5558 ὅπως
1654 5493 1857 5548 πολλὰ-

1967 5497 2053 5553 sed
2086 5512 2275 5552 rursus
2300 5497 2352 5551 in
2380 5511 2547 5550 unum
2582 5510 2651 5548 ex
2683 5494 2771 5559 iis,
2803 5494 2894 5563 qui
2926 5502 3117 5551 sancto
3138 5493 3539 5558 ministrabant,

264 5616 348 5661 κις
370 5593 785 5665 ἀποκρουσθεὶς
818 5591 940 5643 οὐδὲ
967 5589 1141 5653 οὕτως
1168 5592 1437 5659 ἀφίστατο
1454 5606 1466 5621 ·
1504 5589 1621 5642 ἀλλ’
1651 5591 1732 5651 εἰς
1756 5590 1855 5642 ἕνα

1967 5600 2112 5646 veste
2138 5601 2193 5645 et
2220 5589 2390 5645 forma
2433 5587 2670 5657 seipsum
2710 5596 2947 5651 mutans,
2998 5602 3119 5641 cum
3152 5595 3373 5642 sanctus
3419 5595 3546 5642 tunc

263 5693 366 5745 τῶν
397 5688 875 5760 ὑπηρετουμένων
904 5684 984 5755 τῷ
1012 5684 1153 5756 ἁγίῳ
1202 5684 1298 5738 καὶ
1332 5684 1495 5754 στολῇ
1522 5686 1615 5736 καὶ
1665 5686 1851 5753 μορφῇ

1967 5684 2297 5747 comederet,
2347 5681 2622 5737 lucernam
2655 5682 2703 5736 ei
2757 5680 3083 5748 apponebat.
3142 5679 3344 5735 Deinde
3379 5679 3540 5734 etiam

264 5784 454 5839 ἑαυτὸν
483 5780 807 5854 διαμείψας,
832 5776 1060 5850 λυχνίαν
1091 5795 1148 5832 τε
1172 5777 1458 5848 παρετίθει
1486 5796 1499 5810 ·
1535 5776 1728 5831 ἔπειτα
1758 5775 1852 5831 καὶ

1967 5776 2250 5831 videbatur
2289 5773 2414 5831 talia
2450 5787 2648 5831 canere
2683 5790 2696 5827 :
2737 5790 2755 5824 ι
2802 5771 2950 5829 Beati
2980 5770 3311 5829 itnzuaculat‘t
3347 5770 3538 5836 invia,

1963 5144 2126 5183 manu
2179 5128 2348 5198 tangit
2393 5128 2668 5194 poculum,
2705 5127 2834 5181 illud
2898 5140 3103 5181 conaus
3143 5137 3409 5182 evertere.
3448 5123 3547 5180 Di-

342 5944 385 5979 "
411 5942 558 6009 Pul.
597 5958 771 6008 ωιτη,
810 5941 901 5997 l0.
985 5940 1193 5998 "i‘sal.
1231 5954 1318 6003 xc,
1358 5937 1442 5993 l3-
