4108 6464
549 453 617 512 63
1854 440 2135 504 MENSIS
2174 439 2521 502 MARTIUS
3744 428 3815 495 Μ

552 571 643 638 qui
702 565 983 619 ambulant
1021 579 1071 618 tn
1104 562 1219 630 lege
1246 558 1449 614 domini
1487 560 1554 616 ".
1595 577 1613 611 ι
1647 555 1748 613 Hic
1771 565 1979 618 autem,
2004 565 2131 607 vere

2249 548 2380 620 ᾔδειν
2412 568 2478 604 τα
2508 545 2736 603 τοιαῦτα
2779 546 2992 600 ἐδόκειο
3030 564 3047 597 ι
3085 545 3367 615 Μακάριοι
3398 543 3448 598 οί
3501 543 3725 615 ἄμωμοι
3754 544 3818 596 ὲν

555 656 767 717 beatus,
797 661 915 710 erat
938 653 1098 722 plane
1140 650 1364 711 surdus.
1408 659 1467 704 ιιι
1500 649 1593 718 qui
1624 662 1783 705 aures
1805 647 1871 702 ad
1897 646 2011 699 haec
2031 643 2128 699 ob-

508 724 517 741 ,
556 755 812 810 strueret,
868 745 1042 800 donec
1092 742 1324 812 sumpsit
1374 741 1502 797 illud
1547 739 1816 795 modicum
1846 736 1974 792 cibi.
2005 735 2132 790 Post

557 840 699 895 hanc
725 847 906 907 autem
935 851 1162 907 parvam
1195 835 1441 908 corporis
1463 833 1824 897 curationem,
1849 829 2029 884 crucis
2058 828 2133 883 sio

556 948 662 1003 gno
687 934 924 988 munitus
949 951 965 987 :
991 931 1048 986 Si
1083 932 1292 997 beatos,
1329 928 1525 1000 inquit,
1562 925 1707 982 nosti
1760 939 1876 989 eos,
1910 923 1999 993 qui
2046 923 2130 976 di-

559 1025 731 1095 ligunt
765 1025 1075 1086 Dominum,
1128 1038 1226 1077 cur
1253 1038 1360 1077 non
1420 1035 1602 1078 cessas
1629 1018 1847 1074 assidue
1870 1016 1951 1072 eis
1980 1014 2136 1069 exhi-

558 1118 692 1174 bere
720 1115 1060 1173 molestiam?
1087 1116 1182 1171 Ille
1216 1125 1397 1171 autem
1431 1110 1786 1183 respondens,
1817 1109 1904 1166 vel
1936 1109 2137 1163 invitus

561 1223 717 1264 suam
774 1208 1065 1263 conﬁtetur
1095 1206 1380 1273 malitiam,
1410 1215 1465 1261 et
1516 1204 1647 1260 dicit
1676 1221 1691 1258 :
1726 1202 1996 1270 Quoniam
2041 1214 2137 1255 eos

559 1302 761 1356 bonum
794 1316 1054 1358 exercere
1089 1301 1265 1364 video‘,
1299 1314 1399 1355 nec
1425 1312 1642 1369 possunt
1672 1295 1784 1368 pati
1831 1294 1885 1351 id
1928 1293 2135 1349 videre.

561 1391 690 1449 Ilaec
714 1409 839 1449 cum
868 1393 1119 1461 dixisset,
1151 1394 1337 1448 statim
1360 1390 1520 1447 abiit.

636 1653 774 1709 XVI.
803 1652 1053 1711 Nondum
1081 1664 1261 1708 autem
1285 1654 1527 1723 quinque
1554 1652 1669 1708 dies
1692 1651 2136 1715 intercesserant,

564 1760 687 1800 cum
720 1746 897 1800 denuo
921 1760 1041 1800 eum
1075 1744 1387 1815 aggreditur
1434 1743 1520 1796 hic
1549 1756 1724 1798 saevus
1790 1740 1961 1796 hostis
2012 1755 2135 1797 eum

565 1837 821 1907 maligna,
851 1852 970 1906 quae
991 1846 1111 1891 erat
1144 1836 1288 1890 circa
1318 1835 1516 1903 ipsum,
1549 1845 1791 1899 caterva,
1814 1842 1870 1888 et
1911 1848 2138 1888 consue-

565 1930 635 1983 tis
660 1929 774 1983 suis
795 1928 1065 1982 machinis
1097 1937 1151 1982 et
1190 1926 1623 1997 importunitate.
1661 1923 1999 1981 Videbantur
2037 1938 2137 1977 att-

566 2031 673 2083 tem
727 2022 948 2077 funibus
994 2021 1377 2076 domunculam
1432 2021 1578 2074 oumi
1609 2035 1673 2075 ex
1712 2030 1865 2090 parte
1894 2034 2135 2086 compre-

566 2114 844 2179 hendisse,
872 2122 926 2167 et
948 2114 1073 2168 totis
1105 2113 1354 2167 manibus
1393 2127 1519 2166 eam
1561 2112 1800 2177 trahere,
1832 2122 1887 2166 et
1918 2127 1976 2166 se
2005 2113 2141 2164 invi-

565 2221 684 2261 cem
716 2206 1017 2272 adhortari,
1058 2216 1117 2261 ut
1139 2205 1256 2259 fieri
1278 2205 1411 2260 solet
1436 2205 1490 2259 in
1513 2203 1857 2259 multitudine
1884 2221 1899 2259 :
1927 2202 2141 2267 Videte,

567 2300 839 2359 dicentes,
867 2309 924 2352 ut
949 2313 1071 2353 eum
1108 2299 1173 2352 de
1223 2298 1525 2367 propinquo
1562 2297 1914 2368 projiciamus
1942 2297 2144 2367 praeci-

567 2392 720 2461 pitio.
761 2391 854 2446 Ille
887 2400 1070 2446 autem
1104 2390 1171 2458 (Ο
1200 2392 1507 2446 interritum
1535 2391 1796 2452 animum,
1832 2388 1879 2445 Ο
1909 2405 2146 2459 genero-

567 2497 687 2537 sum
719 2481 993 2552 spiritum)
1028 2497 1096 2536 ne
1132 2484 1213 2536 sic
1239 2482 1455 2551 quidem
1481 2479 2142 2550 pertimuitimportunum

568 2574 845 2629 inventum
878 2592 895 2628 :
926 2575 1021 2629 sed
1059 2574 1276 2629 dicebat
1305 2589 1320 2628 :
1349 2591 1370 2625 ι
1402 2574 1895 2629 Circumdederuut
1934 2587 2040 2635 me,
2072 2574 2147 2627 si-

566 2676 657 2723 cut
684 2684 812 2739 apes
830 2666 1014 2723 favum
1043 2687 1058 2724 :
1085 2677 1141 2723 et
1161 2676 1488 2723 exarserunt
1512 2667 1653 2723 sicut
1679 2667 1822 2736 ignis
1845 2665 1899 2719 in
1923 2665 2093 2737 spinis
2127 2682 2142 2719 :

566 2771 620 2817 ct
656 2760 708 2815 in
773 2761 991 2814 nomine
1021 2760 1233 2815 Domini
1268 2760 1415 2814 ultus
1446 2775 1563 2814 sum
1606 2775 1701 2815 eos
1740 2761 1806 2814 ".
1846 2776 1864 2811 ι
1903 2757 2031 2812 llam
2059 2757 2147 2811 ille

568 2851 785 2921 quidem
817 2850 957 2920 apud
991 2863 1050 2904 se
1081 2848 1318 2904 dicebat.
1351 2848 1433 2903 llli
1478 2858 1656 2904 autem
1684 2864 1806 2902 cum
1838 2860 2035 2916 magno
2067 2844 2149 2898 fu-

573 2943 683 3015 gati
709 2951 834 2997 sunt
865 2944 1081 3005 timore,
1117 2952 1371 3012 tanquam
1399 2942 1603 3013 egregii
1649 2941 1882 3007 alicujus
1909 2940 2148 3009 impera-

573 3037 729 3094 toris.
766 3051 831 3090 ne
860 3033 1033 3089 minas
1062 3036 1278 3104 quidem
1307 3035 1450 3089 solas
1485 3034 1840 3089 sustinentes.
1862 3033 2037 3100 Atque
2069 3029 2149 3084 sic

574 3128 792 3195 quidem
841 3135 1223 3181 sacrosanctus
1274 3126 1589 3190 Abramius,
1628 3127 1719 3193 qui
1765 3126 1832 3179 ad
1888 3121 2149 3190 spiritalis

573 3218 932 3287 philosophiae
954 3228 1161 3273 tantam
1196 3221 1517 3273 ascenderat
1549 3218 1912 3272 altitudinem.

645 3393 810 3451 XVII.
836 3393 1007 3450 Porro
1038 3402 1219 3449 autem
1270 3395 1322 3448 in
1354 3394 1438 3459 iis,
1472 3409 1593 3463 qua:
1621 3396 1685 3448 de
1718 3394 1809 3448 illo
1838 3401 2146 3465 narrantur,

576 3488 691 3542 haec
719 3502 937 3557 quoque
970 3487 1170 3541 addere
1199 3494 1438 3556 oportet,
1504 3502 1645 3556 quae,
1686 3486 1828 3555 quod
1861 3486 2051 3540 attinet
2084 3485 2150 3538 ad

574 3579 1012 3642 admirationem,
1047 3578 1177 3632 nulli
1217 3580 1417 3632 cedunt
1440 3593 1503 3632 ex
1540 3578 1836 3647 prioribus,
1872 3580 2011 3645 quod
2045 3577 2153 3632 sci-

576 3671 702 3727 licet
726 3686 834 3725 non
861 3672 1035 3725 solum
1070 3670 1248 3724 la‘tum
1272 3670 1483 3723 radium
1518 3685 1735 3738 semper
1759 3683 1788 3722 e
1812 3668 1958 3724 vultu
1992 3669 2153 3724 cmit-

576 3771 736 3826 teret,
772 3762 874 3817 etsi
912 3777 1018 3816 non
1044 3771 1193 3827 esset
1215 3760 1441 3815 robusto
1475 3776 1723 3831 corpore,
1755 3762 1862 3815 imo
1894 3776 1923 3813 a
1960 3776 2151 3831 magna

577 3853 908 3909 abstinentia
968 3854 1247 3907 videretur
1274 3864 1653 3921 consamptus,
1685 3863 1739 3906 et
1775 3851 2101 3922 liquefactus
2134 3868 2149 3906 :

578 3947 672 4002 sed
696 3946 885 4010 etiam,
915 3946 1055 4013 quod
1086 3954 1329 4015 tempore
1366 3947 1572 3999 ultimm
1606 3945 1942 4013 tnigratiouis
1976 3955 2031 4000 et
2062 3959 2154 3999 re-

578 4036 869 4090 solutionis
890 4035 938 4090 is
971 4035 1154 4102 rubor,
1180 4052 1340 4105 quem
1375 4035 1561 4090 habuit
1594 4035 1647 4088 in
1671 4036 1976 4104 juventute,
2001 4050 2153 4090 suam

581 4145 691 4184 non
717 4129 994 4196 ignoraret
1051 4137 1323 4192 naturam,
1364 4144 1485 4182 cum
1518 4129 1695 4183 adhuc
1726 4127 1950 4196 vigeret,
1981 4138 2034 4183 et
2058 4126 2157 4182 llo-

581 4221 735 4276 ridus
758 4222 808 4275 in
833 4222 988 4292 genis
1021 4218 1282 4276 insideret
1314 4238 1329 4275 :
1356 4230 1411 4276 et
1438 4219 1581 4290 quod
1608 4230 1691 4275 est
1716 4221 1799 4276 his
1833 4220 1990 4292 longe
2038 4220 2158 4290 pol--

582 4313 790 4377 chrius,
846 4312 1031 4383 panni,
1082 4313 1281 4381 quibus
1310 4322 1429 4368 erat
1477 4312 1719 4378 indutus,
1750 4322 1862 4368 t0to
1894 4312 1985 4367 illo
2018 4321 2158 4367 tem-

544 4462 549 4469 ,
580 4421 736 4476 pore,
767 4421 873 4474 quo
899 4420 956 4459 se
978 4406 1223 4461 exercuit
1258 4407 1333 4477 (in
1363 4407 1749 4461 exercitatione
1800 4415 1982 4461 autem
2022 4405 2157 4460 vixit

532 4518 533 4521 η
582 4499 878 4554 Abramius
908 4500 1295 4570 quinquaginta
1332 4503 1523 4569 annos)
1560 4516 1664 4554 non
1711 4509 1995 4556 cesserunt
2033 4515 2155 4568 pro-

582 4590 779 4644 lixitati
807 4590 1088 4656 temporis,
1120 4604 1220 4643 nec
1260 4589 1613 4655 emuxerunt,
1644 4590 1739 4645 sed
1773 4600 2030 4660 perpetuo
2056 4588 2159 4644 ﬂo-

585 4682 689 4737 ridi
723 4696 787 4736 ac
832 4691 1079 4737 recentes
1110 4682 1364 4750 tegebant
1406 4684 1581 4737 sancti
1630 4698 1853 4753 corpus.
1888 4682 2040 4737 Nunc
2066 4698 2157 4735 au-

588 4780 696 4826 tem
730 4781 943 4841 tempus
985 4781 1070 4826 est
1130 4773 1443 4827 transeundi
1478 4772 1545 4827 ad
1581 4773 1956 4828 admirabilem
2012 4774 2158 4827 illam

588 4865 984 4930 narrationem,
1011 4878 1130 4933 qua:
1158 4857 1275 4931 ejus
1310 4880 1377 4919 ex
1432 4866 1540 4921 Deo
1592 4866 1715 4929 zeli,
1747 4877 1802 4921 et
1835 4865 2162 4933 apostolico-

588 4969 708 5008 rum
734 4954 1023 5020 viscerum,
1045 4963 1099 5008 et
1125 4953 1279 5010 bona:
1308 4954 1610 5011 aﬂ‘eetionis
1651 4966 1735 5010 est
1763 4957 1997 5011 maxime
2030 4956 2163 5009 insi-

588 5060 715 5114 gne.
746 5045 800 5099 Id
829 5054 1007 5101 autem
1051 5046 1323 5116 principio
1369 5049 1585 5118 quidem
1617 5050 1832 5105 tristitia
1878 5060 1933 5104 et
1978 5051 2165 5106 dolore

592 5136 791 5192 alliciet
820 5138 1133 5195 auditores:
1165 5150 1439 5209 postremo
1470 5152 1649 5197 autem
1676 5141 1843 5196 multa
1868 5142 2164 5215 voluptate,

592 5245 646 5289 ct
666 5237 832 5291 animi
857 5239 1251 5308 tranquillitate
1274 5239 1490 5294 animas
1519 5237 1767 5308 implebit
1799 5259 1814 5295 :
1842 5249 1899 5295 et
1931 5257 2164 5311 persua-

594 5325 744 5380 debit
791 5343 858 5383 ue
893 5328 1184 5398 desperent
1231 5331 1498 5397 homines,
1539 5331 1749 5388 etiamsi
1781 5335 1848 5387 ad
1901 5350 2167 5391 summam

595 5418 815 5472 deducti
846 5418 1051 5475 fuerint
1081 5421 1503 5491 improbitatem.
1532 5421 1604 5476 Ita
1637 5436 1815 5479 autem
1850 5426 2011 5481 habet
2045 5445 2057 5480 :

668 5591 859 5648 XVIII.
890 5594 1136 5651 Mortuus
1177 5606 1262 5654 est
1296 5598 1535 5652 Abratuii
1598 5600 1898 5653 secundum
1947 5616 2164 5655 carnem

597 5683 805 5741 frater:
841 5699 1087 5745 mortuus
1130 5699 1216 5745 est
1265 5699 1467 5754 autem,
1501 5691 1660 5747 unica
1722 5692 1906 5747 relicta
1933 5695 2062 5749 lilia.
2096 5693 2165 5747 Ea

672 5845 715 5876 "
757 5844 899 5901 [δεδι.
925 5861 1115 5914 cmn,
1154 5847 1203 5901 l.
1287 5848 1327 5879 "
1360 5846 1497 5902 Psal.
1526 5861 1734 5913 cum,
1774 5847 1858 5901 1’2.

2232 645 2355 718 ὀδῷ,
2393 647 2445 700 οί
2471 645 2829 717 πορευόμενοι
2864 645 2919 699 ἐν
2942 644 3093 713 νόμῳ
3111 643 3343 712 Κυρίου.
3382 660 3400 694 ι
3436 643 3545 695 Καὶ
3571 641 3600 692 ό
3632 641 3817 709 μακά-

2235 756 2351 809 ριος
2382 739 2549 803 ὅντως
2583 739 2791 801 ἐκεῖνος
2854 735 3035 806 κωφὸς
3082 730 3151 806 ἦν
3180 735 3317 805 πρὸς
3354 732 3527 788 ταῦτα
3562 733 3707 803 βύων
3744 732 3816 785 τά

2234 823 2373 899 ὦτα,
2422 830 2527 893 ἕως
2556 831 2655 902 τῆς
2685 828 2948 900 βραχείας
2996 826 3214 896 ἐκείνης
3260 824 3559 896 μετείληφε
3581 824 3816 898 τροφῆς.

2234 924 2389 977 Μετά
2414 922 2470 977 δὲ
2501 921 2598 995 τὴν
2624 921 2827 993 μικράν
2860 919 3065 991 ταύτην
3093 919 3189 972 τοῦ
3220 919 3477 989 σώματος
3515 918 3817 987 θεραπείαν

2236 1015 2314 1086 τῷ
2342 1016 2434 1070 τοῦ
2465 1013 2702 1085 σταυροῦ
2738 1012 2952 1083 σημείῳ
2979 1011 3361 1082 φραξάμενος·
3399 1009 3459 1062 Εί
3507 1009 3819 1081 μακαρίους

2236 1102 2406 1171 οἶδας,
2436 1107 2591 1178 φησὶ,
2621 1105 2748 1168 τοὺς
2775 1104 3112 1172 ἀγαπῶντας
3153 1102 3247 1156 τὸν
3277 1102 3506 1173 Κύριον,
3537 1102 3589 1156 τί
3612 1101 3817 1169 δήποτε

2241 1198 2499 1269 παρέχων
2524 1197 2583 1249 οὑ
2609 1195 2758 1267 παύῃ
2795 1194 3007 1256 τούτοις
3033 1193 3282 1264 ὀχλήσεις
3306 1193 3391 1246 ἀεὶ
3434 1194 3529 1247 καὶ
3555 1196 3823 1262 πράγμα-

2237 1305 2339 1353 τα;
2372 1289 2636 1348 Κάκεῖνος
2659 1283 2947 1340 ὑπολαϐὼν
2977 1284 3076 1352 τὴν
3095 1281 3290 1335 ἐαυτοῦ
3322 1281 3523 1335 κακίαν
3550 1285 3643 1335 καὶ
3666 1283 3822 1336 ἄκων

2238 1378 2493 1450 ὁμολογεῖ
2522 1378 2617 1431 καί
2643 1394 2809 1449 φησιν
2834 1395 2848 1409 ο
2880 1376 3115 1445 Ὀτιπερ
3146 1375 3344 1437 αὐτοὺς
3378 1374 3489 1444 ὁρῶ
3522 1375 3581 1427 τὸ
3612 1374 3825 1441 ἀγαθὸν

2244 1472 2551 1541 μετιόντας,
2601 1471 2698 1524 καὶ
2757 1468 2901 1543 όρῶν
2937 1469 3036 1520 οὐκ
3081 1465 3370 1535 ἀνέχομαι.
3405 1467 3592 1519 Ταῦτα
3623 1466 3821 1530 εἰπὼν,

2240 1564 2402 1626 εὐθὺς
2433 1562 2625 1636 ᾤχετο.

2311 1654 2429 1725 ις’.
2464 1654 2623 1710 Οὕτω
2652 1654 2710 1709 δὲ
2746 1652 2975 1725 πέμπτη
3007 1654 3211 1725 μεταξὺ
3243 1653 3457 1724 διῆλθεν
3508 1651 3690 1723 ἡμέρα
3727 1651 3829 1703 καὶ

2242 1746 2571 1819 προσϐάλλει
2602 1747 2763 1801 πάλιν
2792 1747 2822 1799 ό
2852 1748 3088 1818 χαλεπὸς
3114 1741 3269 1810 οὗτος
3292 1746 3368 1817 τῷ
3395 1747 3533 1813 ἁγίῳ
3560 1743 3829 1811 πολέμιος

2246 1841 2385 1912 μετά
2411 1841 2506 1894 τοῦ
2539 1841 2776 1911 πονηροῦ
2809 1840 2940 1904 περὶ
2971 1840 3136 1894 αὐτὸν
3181 1838 3407 1908 στίφους
3442 1836 3661 1905 καὶτῆς
3691 1852 3829 1888 συν-

2244 1934 2408 2003 ήθους
2436 1934 2651 2002 ἐκείνης
2687 1933 2935 2003 μηχανῆς
2974 1932 3072 1984 καὶ
3106 1931 3461 1999 σκαιότητος⁶
3508 1927 3728 1980 ἐδόκουν
3762 1926 3826 1979 δὲ

2245 2024 2500 2093 σχοινίοις
2526 2020 2792 2075 πάντοθεν
2823 2021 2915 2073 τὸν
2955 2020 3202 2074 οἰκίσκον
3231 2018 3602 2082 διαλαϐόντες,
3640 2016 3831 2069 ἕλκειν

2241 2131 2303 2167 τε
2345 2115 2509 2168 αὐτὸν
2558 2113 2710 2177 ὅλαις
2762 2114 2921 2185 χερσὶ
2963 2114 3059 2165 καὶ
3088 2110 3342 2182 ἀλλήλοις
3383 2108 3831 2175 ἐπικελεύεσθαι,

2245 2204 2500 2275 καθάπερ
2535 2206 2594 2258 ἐν
2625 2204 2819 2276 πλήθει
2857 2204 3003 2274 φιλεῖ
3052 2203 3344 2272 γίνεσθαι⁶
3388 2203 3608 2272 Ὁρᾶτε,
3640 2201 3837 2270 λέγον-

2243 2314 2357 2364 τες,
2392 2297 2536 2352 κατά
2582 2296 2674 2351 τοῦ
2724 2297 3140 2367 παρακειμένου
3174 2293 3426 2367 κρημνοῦ
3455 2294 3703 2364 ῥίψωμεν
3733 2292 3835 2345 τὸν

2256 2387 2578 2459 Ἀὄράμιον.
2624 2387 2681 2442 Ὀ
2713 2387 2769 2439 δέ
2806 2385 2889 2458 (ὣ
2931 2386 3110 2455 ψυχῆς
3139 2385 3449 2455 ἀπτοήτουί
3497 2383 3542 2437 ὢ
3573 2382 3834 2452 γενναίου

2246 2481 2593 2549 φρονήματος
2617 2479 2630 2532 l
2658 2476 2678 2550 )
2709 2478 2830 2531 οὐδὲ
2862 2476 2998 2546 προς
3042 2475 3184 2529 οὓτω
3218 2477 3551 2544 σκαιοτάτην
3583 2477 3838 2528 ἐπίνοιαν

2247 2571 2434 2625 ἐδεδίει
2468 2571 2562 2624 καὶ
2594 2569 3049 2638 καταπέπληκτο,
3079 2568 3196 2622 ἀλλ’
3218 2583 3232 2599 °
3288 2587 3307 2620 ι
3374 2567 3728 2621 Ἐκύκλωςάν
3757 2584 3834 2637 με

2245 2662 2377 2716 ὡσεὶ
2425 2663 2679 2733 μέλισσαι
2747 2661 2962 2731 κηρίον,
3018 2680 3035 2713 ι
3104 2662 3289 2732 ἠρέμα
3333 2659 3632 2730 augeam,
3688 2679 3707 2711 ι
3740 2662 3838 2713 καὶ

2248 2757 2621 2825 ἐξεκαύθησαν
2681 2756 2758 2817 ὡς
2787 2754 2899 2824 πῦρ
2931 2757 2987 2807 ἐν
3021 2753 3309 2817 ἀκάνθαις,
3360 2752 3456 2807 καὶ
3488 2751 3562 2823 τῷ
3601 2751 3841 2821 ὀνόματι

2249 2849 2458 2919 Κυρίου
2484 2847 2782 2918 ἠμυνάμην
2815 2846 3038 2909 αύτούς.
3080 2865 3100 2899 ι
3140 2846 3324 2898 Ταῦτα
3361 2847 3387 2898 ό
3421 2846 3520 2915 μὲν
3543 2844 3666 2898 καθ’
3698 2845 3840 2897 ἐαυο

2251 2943 2343 2996 τὶν
2379 2941 2690 3010 ύπεφώνει³
2726 2939 2788 3008 ζοὶ
2819 2940 2874 2993 δὲ
2910 2938 3049 3008 μετά
3102 2937 3300 2991 πολλοῦ
3338 2938 3433 2991 τοῦ
3472 2939 3625 3001 δέους
3661 2936 3839 3008 ἠλαύ-

2252 3050 2430 3098 νοντο,
2486 3032 2740 3101 καθάπερ
2798 3031 2945 3093 τινος
2996 3029 3307 3101 στρατηγοῦ
3359 3030 3633 3098 γενναίου.
3693 3029 3844 3098 μηδὲ.

2252 3125 2413 3197 ψιλὴν
2441 3124 2669 3197 ἀπειλὴν
2699 3124 3119 3193 ὑπομείναντες.
3167 3121 3353 3185 Οῦτως
3384 3122 3482 3190 μὲν
3509 3121 3600 3176 οὖν
3624 3124 3649 3175 ό
3689 3121 3839 3192 ἱερὸς

2176 3217 2222 3279 C
2254 3213 2409 3282 οὗτος
2448 3218 2747 3289 Ἀὂράμιος
2776 3217 2871 3271 καὶ
2905 3215 3041 3286 προς
3078 3215 3335 3268 τοσοῦτον
3372 3213 3504 3284 ὕψος
3531 3215 3626 3285 τῆς
3663 3231 3837 3266 πνευ-

2253 3312 2489 3383 ματικῆς
2527 3310 2735 3379 ἀνέπτη
2775 3305 3124 3377 φιλοσοφίας.

2324 3399 2421 3455 IZ'.
2450 3401 2692 3453 Κάκεῖνα
2720 3398 2775 3451 δὲ
2805 3397 2911 3469 χρὴ
2960 3397 3071 3458 τοῖς
3106 3392 3235 3465 περὶ
3288 3391 3455 3445 αὑτοῦ
3490 3391 3677 3445 λοιπὸν
3708 3393 3839 3445 ἐπι-

2255 3490 2601 3563 σημήνασθαι
2631 3489 2988 3557 διηγήμασιν,
3018 3484 3233 3546 ούδενδς
3267 3485 3345 3545 εἰς
3374 3482 3649 3551 θαύματος
3674 3481 3840 3547 λόγον

2256 3585 2369 3637 τῶν
2424 3581 2809 3654 προλαϐόντων
2843 3580 3164 3649 λειπόμενα,
3212 3576 3288 3640 ὡς
3323 3577 3382 3627 οὐ
3425 3574 3584 3646 μόνον
3638 3574 3845 3625 ἀκτῖνα.

2253 3678 2465 3745 πέμποι
2509 3675 2598 3728 ἀεὶ
2644 3671 2881 3743 φαιδρὰν
2917 3672 3026 3727 ἀπὸ
3072 3669 3167 3724 τοῦ
3190 3667 3512 3740 προσώπου,
3544 3664 3724 3718 καίτοι
3757 3663 3840 3734 μὴ

2254 3766 2584 3841 ἐρρωμένως
2618 3766 2757 3837 ἔχων
2790 3763 2885 3818 τοῦ
2920 3763 3195 3833 σώματος,
3240 3759 3355 3813 όιλλ⁹
3416 3759 3521 3812 ύπδ
3567 3761 3663 3830 τῆς
3696 3757 3848 3825 ἄγαν

2256 3858 2585 3929 ἐγκρατείας
2622 3856 2874 3926 τακερῶς
2935 3874 2996 3909 τε
3049 3857 3143 3908 καὶ
3198 3850 3589 3922 ταλαιπώροις,
3617 3850 3731 3903 ἀλλ’
3755 3850 3847 3903 ὅτι

2257 3953 2359 4007 κάν
2383 3950 2462 4021 τῷ
2491 3948 2668 4020 καιρῷ
2704 3949 2802 4019 τῆς
2826 3948 3062 4018 ἐσχάτης
3086 3945 3361 4016 ἐκδημίας
3395 3947 3489 3998 καὶ
3522 3942 3846 4008 ἀναλύσεως

2258 4043 2316 4097 τὸ
2341 4042 2585 4097 τοιοῦτον
2609 4040 2864 4113 ἐρύθημα
2894 4041 2994 4110 τὴν
3023 4038 3235 4093 οίκείαν
3262 4039 3364 4091 οὐκ
3389 4037 3625 4108 ἠγνόησε
3654 4035 3846 4106 φύσιν,

2255 4136 2374 4193 ἀλλ’
2401 4138 2638 4206 ἀκμαῖον
2661 4134 2741 4188 ἔτι
2775 4135 2871 4188 καὶ
2902 4132 3139 4203 ἀνθηρὸν
3167 4133 3290 4195 ταῖς
3326 4134 3588 4201 παρειαῖς
3636 4129 3846 4183 ἐπεκά-

2258 4226 2392 4299 θητο
2409 4244 2423 4259 ·
2450 4230 2546 4280 καὶ
2572 4228 2636 4279 τὸ
2662 4225 2727 4296 δὴ
2748 4223 2955 4278 τούτων
2986 4222 3167 4292 πολλῷ
3190 4221 3569 4293 χαριέστερον,
3590 4221 3669 4274 ὅτι
3689 4218 3783 4273 καλ⁵
3806 4216 3849 4277 δι

2258 4318 2623 4391 περιϐέϐλητο
2681 4317 2826 4388 ῥάκη
2877 4316 3008 4387 παρ’
3048 4315 3169 4368 ὅλον
3209 4313 3361 4381 αὐτῷ
3399 4316 3493 4367 τὸν
3544 4308 3849 4382 ἀσκητικὸν

2258 4412 2466 4465 ἐκεῖνον
2501 4409 2926 4481 ὑπηρετήσαντα
2980 4407 3097 4479 βίον
3131 4407 3288 4479 (ἐτος
3335 4407 3391 4461 δέ
3425 4404 3791 4476 πεντηκοστὸν
3814 4407 3849 4456 ὁ

2274 4502 2574 4574 Ἀϐράμιος
2601 4501 2852 4573 ἤσκητο)
2908 4501 3010 4555 οὐκ
3041 4497 3154 4565 εἶξε
3189 4499 3267 4570 τῷ
3305 4498 3400 4553 τοῦ
3435 4500 3629 4570 χρόνον
3674 4500 3848 4569 μήκει

2263 4596 2357 4647 καὶ
2382 4593 2631 4665 διερρύη,
2649 4591 2765 4646 ἀλλ’
2786 4592 2844 4645 ἐν
2870 4591 2961 4664 (an
2990 4590 3078 4646 διὰ
3100 4591 3301 4654 παντὸς
3330 4585 3398 4662 ἦν
3421 4592 3575 4660 ἀκμῇ
3608 4590 3703 4643 καὶ
3725 4587 3850 4640 νεό-

2256 4704 2403 4757 τητι,
2434 4687 2497 4740 τὸ
2528 4685 2690 4756 σῶμα
2724 4684 2803 4754 τῷ
2835 4683 2976 4755 ἀγίῳ
3008 4683 3512 4755 περικαλύπτοντα.
3557 4680 3761 4751 Καιρδς
3788 4679 3851 4733 δὲ

2258 4778 2449 4833 λοιπον
2485 4768 2579 4831 ἐπὶ
2605 4778 2667 4831 τὸ
2701 4777 2843 4847 μέγα
2872 4778 2967 4830 καὶ
2992 4774 3309 4846 θαυμαστὸν
3333 4775 3510 4828 ἐκεῖνο
3542 4773 3853 4844 μεταϐῆναι

2258 4870 2527 4942 διήγημα,
2583 4868 2678 4923 καὶ
2719 4867 2747 4921 ὃ
2770 4866 2865 4922 τοῦ
2897 4866 3042 4921 κατὰ
3072 4866 3206 4921 Θεὸν
3231 4865 3420 4936 ζήλου,
3458 4867 3556 4919 καὶ
3586 4863 3693 4918 τῶν
3717 4865 3855 4918 ἀπο-

2261 4962 2529 5016 στολικῶν
2589 4959 2758 5014 αὐτοῦ
2794 4959 3146 5030 σπλάγχνων,
3208 4958 3304 5011 καὶ
3327 4958 3427 5026 τῆς
3463 4955 3851 5026 φιλοστοργίας

2265 5055 2359 5108 ἐπὶ
2416 5054 2479 5107 τὸ
2524 5053 2969 5123 ἐπισημότατον·
3026 5050 3188 5102 τοῦτο
3216 5048 3275 5101 δὲ
3335 5049 3428 5101 καὶ
3462 5047 3623 5117 μόνον
3658 5044 3855 5115 λεχθὲν

2263 5146 2569 5216 κατηφείας
2602 5144 2699 5216 μὲν
2735 5143 2852 5212 ἅμα
2887 5142 2981 5195 καὶ
3013 5140 3222 5203 πάθους
3269 5141 3538 5211 πρότερον
3594 5137 3692 5202 τὰς
3725 5137 3849 5206 φιλ-

2264 5239 2590 5311 ανθρώπους
2627 5234 2913 5307 πληρώσει
2948 5232 3152 5303 ψυχὰς,
3189 5232 3383 5303 ἡδονῆς
3412 5231 3469 5284 δέ
3522 5231 3683 5284 πάλιν
3735 5225 3855 5282 ἀπὸ

2262 5331 2360 5384 τοῦ
2397 5329 2582 5392 τέλους
2614 5328 2707 5382 καὶ
2760 5324 3052 5395 εὐθυμίας,
3087 5326 3182 5377 καὶ
3237 5323 3418 5377 πείσει
3464 5324 3538 5391 μὴ
3572 5319 3848 5387 ἀπογινώ-

2270 5439 2424 5475 σκειν
2449 5419 2658 5473 ἑαυτῶν
2690 5417 2797 5470 κᾶν
2828 5418 2907 5480 εἰς
2932 5414 3164 5485 ἔσχατον
3188 5413 3388 5474 κακίας
3423 5408 3848 5482 κατενεχθῶσιν.

2273 5514 2430 5581 Ἔχει
2452 5510 2511 5563 δὲ
2538 5508 2711 5570 οὕτως
2738 5524 2751 5537 ⁸

2346 5603 2456 5657 lll'.
2500 5600 2885 5670 Ἐτελεύτησεν
2912 5595 3139 5666 ἁδελφὸς
3171 5594 3313 5648 κατά
3348 5594 3525 5665 σάρκα
3547 5592 3623 5661 τῷ
3650 5591 3856 5661 Ἀϐρα-

2280 5695 2386 5765 μίῳ
2407 5711 2420 5726 ·
2448 5692 2771 5764 ἐτελεύτησε
2811 5690 2865 5743 δέ
2891 5691 2983 5744 ἐπὶ
3014 5689 3248 5758 θυγατρὶ
3279 5691 3372 5741 καί
3405 5689 3438 5757 ἡ
3469 5687 3590 5747 παῖς
3624 5682 3859 5754 κομιδήν
