4108 6468
586 380 654 444 61
1869 378 2161 438 MENSIS

2283 378 2559 438 ARTIUS
3672 448 3675 455 _
3801 384 3879 447 68

584 509 926 567 corporeque
978 493 1186 565 polluta
1236 504 1289 549 et
1347 492 1576 549 animo?
1605 491 1705 549 llei
1754 493 1909 560 mihi,
1943 494 2075 564 quid
2108 496 2176 550 de

2283 495 2497 567 ψυχήν;
2540 494 2723 565 Οτμοι,
2751 495 2833 558 τίς
2883 495 3165 567 γένωμαις
3194 499 3288 552 ποῖ
3336 499 3674 571 τράπωμαι;
3730 502 3874 559 ίνατί

588 603 677 644 me
711 586 843 642 ﬁet?
867 586 985 652 Quo
1013 602 1098 641 me
1120 595 1327 639 vertam
1349 583 1373 637 ‘l
1392 584 1503 638 Cur
1527 599 1645 638 sum
1666 584 1843 640 adhuc
1855 585 2174 655 superstes?

590 681 801 736 utinam
835 694 980 733 mors
1008 679 1073 732 ad
1099 693 1183 732 me
1209 679 1447 733 venisset
1469 688 1594 732 ante
1618 677 1921 733 libidinem.
1954 676 2172 735 Utinam

587 777 744 844 prius
803 780 953 842 rapta
988 771 1212 827 fuissem
1267 786 1335 825 ex
1372 785 1621 841 corpore,
1664 782 1721 824 ut
1749 772 1943 827 mortis
1971 774 2173 827 donum

588 866 844 921 haberem
882 864 1179 935 puritatem
1221 864 1490 932 corporis.
1521 862 1677 918 Nunc
1718 873 1902 919 autem
1949 865 2175 935 quinam

587 957 771 1014 fontes
834 958 1201 1028 lacrymarum
1268 955 1398 1009 mibi
1459 965 1716 1024 poterunt
1770 967 1949 1012 tantas
1981 958 2175 1012 sordes

584 1051 811 1106 abluere
834 1050 1012 1105 TEam
1043 1050 1124 1106 sic
1176 1049 1376 1103 acerbe
1403 1047 1713 1113 deﬂentem,
1744 1065 1841 1118 per
1875 1065 2001 1106 eum
2026 1051 2175 1106 dolo-

587 1156 702 1196 rem
749 1143 1022 1212 malignus
1067 1142 1264 1212 arripit
1309 1144 1376 1196 ad
1408 1143 1870 1211 desperationem,
1898 1145 2063 1198 veluti
2102 1145 2174 1200 ti-

585 1249 767 1294 mens.
797 1232 855 1286 ut
888 1233 1149 1299 arbitror,
1190 1249 1257 1287 ne
1293 1249 1390 1303 per
1419 1234 1972 1303 pteuitentiamlieret
1993 1249 2178 1304 prom-

496 1392 501 1399 γ
584 1328 750 1399 ptiori
807 1337 858 1382 et
891 1326 1147 1381 alacriori
1198 1327 1405 1391 animo,
1434 1336 1489 1382 et
1524 1326 1685 1398 longe
1714 1328 1889 1397 magis
1916 1339 1971 1382 et
2007 1329 2179 1385 veho-

588 1421 831 1476 mentins
887 1421 1182 1485 reluccret,
1246 1434 1410 1489 quam
1458 1420 1632 1488 prius.
1687 1418 1994 1491 Desperans
2045 1436 2177 1490 ergo

585 1528 743 1570 suam
771 1514 1027 1576 salutem,
1056 1513 1266 1581 aufugit
1296 1514 1350 1567 in
1368 1513 1649 1568 civitatem
1684 1514 1976 1582 quamdam
2003 1514 2174 1569 Asum

586 1605 829 1670 nomine,
858 1620 976 1673 qua:
1001 1606 1193 1661 aberat
1234 1607 1467 1662 duorum
1502 1606 1714 1659 dierum
1745 1606 1971 1661 itinere:
2004 1615 2060 1660 et
2093 1607 2178 1661 di-

589 1711 817 1752 versans
858 1698 909 1750 iu
935 1698 1171 1763 quodam
1207 1698 1534 1761 diversorio,
1563 1712 1684 1752 cum
1719 1708 1990 1753 mutasset
2014 1698 2175 1752 babi-

590 1797 727 1854 tum,
761 1797 815 1843 et
866 1801 1070 1845 veSIent
1107 1789 1428 1858 sumpsisset
1476 1790 1826 1861 saecularem,
1853 1801 1973 1844 erat
2002 1791 2176 1846 cuivis

578 1883 790 1938 'volenti
826 1894 1074 1952 prompta
1101 1883 1347 1937 ministra
1383 1883 1594 1938 acerbae
1620 1883 1938 1951 voluptatis.

606 2018 615 2021 -
658 1972 781 2030 XX.
809 1975 945 2030 Cum
976 1974 1067 2028 illa
1096 1989 1226 2042 ergo
1257 1973 1337 2029 sic
1366 1989 1426 2029 se
1449 1975 1692 2038 haberet,
1741 1974 1845 2028 etsi
1884 1983 2030 2030 esset
2051 1988 2177 2044 pro-

590 2068 764 2137 posita
817 2068 885 2121 ad
917 2066 1152 2121 lascivos
1180 2065 1487 2121 illiciendos
1524 2065 1735 2131 oculos,
1769 2066 2030 2122 Abramio
2051 2068 2178 2136 qni-

589 2157 799 2214 escenti
830 2158 886 2211 in
915 2157 1179 2212 interiore
1200 2156 1335 2212 cella
1368 2159 1590 2213 exsistit
1610 2157 1715 2211 tale
1742 2159 2018 2213 somnium
2047 2175 2060 2212 :
2086 2156 2179 2213 Vi-

593 2248 896 2304 debaturei
920 2250 1085 2304 draco
1140 2248 1376 2318 ingentis
1425 2250 1840 2319 magnitudinis,
1870 2261 1926 2305 et
1954 2261 2177 2321 aspectu

590 2339 891 2406 horribilis,
926 2354 958 2393 a
989 2356 1084 2395 sua
1110 2356 1341 2395 caverna
1378 2342 1734 2412 prorepsisse,
1763 2351 1817 2397 et
1856 2344 2082 2398 veniens
2112 2345 2179 2397 ad

594 2433 718 2504 ejus
742 2434 1152 2500 domunculam,
1179 2447 1301 2502 quae
1331 2434 1478 2489 intus
1505 2442 1646 2497 erat,
1666 2433 1980 2490 columbam
2013 2436 2179 2490 devo-

591 2542 748 2582 rasse
780 2544 794 2581 :
832 2526 1030 2581 deinde
1076 2541 1267 2581 rursus
1293 2543 1449 2581 suam
1504 2528 1791 2597 repetiisse
1839 2527 2177 2596 speluncam.

592 2618 690 2675 Ille
737 2634 869 2689 ergo
926 2618 1203 2674 excitatus
1236 2633 1347 2689 ιιι-ω
1381 2618 1599 2684 timore,
1637 2617 1783 2673 tristi
1815 2618 2002 2673 animo
2041 2627 2177 2684 erat,

591 2723 643 2766 et
677 2712 1004 2767 conturbato
1039 2729 1052 2767 :
1086 2723 1141 2765 et
1184 2713 1466 2779 suspicans
1497 2711 1645 2765 illam
1683 2711 1945 2765 visionem
1974 2709 2183 2779 signiﬁ-

595 2818 725 2859 care
781 2805 1221 2873 persecutionem
1279 2803 1517 2872 aliquam
1549 2804 1812 2858 adversus
1856 2803 2179 2868 Ecclesium,

596 2896 666 2951 de
692 2907 894 2952 caetero
937 2908 1055 2950 erat
1116 2899 1494 2952 vehementius
1536 2897 1782 2952 intentus
1813 2897 2070 2963 orationi,
2096 2912 2183 2953 ro-

594 3004 731 3059 gans
782 3000 840 3044 ut
871 2989 922 3045 ei
960 2997 1148 3058 aperte
1173 2992 1509 3045 revelaretur
1528 2991 1689 3044 visio.
1710 2986 1827 3043 Non
1858 2990 1948 3043 diu
1997 3000 2178 3042 antem
2220 3012 2224 3018 -

598 3084 835 3136 tardavit
861 3094 1090 3137 eventus
1127 3101 1140 3138 :
1175 3084 1268 3138 sed
1314 3085 1479 3139 tertio
1521 3083 1610 3139 die
1671 3090 1860 3153 postea
1901 3084 2185 3137 videbatur

2277 589 2662 659 ἐτιπερίειμι;
2689 589 2884 658 ὄφελον
2909 589 3115 659 ἐπῆλθέ
3150 607 3240 659 μοι
3291 592 3392 662 πρὸ
3427 593 3526 663 τῆς
3570 594 3877 663 ἐπιθυμίας

2275 684 2304 737 ό
2343 683 2607 746 θάνατοςί
2641 683 2836 751 ὄφελον
2886 682 3361 756 προανηρπάσθην
3419 685 3511 738 τοῦ
3543 686 3873 755 πτώματος,

2278 776 2369 830 ενα
2398 775 2500 829 κᾶν
2528 775 2759 829 θανάτου
2814 775 2988 845 δῶρον
3035 772 3206 847 εἶχον,
3247 777 3348 845 τὴν
3377 778 3602 844 ἁγνείαν
3637 778 3732 832 τοῦ
3761 782 3877 831 σώ-

2280 869 2484 940 ματοςί
2519 868 2636 921 Νῦν
2666 867 2724 920 δὲ
2754 869 2904 921 ποῖαί
2956 886 3047 940 μοι
3097 870 3277 938 πηγαὶ
3324 869 3579 941 δακρύων
3613 870 3875 925 τοσοῦτον

2276 960 2588 1015 ἀποπλῦναι
2645 959 2818 1030 ῥύπον
2859 960 3223 1031 δυνήσονται;
3279 960 3472 1014 Ταῦτα
3516 963 3611 1015 καὶ
3640 963 3873 1016 τοιαῦτα

2276 1056 2493 1128 πικρῶς
2526 1055 2945 1127 ἀποδυρομένην
2976 1055 3326 1126 προαρπάζει
3369 1055 3459 1110 διὰ
3491 1056 3586 1109 τοῦ
3620 1056 3875 1111 τοιούτου

2278 1150 2489 1213 πάθους
2547 1149 2719 1219 αὑτὴν
2769 1151 2799 1200 ό
2827 1149 3063 1218 πονηρὸς
3097 1151 3178 1210 είς
3215 1149 3557 1217 ἀπόγνωσιν,
3612 1151 3876 1221 καθάπερ

2276 1241 2433 1314 οἶμαι
2453 1244 2711 1306 δεδοικὼς
2742 1242 2817 1314 μὴ
2849 1244 3185 1313 σφοδροτέρςι
3209 1244 3484 1315 χρήσηται
3524 1242 3613 1296 διὰ
3641 1244 3740 1313 τῆς
3771 1260 3879 1312 με-

2276 1336 2498 1400 τανοίας
2529 1340 2597 1406 τῇ
2634 1336 2919 1407 προθυμίᾳ
2956 1339 3051 1389 καὶ
3103 1338 3288 1405 μεῖζον
3321 1336 3512 1406 λάμψῃ
3540 1335 3634 1389 τοῦ
3666 1336 3876 1405 προτέ-

2281 1447 2379 1501 ρου
2413 1430 2566 1499 παρά
2597 1429 2732 1482 πολὺ
2771 1430 2867 1482 καὶ
2905 1429 3293 1499 σφοδρότερον·
3326 1428 3644 1496 ἀπογνοῦσα
3687 1427 3880 1481 τοίνυν

2276 1522 2382 1593 τὴν
2410 1521 2619 1592 ἑαυτῆς
2653 1519 2955 1591 σωτηρίαν.
2979 1522 3060 1582 εἰς
3114 1518 3272 1573 ’Λσόν
3324 1536 3447 1571 τινα
3491 1517 3649 1570 πόλιν
3679 1517 3877 1570 ἀποδι-

2275 1616 2527 1687 δράσκει,
2574 1616 2725 1669 δυεῖν
2761 1614 2881 1667 όδδν
2938 1613 3166 1683 ἡμερῶν
3218 1612 3540 1682 ἀπέχουσαν
3567 1626 3581 1641 ·
3609 1611 3706 1663 καὶ
3731 1610 3879 1680 πρός

2275 1726 2388 1763 τινι
2424 1707 2783 1763 καταλύσασα
2807 1706 3114 1778 πανδοχείῳ
3138 1708 3200 1759 τὸ
3222 1705 3412 1775 σχῆμά
3442 1722 3501 1757 τε
3529 1704 3617 1758 δια
3627 1702 3882 1773 μείψασα

2279 1803 2377 1856 καὶ
2407 1802 2683 1871 κοσμικὴν
2740 1799 2949 1870 ἐσθῆτα
3004 1798 3417 1868 paschae-36a,
3472 1795 3766 1868 πρόχειρος
3804 1790 3882 1866 ἦν

2278 1892 2359 1965 τῷ
2392 1893 2704 1964 βουλομένῳ
2730 1893 2919 1955 παντὶ,
2955 1892 3162 1961 πικρᾶς
3195 1889 3392 1961 ἡδονῆς
3418 1887 3714 1956 ὑπηρέτις.

2351 1986 2439 2039 K'.
2470 1983 2662 2057 Ταύτῃ
2703 1984 2886 2038 τοίνυν
2934 1983 3158 2052 ἐκείνης
3190 1979 3427 2050 ἐχούσης
3462 1981 3559 2032 καὶ
3590 1978 3879 2049 θήρατρον

2281 2077 2426 2133 οὑτω
2453 2077 2656 2148 λίχνοις
2700 2075 3000 2145 ὀφθαλμοῖς
3035 2072 3436 2144 προκειμένης,
3494 2072 3710 2139 γίνεται
3735 2070 3882 2140 δναρ

2281 2172 2364 2232 εἰς
2414 2169 2508 2222 τὸν
2569 2167 2835 2237 ὲνδοτέρω
2896 2164 3142 2218 οἰκίσκον
3194 2161 3521 2234 ἡσυχάζοντι
3583 2161 3881 2233 ’Δόραμίῳ

2280 2261 2562 2314 τοιοῦτον·
2625 2261 2801 2313 ὲδὸκει
2857 2258 3076 2329 δράκων
3107 2261 3259 2331 αὑτῷ
3326 2264 3551 2331 μεγέθει
3602 2244 3879 2333 μέγιστος

2284 2354 2380 2407 καὶ
2405 2348 2577 2405 δεινὸν
2609 2351 2933 2405 ὑποϐλέπων
2971 2352 3083 2406 τῶν
3124 2355 3344 2407 οἰκείων
3375 2355 3600 2423 φωλεῶν
3629 2354 3878 2426 ἀνερπύο

2285 2460 2384 2505 σας
2417 2443 2514 2497 καὶ
2539 2442 2695 2514 παρά
2724 2445 2816 2495 τὸν
2847 2443 3015 2497 αὑτοῦ
3045 2442 3291 2496 οἰκίσκον
3316 2441 3492 2496 ἐλθὼν
3535 2442 3880 2513 περιστερὰν

2284 2535 2434 2589 ἔνδον
2466 2530 2637 2589 οὖσαν
2686 2538 2981 2588 καταπιεῖν
3003 2550 3015 2565 ο
3069 2530 3188 2587 εἶτα
3219 2534 3357 2605 πρὸς
3386 2537 3674 2606 χηραμοὺς
3713 2530 3878 2597 αὖθις

2280 2632 2412 2690 τοὺς
2437 2628 2635 2682 ἑαυτοῦ
2667 2627 2971 2681 καταδῦναι
2992 2644 3008 2661 ο
3042 2627 3385 2691 διυπνισθεὶς
3407 2624 3501 2682 οὖν
3532 2630 3740 2692 ἐκεῖνος
3765 2626 3880 2680 ὑπὸ

2283 2717 2381 2771 τοῦ
2418 2717 2753 2788 δείγματος,
2794 2718 3005 2787 ἀθυμος
3036 2715 3106 2788 ἦν
3168 2723 3262 2771 καὶ
3292 2718 3727 2788 τεταραγμένος,
3775 2718 3878 2771 καὶ

2284 2809 2385 2881 τὴν
2411 2811 2536 2880 δψιν
2565 2812 2808 2880 διωγμόν
2833 2829 2955 2865 τινα
3015 2812 3418 2883 προσημαίνειν
3452 2813 3592 2866 κατά
3613 2812 3711 2882 τῆς
3752 2811 3881 2866 Ἐκ-

2287 2900 2518 2969 κλησίας
2569 2899 2884 2967 ὑπολαὸὼν,
2913 2903 3048 2972 εὐχῇ
3097 2902 3193 2954 τοῦ
3251 2902 3442 2955 λοιποῦ
3495 2901 3877 2972 συντονωτέρᾳ

2288 2994 2633 3065 προσέκειτο,
2661 2995 3073 3064 ὲκκαλυφθῆναι
3126 2996 3312 3063 σαφῶς
3347 2994 3603 3063 δεόμενος
3627 2992 3776 3063 αὑτῷ
3806 2995 3880 3046 τὰ

2285 3087 2387 3157 τῆς
2404 3087 2579 3157 ὂψεως
2603 3102 2618 3117 '
2643 3089 2738 3141 καὶ
2758 3090 2792 3158 ἡ
2819 3087 3043 3151 ἔκϐασις
3072 3089 3172 3141 οὑκ
3203 3088 3494 3159 ἐϐράδυνεν
3516 3102 3530 3116 ⁸
3570 3086 3709 3141 ἀλλὰ
3735 3088 3879 3155 μετὰ

544 3200 554 3207 -
597 3190 788 3229 rursus
825 3176 1011 3229 videre
1040 3175 1187 3227 illum
1213 3175 1508 3229 draconem
1533 3176 1826 3229 emersisse
1854 3187 1919 3227 ex
1945 3189 2012 3228 eo
2039 3173 2180 3237 loco,

2286 3183 2476 3253 τρίτην
2525 3183 2586 3250 ἐξ
2630 3185 2841 3237 ἐκείνου
2899 3183 3118 3253 ἡμέραν
3167 3182 3344 3235 ἐδόκει
3399 3181 3671 3252 δράκοντα
3711 3178 3880 3232 πάλιν

595 3278 760 3333 quem
822 3263 1066 3317 subierat
1108 3273 1211 3317 τρι
1260 3279 1380 3318 cum
1432 3266 1499 3318 ad
1547 3278 1670 3318 eum
1723 3265 2186 3335 prorepsisset,et

597 3355 716 3424 ejus
746 3358 972 3424 pedibus
994 3368 1157 3426 caput
1188 3357 1558 3420 submisisset,
1595 3358 1744 3410 illttm
1773 3359 1993 3427 quidem
2019 3359 2188 3428 proti-

597 3461 700 3501 nus
718 3462 839 3500 esse
865 3448 1173 3516 disruptum
1202 3466 1215 3502 :
1250 3448 1558 3502 columbam
1593 3458 1796 3512 autem,
1827 3466 1991 3519 quam
2013 3450 2185 3505 fuisse

595 3536 664 3590 ab
677 3551 740 3591 eo
771 3538 1082 3592 devoratam
1106 3539 1753 3609 praacedenspstenderat
1779 3541 2074 3603 somnimn,
2105 3552 2185 3595 to-

598 3638 707 3682 tam
742 3644 929 3698 puram
984 3640 1040 3684 et
1086 3630 1489 3686 immaculatam
1547 3646 1578 3686 e
1615 3632 1793 3687 medio
1838 3635 1954 3699 ejus
1994 3644 2185 3687 ventre

594 3719 862 3776 evolasse.
886 3720 1012 3775 Haec
1025 3739 1145 3776 eum
1177 3723 1421 3789 vidisset,
1445 3731 1501 3777 et
1516 3725 1889 3779 existimasset
1919 3725 2181 3779 visionem

534 3848 539 3853 -
596 3812 911 3882 signiﬁcare
934 3815 1171 3882 aliquem
1214 3813 1423 3885 lapsum
1466 3816 1663 3870 anima:
1701 3816 1826 3870 lilim
1862 3816 2045 3870 fratris
2073 3816 2183 3880 sui,

590 3906 1035 3967 cottturbatns,et
1062 3907 1232 3961 animi
1257 3908 1578 3976 aegritudine
1599 3908 1829 3962 alfectns
1848 3909 2186 3977 prospiciens

593 4010 628 4048 e
660 3996 896 4050 fenestra
926 4015 940 4052 :
977 3997 1172 4062 Maria,
1224 3998 1392 4053 Maria
1435 4016 1580 4067 mea,
1630 4002 1825 4070 inquit,
1862 4003 1990 4068 quid
2016 4008 2120 4065 est,
2152 4015 2187 4055 ο

599 4086 909 4156 filia,,quod
967 4091 1061 4144 tibi
1119 4099 1325 4146 tantam
1378 4093 1564 4146 attulit
1591 4093 1921 4158 socordiam,
1954 4105 2013 4146 ut
2046 4103 2187 4149 totos

596 4180 700 4234 bos
740 4182 876 4236 duos
905 4182 1020 4237 dies
1046 4198 1151 4237 non
1181 4184 1416 4238 moveris
1440 4199 1501 4239 os
1526 4184 1591 4238 ad
1632 4183 1840 4249 laudes,
1868 4200 1974 4240 non
2012 4186 2189 4240 reddi-

598 4269 748 4324 deris
773 4283 1063 4326 consuetas
1105 4272 1553 4343 gloriticationes,
1594 4290 1699 4329 non
1741 4276 1958 4343 petieris
1987 4277 2189 4332 doctri-

599 4375 751 4427 nam,
784 4377 890 4417 non
922 4363 1266 4432 eloquiorum
1298 4365 1513 4419 illorum
1537 4365 1894 4422 auditionem.
1916 4381 2035 4436 quae
2071 4367 2187 4423 fue-

598 4461 731 4505 runt
757 4453 916 4507 melle
949 4463 1005 4507 et
1036 4454 1160 4507 favo
1185 4455 1268 4508 ori
1300 4465 1393 4508 tuo
1419 4455 1704 4511 dulciora?

2288 3277 2497 3329 ἐκεῖνον
2553 3278 2708 3347 όρᾷν,
2769 3276 2978 3328 ἐκεῖθεν
3018 3276 3155 3328 ὅπου
3206 3274 3403 3327 κατέδυ
3441 3273 3711 3343 πρότερον
3745 3271 3884 3323 ἀνα-

2286 3369 2456 3423 δύντα
2489 3372 2585 3422 κα¹ι
2620 3368 2937 3438 παράὑτὸν
2968 3366 3287 3437 ἑρπύσαντα
3317 3368 3430 3427 τοῖς
3468 3362 3636 3417 αὑτοῦ
3665 3378 3725 3415 τε
3748 3363 3881 3414 ποσὶ

2288 3457 2533 3529 κεφαλὴν
2585 3457 2918 3527 ὑποσχόντα,
2948 3456 3040 3508 τὸν
3099 3454 3199 3525 μὲν
3232 3454 3435 3507 αὐτίκα
3471 3454 3619 3523 μάλα
3648 3452 3882 3523 διαρραι-

2287 3551 2476 3618 γῆναι,
2509 3547 2607 3619 τὴν
2657 3547 2715 3600 δὲ
2773 3546 3132 3616 περιστερὰν,
3189 3545 3256 3615 ἣν
3307 3546 3599 3597 καταπιεῖν
3651 3543 3817 3596 αὑτὸν
3850 3545 3880 3595 ὁ

2287 3642 2580 3713 προλαϐὼν
2643 3640 2923 3704 ὑπέδειξεν
2981 3642 3212 3709 δνειρος,
3273 3640 3521 3710 apsumi:
3596 3637 3729 3708 ὕλην
3777 3635 3881 3688 καὶ

2287 3735 2537 3805 καθαρὰν
2582 3736 2648 3787 ὲκ
2703 3734 2876 3803 μέσης
2911 3731 3078 3785 αὑτοῦ
3124 3731 3226 3801 τῆς
3257 3730 3500 3800 γαστρὸς
3526 3728 3833 3795 ἀναπτῆναι
3859 3743 3879 3760 ο

2285 3828 2463 3881 ταῦτα
2498 3828 2619 3880 ἰδὼν
2646 3826 2739 3879 καί
2769 3842 2889 3879 τινα
2922 3824 3119 3895 κρίνας
3149 3826 3249 3892 τῆς
3275 3822 3501 3890 ἀνεψιᾶς
3528 3819 3742 3873 ὄλισθον
3773 3819 3883 3889 ψυ-

2286 3920 2389 3991 χῆς
2411 3921 2737 3988 ὑποφαίνειν
2765 3920 2864 3993 τὴν
2918 3920 3073 3981 θέαν,
3121 3916 3352 3987 θορύϐου
3384 3930 3441 3967 τε
3486 3914 3583 3968 καὶ
3636 3911 3880 3984 ἀθυμίας

2287 4013 2492 4076 εὑθέως
2523 4011 2898 4082 ὑποπλησθεὶς
2938 4011 3034 4065 καὶ
3058 4009 3231 4072 οὕτως
3259 4008 3335 4071 ὡς
3370 4004 3485 4077 εἶχε
3521 4004 3877 4075 τεταραγμέ-

2288 4120 2393 4167 νως
2443 4105 2542 4173 τῆς
2591 4101 2808 4171 θυρίδος
2871 4101 3202 4170 προκύψαςο
3260 4099 3448 4167 Μαρία
3502 4114 3626 4168 μου,
3685 4094 3881 4164 Μαρῖα

2292 4210 2419 4265 μου,
2462 4195 2619 4265 φησὶ,
2644 4196 2698 4248 τί
2726 4211 2829 4259 σοι,
2858 4192 2903 4250 ὧ
2936 4193 3165 4260 τέκνον,
3206 4195 3323 4247 ἔστι
3354 4196 3415 4247 τὸ
3446 4191 3721 4265 ρᾳθυμίαν
3768 4190 3879 4259 ἑμ-

2290 4287 2529 4355 ποιῆσαν
2562 4285 2947 4356 τοσαύτην,ὡς
2982 4287 3111 4358 παρ’
3143 4287 3273 4350 ὅλας
3295 4286 3390 4340 δύο
3419 4284 3621 4346 ταύτας
3655 4281 3878 4353 ἡμέρας

2292 4381 2367 4451 μὴ
2405 4382 2583 4448 στόμα
2616 4381 2835 4450 κινῆσαι
2879 4380 3017 4452 πρὸς
3065 4380 3299 4444 αἴνεσιν,
3361 4379 3437 4450 μὴ
3486 4378 3584 4440 τὰς
3622 4375 3882 4446 συνήθεις

2288 4472 2584 4526 ἀποδοῦναι
2610 4472 2945 4540 δοξολογίας,
2977 4473 3053 4544 μὴ
3078 4470 3404 4543 προσελθεῖν
3444 4471 3510 4541 τῇ
3545 4465 3744 4539 θυρίδι,
3797 4463 3881 4535 μὴ

596 4546 951 4603 διδασκαλίαν
980 4552 1224 4621 αἰτῆσαι,
1276 4552 1352 4623 μὴ
1396 4552 1596 4622 λογίων
1629 4556 1862 4614 ἐκείνων
1891 4562 2183 4635 ἀκρόασιν,
2223 4567 2260 4622 ἃ
2289 4571 2384 4624 καὶ
2447 4571 2762 4641 γλυκύτερα
2827 4570 2969 4641 ὑπὲρ
2996 4569 3123 4642 μέλι
3170 4570 3266 4625 καὶ
3298 4566 3491 4640 κηρίον
3534 4565 3612 4636 τῷ
3647 4562 3880 4634 στόματί

598 4658 696 4696 σου
731 4642 1058 4698 καθίσταντο
1080 4662 1095 4711 ;

672 4734 817 4792 XXI.
843 4738 980 4793 Cum
1017 4742 1131 4794 hmo
1183 4741 1416 4799 dixisset
1458 4744 1649 4802 fratris
1683 4746 1826 4816 filiae,
1864 4761 1918 4806 et
1949 4752 2084 4807 nihil
2117 4754 2182 4810 ab

2363 4756 2494 4811 ΚΝ.
2529 4754 2716 4809 Ταῦτα
2765 4753 2906 4825 πρὸς
2935 4775 2942 4779 ·
2967 4753 3066 4824 τὴν
3121 4750 3350 4822 ἀνεψιὰν
3388 4748 3551 4818 δῆθεν
3581 4748 3750 4801 εἰπὼν
3779 4749 3887 4802 καὶ

598 4841 664 4882 ea
695 4830 995 4884 audivisset
1027 4834 1320 4903 (quomodo
1357 4838 1525 4903 enim,
1553 4854 1678 4893 cum
1724 4840 1814 4894 illa
1857 4842 1910 4896 in
1944 4846 2190 4900 diverso-

603 4918 689 4974 rio
742 4931 1058 4976 versaretur
1114 4926 1165 4978 in
1222 4929 1503 4983 amoribus
1552 4939 1607 4983 et
1636 4935 2187 5009 comessationibus?)

601 5022 792 5082 aperte
820 5017 1077 5084 cognovit
1099 5017 1364 5073 visionem
1394 5023 1461 5075 de
1491 5037 1555 5075 ea
1591 5023 1904 5093 significare
1938 5046 1951 5080 :
1976 5038 2033 5082 'et
2066 5044 2191 5099 pro-

600 5103 750 5159 tinus
798 5108 1124 5176 gravissimo
1181 5112 1371 5168 dolore
1425 5113 1675 5180 allectus,
1721 5126 1777 5169 et
1805 5118 1857 5170 in
1888 5119 2192 5178 visceribus

600 5209 766 5265 supra
828 5201 1049 5259 modum
1091 5203 1392 5271 cruciatus,
1444 5207 1681 5275 suspirio
1728 5194 1893 5264 veluti
1945 5215 2180 5280 quodam

602 5287 753 5345 fumo
775 5304 840 5345 ex
904 5293 1117 5347 interna
1146 5293 1367 5351 ﬂamma
1398 5299 1622 5364 emisso,
1654 5299 1819 5354 Deum
1848 5306 2099 5374 rogabat.
2126 5316 2185 5362 ut

603 5395 667 5435 ea
720 5383 1070 5453 resipisceret
1095 5399 1149 5441 et
1174 5400 1511 5460 exsurgeret,
1544 5400 1598 5447 et
1618 5394 1822 5448 rediret
1852 5398 1918 5449 ad
1943 5397 2179 5466 priorem

598 5473 785 5540 probae
812 5475 935 5531 vitae
957 5477 1376 5539 institutionem.
1416 5480 1551 5539 Nam
1590 5486 1693 5541 etsi
1730 5494 1858 5543 tunc
1883 5489 2188 5558 ignorabat,

601 5570 874 5634 quomodo
903 5571 1284 5641 abscessisset,
1309 5584 1365 5631 et
1398 5575 1597 5645 locum,
1632 5578 1684 5633 in
1721 5595 1831 5651 quo
1857 5580 2025 5638 Maria
2071 5599 2193 5641 ver-

602 5660 1036 5733 sabaturzquod
1097 5676 1279 5723 tamen
1333 5668 1567 5726 latenter
1614 5674 1958 5738 recessisset,
1989 5687 2038 5730 et
2067 5693 2192 5745 pro-

600 5759 723 5818 pter
745 5755 1007 5811 visionem
1040 5758 1211 5826 illam,
1256 5776 1377 5830 qua:
1430 5775 1788 5834 apparuerat,
1828 5782 1935 5822 non
1994 5768 2188 5823 bonam

603 5858 755 5910 spem
783 5848 848 5903 de
875 5864 939 5903 ea
981 5864 1326 5921 conceperat.
1358 5854 1504 5911 Duos
1560 5857 1745 5928 itaque
1789 5874 1960 5916 annos
2020 5859 2186 5917 Deum

2292 4849 2461 4920 μηδὲν
2522 4849 2656 4920 παρ’
2710 4847 2884 4918 αὑτῆς
2918 4846 3159 4909 ἀκούσας
3212 4844 3231 4916 (
3258 4844 3367 4907 πῶς
3398 4843 3541 4913 γάρς
3573 4841 3787 4910 ἐκείνης
3815 4840 3883 4892 ἐν

2289 4941 2368 5011 τῷ
2400 4941 2715 5011 ﬂaVEOXEZCp_
2732 4939 2865 5009 περὶ
2897 4936 3110 5007 ἔρωτας
3134 4938 3227 4989 καὶ
3263 4934 3483 5005 κώμους
3524 4931 3883 5002 ἀσχαλουμέ-

2290 5033 2434 5106 νης),
2486 5033 2626 5102 ἔγνω
2667 5031 2878 5100 σαφῶς,
2902 5031 3003 5098 τὴν
3034 5028 3159 5098 ῦψιν
3187 5027 3319 5099 περὶ
3354 5026 3525 5097 αὑτῆς
3558 5024 3886 5077 ὑπαινίττε-

2291 5124 2417 5178 σθαι
2466 5127 2566 5178 καὶ
2629 5122 3005 5194 δδυνηρότατα
3064 5120 3410 5191 παραχρῆμα
3473 5114 3744 5178 διατεθεὶς
3806 5115 3885 5169 τὰ

2292 5217 2580 5287 σπλάγχνα
2646 5233 2704 5268 τε
2754 5213 3147 5285 ὑπεραλγήσας
3204 5215 3300 5265 καὶ
3350 5211 3677 5280 στεναγμὸν,
3709 5208 3884 5261 οἱονεί

2288 5327 2411 5365 τινα
2443 5309 2652 5363 καπνὸν
2685 5308 2784 5377 τῆς
2824 5307 3037 5360 ἔνδοθεν
3069 5306 3288 5376 φλογὸς,
3320 5302 3674 5373 ἀναπέμψας,
3706 5301 3883 5355 ἐδεῖτο

2285 5403 2381 5458 τοῦ
2415 5403 2552 5458 Θεοῦ
2586 5403 2646 5456 τὸ
2695 5402 2905 5467 λοιπὸν,
2943 5401 3084 5455 ὥστε
3146 5398 3422 5469 ἀνανῆψαι
3457 5397 3617 5451 πάλιν
3677 5396 3879 5465 αὑτὴν,

2284 5495 2384 5548 καὶ
2404 5494 2782 5562 διαναστῆναι,
2812 5494 2908 5546 καὶ
2961 5492 3040 5556 εἰς
3092 5491 3191 5563 τὴν
3227 5491 3501 5562 προτέραν
3554 5487 3881 5542 ἐπανελθεῖν

2286 5585 2682 5656 εὐδοκίμησιν
2711 5585 2762 5637 εί
2787 5587 2897 5655 γὰρ
2927 5587 3021 5637 καὶ
3070 5585 3160 5637 τὸν
3187 5584 3389 5653 τρόπον
3423 5582 3562 5642 τέως
3605 5583 3706 5651 τῆς
3734 5578 3883 5632 ἀπο-

2286 5677 2488 5746 δημίας
2513 5676 2724 5747 ἠγνόει,
2750 5680 2845 5731 καὶ
2869 5678 2961 5729 τὸν
2989 5676 3180 5741 τόπον,
3206 5678 3263 5728 ὲν
3284 5669 3327 5745 ᾧ
3350 5675 3654 5747 τηνικαῦτα
3682 5670 3882 5741 Μαρία

2285 5770 2583 5841 διέτριϐεν,
2617 5770 2753 5824 ἀλλά
2780 5771 2842 5823 τὸ
2887 5770 3115 5841 λεληθὸς
3149 5771 3246 5840 τῆς
3278 5771 3687 5841 ὑποχωρήσεως
3716 5769 3812 5825 καὶ
3840 5768 3880 5838 ἠ

2288 5863 2525 5931 φανεῖσα
2543 5860 2665 5932 ὗψες
2694 5860 2882 5934 ἐκείνη
2906 5862 3004 5915 οὐκ
3035 5860 3247 5931 ἀγαθὰς
3282 5864 3546 5933 παρεῖχεν
3567 5861 3718 5932 αὑτῷ
3749 5862 3882 5931 περὶ
