4108 6464
508 365 575 430 71
1801 369 2094 432 MENSIS
2131 371 2504 432 MARTIUS.
3725 374 3802 440 72

508 483 693 543 educit
748 483 1008 556 puellam,
1048 497 1167 555 qua:
1207 483 1366 539 valde
1400 491 1522 539 erat
1549 483 1806 552 delicata,
1837 485 2018 541 mollis
2046 496 2100 542 et

2206 487 2497 556 τοιγαροῦν
2526 487 2586 540 τὸ
2607 485 2825 540 δεῖπνον
2845 487 2875 539 ὁ
2901 487 3199 556 πανδοκεὺς
3233 486 3583 559 εὐτρεπίσας,
3608 491 3796 560 ἐξάγει

508 581 795 638 dissoluta.
833 579 1008 646 Quam
1044 594 1166 634 cum
1217 579 1444 634 vidisset
1469 579 1549 635 sic
1591 580 1900 636 meretricie
1929 594 2100 635 orna-

510 683 618 729 tam
670 673 984 735 Abramius,
1013 671 1178 726 corde
1204 671 1382 725 medio
1427 673 1708 726 sauciatur
1735 689 1750 726 :
1779 681 1835 727 et
1864 673 2099 727 conaba-

513 775 602 819 tur
629 765 843 831 quidem
872 763 1128 817 cohibere
1158 760 1452 832 lacrymas,
1478 777 1545 816 ne
1571 772 1752 815 actum
1785 767 2095 830 prodentes,

511 855 742 925 puellam
793 853 1117 924 ctl'ugarent,
1166 869 1356 908 earum
1393 865 1570 908 tamen
1627 853 1853 908 minime
1881 865 2098 920 poterat

510 949 706 1002 sistere
733 945 1051 1013 finitionem,
1077 947 1256 1001 victus
1284 962 1314 1000 a
1347 947 1549 1002 doloris
1577 949 1922 1015 necessitate,
1957 949 2098 1005 unde

511 1043 676 1097 etiam
739 1042 995 1110 guttatim
1049 1039 1475 1110 lacrymabatur,
1516 1041 1567 1094 in
1625 1039 1848 1097 alteram
1888 1055 2095 1111 partem

510 1145 835 1188 convertens
865 1132 1088 1199 faciem,
1118 1143 1173 1187 et
1225 1149 1252 1186 a
1298 1133 1453 1203 genis
1485 1133 1751 1201 repellens
1805 1134 2094 1202 lacrymas.

510 1226 586 1282 Ut
630 1235 808 1279 autem
868 1227 1028 1295 hujus
1061 1225 1134 1280 rei
1181 1241 1397 1281 omnem
1429 1225 1669 1280 auferret
1702 1225 2093 1296 suspicionem,

509 1319 794 1374 amatoriis
828 1321 968 1387 apud
1000 1334 1121 1374 eam
1154 1320 1335 1374 verbis
1395 1318 1668 1382 utebatur,
1716 1319 2099 1386 annuebatqne

509 1420 563 1464 et
595 1412 836 1465 suaviter
883 1411 1183 1477 arridebat,
1216 1421 1269 1465 et
1313 1411 1420 1464 alia
1475 1411 1656 1464 omnia
1690 1410 1945 1477 faciebat,
1975 1424 2096 1480 qua:

508 1513 733 1571 possunt
796 1518 1114 1572 provocare,
1147 1511 1203 1556 et
1249 1502 1316 1555 ad
1365 1517 1608 1555 amorem
1637 1503 1959 1557 accendere.
1998 1501 2095 1556 illa

507 1605 689 1647 autem
733 1594 971 1650 vicissim
991 1594 1252 1647 Abramio
1295 1592 1554 1647 offerebat
1585 1593 1917 1657 osculum,ct
1948 1604 2096 1648 arcte

510 1685 704 1740 collum
741 1688 854 1754 ejus
885 1686 1333 1753 amplectebatur.
1395 1687 1615 1740 Interim
1648 1701 1775 1740 vero
1809 1701 1930 1740 cum
1970 1703 2094 1740 sen-

508 1778 611 1833 sim
642 1780 972 1832 redolentem
1001 1791 1279 1834 caStorum
1310 1791 1363 1833 et
1385 1777 1764 1832 exercitationi
1787 1771 2093 1831 deditorum

510 1874 878 1925 membrorum
939 1870 1290 1940 fragrantiam
1340 1872 1620 1934 sensisset,
1656 1879 1712 1923 et
1742 1869 1862 1922 vitm
1896 1868 2094 1938 prioris

507 1975 655 2018 esset
686 1965 964 2018 recordata
997 1974 1054 2018 et
1095 1963 1224 2017 boni
1262 1963 1554 2028 castitatis,
1592 1973 1696 2016 eta
1749 1964 1966 2032 quantis
1998 1964 2098 2017 bo-

505 2055 592 2109 nis
619 2056 913 2110 excidisset
945 2056 1160 2122 misera,
1196 2056 1351 2110 valde
1407 2056 1819 2126 lacrymabatur
1853 2065 1910 2111 et
1947 2056 2097 2126 inge-

506 2145 792 2213 ntis'cebat,
853 2159 905 2201 et
931 2165 945 2202 :
970 2145 1062 2202 Vae
1112 2149 1244 2202 mihi
1295 2149 1529 2215 miserat,
1560 2148 1801 2212 dicebat,
1831 2165 1911 2202 vae
1937 2147 2128 2212 mihi,‘

506 2254 628 2308 quae
674 2255 793 2294 sum
853 2239 1130 2309 implicata
1173 2251 1249 2296 tot
1309 2240 1530 2295 funibus
1594 2250 1966 2310 peccatorum.
2001 2239 2098 2294 lici

509 2330 666 2393 mihi,
700 2331 829 2397 quid
863 2330 1058 2400 agam?
1091 2330 1374 2400 Quomodo
1407 2347 1493 2386 me
1522 2347 1665 2385 nunc
1691 2341 1836 2386 terra
1871 2347 1978 2384 non
2007 2331 2099 2384 de-

508 2422 707 2480 vorat?
748 2423 977 2491 Pr0pter
1003 2438 1122 2490 qua:
1156 2423 1210 2476 in
1242 2437 1492 2492 magnam
1520 2424 1783 2476 adductus
1806 2422 2102 2476 dubitatio-

506 2533 627 2570 nem
657 2516 912 2570 dominus
940 2515 1250 2581 diversorii,
1293 2525 1350 2568 ut
1397 2515 1487 2584 qui
1519 2515 1651 2568 nihil
1709 2515 1874 2569 sciret
1905 2527 2096 2568 eorum

504 2623 624 2678 quae
668 2618 1059 2677 praecesserant
1109 2625 1122 2662 :
1172 2608 1356 2673 Maria,
1387 2607 1605 2662 domina
1663 2621 1802 2672 mea,
1861 2608 2096 2672 dicebat,

507 2701 608 2752 hoc
641 2710 809 2751 totum
846 2699 1050 2752 biennii
1090 2707 1305 2767 tempus
1328 2697 1440 2766 jam
1473 2707 1654 2752 tecum
1706 2700 1926 2765 degens,
1956 2711 2098 2749 mnt-

506 2807 670 2860 quam
701 2800 752 2843 te
787 2790 993 2846 vidi'ad
1027 2799 1231 2843 tantam
1263 2790 1550 2843 adductam
1581 2788 1858 2842 tristitiam
1884 2798 1939 2842 et
1971 2788 2095 2841 ani-

508 2882 579 2935 mi
606 2879 1149 2950 :egritudinem.Pra:
1184 2880 1521 2934 dubitatione
1573 2881 1760 2948 itaque
1808 2879 2002 2933 delicio
2044 2888 2100 2933 et

509 2975 897 3039 contremisco,
937 2975 1207 3042 cogitans,
1237 2973 1512 3032 undenam
1566 2984 1622 3027 et
1649 2988 1885 3042 quonam
1939 2973 2098 3026 modo

508 3069 621 3121 haec
651 3066 837 3120 dicere
871 3066 967 3122 tibi
998 3068 1212 3120 venerit
1242 3067 1295 3120 in
1329 3075 1592 3120 mentem.
1624 3064 1716 3118 llla
1741 3076 1945 3129 autem,
1979 3075 2099 3118 tau-

506 3174 668 3227 quam
694 3159 742 3212 ei
769 3171 991 3214 causam
1017 3158 1368 3229 significans:
1400 3157 1637 3223 Utinam,
1673 3159 1864 3226 inquit,
1885 3157 2099 3212 duobus

509 3251 668 3305 annis
702 3261 829 3305 ante
863 3250 1244 3306 decessissent.
1281 3249 1371 3306 Sic
1421 3252 1565 3306 enim
1604 3250 1827 3307 fuissem
1877 3251 2100 3304 omnino

508 3346 654 3398 inter
685 3344 901 3399 beatas.

579 3518 771 3575 XXIV.
810 3518 1038 3590 Propter
1095 3520 1208 3575 haec
1260 3520 1465 3576 veritus
1521 3519 1740 3576 divinus
1782 3521 2100 3586 Abramius,

507 3625 576 3668 ne
608 3615 722 3684 ipse
751 3615 1011 3667 evaderet
1039 3613 1380 3678 manifestus,
1423 3613 1618 3668 deinde
1652 3613 1936 3683 aufugeret
1989 3614 2098 3667 tilia

508 3707 630 3774 ejus
671 3706 884 3772 fratris,
915 3717 977 3761 ut
1025 3721 1188 3775 quam
1249 3721 1442 3777 magna
1498 3706 1588 3760 illa
1621 3707 1895 3762 morderet
1926 3707 2102 3776 poeni-

510 3803 700 3864 tentia,
728 3813 782 3856 et
845 3816 967 3870 quae
1019 3815 1128 3854 non
1182 3802 1414 3870 amplius
1475 3800 1645 3856 ferret
1708 3817 1832 3855 eum
1881 3802 2100 3865 intueri,

507 3891 661 3958 cujus
714 3903 980 3960 praecepta
1041 3902 1150 3943 tam
1198 3903 1387 3959 aperte
1443 3889 1880 3959 contempsisset,
1935 3902 1991 3946 et
2023 3893 2103 3946 sic

423 3983 428 3986 ’
512 3984 799 4052 aufugeret
828 3985 1010 4051 praada
1035 3999 1098 4035 ex
1127 3985 1319 4037 mediis
1338 3985 1456 4052 ejus
1484 3986 1756 4046 manibus,
1780 3986 2100 4054 priusquam

508 4084 678 4130 totam
719 4092 901 4130 escam
928 4080 1237 4139 devoraret;
1271 4087 1326 4130 et
1360 4089 1649 4144 propterea
1670 4077 1856 4131 volens
1883 4093 2101 4132 omnem

512 4169 727 4222 auferre
761 4169 1150 4235 suspicionem,
1186 4168 1581 4237 petulantiores
1615 4183 1798 4222 mores
1843 4170 2102 4223 amatoris

513 4259 817 4328 suscipiens
848 4277 861 4311 :
897 4260 1174 4327 lieprime,
1207 4260 1444 4324 dicebat,
1477 4274 1510 4312 o
1543 4259 1755 4325 mulier,
1782 4261 1898 4315 haec
1926 4261 2102 4314 tristia

513 4351 700 4402 verba.
754 4347 873 4401 Non
904 4351 1050 4401 enim
1089 4350 1210 4403 ideo
1251 4351 1354 4403 huc
1396 4351 1774 4416 convenimus,
1820 4363 1878 4406 ut
1919 4367 2104 4407 recor-

510 4441 723 4495 darcris
758 4456 972 4507 eorum,
1005 4455 1124 4508 qua:
1171 4441 1369 4497 fecisti.
1410 4441 1473 4496 Et
1503 4459 1798 4499 conversus
1837 4445 1904 4498 ad
1932 4447 2106 4500 domi-

514 4550 640 4587 num
669 4533 957 4588 diversorii
990 4551 1004 4587 :
1034 4535 1242 4599 Amice,
1273 4537 1472 4603 inquit,
1515 4537 1655 4591 affer
1682 4539 1837 4592 nobis
1854 4533 2104 4607 cito'quae

511 4627 738 4694 parasti,
779 4637 836 4679 ut
871 4627 1032 4679 ambo
1090 4627 1464 4696 colla-tentur;
1500 4644 1531 4683 e
1588 4629 1884 4700 longinquo
1932 4633 2103 4697 enim,

513 4728 572 4771 ut
609 4719 781 4782 vides,
809 4720 1015 4774 accessi
1047 4731 1270 4788 propter
1301 4722 1492 4789 ipsam.
1523 4720 1698 4775 Lauto
1738 4725 1920 4791 itaque
1948 4723 2106 4777 exhi-

511 4812 628 4866 bito
667 4813 942 4878 convivio,
970 4815 1060 4880 qui
1095 4825 1236 4866 totos
1268 4814 1660 4883 quinquaginta
1705 4830 1885 4868 annos
1922 4830 1988 4867 ne
2015 4832 2108 4869 su-

512 4903 785 4958 8tinuerat
814 4904 1034 4972 quidem
1060 4906 1308 4972 aspicere
1351 4907 1660 4970 mulierem,
1693 4916 1747 4960 et
1775 4922 1873 4962 nec
1911 4923 2104 4976 panem

511 4994 756 5062 quidem,
793 5009 890 5048 nec
917 5009 1141 5063 aquam,
1177 5011 1296 5064 qua:
1323 5009 1450 5051 sunt
1496 4999 1733 5052 maxime
1769 5001 2100 5062 necessaria,

512 5098 821 5154 sumpserat
849 5089 916 5141 ad
971 5088 1305 5153 satietatem,
1364 5091 1551 5145 vinum
1582 5091 1735 5153 bibit,
1761 5102 1815 5146 et
1865 5093 2105 5147 vescitur

513 5181 794 5244 carnibus,
819 5192 872 5234 et
906 5182 1227 5236 convivatur
1267 5198 1388 5234 cum
1443 5185 1750 5240 meretrice.
1795 5183 1928 5237 Nam
1978 5188 2106 5238 bea-

516 5283 630 5326 tum
686 5287 902 5341 quoque
951 5273 1433 5339 scicbatPaulum,
1470 5277 1535 5328 ad
1581 5293 1741 5345 quem
1774 5278 1888 5344 ipse
1930 5278 2107 5332 intue—

517 5367 698 5431 batur,
730 5373 786 5420 et
836 5365 994 5434 cujus
1056 5367 1328 5422 viscerum
1363 5377 1416 5421 et
1468 5368 1566 5421 zeli
1600 5370 1963 5423 contendebat
1985 5383 2107 5424 esse

516 5457 783 5526 imitator,
835 5474 895 5514 se
957 5460 1250 5530 aliquando
1297 5461 1636 5530 purificasse,
1665 5471 1720 5515 et
1743 5470 1908 5530 caput
1939 5463 2104 5518 etiam

522 5554 741 5621 rasisse,
770 5554 1118 5611 Timotheum
1150 5559 1313 5612 etiam
1365 5558 1800 5624 circumcidisse,
1831 5569 1886 5615 et
1937 5561 2010 5615 ita
2039 5576 2108 5617 ne

520 5644 800 5703 Judaismo
852 5653 1072 5719 quidem
1123 5651 1484 5721 perpercisse,
1517 5653 1850 5709 utinﬁdeles
1895 5655 2110 5712 animas

527 5741 822 5796 attraheret
854 5747 918 5798 ad
955 5745 1239 5814 pietatem.

601 5831 766 5888 XXV.
797 5834 930 5891 Cum
968 5839 1046 5894 sic
1069 5853 1199 5907 ergo
1225 5849 1408 5896 essent
1458 5841 1752 5909 convivati,
1778 5858 1838 5902 se
1869 5843 2106 5901 invicem

2210 579 2308 649 τὴν
2338 579 2509 650 κόρην
2533 579 2619 632 ἐπ’
2653 580 2804 646 αὐτὸ,
2836 579 3154 650 θρυπτικῶς
3199 581 3259 634 εὖ
3307 583 3452 651 μάλα
3483 585 3578 638 καὶ
3610 584 3800 658 ἁϐρῶς

2207 686 2267 722 τε
2299 670 2393 722 καὶ
2418 671 2726 740 ἀνειμένως
2753 670 3009 740 ἔχουσαν,
3041 673 3108 743 ἢν
3145 671 3269 725 ἰδὼν
3293 671 3466 736 οὕτως
3502 675 3800 745 ἑταιρικῶς

2208 761 2675 832 διεσκευασμένην
2719 763 3042 834 Ἀὁράμιος,
3073 765 3248 835 μέσην
3290 765 3658 834 τιτρώσκεται
3697 768 3806 840 τὴν

2209 854 2438 925 καρδίαν
2471 857 2563 907 καὶ
2602 858 2729 927 σιγῇ
2762 862 2864 922 μὲν
2899 859 3120 928 ἐπέχειν
3169 860 3431 928 ἐπειρᾶτο
3464 858 3533 912 τὰ
3558 859 3798 930 δάκρυα,

2211 947 2284 1018 μὴ
2319 947 2705 1015 φυγαδεύσωσι
2751 948 2852 1020 τὴν
2887 949 3058 1020 κόρην
3099 949 3158 1002 τὸ
3209 950 3395 1020 δρᾶμα
3432 950 3754 1021 μηνύσαντα
3779 969 3796 982 ο

2207 1040 2276 1090 τι
2298 1039 2356 1091 δὲ
2390 1042 2539 1109 ὅμως
2583 1042 2783 1109 στῆσαι
2813 1042 2912 1111 τὴν
2945 1042 3077 1113 ῥοὴν
3105 1043 3208 1097 οὐκ
3254 1043 3483 1113 ἠδύνατο
3515 1043 3802 1115 νικώμενα

2208 1131 2273 1199 τῇ
2312 1128 2408 1181 τοῦ
2463 1128 2672 1191 πάθους
2702 1129 2938 1202 ἀνάγκη,
2995 1130 3120 1184 ὅθεν
3143 1131 3415 1202 ἐδάκρυεν
3451 1131 3708 1194 ἀστακτὶ,
3737 1131 3804 1184 τὸ

2208 1222 2500 1292 πρόσωπον
2551 1222 2645 1274 ἐπὶ
2680 1221 2886 1292 θάτερα
2935 1226 3185 1292 στρέφων
3219 1225 3315 1276 καὶ
3350 1223 3418 1276 τὰ
3449 1225 3661 1294 δάκρυα
3684 1225 3797 1276 τῶν

2206 1313 2452 1382 παρειῶν
2508 1314 2920 1385 ἀπωθούμενος.
2981 1315 3099 1368 ἰνα
3161 1316 3219 1368 δέ
3258 1317 3434 1386 κλέψῃ
3482 1319 3664 1370 πᾶσαν
3699 1317 3802 1370 ἐπὶ

2205 1403 2416 1456 τούτων
2449 1404 2733 1472 ὑπόνοιαν,
2771 1406 2866 1459 καὶ
2893 1407 3089 1474 λόγους
3117 1408 3253 1478 αὐτῇ
3287 1409 3568 1477 προσῆγεν
3602 1411 3806 1478 ἐρωτι-

2205 1495 2356 1558 κοὺς,
2393 1495 2610 1549 ἐνένευέ
2641 1513 2723 1563 τε,
2757 1501 2853 1551 καὶ
2880 1498 2980 1568 ἡδὺ
3011 1499 3342 1568 προσεγέλα,
3396 1504 3492 1554 καὶ
3543 1502 3662 1555 λίαν
3699 1504 3805 1555 ἐπ-

2205 1587 2422 1654 αγωγὸν
2462 1586 2704 1657 ἐμειδία,
2754 1587 2852 1639 καὶ
2908 1583 3082 1641 τᾶλλα
3135 1591 3316 1644 πάντα
3359 1591 3556 1657 ἐποίει,
3589 1594 3805 1662 ὅσαπερ

2206 1677 2498 1729 ὑποκνίσαι
2529 1680 2624 1730 καὶ
2652 1677 2956 1747 ἀναφλέξαι
2988 1678 3127 1747 πρὸς
3159 1679 3340 1749 ἔρωτα
3392 1680 3638 1736 δύναται.
3685 1683 3808 1735 Κά-

2205 1771 2358 1842 κείνη
2410 1770 2574 1828 πάλιν
2635 1771 2952 1842 ἀντεπῆγεν
3013 1771 3300 1843 Ἀϐραμίῳ
3346 1773 3408 1825 τὸ
3461 1775 3673 1844 φίλημα
3704 1776 3804 1829 καὶ

2132 1863 2174 1921 Β
2204 1861 2610 1932 περιπλακεῖσα
2629 1862 2926 1930 προσφυῶς
2953 1863 3042 1916 τὸν
3074 1863 3354 1934 τράχηλον
3383 1865 3800 1935 κατησπάζετο·

2201 1955 2259 2006 ἐν
2289 1954 2462 2024 τούτῳ
2482 1954 2540 2006 δὲ
2573 1956 2672 2024 τῆς
2699 1955 3016 2025 ἀποζοὺσης
3041 1956 3149 2010 τῶν
3173 1957 3353 2024 ἁγνῶν
3387 1975 3448 2011 τε
3495 1961 3589 2012 καὶ
3619 1960 3804 2030 ἀσκη-

2201 2049 2372 2100 τικῶν
2405 2047 2588 2118 μελῶν
2645 2048 2878 2111 εὐωδίας
2925 2050 3112 2119 ἠρέμα
3173 2049 3575 2121 ὑπαισθομένη,
3606 2050 3706 2120 τῆς
3738 2067 3810 2105 τι

2203 2145 2484 2215 προτέρας
2547 2144 2829 2206 πολιτείας
2905 2143 3325 2214 ἀναμνησθεῖσα
3391 2145 3486 2198 καὶ
3555 2144 3650 2198 τοῦ
3699 2146 3807 2216 τῆς

2203 2235 2427 2303 ἁγνείας
2454 2235 2621 2291 καλοῦ
2658 2235 2752 2287 καὶ
2781 2234 2912 2290 οἴων
2962 2237 2995 2307 ἡ
3026 2236 3299 2306 δυστυχὴς
3353 2235 3615 2303 ἐξέπεσεν
3662 2240 3808 2305 ἀγα-

2205 2323 2336 2389 θῶν,
2369 2326 2598 2396 ἐδάκρυε
2630 2325 2775 2394 μάλα
2809 2325 3040 2396 θερμὸν,
3073 2327 3166 2379 καὶ
3203 2327 3491 2392 ὑπέστενε,
3524 2328 3806 2390 κα“ι,οὐαί

2207 2435 2318 2486 μοι,
2349 2416 2525 2486 ἐλεγε,
2559 2419 2627 2488 τῇ
2652 2417 2855 2489 ἀθλίᾳί
2895 2418 3020 2471 οὺαί
3057 2436 3170 2489 μοι,
3207 2423 3272 2489 τῇ
3309 2419 3581 2471 τοσούτων
3615 2421 3806 2490 ἀμαρ-

2204 2513 2466 2581 τημάτων
2493 2511 2703 2582 σχοινία
2727 2511 3092 2584 περικειμένῃ
3114 2514 3126 2564 !
3151 2511 3323 2582 οἶμοι,
3357 2513 3408 2566 τί
3432 2513 3616 2582 δράσω
3640 2531 3653 2575 ;
3681 2514 3807 2576 πῶς

2202 2605 2302 2656 οὐκ
2338 2604 2404 2657 ἄν
2434 2621 2502 2672 με
2533 2603 2628 2658 νῦν
2665 2605 2697 2674 ἡ
2746 2604 2819 2674 γῆ
2853 2605 3144 2668 καταπίοι;
3181 2605 3295 2674 ’E’g’
3327 2599 3408 2667 οἷς
3436 2608 3462 2656 ό
3497 2606 3806 2675 πανδςχεὺς

2203 2695 2606 2768 ἀπορούμενος,
2641 2690 2730 2748 οἷα
2763 2695 2899 2765 μηδέ
2935 2697 3094 2760 είδώς
3147 2715 3198 2749 τι
3231 2699 3340 2750 τῶν
3371 2698 3756 2766 προλαϐόντων
3783 2715 3802 2729 σ

2202 2792 2417 2861 Μαρία,
2456 2792 2667 2861 Μαρία,
2727 2791 2917 2860 κυρία,
2955 2789 3132 2859 ἔλεγε,
3167 2793 3314 2860 διετῆ
3350 2793 3412 2861 δὴ
3455 2792 3645 2844 τοῦτιν
3671 2791 3802 2861 ἄρτι

2204 2882 2509 2948 συνδιαγων
2546 2899 2628 2933 σοι
2672 2881 2892 2950 χρόνον,
2931 2882 3190 2934 οὐδέποτέ
3225 2899 3282 2934 σε
3338 2884 3475 2953 πρὸς
3530 2883 3806 2953 τοσαύτην

2203 2974 2513 3042 κατήφειαν
2547 2972 2642 3024 καὶ
2671 2971 2912 3042 ἀθυμίαν
2946 2968 3084 3024 εἶδον
3116 2975 3536 3044 κατενεχθεῖσαν
3559 2989 3570 3000 ·
3605 2973 3801 3026 ἐκλύο-

2205 3083 2307 3134 μαι
2338 3063 2434 3120 οὖν
2471 3065 2574 3116 ὑπὸ
2613 3063 2714 3133 τῆς
2742 3064 2980 3134 ἀπορίας
3010 3065 3106 3118 καὶ
3129 3067 3340 3135 τρέμω,
3373 3067 3540 3118 πόθεν
3573 3067 3682 3137 ἄρα
3704 3066 3804 3122 καὶ

2203 3162 2352 3224 ὅπως
2382 3161 2607 3216 τοιαῦτα
2637 3158 2818 3227 λέγειν
2837 3159 3040 3230 ἐπῆλθέ
3074 3177 3176 3214 σοι.
3219 3159 3284 3212 Ἥ
3314 3160 3390 3226 δέ,
3425 3159 3615 3229 ὥσπερ
3649 3157 3801 3228 αὑτῷ

2205 3253 2550 3324 γνωρίζουσα
2605 3254 2705 3323 τὴν
2740 3253 2922 3304 αἰτίαν
2949 3268 2963 3282 ο
3012 3251 3158 3304 Διότι
3187 3250 3277 3323 [Τί
3304 3250 3472 3322 ὅπη.
3512 3252 3670 3324 φησὶ,
3721 3255 3806 3322 μὴ

2207 3347 2315 3415 πρὸ
2352 3345 2492 3399 δύων
2534 3345 2742 3399 τούτων
2775 3343 3112 3416 ἐτελεύτησα
3141 3344 3386 3415 χρόνωνί
3419 3344 3563 3398 οὕτω
3591 3345 3696 3416 γὰρ
3725 3346 3796 3401 ἂν

2209 3439 2360 3509 ἥμην
2385 3439 2603 3499 πάντως
2631 3439 2690 3490 ἐν
2726 3437 3054 3507 μακαρίαις.

2278 3533 2402 3584 ΚΔ’.
2442 3530 2586 3601 Πρὸς
2621 3530 2795 3582 ταῦτα
2833 3529 3028 3592 δείσας
3082 3531 3110 3583 ὁ
3145 3529 3288 3602 ἱερὸς
3336 3529 3655 3602 Ἀϐράμιος,
3721 3532 3802 3601 μὴ

2205 3624 2298 3676 καὶ
2324 3623 2486 3686 αὐτὸς
2515 3622 2730 3690 γένοιτο
2750 3621 2932 3692 δῆλος,
2956 3619 3076 3674 εἶτα
3099 3624 3283 3691 φυγὰς
3312 3625 3514 3693 οἴχοιτο
3537 3626 3568 3694 ἡ
3599 3625 3802 3695 ἀνεψιὰ

2205 3716 2312 3770 ὑπὸ
2349 3716 2446 3784 τῆς
2473 3714 2676 3784 πολλῆς
2701 3714 2920 3784 ἐκείνης
2953 3714 3264 3785 δακνομένη
3303 3715 3674 3785 μεταμελείας
3702 3716 3803 3768 καὶ

2209 3808 2403 3876 μηκέτι
2430 3808 2672 3879 φέρουσα
2727 3807 2952 3879 βλέπειν
2996 3807 3186 3871 αὑτὸν,
3233 3804 3296 3862 οὗ
3320 3808 3416 3870 τὰς
3444 3807 3666 3871 ἐντολὰς
3690 3804 3802 3863 οἶδε

2206 3899 2458 3969 φανερῶς
2487 3898 2803 3971 ἀθετήσασα
2857 3903 2951 3955 καὶ
2976 3901 3150 3966 οὕτως
3181 3903 3244 3955 ἐκ
3279 3905 3460 3973 μέσων
3488 3905 3652 3958 αὑτὸν
3686 3922 3802 3974 χει.

2209 3989 2319 4060 ρῶν
2377 3993 2438 4044 τὸ
2494 3993 2718 4064 θήραμα
2770 3994 3027 4063 διαφύγοι
3068 3995 3200 4064 πρὶν
3251 3995 3370 4048 ὅλον
3412 3997 3675 4053 καταπίοι
3740 3999 3805 4050 τὸ

2205 4086 2430 4156 δέλεαρ,
2459 4089 2553 4139 καὶ
2579 4089 2765 4140 πᾶσαν
2793 4089 2883 4140 διὰ
2904 4088 3064 4142 τοῦτο
3086 4089 3413 4159 βουλόμενος
3434 4091 3642 4144 ἀνελεῖν
3665 4092 3805 4144 ὑποά

2204 4177 2360 4246 ψίαν,
2385 4179 2466 4243 είς
2490 4179 2894 4251 αὐθαδέστερον
2927 4180 3168 4246 ἐραστοῦ
3213 4180 3415 4249 τρόπον
3440 4181 3763 4252 μεταϐαλών
3784 4199 3801 4214 ·

2211 4271 2434 4332 Ἐασον,
2494 4271 2702 4337 ἔλεγεν,
2758 4271 2985 4341 ἐπίσχες
3041 4273 3110 4324 τὰ
3148 4272 3453 4342 σκυθρωπὰ
3482 4277 3641 4327 ταυτὶ
3697 4277 3804 4344 ῥή-

2209 4379 2379 4434 ματα,
2410 4360 2576 4430 γύναι
2597 4378 2612 4392 ο
2633 4362 2696 4412 οὑ
2751 4361 2858 4431 γὰρ
2890 4363 2983 4414 ἐπὶ
3011 4361 3191 4432 τούτῳ
3242 4364 3606 4433 συνήλθομεν,
3657 4364 3802 4418 ὥστε

2210 4471 2269 4506 σε
2299 4456 2543 4523 τήμερον
2583 4452 2996 4524 ἀναμνησθῆναι
3051 4455 3160 4509 τῶν
3217 4458 3651 4526 πεπραγμένων.
3689 4459 3802 4510 Kal.

2211 4548 2347 4618 πρὸς
2402 4549 2494 4600 τὸν
2542 4549 2819 4617 πανδοχεα
2877 4549 3068 4602 λοιπὸν
3119 4551 3491 4622 ἐπιστρέψας·
3559 4551 3800 4624 Ἑταῖρε,

2211 4640 2376 4691 πότον
2403 4640 2527 4693 τινα
2555 4641 2650 4692 καὶ
2679 4636 2838 4702 αὖθις
2869 4643 3006 4711 ἡμῖν
3048 4645 3450 4713 συγκρότησον,
3485 4644 3612 4716 ἔφη,
3650 4647 3804 4709 ὅπως

2212 4731 2515 4802 ἀμφότεροι
2572 4733 3009 4806 συνησθείημενο
3055 4736 3340 4808 πόρρωθεν
3377 4739 3505 4808 γὰρ,
3540 4739 3614 4801 ὡς
3643 4740 3798 4809 ὁρᾷς,

2213 4823 2446 4894 πάρειμι
2479 4822 2545 4876 δι’
2585 4825 2789 4894 αὑτήνο
2826 4826 2920 4878 τοῦ
2956 4827 3122 4880 πότου
3159 4829 3453 4900 τοιγαροῦν
3487 4831 3799 4893 πολυτελῶς

2211 4916 2585 4983 τελεσθέντος,
2635 4922 2662 4972 ὁ
2721 4921 2850 4990 παρ’
2907 4921 3061 4986 ὅλους
3144 4925 3486 4993 πεντήκοντα
3575 4925 3802 4994 χρόνους

2217 5009 2354 5077 μηδὲ
2436 5007 2698 5077 γυναικὸς
2758 5016 3140 5084 ἀνασχόμενος
3213 5017 3372 5086 ὄψιν,
3429 5017 3564 5086 μηδέ
3637 5018 3804 5089 ἄρτου

2211 5102 2342 5155 ποτέ
2425 5106 2561 5172 μηδὲ
2649 5106 2840 5168 ὓδατος
2907 5107 3016 5158 τῶν
3107 5109 3561 5176 ἀναγκαιοτάτων
3627 5126 3852 5178 μεταο.

2214 5193 2358 5264 σχὼν
2381 5195 2506 5266 ἄχρι
2538 5197 2725 5268 κόρου,
2767 5199 2912 5251 οἴνου
2945 5201 3040 5252 καὶ
3075 5202 3254 5270 κρεῶν
3298 5203 3546 5254 κοινωνεῖ
3575 5205 3669 5255 καὶ
3703 5220 3803 5270 γν-

2213 5289 2365 5341 ναικὶ
2382 5291 2556 5362 πόρνῃ
2577 5294 2946 5354 συνεστιᾶται,
2978 5295 3104 5346 ἐπεὶ
3145 5295 3240 5348 καὶ
3277 5295 3644 5364 ἁγνισάμενοι)
3682 5295 3801 5366 ᾔδει

2213 5385 2344 5434 ποτέ
2360 5383 2454 5435 καὶ
2470 5387 2560 5435 τὸν
2582 5385 2855 5454 μακάριον
2879 5386 3117 5450 Παῦλον,
3139 5386 3276 5441 ἀλλά
3297 5389 3391 5440 καὶ
3410 5387 3558 5457 ξυρῷ
3579 5390 3714 5459 πρὸς
3731 5366 3796 5462 τῇ

2212 5477 2424 5546 κεφαλῇ
2449 5479 2814 5549 χρησαμενον,
2835 5481 2971 5550 πρὸς
2992 5479 3050 5534 ὃν
3071 5475 3223 5544 οὗτος
3241 5481 3389 5552 ἐώρα
3413 5486 3508 5534 καὶ
3527 5477 3589 5537 οὗ
3625 5501 3802 5554 μιμη-

2214 5568 2312 5638 τὴς
2331 5569 2439 5621 τῶν
2458 5571 2783 5640 σπλάγχνων
2801 5575 2892 5625 καὶ
2913 5573 3005 5626 τοῦ
3021 5575 3184 5645 ζήλου
3209 5575 3626 5640 καθίστατο,καὶ
3643 5593 3805 5648 περι-υ

2213 5657 2448 5725 τεμόντα
2478 5658 2742 5728 Τιμόθεον
2767 5664 2859 5714 καὶ
2887 5661 3059 5726 οὕτως
3106 5665 3446 5737 Ἰουδαϊσμοῦ
3479 5667 3554 5737 μὴ
3605 5669 3804 5736 φεισα-

2218 5765 2400 5819 μενον,
2429 5749 2516 5801 ἵνα
2545 5750 2722 5820 ψυχὰς
2752 5755 3020 5819 ἀπίστους
3045 5756 3248 5829 ἐλκύσῃ
3285 5761 3422 5831 πρὸς
3465 5760 3801 5816 θεοσέϐειαν.

2285 5843 2415 5897 KE'.
2445 5843 2604 5897 υῦτω
2657 5849 2953 5917 τοιγαροῦν
3006 5853 3474 5920 συνεστιαθέντες,
3508 5853 3804 5926 λαϐόμενοι
