4108 6464
464 403 550 467 .75
1792 400 2086 468 MENS‘IS
2122 404 2497 472 MARTIUS.
3674 410 3749 483 π

474 531 587 574 tum
649 516 970 582 humanum,
1003 528 1102 586 pro
1136 530 1243 587 quo
1294 516 1588 588 desperare
1632 529 1905 588 "oporteat.
1939 520 2042 576 Nul

2171 517 2322 587 οἶδας
2352 526 2439 579 ἀεὶ
2457 523 2554 578 τοῦ
2583 526 2798 583 κελλίου
2833 529 2926 584 καὶ
2969 531 3066 602 τῆς
3101 531 3337 604 ἡσυχίας
3383 536 3566 591 εἰδότα
3599 541 3763 597 πλέον

471 612 582 668 lum
609 618 695 666 est
724 609 917 664 anima:
935 608 1132 665 vulnus
1166 611 1302 665 adeo
1326 609 1744 679 immedicabile,
1779 614 1921 682 quod
1945 629 2052 671 non

472 716 718 773 curetur,
754 713 934 759 ustum
969 703 1203 770 pulchro
1241 704 1368 775 igne
1401 705 1757 776 poenitentiae.
1777 706 1950 777 Super
1972 724 2059 765 me

470 801 542 855 sit
573 806 665 854 tua
698 798 980 867 iniquitas,
1016 811 1048 852 0
1082 797 1214 852 filia.
1247 795 1359 865 Ego
1390 813 1489 869 pro
1512 808 1563 854 te
1586 799 1805 856 Christo
1834 800 2056 856 reddam

469 891 762 946 rationem.
804 887 992 944 Solum
1059 890 1180 945 veni
1244 905 1485 958 mecum,
1553 901 1608 947 et
1657 893 1724 946 ad
1751 891 2059 949 solitudinis

470 994 813 1037 revertamur
873 979 1270 1037 habitaculum.
1329 982 1411 1038 Ad
1447 983 1564 1040 haec
1604 984 1695 1039 illa
1731 985 1817 1040 vix
1852 984 2058 1041 humile

467 1074 746 1143 quippiam
778 1080 833 1128 et
859 1073 1038 1138 triste,
1066 1085 1118 1129 et
1149 1074 1316 1131 veluti
1343 1076 1664 1148 aegritudine
1695 1079 1860 1133 animi
1881 1093 2058 1134 emor-

467 1174 618 1221 tuum
674 1165 951 1222 submisse
992 1166 1285 1237 loquitur:
1319 1169 1452 1224 Cum
1509 1170 1576 1225 ad
1634 1179 1686 1226 te
1742 1176 1797 1226 et
1846 1169 2054 1225 vultum

467 1268 614 1311 tuum
668 1270 736 1312 ne
789 1255 977 1312 Oculos
1034 1255 1254 1327 quidem
1295 1257 1548 1327 habeam,
1580 1261 1671 1330 qui
1725 1259 1938 1330 possint
1974 1260 2058 1314 in-

462 1351 628 1416 tueri,
652 1364 684 1406 0
720 1347 1031 1406 venerande
1088 1349 1267 1417 Pater,
1296 1361 1353 1408 ut
1391 1352 1483 1424 qui
1537 1354 1647 1408 sint
1677 1354 1803 1408 tecti
1834 1362 2057 1424 propter

459 1450 673 1497 tantum
732 1443 1016 1511 pudorem,
1056 1445 1327 1513 quomodo
1372 1456 1564 1516 potero
1600 1446 1666 1501 ad
1696 1444 1867 1501 Deum
1901 1461 2057 1502 acce-

462 1535 614 1601 dere,
642 1550 671 1590 a
706 1536 948 1606 maligno
973 1538 1212 1607 graviter
1238 1538 1422 1594 animo
1453 1540 1720 1605 sauciata,
1751 1548 1805 1595 et
1835 1551 2055 1597 scatens

462 1632 572 1681 tam
598 1628 789 1683 multis
820 1637 1166 1700 peccatorum
1195 1631 1517 1687 ulceribus?
1549 1630 1640 1686 Ille
1669 1641 1854 1687 autem
1884 1635 2050 1688 verba

460 1719 579 1790 ejus
640 1722 921 1791 excipiens
964 1738 978 1775 :
1014 1722 1188 1791 Super
1216 1738 1322 1790 me,
1378 1723 1576 1793 inquit,
1606 1737 1639 1779 0
1674 1722 1807 1790 lilia,
1838 1723 1909 1778 sit
1947 1723 2051 1778 iui-

459 1814 642 1884 quitas
691 1823 803 1877 tua,
839 1824 895 1869 et
925 1829 1067 1870 onus
1119 1813 1259 1869 collo
1282 1831 1404 1870 meo
1426 1825 1593 1870 erunt
1619 1827 1724 1872 tuae
1756 1817 1998 1872 actiones
2035 1833 2051 1879 ;

2163 617 2356 680 οὐδένς
2405 619 2520 673 Οὐκ
2563 620 2679 674 ἔστι
2712 638 2764 676 τι
2806 623 2921 676 τῶν
2968 621 3335 695 ἀνθρωπίνων
3391 635 3763 703 πραγμάτων,

2160 711 2298 784 ὅπερ
2330 713 2701 787 ἀπαγορεύειν
2750 718 3056 790 προσῆκεν
3123 720 3225 774 οὐκ
3272 721 3392 777 ἐστι
3432 742 3487 779 τι
3518 727 3630 783 τῶν
3660 730 3764 802 τῆς

2159 802 2342 876 ψυχῆς
2368 809 2707 880 τραυμάτων
2730 811 2909 875 οὓτως
2937 811 3182 877 ἀνίατον,
3215 812 3245 867 ὃ
3278 815 3354 887 μὴ
3384 816 3463 888 τῷ
3487 820 3638 892 καλῷ
3660 822 3762 894 τῆς

2163 899 2456 968 μετανοίας
2488 901 2622 972 πυρὶ
2654 902 2952 973 καιόμενον
2999 902 3395 975 θεραπεύεται.
3443 910 3564 965 Ἐπ’
3597 913 3697 982 ἐμὲ
3725 916 3759 986 ἠ

2159 991 2363 1061 ἀνομία
2380 1009 2495 1058 σου,
2517 993 2741 1050 τέκνονί
2764 994 2877 1065 ἐγὼ
2907 996 3007 1060 τὰς
3030 997 3171 1070 ὑπὲρ
3197 1000 3290 1053 σοῦ
3315 1001 3546 1067 εὐθύνας
3574 1005 3762 1075 ὑφέξω

2159 1082 2382 1156 Χριστῷ
2408 1099 2423 1116 ·
2456 1086 2621 1156 μόνον
2652 1085 2773 1141 ἐλθὲ
2806 1087 2925 1160 μετ’
2951 1089 3085 1160 ἐμοῦ
3121 1091 3217 1145 καὶ
3245 1094 3381 1164 πρὸς
3412 1095 3472 1149 τὸ
3502 1098 3603 1168 τῆς
3624 1100 3762 1170 ἐρη-

2163 1175 2295 1245 μίας
2319 1177 2641 1249 οἰκητήριον
2704 1179 2871 1232 πάλιν
2926 1181 3345 1253 ἐπανέλθωμεν.
3407 1187 3552 1257 Πρδς
3581 1188 3759 1244 ταῦτα

2163 1266 2319 1337 μόλις
2374 1269 2561 1338 ἐκείνη
2622 1270 2755 1323 ποτὲ
2786 1274 3050 1327 ταπεινόν
3098 1291 3152 1329 τι
3185 1278 3279 1329 καὶ
3304 1276 3631 1348 σκυθρωπὶν
3664 1281 3762 1335 καὶ

2157 1355 2270 1414 οἷον
2303 1360 2515 1434 ἀθυμίᾳ
2535 1362 2799 1435 τεθνηκὸς
2825 1365 3241 1437 ὑποφθέγγεται
3265 1385 3277 1397 ·
3309 1370 3373 1423 El
3399 1370 3537 1443 πρὸς
3570 1373 3630 1427 σέ
3658 1374 3759 1428 καὶ

2157 1453 2257 1517 τὰς
2292 1454 2392 1518 σάς
2430 1454 2582 1525 ὅψεις
2601 1456 2721 1509 οὐδὲ
2745 1456 3065 1530 ὀφθαλμοὺς
3088 1462 3224 1534 ὁρᾷν
3257 1463 3595 1534 δυναμένους
3620 1465 3755 1537 ἔχως

2157 1544 2306 1614 τίμιε
2341 1546 2545 1617 Πάτερ,
2588 1546 2684 1601 ἅτε
2713 1549 2772 1603 ἐν
2807 1554 2984 1622 τροπῇ
3009 1553 3249 1625 τοσαύτῃ
3280 1555 3754 1626 κεκαλυμμένους,

2156 1633 2277 1698 πῶς
2306 1636 2630 1705 προσελθεῖν
2654 1637 2964 1710 δυνήσομαι
2995 1642 3071 1711 τῷ
3104 1640 3247 1712 Θεῷ,
3300 1643 3490 1707 δεινῶς
3515 1645 3622 1699 ὑπὸ
3653 1645 3752 1700 τοῦ

2157 1724 2399 1799 πονηροῦ
2434 1726 2535 1799 τὴν
2561 1728 2740 1801 ψυχὴν
2771 1733 3095 1803 τετρωμένη
3126 1735 3222 1787 καὶ
3255 1736 3534 1801 τοσούτοις
3568 1739 3756 1810 ἀμαρο

2154 1818 2287 1873 τιῶν
2325 1819 2511 1873 ἕλκεσι
2553 1822 2831 1893 βρύουσας
2899 1823 2959 1879 ὐ
3005 1824 3061 1878 δὲ
3088 1826 3186 1880 καὶ
3221 1825 3378 1891 αὖθις
3420 1829 3750 1899 ὑπολαϐών·

462 1905 636 1961 soium
701 1915 1045 1962 revertamur
1072 1909 1141 1962 ad
1166 1908 1376 1977 priores
1404 1918 1623 1964 nostras
1658 1909 2042 1966 habitationes.

2163 1910 2282 1964 Ἐπ’
2307 1912 2431 1983 ἐμὲ,
2465 1914 2621 1985 φησὶ,
2653 1915 2867 1979 τέκνον,
2900 1918 2933 1988 ἠ
2968 1917 3173 1987 ἀνομία
3228 1935 3324 1972 σου
3368 1894 3483 1973 καὶ-
3505 1922 3750 1993 φορτίον.

459 1996 601 2055 Ecce
669 1999 813 2054 enim
876 1998 1258 2055 dilectissimus
1303 2013 1521 2071 quoque
1567 1998 1816 2072 Ephraem
1848 2002 2042 2071 pudore

2147 2003 2269 2077 ἐμῷ
2321 2007 2582 2079 τραχήλῳ
2614 2008 2706 2061 σαὶ
2753 2009 3083 2080 γενήσονται
3140 2011 3408 2083 πράξεις·
3450 2014 3612 2083 μόνον
3657 2016 3752 2068 ἐπὶ

457 2106 677 2162 propter
727 2100 781 2147 te
838 2089 1075 2146 afﬁcitur
1123 2099 1177 2145 et
1214 2091 1381 2146 animi
1412 2093 1755 2161 (egritudine.
1797 2091 2042 2148 Concede

2145 2096 2249 2161 τὰς
2297 2100 2578 2169 προτέρας
2631 2098 2794 2170 ἡμῶν
2854 2102 3219 2174 πορευθῶμεν
3257 2104 3579 2176 διατριϐἀςο
3635 2107 3747 2162 ἰδοὺ

455 2198 587 2254 ergo
617 2183 797 2248 nobis,
835 2193 900 2238 ut
928 2181 1288 2252 respiramus,
1314 2192 1369 2238 et
1414 2183 1481 2237 ab
1512 2186 1615 2238 hoc
1648 2184 1796 2254 gravi
1829 2192 2042 2252 proptet

2148 2190 2258 2261 γὰρ
2283 2191 2380 2245 καὶ
2418 2192 2514 2245 τὸν
2542 2192 2689 2246 θεῖον
2734 2194 2999 2264 Ἐφραὶμ,
3038 2194 3271 2268 αἰσχύνη
3307 2196 3396 2251 διὰ
3427 2199 3487 2252 σὲ
3526 2201 3750 2270 κατέχει

456 2284 510 2329 le
540 2274 840 2329 liberemur
870 2286 1129 2329 maerore.
1166 2271 1262 2326 llis
1304 2272 1484 2343 puella
1517 2273 1673 2328 valde
1705 2274 1888 2327 animo
1921 2289 2042 2328 con-

2148 2284 2244 2336 καὶ¹
2277 2283 2486 2353 ἀθυμία
2505 2298 2518 2312 ·
2548 2285 2636 2349 δδς
2660 2279 2755 2339 οὖν
2789 2287 2924 2357 ἡμῖν
2953 2288 3299 2342 ἀναπνεῦσαι
3329 2291 3426 2344 καὶ
3453 2291 3555 2362 τῆς
3581 2295 3749 2364 χαλε-

456 2369 609 2433 trita,
644 2369 788 2423 cadit
816 2370 930 2438 ipsa
963 2380 1203 2436 quoque,
1231 2380 1340 2420 non
1377 2379 1536 2421 secus
1556 2380 1619 2420 ac
1648 2366 1906 2419 meretrix
1938 2365 2049 2430 illa,

454 2460 523 2517 ad
584 2461 747 2531 pedes
790 2459 1167 2531 praeceptoris,
1185 2459 1400 2517 .acerbe
1449 2456 1676 2524 deﬂens,
1709 2466 1761 2512 et
1794 2470 1886 2513 eos
1915 2458 2043 2511 irri-

450 2567 583 2624 gans
614 2553 791 2609 ﬂuviis
816 2553 1206 2623 lacrymarum.

524 2840 738 2898 XXVII.
770 2840 907 2896 Cum
943 2841 979 2896 ii
1012 2855 1143 2911 ergo
1164 2839 1237 2896 ita
1273 2855 1334 2896 se
1379 2840 1667 2907 haberent,
1702 2850 1758 2896 et
1790 2839 1882 2896 ille
1925 2840 2045 2909 qui-

450 2937 575 2992 dem
636 2933 775 3002 apud
807 2949 926 2988 eam
956 2943 1205 2989 uteretur
1246 2932 1736 2998 admonitionibus,
1768 2946 1823 2988 et
1858 2935 1910 2987 iu
1946 2931 2043 2988 bu-

450 3044 575 3084 uam
635 3038 838 3082 terram
898 3026 978 3081 sic
1041 3026 1340 3080 seminaret
1372 3041 1387 3080 :
1422 3024 1512 3080 illa
1567 3037 1750 3078 autem
1781 3026 2043 3099 lacrymis

450 3117 851 3192 quodammodo
880 3117 1141 3187 irrigaret
1190 3119 1424 3183 semina,
1455 3127 1513 3171 ut
1542 3117 1753 3172 fructus
1786 3117 1894 3172 cito
1916 3132 2043 3187 pro-

452 3215 678 3276 ferrent,
713 3219 771 3266 et
808 3212 937 3266 hinc
977 3211 1354 3281 paenitentiam
1410 3209 1725 3264 ostenderet
1749 3218 1803 3264 et
1832 3208 2042 3265 contri-

2151 2375 2259 2446 πῆς
2288 2374 2500 2447 ταύτης
2531 2378 2627 2430 ἐπὶ
2657 2380 2740 2431 σοὶ
2792 2379 3100 2451 κατηφείας
3142 2382 3552 2453 ἀπαλλαγῆναι.
3602 2385 3749 2457 Πρὸς

2151 2467 2328 2522 ταῦτα
2364 2470 2614 2542 σφοδρῶς
2644 2472 2676 2542 ἡ
2719 2472 2857 2543 κόρη
2886 2472 2984 2542 τὴν
3017 2473 3200 2544 ψυχὴν
3236 2477 3614 2547 συντριϐεῖσα,
3651 2479 3748 2532 πίο

2149 2575 2275 2613 πτει
2313 2561 2456 2614 κατά
2486 2564 2587 2633 τὴν
2636 2564 2844 2635 πόρνην
2875 2566 2971 2619 καὶ
3010 2566 3150 2640 αῦτη
3208 2569 3344 2639 πρὸς
3397 2569 3526 2633 τοὺς
3578 2573 3748 2637 πόδας

2141 2653 2236 2706 τοῦ
2269 2653 2619 2722 διδασκάλου,
2650 2657 2862 2730 πικρῶς
2931 2659 3311 2734 ὀλοφυρομένη
3359 2663 3455 2717 καὶ
3487 2664 3746 2740 δακρύων

2156 2746 2433 2815 ποταμοῖς
2473 2747 2675 2812 αὐτοὺς
2702 2749 3099 2816 ἐπικλύζουσα.

2210 2836 2343 2892 KZ'.
2382 2838 2572 2912 Ταύτῃ
2631 2842 2930 2914 τοιγαροῦν
2987 2838 3226 2915 ἐχόντων
3274 2848 3460 2902 αὐτῶν
3513 2850 3603 2902 καὶ
3642 2843 3743 2903 τοῦ

2145 2928 2244 3000 μὲν
2292 2929 2392 2992 τὰς
2449 2932 2808 3002 παραινέσεις
2863 2934 3003 3003 πρὸς
3047 2936 3219 3007 αὐτὴν
3269 2942 3598 3010 ποιουμένου
3642 2943 3743 2996 καὶ

2139 3021 2316 3086 οὕτως
2349 3023 2430 3086 είς
2451 3024 2671 3095 ἀγαθὴν
2706 3025 2812 3095 γῆν
2845 3027 3203 3099 σπείροντος,
3257 3031 3357 3100 τῆς
3407 3030 3464 3084 δὲ
3511 3031 3599 3086 διὰ
3629 3032 3742 3085 τῶν

2139 3114 2392 3187 δακρύων
2415 3115 2607 3188 ὥσπερ
2640 3114 2914 3186 ἀρδούσης
2936 3120 3007 3173 τὰ
3035 3123 3352 3193 σπέρματα,
3383 3123 3470 3176 ῖνα
3488 3126 3581 3177 καὶ
3603 3142 3749 3196 καρ-

2142 3208 2279 3271 ποὺς
2301 3211 2440 3280 ταχυ
2477 3212 2917 3280 προσενέγκωσι,
2950 3215 3045 3267 καὶ
3072 3216 3174 3285 τὴν
3208 3217 3502 3286 μετάνοιαν
3550 3217 3743 3271 ἐντεῦ-

451 3306 676 3370 tionem,
736 3318 842 3357 nox
886 3280 996 3369 jam
1042 3302 1273 3357 deducta
1324 3310 1444 3356 erat
1478 3301 1546 3355 ad
1574 3300 1901 3355 matutinum
1940 3308 2037 3356 :et

2144 3298 2235 3352 θεν
2265 3301 2361 3354 καὶ
2419 3302 2520 3372 τὴν
2557 3303 2855 3377 συν-τριϐὴν
2888 3280 3367 3378 ἐπιδεικνυμένης,
3418 3311 3447 3379 ἡ
3506 3308 3602 3376 νὺξ
3632 3309 3740 3380 ἤδη

452 3401 566 3467 ipse
599 3393 813 3465 quidem
872 3392 1061 3447 fratris
1122 3391 1289 3445 filiam
1315 3391 1545 3459 jubebat
1587 3392 1740 3462 sequi
1781 3391 1847 3445 ad
1880 3406 2036 3446 mon-

452 3502 580 3544 tem.
616 3487 750 3543 Cum
794 3488 882 3541 ilia
921 3493 1166 3556 rogasset
1225 3496 1430 3550 autem,
1456 3486 1719 3554 quidnam
1768 3483 1835 3537 de
1868 3485 2037 3539 vesti-

450 3586 571 3645 bus,
604 3590 660 3634 et
690 3590 846 3646 auro,
888 3586 944 3633 et
973 3589 1217 3648 argento,
1250 3588 1305 3633 et
1329 3577 1588 3646 stragulis
1612 3576 1849 3631 vestibus
1882 3575 2037 3632 dein-

449 3688 578 3746 ceps
611 3672 815 3726 faceret
838 3671 990 3742 ‘(erat
1017 3671 1166 3724 enim
1194 3670 1471 3738 splendide
1498 3680 1553 3724 et
1584 3679 1902 3740 sumptuose
1940 3683 2035 3722 or-

449 3767 618 3836 nata),
640 3772 696 3819 ut
724 3762 1108 3820 convenienter
1139 3762 1319 3817 divino
1349 3771 1618 3833 praecepto
1651 3762 1832 3815 omnia
1872 3760 2035 3815 relin-

448 3866 601 3929 quat,
641 3856 858 3911 dirinus
882 3858 1137 3908 admonet
1161 3854 1474 3919 Abramius,
1514 3863 1571 3905 ut
1594 3868 1715 3906 cum
1748 3852 1919 3906 solum
1951 3868 2038 3907 sc-

446 3960 668 4020 quatur,
728 3956 784 4003 et
841 3947 1139 4001 contendat
1180 3943 1246 3998 ad
1295 3958 1453 3998 veras
1486 3942 1609 3999 illas
1647 3941 1773 3997 vita:
1838 3941 2035 3996 futurae

450 4042 687 4099 divitias.
728 4036 803 4093 Ea
855 4054 985 4108 ergo
1028 4047 1276 4106 accepta,
1311 4036 1595 4108 egreditur
1625 4036 1767 4090 clam
1799 4051 1829 4090 e
1858 4036 2036 4090 diver-

447 4134 595 4194 sorio
628 4125 735 4194 z'et
758 4144 883 4187 eum
913 4130 1084 4200 ipsam
1118 4144 1257 4199 equo
1278 4130 1654 4199 imposuisset,
1694 4128 1785 4182 ille
1824 4141 2031 4197 prazce-

450 4228 613 4282 dehat
662 4225 847 4297 pedes,
908 4239 1107 4294 equum
1171 4238 1338 4278 manu
1397 4222 1640 4276 trahens.
1671 4219 1809 4274 Cum
1851 4232 2032 4274 autem

448 4317 679 4377 fuissent
710 4318 763 4372 iu
801 4327 1006 4384 monte,
1031 4315 1508 4370 mutautordinem
1537 4310 1986 4368 domuncularum
2016 4326 2031 4379 ;

448 4422 501 4470 et
535 4427 655 4468 eam
689 4411 932 4481 quidem,
965 4425 1084 4479 qua:
1120 4416 1239 4465 erat
1268 4408 1533 4474 exterius,
1569 4408 1685 4477 ipse
1714 4405 1906 4461 statuit
1940 4404 2037 4460 ha-

449 4508 644 4573 bitare,
708 4502 831 4558 tiliae
890 4515 1078 4558 autem
1138 4499 1328 4556 fratris
1380 4499 1567 4554 tribuit
1601 4494 1939 4552 interiorem.
1972 4492 2035 4550 ιιι

2144 3393 2275 3465 περὶ
2297 3392 2496 3467 ὄρθρον
2523 3391 2592 3467 ἦν
2621 3397 2718 3449 καὶ
2748 3400 2777 3451 ὁ
2812 3396 2912 3469 μὲν
2953 3397 3186 3453 ἔπεσθαι
3216 3401 3316 3469 τὴν
3366 3400 3597 3472 ἀνεψιὰν
3636 3404 3743 3454 ἐπ-

2141 3481 2342 3552 έτρεπε
2369 3485 2503 3556 πρὸς
2536 3487 2600 3541 τὸ
2631 3488 2758 3559 ὅρος
2778 3506 2790 3520 ·
2821 3489 2921 3560 τῆς
2952 3489 3009 3543 δὲ
3040 3490 3170 3562 περὶ
3196 3491 3304 3544 τῶν
3332 3492 3580 3564 ἐσθήτων
3638 3496 3742 3547 καὶ

2142 3573 2236 3628 τοῦ
2266 3578 2470 3647 χρυσοῦ
2512 3577 2609 3631 καὶ
2642 3580 2751 3632 τῶν
2787 3580 3214 3652 ἀργυρωμάτων
3266 3582 3363 3635 καὶ
3406 3584 3517 3636 τῶν
3554 3601 3737 3654 στρω-

2142 3667 2292 3736 μνῶν
2321 3669 2656 3743 πυθομένης,
2684 3673 2713 3726 ὄ
2738 3690 2789 3726 τι
2845 3673 3031 3727 λοιπὸν
3063 3674 3249 3739 αὐτοῖς
3277 3675 3542 3746 χρήσεται
3589 3692 3604 3709 ⁸
3637 3680 3736 3731 καὶ

2139 3760 2250 3833 γὰρ
2281 3756 2349 3833 ἦν
2407 3763 2718 3828 πολυτελῶς
2770 3767 2972 3836 ἔχουσα
3024 3766 3230 3819 τούτων
3281 3767 3377 3821 καὶ
3406 3768 3732 3839 φιλοτίμως,

2140 3854 2320 3906 παντα
2355 3855 2498 3907 κατά
2528 3857 2627 3927 τὴν
2671 3855 3008 3928 δεσποτικὴν
3067 3857 3289 3929 ἐντολὴν
3344 3861 3674 3912 καταλιπεῖν
3703 3863 3735 3913 ὁ

2140 3945 2285 4009 θεῖος
2329 3946 2635 4019 Ἀϐρὰμιος
2663 3948 2984 4004 ὑποτίθεται
3015 3952 3108 4003 καὶ
3148 3950 3298 4021 αὐτῷ
3328 3953 3474 4023 μόνῳ
3499 3953 3734 4006 ἀκολου-

2140 4038 2255 4090 θεῖν
2286 4039 2381 4091 καὶ
2412 4040 2549 4111 πρὸς
2581 4037 2673 4094 τὸν
2703 4041 2963 4112 ἀληθινὸν
3013 4043 3225 4095 ἐκεῖνον
3272 4044 3372 4115 τῆς
3426 4044 3730 4115 μελλούσης

2139 4126 2285 4199 ζωῆς
2323 4131 2647 4199 ἐπείγεσθαι
2701 4133 2956 4187 πλοῦτον.
3018 4133 3363 4203 Παραλαϐὼν
3406 4135 3501 4191 οῦν
3533 4139 3728 4208 αὐτὴν,

2140 4219 2387 4284 ὑπέξεισι
2419 4222 2598 4294 λάθρα
2635 4222 2729 4277 τοῦ
2775 4224 3097 4294 πανδοχεῖον
3136 4225 3229 4277 καὶ
3279 4224 3487 4299 ταύτην
3513 4231 3594 4293 είς
3638 4230 3731 4282 τὸν

2141 4310 2306 4364 ἵππον
2332 4313 2689 4381 ἐπιϐιϐάσας,
2722 4314 2886 4381 πεζὸς
2914 4317 3078 4381 αὐτὸς
3102 4321 3419 4388 προηγεῖτο,
3444 4322 3533 4374 τὸν
3561 4322 3729 4376 ἵππον

2136 4401 2227 4458 διὰ
2241 4406 2424 4478 χειρὸς
2455 4408 2845 4478 ἐφελκόμενος.
2881 4410 3184 4481 Γενόμενος
3224 4413 3282 4466 δέ
3309 4414 3447 4484 πρὸς
3476 4413 3555 4485 τῷ
3584 4414 3727 4484 δρει,

2136 4496 2236 4569 τὴν
2262 4498 2372 4552 τῶν
2398 4501 2661 4556 οἰκίσκων
2695 4501 2988 4572 ἀμείϐουσι
3011 4504 3166 4571 τάξιν
3194 4506 3288 4559 καὶ
3314 4506 3406 4559 τὸν
3444 4506 3544 4576 μὲν
3569 4508 3730 4570 ἐκτὸς

448 4614 554 4670 qua
584 4613 705 4654 cum
735 4612 795 4655 se
816 4598 1173 4663 coercuisset,
1201 4604 1252 4649 et
1282 4593 1430 4648 fores
1459 4589 1777 4647 occlusisset
1808 4589 2035 4645 domuu-

2144 4591 2301 4657 αὐτὸς
2344 4593 2525 4648 είλετο
2576 4599 2879 4663 κατοικεῖν,
2914 4600 2981 4670 τῇ
3015 4598 3216 4671 ἀνεψιᾷ
3248 4599 3304 4653 δὲ
3335 4600 3604 4670 ἀπονέμει
3634 4600 3729 4653 τὸν

447 4692 607 4758 culte,
663 4691 775 4747 illic
832 4690 937 4745 fuit
985 4697 1274 4759 perpetuo,
1312 4684 1589 4757 precibus,
1621 4682 1848 4753 jejuuiis
1866 4692 1927 4737 et
1954 4682 2035 4736 la-

449 4786 649 4856 crymis
687 4784 875 4839 delens
928 4781 1085 4837 labes
1114 4789 1459 4857 peccatorum
1492 4777 1709 4831 animae.
1737 4774 1950 4830 Etenim
1978 4784 2037 4829 ut

450 4893 569 4946 quae
601 4889 777 4947 nuper
812 4874 1181 4944 resipuisseta
1217 4872 1365 4925 vitiis
1391 4871 1659 4939 corporis,
1684 4870 1766 4923 sic
1795 4882 1859 4923 ea
1888 4883 2037 4923 sem-

448 4986 546 5041 per
575 4971 808 5024 habebat
836 4982 947 5038 pra:
981 4965 1154 5021 oculis
1206 4962 1421 5019 inferne
1473 4961 1747 5018 versantia
1773 4963 2034 5029 animam,

447 5072 503 5118 et
529 5060 818 5117 admodum
870 5058 1066 5114 acerbe
1125 5056 1420 5128 pungentia
1484 5054 1902 5119 conscientiam,
1933 5053 2036 5108 etsi

451 5160 591 5212 Deus
640 5170 782 5226 saepe
817 5154 866 5209 ei
915 5153 1227 5209 ostenderet
1254 5158 1604 5223 peccatorum
1634 5149 2031 5213 remissionem,

446 5264 545 5304 nec
583 5249 687 5304 hoc
719 5247 919 5314 solum,
953 5244 1052 5301 sed
1075 5246 1238 5302 etiam
1272 5259 1393 5299 eam
1440 5251 1589 5298 tanta
1628 5242 1932 5309 impertiret
1968 5242 2032 5293 li-

441 5341 620 5408 ducia,
653 5349 711 5394 ut
772 5344 829 5394 el
854 5338 1075 5393 assidue
1105 5336 1389 5401 miracula,
1428 5346 1482 5390 et
1511 5350 1542 5388 a
1569 5334 1773 5388 morbis
1802 5342 1859 5386 et
1890 5332 2036 5387 vitiis

442 5434 794 5491 Iibcratioues
828 5448 925 5504 per
948 5446 1068 5488 eam
1103 5433 1441 5501 ostenderet,
1473 5428 1703 5501 Propter
1726 5444 1847 5499 quae
1868 5427 2035 5483 corde

2137 4685 2436 4759 ἐνδοτέρωο
2497 4682 2559 4742 οὗ
2611 4688 2676 4757 δὴ
2728 4689 2823 4743 καὶ
2862 4690 3202 4762 καθείρξασα
3239 4694 3441 4763 ἑαυτὴν
3502 4692 3729 4756 καὶτὰς

2131 4774 2305 4849 θύρας
2340 4777 2733 4850 ἐπικλεισμένη
2765 4779 2860 4833 τοῦ
2911 4781 3209 4853 δωματίου,
3257 4783 3346 4837 διὰ
3402 4786 3606 4850 παντὸς
3656 4780 3728 4856 ἧν

2130 4872 2253 4925 ἐκεῖ
2282 4871 2503 4943 δεήσεσι
2544 4875 2639 4926 καὶ
2686 4876 2968 4945 νηστεῖαις
3018 4878 3113 4931 καὶ
3159 4877 3396 4950 δάκρυσι
3446 4879 3577 4942 τοὺς
3614 4879 3718 4949 τῆς

2133 4965 2409 5035 ἁμαρτίας
2440 4966 2666 5030 σπίλους
2700 4967 2795 5037 τῆς
2833 4967 3014 5038 ψυχῆς
3041 4971 3422 5040 ἀπαλείφουσα
3443 4987 3457 5001 ·
3484 4973 3579 5024 καὶ
3606 4971 3715 5041 γὰρ

2132 5056 2208 5122 ὡς
2238 5058 2366 5128 ἄρτι
2390 5057 2500 5110 τῶν
2530 5060 2625 5112 τοῦ
2654 5059 2907 5130 σώματος
2948 5062 3139 5114 παθῶν
3166 5062 3524 5131 ἀνανήψασα,
3548 5059 3725 5124 οὕτως

2133 5153 2277 5207 αὐτὰ
2306 5152 2415 5224 πρὸ
2441 5150 2552 5207 τῶν
2585 5153 2888 5224 ὀφθαλμῶν
2914 5148 3062 5223 εἶχεν
3093 5154 3180 5207 ἀεὶ
3205 5154 3511 5225 στρέφοντα
3545 5156 3725 5208 κάτω·-

2134 5246 2226 5301 θεν
2276 5249 2378 5317 τὴν
2410 5248 2591 5320 ψυχὴν
2632 5249 2728 5303 καὶ
2784 5248 2992 5319 σφόδρα
3036 5248 3254 5319 πικρῶς
3281 5249 3383 5319 τὴν
3413 5245 3724 5317 συνείδησιν

2133 5339 2461 5412 πλήττοντα,
2517 5341 2700 5395 καίτοι
2733 5340 2828 5394 τοῦ
2871 5340 3007 5394 Θεοῦ
3033 5340 3133 5411 τὴν
3178 5340 3289 5393 τῶν
3315 5338 3724 5410 ἡμαρτημένων

2128 5433 2325 5504 ἄφεσιν
2353 5433 2492 5504 αὐτῇ
2524 5433 2787 5496 πολλάκις
2820 5433 3311 5504 παραδεικνύντος,
3345 5431 3444 5485 καὶ
3473 5431 3535 5485 οὐ
3563 5427 3725 5485 τοῦτο

444 5529 728 5583 Imtabatur
784 5526 1100 5592 Abramius,
1134 5535 1193 5580 et
1246 5524 1359 5581 Deo
1408 5524 1605 5602 agebat
1635 5519 2032 5592 gratias,qu0d

2144 5525 2184 5579 se
2210 5526 2395 5598 μόνον,
2426 5525 2567 5580 ἀλλά
2619 5526 2716 5578 καὶ
2748 5523 3023 5594 τοσαύτης
3074 5524 3213 5596 αὐτῇ
3267 5521 3595 5595 μεταδόντος
3622 5522 3723 5592 τῆς

439 5635 534 5691 spe
565 5621 792 5677 minime
843 5629 989 5677 esset
1010 5618 1321 5683 frustratus,
1350 5617 1448 5701 sed
1488 5630 1869 5689 susceptorum
1900 5629 2028 5686 pro-

439 5710 559 5784 pter
585 5716 757 5784 ipsam
794 5712 1038 5770 laborum
1074 5715 1283 5771 fruetus
1327 5710 1498 5771 ferret
1537 5710 1918 5768 suavissimas.

2134 5618 2478 5693 παρρησίας,
2519 5617 2596 5682 ὡς
2651 5618 2745 5672 καὶ
2804 5616 3067 5689 θαύματα
3132 5616 3377 5688 συνεχῶς
3406 5616 3501 5670 καὶ
3534 5612 3724 5669 παθῶν

2135 5712 2233 5765 καὶ
2260 5712 2436 5767 νόσων
2467 5711 2794 5780 ἀπαλλαγὰς
2848 5711 2919 5765 δι’
2951 5711 3126 5781 αὐτῆς
3161 5708 3607 5764 ἐπιδείκνυσθαιο
3638 5707 3725 5775 ἐφ’

435 5796 517 5868 οἷς
549 5805 880 5879 εὐφραίνετο
905 5805 1005 5880 τὴν
1030 5806 1269 5889 καρδίαν,
1311 5804 1645 5889 βΑϐράμιος
1705 5804 1802 5858 καὶ
1841 5803 2095 5858 ἀπεδίδου
2131 5804 2253 5875 Θεῷ
2291 5806 2362 5860 τὰ
2403 5807 2822 5878 εὐχαριστήρια,
2851 5805 2934 5857 ὅτι
2989 5805 3066 5876 μὴ
3117 5803 3421 5875 διήμαρτεν
3468 5797 3722 5865 ἐλπίδων,

436 5900 555 5956 ἀλλ’
594 5900 770 5967 οὕτως
808 5901 1059 5974 ἠδίστους
1113 5904 1225 5957 τῶν
1263 5902 1354 5956 ἐπ’
1405 5902 1545 5974 αὐτῇ
1577 5902 1759 5956 πόνων
1795 5902 1871 5975 (1)
1904 5904 2034 5967 τοὺς
2073 5903 2323 5975 καρποὺς
2350 5905 2659 5975 ἐκομίζετο.

512 5994 591 6069 (l)
622 5994 679 6053 In
709 5996 811 6054 hac
841 6013 973 6057 voce
1002 5999 1127 6059 Vita
1179 6000 1425 6058 Abramii
1483 5999 1610 6057 cod.
1642 6000 1746 6058 77τὶ
1775 6000 1976 6058 desinit
2010 6016 2028 6068 ;
2068 5999 2277 6071 reliqua
2315 6000 2602 6079 desump'a
2645 6016 2777 6066 sunt
2804 6022 2865 6063 ex
2901 5998 3024 6057 cod.
3070 5995 3232 6065 “84,
3269 6008 3395 6050 saec.
3429 6008 3530 6050 xu.
