4108 6458
400 410 480 478 '79
774 450 775 453 η
1697 396 1715 417 ’”
1733 400 2022 469 ΗΕΝΞιὸ
2060 399 2398 471 ΑΡἨῙΠΞ.
3605 398 3689 478 ’81

409 551 428 581 ι
468 529 623 585 Finis
644 524 901 598 preeepti
922 535 1006 580 est
1034 520 1277 578 ebaritas
1298 518 1362 587 1‘;

406 626 653 681 cabatur.
696 621 806 676 iloc
826 618 972 676 enim
999 615 1219 671 nomine
1244 611 1421 668 Graeci
1451 612 1779 667 charitatem
1811 612 1994 682 appel-

408 722 545 773 lant.
578 715 762 768 Altera
799 724 996 782 purum
1031 722 1096 761 ac
1127 703 1472 775 splendidum
1507 703 1851 774 baptismatis
1912 702 1995 756 ni-

411 822 587 866 torem
613 820 864 867 servans,
896 802 969 856 ita
1000 808 1059 854 ut
1085 800 1151 854 de
1181 800 1296 869 ipsa
1329 798 1705 868 propheticum
1733 796 1860 850 illud
1885 796 1994 851 dici

406 906 592 973 pesset
623 917 636 952 :
666 918 683 949 ι
710 896 945 952 Lavabis
971 909 1078 957 me,
1111 901 1167 946 et
1187 906 1350 959 super
1372 892 1552 944 nivem
1599 889 1891 943 dealhabor
1911 888 1989 955 ⁵,»

410 992 592 1045 ιιιιὶγε
650 1002 846 1043 nomen
894 983 1141 1053 accepit;
1199 980 1432 1035 Chionia
1482 978 1626 1034 enim
1689 978 1992 1032 dicebatur.

409 1085 594 1141 Tertia
645 1078 944 1135 Salv-atoris
968 1086 1024 1131 et
1052 1074 1146 1129 Dei
1172 1072 1347 1127 nostri
1379 1073 1603 1135 donum,
1636 1070 1742 1125 hoc
1768 1080 1872 1136 est,
1905 1085 1996 1139 pa-

407 1193 524 1233 cem
568 1176 620 1229 in
652 1189 709 1227 se
737 1170 966 1234 habens,
998 1177 1053 1221 et
1080 1166 1363 1220 in~omncs
1395 1176 1679 1226 exercens,
1728 1160 1997 1230 quemad-

407 1268 630 1326 modum
670 1262 929 1319 Dominus
953 1259 1131 1314 dixit:
1166 1274 1185 1308 ε
1222 1253 1420 1310 Pacem
1457 1267 1633 1309 meam
1656 1255 1725 1307 do
1747 1251 1896 1308 vobis
1911 1251 1987 1318 ⁸,»

406 1368 567 1424 lrcne
595 1366 664 1421 ab
700 1364 955 1420 omnibus
983 1360 1304 1424 vocabatur,
1348 1372 1378 1411 a
1426 1370 1559 1427 pace
1593 1369 1793 1409 nomen
1848 1351 1996 1407 acci-

407 1464 582 1532 piens.
620 1460 729 1515 llas
770 1472 881 1514 tres
913 1457 1146 1514 feminas
1185 1470 1308 1510 cum
1358 1455 1432 1508 ad
1479 1468 1538 1507 se
1569 1453 1781 1515 ductas,
1833 1460 1887 1504 et
1925 1451 1996 1503 ita

409 1558 635 1613 aﬂ'ectas
663 1554 1013 1623 magistratus
1033 1550 1279 1615 vidisset,
1314 1556 1372 1604 ut
1399 1547 1502 1602 diis
1518 1544 1785 1600 sacriﬁcia
1803 1541 1998 1597 nll'erre

410 1646 641 1708 nollent,
675 1644 798 1713 igne
824 1640 1149 1697 cremandas
1175 1653 1296 1692 esse
1329 1635 1589 1698 decrevit,
1611 1642 1666 1686 ut
1689 1646 1787 1701 per
1817 1632 1997 1702 ignem

409 1739 591 1811 exigui
632 1735 916 1804 temporis,
952 1733 1061 1801 igni
1097 1732 1373 1801 subjectos
1423 1727 1697 1782 diabolum
1755 1738 2000 1779 onmem-

410 1846 517 1901 que
556 1830 859 1883 daemonum
897 1833 1197 1888 catervam,
1242 1821 1410 1891 ipsius
1445 1818 1644 1873 diaboli
1670 1816 1996 1879 exercitum,

1404 534 1423 571 ›
1460 517 1657 574 merito
1680 517 1866 593 Agape
1890 533 1991 573 vo-

2110 530 2176 587 ω,
2214 521 2503 595 Euiyehia,
2535 520 2688 592 quid,
2732 520 2861 578 ais?
2905 520 3075 591 Idem,
3118 522 3294 595 inquit
3344 523 3458 593 illa,
3496 536 3549 582 et
3587 541 3689 597 ego

2102 615 2227 670 dico
2263 633 2276 669 :
2316 615 2460 670 malo
2485 623 2539 670 et
2561 615 2681 686 ipsa
2710 616 2877 684 mori,
2905 631 3070 687 quam
3110 613 3293 672 facere
3317 618 3464 688 quod
3503 617 3686 686 iubes.

2102 708 2192 762 Ait
2226 707 2302 762 illi
2334 723 2574 777 praeses:
2603 707 2736 763 Num
2768 709 2944 763 virum
2980 707 3474 778 habeslllortuus,
3510 709 3693 782 inquit

2104 798 2389 871 Eutychia,
2423 801 2513 856 ille
2542 810 2646 857 est.
2678 799 2886 856 Praeses
2921 815 3049 856 vero
3082 817 3098 856 :
3135 800 3519 871 Quampridem
3542 817 3691 858 mor-

2104 901 2228 948 tuus
2254 894 2375 949 est?
2404 895 2546 950 Ante
2574 909 2790 950 menses
2815 894 2928 949 fere
2946 905 3179 965 septem,
3209 895 3384 965 inquit
3403 894 3688 966 Eutychia.

2104 981 2256 1037 Tunc
2284 983 2371 1038 ille
2402 1000 2416 1037 :
2455 983 2522 1038 Et
2552 984 2823 1039 undenam
2855 985 3024 1054 igitur
3052 984 3273 1055 gravida
3299 984 3447 1040 facta
3480 984 3582 1041 es?
3608 985 3690 1039 Ex

2103 1090 2190 1140 eo,
2230 1075 2402 1144 inquit
2434 1075 2544 1143 illa,
2577 1076 2716 1143 viro,
2743 1091 2906 1146 quem
2939 1076 3089 1131 dedit
3124 1076 3255 1131 mihi
3287 1076 3452 1132 Deus.
3480 1075 3692 1133 Praeses

2104 1176 2286 1220 autem
2312 1182 2327 1218 :
2357 1163 2560 1220 Hortor
2590 1175 2668 1232 te,
2697 1166 2982 1237 Eutychia,
3010 1175 3070 1221 ut
3101 1166 3170 1222 ab
3216 1167 3321 1222 ista
3363 1168 3574 1223 insania
3597 1169 3698 1222 de-

2104 1260 2299 1315 sistere
2333 1260 2489 1327 velis,
2520 1270 2577 1316 et
2625 1262 2692 1315 ad
2732 1261 2999 1315 humanas
3056 1260 3414 1330 cogitationes
3476 1262 3691 1317 redeas.

2106 1349 2243 1418 Quid
2270 1350 2382 1406 ais?
2415 1353 2563 1406 visne
2591 1352 2757 1421 regali
2786 1352 2963 1406 edicto
2984 1351 3217 1422 parcre?
3243 1350 3486 1419 Minime,
3518 1354 3697 1422 inquit

2108 1443 2397 1513 Eutycbia,
2427 1458 2526 1514 ego
2559 1458 2752 1513 parere
2797 1444 2939 1510 volo,
2999 1459 3118 1499 sum
3163 1445 3308 1498 enim
3359 1445 3693 1511 Christiana,

2106 1531 2203 1587 Dei
2227 1534 2611 1603 omnipotentis
2651 1548 2836 1587 serva.
2866 1532 3001 1587 Tum
3036 1532 3164 1587 ille:
3213 1534 3479 1601 Quoniam
3525 1533 3697 1604 Euty-

2107 1624 2226 1679 chia
2261 1625 2484 1694 gravida
2515 1633 2620 1692 εει,
2664 1626 2868 1680 interea
2910 1635 3157 1679 servetur
3211 1625 3264 1678 iu
3313 1640 3535 1680 carcere
3587 1625 3689 1694 ('5).

2105 1717 2286 1786 Atque
2310 1717 2426 1770 haec
2456 1714 2665 1769 addidit
2694 1731 2709 1769 :
2744 1713 2823 1768 Tu
2850 1729 3001 1779 vero,
3028 1712 3233 1783 Agape,
3267 1717 3394 1783 quid
3413 1718 3494 1770 ais
3524 1714 3547 1768 ?
3581 1715 3700 1769 Vis-

2109 1823 2178 1865 ne
2202 1809 2386 1864 omnia
2416 1808 2506 1862 illa
2546 1806 2748 1872 facere,
2778 1823 2901 1878 qua:
2927 1822 3028 1862 nos
3068 1808 3299 1862 dominis
3348 1806 3698 1877 imperatori-

409 1897 504 1993 qui
531 1922 632 1975 sub
666 1919 806 1974 coelo
836 1925 941 1983 est,
992 1921 1338 1984 superantes,
1396 1911 1772 1980 incorruptam
1819 1905 2003 1977 gloria:
2033 1905 2078 1962 B
2105 1901 2207 1956 bus
2233 1915 2295 1956 ac
2318 1899 2627 1956 Caesaribus
2673 1902 2879 1954 nostris
2931 1899 3114 1953 devoti
3149 1897 3694 1965 facimus?Minime,

411 2027 668 2069 coronam
700 2007 950 2079 adipisci,
984 2020 1049 2060 ac
1081 2003 1247 2059 Deum
1289 2002 1491 2072 ipsum,
1514 2014 1546 2054 a
1581 2015 1688 2068 quo
1715 1998 1891 2068 gratia
1919 1996 2000 2051 eis

412 2105 605 2161 collata
637 2112 745 2168 est,
778 2115 900 2153 eum
934 2094 1142 2167 angelis
1196 2101 1461 2165 perpetuo
1519 2089 1835 2146 collaudare
1877 2102 2002 2157 pos-

413 2206 555 2252 sent.
585 2192 718 2259 Quae
752 2203 882 2245 vero
914 2187 981 2242 ab
1009 2186 1117 2241 illis
1139 2193 1292 2256 gesta
1318 2191 1469 2248 sunt,
1507 2195 1571 2236 ea
1601 2179 1843 2235 breviter
1872 2191 2002 2231 nar-

421 2287 690 2345 rabimus.
774 2320 797 2335 ε

484 2377 571 2430 Ill.
596 2377 731 2430 Cum
761 2371 1078 2442 praesideret
1100 2370 1381 2427 Dulcetius
1401 2369 1501 2437 (2),
1520 2364 1863 2422 Artemensis
1895 2363 1999 2438 [αι.

419 2463 769 2538 Ανιεηιῑμὶιιε]
816 2466 997 2521 scriba
1036 2465 1174 2519 dixit
1199 2482 1214 2519 :
1241 2461 1623 2533 Cognitionem
1661 2460 1729 2515 de
1752 2459 1858 2523 liis,
1903 2456 2000 2528 qui

417 2572 710 2633 praesentes
725 2568 874 2622 sunt,
890 2575 917 2612 a
936 2556 1256 2615 stationario
1275 2556 1523 2620 missam,
1545 2553 1789 2626 sijubcs,
1807 2552 2008 2622 legam.

416 2651 612 2709 Jubeo.
635 2650 818 2720 inquit
853 2648 1129 2704 Dulcetius
1173 2663 1396 2718 praeses,
1418 2656 1470 2701 te
1509 2647 1709 2715 legere.
1745 2643 1901 2698 Tunc
1934 2643 2009 2698 ait

418 2743 599 2799 scriba
623 2759 637 2801 :
663 2741 871 2797 Ordine
895 2741 991 2796 tibi
1020 2755 1139 2795 meo
1163 2739 1390 2794 domino
1416 2738 1627 2800 omnia,
1659 2750 1784 2806 quat
1809 2734 2010 2804 scripta

417 2844 569 2896 sunt,
597 2835 862 2889 recitatio.
888 2832 1196 2889 Cassander
1213 2827 1602 2886 beneﬁciarius
1622 2830 1738 2883 haec
1754 2827 2011 2895 scripsit:

419 2922 590 2988 Scito,
619 2919 690 2974 ttti
741 2919 980 2981 domine,
1013 2917 1379 2985 Agathonem,
1416 2914 1658 2982 Agapen,
1690 2913 2005 2981 Chioniam,

419 3016 639 3077 lrenen,
668 3010 914 3074 Casiam,
933 3007 1274 3076 'Pltilippam,
1304 3017 1359 3061 et
1385 3005 1711 3076 Eutychiam
1748 3005 1889 3061 nolle
1920 3006 2006 3063 his

417 3108 594 3172 vesci,
621 3120 743 3175 quae
772 3104 878 3159 diis
910 3112 1036 3156 sunt
1067 3099 1366 3155 immolata.
1401 3099 1504 3153 Eas
1526 3099 1692 3168 igitur
1735 3099 1802 3152 ad
1858 3109 2003 3153 tuam

421 3198 834 3272 amplitudinem
888 3191 1237 3249 adducendas
1265 3204 1388 3245 esse
1439 3190 1650 3244 curati.
1684 3187 1839 3244 Tune
1882 3188 2023 3259 Dnl—l

418 3297 595 3350 cetius
652 3303 854 3359 praeses
891 3287 966 3341 illi
992 3285 1132 3341 dixit
1189 3298 1204 3337 :
1254 3281 1511 3347 Quaenam
1558 3291 1644 3337 est
1690 3283 1793 3337 ista
1830 3292 2005 3337 vestra

423 3396 575 3443 tanta
608 3382 818 3438 insania
839 3421 854 3446 ,
887 3388 947 3434 ut
983 3377 1167 3433 nolitis
1224 3376 1648 3446 religiosissimis
1693 3384 2006 3432 nostrorum

420 3480 813 3548 imperatorum
845 3482 899 3526 et
932 3471 1207 3525 Caesarum
1236 3469 1406 3536 jussis
1433 3467 1699 3522 obedire?
1732 3468 2007 3538 Agathoni

421 3565 875 3632 auteszuare,
929 3563 1124 3633 inquit,
1181 3572 1237 3617 tu
1286 3560 1356 3616 ad
1406 3577 1563 3617 sacra
1625 3561 2005 3632 proﬁciscens,

418 3660 880 3733 quemadmodum
924 3664 1348 3716 consueverunt.
1382 3655 1474 3725 qui
1538 3655 1643 3709 diis
1691 3655 2007 3711 consecrati

419 3765 571 3818 sunt,
606 3768 713 3807 non
748 3751 834 3806 his
863 3749 1035 3805 sacris
1070 3762 1200 3803 usus
1226 3746 1328 3802 es?
1365 3746 1667 3817 Respondit
1717 3751 1932 3818 Agatho
1983 3762 2000 3802 :

420 3845 686 3912 Quoniam
705 3841 1053 3897 Christianus
1075 3854 1177 3909 ego
1200 3853 1343 3893 sum.
1369 3836 1505 3892 Tum
1528 3836 1804 3893 Dulcetius
1828 3855 1843 3892 :
1864 3837 2007 3894 Num

421 3948 478 3991 tu
508 3952 509 3955 ‘
536 3937 702 3990 etiam
761 3932 1030 3988 hodierno
1059 3930 1147 3985 die
1165 3931 1233 3984 εἰη
1269 3943 1335 3984 eo
1365 3929 1644 3999 proposito
1678 3929 2009 3999 permanes?

421 4029 682 4093 Maxime,
717 4026 894 4095 inquit
925 4023 1165 4093 Agatho.
1200 4023 1272 4076 At
1304 4021 1436 4076 ille:
1476 4019 1557 4075 Tu
1616 4035 1767 4087 vero,
1802 4022 2007 4094 Agape,

421 4122 551 4193 quid
577 4117 699 4173 ais?
729 4117 1070 4185 Respondit:
1108 4114 1218 4182 Ego
1246 4113 1355 4168 Deo
1387 4113 1588 4167 viventi
1606 4115 1799 4178 credo,
1832 4125 2009 4182 neque

419 4215 545 4269 volo
573 4220 720 4266 recte
751 4208 1021 4263 laetorum
1071 4205 1465 4261 conscientiam
1524 4219 1701 4260 meam
1756 4206 2006 4274 perdere.

421 4309 576 4364 Tunc
602 4317 803 4373 praises
834 4318 847 4353 :
875 4299 954 4354 Tu
973 4299 1312 4371 autemquid
1332 4300 1398 4353 ad
1423 4299 1535 4353 haec
1553 4298 1714 4363 dicis,
1741 4297 2011 4369 Chionia?

418 4396 510 4453 Ait
540 4395 630 4449 illa
667 4409 681 4446 :
715 4392 852 4449 Cum
886 4395 994 4447 Deo
1018 4392 1145 4446 vivo
1174 4391 1416 4455 credam,
1447 4396 1519 4445 ob
1537 4389 1590 4443 id
1617 4391 1762 4445 nolui
1803 4388 2007 4457 facere,

418 4489 567 4558 quod
601 4487 763 4542 dicis.
794 4485 873 4540 Ad
906 4483 1102 4540 lrenen
1140 4499 1276 4539 vero
1300 4496 1602 4539 conversus
1640 4498 1861 4553 praeses,
1896 4485 2009 4538 ait:

2108 1993 2285 2065 inquit
2317 1994 2519 2063 Agape,
2552 1993 2708 2047 decet
2742 1992 2961 2046 Satanae
2989 1995 3240 2046 devmam
3291 2007 3378 2047 me
3410 2007 3553 2047 esse.
3602 1991 3697 2046 His

2105 2088 2291 2143 verbis
2321 2101 2473 2141 meus
2507 2098 2628 2140 mea
2678 2100 2784 2140 non
2837 2086 3128 2141 abducitur
3187 2101 3203 2139 :
3253 2085 3697 2156 inexpugnabilis

2108 2178 2250 2234 enim
2274 2177 2363 2231 illa
2390 2186 2496 2232 est.
2524 2174 2679 2231 Tunc
2705 2191 2906 2246 praeses
2941 2176 3018 2230 ait
3048 2193 3062 2231 :
3093 2175 3163 2231 Et
3189 2184 3266 2238 tu.
3292 2173 3547 2241 Chionia,
3566 2175 3701 2246 quid

2108 2268 2176 2324 ad
2204 2269 2319 2323 haec
2349 2267 2523 2322 dicis?
2550 2267 2785 2322 Mentem
2806 2278 3074 2333 nostram,
3114 2267 3290 2336 inquit
3314 2267 3566 2330 Chionia,
3598 2281 3698 2322 nee

2109 2374 2199 2415 mo
2224 2368 2404 2429 petest
2430 2366 2764 2435 pervertere.
2800 2359 2873 2413 At
2902 2372 3105 2427 praeses
3134 2375 3150 2413 :
3177 2355 3317 2412 Num
3344 2357 3525 2426 aliqua
3555 2356 3700 2427 apud

2110 2464 2208 2506 vos
2230 2460 2357 2505 sunt
2380 2451 2668 2520 impiorum
2706 2447 3144 2504 Christianorum
3174 2456 3589 2513 commentaria,
3614 2444 3701 2502 vel

2111 2545 2444 2599 membrana:
2472 2543 2689 2613 aliquae,
2731 2541 2814 2596 vel
2859 2539 3020 2596 libri?
3073 2540 3374 2609 Respondit
3413 2539 3643 2594 Chionia
3679 2553 3698 2594 :

2111 2634 2290 2703 Nulla,
2323 2650 2356 2690 o
2387 2650 2611 2706 prteses,
2641 2634 2799 2690 nobis
2823 2642 2988 2702 sunt;
3010 2635 3193 2688 omnia
3221 2632 3305 2686 illa
3342 2633 3700 2701 imperatores

2094 2732 2203 2801 qui
2234 2744 2381 2785 nunc
2403 2739 2555 2795 sunt,
2576 2745 2604 2783 a
2635 2729 2792 2785 nobis
2830 2728 3195 2784 abstulerunt.
3230 2726 3443 2783 Pmses
3472 2736 3694 2780 autem:

2111 2823 2376 2889 Quisnam
2426 2822 2579 2878 ‘hanc
2638 2830 2875 2876 tuentem
2930 2820 3086 2875 vobis
3124 2818 3310 2875 dedit?
3341 2815 3701 2888 Omnipotens

2116 2916 2284 2980 Deus,
2317 2917 2492 2985 inquit
2517 2916 2631 2971 illa.
2657 2915 2801 2970 Dixit
2825 2923 3007 2970 autem
3027 2926 3230 2984 praeses
3254 2927 3269 2965 :
3295 2912 3527 2979 Quinatn
3549 2919 3703 2977 sunt,

2112 3011 2203 3079 qui
2232 3009 2389 3064 vobis
2409 3019 2659 3064 auctores
2672 3008 2908 3073 fuerunt,
2928 3009 3076 3064 ut'ad
3102 3008 3260 3062 istam
3290 3006 3581 3061 stultitiam
3607 3020 3706 3062 ve-

2112 3103 2345 3157 niretis?
2370 3100 2535 3162 Deus.
2563 3102 2738 3171 inquit
2768 3101 3021 3168 Chionia,
3056 3100 3404 3169 omnipotens
3430 3109 3485 3155 et
3509 3098 3701 3167 unige-

2118 3195 2263 3249 nites
2289 3194 2641 3265 ejustilius,
2670 3193 2930 3250 Dominus
2960 3203 3146 3249 noster
3192 3191 3358 3249 Jesus
3417 3191 3698 3249 Christus.

2116 3284 2388 3343 Dulcetius
2432 3288 2551 3342 ait:
2600 3286 2940 3341 Manifestum
2985 3285 3117 3340 illud
3164 3295 3270 3351 est,
3316 3285 3459 3354 quod
3512 3298 3703 3339 omnes

2110 3389 2211 3434 vos
2246 3379 2522 3436 devotioni
2574 3389 2886 3435 nostrorum
2951 3377 3251 3450 petentium
3306 3378 3703 3445 imperatorum

2112 3488 2178 3529 ac
2208 3473 2484 3530 Caesarum
2512 3473 2788 3544 subjectos
2824 3486 2949 3528 esse
2980 3480 3215 3542 oportet.
3252 3468 3524 3536 Quoniam
3573 3480 3709 3522 vero

2113 3576 2237 3639 post
2268 3577 2378 3622 tam
2427 3567 2653 3622 tnultum
2705 3576 2939 3637 tempus,
2985 3576 3109 3636 post
3157 3572 3237 3620 tot
3281 3561 3703 3626 admonitiones,

2115 3659 2501 3730 totque-edicta
2530 3660 2825 3730 proposita,
2853 3669 2909 3715 et
2943 3660 3078 3714 tales
3108 3657 3287 3713 minas
3316 3655 3566 3725 iniectas,
3601 3668 3702 3708 vos

2112 3755 2424 3811 temeritate
2447 3754 2681 3826 quadam
2716 3764 2773 3809 et
2799 3755 3025 3810 audacia
3057 3753 3234 3819 elatae,
3264 3753 3503 3822 ipsorum
3530 3750 3704 3818 impe-

2112 3860 2354 3905 ratorum
2382 3865 2447 3905 ac
2476 3849 2753 3905 Caesarum
2775 3850 2923 3921 justa
2963 3848 3118 3918 iussa
3166 3845 3597 3915 contempsistis,
3646 3843 3699 3897 in

2111 3942 2549 3999 Christianorum
2577 3943 2745 4012 impio
2769 3941 2990 3996 nomine
3013 3950 3397 4011 permanentes
3424 3956 3439 3993 :
3467 3947 3704 4003 euntque

2112 4038 2180 4092 ad
2210 4037 2532 4092 hodiernum
2568 4036 2714 4091 diem
2743 4032 2910 4103 iussae
2952 4048 2983 4088 a
3042 4032 3380 4088 stationariis
3411 4045 3475 4085 ac
3509 4031 3703 4100 primis

2114 4127 2399 4195 militibus,
2438 4128 2643 4184 Christi
2709 4126 3069 4193 negationem
3107 4124 3368 4191 scriptam
3431 4120 3701 4191 proﬁteri,

2112 4218 2294 4277 facere
2322 4222 2374 4276 id
2409 4221 2698 4286 recusetis,
2726 4228 3014 4288 pr0pterea
3064 4232 3256 4286 poenas
3304 4216 3461 4270 vobis
3507 4217 3701 4283 dignas

2114 4314 2364 4383 accipite.
2405 4312 2460 4367 Id
2492 4327 2613 4365 eum
2644 4312 2892 4377 dixisset,
2942 4309 3276 4365 sententiam
3322 4308 3584 4377 scriptam
3623 4304 3702 4361 le-

2115 4407 2231 4477 git:
2265 4409 2484 4474 Agapcn
2507 4414 2562 4458 et
2584 4402 2895 4465 Chionium,
2918 4400 3173 4471 quoniam
3202 4401 3407 4470 iniquis
3427 4399 3701 4455 mentibus

2115 4510 2168 4555 et
2188 4498 2480 4554 contrariis
2512 4497 2798 4552 sententiis
2832 4495 3007 4558 elata,
3036 4504 3227 4551 contra
3278 4492 3524 4547 divinum
3581 4490 3700 4546 edi-

420 4583 693 4649 Quidnam
725 4587 781 4633 ιιι
812 4579 879 4632 ad
907 4575 1068 4632 haec?
1120 4592 1226 4630 ειη
1266 4590 1379 4630 1100
1415 4576 1661 4645 ρίἰεεὶιιιο
1696 4588 2006 4632 nostrormn
2042 4604 2086 4660 υ
2116 4599 2262 4644 clum
2288 4589 2635 4643 dominorum
2664 4588 3035 4655 Augustorum
3056 4598 3111 4640 ει
3130 4587 3406 4641 ρεςατυιη
3430 4582 3699 4648 fecerunt,

418 4676 813 4744 imperatorum
863 4680 918 4727 et
958 4669 1238 4726 Caesarum
1286 4669 1463 4738 jussui
1519 4669 2011 4739 obtemperavisti?

420 4766 601 4820 Divini
631 4764 843 4820 timoris
864 4778 1049 4829 causa,
1073 4761 1253 4830 inquit
1281 4763 1454 4818 lrene.
1487 4759 1623 4816 Dein
1643 4778 1849 4833 prases
1875 4781 1890 4819 :
1927 4763 2009 4821 Tu

420 4873 576 4928 vero,
601 4857 786 4923 Casia,
815 4857 946 4927 quid
981 4854 1100 4909 ais?
1127 4845 1381 4909 Animam
1411 4855 1806 4924 meam,inquit
1824 4855 2006 4923 Casia,

418 4966 642 5008 servare
697 4950 839 5005 volo.
879 4948 1088 5003 Pracses
1134 4956 1315 5001 autem
1352 4963 1368 5001 :
1399 4945 1674 5017 Numquid
1720 4963 2007 5005 sacrorum

416 5052 503 5107 vis
531 5063 654 5105 esse
684 5044 1006 5119 particeps?
1034 5044 1276 5110 Minime,
1313 5044 1489 5114 inquit
1520 5042 1632 5098 illa.
1665 5042 1818 5100 Tunc
1869 5060 2007 5114 prae-

416 5149 563 5198 se“
582 5141 625 5195 Τ
631 5156 664 5194 tt
695 5154 848 5205 vero,
883 5138 1157 5208 Philippa,
1190 5135 1324 5207 quid
1343 5136 1521 5190 dicis?
1551 5135 1851 5207 Respondit
1874 5139 1961 5192 illa
1989 5156 2005 5195 :

418 5234 570 5291 idem
594 5244 650 5289 et
669 5245 768 5304 ego
791 5233 937 5286 dico.
965 5231 1259 5297 Quidnam,
1282 5229 1459 5299 inquit
1480 5244 1707 5299 praeses,
1734 5229 1835 5284 hoc
1865 5230 2009 5286 idem

416 5335 525 5392 est,
557 5326 700 5395 quod
730 5323 910 5378 dicis?
964 5321 1044 5377 Illi
1102 5333 1286 5375 autem
1337 5320 1587 5393 Philippa
1626 5338 1640 5372 :
1673 5321 1809 5376 Muri
1844 5325 2007 5391 malo,

423 5431 595 5489 quam
647 5415 848 5472 vestris
875 5414 1164 5471 sacriﬁciis
1194 5413 1366 5470 vesci.
1423 5411 1578 5470 Tunc
1612 5429 1816 5485 praeses
1852 5433 1868 5472 :
1904 5417 2014 5473 Sed

488 5574 516 5608 δ
545 5575 562 5628 l
600 5575 744 5630 Tim.
782 5591 821 5639 ι,
850 5575 903 5632 5.
979 5576 1001 5608 ⁸
1037 5574 1179 5632 Psal.
1212 5593 1262 5643 L,
1283 5577 1339 5633 9.
1419 5577 1441 5609 ⁸
1469 5577 1631 5635 Joan.
1663 5592 1775 5643 xiv,
1803 5573 1895 5628 27.

493 5730 572 5801 (2)
610 5734 769 5787 Anno
817 5731 942 5788 304.
984 5730 1117 5786 Vide
1137 5731 1457 5789 Barouium.

494 5803 572 5870 (ὃ)
609 5804 661 5853 Li
685 5818 747 5870 ge
799 5809 943 5856 enim
1007 5807 1229 5857 vetitum
1275 5808 1341 5857 de.
1390 5803 1799 5874 prmgnantibus
1861 5806 2001 5859 sumi

421 5875 745 5947 luppliCtuut
771 5878 931 5931 docet
976 5875 1302 5931 Plutarchus
1326 5874 1391 5929 de
1421 5876 1502 5929 M8
1526 5877 1616 5947 qui
1654 5893 1771 5931 sero
1821 5894 1852 5930 a
1903 5891 2003 5929 nu-

2117 4688 2172 4736 et
2202 4695 2347 4735 nunc
2383 4682 2549 4735 etiam
2584 4680 2956 4747 temerariam,
2990 4694 3184 4734 vanam
3223 4687 3280 4734 et
3312 4678 3415 4747 piis
3447 4677 3700 4733 omnibus

2114 4773 2511 4829 exsecrabilem
2531 4771 2967 4827 Christianorum
3000 4771 3318 4842 religionem
3347 4769 3560 4835 colunt,
3584 4766 3696 4837 igni

2119 4863 2408 4918 tradendas
2434 4862 2617 4932 iubeo.
2648 4863 2849 4932 [lisque
2882 4862 3067 4927 dictis,
3119 4860 3402 4931 subiunxit
3433 4874 3447 4911 :
3485 4859 3700 4927 Agatho

2114 4962 2321 5017 autem,
2358 4951 2542 5016 Casia,
2596 4950 2843 5021 Philippa
2891 4960 2947 5005 et
2996 4950 3174 5016 lrene,
3207 4947 3386 5018 quoad
3419 4946 3549 5001 mihi
3580 4945 3702 5016 pla-

2114 5046 2310 5109 cuerit,
2347 5055 2631 5101 serventur
2662 5047 2714 5100 in
2746 5059 2987 5101 carcere.

2181 5134 2273 5191 ιγ.
2306 5134 2501 5191 Postea
2531 5150 2679 5201 veru,
2712 5151 2874 5206 quam
2910 5133 3278 5188 sanctissima:
3304 5130 3572 5188 mulieres
3589 5126 3701 5199 igni

2111 5238 2504 5285 consummatae
2525 5238 2675 5291 sunt,
2698 5243 2821 5282 eum
2844 5242 3035 5281 rursus
3056 5232 3245 5282 sancta
3262 5223 3425 5279 Irene
3458 5224 3526 5276 ad
3556 5233 3700 5291 prte-

2114 5322 2287 5376 sidem
2317 5320 2478 5375 ducta
2512 5322 2723 5387 luisset,
2756 5318 3036 5375 Dulcetius
3061 5320 3145 5373 sic
3169 5318 3319 5373 illam
3336 5315 3534 5370 allatus
3564 5322 3650 5369 est
3681 5328 3697 5367 :

2115 5410 2248 5469 Tuae
2280 5413 2507 5470 insanire
2540 5413 2879 5486 propositum
2924 5427 2992 5468 ex
3027 5413 3141 5482 his,
3167 5426 3289 5483 quae
3321 5408 3481 5478 facis,
3521 5406 3702 5463 mani-

2116 5734 2258 5790 mine
2287 5733 2601 5803 puniuntur.
2635 5730 2741 5788 Sed
2772 5745 2878 5803 nec
2907 5731 2975 5786 de
3001 5730 3082 5786 eis
3112 5729 3299 5803 haberi
3339 5726 3695 5803 quastionern

2115 5799 2346 5863 atlirmat
2375 5805 2641 5877 Ulpianus
2674 5804 2716 5860 Ι.
2749 5802 3088 5875 Prtt'gnantia
3117 5801 3176 5857 π.
3219 5799 3297 5856 De
3323 5800 3525 5872 patuit.
3718 5826 3723 5833 -
