4108 6450
419 402 486 466 ει
1458 400 1642 463 γιυ.
1679 399 1784 460 SS.
1824 396 2021 459 AGAP

2161 397 2259 457 ET
2297 398 2719 462 SOCIARUM.
3634 395 3708 462 εἳ

419 514 562 569 festo
583 518 842 581 apparet,
870 525 994 582 qua:
1015 519 1095 568 tot
1124 511 1488 581 membranas,
1521 510 1728 578 libros,
1762 511 2014 580 tabellas,
2045 513 2093 570 Δ
2123 517 2218 565 cut
2276 526 2304 564 a
2330 511 2603 583 principio
2646 525 3106 567 consueveramus
3163 525 3335 582 usque
3393 513 3461 568 ad
3508 528 3710 570 annum

417 603 698 660 codicillos
755 612 812 658 et
855 604 1085 674 paginas
1118 604 1546 674 Scripturarum,
1578 619 1700 675 qua:
1733 611 1863 660 sunt
1912 602 2018 658 im-

418 697 636 766 piorum
666 694 1132 764 Christianorum,
1163 697 1257 768 qui
1292 713 1530 768 unquam
1555 697 1795 760 fuerunt,
1829 695 1896 750 ad
1921 695 2022 750 ho-

419 791 674 845 diernum
730 791 1091 858 usquevdiem
1131 805 1353 846 servare
1417 789 1638 846 voluisti
1673 805 1688 843 :
1724 802 1845 856 quae
1893 801 2016 842 cum

417 883 634 954 prolata
665 892 876 950 essent,
913 897 976 938 ea
1009 885 1334 951 cognovisti,
1367 882 1616 952 quamvis
1642 880 1886 951 quotidie
1913 894 2016 934 ne-

418 978 661 1048 gaveris,
695 991 795 1032 vos
829 976 1097 1044 ejusmodi
1130 977 1336 1046 scripta
1387 975 1690 1046 possidere,
1731 987 1840 1028 non
1885 987 2018 1027 con-

421 1078 576 1124 tenta
605 1084 783 1141 neque
815 1084 1066 1125 sororum
1099 1079 1315 1124 tuarum
1365 1082 1551 1140 poena,
1609 1079 1789 1135 neque
1829 1062 2021 1119 mortis

419 1171 632 1216 metum
661 1177 772 1232 pra:
792 1161 968 1217 oculis
993 1162 1224 1217 habens.
1257 1160 1621 1228 Quamobrem
1651 1157 1749 1213 tibi
1800 1171 2019 1227 pmnam

420 1252 610 1308 aﬂ'erri
634 1269 861 1309 necesse
878 1263 985 1308 est.
1019 1253 1124 1308 Sed
1156 1253 1392 1307 alienum
1423 1263 1607 1308 tamen
1640 1265 1748 1305 non
1776 1250 2019 1314 videtur,

420 1348 591 1401 etiam
640 1362 784 1401 nunc
814 1345 1172 1414 benignitatis
1208 1355 1418 1415 partem
1462 1344 1704 1414 aliquam
1752 1342 1850 1397 tibi
1890 1355 2022 1398 con-

424 1439 650 1505 donari,
674 1451 731 1492 ut
756 1440 800 1493 si
831 1439 1066 1492 volueris
1100 1453 1244 1492 nunc
1272 1438 1464 1494 saltem
1511 1437 1640 1492 deos
1697 1452 2016 1508 agnoscere,

427 1531 674 1600 imponis
697 1541 747 1586 et
773 1531 841 1585 ab
869 1532 1019 1585 omni
1043 1531 1311 1600 supplicio
1335 1531 1688 1601 periculoque
1705 1531 1875 1586 libera
1901 1547 2025 1588 esse

423 1626 630 1694 possis.
664 1622 804 1691 Quid
835 1625 1002 1694 igitur
1033 1625 1210 1678 dicis?
1269 1623 1496 1679 Facisne
1537 1625 1680 1693 quod
1729 1625 2027 1696 imperato-

423 1731 519 1770 res
553 1718 725 1770 nostri
760 1727 815 1770 et
865 1717 1112 1772 Caesares
1166 1716 1489 1787 jusserunt?
1535 1717 1674 1772 Num
1731 1727 1919 1787 parata
1966 1734 2028 1776 es

425 1809 720 1864 saeril‘lciis
751 1811 916 1871 vesci,
945 1819 998 1865 et
1029 1811 1134 1864 diis
1177 1811 1499 1865 immolare?
1552 1810 1798 1877 Minime,
1852 1813 2025 1884 inquit

2127 602 2491 672 superiorem,
2545 619 2652 672 quo
2701 612 2756 658 et
2812 602 2906 657 illa
2961 603 3380 660 uccultavimus.
3437 603 3714 662 Dulcetius

2126 694 2803 765 praeses-dicit:Sorores
2845 695 3065 764 quidem
3118 706 3223 751 tute
3279 710 3472 767 poenas
3526 707 3713 756 nostro

2122 785 2280 856 jussu
2320 786 2569 841 decretas
2615 787 2999 854 exsolverunt;
3054 796 3107 842 te
3143 802 3293 849 vero,
3351 787 3450 842 etsi
3523 799 3710 843 antea-

2127 898 2290 955 quam
2328 882 2656 954 anfugisses,
2694 894 2983 956 propterea
3011 887 3153 955 quod
3207 886 3407 952 scripta
3445 900 3506 938 ac
3545 901 3718 939 mem-

2127 974 2329 1030 branas
2351 976 2490 1031 istas
2518 974 2914 1038 occultaveras,
2946 975 3138 1029 mortis
3170 988 3332 1043 paena
3365 974 3460 1027 tibi
3491 973 3709 1028 decreta

2127 1065 2331 1132 fuerat,
2361 1082 2468 1123 non
2503 1076 2683 1122 tamen
2717 1067 2905 1121 eodem
2940 1067 3100 1120 modo
3128 1064 3294 1134 juheo
3324 1083 3354 1122 e
3375 1067 3483 1120 vita
3520 1067 3600 1120 sic
3629 1082 3715 1122 re-

2128 1171 2294 1232 pente
2324 1161 2604 1217 discedere
2637 1178 2652 1216 ε
2688 1176 2878 1215 verum
2916 1174 3012 1230 per
3038 1159 3493 1229 satellites-ipsos,
3530 1171 3582 1214 et
3611 1158 3716 1213 Zo-

2130 1253 2328 1310 simum
2355 1253 2630 1321 publicum
2662 1254 2977 1309 carnificem
3014 1252 3069 1308 in
3101 1253 3347 1320 lupanari
3373 1256 3568 1306 nudam
3603 1262 3716 1307 sta‘

2133 1347 2210 1402 tui
2237 1348 2515 1420 praecipio,
2539 1362 2570 1402 e
2592 1345 2814 1416 pallatio
2849 1345 3075 1417 singulis
3102 1345 3294 1401 diebus
3319 1363 3509 1417 panem
3542 1361 3710 1400 unum

2131 1448 2457 1504 sumentem,
2489 1438 2815 1495 satellitibus
2845 1438 2980 1509 ipsis
3033 1453 3144 1494 non
3182 1441 3622 1510 permittentilms
3659 1447 3714 1493 te

2131 1530 2285 1587 illinc
2309 1531 2609 1589 discedere.

2207 1623 2293 1680 Vl.
2326 1624 2460 1680 Cum
2493 1625 2660 1694 igitur
2689 1624 2949 1682 satellites
2976 1637 3026 1680 et
3057 1624 3315 1684 Zosimus
3349 1623 3594 1694 publicus
3612 1622 3716 1675 mi-

2133 1721 2305 1775 nister
2355 1729 2556 1792 praesto
2607 1729 2836 1777 essent:
2866 1721 3026 1784 illud,
3068 1721 3253 1790 inquit
3282 1735 3508 1789 prazses,
3563 1717 3716 1771 vobis

2135 1823 2322 1867 notum
2348 1814 2602 1882 sit,quod
2630 1814 2674 1870 si
2701 1815 2830 1874 mihi
2859 1813 3432 1884 significatnm‘tuerit,
3464 1811 3544 1863 vel
3569 1811 3716 1864 hora)

425 1899 610 1965 lrene,
651 1900 872 1955 minime
908 1917 1006 1970 per
1035 1901 1203 1957 Deum
1237 1903 1387 1958 illum
1425 1905 1877 1975 omnipotentem,
1929 1907 2020 1975 qui
2055 1875 2104 1935 B
2135 1905 2363 1974 alicujus
2390 1918 2664 1962 momento
2695 1907 2852 1962 istam
2875 1922 2940 1962 ex
2972 1921 3037 1961 eo
3063 1906 3182 1961 loco
3211 1917 3409 1958 motam
3445 1903 3632 1967 fuisse,
3662 1903 3714 1956 in

425 1990 641 2043 ereavit
674 1990 870 2044 coelum
896 2000 953 2046 et
979 2000 1206 2053 terram,
1258 2007 1410 2046 mare
1460 2000 1515 2046 et
1569 1993 1774 2057 omnia,
1808 2008 1929 2062 qua:
1965 1994 2019 2047 in

425 2081 515 2136 eis
546 2093 693 2136 sunt.
730 2082 956 2136 Summa
984 2085 1128 2138 enim
1161 2083 1305 2138 illius
1333 2084 1472 2153 ignis
1509 2085 1828 2154 sempiterni
1858 2101 2018 2154 paena

423 2175 707 2244 proposita
736 2175 820 2230 his
847 2185 952 2241 est,
989 2177 1081 2244 qui
1126 2175 1308 2231 Jesum
1355 2177 1448 2232 Dei
1499 2176 1735 2233 Verbum
1786 2193 2022 2249 negave-

424 2264 561 2318 rint.
601 2264 876 2320 Dulcetius
915 2281 1044 2320 vero
1075 2282 1089 2320 :
1127 2267 1387 2333 Quisnam
1423 2267 1517 2324 tibi
1565 2280 1758 2324 auctor
1793 2269 1914 2337 fuit,
1962 2279 2023 2326 ut

427 2356 785 2410 membranas
819 2356 954 2414 istas
995 2369 1158 2428 atque
1193 2357 1510 2430 Scripturas
1571 2362 1637 2414 ad
1697 2361 2021 2426 hodiernum

424 2463 605 2519 usque
680 2450 823 2504 diem
865 2452 1207 2506 custodires!
1241 2452 1356 2518 Ille,
1415 2454 1592 2524 inquit
1643 2453 1820 2524 lrene,
1883 2457 2024 2515 Deus

423 2543 804 2610 omnipotens,
846 2545 1122 2614 quijussit
1145 2560 1245 2599 nos
1279 2546 1344 2598 ad
1371 2559 1600 2604 mortem
1635 2565 1806 2617 usque
1843 2550 2020 2620 ipsum

425 2635 657 2702 diligere
690 2654 706 2690 :
739 2653 844 2706 qua
887 2638 952 2692 de
986 2653 1152 2693 causa
1181 2655 1284 2693 nou
1312 2655 1458 2695 ausae
1484 2657 1672 2696 smnus
1705 2658 1828 2697 eum
1892 2660 2022 2714 pro-

423 2725 611 2782 dere:
651 2730 746 2782 sed
787 2729 1079 2784 maluimus
1142 2742 1236 2784 aut
1283 2734 1532 2789 viventes
1581 2734 1849 2800 comburi,
1904 2745 2019 2803 aut,

424 2833 769 2886 quaecunque
802 2820 904 2874 alia
933 2821 1089 2877 nobis
1115 2823 1438 2891 acciderint,
1475 2827 1705 2898 perpeti,
1739 2842 1903 2899 quam
1939 2837 2023 2882 ta-

425 2909 502 2964 lia
538 2912 744 2973 scripta
783 2914 1032 2980 prodere.

507 3002 578 3062 V.
612 3004 754 3059 Tum
783 3023 986 3074 praeses
1015 3025 1031 3062 :
1058 3008 1344 3076 Quisnam,
1373 3010 1567 3080 inquit,
1600 3014 1850 3066 conscius
1902 3021 2023 3068 erat

423 3099 548 3153 haec
576 3097 632 3152 in
664 3099 823 3152 domo
853 3101 939 3154 illa
970 3115 1112 3166 esse,
1140 3102 1190 3156 iu
1227 3118 1334 3172 qua
1363 3105 1650 3165 habitabas
1670 3105 1696 3158 ?
1724 3103 2022 3174 Respondit

2126 2012 2234 2068 quo
2258 2013 2378 2052 esse
2395 1997 2679 2066 jussimus,
2712 2007 2838 2054 tunc
2899 2013 2993 2054 vos
3041 2011 3305 2067 suprema:
3352 2010 3526 2066 preme
3579 1994 3715 2048 sub-

2121 2088 2256 2157 jecti
2291 2089 2470 2152 eritis.
2509 2087 2722 2156 Scripta
2755 2103 2886 2144 vero
2917 2090 3032 2158 ipsa
3079 2103 3108 2142 a
3145 2086 3366 2142 scriniis
3421 2096 3479 2146 et
3511 2084 3712 2139 arculvis

2126 2179 2310 2234 [renes
2341 2180 2711 2250 proferantur.
2766 2179 2900 2235 Cum
2951 2180 3116 2251 igitur
3158 2177 3621 2248 quemadmodum
3681 2191 3712 2229 a

2128 2274 2358 2343 praeside
2398 2273 2535 2343 jussi
2567 2273 2805 2338 fuerant,
2844 2287 2963 2328 eam
2998 2271 3074 2326 illi
3131 2274 3198 2326 ad
3233 2271 3506 2341 publicum
3554 2267 3714 2337 lupa-

2129 2380 2228 2418 nar
2253 2365 2560 2430 duxissent,
2598 2375 2652 2419 ct
2683 2374 2900 2435 propter
2955 2364 3192 2434 Spiritus
3235 2361 3408 2417 sancti
3459 2360 3712 2430 gratiam,

2127 2470 2246 2525 quae
2275 2457 2446 2528 ipsam
2474 2457 2812 2528 protegebat,
2847 2465 2902 2511 et
2931 2457 3304 2510 universorum
3340 2453 3570 2508 Domino
3603 2451 3713 2507 Deo

2093 2547 2098 2550 ’
2126 2565 2319 2620 puram
2355 2559 2518 2618 atque
2548 2550 2804 2603 intactam
2838 2549 3112 2611 servabat,
3168 2562 3265 2612 ne_
3293 2561 3435 2601 unus
3490 2544 3710 2614 quidem

2129 2642 2195 2695 ad
2231 2657 2350 2704 eam
2381 2641 2666 2704 accedere,
2694 2641 2774 2695 vel
2811 2649 2966 2710 turpe
2990 2637 3191 2706 aliquid
3241 2639 3306 2704 ir;
3350 2652 3468 2691 eam
3530 2636 3716 2690 facere

2126 2731 2427 2786 autdicere
2458 2747 2625 2788 ausus
2674 2731 2886 2795 fuisset,
2931 2728 3336 2792 sanctissimam
3370 2727 3514 2786 illam
3551 2725 3706 2780 femi—

2125 2839 2250 2878 nam
2287 2823 2562 2880 Dulcetius
2598 2840 2798 2894 ιιι-ωερε
2842 2823 3140 2887 revocavit,
3187 2831 3241 2877 et
3287 2830 3416 2876 ante
3470 2817 3709 2874 tribunal

2123 2916 2496 2987 sistijussam,
2537 2917 2618 2972 sic
2667 2915 2862 2972 atratus
2917 2925 3002 2969 est
3035 2932 3050 2969 :
3087 2912 3356 2983 Numquid
3412 2912 3465 2966 in
3517 2910 3708 2965 eadem

2126 3007 2305 3062 adhuc
2344 3010 2650 3063 temeritate
2676 3006 2963 3076 persistis?
3013 3004 3256 3071 Minime,
3301 3003 3476 3074 inquit
3529 3002 3711 3068 lrene,

2128 3101 2431 3164 temeritas,
2463 3102 2555 3154 sed
2585 3099 2676 3154 Dei
2713 3100 2886 3170 pietas
2916 3108 3022 3162 est,
3056 3097 3107 3150 in
3135 3112 3240 3164 qua
3299 3096 3556 3165 persisto.
3611 3092 3711 3149 Cui

423 3187 628 3243 lrene:
662 3189 789 3244 Haec
812 3192 948 3246 vidit
981 3193 1121 3248 Deus
1147 3196 1512 3263 Omnipotens,
1535 3197 1623 3265 qui
1646 3200 1825 3257 omnia
1881 3199 2017 3267 scil;
2047 3226 2096 3289 Ο
2128 3195 2407 3263 reSpOItdil
2442 3193 2716 3261 Dulcetius
2738 3207 2940 3261 praeses
2974 3207 2988 3244 :
3017 3188 3084 3248 Et
3130 3204 3194 3244 ex
3249 3189 3430 3263 priore
3476 3198 3566 3241 tuo
3631 3199 3716 3239 re-

423 3293 692 3353 prcterea
719 3301 897 3340 nemo.
933 3285 1158 3343 Nostros
1178 3289 1322 3344 enim
1356 3290 1604 3347 homines
1641 3293 1876 3351 inimicis
1919 3309 2019 3364 pe-

419 3375 576 3444 jnres
600 3376 856 3432 duximus
885 3393 952 3433 ne
981 3377 1119 3434 forte
1167 3395 1264 3434 nos
1288 3380 1585 3440 defertent.
1637 3383 1830 3457 itaque
1885 3385 2017 3442 nulli

426 3467 549 3521 h:ec
591 3468 954 3524 ostendimus.
997 3469 1292 3538 Superiore
1337 3489 1502 3539 anno,
1564 3474 1741 3545 inquit
1795 3492 2018 3546 praeses,

426 3572 555 3609 cum
584 3559 820 3612 edictum
854 3559 980 3614 illttd
1009 3561 1134 3626 tale,
1166 3577 1228 3618 ac
1252 3567 1398 3634 piutn
1423 3565 1641 3636 jussnm
1675 3569 2018 3625 dominorum

429 3649 827 3717 imperatorum
861 3668 926 3708 ac
961 3654 1234 3710 Caesarum
1287 3658 1463 3726 primo
1509 3658 1610 3713 fuit
1654 3660 2017 3734 divulgatum,

427 3741 659 3794 ubinam
686 3759 780 3798 vos
814 3745 1063 3801 latuisti?
1096 3749 1174 3801 Ad
1204 3750 1320 3804 haec
1355 3753 1512 3806 lrcne
1548 3766 1564 3808 :
1599 3753 1737 3818 lllic,
1761 3755 1850 3808 ubi
1880 3756 2022 3812 Deus

427 3833 627 3887 voluit.
663 3834 716 3887 ln
756 3837 1029 3891 montibus
1057 3839 1182 3908 (scit
1205 3839 1365 3910 Deus)
1387 3843 1488 3896 sub
1507 3844 1596 3896 dio
1621 3844 1842 3900 fuimus.
1875 3845 2022 3902 Prte-

427 3934 524 3976 ées
548 3938 718 3979 vero:
746 3925 898 3992 Apud
933 3944 1094 3997 quem
1123 3930 1379 3985 vixistis?
1411 3930 1524 3986 Sub
1557 3934 1666 3994 dio,
1700 3936 1875 4004 inquit
1906 3937 2018 4000 illa,

428 4012 572 4068 alias
605 4013 661 4068 in
695 4016 815 4070 aliis
848 4021 1124 4074 montibus
1154 4037 1460 4080 versantes.
1501 4026 1563 4081 At
1589 4041 1792 4097 praeses
1833 4045 1847 4082 :
1887 4031 2022 4098 Qui-

431 4120 562 4158 nam
588 4116 771 4170 erant,
797 4113 887 4177 qui
918 4113 1073 4166 vobis
1101 4129 1295 4182 panem
1328 4119 1793 4186 Suppeditabant?
1855 4120 2020 4187 Dens,

428 4197 612 4263 inquit
658 4197 834 4267 lrene,
866 4202 958 4270 qui
980 4205 1230 4259 omnibus
1286 4220 1464 4261 escam
1509 4212 1838 4276 suppeditat.
1884 4211 2021 4268 Tum

426 4303 639 4359 praeses
671 4308 685 4345 :
725 4292 926 4348 Eralne
961 4303 1115 4364 pater
1148 4306 1328 4353 vester
1414 4300 1605 4356 harum
1656 4320 1835 4359 rerum
1887 4322 2023 4361 con-

426 4383 620 4436 scius?
645 4385 712 4437 At
743 4384 898 4440 lrene
927 4404 940 4440 :
979 4387 1220 4456 Minime,
1245 4407 1339 4459 pct'
1365 4392 1534 4451 Deum
1567 4398 2020 4467 omnipotentem,

427 4475 689 4529 conscius
716 4488 834 4529 erat
863 4479 970 4545 ille,
995 4482 1087 4550 qui
1119 4496 1185 4536 ne
1207 4483 1354 4537 novit
1379 4485 1595 4552 quidem
1630 4487 1745 4540 haec
1776 4488 2021 4543 omnino.

2126 3302 2324 3358 sponso
2358 3285 2646 3341 manifeste
2677 3285 2970 3340 ostendisti
3006 3295 3058 3341 te
3091 3284 3482 3352 imperatorum
3526 3278 3710 3357 jussui

2125 3380 2270 3436 nolle
2293 3395 2446 3450 mquo
2475 3381 2658 3434 animo
2685 3394 2897 3450 parere,
2933 3387 2990 3434 et
3016 3393 3158 3432 nunc
3187 3390 3403 3447 quoque
3429 3373 3483 3427 in
3517 3371 3707 3427 eadem

2126 3473 2435 3541 arrogantia
2466 3473 2848 3542 persistentem
2905 3479 2960 3525 te
3004 3471 3158 3524 video
3210 3486 3224 3523 :
3277 3481 3449 3538 quare
3495 3466 3709 3531 dignam

2127 3582 2344 3639 poenam
2379 3568 2675 3637 persolves.
2709 3563 2957 3634 Cumque
2986 3565 3228 3618 chartam
3283 3560 3554 3630 petiisset,
3587 3572 3712 3612 sen-

2126 3657 2353 3713 tentiam
2388 3657 2526 3710 hanc
2544 3665 2730 3709 contra
2759 3656 2930 3723 ipsam
2965 3651 3187 3721 scripsit
3217 3665 3233 3702 :
3263 3649 3532 3722 Quoniam
3560 3644 3713 3698 lrene

2128 3750 2517 3819 imperatorum
2547 3748 2722 3819 jttssui
2756 3760 2967 3816 parere,
3000 3745 3212 3816 diisque
3264 3737 3551 3793 immolare
3611 3750 3712 3789 no-

2129 3840 2524 3909 luit,qttinimo
2563 3853 2707 3894 nunc
2758 3852 2972 3907 quoque
3027 3835 3079 3888 in
3135 3831 3574 3886 Christianorum
3623 3841 3714 3884 or-

2128 3933 2254 3988 dine
2286 3947 2348 3986 ac
2378 3931 2637 4002 religione
2671 3937 2982 4000 perseverat
3021 3945 3034 3982 :
3069 3926 3172 3979 hac
3200 3924 3264 3977 de
3288 3936 3474 3984 causa,
3510 3928 3571 3973 ιιι
3618 3933 3716 3973 an-

2129 4035 2210 4079 tea
2234 4023 2370 4077 duas
2400 4025 2516 4086 ejus
2545 4035 2764 4078 sorores
2786 4061 2799 4088 ,
2826 4019 2900 4074 ita
2947 4026 3002 4073 et
3037 4019 3210 4090 ipsam
3243 4015 3519 4070 viventem
3571 4026 3716 4066 nunc

2128 4115 2374 4172 comburi
2403 4115 2590 4184 jubeo.

2203 4209 2314 4264 \‘ll.
2341 4208 2467 4263 Haec
2509 4208 2776 4262 sententia
2824 4221 2948 4261 cum
2990 4221 3018 4260 a
3058 4205 3289 4276 praeside
3328 4203 3440 4258 lata
3486 4200 3706 4264 fuisset,

2130 4304 2332 4359 milites
2360 4301 2551 4356 Irencn
2610 4301 3057 4367 comprehensam
3096 4300 3146 4352 in
3193 4299 3486 4366 quemdam
3543 4293 3715 4348 subli-

2130 4413 2272 4452 mem
2302 4396 2477 4449 locum
2534 4395 2828 4454 duvcrunt,
2864 4393 2952 4447 ubi
3001 4402 3053 4446 et
3108 4391 3227 4460 ejus
3287 4403 3505 4446 sorores
3557 4397 3715 4441 antea

2129 4487 2451 4559 martyrium
2483 4503 2656 4556 passae
2691 4487 2924 4541 fuerant.
2962 4487 3097 4540 Cum
3125 4495 3302 4540 autem
3343 4500 3594 4555 maguum
3625 4496 3715 4536 ro-

427 4563 646 4622 Praestas
669 4569 745 4622 ait
776 4587 788 4621 :
816 4570 950 4635 Quis
979 4572 1142 4641 igitur
1170 4586 1478 4630 vestrorum
1514 4577 1814 4631 vicinorum
1843 4578 1892 4632 id
1919 4595 2018 4633 no-
2055 4572 2100 4628 D
2130 4597 2255 4652 gum
2278 4580 2680 4642 accendisseut,
2705 4579 2983 4646 iussorum
3006 4577 3175 4646 ipsam
3210 4577 3264 4630 in
3291 4590 3413 4630 eum
3450 4587 3718 4629 conscen-

429 4661 622 4714 verat!
658 4659 896 4726 Vicinos,
922 4664 1098 4733 inquit
1123 4666 1304 4730 lrene,
1333 4668 1631 4740 interroga,
1672 4677 1726 4723 et
1768 4669 1886 4724 loca
1943 4672 2025 4724 in-

429 4753 611 4821 quire,
643 4754 727 4807 vel
761 4771 854 4809 eos
888 4757 976 4823 qui
1015 4769 1233 4822 norunt,
1275 4759 1363 4814 tthi
1391 4776 1488 4815 nos
1531 4776 1770 4818 eramus.
1818 4763 2025 4819 Prreses

429 4847 611 4900 dixit:
651 4847 945 4918 Postquam
979 4865 1008 4904 e
1035 4863 1218 4906 monte
1251 4868 1483 4909 reversa:
1519 4853 1722 4921 fuistis,
1757 4865 1817 4911 ut
1843 4865 1897 4912 tu
1944 4857 2030 4911 di-

424 4942 530 5002 cis,
562 4941 898 5010 legebatisne
931 4945 1133 5012 scripta
1160 4945 1285 5011 ista,
1321 4959 1585 5016 prtesente
1612 4949 1834 5020 aliquo?
1867 4950 2021 5007 Domi

426 5045 632 5088 nostra:
666 5044 847 5102 erant,
887 5037 1066 5108 inquit
1101 5038 1277 5105 lrene,
1313 5056 1492 5111 neque
1545 5043 1880 5096 audebamus
1933 5043 2022 5096 illa

426 5123 624 5181 eﬂ’erre
655 5143 668 5181 :
704 5129 1065 5197 quamobrem
1101 5146 1429 5203 magnopere
1478 5134 1831 5203 angebantur,
1879 5136 2023 5207 quod

424 5233 537 5273 non
562 5231 888 5292 poteramus
921 5231 1088 5280 nocte
1122 5238 1185 5281 ac
1217 5225 1306 5282 die
1333 5223 1442 5284 illis
1472 5240 1691 5297 operam
1747 5227 1899 5295 dare,
1947 5228 2020 5284 si-

2134 4673 2282 4727 dere.
2317 4671 2504 4739 Itaque
2527 4683 2716 4726 sancta
2755 4671 2911 4724 lreue
2941 4669 3180 4738 psalmos
3235 4683 3460 4730 canens,
3520 4675 3572 4720 et
3622 4663 3716 4718 Dei

2133 4765 2360 4836 gloriam
2427 4763 2728 4824 celebrans,
2767 4763 2819 4814 in
2872 4775 3062 4829 rogum
3123 4773 3183 4812 se
3224 4756 3464 4826 conjecit
3500 4775 3513 4811 :
3551 4766 3719 4819 atque

2130 4859 2209 4914 ita
2236 4867 2612 4914 consummata
2639 4864 2722 4910 cst
2747 4855 2800 4908 in
2832 4852 3116 4909 conSulatu
3146 4850 3462 4915 Diocletiani
3492 4848 3715 4917 Augusti

2133 4967 2298 5016 nono,
2348 4949 2658 5004 Maximiani
2695 4959 2878 5005 autem
2915 4945 3140 5018 Augusti
3192 4958 3405 5008 octavo,
3457 4938 3720 4995 Kalendis

2133 5043 2359 5113 Aprilis,
2395 5051 2657 5111 regnante
2693 5041 2745 5094 in
2785 5039 2981 5095 stncula
3037 5038 3254 5094 Christo
3303 5034 3430 5089 Jcsu
3487 5032 3718 5087 Domino

2129 5147 2318 5192 nostro
2346 5177 2360 5204 ,
2397 5151 2520 5190 cum
2558 5151 2668 5206 quo
2689 5133 2838 5188 Patri
2872 5141 2954 5186 est
3001 5133 3173 5200 gloria
3219 5140 3521 5200 sanctoque
3590 5125 3719 5200 Spi-

2128 5228 2256 5284 ritui
2284 5230 2335 5284 in
2373 5227 2568 5285 saecula
2601 5226 2946 5284 saeculorum.
2991 5223 3190 5280 Amen.
