4108 6460
490 405 568 468 83
1625 410 1632 415 ’
1795 400 2063 462 MEN'SIE

2168 403 2353 464 Pii”.
2365 405 2459 465 [Β.
3690 414 3764 475 84

1359 560 1557 579 ..σι-ι-

521 560 1355 584 W

1559 558 3739 584 ww

999 730 1355 848 VITA
1436 728 1557 842 S.
1650 726 2308 842 VIRGINIS
2391 726 3219 844 THEODOR/E

1648 951 1755 1015 ET
1806 951 2102 1014 DIDYMI
2142 953 2566 1016 MARTYBIS

494 1133 658 1193 uano
676 1130 785 1185 28“,
808 1127 1000 1188 Aprilis
1025 1127 1073 1177 5.
1096 1152 1159 1163 —-
1180 1125 1352 1193 Latina
1372 1123 1575 1193 quidem
1596 1121 1946 1193 Martyrologia
1965 1119 2197 1193 _habe_t_1_t_
2219 1122 2345 1171 hanc
2386 1122 2645 1193 hjstoriam
2669 1124 2731 1193 ἓξ
2755 1123 2960 1186 Aprilis,
2996 1126 3256 1193 itumque
3299 1128 3612 1178 Theodoram
3660 1144 3758 1180 una

548 1209 659 1245 cum
687 1182 896 1254 Didyme
921 1200 1207 1254 percussam
1222 1188 1353 1254 ;»_sed
1380 1182 2087 1254 cum_hletaphrasles_habea_t
2105 1184 2371 1254 Didymum
2395 1182 2551 1254 Nonis
2569 1187 2755 1254 Aprilis
2777 1182 2995 1254 (fassamL
2996 1182 3307 1254 Theodoram
3329 1201 3495 1254 autem
3520 1194 3757 1247 evasisse.

551 1246 980 1325 gnseam’quin'to
1004 1249 1190 1315 Aprilis
1212 1246 1303 1301 die
1320 1262 1436 1302 cum
1459 1246 1802 1312 lletaphraste
1829 1246 2205 1298 eollocavimus.
2229 1269 2290 1282 --
2313 1246 2489 1296 Latine
2513 1247 2658 1309 apud,
2686 1247 2904 1299 Surlum.
2962 1249 3125 1299 Deest
3173 1252 3227 1300 iu
3265 1252 3524 1303 codicibus
3573 1246 3761 1305 Graecis

552 1314 971 1379 Parisiensibus.)

558 1576 599 1632 l.
659 1576 998 1632 Diocletiano
1045 1583 1101 1630 et
1152 1572 1487 1628 Maximiano
1543 1572 1963 1643 imperatoribus
2013 1581 2068 1628 et
2096 1577 2141 1634 Α
2172 1572 2274 1630 hoc
2308 1573 2521 1644 quidem
2565 1590 2659 1643 per
2685 1576 2790 1630 vim
2850 1589 2914 1630 ac
2954 1585 3278 1644 potestatem
3306 1616 3322 1642 ,
3354 1590 3515 1644 quam
3543 1575 3710 1631 habes
3738 1618 3755 1642 ,

488 1669 718 1741 praeside
761 1666 1141 1723 Alexandrina:
1174 1665 1407 1721 civitatis
1452 1664 1789 1731 Eustrathio,
1825 1662 2063 1718 edictum

487 1760 756 1831 quoddam
854 1758 1120 1813 adversus
1184 1755 1527 1812 Christianos
1603 1755 1827 1810 missum
1917 1754 2062 1816 fuit.

488 1862 545 1906 ut
579 1849 660 1906 vel
692 1850 797 1904 diis
829 1848 1177 1903 immolarent
1206 1887 1221 1913 ,
1260 1845 1345 1900 vel
1385 1844 1648 1915 supplicio
1698 1843 2065 1900 aﬂicerenlur.

488 1944 623 2000 Cum
654 1957 785 1998 vero
816 1954 1017 2010 praeses
1048 1938 1137 1993 ille
1169 1954 1268 2009 pro
1300 1937 1555 1993 tribunali
1583 1937 1798 1991 sederet
1843 1936 1898 1990 in
1952 1951 2070 1991 ma-

485 2049 589 2105 gna
625 2031 1117 2088 Alexandrinorum
1151 2029 1395 2093 civitate,
1436 2028 1601 2099 jussit
1644 2029 1926 2082 cohortem
1977 2042 2069 2082 ac-

485 2125 689 2178 cersire
735 2122 1078 2177 Theodoram
1127 2121 1392 2190 virginem
1440 2135 1631 2189 ,.qu:e
1682 2134 1855 2190 nuper
1908 2128 2067 2189 capta

487 2215 686 2280 fuerat,
721 2224 775 2271 et
807 2216 860 2270 in
895 2229 1119 2270 carcere
1145 2213 1484 2269 servabatur.
1519 2212 1691 2280 Quam
1722 2228 1843 2269 cum
1882 2214 2071 2268 duxis-

485 2320 602 2365 set:
635 2307 862 2372 Praesto,
892 2308 1066 2379 inquit
1117 2308 1361 2373 cohors,
1409 2315 1491 2363 est
1538 2305 1845 2363 Theodoro.
1896 2303 2065 2359 iudex

488 2400 684 2470 igitur:
723 2399 1019 2470 Cujusnatn
1047 2400 1210 2455 sortis
1234 2414 1318 2463 es,
1349 2399 1587 2454 mulier?
1627 2397 1956 2463 Christiana,
1986 2399 2070 2453 in-

481 2492 597 2560 quit
619 2488 928 2558 Theodora,
957 2507 1057 2562 ego
1087 2509 1227 2548 sum.
1261 2492 1331 2547 At
1350 2492 1458 2548 ille:
1485 2491 1770 2560 Liberane,
1792 2511 1857 2548 an
1884 2509 2064 2550 serva.

482 2582 604 2639 Dixi
630 2584 768 2656 jam,
808 2584 983 2655 inquit
1021 2586 1160 2656 ipsa,
1192 2583 1561 2641 Christianam
1596 2602 1682 2642 me
1723 2601 1879 2643 esse:
1908 2586 2068 2641 Chri-

481 2687 599 2734 stus
645 2677 792 2732 enim
838 2678 1103 2746 veniens,
1143 2693 1174 2734 a
1216 2690 1438 2749 peccato
1476 2693 1563 2734 me
1607 2677 1873 2735 liberavit.
1913 2678 2065 2746 Quod

480 2783 612 2824 vero
640 2778 695 2824 et
727 2770 795 2824 ad
826 2785 1022 2825 vanam
1052 2780 1217 2841 atque
1247 2771 1465 2825 inanem
1521 2771 1708 2827 mundi
1742 2770 1903 2841 hujus
1955 2772 2068 2842 glo-

484 2861 621 2919 riam
645 2861 860 2928 attiuet,
890 2860 1050 2918 claris
1082 2862 1402 2933 parentibus
1423 2872 1540 2917 orta
1564 2877 1707 2919 sum.
1733 2862 1884 2917 Tunc
1898 2861 2064 2930 judex

486 2964 815 3025 quaestorem
847 2955 1106 3011 accersiri
1141 2956 1321 3025 jussit.
1353 2955 1523 3022 Quem
1556 2970 1679 3009 cum
1707 2957 1904 3010 cohors
1932 2971 2063 3026 prte-

480 3055 566 3101 sto
595 3059 715 3102 esse
745 3046 1006 3102 dixisset:
1035 3047 1150 3113 Dic,
1185 3047 1378 3118 inquit,
1412 3046 1545 3103 Luci
1582 3064 1595 3100 :
1633 3048 1853 3103 nostine
1884 3046 2063 3102 Theo-

479 3136 668 3192 doram
709 3137 1017 3209 virginem?
1057 3136 1153 3193 Cui
1201 3136 1438 3194 Lucius:
1472 3138 1578 3194 Per
1609 3146 1776 3202 tuam,
1817 3153 2019 3207 praeses
2046 3177 2061 3203 ,

476 3228 747 3285 valentem
772 3232 935 3284 vitam
957 3246 1020 3286 ac
1045 3230 1409 3297 splendorem,
1435 3230 1769 3288 nobilissima
1792 3241 1896 3299 est,
1922 3229 2062 3286 mul-

478 3332 655 3392 taeque
675 3322 1096 3379 existimationis
1122 3332 1178 3378 et
1200 3324 1357 3394 primi
1382 3325 1595 3395 generis
1623 3323 1836 3379 mulier.
1858 3323 2061 3391 Quare,

482 3417 662 3485 inquit
693 3416 888 3486 judex,
918 3432 1040 3471 cum
1072 3417 1148 3473 sis
1189 3418 1260 3472 ita
1288 3417 1505 3482 nobilis,
1531 3417 1746 3488 nuptias
1776 3417 2066 3473 recusasti?

478 3502 767 3563 Theodora
802 3509 1116 3580 respondit:
1148 3510 1351 3565 Christi
1407 3525 1572 3564 causa
1626 3511 1832 3565 nubere
1889 3508 2061 3565 nolui.

478 3599 618 3656 Cum
648 3602 792 3657 enim
834 3603 925 3658 ille
976 3605 1140 3659 homo
1171 3602 1347 3659 factus
1379 3602 1433 3656 in
1468 3604 1670 3657 mundo
1701 3615 2014 3658 versaretur
2045 3644 2061 3670 ,

479 3692 549 3748 ab
579 3707 666 3760 ea,
706 3709 827 3763 qua:
858 3708 1076 3765 Semper
1126 3696 1277 3767 virgo
1307 3707 1360 3750 et
1390 3694 1483 3751 Dei
1531 3695 1703 3750 Mater
1737 3696 1836 3751 fuit
1858 3736 1873 3763 ,
1906 3696 2060 3765 geni-

477 3798 609 3854 tus,
644 3803 672 3842 a
701 3789 1052 3856 corruptione
1091 3803 1188 3843 nos
1231 3788 1502 3851 removit,
1555 3797 1610 3842 et
1676 3787 2060 3857 sempiternam

478 3879 645 3935 vitam
680 3878 836 3933 nobis
865 3879 1136 3949 promisit.
1168 3878 1355 3950 Itaque
1405 3878 1523 3933 fore
1554 3879 1684 3933 mihi
1713 3884 2012 3949 persuadeo
2044 3921 2060 3947 ,

479 3982 539 4026 ut
563 3972 614 4025 in
640 3971 757 4040 ejus
788 3970 893 4026 ﬁde
927 3986 1257 4039 permanens
1278 4010 1295 4038 ,
1325 3969 1393 4027 ad
1416 3970 1578 4026 ﬁnem
1612 3985 1783 4042 usque
1814 3972 2062 4027 incorru-

481 4071 570 4134 pta
604 4073 659 4115 et
686 4062 892 4117 intacta
924 4063 1050 4117 sim.

550 4152 612 4209 ll.
642 4153 797 4208 Tunc
818 4152 983 4222 judev
1010 4153 1149 4209 dixit
1173 4171 1188 4208 :
1217 4154 1577 4225 Imperatores
1606 4156 1901 4225 jusserunt,
1941 4172 2058 4225 vos,

2173 1661 2350 1717 facere
2379 1662 2603 1733 poteris.
2636 1661 2901 1719 Similiter
2927 1663 3173 1733 lupanari
3222 1663 3440 1727 tradar,
3474 1679 3666 1728 necne,
3702 1666 3756 1720 iu

2171 1753 2384 1810 arbitrii
2416 1756 2521 1810 mei
2560 1764 2827 1826 potestate
2854 1772 2960 1811 non
2992 1768 3095 1823 est,
3128 1754 3223 1811 sed
3253 1756 3304 1810 in
3332 1771 3493 1810 manu
3525 1766 3636 1818 tua.
3669 1759 3757 1811 cui

2169 1864 2268 1921 per
2298 1850 2583 1919 imperium
2616 1849 2721 1904 vim
2755 1849 2879 1905 licet
2913 1849 3133 1906 inferre.
3160 1847 3313 1916 Quod
3345 1864 3477 1903 vero
3499 1848 3565 1902 ad
3588 1849 3757 1902 animi

2171 1945 2279 2001 mei
2315 1948 2653 2017 propositum
2688 1946 2903 2010 attinet,
2941 1954 3147 2001 certum
3177 1955 3257 1999 est
3295 1935 3404 1999 Deo
3432 1944 3529 2014 ipsi
3584 1944 3762 2000 casti-

2172 2041 2298 2096 tatis
2323 2054 2455 2095 mere
2486 2039 2879 2112 professionem
2912 2054 3169 2095 servare:
3201 2038 3272 2093 illi
3307 2038 3450 2093 enim
3477 2038 3758 2107 virginitas

2170 2147 2288 2187 mea
2326 2133 2499 2187 dicata
2528 2140 2643 2201 est;
2673 2132 2762 2186 ille
2801 2142 2982 2187 certus
3019 2130 3183 2200 hujus
3227 2131 3304 2187 rei
3339 2131 3591 2186 dominus
3628 2140 3756 2187 est:

2170 2225 2279 2291 ille,
2313 2225 2356 2281 si
2386 2225 2634 2290 voluerit,
2665 2226 3034 2294 virginitatem
3060 2225 3202 2280 hanc
3230 2238 3426 2289 meam,
3453 2222 3762 2292 possessio-

2172 2334 2292 2375 nem
2329 2334 2506 2383 suam,
2545 2318 2869 2374 incolumem
2897 2327 3061 2387 atque
3100 2317 3360 2371 intactam
3391 2314 3652 2371 servabit.

2241 2410 2331 2467 ΙΙΙ,
2362 2409 2536 2466 Judex
2560 2427 2690 2466 vero
2716 2412 2789 2464 ait
2813 2430 2826 2466 :
2855 2411 2997 2471 Noli,
3024 2407 3331 2473 Theodoro,
3361 2416 3571 2462 mtatem
3604 2416 3757 2461 tuam

2171 2505 2400 2559 honeste
2437 2512 2634 2570 actam,
2670 2513 2835 2558 totatn
2866 2503 3077 2573 injuria:
3110 2512 3165 2558 et
3210 2501 3430 2572 probris
3478 2498 3756 2570 objicere;

2169 2610 2293 2650 nam
2325 2606 2382 2650 ιιι
2411 2596 2560 2650 urbis
2593 2606 2831 2665 qumstor
2862 2605 3091 2649 testatus
3128 2600 3213 2648 est
3240 2633 3255 2658 ,
3312 2592 3396 2647 bis
3436 2590 3761 2661 parentibus

2167 2697 2287 2745 orta
2309 2704 2388 2755 es,
2413 2690 2501 2758 qui
2540 2689 2821 2744 nobilitate
2852 2699 3014 2757 atque
3043 2685 3447 2742 existimatione
3477 2699 3600 2739 cum
3636 2683 3759 2751 pri-

2169 2779 2273 2834 tnis
2300 2776 2591 2833 excellunt.
2637 2779 2716 2832 Ad
2774 2778 2889 2833 hrec
2943 2776 3268 2831 Theodora:
3314 2774 3589 2831 Christum
3620 2812 3635 2837 ,
3672 2774 3761 2825 in-

2171 2871 2291 2942 quit
2318 2911 2333 2936 ,
2365 2871 2600 2942 primum
2631 2867 2878 2924 conﬁteri
2909 2869 3079 2921 debeo
3105 2906 3119 2928 ,
3158 2865 3245 2935 qui
3273 2876 3326 2919 et
3378 2865 3515 2917 Deus
3548 2872 3663 2929 est,
3703 2870 3761 2917 et

2170 2963 2351 3020 omnis
2423 2961 2718 3017 nobilitatis
2790 2960 3125 3027 honorisque
3171 2966 3402 3023 auctor,
3448 2957 3540 3025 qui
3574 2954 3674 3009 scit
3703 2963 3762 3008 et

2168 3071 2255 3111 me
2288 3053 2592 3109 columbam
2628 3068 2782 3107 suam
2835 3068 3024 3120 puram
3054 3059 3106 3105 et
3157 3049 3460 3104 incolutuen
3491 3047 3555 3103 ad
3591 3046 3759 3101 ﬁnem

2168 3164 2341 3218 usque
2377 3163 2614 3203 servare.
2649 3146 2784 3200 Tum
2813 3146 2974 3217 jndex
3005 3144 3176 3200 dixit:
3207 3143 3442 3199 Curnam
3493 3156 3645 3196 erras
3670 3181 3690 3204 ,
3724 3155 3763 3192 θ

2168 3240 2498 3299 Theodoro?
2532 3241 2740 3295 Enmne
2775 3240 2938 3293 Deum
2965 3237 3144 3292 credis
3171 3278 3186 3301 ,
3223 3235 3310 3303 qui
3358 3233 3463 3290 fuit
3505 3234 3558 3288 in
3591 3246 3761 3287 cruce

2168 3331 2434 3389 sufﬁxus?
2465 3332 2546 3391 An
2581 3331 2669 3400 qui
2710 3328 2833 3383 talis
2862 3338 2965 3394 est,
2998 3337 3048 3381 te
3080 3326 3131 3379 in
3164 3327 3392 3394 lupanar
3424 3322 3758 3393 conjec-tam,

2169 3425 2430 3479 intactam
2456 3438 2672 3478 set-vare
2704 3421 2901 3491 poterit
2932 3461 2946 3484 ,
2986 3418 3055 3473 ab
3102 3418 3185 3473 his
3226 3416 3525 3487 prmserlitn
3572 3414 3708 3468 viris
3744 3455 3759 3477 ,

2168 3514 2259 3584 qui
2314 3513 2602 3568 mulierum
2659 3512 2936 3565 amoribus
2980 3510 3217 3564 insanire
3262 3507 3411 3562 soliti
3463 3505 3630 3560 sunt?
3665 3502 3761 3558 Fi-

2166 3608 2312 3670 dem,
2349 3605 2523 3676 inquit
2558 3603 2842 3661 Theodoro
2871 3644 2886 3669 ,
2915 3613 2968 3658 et
2998 3617 3147 3671 spem
3186 3600 3361 3656 habeo
3392 3600 3445 3653 iu
3479 3597 3703 3655 Christo
3739 3636 3758 3662 ,

2167 3697 2256 3768 qui
2291 3711 2506 3751 crucem
2540 3710 2832 3765 perpessus
2863 3692 2963 3748 fuit
2993 3693 3091 3748 sub
3121 3691 3314 3747 Pontio
3341 3689 3536 3755 {Pilato
3561 3726 3576 3751 ,
3637 3685 3758 3741 lore

2167 3801 2223 3845 ut
2247 3806 2335 3846 me
2370 3790 2436 3845 ab
2471 3790 2673 3860 iniquis
2703 3789 2824 3844 istis
2847 3788 2980 3844 viris
3004 3787 3222 3854 eripiat,
3244 3796 3295 3838 et
3325 3798 3353 3838 a
3383 3785 3500 3838 labe
3529 3780 3761 3837 omnino

2166 3881 2392 3937 liberam
2432 3887 2654 3949 servet,
2694 3879 2746 3933 in
2788 3878 2907 3946 ejus
2951 3876 3055 3931 ﬁde
3101 3883 3545 3945 permanentem,
3577 3886 3761 3938 neque

2166 3989 2404 4044 unquam
2438 3988 2560 4026 eum
2591 3980 2898 4042 negantem.
2929 3968 3101 4024 Judex
3147 3982 3309 4023 vero:
3343 3965 3533 4019 Adhuc
3561 3972 3613 4017 te
3648 3977 3759 4017 nn—

2165 4072 2382 4133 gantetn
2431 4063 2649 4133 patior,
2706 4062 2935 4115 necdum
2983 4058 3154 4128 jubeo
3196 4056 3484 4112 tormentis
3534 4054 3752 4123 subjici.

2164 4155 2297 4210 Atsi
2326 4155 2655 4210 contendere
2689 4170 2791 4207 non
2824 4153 3121 4216 chtiteris,
3158 4161 3214 4205 ut
3246 4149 3494 4204 ancillam
3516 4148 3756 4217 aliquam

479 4262 601 4317 quae
634 4247 1000 4317 virginitatem
1026 4262 1244 4318 semper
1291 4250 1519 4303 servatis
1543 4288 1557 4313 ,
1602 4260 1690 4303 aut
1727 4249 1833 4305 (liis
1863 4251 2057 4304 immo-
2084 4262 2132 4326 ρ
2163 4258 2216 4305 te
2243 4259 2618 4320 prosternens,
2655 4246 2852 4301 faciam
2886 4247 3029 4317 quod
3064 4244 3266 4299 domini
3321 4253 3485 4312 atque
3519 4242 3760 4307 impera-

485 4340 620 4406 lare,
643 4347 737 4393 aut
770 4338 1084 4408 iniuriosius
1114 4340 1353 4394 tractari.
1381 4340 1653 4404 Arbitror,
1691 4339 2061 4412 inquit'l'heo-

479 4431 631 4497 dora,
669 4439 722 4486 te
757 4447 863 4486 non
933 4432 1223 4503 ignorare,
1278 4432 1513 4488 hominis
1555 4435 1895 4503 propositum
1954 4434 2061 4489 Deo

480 4523 585 4593 ipsi
626 4524 679 4578 in
714 4525 906 4595 primis
935 4536 1150 4595 gratum
1181 4541 1303 4581 esse
1332 4543 1346 4580 :
1377 4526 1424 4580 is
1451 4541 1579 4582 vero
1611 4527 1855 4581 animum
1881 4542 2059 4583 meum

481 4611 642 4685 atque
665 4616 1000 4686 propositum
1035 4627 1244 4672 castqu
1277 4633 1396 4673 esse
1420 4618 1691 4688 cognovit.
1725 4618 1877 4685 Quod
1904 4617 1948 4671 si
1978 4633 2062 4671 me

482 4708 536 4763 id
568 4709 703 4778 pati,
725 4708 871 4779 quod
900 4708 1058 4777 dicis,
1086 4717 1140 4765 et
1166 4709 1351 4765 violari
1383 4711 1649 4781 coegeris,
1676 4727 1783 4764 non
1818 4711 1923 4765 erit
1944 4712 2061 4767 hzcc

480 4801 844 4872 impudicitia,
877 4804 972 4859 sed
1014 4804 1097 4859 vis
1136 4814 1187 4859 et
1213 4804 1431 4876 injuria.
1464 4803 1634 4860 iudex
1680 4815 1890 4860 autem:
1925 4806 2060 4861 Cum

482 4903 535 4967 te
556 4894 843 4964 ingenuam
875 4910 995 4951 esse
1026 4896 1270 4952 noverim
1299 4936 1315 4963 ,
1347 4907 1399 4951 et
1436 4896 1511 4951 tui
1544 4898 1805 4953 rationem
1860 4899 2062 4954 habere

481 4984 720 5053 cupiam,
743 4986 1032 5050 admoneo,
1056 5002 1123 5042 ne
1151 4987 1599 5042 contumeliosius
1627 4996 1679 5043 te
1709 5004 1900 5059 geras;
1930 4990 2061 5046 nihil

479 5077 626 5131 enim
658 5075 930 5147 proﬁcies.
962 5079 1095 5133 Nam
1124 5094 1223 5149 per
1263 5078 1397 5133 deos
1448 5094 1639 5134 Omnes
1665 5123 1679 5147 ,
1734 5081 2060 5135 sententiam

479 5168 625 5223 hanc
656 5169 1012 5238 imperatores
1046 5171 1307 5226 tulerunt.
1346 5169 1500 5226 Tunc
1529 5170 1604 5226 illi
1639 5171 1919 5228 Theodora
1949 5190 1963 5231 :
1994 5174 2063 5228 Et

482 5260 657 5329 prius,
687 5260 863 5330 inquit
891 5301 913 5327 ,
945 5263 1037 5317 tibi
1075 5264 1183 5317 dixi
1210 5304 1225 5326 ,
1254 5263 1491 5319 hominis
1535 5265 1865 5334 propositum
1900 5277 2064 5334 atque

484 5354 725 5409 animum
759 5353 867 5410 Deo
904 5363 1115 5424 gratum
1168 5368 1309 5411 esse.
1357 5355 1491 5410 Cum
1545 5357 1691 5410 enim
1741 5356 1923 5409 omnia
1974 5356 2064 5411 ille

482 5458 795 5515 pernoscat,
814 5448 1228 5516 cogitatajetiam
1252 5456 1433 5503 nostra
1459 5447 1664 5513 scit,et
1689 5457 1898 5502 mentes
1916 5447 2064 5517 ipsas

481 5538 762 5608 perspicit.
794 5539 1155 5605 Quamobrem
1207 5540 1250 5593 si
1288 5549 1472 5594 coacta
1508 5540 1659 5594 fuero
1693 5538 1876 5595 facere
1918 5539 2061 5610 quod

2168 4349 2313 4396 tores
2365 4337 2535 4393 nostri
2590 4337 2914 4409 jusserunt,
2966 4342 3100 4389 utct
3147 4334 3371 4405 reliquis
3431 4329 3758 4388 mulieribus

2165 4431 2469 4502 exemplum
2524 4430 2643 4486 ﬁas.
2702 4428 2786 4484 Ad
2847 4429 2963 4484 haec
3014 4427 3297 4483 Theodora
3336 4445 3349 4482 :
3391 4425 3581 4480 Parata
3629 4437 3755 4477 sum

2170 4539 2364 4595 corpus
2397 4539 2573 4578 meum
2603 4562 2618 4588 ,
2651 4522 2807 4594 cujus
2852 4529 3179 4591 potestatem
3231 4519 3435 4585 habes,
3487 4517 3579 4570 tibi
3635 4525 3757 4570 tra-

2166 4617 2338 4673 dere:
2377 4615 2555 4671 anima
2585 4629 2713 4669 vero
2762 4615 2878 4684 ipsa
2913 4613 2964 4668 in
2997 4612 3163 4668 solius
3197 4611 3291 4666 Dei
3329 4626 3490 4664 manu
3542 4617 3626 4665 est
3686 4624 3757 4663 ac

2167 4720 2462 4784 potestate.
2497 4708 2636 4761 Tum
2668 4707 2870 4778 judex:
2916 4708 3200 4762 Excaecate
3235 4706 3383 4759 illaut
3435 4703 3640 4767 statim,
3672 4702 3757 4756 ei-

2168 4817 2271 4872 quc
2301 4802 2483 4866 dicite,
2514 4814 2583 4855 ne
2617 4799 2857 4854 insanire
2893 4799 3125 4870 amplius
3157 4797 3323 4863 velit,
3355 4797 3448 4852 sed
3477 4796 3666 4851 cedere
3698 4804 3757 4849 et

2166 4895 2270 4951 diis
2304 4894 2434 4963 ipsis
2470 4890 2774 4947 immolare.
2804 4887 3047 4956 Minime,
3092 4889 3266 4959 inquit
3295 4888 3576 4944 Tlteodora
3604 4929 3620 4953 ,
3654 4902 3756 4958 per

2170 4986 2339 5043 Deum
2384 4987 2561 5056 ipsum
2619 4984 2957 5040 dmmonibus
3004 4981 3332 5038 sacriﬁcium
3392 4990 3484 5035 aut
3540 4981 3754 5037 cultum

2167 5079 2365 5136 afferre
2417 5078 2574 5146 volo,
2632 5093 2755 5132 cum
2803 5075 2968 5130 Deum
3028 5074 3327 5144 adjutorem
3388 5073 3634 5128 habeam.
3668 5072 3755 5127 Ad

2169 5176 2285 5230 haec
2313 5172 2512 5243 judex:
2550 5170 2688 5238 Quid
2722 5184 2808 5225 me
2864 5167 3013 5238 cogis
3041 5168 3135 5222 tibi
3172 5167 3566 5222 honestissimae
3598 5163 3755 5218 femi-

2168 5281 2251 5321 nte
2276 5264 2534 5335 injuriutn
2574 5260 2791 5317 facere?
2822 5260 3080 5314 Ausculta
3116 5257 3268 5323 mihi,
3301 5257 3548 5335 o_stulta,
3580 5270 3648 5310 ne
3696 5254 3750 5308 in

2170 5364 2374 5410 tantam
2416 5353 2624 5408 turbam
2677 5350 2882 5406 incidas
2906 5365 3094 5404 eorum
3118 5389 3133 5415 ,
3167 5350 3257 5416 qui
3300 5332 3628 5404 sententiam
3658 5361 3755 5401 ex-

2169 5454 2416 5516 spectant
2464 5460 2586 5515 qute
2641 5453 2828 5497 contra
2866 5451 2918 5496 te
2956 5441 3184 5496 feratur.
3215 5441 3330 5496 Non
3367 5456 3485 5496 sum
3522 5454 3749 5507 amens,

2170 5541 2347 5610 inquit
2399 5537 2683 5593 Theodora
2708 5576 2723 5602 ,
2777 5550 2895 5604 qum
2932 5538 3096 5590 Deum
3140 5536 3402 5590 cOttﬁteor
3429 5573 3444 5600 ,
3477 5546 3531 5590 et
3576 5535 3751 5603 ipsum

484 5630 643 5695 dicis,
677 5630 1003 5701 impudicam
1037 5646 1125 5685 me
1152 5630 1346 5685 factam
1384 5646 1660 5700 nunquam
1715 5607 2057 5686 existimabo.
2094 5607 2139 5665 θ
2167 5607 2469 5700 adjutorem
2499 5630 2692 5683 habeo.
2731 5626 2901 5694 Quam
2938 5629 3084 5683 enim
3140 5628 3394 5698 injuriatn
3455 5629 3584 5682 mihi
3636 5626 3754 5683 fore

485 5722 615 5778 Sive
658 5723 803 5778 enim
843 5733 1006 5794 caput
1032 5739 1212 5780 meum
1238 5764 1254 5791 ,
1311 5724 1426 5782 sive
1476 5738 1671 5778 manus
1701 5763 1716 5790 ,
1749 5724 1863 5778 sive
1898 5725 2061 5793 pedes

483 5813 801 5873 abscindere
820 5858 834 5882 ,
865 5817 981 5878 sive
1011 5826 1181 5876 tetum
1209 5832 1413 5892 corpus
1442 5818 1738 5876 dilacerare
1778 5816 2016 5873 volueris
2043 5855 2066 5882 ι

2170 5733 2365 5796 putas,
2427 5737 2490 5778 ea
2545 5738 2633 5777 res
2679 5722 2939 5776 honorem
2983 5732 3035 5776 et
3081 5721 3308 5793 gloriam
3364 5723 3751 5793 sempiternam

2175 5815 2307 5873 mihi
2335 5812 2691 5886 comparabit.
2731 5811 2869 5869 Tum
2907 5812 3106 5882 juzlex:
3150 5813 3257 5886 Ego
3304 5830 3409 5872 non
3447 5815 3676 5888 amplius
3703 5822 3757 5868 tu
