4108 6464
382 377 460 455 85
1626 377 1806 438 VlTA
1841 376 1884 439 s
1939 374 1983 434 T

2089 375 2408 437 ἒΟΒΟΒᾸΞ.
3614 381 3683 442 86

384 494 587 559 Iuram,
613 492 711 549 sed
748 494 1138 563 imperatorum
1184 493 1340 562 jussa
1388 507 1695 566 exsequar:
1750 495 1988 551 futurum
2019 492 2069 550 Δ
2171 491 2237 550 ν.
2265 491 2662 563 Turba:_autem
2686 490 2791 546 illae
2813 506 2958 559 eam,
2985 503 3043 546 ut
3069 492 3178 563 lupi
3203 510 3416 577 agnam,
3447 496 3683 552 tinum—-

382 588 533 647 enim
572 586 902 651 existimans
948 596 1007 645 ut
1050 588 1380 659 persuaderi
1423 603 1610 658 posses
1638 633 1652 657 ,
1690 589 1890 646 diutius
1938 600 1991 646 te

382 681 657 737 ferebam.
693 680 851 748 Quod
884 680 930 735 si
967 680 1061 735 libi
1112 697 1350 751 parcens
1377 724 1391 749 ,
1426 682 1479 737 id
1528 682 1704 738 minus
1748 683 1985 752 curabo,

388 774 541 844 quod
574 774 765 843 jussus
814 772 914 839 l‘ui,
943 773 1303 843 imperatores
1351 786 1702 834 contemnere
1744 778 1988 834 videbor.

379 865 463 931 Illi
496 876 682 923 autent
716 867 1006 931 Theodore
1048 867 1123 925 ita
1158 871 1473 941 respondit:
1532 869 1689 928 Sicut
1741 873 1855 942 ipse
1885 874 1989 928 im-

381 970 670 1027 peratores
706 962 929 1026 metuis.
985 962 1240 1034 quodque
1276 964 1347 1020 ab
1400 963 1504 1021 illis
1546 965 1732 1037 jussus
1779 980 1878 1034 es,
1936 967 1987 1022 id

383 1049 574 1108 facere
595 1051 810 1118 studes;
858 1052 932 1109 ita
967 1063 1021 1108 et
1052 1068 1154 1124 ego
1185 1054 1378 1119 studeo
1422 1071 1530 1111 non
1582 1071 1781 1128 negare
1821 1059 1986 1114 Deum

376 1160 594 1210 meum,
621 1144 788 1205 timeo
815 1145 963 1203 enim
994 1154 1049 1200 et
1075 1146 1188 1215 ipsa
1212 1161 1398 1202 verum
1427 1147 1575 1203 illum
1602 1149 1985 1219 imperatorem

382 1235 562 1293 Deum
597 1249 974 1295 contemnere.
1003 1238 1361 1297 Contentiose
1385 1280 1402 1305 ,
1435 1241 1611 1312 inquit
1637 1242 1836 1311 jmlex.
1869 1260 1987 1303 me-

379 1343 510 1386 cum
536 1331 680 1400 agis,
712 1339 767 1389 et
786 1340 1115 1387 aeternorum
1136 1333 1525 1403 imperatorum
1545 1334 1698 1405 jussa
1726 1337 1981 1409 negligis,

380 1430 437 1477 et
468 1436 585 1485 me,
622 1432 897 1491 tamquam
928 1423 1196 1478 imbellem
1218 1423 1452 1499 aliquem
1479 1426 1739 1495 despicis.
1791 1428 1986 1486 Adhuc

381 1515 553 1569 trium
595 1515 809 1571 dierum
855 1525 1073 1585 tempus
1107 1516 1202 1571 tibi
1253 1516 1504 1574 condono
1535 1559 1551 1587 ,
1596 1534 1658 1576 ac
1707 1537 1806 1592 per
1854 1522 1985 1579 deos

380 1620 602 1671 omnes,
627 1606 734 1662 nisi
762 1608 1004 1662 animum
1036 1619 1215 1663 mutes
1249 1618 1305 1664 et
1331 1609 1632 1677 sacriﬁcos,
1669 1612 1725 1668 in
1753 1612 1986 1682 lupanar

381 1709 438 1753 te
470 1700 711 1764 tradam,
747 1707 807 1759 ut
838 1700 1098 1757 mulieres
1127 1716 1320 1759 omnes
1346 1711 1397 1758 te
1424 1703 1499 1759 ita
1540 1706 1760 1762 tractari
1793 1707 1989 1767 viden-

2097 584 2286 642 dantes
2311 628 2326 654 ,
2358 585 2607 642 certatim
2639 584 2934 641 studebant
2980 599 3082 656 pro
3110 602 3172 645 se
3200 589 3431 657 quisque
3461 589 3529 645 ad
3560 605 3679 647 eam

2097 678 2330 751 ingredi,
2366 688 2421 735 et
2454 686 2512 733 ut
2538 692 2704 734 canes
2730 676 2782 732 in
2813 675 2986 734 feram
3018 677 3282 749 aliquam,
3314 689 3369 736 et
3392 683 3684 753 accipitres

2096 772 2149 829 in
2179 771 2486 829 columbam
2514 812 2530 839 ,
2567 772 2640 827 ita
2670 771 2723 826 itt
2751 786 2869 827 eam
2920 773 3093 828 turbae
3144 774 3421 841 inhiantes
3474 777 3683 845 ingredi

2093 863 2448 921 festinabant.
2476 864 2744 921 Caeterum
2776 879 2956 935 neque
2989 872 3117 923 tunc
3143 866 3396 922 Christus
3423 867 3537 938 ipse
3565 883 3684 929 ces-

2091 960 2269 1027 sabat,
2299 962 2395 1017 sed
2423 976 2544 1016 cum
2568 959 2861 1033 quemdam
2885 974 2953 1016 ex
2985 957 3268 1016 Fratribus
3292 973 3682 1032 praeparasset,

2099 1054 2166 1111 ad
2199 1069 2317 1109 eam
2352 1053 2502 1111 illum
2533 1053 2702 1109 misit.
2751 1053 2981 1119 Quidam
3039 1053 3186 1111 enim
3241 1054 3684 1126 religiosissimus

2094 1141 2308 1207 Frater.
2339 1145 2432 1215 qui
2469 1144 2563 1202 Dei
2599 1144 2814 1212 negotia
2848 1154 3090 1201 tractare
3139 1148 3341 1217 optime
3374 1147 3679 1209 didicerat.

2090 1246 2145 1293 et
2179 1238 2637 1307 quemadmodum
2666 1238 2902 1309 aliquem
2929 1254 2995 1293 ex
3028 1238 3122 1295 Dei
3160 1239 3438 1296 voluntate
3461 1241 3679 1297 divitem

2093 1328 2208 1385 ﬁeri
2239 1329 2482 1396 deceret,
2515 1328 2654 1387 bene
2689 1341 2957 1399 noverat,
2992 1330 3082 1388 ille
3102 1347 3228 1389 cum
3257 1348 3290 1389 e
3313 1334 3474 1390 rebus
3522 1334 3682 1391 bonis

2089 1437 2302 1493 semper
2323 1423 2525 1494 aliquid
2550 1424 2783 1494 amplius
2808 1433 3111 1495 appeteret,
3152 1426 3318 1482 etsibi
3350 1440 3673 1497 comparare

2090 1516 2357 1579 studeret,
2378 1516 2647 1587 duplicem
2671 1517 2917 1589 martyrii
2943 1532 3200 1575 coronam
3222 1519 3323 1574 sibi
3347 1520 3680 1583 conciliavit,

2090 1614 2145 1662 et
2185 1623 2414 1677 regnum
2465 1608 2731 1665 caelorum
2785 1609 2889 1665 hoc
2936 1611 3099 1665 modo
3140 1611 3338 1680 rapuit.
3375 1610 3510 1667 Cum
3537 1615 3682 1668 enim

2089 1700 2310 1756 militari
2342 1701 2530 1756 habitu
2562 1717 2620 1757 se
2663 1702 2954 1769 induisset,
2985 1704 3192 1773 primus
3226 1705 3295 1758 ad
3329 1719 3449 1761 eam
3476 1705 3688 1776 ingres-

381 1798 492 1859 tes,
542 1793 881 1862 turpitudine
938 1806 1027 1851 tua
1070 1798 1425 1869 castigentur.
1480 1799 1552 1855 At
1594 1801 1881 1859 Thodora:
1915 1802 1985 1859 Et
2014 1837 2062 1898 Β
2091 1812 2184 1853 sus
2204 1809 2308 1862 est.
2346 1799 2501 1868 quasi
2538 1813 2677 1853 unus
2707 1813 2773 1854 ex
2804 1797 3200 1868 impudentiam
3226 1809 3281 1855 et
3312 1800 3685 1868 intemperan-

378 1899 538 1939 nunc
569 1885 716 1941 idem
754 1888 896 1944 Deus
924 1898 1027 1956 est,
1065 1901 1118 1946 et
1141 1905 1379 1962 semper,
1410 1894 1504 1964 qui
1537 1909 1642 1950 non
1675 1899 1979 1966 permittet,

378 1984 443 2033 ut
471 1991 601 2032 eum
632 1978 1028 2051 derelinquam.
1077 1981 1211 2040 Peto
1242 1994 1424 2041 autem
1493 1997 1556 2043 ut
1596 1988 1855 2046 intactam
1917 2008 1982 2048 ac

376 2082 580 2138 puram
616 2085 701 2127 me
730 2073 939 2127 servari
968 2072 1179 2141 iubeas,
1206 2077 1385 2146 quoad
1408 2080 1742 2136 sententiam
1768 2083 1982 2139 tuleris.

383 2160 551 2221 Tunc
578 2162 749 2233 judex
780 2165 861 2220 ait
886 2184 903 2220 :
931 2164 1277 2227 Theodoram
1311 2171 1413 2227 sub
1441 2179 1554 2227 tuta
1592 2173 1839 2230 custodia
1867 2190 1984 2231 ser-

381 2267 513 2315 sale
540 2274 716 2329 usque
740 2260 809 2314 ad
843 2271 956 2317 tres
988 2263 1104 2319 dies
1124 2302 1141 2327 ,
1190 2255 1239 2318 si
1260 2262 1408 2321 forte
1460 2267 1792 2336 resipiscens
1818 2309 1834 2335 ,
1877 2270 1982 2325 sibi

378 2352 506 2419 ipsa
534 2354 892 2421 persuaserit,
927 2363 1036 2408 uta
1062 2355 1155 2411 tali
1188 2357 1533 2416 contentione
1562 2360 1809 2417 desistat.
1839 2358 1981 2428 Quin

385 2452 443 2494 et
479 2444 757 2511 praecipio,
795 2460 860 2498 ne
891 2448 1215 2515 permittatis
1247 2450 1482 2519 aliquem
1516 2455 1583 2506 ad
1611 2467 1729 2507 eam
1768 2453 1976 2523 ingredi

380 2541 439 2589 et
474 2548 604 2589 cum
664 2534 780 2605 ipsa
816 2539 1044 2606 versari,
1074 2548 1361 2609 propterea
1403 2541 1547 2612 quod
1584 2541 1785 2601 familia
1814 2543 1982 2599 nobili

382 2633 445 2683 et
469 2625 703 2683 honesta
742 2641 867 2685 nata
906 2641 1013 2687 est.

450 2715 552 2775 IV.
592 2717 726 2779 Post
762 2729 878 2779 tres
906 2723 1024 2778 dies
1050 2737 1174 2779 eum
1205 2724 1370 2794 judex
1416 2728 1471 2784 in
1518 2731 1778 2789 tribunali
1830 2737 1988 2792 sede-

376 2817 515 2869 ret:
544 2809 884 2879 Adducatur,
917 2814 1116 2884 inquit,
1151 2814 1456 2875 Theodora.
1495 2820 1706 2879 Cohors
1738 2827 1853 2881 ait:
1886 2827 1992 2884 Do-

378 2899 559 2967 mine,
600 2912 800 2971 praete
827 2915 912 2962 est
940 2904 1252 2965 Theodora.
1282 2911 1419 2967 Tum
1452 2912 1575 2970 ille:
1601 2913 1658 2971 Si
1688 2917 1989 2988 resipuisti,

372 3003 437 3053 .et
464 2994 569 3050 tibi
602 2996 720 3066 jam
751 3000 1095 3068 persuasisti,
1125 3019 1271 3060 nunc
1321 3006 1610 3075 sacriﬁea,
1659 3020 1717 3067 et
1757 3021 1877 3068 esto
1918 3012 1989 3068 ll-

372 3084 557 3153 bera;
612 3097 746 3157 puto
771 3093 921 3148 enim
954 3100 1010 3149 te
1037 3110 1378 3169 nequaquam
1404 3115 1598 3170 sapere
1621 3144 1637 3170 ,
1710 3105 1763 3160 in
1790 3108 1983 3164 eodem

2094 1892 2225 1946 tium
2263 1892 2545 1947 hominum
2572 1906 2799 1947 numero
2841 1900 3012 1949 esset.
3057 1891 3191 1960 Ejus
3235 1892 3402 1961 igitur
3443 1894 3683 1950 hominis

2086 1998 2282 2040 novam
2311 1994 2362 2040 et
2386 1984 2729 2055 peregrinam
2759 1983 2987 2055 ﬁguram
3011 1996 3199 2039 sancta
3223 1984 3312 2045 illa
3333 1986 3486 2055 virgo
3507 1985 3655 2042 Theo
3670 2014 3687 2027 η

2084 2076 2221 2132 dura
2244 2092 2367 2132 eum
2417 2076 2688 2141 vidisset,
2738 2074 2844 2131 fuit
2892 2076 3220 2144 perterrita;
3266 2091 3332 2133 ea
3383 2078 3528 2133 enim
3590 2094 3677 2134 ros

2087 2169 2313 2225 multum
2328 2169 2537 2238 injuriae
2556 2184 2618 2224 ac
2636 2168 2992 2237 turpitudinis
3008 2184 3122 2238 pra:
3142 2184 3202 2225 se
3222 2169 3457 2227 ferebat.
3475 2172 3679 2237 Quam-

2087 2260 2273 2317 obrem
2321 2261 2544 2332 ancipiti
2591 2269 2647 2314 et
2697 2260 2864 2317 dubio
2918 2260 3105 2321 animo
3164 2264 3404 2319 carceris
3452 2263 3684 2333 angulos

2090 2350 2451 2415 circumibat,
2486 2366 2668 2409 secum
2714 2351 2960 2423 cogitans
2989 2393 3005 2419 ,
3065 2366 3194 2409 num
3245 2367 3276 2408 a
3313 2352 3534 2409 Christo
3564 2354 3685 2422 ipso

2092 2444 2278 2499 relicta
2307 2453 2473 2501 esset.
3418 2443 3445 2467 "

2168 2536 2253 2591 \‘l.
2292 2538 2615 2599 Atsauctus
2641 2536 2905 2609 Didymus
2936 2538 3050 2609 (ita
3080 2537 3229 2593 enim
3260 2537 3603 2608 vocabatur)
3624 2545 3682 2592 ut

2089 2645 2389 2697 germanus
2445 2630 2633 2693 frater,
2683 2630 2950 2697 incipiens
2980 2645 3101 2685 eam
3137 2629 3297 2686 alfari
3328 2646 3343 2686 :
3369 2629 3490 2686 Non
3537 2645 3682 2694 aut»,

2092 2721 2288 2790 inquit,
2350 2721 2426 2785 id,
2483 2721 2628 2790 quod
2694 2722 2863 2778 vides.
2925 2722 3311 2779 Exstrinsecus
3341 2724 3487 2778 enim
3525 2724 3685 2794 lupus

2090 2812 2298 2879 videor,
2322 2813 2468 2869 intus
2496 2828 2631 2868 vero
2662 2829 2781 2870 sum
2815 2814 2934 2873 ovis
2972 2822 3279 2875 Inausueta.
3334 2814 3416 2872 He
3467 2828 3685 2885 spectes

2088 2905 2423 2961 exteriorem
2470 2905 2614 2961 hanc
2673 2914 2907 2970 vestem,
2933 2905 3030 2962 sed
3060 2905 3381 2963 interiorem
3412 2916 3467 2973 et
3499 2921 3683 2978 prom-

2088 3009 2243 3072 ptum
2276 2999 2440 3056 animi
2493 2997 2748 3056 allectum
2790 2999 3136 3055 consideres.
3167 2996 3363 3055 Frater
3382 3000 3530 3055 enim
3554 3016 3680 3057 sum

2095 3094 2149 3151 in
2184 3094 2360 3150 aliena
2395 3091 2591 3164 ﬁgura,
2638 3100 2827 3149 contra
2870 3091 3145 3147 diabolum
3203 3093 3444 3162 sapiens,
3492 3108 3680 3149 eorum

370 3175 1111 3251 Wmisteutem.
1137 3186 1439 3258 Respondit
1456 3190 1780 3250 Τιιοοάοηε
1807 3197 1984 3254 Aurea
2014 3204 2060 3264 ο
2091 3185 2309 3256 quidem
2335 3195 2485 3242 veste
2527 3184 2773 3252 indutus,
2805 3184 2901 3254 qui
2933 3192 3064 3240 sunt
3110 3183 3255 3243 illius
3309 3185 3545 3242 ministri
3573 3228 3587 3253 ,
3622 3196 3684 3242 ut

378 3268 507 3325 diti
534 3268 657 3335 tibi,
688 3281 744 3329 et
768 3292 910 3330 nunc
945 3279 1139 3335 eadem
1172 3281 1361 3339 dicere
1392 3300 1501 3342 non
1526 3294 1543 3345 2'
1551 3303 1746 3345 recuso
1769 3330 1786 3356 ,
1819 3291 1987 3347 casti—

384 3361 523 3416 tatis
560 3377 698 3419 mea
735 3367 1129 3434 professionem
1152 3413 1169 3439 ,
1215 3372 1420 3431 Christi
1461 3391 1625 3435 causa
1674 3391 1983 3452 susceptam

386 3467 544 3517 esse.
570 3454 668 3524 qui
703 3455 804 3512 l‘nit
824 3459 1160 3532 incorruptae
1187 3465 1315 3522 vita:
1337 3469 1681 3538 pradicator,
1704 3456 1986 3545 meamque

372 3543 794 3637 confessionem
854 3551 1030 3624 ipsius
1084 3556 1176 3611 Dei
1228 3560 1403 3628 gratia
1453 3560 1591 3618 ﬁeri.
1639 3563 1774 3634 Ejus
1822 3543 1987 3637 igitur

382 3635 607 3729 Domini
641 3652 696 3694 et
729 3642 823 3698 Dei
854 3646 1132 3704 confessio
1163 3664 1262 3722 per
1288 3667 1374 3708 me
1404 3656 1751 3725 praedicetur,
1782 3635 1985 3729 et'ipse

382 3728 575 3785 videat
606 3732 751 3800 (scit
777 3736 958 3806 enim)
995 3742 1268 3808 quomodo
1301 3760 1455 3800 suam
1500 3747 1761 3818 virginem
1793 3728 1983 3819 puram

384 3833 707 3879 conservet.
743 3824 843 3882 Per
868 3827 1005 3885 deos
1035 3830 1205 3901 ipsos,
1226 3835 1614 3906 inquitjudex,
1640 3840 1984 3897 dominorum

380 3912 543 3984 Iussa
582 3919 812 3985 veritus.
849 3935 919 3977 ne
944 3921 1086 3980 forte
1120 3924 1227 3982 illis
1249 3943 1357 3983 non
1389 3930 1672 4000 obediens,
1693 3935 1984 4001 pericliter,

386 4007 662 4065 δάκει-ειη
692 4020 747 4065 te
779 4012 971 4069 faciam
1019 4018 1164 4086 quod
1188 4033 1304 4073 sum
1324 4019 1532 4091 jussus.
1556 4024 1822 4090 Quoniam
1854 4041 1984 4083 vero

381 4099 441 4154 in
485 4099 722 4171 lupanar
757 4108 896 4161 tradi
932 4109 1210 4179 maluisti,
1237 4121 1400 4181 quam
1450 4114 1556 4170 diis
1601 4116 1731 4187 ipsis
1768 4122 1985 4178 sacrili-

380 4204 518 4245 care
544 4231 563 4256 ,
595 4195 875 4252 videamus
899 4237 915 4262 ,
949 4216 1075 4254 num
1108 4212 1161 4257 te
1196 4216 1379 4261 servet
1407 4205 1661 4263 Christus
1699 4210 1789 4265 ille
1819 4222 1940 4269 tuus
1967 4252 1983 4278 ,

380 4292 617 4348 propter
637 4298 800 4349 quem
826 4286 883 4340 in
915 4294 1267 4361 contentione
1292 4295 1391 4350 ista
1422 4298 1713 4367 persistere
1738 4301 1980 4361 voluisti.

379 4367 440 4422 Id
467 4384 596 4424 cum
627 4372 794 4443 jndex
835 4379 1084 4446 dixisset,
1117 4386 1185 4438 ad
1218 4387 1497 4442 cohortem
1529 4405 1752 4451 versus:
1781 4392 1987 4449 Trada-

379 4469 502 4553 tur,
532 4465 729 4536 inquit,
764 4469 866 4527 ista
894 4473 948 4529 in
972 4472 1220 4544 lupanar.
1255 4478 1411 4536 Tunc
1437 4481 1515 4537 ait
1531 4481 1846 4543 Theodora:
1882 4486 1985 4553 Tu,

2089 3278 2162 3333 ita
2189 3277 2296 3333 huc
2340 3275 2654 3347 ingrediens
2676 3288 2787 3332 non
2823 3288 3155 3346 agnoscerer
3188 3275 3210 3345 (
3228 3284 3388 3333 erant.
3404 3276 3555 3332 enim
3591 3278 3701 3346 qui

2088 3370 2197 3425 huc
2235 3367 2545 3425 venientem
2579 3366 3037 3437 speculabantur)
3071 3376 3129 3422 et
3158 3365 3378 3423 Domini
3411 3367 3521 3423 m‘ei
3551 3383 3681 3435 pre-

2089 3463 2281 3519 tiosam
2324 3461 2747 3533 possessionem,
2774 3470 2830 3517 et
2853 3460 2946 3518 Dei
2974 3461 3284 3517 columbam
3305 3476 3426 3515 eam
3455 3475 3683 3517 servare

2087 3573 2325 3631 possem.
2364 3556 2473 3614 Sed
2506 3571 2610 3627 age
2648 3564 2860 3612 vestem
2902 3564 3218 3623 mutemus;
3255 3555 3353 3611 tibi
3389 3554 3533 3610 Deus
3563 3555 3681 3624 ipse

2088 3651 2377 3706 victoriam
2429 3649 2661 3718 largitur
2693 3664 2709 3703 :
2740 3663 2826 3703 me
2869 3662 3004 3703 vero
3058 3656 3288 3704 coronat
3320 3657 3567 3709 sanctus,
3627 3657 3683 3702 et

2089 3743 2180 3813 qui
2212 3743 2329 3798 sine
2364 3741 2574 3796 macula
2609 3749 2714 3807 est,
2751 3740 2939 3811 Agnus
2994 3739 3104 3806 ille,
3131 3741 3222 3810 qui
3274 3739 3414 3794 tollit
3463 3748 3681 3809 peccata

2090 3834 2300 3889 mundi.
2340 3834 2437 3889 Exi
2467 3843 2547 3900 tu,
2583 3842 2662 3898 et,
2692 3834 2760 3889 ad
2796 3831 3088 3888 Dominum
3124 3832 3245 3887 ito:
3297 3831 3414 3900 Ego
3461 3840 3683 3901 propter

2089 3922 2379 3979 Dominum
2407 3923 2497 3979 hic
2520 3924 2846 3979 remanebo.
2876 3924 2994 3978 Hac
3029 3937 3151 3978 mea
3180 3933 3358 3989 veste,
3414 3937 3579 3991 quam
3607 3924 3680 3978 ti-

2092 4018 2301 4081 nsebas,
2339 4016 2605 4072 induaris.
2632 4015 2764 4071 Esto
2794 4024 2849 4070 tu
2877 4029 2975 4085 pro
2995 4030 3100 4080 me,
3132 4022 3193 4070 ut
3222 4022 3306 4070 est
3333 4015 3401 4070 ab
3418 4015 3680 4085 Apostolo

2090 4107 2296 4164 dictum
2317 4109 2333 4140 ⁸
2365 4124 2381 4163 :
2417 4125 2437 4159 ι
2473 4108 2662 4163 Estote
2686 4115 2744 4162 ut
2772 4121 2892 4176 ego,
2917 4106 3180 4176 quoniam
3216 4117 3271 4161 et
3295 4120 3395 4175 ego
3426 4115 3485 4160 ut
3509 4120 3627 4162 vos.
3655 4124 3676 4159 ι

2090 4199 2185 4254 ltle
2214 4201 2431 4267 quidem
2464 4197 2583 4253 lucc
2623 4197 2843 4254 dicebat
2880 4212 2894 4252 :
2929 4196 3216 4252 Theodora
3269 4210 3402 4251 vero
3447 4196 3684 4252 libenter

2090 4292 2138 4346 ei
2180 4290 2615 4361 obtemperabat.
2643 4289 2804 4345 Novit
2835 4289 2981 4346 enim
3013 4290 3082 4344 ab
3113 4288 3206 4343 illo
3238 4288 3358 4358 ipso
3402 4287 3537 4352 Deo,
3585 4290 3677 4356 qui

2093 4382 2237 4437 misit
2272 4383 2326 4436 in
2359 4381 2534 4437 lacum
2573 4383 2791 4438 leonum
2824 4381 3142 4452 prophetam
3177 4377 3453 4444 Habacuc,
3488 4388 3548 4433 ut
3573 4380 3681 4434 Da-

2097 4473 2219 4530 uieli
2250 4476 2293 4540 ³,
2327 4475 2419 4544 qui
2452 4484 2505 4530 et
2537 4474 2654 4546 ipse
2679 4474 2944 4545 propheta
2965 4484 3105 4543 erat,
3136 4473 3317 4529 cibum
3344 4473 3675 4541 impartiret,

384 4550 560 4622 Deus,
589 4559 679 4624 qui
706 4563 950 4621 occultas
982 4581 1070 4622 res
1096 4568 1340 4639 inspicis,
1371 4573 1462 4641 qui
1517 4577 1716 4633 novisd
1758 4578 1939 4633 omnia
2014 4552 2068 4613 Β
2095 4567 2298 4636 quique
2325 4575 2379 4621 et
2411 4567 2630 4622 leonum
2657 4580 2753 4621 ora
2777 4564 3075 4632 obstruxit,
3102 4564 3327 4620 militem
3355 4564 3505 4618 illum
3549 4573 3679 4619 tunc

381 4648 711 4717 priusquam
746 4652 835 4708 illa
862 4654 1013 4723 ﬁant,
1045 4658 1137 4727 qui
1184 4662 1248 4715 ad
1275 4663 1599 4721 hodiernum
1643 4683 1813 4740 usque
1837 4648 1979 4727 diem
2082 4661 2150 4713 ad
2179 4673 2239 4714 se
2273 4658 2520 4724 missum,
2574 4667 2635 4713 ut
2663 4658 2842 4728 ipsius~
2868 4657 3056 4711 habitu
3089 4657 3382 4723 occultata,
3434 4664 3488 4710 et
3520 4654 3673 4710 illinc

380 4738 773 4832 nitidi-isti,
793 4755 849 4802 et
868 4746 1132 4805 intactam
1163 4750 1217 4807 in
1238 4768 1303 4810 ea
1329 4770 1390 4811 re
1420 4772 1508 4813 me
1538 4738 1787 4828 servasti,
1816 4776 1980 4832 quam
2081 4762 2269 4819 "0P"!
2294 4750 2503 4807 εθννατί
2541 4757 2747 4820 Posset-

376 4826 762 4918 ΨΜ,
792 4835 910 4904 ipse
944 4847 999 4893 et
1026 4840 1254 4909 posthac
1279 4858 1366 4898 me
1394 4843 1696 4912 custodias,
1722 4826 1779 4902 et
1808 4826 1986 4918 a-pro-
2156 4841 2272 4899 ιιι.
2331 4842 2428 4899 llla
2459 4841 2627 4911 igitur
2664 4840 2820 4910 virgo
2870 4839 3069 4895 militis
3110 4838 3356 4893 habitum
3417 4840 3673 4908 sumpsit,

380 4914 537 4975 ω*
560 4922 636 4987 ἢ
680 4923 883 4994 iniquis
926 4942 1117 4985 eorum
1178 4935 1430 4991 manibus
1456 4974 1475 4999 ,
1508 4938 1598 5005 qui
1632 4939 1807 5008 parati
1859 4914 1988 4996 sunt
2083 4936 2390 5005 aureisque,
2418 4935 2614 5004 quibus
2633 4944 2792 4990 antea
2817 4933 2974 4988 miles
2999 4932 3073 4987 uti
3095 4941 3483 4999 consueverat,
3509 4947 3670 4986 crura

372 5010 597 5067 audita
622 5015 998 5087 ttrciitjuriam
1025 5021 1248 5089 inferre,
1276 5026 1608 5084 incolumem
1631 5041 1685 5086 et
1708 5032 1974 5104 integram

373 5117 595 5167 sema.
622 5104 753 5164 Haec
777 5124 903 5166 eum
935 5111 1029 5169 illa
1050 5116 1299 5185 dixisset,
1333 5123 1400 5175 ad
1435 5123 1662 5193 lupanar
1682 5126 1840 5180 ducta
1865 5139 1977 5197 est;

374 5197 451 5251 ad
464 5201 613 5269 quod
635 5201 907 5272 ingressa,
932 5208 1120 5263 oculos
1135 5212 1201 5263 ad
1224 5213 1427 5268 emittm
1448 5216 1644 5282 erexit,
1670 5227 1724 5272 et
1743 5220 1818 5272 ait
1839 5236 1854 5273 :
1875 5218 1977 5282 Tu,

376 5285 807 5350 Ριικυαπὶηὶ
824 5299 1000 5353 nostri
1024 5298 1153 5355 Jesu
1183 5301 1414 5371 Christi,
1443 5322 1530 5360 me
1561 5308 1778 5378 adjuva,
1822 5321 1880 5364 ut
1910 5311 1980 5366 ab

372 5382 475 5439 his
511 5384 1004 5459 caaihs'oripiar.
1039 5393 1117 5447 Tu
1146 5433 1161 5458 ,
1186 5398 1277 5465 qui
1308 5396 1529 5453 Petrum
1556 5400 1608 5453 in
1636 5415 1856 5457 carcere
1885 5405 1981 5458 ad-

371 5472 597 5544 ji‘i‘i,
625 5492 867 5549 eamque
902 5482 976 5535 ab
1004 5482 1202 5553 injuria
1236 5489 1467 5543 liberum
1507 5491 1655 5546 illinc
1696 5491 1933 5548 eduxisti
1966 5535 1981 5562 ,

2088 5043 2188 5084 sua
2218 5029 2462 5084 contexit
2496 5046 2510 5084 :
2562 5040 2798 5099 cumque
2833 5025 3041 5095 reliqua
3075 5033 3229 5080 veste
3279 5038 3346 5079 se
3386 5024 3675 5090 induisset,

2086 5121 2251 5189 capiti
2285 5119 2494 5191 galeam
2526 5119 2809 5190 imposuit,
2840 5118 3069 5187 ejusque
3097 5116 3265 5171 armis
3288 5117 3549 5183 acceptis,
3581 5116 3674 5172 illo

2087 5214 2229 5283 ipso,
2260 5228 2444 5283 quem,
2476 5214 2573 5282 qui
2593 5213 2645 5267 ei
2674 5212 2921 5267 astiterat
2946 5209 3227 5279 praecepit,
3259 5218 3452 5264 ornatu
3485 5209 3671 5262 induta

2084 5320 2305 5375 egressa
2339 5321 2372 5361 c
2406 5314 2446 5359 t.
2480 5302 2773 5359 Admonita
2803 5303 2970 5357 etiam
3016 5300 3140 5367 iuit,
3173 5316 3242 5356 ne
3266 5316 3435 5371 quem
3462 5297 3671 5367 aspice-

2083 5408 2440 5468 ret,proptcr
2496 5410 2683 5453 eorum
2749 5396 2998 5463 luporum
3060 5392 3452 5464 impudentiam
3508 5398 3672 5459 atque

2083 5492 2391 5555 audaciam,
2441 5504 2579 5545 neve
2632 5488 2869 5557 aliquem
2916 5486 3336 5555 alloqueretur:
3372 5482 3473 5537 θεά
3522 5490 3672 5545 recta

369 5568 1037 5646 etme‘hineabinjuria
1066 5576 1395 5635 incolumem
1424 5583 1646 5650 educas,
1685 5591 1742 5637 ut
1789 5599 1980 5642 omnes
2079 5584 2146 5639 ad
2207 5590 2419 5653 portant
2475 5582 2722 5636 tenderet
2756 5622 2770 5644 ,
2834 5590 2891 5635 et
2945 5579 3130 5635 Jesum
3184 5577 3368 5646 ipsum
3418 5574 3519 5625 V53
3569 5570 3672 5627 ἀω-

370 5659 851 5736 vidcalymeque
884 5680 1099 5723 servam
1138 5679 1283 5725 tuam
1332 5687 1455 5727 esse
1477 5687 1827 5743 cognoscant.

450 5827 679 5889 ‘Caiat.
714 5848 790 5899 μ’,
830 5831 926 5889 ii.
1002 5835 1021 5867 ¹
1052 5836 1191 5891 Dan.
1226 5853 1338 5905 διν,
1365 5839 1433 5893 5'2
1463 5855 1623 5912 seqq.

2077 5691 2196 5732 cent
2230 5675 2331 5730 sibi
2370 5682 2719 5744 proponeret.
2751 5670 2814 5725 Et
2852 5671 2944 5727 illa
2971 5667 3195 5741 quidem
3236 5664 3396 5719 illinc
3424 5670 3672 5742 egressa.
