4108 6468
467 400 538 464 8³1
1767 399 2054 466 MBNSIS
2086 400 2423 466 APRILIS‘.
3665 397 3742 460 88:

467 526 527 570 ιιι
561 512 810 571 columba
838 513 1082 584 quaedam
1118 515 1234 572 alas
1264 514 1539 581 quatiens,
1570 520 1733 586 atque
1767 511 1822 568 in
1853 515 2048 570 coelum
2081 513 2128 573 Δ
2158 514 2326 571 Deum
2351 515 2528 587 ipsum
2559 513 2694 571 satis
2723 513 2972 570 conﬂassa
3002 509 3187 576 fuerit,
3215 510 3422 567 intacta
3473 526 3731 582 perman-

472 608 724 670 teudens,
767 621 832 661 ex
865 607 1142 676 accipitris
1175 622 1292 672 ore,
1339 606 1424 664 vel
1457 623 1593 680 agna
1621 623 1652 662 e
1682 607 1898 663 leonum
1929 605 2049 661 fau-
2149 607 2242 674 sit,
2271 622 2436 677 quam
2489 605 2633 662 Deus
2693 607 2808 675 ipse
2864 604 3192 662 incolumem
3232 612 3288 660 et
3319 619 3349 658 a
3386 603 3508 659 labe
3543 619 3734 674 puram
3784 607 3792 662 ἶ

469 698 644 763 cibus,
672 699 866 753 evasit.
900 697 1094 753 Frater
1125 713 1256 755 vero
1283 699 1376 754 ille
1426 700 1670 767 sedebat,
1731 701 1797 756 de
1857 713 2049 755 sorore

470 803 577 842 non
606 789 838 857 amplius
868 789 1164 855 sollicitus,‘
1197 800 1252 847 et
1281 791 1568 862 spirituale
1618 790 1909 862 prandium
1954 805 2050 846 ex-

473 889 750 949 spectans.
780 879 1028 950 Cumque
1082 895 1143 936 se
1182 881 1376 952 capitis
1414 892 1726 952 legumento
1760 881 2047 946 induisset,

471 983 538 1022 eo
573 970 624 1022 in
653 969 774 1024 loco
803 970 1047 1026 sedebat.
1087 971 1220 1025 Erat
1252 981 1433 1027 autem
1467 973 1539 1026 ita
1582 981 1896 1037 coronatus,
1922 981 1980 1025 ut
2003 972 2049 1027 si

473 1061 846 1115 adversarium
879 1063 1054 1132 ipsum
1087 1063 1330 1119 vicisset.
1380 1062 1670 1118 Intervallo
1699 1071 1878 1118 autem
1913 1072 2053 1117 tem-

475 1153 645 1222 poris,
674 1154 892 1222 quidam
924 1169 992 1210 ex
1016 1156 1406 1210 insanientium
1435 1170 1662 1212 numero
1685 1157 2056 1224 intemperan-

476 1246 565 1300 tite
599 1260 809 1310 servus,
839 1245 916 1301 ita
943 1258 999 1301 ut
1031 1259 1150 1302 erat
1196 1249 1502 1318 impudens,
1540 1248 1668 1303 illuc
1701 1257 1956 1318 tanquam
1985 1250 2053 1302 ad

473 1335 738 1405 virginem
774 1337 988 1408 ingredi
1023 1353 1210 1406 ausus,
1270 1354 1392 1394 cum
1457 1340 1634 1394 virum
1685 1356 1785 1409 pro
1846 1340 2056 1409 virgine

475 1427 816 1496 nifeudisset,
864 1441 1046 1486 mente
1093 1431 1374 1502 perculsus
1403 1445 1583 1486 secum
1630 1431 1746 1499 ipse
1793 1432 2053 1487 dicebat:

476 1517 726 1590 Nunquid
763 1522 1000 1590 virgines
1027 1523 1078 1576 in
1107 1523 1253 1577 viros
1305 1521 1564 1577 transfert
1593 1522 1750 1578 Jesus
1782 1521 1930 1578 iste?
1963 1522 2059 1577 Mi-

477 1612 554 1668 les
585 1613 698 1680 ille,
723 1615 814 1684 qui
840 1624 968 1670 ante
1002 1631 1087 1671 me
1108 1617 1218 1673 buc
1247 1616 1525 1685 ingressus
1551 1627 1658 1681 est,
1709 1616 1864 1670 exiit.
1896 1613 2057 1682 Quis-

477 1719 601 1758 nam
635 1705 912 1775 igiturhic
947 1716 1052 1771 est,
1104 1708 1196 1776 qui
1230 1707 1424 1762 sedet?
1457 1707 1690 1763 Ubinam
1741 1707 1893 1778 virgo
1944 1706 2057 1772 illa,

479 1809 601 1864 quae
659 1797 746 1851 hic
781 1798 990 1852 inclusa
1026 1799 1198 1854 erat?
1233 1798 1433 1853 Audivi
1496 1798 1794 1868 aliquando
1841 1814 1872 1853 a
1929 1796 2057 1852 Jesu

478 1887 595 1955 ipso
620 1901 817 1955 aquam
838 1889 890 1942 in
915 1889 1100 1943 vinum
1125 1904 1443 1945 conversam
1479 1905 1496 1944 :
1525 1905 1669 1944 nunc
1694 1890 1872 1958 majus
1906 1890 2062 1958 quid-

477 1979 600 2033 dam
637 1979 834 2034 video:
877 1979 1145 2052 virginem
1177 1983 1321 2035 enim
1355 1981 1408 2036 in
1445 1981 1623 2035 virum
1674 1982 1928 2036 mutavit.
1965 1981 2060 2036 Ti-

479 2083 602 2124 meo
633 2085 702 2126 ne
734 2078 786 2125 et
818 2085 904 2126 me
927 2072 978 2125 in
1010 2072 1292 2127 mulierem
1318 2082 1622 2128 convertat.
1650 2073 1746 2128 llle
1775 2087 1906 2128 vero
1936 2087 2058 2128 cum

478 2169 781 2230 opportune
808 2176 1052 2216 sororem
1110 2163 1436 2234 eripuisset,
1490 2162 1693 2217 factum
1746 2177 1903 2217 suum
1955 2177 2060 2218 non

457 2253 780 2309 occultavit
811 2270 827 2309 :
859 2255 956 2310 sed
988 2255 1134 2311 clara
1181 2271 1357 2312 voce:
1392 2253 1512 2312 Non
1567 2258 1815 2323 mutavit,
1861 2257 2059 2325 inquit,

449 2359 570 2400 -rne
619 2345 904 2412 Dominus,
966 2347 1061 2402 sed
1113 2355 1168 2402 et
1201 2347 1331 2402 mihi
1365 2355 1418 2403 et
1477 2347 1552 2402 illi
1592 2363 1848 2402 coronam
1894 2349 2058 2404 dedit.

479 2438 649 2499 Quam
678 2437 840 2508 igitur
893 2438 1181 2494 habebatls
1205 2478 1222 2506 ,
1253 2454 1373 2493 eam
1406 2455 1512 2494 non
1550 2440 1802 2504 habetis;
1861 2440 2064 2510 quique

478 2527 636 2581 vobis
691 2543 799 2583 non
850 2539 992 2595 erat,
1057 2545 1180 2586 eum
1233 2545 1378 2587 nunc
1437 2531 1670 2586 habetis.
1728 2529 1894 2602 Virgo
1947 2531 2060 2598 illa,

477 2620 630 2690 virgo
661 2629 768 2686 est,
790 2627 852 2676 ut
868 2631 1026 2677 antea
1063 2660 1080 2688 ,
1113 2621 1271 2680 miles
1300 2637 1431 2680 vero
1457 2623 1662 2680 Christi
1693 2621 1824 2680 Jesu
1857 2623 2060 2679 athleta

482 2727 630 2767 nunc
660 2723 767 2768 est.

449 2843 453 2848 -
548 2803 690 2860 νιιι.
723 2803 990 2874 Egressus
1020 2807 1205 2878 igitur,
1239 2807 1331 2878 qui
1357 2805 1535 2863 fuerat
1587 2808 1750 2877 paulo
1809 2817 1934 2863 ante
1971 2807 2060 2864 in-

478 2912 724 2968 gressus,
762 2899 904 2966 quod
946 2897 1150 2954 iactum
1183 2907 1324 2965 erat,
1353 2899 1642 2954 nuntiavit.
1677 2898 1732 2952 Id
1761 2909 1942 2952 autem
1964 2900 2054 2968 ju-

483 2995 583 3045 dex
611 2991 863 3057 audiens,
887 2991 1052 3054 jussit
1088 3007 1212 3046 eum
1262 2998 1391 3046 ante
1420 2990 1657 3046 tribunal
1715 2991 1859 3046 sisti.
1892 2990 2062 3058 Quem

481 3091 807 3149 praesentem
861 3098 999 3136 cum
1059 3083 1310 3149 vidisset,
1375 3097 1496 3138 eum
1553 3085 1896 3150 interrogans
1939 3083 2062 3138 ait:

2151 700 2410 756 servavit.
2444 698 2630 769 Itaque
2657 699 2802 770 quod
2857 701 3057 754 factum
3111 708 3218 764 est,
3274 713 3380 752 non
3429 698 3586 764 mihi,
3641 700 3736 752 sed

2153 792 2260 847 Deo
2286 791 2384 860 ipsi
2428 792 2641 858 tribuo;
2697 792 2951 860 quoniam
2985 791 3282 846 secmttlnm
3339 790 3495 844 fidem
3564 791 3748 858 ipsius

2152 881 2282 937 fecit
2309 883 2383 937 illi
2417 883 2576 947 Deus,
2605 885 3058 949 quemadmodum
3093 890 3146 937 et
3175 883 3290 952 ipse
3313 883 3479 949 nosti,
3507 882 3549 936 si
3583 882 3738 936 fateri

2153 973 2308 1029 velis.
2349 973 2501 1027 Tunc
2532 974 2795 1043 aitjudex
2830 991 2845 1027 :
2893 973 3195 1041 Cuiusnam
3265 973 3430 1028 sortis
3479 972 3645 1026 homo
3684 983 3740 1026 tu

2153 1077 2213 1118 es
2233 1063 2259 1115 ἲ
2286 1063 2653 1131 Christianus,
2681 1065 2858 1134 inquit
2887 1065 3173 1134 Didymus,
3195 1079 3296 1135 ego
3317 1080 3434 1119 sum
3461 1079 3489 1118 a
3518 1064 3742 1118 Christo

2161 1154 2298 1209 liber
2331 1154 2524 1211 factus.
2553 1157 2621 1209 At
2644 1155 2809 1226 judex
2836 1175 2849 1212 :
2883 1156 3137 1210 Crttciate
3185 1159 3350 1211 istum
3381 1157 3739 1212 vehementer

2158 1245 2367 1301 duobus
2393 1247 2590 1314 modis,
2631 1256 2854 1317 propter
2883 1247 2998 1315 ejus
3039 1247 3418 1316 petulantiam.
3453 1247 3620 1313 Peto,
3651 1250 3742 1302 in-

2156 1338 2276 1409 quit
2310 1338 2593 1408 Didymus,
2627 1348 2686 1394 ut
2713 1341 2858 1410 quod
2885 1339 2953 1393 ab
2980 1340 3398 1408 imperatoribus
3423 1339 3530 1394 tuis
3556 1341 3758 1407 jussus-

2157 1446 2238 1495 es,
2266 1430 2519 1486 celeriter
2547 1432 2823 1500 expedias.
2861 1431 2962 1486 Cui
3013 1429 3181 1500 judex
3216 1449 3229 1484 :
3263 1429 3368 1485 Per
3411 1430 3542 1484 deos
3569 1430 3748 1498 dupli-

2161 1523 2243 1576 cia
2277 1532 2544 1578 tormenta
2584 1524 2678 1578 tibi
2710 1523 2944 1592 reposita
2977 1531 3106 1576 sunt
3133 1523 3235 1577 nisi
3273 1522 3379 1577 diis
3407 1522 3538 1591 ipsis
3567 1522 3745 1576 sacrio

2163 1612 2316 1669 lices.
2353 1613 2506 1680 Quod
2541 1615 2585 1669 si
2619 1613 2837 1681 feceris,
2870 1615 3020 1683 prius
3058 1613 3189 1668 illud
3224 1613 3440 1667 facinus
3469 1621 3619 1666 tuum
3644 1627 3747 1665 au-

2162 1707 2264 1762 dax
2288 1707 2709 1764 condonabitur.
2743 1706 2872 1775 Ego,
2908 1706 3082 1775 inquit
3113 1705 3399 1775 Didymus,
3434 1705 3612 1774 reipsa
3649 1704 3761 1756 tibi-

2162 1801 2398 1867 ostendi,
2439 1815 2524 1854 me
2551 1799 2643 1854 Dei
2672 1799 2930 1854 athletam
2954 1811 3078 1853 esse
3109 1814 3124 1853 :
3159 1805 3379 1867 propter
3407 1796 3569 1850 finem
3598 1794 3749 1850 enim

2167 1893 2295 1949 tnihi
2319 1893 2612 1962 repositum
2637 1893 2741 1947 hoc
2769 1891 2950 1946 facere
2973 1905 3263 1961 aggressus
3293 1889 3390 1955 fni,
3427 1898 3484 1941 ut
3511 1896 3565 1942 et
3593 1888 3752 1956 virgo

2165 1985 2301 2055 ipsa,
2327 1984 2478 2054 virgo
2506 1990 2837 2046 remaneret,
2873 1990 2927 2036 et
2959 1996 3060 2049 ego
3091 1980 3182 2034 Dei
3207 1979 3601 2035 confessionem
3632 1991 3755 2030 ma-

2163 2076 2360 2133 nifeste
2390 2076 2713 2145 profiterer;
2749 2089 2874 2129 nam
2906 2074 2962 2128 in
3001 2072 3092 2128 Dei
3133 2072 3236 2125 fide
3253 2085 3604 2140 permanens,
3640 2076 3754 2123 tor~

2165 2180 2346 2225 menta
2395 2184 2500 2224 non
2530 2169 2785 2224 sentiam.
2818 2165 3006 2236 Itaque
3047 2164 3300 2221 celeriter
3333 2163 3438 2226 fac,
3474 2162 3620 2233 quod
3660 2161 3752 2215 vi-

2167 2261 2324 2316 detur
2347 2303 2363 2327 ,
2398 2277 2506 2315 non
2535 2260 2678 2316 enim
2717 2259 3052 2315 daemonibus
3093 2257 3336 2312 immolo.
3367 2254 3502 2309 Nam
3532 2261 3587 2308 et
3609 2253 3652 2308 si
3687 2252 3748 2307 in

2165 2353 2346 2423 ignem
2381 2368 2466 2408 me
2500 2353 2717 2408 tradere
2741 2351 3000 2418 volueris,
3031 2350 3181 2405 illinc
3230 2349 3395 2404 etiam
3455 2347 3599 2402 Deus
3661 2358 3755 2400 me

2164 2455 2340 2516 potest
2370 2445 2604 2513 eripere.

2236 2535 2328 2592 lx.
2359 2535 2512 2590 Tunc
2548 2534 2625 2590 illi
2659 2534 2831 2604 judex
2871 2550 2887 2588 :
2915 2531 3103 2587 Tantae
3127 2529 3368 2586 audacia:
3399 2543 3562 2584 causa
3586 2536 3756 2595 caput

2167 2629 2262 2683 tibi
2323 2629 2682 2684 abscindetur
2724 2636 2822 2682 :et
2861 2625 3117 2696 quoniam
3182 2623 3528 2678 dominorunt
3591 2631 3760 2690 atque

2166 2719 2563 2788 imperatorum
2623 2726 2940 2772 nostrorum
2973 2723 3305 2784 praceptum
3343 2708 3755 2780 contempsisti,

2166 2810 2411 2878 reliquiae
2437 2822 2540 2865 tua:
2565 2811 2618 2864 in
2639 2810 2818 2879 ignem
2845 2807 3150 2860 tradentur.
3183 2803 3263 2858 Ad
3294 2803 3408 2857 haec
3449 2801 3705 2872 Didymus
3737 2817 3756 2852 :

2166 2900 2513 2965 Benedictus,
2561 2899 2758 2970 inquit,
2808 2898 2954 2953 Deus
3007 2903 3069 2950 et-
3097 2894 3258 2949 Pater
3310 2891 3523 2947 Domini
3580 2889 3758 2944 nostri

2165 2990 2292 3048 Jesu
2324 2992 2550 3057 Christi,
2598 2991 2688 3060 qni
2730 2988 3018 3044 consilium
3081 2999 3256 3042 meum
3315 3000 3423 3039 non
3479 2981 3761 3051 despexit;

2169 3085 2264 3142 sed
2283 3094 2338 3140 et
2363 3084 2702 3138 Theodoram
2728 3081 2980 3136 ancillam
3014 3093 3164 3133 suam
3193 3078 3459 3148 integram
3492 3073 3760 3139 servavit,

488 3174 774 3239 Quodnam
824 3175 917 3229 tibi
977 3191 1171 3230 nomen
1219 3175 1348 3230 est?
1381 3173 1663 3248 Didymus,
1727 3177 1904 3248 inquit
1953 3178 2066 3245 ille,
2097 3205 2140 3265 α
2171 3183 2227 3230 et
2257 3190 2340 3230 me
2368 3190 2466 3245 per
2491 3173 2598 3228 duo
2630 3180 2899 3226 tormenta
2961 3167 3267 3265 coronabit.
3321 3164 3567 3265 Cumque
3625 3176 3764 3216 sen-

483 3281 586 3333 ego
612 3267 874 3335 appellor.
911 3265 1047 3321 Tum
1080 3267 1254 3338 judex—
1281 3287 1294 3322 :
1320 3267 1387 3321 Et
1418 3269 1675 3338 quisnam
1708 3270 1802 3323 tibi
1837 3285 2064 3339 sugges-

455 3390 460 3395 -
486 3357 579 3422 sit,
610 3366 669 3411 ut
699 3358 842 3412 istud
874 3357 1105 3426 faceres,
1138 3373 1202 3415 ac
1247 3375 1333 3414 me
1365 3361 1794 3416 contemneres?
1825 3362 1921 3416 Cui
1964 3361 2058 3415 Di-

486 3448 682 3516 dymus
717 3466 730 3502 :
769 3447 910 3503 Deus
945 3464 1030 3504 me
1057 3449 1224 3516 misit,
1253 3460 1314 3505 ut
1341 3452 1444 3506 hoc
1480 3451 1740 3507 facerem.
1769 3451 2067 3516 Confitere,

489 3536 665 3604 inquit
691 3539 878 3607 judex,
921 3549 1212 3608 antequam
1258 3543 1546 3598 tormentis
1565 3542 1898 3610 subjiciaris.
1933 3543 2068 3598 Ubi-

489 3645 614 3684 nam
638 3642 721 3686 est
753 3627 1039 3686 Theodore
1095 3631 1186 3686 illa
1237 3632 1432 3702 virgo?
1466 3633 1764 3703 Respondit
1807 3634 1884 3688 illi
1919 3651 1933 3689 :
1972 3632 2074 3687 Per

488 3722 760 3778 Christum
801 3724 895 3780 Dei
923 3724 1144 3794 Filium,
1182 3726 1270 3779 ubi
1308 3739 1370 3780 ea
1404 3725 1497 3788 sit,
1532 3727 1737 3781 nescio.
1774 3725 1906 3780 Illud
1936 3725 2072 3790 scio,

489 3829 553 3870 ac
589 3830 909 3887 persuasum
965 3819 1159 3886 habeo,
1191 3818 1336 3889 quod
1366 3833 1491 3874 cum
1526 3817 1620 3874 Dei
1664 3820 1740 3873 sit
1788 3834 1970 3884 serva,
2021 3825 2078 3872 et

2181 3267 2406 3322 tentiam
2431 3281 2458 3317 a
2485 3265 2668 3334 judice
2705 3262 2869 3316 latam
2893 3259 3213 3328 accepisset,
3251 3255 3429 3311 securi
3464 3256 3764 3322 percussus

2175 3368 2280 3414 est.
2307 3357 2424 3423 Quo
2442 3355 2609 3421 facto,
2632 3354 2751 3422 ejus
2768 3366 2966 3422 corpus
2989 3351 3042 3406 in
3075 3352 3254 3421 ignem
3285 3346 3386 3401 fuit
3415 3345 3778 3415 conjectum.

2172 3449 2434 3519 llartyrio
2459 3455 2640 3501 autem
2673 3446 2902 3502 functus.
2931 3452 3015 3499 est
3043 3449 3268 3499 sanctus
3301 3437 3564 3508 Didymus
3588 3432 3769 3488 Nonis

2173 3541 2398 3610 Aprilis,
2457 3549 2722 3609 regnante
2777 3537 2830 3592 in
2893 3537 3047 3592 ctelis
3106 3533 3340 3589 Domino
3389 3537 3574 3585 nostro
3629 3524 3764 3581 Jesa

2176 3632 2396 3688 Christo
2431 3647 2445 3685 :
2477 3629 2732 3700 quoniam
2767 3629 2866 3700 ipsi
2896 3638 2949 3683 et
2977 3627 3146 3698 gloria
3180 3640 3304 3680 eum
3354 3621 3512 3676 Patre
3556 3627 3612 3672 et
3635 3631 3768 3671 san-

2174 3734 2263 3781 cto
2295 3723 2504 3794 Spiritu
2531 3739 2696 3790 nunc,
2726 3733 2780 3778 et
2798 3735 3035 3790 semper,
3069 3727 3126 3776 et
3177 3718 3231 3773 in
3278 3713 3475 3773 secula
3528 3708 3767 3768 saeculo-

2178 3833 2321 3872 rum.
2356 3818 2549 3873 Amen.

1435 3943 3712 3969 mm

1198 4116 2078 4234 MARTYRIUM

2168 4119 2290 4234 S.
2381 4120 3069 4236 THERMES’

1045 4329 1149 4391 ET
1229 4327 1674 4391 PHERBUTIE
1747 4327 1934 4392 EJUS
1995 4329 2337 4392 SORORIS
2399 4331 2746 4404 EJUSQUE
2811 4326 3199 4391 ANClLLAE.

954 4479 1121 4545 (Anno
1152 4479 1265 4531 510.
1290 4507 1350 4519 —-
1371 4479 1516 4544 Apud
1540 4480 1744 4531 Surium
1775 4479 1996 4530 adediern
2021 4480 2052 4531 ὅ
2085 4478 2291 4544 Aprilis.
2323 4480 2496 4533 Graece
2518 4481 2815 4530 non-exstat
2843 4477 2896 4528 in
2933 4476 3076 4527 codd.
3111 4473 3296 4538 Paris.)

565 4736 606 4786 l.
640 4731 903 4800 Tempore
932 4737 1134 4785 nostra:
1167 4727 1586 4800 persecutionis,
1615 4741 1810 4798 regina
1848 4737 2070 4797 repente
2105 4729 2526 4794 nconstitutus.
2561 4726 2695 4783 Cum
2722 4731 2901 4781 autem
2927 4728 3114 4778 sancta
3141 4717 3378 4775 Therme
3399 4729 3522 4772 cum
3552 4713 3771 4772 duabus

492 4827 546 4880 in
587 4823 832 4878 morbum
886 4822 1112 4888 incidit;
1170 4837 1289 4892 qua:
1335 4836 1459 4875 cum
1517 4819 1827 4875 Judazorum
1891 4821 2074 4876 crucis

493 4915 831 4972 inimicorum
857 4922 1003 4970 esset
1025 4913 1291 4978 studiosa,
1346 4927 1546 4980 eosque
1578 4912 1808 4965 libenter
1836 4911 2071 4976 audiret,

491 5014 841 5062 accesserunt
867 5005 933 5057 ad
965 5019 1085 5058 eam
1115 5011 1276 5072 atque
1318 5001 1591 5066 dixerunt,
1645 4999 1922 5054 Simeonis
1954 5001 2074 5067 epi-

492 5099 666 5166 scopi.
701 5107 1058 5166 cognomento
1113 5096 1432 5165 Jomhapha:
1489 5110 1727 5160 sorores,
1782 5103 1841 5148 ut
1888 5093 2074 5149 fratris

492 5189 1122 5253 necemuleiscerentur,
1156 5204 1418 5242 venenum
1471 5188 1596 5256 ipsi,
1649 5202 1762 5257 quo
1805 5186 2072 5251 interiret,

496 5286 805 5341 miscuisse.
839 5282 992 5349 Quod
1023 5299 1145 5337 cum
1177 5283 1244 5337 ad
1295 5281 1440 5350 regis
1498 5295 1659 5334 aures
1717 5277 2080 5348 pervenisset,

495 5387 685 5432 sancta
711 5376 948 5430 Thernte
981 5373 1163 5428 statim
1196 5388 1316 5426 cum
1354 5387 1540 5426 sorore
1588 5380 1643 5424 et
1704 5368 1899 5423 ancilia
1929 5383 2082 5422 com-

496 5471 764 5539 prehensa
809 5477 911 5528 est.
941 5467 1071 5522 Erat
1101 5475 1280 5521 autem
1306 5467 1420 5521 haec
1449 5465 1602 5533 virgo
1633 5464 1815 5518 sacris
1839 5462 1891 5516 iu
1921 5461 2081 5516 rebus

499 5563 792 5617 exercitata
823 5579 837 5615 :
871 5563 980 5616 into
1009 5577 1138 5618 vero
1167 5575 1356 5616 omnes
1410 5568 1567 5612 erant
1604 5559 1656 5610 in
1707 5555 1836 5610 Jesu
1874 5554 2077 5609 Christi

500 5655 606 5710 ﬁde
638 5655 843 5724 optime
871 5653 1156 5709 institutae.
1189 5653 1381 5706 llabita
1405 5651 1472 5706 de
1499 5650 1604 5704 illis
1631 5648 1856 5718 quaestio
1890 5645 1989 5700 fuit
2022 5646 2072 5700 in

503 5746 727 5815 palatio.
764 5746 977 5817 Maupta
1011 5749 1157 5804 enim
1187 5747 1465 5818 Magorum
1503 5744 1757 5814 princeps
1789 5756 1912 5796 cum
1940 5739 2078 5794 duo-

506 5842 605 5896 bus
665 5838 784 5898 aliis
836 5839 1171 5912 principibus
1235 5838 1376 5910 regis
1407 5837 1662 5894 mandato
1702 5835 1864 5905 inde:
1904 5832 2080 5889 fuerat

2185 4820 2414 4890 reliquis
2443 4820 2500 4872 in
2543 4817 2807 4886 judicium
2835 4823 2987 4870 esset
3018 4811 3274 4874 adducta,
3305 4814 3588 4878 perspecta
3618 4801 3770 4875 judi-

2183 4929 2275 4970 ces
2310 4911 2706 4982 pulchritudine
2741 4909 2912 4976 ipsius
2935 4909 3076 4975 (erat
3102 4904 3244 4960 enim
3279 4902 3450 4955 forma
3475 4897 3771 4954 admodum

2182 5001 2434 5076 venusta)
2474 5003 2717 5073 improbo
2746 5001 2940 5071 singuli
2988 5011 3176 5053 amore
3209 4995 3560 5049 vehementer
3601 5005 3768 5045 exaro

2184 5105 2376 5152 serunt
2416 5113 2430 5150 :
2462 5109 2620 5149 nemo
2645 5103 2828 5149 tamen
2863 5091 2984 5146 aliis
3012 5103 3125 5143 rem
3149 5086 3430 5142 indicavit.
3461 5084 3554 5140 Sic
3595 5082 3765 5152 igitur

2189 5191 2307 5246 illas
2339 5199 2466 5245 sunt
2495 5189 2740 5242 allocuti.

2264 5281 2325 5337 ιι.
2359 5281 2470 5336 Cur
2495 5281 2645 5337 orbis
2683 5291 2952 5332 terrarum
2984 5275 3182 5344 regina:
3211 5289 3278 5328 ac
3305 5272 3542 5327 dominae
3568 5270 3772 5325 venefi-

2181 5377 2322 5433 cium
2358 5370 2642 5445 parastis?
2692 5370 2812 5435 Quo
2865 5368 3079 5436 quidem
3121 5365 3350 5420 crimine
3409 5364 3585 5430 dignae
3636 5360 3774 5416 estis

2185 5468 2376 5522 mortis
2401 5463 2690 5535 supplicio.
2729 5460 2829 5516 llic
2860 5471 3064 5516 sancta.
3103 5457 3344 5513 Thermo
3378 5455 3716 5526 respondens
3751 5470 3766 5507 :

2181 5559 2294 5616 Cur
2319 5571 2437 5616 nos.
2473 5556 2666 5623 inquit,
2700 5553 2752 5607 in
2787 5553 2996 5607 crimen
3033 5551 3261 5610 vocatis,
3295 5548 3434 5616 quod
3481 5562 3508 5599 a
3537 5545 3770 5600 veritate

2186 5646 2343 5702 abest
2377 5659 2539 5712 quam
2576 5638 2932 5711 longissime?
2961 5637 3072 5693 Cur
3096 5639 3252 5693 nobis
3283 5635 3582 5689 calumnias
3604 5634 3771 5688 struiu

2188 5739 2300 5796 tis?
2329 5735 2386 5791 Si
2421 5734 2741 5805 sanguinem
2797 5739 3041 5786 nostrum
3089 5731 3272 5795 sititis,
3323 5729 3448 5797 quid
3481 5727 3632 5781 vobis
3665 5727 3769 5778 im-

2189 5829 2633 5901 peditneutoest,
2669 5823 2960 5894 quominus
2991 5820 3139 5878 illum
3168 5818 3411 5877 bibatis?
3443 5815 3498 5872 Si
3535 5824 3777 5871 mortem.
