2054 3220
8 3202 146 3219 πρε-ν.
154 3215 157 3217 ,
171 3217 174 3220 _

185 212 228 248 τί)
683 207 776 240 VITA
796 208 825 237 S.
845 205 1020 237 THERMIE
1036 205 1085 235 ET
1106 202 1321 235 SOCIARUM.
1786 199 1823 231 90

184 275 309 302 nostram
323 265 437 303 optatis,
452 271 518 293 ecce
532 270 630 291 manus
644 267 742 290 vestrae
758 260 881 296 quotidie
901 260 982 288 ctedi-
994 259 1020 289 A
1033 268 1048 289 e
1064 265 1135 289 terra
1154 260 1288 288 tollendas
1304 257 1525 294 pronuntiarem,
1542 258 1612 291 quod
1625 258 1726 291 regina:
1740 257 1823 291 phar-

184 321 240 348 bns
254 314 487 350 minquinantur:
504 315 530 338 et
550 318 600 338 nos
610 313 722 344 propter
743 308 827 335 Deum
857 311 980 333 nostrum

187 363 328 392 malumus
347 358 428 391 mori,
453 357 536 392 quam
554 356 642 391 ipsunt
670 354 823 387 abuegare:
841 356 885 380 est
908 351 981 378 enim

185 412 246 440 vita
262 414 367 437 nostra.
394 406 427 433 Et
457 401 688 439 quemadmodum
716 396 848 433 scriptum
871 401 924 427 est,
952 400 982 423 ιιι

186 463 277 485 unum
291 454 375 481 Deum
392 451 549 480 adoremus,
564 453 590 474 et
605 446 642 473 illi
658 445 708 473 soli
732 443 885 471 serviamus
905 442 924 474 ',
944 442 983 469 sic

187 501 274 530 etiam
289 498 415 526 facimus.
433 495 465 522 Et
474 501 535 521 cum
551 492 612 519 alibi
626 490 755 524 scriptum
772 489 807 516 sit
824 496 830 514 :
852 497 861 513 ι
884 487 985 514 Maleli-

188 555 240 576 (οε
255 553 309 574 non
333 544 406 571 sines
431 541 521 568 vivere
534 540 544 554 '
557 560 565 570 ,
585 547 595 564 ι
610 535 744 572 quomodo
774 542 824 561 nos
844 532 983 564 maleﬁcae,

189 601 255 630 qua
270 591 362 620 scelus
375 589 402 616 id
431 587 541 623 gravius
555 591 637 620 prope
653 582 699 609 Dei
719 580 899 615 abnegatione
913 579 984 612 judi-

191 625 312 668 camus?
329 636 443 670 Utrique
462 632 586 668 profecto
612 628 720 657 crimini
750 635 822 654 mors
847 625 985 660 proposita

190 690 249 715 est.
264 683 420 711 Audiebaut
438 679 546 714 judices
560 677 693 712 virginem
722 682 783 702 cum
798 673 936 707 voluptate
960 675 988 698 et

192 740 254 770 pra
270 727 484 768 pulchritudinis
494 731 577 760 atque
590 723 730 758 sapientim
754 722 839 757 ipsius
867 719 987 747 admira-

193 765 280 807 tione-
290 775 363 810 loqui
387 781 442 802 non
454 776 594 808 poterant.
609 770 662 797 Sed
679 768 795 803 quisque
813 773 904 793 secum
931 765 988 799 ipse

193 823 239 851 sic
250 820 391 856 cogitabat
412 827 420 846 :
434 817 536 852 Regem
551 815 695 845 hortabor,
715 818 744 839 ut
759 812 818 839 illas
834 811 941 842 liberet,
962 814 989 836 et

193 869 272 897 hanc
298 866 364 894 milii
383 871 496 891 uxorem
526 862 635 889 ducatu.
658 859 782 892 Mauptas
810 863 898 884 autem
916 865 922 883 :
939 855 989 882 Vix

193 914 309 943 tandem
327 915 414 950 recte,
431 909 531 943 inquit,
549 905 654 938 dixisti,
666 905 745 932 vobis
759 912 813 931 non
829 903 913 930 licere
931 909 991 929 esse

195 958 334 989 maleﬁcia
348 966 356 990 ;
369 962 464 983 verum
479 953 609 980 fraterna:
623 952 718 978 mortis
732 950 894 977 ulciscendae
908 955 990 975 causa

196 1005 228 1034 ω
249 1003 440 1040 perpetrastis.
464 1000 506 1026 Ad
522 1000 580 1026 haec
599 998 674 1032 virgo
695 1000 789 1023 sancta
823 994 965 1029 respondit
983 1002 989 1020 ε

198 1052 273 1086 Quid
292 1049 356 1078 msli
384 1047 462 1076 l'ratri
494 1050 590 1073 nostro
618 1044 727 1075 accidit,
754 1047 785 1069 ut
812 1049 860 1069 nos
884 1047 994 1075 propter

198 1098 293 1134 ipsum
306 1103 322 1123 ι
337 1095 393 1123 Deo
406 1093 514 1121 vivente
536 1091 620 1118 vitatu
650 1094 769 1116 nostram
788 1088 929 1121 seiungere
947 1087 994 1113 de-

200 1141 341 1172 beamus!
356 1139 486 1174 Quamvis
499 1137 573 1165 enim
587 1143 635 1163 vos
658 1135 731 1162 illum
753 1133 928 1167 improbitate
948 1138 995 1158 ve-

201 1195 263 1219 stra
280 1193 309 1217 et
332 1187 505 1216 aemulatione
531 1182 737 1213 interiecerilis,
766 1185 854 1206 tamen
878 1179 952 1211 vivit,
970 1181 997 1205 et

201 1236 306 1273 gaudet
316 1235 344 1262 in
354 1239 437 1268 regno
448 1230 552 1259 caelesti
570 1238 577 1257 :
595 1228 665 1263 quod
676 1227 785 1262 quidem
805 1233 929 1259 regnum,
948 1231 997 1257 po-

202 1283 320 1311 untiam
333 1279 518 1313 etimperium
536 1280 656 1302 vestrum
671 1278 785 1300 evertet.
801 1271 865 1304 Qua-
883 1271 925 1297 illa
936 1277 996 1296 cum

203 1329 324 1361 diceret,
336 1326 480 1362 jusserunt
498 1329 545 1350 eas
561 1322 587 1349 in
608 1327 748 1348 carcerem
766 1318 838 1350 duci,
861 1321 888 1344 et
911 1322 1000 1344 custo-

203 1375 270 1404 diri.

241 1419 291 1448 Ill.
303 1417 428 1447 Dilucqu
443 1420 533 1444 autem
559 1414 635 1442 misit
650 1413 683 1440 ad
703 1419 763 1440 eam
782 1411 904 1445 Mattptas
932 1416 1002 1435 nun-

207 1467 291 1500 tium,
310 1465 357 1501 qui
373 1464 498 1492 diceret:
515 1461 543 1490 Si
564 1462 615 1492 vis,
635 1460 719 1487 orabo
734 1466 837 1492 regem,
857 1462 886 1483 ιιι
907 1456 1001 1483 liberet

205 1521 261 1542 τοι
272 1521 289 1541 ι
306 1517 403 1544 morte,
420 1515 448 1538 et
458 1509 514 1537 eris
529 1508 595 1535 mihi
614 1514 692 1533 uxor.
705 1505 808 1538 Quibus
820 1503 911 1530 verbis
924 1502 1001 1528 audi-

208 1561 258 1594 tis,
273 1567 386 1588 strenua
406 1558 494 1593 virgo,
518 1555 569 1583 etsi
582 1562 636 1582 non
649 1553 736 1587 potuit
754 1560 807 1579 non
826 1549 1002 1580 commoveri,

1034 313 1109 334 maca
1125 309 1334 341 prmparassent,
1355 304 1453 339 quibus
1471 304 1607 330 interiret.
1624 302 1721 330 Statim
1742 303 1825 337 igitur

1034 361 1082 381 ιιι-ι
1095 353 1165 380 hanc
1177 352 1203 379 itt
1221 359 1268 378 eas
1279 352 1443 378 sententiam
1458 349 1530 379 tulit.
1549 353 1578 375 ut
1592 356 1645 382 qtto
1666 348 1761 375 mortis
1775 354 1824 380 ge-

1035 407 1101 426 nere
1117 397 1187 432 magi
1202 397 1299 424 vellent
1315 396 1497 423 adicerentur.
1516 394 1658 428 Negahant
1682 394 1754 421 enim
1776 393 1827 420 to—

1035 445 1122 479 mines
1141 443 1214 477 impii
1240 448 1320 476 atque
1348 442 1458 475 impuri,
1488 440 1544 467 ﬁeri
1566 447 1656 472 posse,
1679 444 1707 464 ιιι
1734 438 1825 472 regina

1036 489 1250 520 convalesceret,
1267 488 1318 515 nisi
1333 488 1467 521 virginum
1487 494 1600 520 corpora
1618 486 1685 511 duas
1698 486 1722 510 in
1736 489 1826 517 partes

1036 536 1073 563 ita
1090 536 1303 565 disseCaretttttr,
1331 537 1359 559 ιιι
1387 532 1479 566 regina
1510 539 1556 565 per
1582 531 1700 556 mcdiuut
1720 529 1825 555 illarum

1038 582 1189 610 incederet.
1207 579 1261 607 Sed
1278 579 1400 612 Mauptas
1419 585 1525 608 rursus,
1535 584 1594 602 cttm
1613 576 1645 600 ad
1666 574 1826 608 supplicium

1038 629 1212 658 ducerentur,
1226 626 1258 653 ad
1278 630 1399 652 sanctam
1419 624 1503 655 misit,
1520 622 1564 655 qui
1583 622 1696 653 diceret,
1711 621 1732 645 si
1749 619 1828 645 veiiet

1039 674 1089 702 sibi
1111 673 1236 706 obsequi,
1262 676 1433 700 curaturum,
1452 674 1479 695 ιιι
1496 676 1543 695 nec
1562 668 1629 700 ipsa,
1649 674 1697 692 nec
1719 665 1829 698 reliqua:

1040 720 1134 755 puella:
1153 718 1380 745 interficerentur.
1396 716 1430 742 At
1443 715 1517 749 virgo
1528 718 1632 742 sancta,
1652 712 1723 738 clara
1741 718 1805 737 voce
1823 719 1829 736 :

1040 766 1131 797 Cattis,
1143 764 1242 798 inquit,
1260 762 1408 791 immttnde.
1422 769 1470 787 cur
1488 760 1545 786 haec
1559 758 1689 792 loqueris,
1707 764 1765 790 qmc
1781 763 1831 790 ego

1041 813 1133 839 audire
1150 819 1203 837 non
1219 817 1325 844 possunt
1338 809 1349 834 ?
1364 808 1402 835 Ad
1414 808 1493 834 {idem
1513 807 1584 832 enim
1601 804 1681 838 hujus
1696 805 1755 828 vita),
1771 809 1832 835 pe:-

1042 859 1136 886 venire
1152 858 1243 892 cupio,
1265 860 1290 882 ttt
1304 860 1434 889 perpetuo
1454 853 1553 879 vivant.
1579 851 1670 881 Absit,
1702 854 1730 874 ttt
1750 848 1834 875 cadu-

1044 913 1102 932 cam
1129 905 1199 931 hanc
1219 903 1283 930 milii
1298 902 1380 928 vitam
1395 907 1499 935 parem,
1531 905 1583 932 qua
1612 901 1700 923 morte
1725 901 1833 928 peream

1044 952 1221 986 sempiterna.

1083 999 1115 1026 ν.
1134 998 1293 1024 liduxerttnt
1309 995 1392 1030 igitur
1410 994 1470 1020 illas
1488 996 1563 1018 extra
1578 990 1728 1020 civitatem,
1746 992 1771 1013 ct
1787 993 1835 1020 pro

1045 1052 1209 1079 unaquaque
1224 1043 1344 1077 ipsarum
1366 1041 1444 1067 binos
1462 1039 1538 1072 palos
1565 1038 1600 1064 ita
1622 1036 1786 1065 dctixcrunt,
1808 1038 1837 1059 ut

1046 1091 1092 1118 ttni
1108 1097 1200 1116 eorum
1219 1088 1329 1117 collum,
1344 1086 1420 1112 alteri
1440 1086 1521 1119 pedes
1540 1091 1634 1110 eorum
1661 1081 1803 1115 alligarent
1828 1087 1835 1105 :

1047 1142 1074 1165 et
1088 1127 1147 1164 cum
1158 1143 1205 1162 eas
1226 1135 1265 1161 sic
1278 1134 1476 1163 extendissent,
1493 1135 1631 1162 assumpta
1646 1136 1719 1155 serra
1736 1125 1837 1157 fabrili,

1048 1182 1170 1216 singulas
1186 1181 1212 1206 itt
1237 1179 1314 1206 binas
1331 1182 1422 1213 partes
1437 1177 1636 1203 dissecueruut.
1653 1173 1686 1199 Et
1704 1177 1778 1198 terna
1805 1171 1839 1196 li-

1050 1236 1100 1263 gua
1119 1234 1230 1261 procera
1245 1226 1271 1251 itt
1284 1232 1336 1251 una
1355 1229 1432 1258 parte
1449 1222 1508 1254 viae,
1526 1226 1603 1248 terna
1626 1220 1651 1245 in
1667 1220 1750 1244 altera
1775 1224 1839 1242 con-

1050 1275 1210 1304 stituerunt,
1244 1271 1352 1303 illisque
1381 1272 1535 1295 sant-tarum
1566 1265 1700 1298 virginum
1726 1269 1839 1295 corpora

1051 1318 1262 1353 Suspenderunt.
1281 1314 1499 1349 Ospectaculum
1516 1311 1679 1340 horrendum
1701 1316 1731 1335 ac
1757 1307 1839 1334 mise-

1053 1366 1149 1397 rabile,
1171 1363 1354 1399 spectaculum
1370 1360 1508 1395 lacryutis,
1521 1359 1605 1388 luctu,
1626 1362 1735 1389 stupore
1752 1358 1777 1379 et
1795 1360 1841 1386 gca

1053 1412 1119 1439 mittt
1144 1409 1375 1446 prosequendum.
1402 1406 1429 1432 Si
1445 1405 1506 1440 quis
1528 1405 1661 1438 lacrymas
1678 1408 1729 1426 non
1747 1400 1840 1428 habet,

1054 1457 1176 1488 accedat,
1192 1461 1218 1482 et
1235 1456 1381 1487 erumpent
1392 1460 1424 1478 cx
1437 1450 1523 1477 oculis
1535 1449 1593 1482 t-jus
1609 1447 1696 1473 fontes
1710 1445 1844 1477 lacryma—

1055 1513 1125 1533 runt.
1139 1504 1208 1530 Ecce
1223 1509 1335 1535 corpora
1360 1498 1474 1526 candida
1500 1501 1526 1522 ct
1546 1500 1639 1522 sancta
1659 1498 1788 1526 tropautnt
1815 1490 1842 1515 in

1056 1553 1097 1578 via
1113 1550 1326 1577 constituerunt,
1354 1547 1380 1572 in
1399 1544 1496 1579 quibus
1525 1542 1576 1567 iiite
1601 1539 1673 1567 omni
1699 1538 1759 1563 vitze
1788 1542 1844 1561 sua:

209 1582 258 1594 ...η
273 1582 386 1588 -......--
650 1582 654 1587 ,

209 1614 304 1637 tamen
317 1607 354 1634 ita
370 1603 532 1639 respondit:
550 1601 588 1629 Os
609 1606 685 1628 tttutn
703 1600 826 1630 obstrue,
853 1596 930 1623 canis
953 1595 988 1621 im
1018 1608 1040 1637 ο
1058 1603 1177 1631 tempore
1201 1594 1362 1628 gravitatem
1386 1596 1413 1618 et
1430 1589 1611 1623 virginitatem
1629 1585 1780 1613 coluerunt.
1801 1582 1846 1608 Li-

1685 1638 1688 1639 ν
1719 1637 1735 1639 7.
1753 1637 1773 1639 η»
1782 1636 1792 1639 ,μ
1806 1628 1828 1639 1,.

210 1654 326 1686 nnnde.
342 1651 451 1680 inimice
463 1650 522 1680 Dei.
535 1653 565 1676 et
579 1647 668 1675 omnis
681 1645 804 1673 veritatis
818 1652 826 1676 ;
843 1650 894 1670 nec
905 1642 1005 1669 audeas

212 1701 335 1737 amplius
350 1698 462 1726 verbum
474 1698 609 1731 impurum
623 1693 762 1721 eii'undere
778 1692 804 1717 in
823 1697 904 1722 aures
920 1695 1004 1715 meas.

210 1747 312 1782 Neque
329 1746 402 1774 enim
416 1745 470 1772 ista
490 1742 624 1778 cogitatio
640 1739 712 1768 cadit
727 1739 754 1765 in
772 1742 888 1764 tuentem
907 1743 1005 1762 meam.

211 1795 308 1824 Absit.
321 1792 412 1821 Semel
424 1792 497 1820 enim
515 1787 602 1817 dicata
615 1796 673 1815 sum
690 1786 800 1814 Christo
826 1783 949 1813 Domino,
964 1781 1006 1808 ctti

212 1841 404 1879 virginitatem
431 1845 519 1866 meam
547 1842 637 1868 servo,
663 1839 690 1861 et
709 1833 788 1859 tidem
814 1838 846 1857 ac
867 1832 1007 1855 t'cr'tlatctn

214 1874 292 1916 tueri
310 1886 427 1918 studeo;
444 1884 518 1912 solus
532 1882 605 1909 enim
627 1884 669 1907 est
685 1879 744 1906 sine
763 1880 884 1912 peccatu,
898 1879 926 1902 et
943 1874 1009 1900 libe-

215 1941 282 1963 nare
299 1940 344 1961 me
358 1935 446 1968 potest
461 1930 495 1957 ab
511 1927 659 1956 immundis
684 1925 820 1954 manibus,
848 1927 875 1948 et
898 1920 1009 1955 impuuis

215 1967 430 2017 cogitationibus
445 1975 554 2004 vestris.
572 1973 639 2000 Mori
657 1979 709 1999 non
736 1971 830 2001 timeo,
855 1976 905 1995 nec
926 1967 1008 1994 ullum

214 2026 303 2055 cedis
312 2031 398 2059 genus
415 2020 577 2049 reformido.
594 2018 657 2046 "anc
671 2017 743 2044 enim
761 2016 817 2047 via,
840 2021 919 2048 qttant
944 2011 1009 2038 mihi

217 2069 374 2101 adornatis,
387 2075 430 2096 me
442 2067 523 2094 ducet
539 2066 572 2092 ad
588 2063 777 2091 charissitnutn
794 2060 906 2087 fratrem
920 2066 1010 2086 meum

218 2119 392 2148 Simeonem,
408 2119 437 2141 ttt
449 2113 574 2141 dolorum
592 2115 620 2137 et
632 2110 794 2145 getnituum,
808 2114 874 2141 quos
888 2110 946 2140 post
962 2112 1012 2131 ne-

217 2173 280 2193 cem
294 2163 383 2198 ipsius
394 2160 504 2196 pertulit
519 2158 609 2185 anima
622 2163 694 2187 mea,
706 2154 833 2182 solatium
849 2156 876 2178 et
888 2151 1012 2178 consola—

219 2210 324 2238 tionem
342 2206 490 2241 accipiam.
507 2203 638 2230 Miserum
664 2200 758 2227 itident
783 2198 817 2224 ad
840 2204 899 2224 eain
916 2195 1011 2227 reliqui

219 2256 277 2283 duo
293 2253 429 2288 principes
450 2249 560 2277 nuntios
577 2256 584 2274 :
600 2254 670 2282 quos
684 2245 728 2272 illa
747 2243 850 2279 pariter
866 2250 926 2270 cum
940 2241 1011 2268 indi-

218 2300 352 2336 gnatione
367 2296 471 2332 rejeeit.
493 2294 677 2328 Quamobrem
693 2298 757 2318 cum
773 2297 802 2317 se
819 2289 907 2316 victos
923 2289 956 2315 ab
969 2287 1013 2314 illa
1031 2283 1057 2310 Β.

221 2345 423 2382 perspicerent,
449 2346 478 2370 et
506 2339 683 2375 cupiditatem
714 2344 790 2364 suam
820 2335 929 2362 inanem
955 2340 1016 2361 esse

220 2391 487 2422 anilitadverterent,
504 2386 648 2415 consilium
664 2385 795 2414 inierunt,
814 2386 841 2409 et
858 2381 956 2408 falsum
975 2384 1017 2406 at-

220 2446 276 2474 que
291 2437 414 2471 ittiqutttn
434 2435 467 2462 ad
482 2441 572 2467 regem
589 2430 773 2460 testimonium
787 2427 953 2458 detulerunt,
969 2432 1016 2453 eas

220 2495 286 2517 esse
298 2485 452 2516 maleﬁcas,
461 2485 628 2510 asserentes.

258 2531 307 2560 Ν.
323 2531 383 2564 Quo
399 2536 445 2557 rex
463 2527 567 2558 audito,
587 2523 718 2554 decrevit,
734 2526 764 2548 ut
781 2521 832 2548 nisi
847 2520 903 2547 Soli
919 2519 1016 2545 immo-

222 2579 328 2610 luent,
349 2574 550 2604 occiderentur.
568 2571 645 2604 Quod
669 2568 779 2604 quidem
796 2567 935 2593 decretum
954 2571 1015 2591 cum

223 2625 259 2653 ul
274 2631 322 2652 cas
341 2622 474 2658 perlatum
493 2624 575 2651 esset,
596 2616 803 2651 responderunt.
817 2620 846 2640 se
860 2612 942 2639 Deum
954 2610 1014 2638 caeli

222 2679 257 2700 ac
272 2675 355 2699 term
368 2668 526 2697 eﬂ‘ectorem
541 2665 673 2696 adorare;
691 2660 764 2689 nolle
778 2664 867 2686 autem
883 2659 1014 2685 honorem

223 2716 426 2748 DeOdebitum,
440 2713 498 2741 Soli
509 2712 544 2739 ab
563 2712 620 2745 ipso
638 2711 783 2745 procreato
804 2706 925 2732 tribuere
943 2712 949 2730 :
970 2710 1019 2730 nec

224 2763 290 2791 ullis
309 2761 391 2789 minis
405 2766 487 2796 posse
503 2765 518 2785 a
533 2757 666 2785 charitate
684 2752 834 2781 Salvatoris
855 2754 883 2777 ct
909 2749 1015 2777 Domini

225 2808 273 2839 sui
285 2808 351 2837 Iesu
366 2805 468 2835 Christi
484 2803 618 2833 revocari.
635 2801 701 2835 Quae
714 2807 776 2827 cum
797 2798 932 2825 dixissent
957 2803 1021 2823 san-

207 2861 279 2886 ,cta
293 2854 425 2891 virgines,
441 2858 496 2880 uno
521 2850 592 2886 magi
611 2854 748 2876 consensu
779 2850 930 2879 magnaque
954 2849 1022 2869 voce

262 2942 275 2958 ι
285 2941 367 2970 Deut.
382 2947 421 2975 vt,
437 2947 466 2968 ι.

507 2938 518 2954 ¹
533 2935 620 2966 Exod.
632 2942 725 2970 xxvnt,
741 2933 783 2962 1.8.
808 2933 833 2974 ”
848 2931 919 2960 l’sai.
937 2937 1029 2963 cxxttt,
1042 2930 1069 2957 4.

1058 1644 1150 1671 bcrtas
1164 1642 1190 1668 in
1208 1639 1384 1674 ignominiam
1405 1644 1482 1662 versa
1498 1640 1537 1661 est
1557 1640 1661 1663 earum,
1679 1637 1738 1663 qua:
1752 1628 1846 1654 mode-

1057 1690 1136 1716 stiam
1149 1693 1175 1715 ct
1188 1689 1344 1721 aequitatem
1365 1685 1390 1710 in
1405 1683 1515 1717 proprio
1533 1680 1651 1706 thalamo
1668 1677 1844 1703 exercebant.

1059 1735 1128 1762 Ecce
1143 1734 1225 1767 gloria
1240 1736 1342 1759 mutata
1373 1734 1414 1756 est
1436 1731 1461 1755 in
1489 1725 1695 1754 contumeliam.
1721 1721 1846 1754 Qttatttliu

1059 1782 1180 1816 quiesect
1192 1785 1217 1806 et
1232 1775 1401 1811 exspectabit
1417 1774 1508 1801 divina
1525 1770 1651 1807 iustitia?
1670 1769 1721 1796 Sed
1737 1775 1796 1795 cum
1815 1767 1848 1792 ad

1057 1828 1232 1864 judicandttm
1262 1826 1400 1856 exsurget,
1434 1827 1487 1847 non
1517 1823 1610 1853 parcet
1641 1815 1768 1848 amplius,
1799 1820 1849 1839 nec

1061 1872 1245 1902 miserebitur.
1266 1870 1352 1902 Quam
1373 1867 1456 1893 ntttlta
1472 1866 1551 1892 audet
1571 1863 1696 1897 superbia
1713 1867 1790 1894 :quac
1808 1863 1850 1884 ta-

1061 1927 1123 1947 men
1142 1925 1202 1943 cutn
1218 1914 1360 1944 ceciderit,
1376 1919 1425 1939 nec
1441 1913 1597 1942 consurget,
1612 1915 1661 1933 nec
1681 1905 1789 1933 habebit
1805 1903 1850 1930 ttbi

1063 1963 1205 1992 consistat.
1232 1960 1294 1986 iltec
1308 1958 1430 1993 profecto
1459 1960 1614 1983 sanctarum
1644 1953 1714 1986 ligna
1749 1952 1852 1977 fructus

1059 2010 1173 2043 jttstitiaa
1186 2007 1286 2033 ferunt.
1305 2004 1374 2031 Vere
1389 2004 1432 2030 isti
1449 2007 1511 2028 sunt
1527 2004 1544 2027 Α
1552 2000 1632 2026 rubiae
1647 1999 1698 2032 lupi
1717 1996 1852 2024 trudclcs,

1063 2057 1242 2086 bibt-utcsque
1255 2050 1426 2084 sanguinem,
1444 2049 1489 2082 qui
1507 2047 1626 2077 virgines
1641 2045 1690 2070 has
1704 2044 1853 2069 secuerunt

1063 2110 1095 2129 ac
1109 2099 1319 2135 suspenderunt.
1331 2095 1369 2122 De
1382 2095 1448 2129 ipsis
1465 2092 1599 2126 cogitabat
1614 2091 1708 2116 beatus
1719 2087 1854 2120 Propheta

1063 2157 1124 2176 ctttn
1137 2147 1239 2174 diceret
1257 2154 1264 2172 :
1282 2153 1291 2169 ι
1312 2142 1441 2169 Viventes
1458 2140 1550 2172 utique
1566 2135 1770 2162 absorbuisscnt
1789 2139 1849 2158 nos.

1066 2196 1133 2222 Cum
1151 2194 1315 2220 irasceretur
1332 2188 1407 2215 furor
1424 2193 1517 2213 eorum
1540 2184 1567 2210 in
1593 2191 1652 2214 nos,
1668 2182 1792 2207 viventes
1823 2177 1857 2203 ad

1067 2241 1169 2269 inferos
1183 2238 1341 2265 deduxisset
1357 2242 1406 2261 nos
1422 2234 1443 2260 '.
1463 2242 1472 2258 ι
1491 2231 1556 2264 Quis
1578 2233 1632 2255 tam
1650 2226 1774 2255 horribili
1792 2223 1858 2251 iaci-

1069 2295 1135 2316 nore
1149 2285 1234 2312 laetari
1254 2282 1361 2316 potuit?
1383 2280 1450 2313 Quis
1466 2282 1520 2304 tam
1537 2276 1656 2303 immane
1669 2272 1856 2307 spectaculum

1066 2334 1125 2361 sine
1144 2331 1273 2366 lacryntis
1296 2327 1416 2355 intueri?
1432 2325 1516 2352 Nemo
1533 2322 1665 2356 profecto.
1685 2321 1736 2347 Aut
1760 2319 1782 2345 si
1796 2317 1858 2351 quis

1066 2380 1164 2415 potuit,
1181 2378 1203 2405 is
1218 2378 1251 2403 ab
1265 2375 1383 2403 hominis
1397 2375 1496 2399 natura
1513 2374 1554 2398 est
1565 2369 1682 2400 alienus,
1699 2373 1749 2393 nec
1763 2372 1796 2391 ex
1813 2370 1859 2398 ge-

1067 2436 1131 2457 nere
1143 2427 1226 2454 Atlam
1244 2425 1379 2456 profectus
1395 2425 1446 2447 est.

1102 2473 1146 2500 Vl.
1163 2471 1294 2498 Tulerunt
1320 2468 1401 2503 igitur
1420 2465 1566 2494 .ini‘elicem
1599 2461 1740 2495 Reginam,
1756 2466 1816 2493 quae
1832 2457 1862 2485 in

1071 2527 1102 2547 ea
1116 2519 1158 2545 via
1172 2525 1220 2552 per
1233 2520 1390 2543 sanctarum
1405 2519 1519 2545 corpora
1538 2508 1656 2539 transiit,
1672 2512 1769 2539 magna
1786 2504 1860 2531 illam

1072 2571 1178 2593 caterva
1197 2565 1387 2596 prosequente.
1406 2559 1460 2586 ltex
1476 2557 1548 2584 enim
1565 2556 1635 2582 diem
1647 2554 1721 2580 illum
1738 2550 1860 2579 celebra-

1070 2611 1125 2638 bat.
1153 2608 1283 2643 Martyrio
1307 2610 1436 2633 coronata
1458 2607 1499 2630 cst
1521 2605 1614 2628 sancta
1631 2599 1770 2628 Therme.
1798 2601 1860 2621 cum

1071 2662 1165 2684 sor0re
1179 2659 1207 2680 et
1219 2653 1329 2681 ancilla.
1346 2650 1431 2677 Nonis
1443 2648 1543 2683 Aprilis
1558 2648 1585 2674 in
1600 2645 1709 2673 Christo
1726 2642 1788 2670 Jestt
1807 2640 1862 2667 Do-

1070 2703 1144 2729 tnitto
1160 2706 1252 2727 nostro
1268 2707 1275 2731 ;
1294 2698 1336 2725 cui
1359 2697 1443 2731 gloria
1463 2702 1524 2721 cum
1541 2691 1714 2720 sanctissimo
1730 2688 1819 2717 Patre,
1833 2689 1861 2711 et

1071 2747 1267 2781 benignissimo
1298 2743 1382 2777 ipsius
1413 2740 1514 2775 Spiritu
1533 2739 1594 2764 vitae
1616 2737 1755 2769 largttore,
1775 2737 1858 2773 nunc,

1071 2799 1098 2823 ct
1111 2800 1229 2828 semper,
1245 2795 1271 2819 et
1299 2791 1325 2818 in
1339 2788 1438 2817 smcula
1451 2785 1624 2814 smculorum.
1639 2782 1735 2809 Amen.
