4108 6464
475 349 536 412 91
1784 379 2068 443 MENSIS
2101 385 2434 451 APRILIS.

692 516 2218 566 Ἦ

3060 565 3722 593 M

1187 706 1347 861 S.
1483 714 2445 880 CALLIOPII
2559 733 3018 892 VITA
3122 709 3130 720 ’

1593 1002 1746 1091 ΕΤ
1819 1006 2599 1110 MARTYRIUM.

997 1185 1196 1252 (Latine
1221 1193 1351 1254 apud
1374 1193 1574 1247 Surium
1595 1199 1656 1249 ad
1678 1201 1811 1251 diem
1836 1205 1864 1254 7
1898 1207 2105 1269 Aprilis.
2143 1213 2316 1264 Graace
2352 1216 2404 1267 in
2428 1217 2537 1268 cod.
2563 1217 2722 1272 Paris.
2750 1236 2850 1274 non
2873 1223 3198 1295 invenimus.)

536 1483 577 1537 l.
610 1481 865 1540 Thcoclia
921 1491 1115 1547 mulier
1134 1498 1379 1564 quaedam
1413 1503 1518 1569 pia,
1545 1519 1608 1560 ac
1637 1507 1832 1565 timens
1864 1510 2034 1568 Deum
2064 1517 2114 1577 Λ
2141 1517 2246 1573 lem
2271 1535 2335 1575 ae
2364 1522 2495 1580 deos
2526 1539 2736 1594 clunes,

458 1588 582 1625 cum
620 1585 728 1628 tota
759 1576 960 1633 familia
999 1599 1118 1650 sua,
1160 1587 1364 1645 multas
1396 1590 2041 1674 faciebatclecmosynas,

459 1673 515 1715 et
567 1674 754 1721 sancte
809 1670 1043 1729 vivebat.
1077 1675 1206 1734 Haec
1245 1681 1359 1737 viro
1407 1688 1588 1756 nupsit
1619 1695 1918 1761 senatorio,
1948 1700 2040 1768 qui

455 1757 638 1811 nullos
679 1776 744 1814 ex
776 1778 860 1829 ea,
893 1769 1148 1834 quoniam
1211 1785 1334 1830 erat
1365 1780 1590 1847 sterilis,
1632 1784 1834 1844 liberos
1861 1794 2040 1848 susci-

451 1848 681 1917 piebal:
726 1855 820 1911 Dei
875 1870 1057 1918 tamen
1118 1883 1346 1926 munere
1378 1876 1596 1931 tandem
1629 1885 1896 1950 concepit.
1932 1885 2037 1943 Sed

447 1955 570 1995 cum
609 1945 784 2003 adhuc
824 1960 1040 2007 uterum
1073 1971 1308 2028 gereret,
1349 1967 1576 2024 maritus
1605 1969 1720 2038 ejus
1751 1973 2039 2035 defunctus

447 2042 554 2085 est.
592 2034 961 2102 Quamobrem
991 2047 1042 2101 in
1077 2066 1269 2120 magna
1301 2058 1578 2125 epulcntia
1606 2034 1776 2119 tilium
1804 2073 2033 2138 peperit,

444 2133 495 2174 et
529 2125 845 2198 Calliopinm
871 2138 1180 2208 appellavit,
1200 2146 1292 2213 qui
1319 2149 1374 2202 in
1405 2153 1552 2206 onmi
1578 2125 1889 2216 divinarum
1917 2125 2033 2219 Lit:

444 2221 686 2271 tt-rarmn
739 2225 1008 2292 sapientia
1039 2232 1302 2292 educatus
1335 2249 1439 2294 est.
1475 2243 1606 2299 Erat
1631 2257 1812 2304 autem
1848 2247 2033 2326 Perga:

444 2304 485 2326 ﬂ
527 2324 551 2326 η
584 2325 589 2326 γ
618 2310 631 2326 1
695 2312 725 2326 ¹⁹
925 2321 936 2326 “
982 2323 991 2326 ⁸

1902 2304 2033 2326 --υτ

442 2304 776 2383 Pamphyliae
799 2321 1061 2383 patricius
1084 2342 1098 2391 ;
1120 2343 1308 2384 verum
1345 2347 1466 2389 cum
1492 2352 1558 2393 eo
1586 2349 1829 2409 tempore
1858 2350 2034 2405 conti-

440 2399 632 2468 gisset,
666 2415 722 2459 ut
753 2409 1072 2471 idololatriae
1103 2434 1260 2476 error
1283 2428 1514 2498 vigeret,
1561 2442 1616 2487 et
1673 2439 1876 2496 veritas
1902 2457 2032 2497 con-

440 2490 685 2563 deretur,
718 2509 772 2554 et
809 2506 963 2560 multi
990 2512 1374 2572 sacriﬁcarent
1407 2521 1591 2589 idolis,
1623 2539 1851 2588 sanctus
1899 2535 2030 2590 Cal-

436 2580 638 2650 iiopius
655 2591 1114 2668 assiduejejuniis
1141 2617 1193 2663 et
1221 2613 1630 2678 precationibus
1651 2620 2019 2685 incumbebat.

436 2672 592 2739 Quod
621 2696 742 2738 cum
765 2686 832 2740 ad
849 2690 1060 2758 judices
1079 2697 1314 2758 delatum
1335 2717 1503 2774 esset,
1530 2710 1687 2768 beata
1717 2728 1891 2774 mater
1907 2722 2027 2791 ejus

436 2766 512 2791 ’I‘I.
530 2787 547 2791 -
563 2788 579 2791 -
601 2774 659 2791 Δι’
929 2786 940 2791 “
989 2787 998 2791 ·

435 2766 692 2830 Theoclia
751 2786 1028 2842 consuluit
1064 2791 1196 2859 filio,
1238 2804 1297 2851 ut
1356 2802 1560 2860 vitandi
1608 2807 1798 2878 judicii
1832 2766 1996 2873 causa

433 2877 652 2934 aurum,
725 2877 1070 2950 vestimenta,
1131 2902 1428 2963 servosque
1471 2877 1732 2972 sumeret,
1781 2917 1836 2962 et
1871 2910 2019 2968 illinc

430 2959 737 3029 navigaret.
763 2967 1184 3046 Pompeiopolim
1235 2959 1401 3052 igitur
1433 2989 1638 3049 Ciliciae
1670 3013 1730 3054 se
1764 3005 2014 3076 contulit,

433 3051 523 3076 ..t.:
580 3068 695 3076 --μμ
759 3060 771 3076 ι
875 3065 885 3075 ’
1122 3072 1140 3076 -

1262 3051 1277 3052 κ
1709 3051 1725 3054 ν
1770 3051 2014 3076 νην-ἠν

429 3051 523 3104 uhi
575 3068 699 3110 cum
757 3060 954 3132 impius
1000 3072 1292 3138 praefectus
1343 3079 1612 3144 Maximus
1636 3089 2014 3171 Bacchanalia,

429 3150 477 3171 Δ.
506 3141 661 3171 Ιιιιιι-ιι-
724 3159 768 3171 ΔΑ
806 3154 844 3171 Α·

426 3150 482 3195 et
506 3141 684 3213 ludos,
719 3159 773 3204 et
796 3154 1052 3228 choreas,
1082 3173 1138 3219 et
1197 3171 1445 3228 convivia
1503 3177 1662 3237 idolis
1691 3147 2014 3257 celebraret:

426 3235 659 3257 ._,_,__,
720 3253 728 3257 η
887 3249 898 3257 ,
1061 3255 1071 3257 μ

1645 3235 1656 3237 _
1698 3235 2011 3257 -_--_._.-.,

425 3235 802 3298 admirabatur
849 3249 970 3317 pius
1007 3255 1346 3332 adolescens,
1395 3284 1644 3338 quamam
1687 3277 1776 3332 illa
1805 3293 2011 3344 essent.

425 3325 448 3344 ,
656 3335 668 3344 ,
754 3339 818 3344 __

423 3325 548 3433 Ipse
579 3335 724 3447 enim
744 3339 970 3410 jejuniis
1009 3364 1270 3421 perpetuo
1320 3325 1566 3422 vacabat.
1589 3371 1796 3431 Abillis
1825 3326 2010 3447 igitur:

423 3422 516 3484 qui
545 3424 806 3536 aderant:
835 3449 1188 3502 percontatus
1246 3460 1350 3516 est,
1384 3455 1510 3522 quid
1548 3422 1874 3522 illud—esset".

420 3525 544 3564 cum
573 3519 1009 3595 respondissent,
1033 3532 1256 3592 deorum
1271 3555 1394 3596 esse
1418 3546 1824 3611 celebritatem:
1855 3557 2006 3630 Veni,

420 3601 669 3630 l.....-:.___.
744 3627 776 3630 ν-
842 3628 849 3630 -
1190 3629 1195 3630 ⁷

418 3601 692 3678 inquiunt,
727 3627 782 3670 et
838 3628 912 3686 tu,
949 3630 1008 3676 ut
1041 3629 1278 3685 convivii
1315 3641 1588 3708 particeps
1614 3642 1733 3699 fias.
1768 3647 1837 3700 At
1868 3650 1955 3705 ille

419 3696 780 3773 Christianus,
823 3710 1012 3783 inquit,
1051 3735 1193 3784 sum,
1239 3735 1295 3779 et
1315 3696 1607 3788 Christum
1635 3737 1861 3808 jejuniis
1915 3761 2006 3802 ce-

418 3787 591 3859 it-hro,
622 3813 721 3854 nec
749 3817 870 3869 quae
915 3819 1044 3864 sum
1069 3810 1355 3884 ﬂagitiosis
1383 3833 1550 3893 atque
1585 3787 1814 3900 inip'uris
1844 3835 2007 3896 idolis

1142 3878 1168 3884 ν
1461 3878 1474 3893 ⁸
1529 3878 1543 3880 _
1585 3878 1637 3881 ---
1663 3878 1751 3900 ru.
1770 3878 1814 3888 --ι
1844 3878 2002 3896 uua-Illi

419 3878 696 3942 immolata
759 3891 888 3949 licet
937 3897 992 3953 in
1025 3915 1087 3957 os
1117 3918 1331 3974 eorum,
1360 3912 1450 3982 qui
1482 3915 1765 3977 Christum
1797 3925 2002 3995 colunt,

419 3967 567 3995 3..-..-
593 3974 624 3995 l!

485 4064 552 4120 ll.
597 4066 722 4125 Haac
751 4087 872 4129 cum
891 4080 958 4134 ad
988 4097 1150 4140 aures
1183 4092 1426 4157 prtefecti
1459 4107 1864 4176 pervenissent,
1887 4113 2003 4169 ira-

411 4159 608 4213 "umna
637 4163 850 4232 Plenus.
882 4169 1046 4236 iussit
1069 4193 1192 4234 eum
1215 4182 1491 4253 injudicio
1517 4194 1658 4253 sisti.
1692 4199 1844 4266 Quod
1872 4222 1997 4264 cum
2029 4221 2079 4286 ο

411 4258 552 4286 pacm
592 4249 792 4286 tum...“
825 4276 838 4286 .
873 4259 1048 4286 n____-
1079 4271 1093 4286 .
1174 4272 1184 4284 .
1311 4278 1322 4286 .
1378 4281 1423 4286 _-

410 4258 559 4302 esset
588 4249 792 4310 factum
825 4276 838 4313 :
870 4259 1114 4338 Ecquod,
1171 4272 1350 4345 inquit
1374 4281 1662 4353 Maximus,
1693 4308 1890 4353 nomen
1914 4313 2001 4363 est

412 4340 507 4363 ,ξιτ
535 4343 558 4363 o
591 4346 650 4363 ιη
707 4349 718 4360 ·
761 4352 792 4363 γ·

412 4340 507 4394 tibi
535 4343 558 4396 7
591 4346 936 4411 Christianus
969 4377 1112 4430 sum,
1149 4366 1344 4438 inquit,
1368 4387 1423 4429 et
1476 4379 1770 4454 Calliopius
1811 4359 1996 4456 vocor.

412 4431 520 4456 ,.___
677 4439 722 4456 ..
801 4446 812 4456 .
1095 4454 1103 4456 ς

1223 4431 1235 4438 _
1331 4431 1341 4436 _
1490 4431 1770 4454 __.__.-,,.....
1817 4431 1996 4456 ..ιυυη

407 4431 540 4501 Cur,
573 4439 648 4494 ait
673 4439 941 4504 Maximus
966 4454 1279 4529 pra-fectus,
1305 4481 1427 4523 cum
1460 4486 1554 4540 per
1576 4479 1762 4535 orbem
1782 4487 1999 4543 univer-

409 4542 531 4581 sum
585 4534 812 4592 deorum
842 4543 1132 4606 celebritas
1162 4569 1476 4631 peragatur,
1511 4577 1563 4621 tu
1600 4571 1650 4625 in
1678 4573 1781 4629 isto
1808 4593 1996 4639 errore

407 4623 702 4686 persistis!’
733 4629 860 4699 Vos,
923 4637 1100 4709 inquit
1145 4623 1460 4721 Calliopius,
1497 4673 1686 4718 errore
1720 4669 1994 4727 tenebris-

756 4727 855 4794 ini,
884 4732 1002 4800 qui,
1046 4737 1234 4796 relicto
1262 4743 1370 4800 Deo
1402 4750 1638 4821 vivente,
1667 4760 1757 4826 qui
1791 4765 1989 4821 omium

406 4819 460 4861 et
518 4820 739 4885 terram,
773 4830 827 4875 et
890 4840 1011 4894 quae
1045 4828 1096 4882 in
1128 4833 1208 4888 eis
1231 4849 1359 4893 sunt
1394 4846 1575 4900 munia
1623 4853 1792 4908 verbo
1866 4873 1992 4928 pro-

406 4907 636 4971 creavit,
662 4924 791 4966 saxa
823 4929 1017 4975 sensus
1047 4928 1318 4995 expertia,
1344 4943 1399 4988 et
1427 4935 1568 5006 ligna
1601 4946 1836 5014 putrida,
1866 4907 1993 5019 quae

405 5005 534 5050 sunt
563 5015 822 5060 manuum
861 5008 1157 5080 impiarum
1205 5036 1393 5091 opera,
1428 5005 1606 5087 colitis
1640 5045 1696 5088 et
1727 5038 1987 5099 adoratis.

406 5087 809 5162 Adolescentia.
846 5101 1024 5173 inquit
1061 5112 1374 5184 praefectus,
1411 5131 1464 5177 te
1497 5127 1830 5193 petulantem
1864 5137 1989 5193 red—

400 5181 506 5246 dit,
538 5193 592 5237 et
633 5201 858 5258 magnos
915 5197 1013 5251 tibi
1077 5206 1356 5264 cruciatus
1416 5181 1588 5280 parat.
1627 5217 1721 5274 Dic
1746 5222 1930 5292 igitur,
1961 5243 1991 5284 e

397 5288 504 5342 qua
537 5290 697 5346 gente
723 5283 821 5351 sis,
853 5296 908 5342 et
932 5305 1001 5344 ex
1033 5307 1140 5363 quo
1167 5312 1386 5367 genere.
1426 5305 1465 5358 E
1492 5283 1805 5383 Pamphylia
1837 5283 1984 5388 sum,

396 5367 573 5438 inquit
605 5372 924 5447 Calliopius,
955 5394 1011 5438 et
1052 5390 1312 5456 patricius
1347 5413 1571 5466 genere,
1603 5367 1678 5469 et,
1699 5367 1988 5476 ‘quod—‘n-n:

391 5456 724 5522 bilissimum
756 5479 861 5539 est,
889 5474 1254 5536 Christianus.
1284 5484 1380 5541 Dic
1406 5491 1557 5558 mihi,
1585 5456 1873 5562 praefectus
1902 5504 1985 5557 in-

397 5552 516 5620 quit
545 5591 560 5620 ,
593 5572 852 5626 parentes
876 5566 1088 5625 habes?
1130 5572 1326 5644 Mater,
1359 5552 1637 5651 respondit
1663 5552 1978 5663 Calliopius,
2008 5573 2064 5634 D

400 5658 688 5721 superest;
720 5670 846 5712 nam
872 5668 1031 5728 pater
1053 5664 1167 5734 jam
1193 5670 1282 5725 diu
1303 5671 1592 5761 defunctus
1620 5691 1723 5738 cst.
1757 5658 1862 5739 Per
1893 5702 1984 5744 so—

2801 1531 3093 1600 praafectus
3139 1538 3340 1612 inquit,
3390 1547 3434 1602 si
3487 1549 3569 1603 vis
3617 1567 3743 1609 esse

2148 1612 2270 1682 pius
2292 1623 2348 1670 et
2376 1617 2480 1672 diis
2531 1619 2838 1689 immolare,
2865 1625 3057 1697 tiliam,
3091 1648 3252 1701 quam
3284 1639 3501 1696 unicam
3539 1644 3738 1715 habeo,

2149 1703 2242 1758 tibi
2277 1721 2498 1763 uxorem
2526 1709 2686 1766 dabo.
2723 1712 2778 1769 Si
2807 1732 3055 1788 uxorem,
3088 1723 3266 1795 inquit
3292 1728 3614 1804 Calliopius,
3637 1703 3738 1793 du:

2144 1811 2269 1852 cere
2292 1799 2677 1871 decrevissem,
2697 1822 2803 1862 non
2837 1811 2987 1879 prius
3026 1814 3189 1871 filiam
3222 1829 3366 1877 tuam
3392 1829 3693 1896 acciperem
3719 1875 3734 1895 .

2146 1904 2310 1959 quam
2339 1902 2512 1949 mater
2536 1912 2652 1952 mea
2681 1900 2734 1954 id
2765 1902 2932 1959 sciret
2958 1917 3012 1962 et
3035 1912 3386 1978 approbaret.
3419 1919 3620 1975 Verum
3653 1926 3736 1978 sic

2146 1981 2367 2049 habeto,
2409 2003 2497 2044 me
2552 1990 2777 2048 Christo
2829 2009 2953 2050 meo
2983 2002 3306 2072 credidisse,
3344 2015 3400 2064 et
3453 2013 3733 2081 pulverem

2142 2073 2308 2144 hunc,
2361 2095 2522 2149 quem
2581 2083 2724 2141 Deus
2775 2090 3136 2157 conﬂavit,et
3187 2099 3252 2152 ad
3315 2102 3732 2162 similitudinem

2139 2181 2294 2223 suam
2328 2171 2478 2239 fecit,
2516 2188 2710 2243 purum
2738 2189 2794 2234 et
2821 2180 2943 2236 sine
2972 2187 3177 2240 macula
3227 2201 3351 2246 ante
3379 2192 3580 2249 Christi
3627 2199 3730 2250 tri-

2138 2261 2303 2316 bunal
2339 2265 2638 2322 sistendum
2669 2285 2806 2328 esse.
2847 2274 3214 2342 Quamobrem
3251 2283 3355 2350 fac,
3382 2301 3502 2351 quite
3531 2290 3624 2342 tibi
3656 2293 3733 2343 vi-

2137 2355 2337 2412 dentur
2367 2377 2380 2413 :
2418 2374 2520 2429 ego
2547 2363 2690 2418 enim
2716 2365 3066 2428 Christianus
3102 2389 3247 2430 sum.

2207 2447 2298 2504 ill.
2348 2450 2784 2525 Scelestissime,
2840 2461 3017 2533 inquit
3075 2466 3344 2526 Maximus
3404 2477 3723 2546 praefectus,

2135 2539 2440 2598 istiusmodi
2493 2549 2674 2605 verbis
2714 2549 2956 2610 futurum
2989 2571 3163 2627 putas,
3195 2572 3253 2616 ut
3278 2563 3355 2619 ira
3393 2581 3724 2635 commotus,

2133 2641 2187 2688 te
2221 2635 2384 2691 celeri
2415 2641 2685 2710 supplicio
2726 2650 3031 2705 necandum
3079 2668 3263 2711 curem
3289 2659 3312 2712 ?
3339 2658 3585 2720 Falleris.
3617 2663 3726 2720 Nc-

2131 2742 2238 2796 que
2280 2733 2424 2786 enim
2462 2734 2513 2788 id
2548 2735 2742 2793 faciam
2776 2757 2790 2794 :
2826 2744 2919 2796 sed
2952 2759 3150 2816 corpus
3203 2760 3354 2806 tuum
3391 2756 3539 2809 omni
3595 2773 3731 2811 cru-

2007 2859 2020 2886 ,
2053 2817 2370 2914 Bciatuum
2433 2839 2631 2894 genere
2685 2832 3014 2900 confectum,
3059 2838 3114 2892 in
3170 2841 3348 2910 ignem
3410 2848 3723 2914 conjiciam.

2128 2910 2363 2980 Quanto,
2397 2916 2572 2987 inquit
2610 2921 2928 2995 Calliopius,
2989 2930 3234 2998 pluribus
3294 2952 3378 2990 me
3438 2943 3723 2998 tormentis

2127 3011 2490 3076 excruciabis,
2525 3022 2673 3072 tanto
2709 3018 2840 3072 mihi
2865 3035 2927 3074 ea
2979 3025 3272 3092 perferenti
3303 3045 3505 3086 corona
3535 3033 3722 3102 Splen-

2125 3097 2307 3155 didior
2346 3113 2690 3162 contexetur.
2721 3108 2894 3168 Nemo
2940 3117 3106 3184 enim,
3140 3129 3202 3174 ut
3240 3124 3506 3194 scriptum
3559 3137 3641 3180 est
3676 3127 3721 3195 ¹,

2125 3195 2500 3265 coronabitur,
2549 3201 2654 3256 nisi
2711 3202 2955 3274 legitime
3009 3216 3321 3268 certaverit.
3369 3216 3520 3273 Tunc
3550 3218 3721 3276 Maxi-

2122 3300 2244 3340 mus
2279 3286 2442 3356 jussit
2467 3298 2524 3344 ut
2557 3293 2606 3347 ei
2633 3294 2820 3350 vincto
2859 3298 3152 3363 plumbatis
3180 3305 3347 3375 virgis
3373 3310 3554 3364 omnia
3589 3327 3714 3368 ossa

2123 3379 2621 3449 confringerentnr.
2662 3385 2864 3445 Beatus
2894 3403 3077 3448 autem
3109 3395 3429 3467 Calliopius,
3467 3402 3593 3457 dum
3624 3419 3717 3457 va-

2119 3469 2336 3541 pularet
2365 3490 2379 3527 :
2409 3473 2650 3542 Gratias,
2684 3479 2879 3552 inquit,
2931 3500 3032 3556 ago
3062 3487 3182 3554 tibi,
3209 3488 3444 3560 Christe,
3473 3495 3597 3564 quia
3633 3497 3718 3563 dj-

2119 3581 2255 3635 gnus
2290 3567 2517 3624 effectus
2548 3587 2689 3640 smn,
2723 3575 2814 3643 qui
2835 3589 3061 3646 propter
3092 3595 3290 3638 nomen
3313 3593 3460 3639 tuum
3485 3590 3709 3645 verbera
3771 3595 3774 3598 ’

2117 3658 2468 3716 Sustinerem.
2524 3661 2676 3732 Mihi,
2706 3667 2882 3738 inquit
2948 3670 3216 3728 Maximus
3270 3678 3579 3746 praefectus,
3611 3682 3710 3737 ob-

2117 3757 2356 3818 tempera
2385 3761 2439 3808 et
2469 3755 2576 3811 diis
2633 3757 2877 3828 immola,
2905 3773 2960 3817 nt
2991 3767 3228 3832 patriam
3269 3769 3480 3837 videas,
3510 3783 3564 3826 et
3589 3789 3703 3826 ma-

2117 3850 2254 3898 trem
2289 3853 2460 3912 tuam,
2485 3856 2541 3902 et
2573 3865 2642 3904 ne
2695 3851 2946 3921 spolieris
2983 3856 3186 3913 divitiis
3215 3875 3280 3915 ac
3309 3861 3544 3918 fortunis
3577 3867 3705 3921 tuis.

2114 3933 2543 3996 Tormentorum
2569 3943 2714 3998 enim
2737 3947 2910 4003 sentis
2935 3950 3314 4010 acerbitatem.
3332 3954 3705 4026 Dulcedinem,

2114 4027 2289 4098 inquit
2323 4033 2640 4104 Calliopius,
2668 4040 2952 4106 promissa;
2980 4057 3008 4096 a
3043 4041 3267 4102 Christo
3301 4039 3500 4118 quietis
3533 4054 3705 4122 degu-

2111 4131 2218 4186 sto,
2249 4134 2305 4179 et
2336 4133 2606 4183 tormenta
2645 4145 2751 4184 non
2790 4135 2991 4189 sentio.
3025 4136 3135 4192 Nec
3159 4138 3212 4194 in
3253 4140 3428 4198 aliena
3485 4147 3704 4215 regione

2111 4230 2196 4271 me
2225 4231 2348 4273 esse
2383 4230 2535 4290 puto,
2566 4231 2710 4277 cum‘
2746 4223 2963 4281 Domini
2998 4231 3071 4284 sit
3101 4240 3268 4299 terra,
3307 4244 3362 4291 et
3421 4238 3704 4306 plenitudo

2104 4307 2286 4376 ejos'.
2323 4311 2390 4364 Et
2424 4312 2512 4367 hic
2558 4330 2781 4385 quoque
2839 4320 3071 4386 patriam
3120 4337 3310 4393 cerno,
3364 4336 3704 4401 matremque

2101 4415 2300 4456 meam.
2354 4403 2489 4460 Nam
2535 4417 2708 4462 mater
2767 4425 2906 4477 mea,
2948 4421 3032 4468 est
3069 4413 3275 4474 Christi
3319 4419 3564 4478 Ecclesia
3610 4439 3703 4479 sa-

2101 4504 2386 4552 crosancta
2416 4507 2507 4553 :et
2532 4500 2706 4569 patria
2736 4508 3237 4571 mea,estccelestis
3266 4511 3351 4565 illa
3374 4512 3697 4571 Jerusalem.

2101 4584 2299 4642 Nostra
2327 4590 2473 4644 enim
2502 4597 2848 4651 conversatio
2876 4599 2929 4653 in
2968 4602 3121 4658 caelis
3147 4615 3230 4659 est
3252 4606 3293 4661 ³.
3319 4605 3476 4674 Quod
3498 4611 3540 4664 si
3567 4611 3699 4666 mihi

2099 4694 2419 4750 corpoream
2478 4694 2706 4742 matrem
2769 4690 3018 4761 objicias,
3079 4697 3204 4752 audi
3263 4701 3395 4769 quid
3448 4702 3698 4759 Christus

2098 4768 2242 4826 Deus
2275 4788 2429 4828 meus
2462 4774 2653 4831 dicat:
2689 4797 2707 4831 ι
2742 4779 2845 4846 Qui
2877 4791 3026 4838 amat
3080 4797 3290 4855 patrem
3340 4801 3435 4846 aut
3467 4805 3696 4849 matrem

2095 4861 2387 4932 plusquam
2411 4882 2517 4933 me,
2553 4884 2661 4924 non
2690 4881 2772 4928 est
2799 4889 2886 4930 me
2917 4876 3118 4949 dignus
3150 4880 3192 4937 ‘.
3229 4900 3248 4933 ι
3285 4881 3421 4937 Nam
3455 4888 3597 4954 quod
3628 4892 3695 4942 ad

2095 4954 2317 5012 divitias
2350 4961 2603 5029 pertinet,
2631 4979 2725 5022 eas
2751 4969 2987 5041 neglige,
3025 4983 3080 5030 et
3120 4977 3264 5033 malo
3291 4979 3495 5036 Christi
3533 4999 3694 5039 cruce

2097 5045 2284 5115 afﬂigi,
2315 5064 2476 5118 quam
2512 5054 2736 5114 caducis
2784 5063 2938 5118 stulti
2989 5069 3177 5123 mundi
3210 5070 3425 5127 deliciis
3455 5073 3583 5131 frui.
3637 5069 3674 5104 θ’

2166 5136 2260 5192 IV.
2297 5140 2566 5201 Maximus
2620 5151 2912 5218 prasfectus
2945 5173 2959 5210 :
2995 5157 3168 5223 Quam
3215 5171 3322 5230 est,
3361 5165 3558 5233 inquit,
3595 5182 3692 5222 ex-

2093 5243 2235 5286 cors.
2261 5230 2460 5290 Crudis
2489 5240 2669 5294 nervis
2699 5252 2946 5300 ventrem
2994 5247 3113 5316 ejus
3146 5254 3364 5320 caedite,
3395 5257 3640 5314 dicentes
3673 5276 3687 5312 :

2089 5322 2209 5380 Noli
2243 5344 2412 5383 unum
2440 5347 2539 5399 pro
2578 5335 2686 5391 alio
2717 5339 2884 5395 stulte
2934 5349 3284 5414 respondere,
3329 5351 3421 5406 sed
3465 5364 3590 5421 ante
3619 5356 3688 5409 ad

2091 5415 2442 5488 interrogata.
2476 5424 2686 5491 insane,
2712 5430 2890 5500 inquit
2933 5433 3324 5506 Calliopius,et
3345 5444 3540 5511 quavis
3573 5444 3689 5500 fera

2089 5514 2384 5579 crudelior,
2418 5524 2472 5570 ct
2500 5533 2529 5572 a
2557 5520 2760 5577 Christi
2800 5525 3017 5595 pietate,
3037 5531 3129 5599 qui
3159 5533 3211 5586 in
3237 5535 3392 5591 caelis
3419 5546 3523 5600 est,
3550 5539 3684 5594 alie-

2098 5617 2188 5668 ne,
2242 5605 2336 5660 tibi
2395 5610 2644 5665 veritatis
2674 5616 2941 5672 rationem
2972 5635 3206 5691 expono,
3234 5639 3396 5695 quam
3431 5637 3486 5682 tu
3513 5630 3684 5684 animi

2093 5695 2267 5752 oculis
2326 5714 2434 5755 non
2463 5705 2666 5772 cernis,
2687 5721 2849 5769 aures
2879 5711 3192 5784 occludens,
3229 5731 3298 5774 ne
3327 5718 3542 5779 Domini
3567 5736 3682 5779 ser-

468 5829 486 5862 ¹
515 5827 564 5886 ll
596 5832 741 5893 Tim.
765 5853 828 5910 tt,
861 5840 920 5898 ε.
997 5849 1017 5881 ³
1045 5848 1194 5909 Psal.
1255 5870 1413 5929 mu,
1441 5861 1504 5953 1.,
1571 5867 1589 5899 ⁸
1619 5867 1861 5944 Philipp.
1900 5891 1985 5946 tu,

2195 5878 2216 5913 ‘
2241 5882 2437 5942 Matth.
2471 5903 2526 5957 ι,
2564 5887 2655 5948 57.
