2054 3221
156 204 194 237 93
801 190 892 223 νΙΤΑ
911 189 943 220 S.
964 199 966 209 ι

1017 186 1156 218 LLIOPI.
1299 204 1304 208 -
1771 176 1805 209 94

156 265 266 289 nonem
285 256 434 290 eun-liae,
448 257 474 282 ct
488 258 582 282 contra
594 253 686 288 legum
702 249 861 286 praescripta
874 247 955 282 jubes
970 246 994 274 Α
1008 248 1099 271 autem
1129 242 1277 276 Calliopius
1306 238 1422 271 catenis,
1440 242 1469 265 et
1495 236 1619 272 corporis
1650 240 1757 263 tumore
1771 243 1804 263 ex

158 313 217 339 me,
236 309 367 338 tanquam
396 299 574 334 homicidam,
598 294 887 327 verberariinotam,
917 293 959 320 in-

157 352 220 389 quit
237 349 397 386 prafectus,
420 347 551 375 collocato
580 349 608 373 et
629 349 757 379 magnum
781 342 870 377 ignem
894 345 959 368 SUC-

158 397 278 427 eendite.
305 395 385 423 “om
413 398 488 422 tanta
511 393 537 420 vi
550 392 677 427 alligatus
688 394 730 419 est
743 388 912 418 adolescens.
930 390 960 413 ut

160 449 236 472 totus
247 443 465 476 discerperetur.
478 441 536 473 Quo
549 439 658 474 quidem
671 437 794 466 cruciatu
806 443 868 463 eum
882 442 960 462 aecr-

159 489 275 516 bissime
292 491 441 521 angeretur
452 493 459 513 :
471 485 591 516 Christe,
605 482 704 518 inquit,
727 486 826 517 praesto
844 480 883 508 sis
900 487 960 506 ser-

160 541 196 561 vo
225 537 283 564 tuo,
299 536 330 558 ut
345 531 379 558 ad
398 530 479 558 ﬁnem
506 536 593 564 usque
613 528 738 555 laudetur
752 527 779 553 in
796 532 840 553 me
857 530 959 552 nomen

161 586 251 610 tuum,
277 577 404 613 quamvis
428 575 558 610 indignus
584 574 634 602 sim
649 580 744 602 servus
762 577 846 599 tuus:
863 576 890 599 et
911 578 960 599 co-

160 629 298 660 gnoscent
323 630 432 656 omnes,
457 629 515 656 eos,
532 621 579 657 qui
608 621 635 648 in
653 625 679 648 te
692 624 815 655 sperant,
832 626 885 647 non
899 625 962 645 con-

161 671 239 698 fundi
258 670 286 697 in
311 674 456 697 aeternum.
474 668 574 696 Statim
604 667 687 702 igitur
703 666 836 694 accedens
850 664 962 700 angelus

161 717 233 749 Dei,
259 716 398 743 ﬂatnmam
425 714 577 742 carbonum
595 713 728 741 exstinxit
747 721 754 741 ;
773 717 800 739 et
829 710 959 741 ministri,

162 772 226 791 cum
240 763 344 791 vellent
358 766 444 790 rotam
463 761 585 793 volvere,
607 768 658 787 non
684 764 819 794 poterant.
842 757 962 785 Delicata

161 813 256 835 autem
270 808 355 842 ipsius
362 807 484 834 membra
498 810 581 834 totam
593 811 679 833 rotam
691 806 823 840 sanguine
832 811 964 838 consper-

163 859 275 882 serunt.
295 854 361 882 Erat
386 854 459 881 enim
493 853 581 880 acutis
607 852 704 888 gladiis
738 851 961 879 circummunita.

162 900 252 929 Iussit
279 906 371 928 autem
398 899 543 935 praefectus
558 908 620 927 eum
637 899 716 932 solvi,
730 904 759 926 et
773 907 787 926 a
803 902 860 925 rota
874 897 962 925 dimo-

162 948 235 975 veri.
253 947 430 983 Spectatores
446 939 587 980 dicebant,
603 946 736 980 judicium
757 945 821 973 illud
839 945 961 979 iniqtmm

163 1001 249 1028 esse;
265 999 294 1021 et
309 993 449 1026 dolebant,
466 994 537 1028 quod
552 993 613 1020 talis
623 993 782 1020 adolescens
796 997 848 1018 tam
864 992 963 1018 acerbe

165 1046 354 1078 torqueretur.
389 1042 443 1069 Sed
473 1040 608 1068 Maximus
625 1049 630 1067 :
647 1039 752 1072 Nonne,
778 1038 877 1074 inquit,
906 1038 961 1065 dixi

163 1088 227 1120 tibi,
246 1093 274 1116 te
290 1087 473 1116 adolescentia
497 1094 558 1114 esse
581 1086 796 1118 petulantem,et
821 1089 962 1118 propterea

162 1134 342 1171 [rauiOribtts
357 1134 526 1162 cruciatibus
549 1132 675 1160 alTectum
695 1132 727 1159 iri
741 1132 752 1158 ?
770 1132 862 1162 Canis,
877 1131 963 1165 inquit

162 1179 326 1214 Calliopius,
356 1179 603 1214 impmlentissime,
620 1183 649 1205 tu
676 1185 718 1204 me
747 1176 961 1210 siealloqm-ris,

165 1226 246 1260 quasi
273 1225 464 1252 crudelissima
487 1232 609 1252 recusem
625 1229 670 1250 aut
683 1224 813 1258 deprecer
828 1226 962 1249 tormenta

165 1276 223 1299 tua.
237 1271 348 1303 Infelix,
365 1271 453 1306 inquit
472 1271 628 1306 praefectus,
643 1270 733 1297 crudis
749 1274 775 1296 te
791 1268 965 1295 contumeliis

165 1317 344 1352 electorum,
371 1323 401 1345 ut
416 1323 441 1345 te
460 1317 576 1344 celerius
595 1316 772 1344 occidendum
785 1323 890 1343 curem.
913 1314 965 1341 Υρ-

166 1371 231 1391 tum
244 1364 318 1392 haud
337 1363 375 1391 ita
391 1363 455 1391 erit.
470 1362 528 1390 Diis
547 1362 628 1396 igitur
651 1360 770 1391 immola,
788 1364 816 1387 ιιι
830 1367 889 1395 qme
904 1359 966 1386 reli-

167 1416 223 1445 qua
237 1414 316 1442 sunt,
330 1414 464 1438 tormenta
491 1408 658 1436 lucrifacias.
675 1407 731 1434 Non
756 1406 906 1441 permittet,
924 1405 966 1431 iu-

167 1455 231 1490 quit
242 1454 406 1490 Calliopius,
424 1455 552 1483 Christus
564 1462 652 1486 meus,
671 1459 699 1481 ut
720 1460 815 1487 puram
833 1459 919 1479 meam
939 1451 966 1478 in

169 1501 258 1530 Deum
273 1500 354 1529 tidem
366 1507 516 1537 perverlas.
538 1501 679 1529 Arbitratu
697 1506 744 1527 tuo
758 1506 857 1533 corpus
872 1505 967 1526 excru-

169 1548 226 1581 cia,
238 1552 402 1584 recepturus
415 1557 430 1576 a
448 1548 503 1576 Deo
518 1548 543 1576 in
559 1548 602 1575 die
615 1547 711 1581 judicii
728 1546 824 1573 merita
842 1545 966 1580 prtemia.

169 1593 231 1629 Qua
247 1594 323 1624 enim
340 1603 468 1623 mensura
483 1595 598 1627 metiris,
618 1595 712 1622 eadem
730 1593 891 1620 remetietur
908 1592 967 1619 tibi.
984 1609 1006 1639 Β

168 1640 391 1676 Ierteis,inquit
403 1640 549 1673 Maximus,
562 1640 666 1667 catenis
677 1639 797 1666 vinctum
812 1639 837 1665 in
855 1637 969 1664 interio-

169 1695 231 1717 rem
247 1695 390 1716 carcerem
405 1686 554 1722 conjicite;
572 1694 651 1714 nemo
664 1694 757 1713 curam
774 1685 848 1712 illius
864 1688 942 1719 gerat
958 1691 966 1716 ;

171 1739 258 1760 nemo
288 1732 432 1767 impiorum
456 1732 608 1760 amicorum
626 1732 658 1759 ad
684 1739 746 1759 eum
760 1731 888 1763 accedat;
908 1730 971 1756 bea-

173 1783 233 1806 tum
246 1785 278 1805 se
292 1782 369 1812 putet
382 1777 417 1806 ob
426 1785 458 1806 ea
476 1782 625 1809 tonuenta,
641 1778 742 1812 quibus
757 1782 868 1811 propter
885 1776 971 1809 ipsius

171 1823 350 1858 impietatem
368 1824 500 1851 adversus
520 1824 584 1850 deos
607 1823 722 1850 aﬂ‘ectus
740 1827 793 1850 est.
809 1821 907 1848 Statim
923 1820 971 1855 igi-

174 1867 342 1895 turvinctus
355 1868 381 1895 in
408 1875 547 1895 carcerem
573 1867 731 1895 interiorem
758 1867 896 1900 conjectus
918 1870 970 1898 est,

172 1913 294 1940 ubisine
306 1912 508 1940 intermissione
521 1913 604 1939 Deum
617 1911 757 1938 laudabat.

213 1957 248 1986 γ.
268 1957 319 1986 llis
348 1958 457 1991 auditis,
476 1963 574 1991 mater,
591 1958 662 1985 facto
679 1960 853 1987 testamento,
872 1955 974 1981 ducen-

173 2009 220 2033 tos
235 2003 435 2040 quinquaginta
449 2011 545 2032 servos
566 2004 691 2031 libertate
710 2001 869 2037 peculioque
887 2000 973 2026 dona-

173 2051 216 2079 rit
229 2060 237 2078 :
252 2055 284 2078 et
299 2049 429 2085 quidquid
443 2050 516 2083 auri,
531 2055 578 2077 aut
603 2048 719 2084 argenti,
734 2053 780 2074 aut
798 2047 972 2074 vestimento-

175 2105 240 2126 rum
251 2097 373 2126 habebat
394 2096 563 2132 pauperibus
578 2095 687 2130 reliquit
701 2103 707 2127 ;
727 2094 912 2128 possessiones
925 2099 974 2117 au-

174 2151 232 2172 tem
259 2143 393 2172 Ecclesiae
407 2148 510 2171 sanctas
534 2143 632 2176 largita
648 2147 700 2169 est.
714 2141 784 2168 Tum
809 2139 973 2167 celeriter-in

173 2191 302 2220 Ciliciam
329 2191 363 2219 ad
389 2191 595 2218 sanctissimum
610 2190 694 2217 lilium
719 2196 797 2216 suum
813 2187 974 2221 Calliopium

175 2237 320 2266 contendit
337 2242 385 2264 :et
402 2237 428 2264 in
446 2244 586 2265 carcerem
609 2236 743 2271 ingressa,
775 2234 891 2269 procidit
912 2238 975 2259 ante

1010 290 1170 318 verberibus
1184 293 1340 319 contracto,
1352 284 1541 317 cohibebatur,
1557 282 1703 318 quominus
1716 285 1805 316 Posset

1010 340 1166 367 assurgere,
1184 336 1211 360 et
1225 331 1258 359 ad
1284 335 1401 358 matrem
1419 328 1560 356 accedere.
1577 327 1631 354 Sed
1646 327 1681 353 ita
1697 326 1806 353 locutus

1010 384 1052 409 est
1067 388 1074 407 :
1086 378 1243 414 Opportune
1256 377 1475 410 venisti,maler,
1488 379 1517 402 ut
1530 374 1607 402 testis
1619 380 1694 401 esses
1704 371 1805 400 Citriin

1010 425 1194 454 cruciatuum.
1211 423 1296 450 Mater
1324 427 1414 449 autem
1433 421 1480 448 lilii
1506 426 1604 453 corpus
1617 416 1751 452 aSpieicus
1764 416 1806 443 di-

1011 472 1145 500 laniatum
1159 480 1166 498 :
1183 469 1265 498 Beata
1277 476 1337 504 ego,
1354 467 1442 503 inquit
1454 468 1489 494 ad
1503 464 1706 493 sanctissimum
1723 463 1806 489 tilium

1010 526 1089 547 suum
1118 516 1294 552 Calliopium,
1310 519 1337 542 et
1362 514 1459 542 beatus
1484 512 1588 539 fructus
1621 508 1806 539 ventrisrmei,

1011 564 1152 600 quoniam,
1169 568 1198 590 ut
1215 561 1304 593 Anna,
1330 560 1418 588 dicavi
1447 564 1472 586 te
1502 565 1609 585 sacrum
1637 563 1735 582 mmms
1752 554 1807 580 Do-

1013 611 1088 639 mino
1103 609 1166 638 .lesu
1178 608 1308 636 Christo:
1327 611 1356 634 ut
1371 606 1440 633 Sara
1462 604 1547 631 obtuli
1564 608 1589 630 te
1604 602 1659 629 Deo
1679 600 1806 628 holocau-

1012 665 1085 688 stum
1112 662 1231 694 gratum,
1255 660 1283 683 et
1317 659 1457 688 acceptum
1492 650 1606 678 Domino
1631 647 1806 675 sacriﬁcium.

1012 705 1112 734 Mansit
1139 709 1228 730 autem
1257 706 1339 729 totam
1369 704 1476 726 noctem
1505 696 1578 723 illam
1594 695 1621 721 iu
1650 700 1759 720 carcere
1775 692 1807 718 ad

1015 752 1100 786 ipsius
1124 750 1206 785 pedes
1233 751 1379 782 prostrata.
1396 743 1482 772 Simul
1510 747 1598 769 autem
1617 740 1696 766 ambo
1712 745 1807 773 preca-

1013 798 1124 829 bantur,
1143 800 1170 823 et
1200 794 1347 821 laudabant
1365 792 1459 818 Deum.
1479 789 1510 815 Et
1532 788 1604 815 circa
1620 786 1735 813 mediam
1761 791 1808 809 no-

1015 850 1087 873 ctem
1103 850 1199 876 magna
1214 841 1258 868 lux
1272 845 1411 866 carcerein
1428 834 1584 864 illustravit,
1598 837 1624 859 et
1641 839 1691 858 vox
1707 837 1752 857 eos
1768 828 1808 855 sic

1015 891 1130 917 allocuta
1159 892 1200 915 est
1219 896 1225 913 :
1248 885 1301 913 Vos
1327 884 1393 912 estis
1410 881 1496 910 sancti
1521 880 1566 906 Dei
1581 876 1723 905 eleristi
1741 883 1808 902 con-

981 929 1002 957 Β
1017 938 1146 966 fessorcs,
1159 938 1355 966 eversoresque
1368 929 1513 959 idolorum,
1526 926 1572 961 qui
1591 925 1704 960 patriam
1722 927 1749 949 et
1764 929 1810 956 pes

1016 984 1109 1011 cttnias
1129 980 1294 1015 reliquistis,
1311 982 1340 1003 ut
1358 984 1417 1003 cum
1439 974 1547 1001 Christo
1572 969 1742 1006 pateremiui.

1051 1028 1096 1056 Vl.
1114 1014 1290 1054 Cumiautem
1318 1022 1462 1052 illuxisset,
1481 1017 1623 1053 prafetztus
1639 1025 1645 1043 :
1666 1015 1747 1046 Voca,
1770 1014 1810 1040 in-

1016 1076 1085 1111 quit,
1101 1073 1317 1101 Christianorum
1345 1073 1426 1096 sectae
1458 1065 1606 1093 studiosum
1636 1061 1808 1095 Calliopium.

1019 1120 1172 1149 Demetrius
1186 1123 1276 1144 autem
1294 1114 1419 1143 centurio
1431 1113 1463 1139 ad
1473 1111 1633 1145 Calliopium
1646 1119 1652 1136 :
1665 1107 1742 1135 Nunc
1754 1106 1810 1134 sal-

1017 1173 1083 1198 tem,
1102 1165 1197 1200 inquit,
1215 1164 1248 1190 ab
1261 1162 1366 1190 insania
1383 1160 1500 1190 discede,
1516 1163 1542 1184 et
1556 1157 1750 1190 imperatorum
1766 1153 1811 1178 de-

1017 1215 1098 1241 cretis
1128 1212 1330 1244 obtemperans,
1343 1207 1396 1234 diis
1420 1205 1555 1235 sacrifica,
1585 1208 1613 1229 ut
1628 1203 1703 1228 vivas
1722 1210 1727 1227 :
1744 1200 1810 1226 alio-

1017 1260 1080 1294 quin
1092 1265 1118 1284 nt
1133 1257 1263 1291 Magister
1284 1261 1344 1281 tuus
1359 1252 1493 1286 suiiigeris
1505 1251 1532 1277 in
1543 1257 1660 1277 crucem.
1675 1246 1811 1277 Admiror,

1017 1306 1103 1339 inquit
1120 1301 1279 1336 Calliopius,
1295 1298 1488 1333 impudentiam
1505 1302 1588 1327 luam,
1606 1294 1650 1328 qui
1666 1301 1726 1320 cum
1742 1298 1812 1325 smpe

1018 1359 1052 1379 ex
1070 1358 1112 1378 me
1128 1349 1248 1377 audieris
1263 1346 1451 1375 Christianum
1476 1351 1518 1370 me
1548 1349 1618 1373 esse,
1633 1346 1659 1367 et
1678 1339 1813 1367 Christia—

1019 1406 1083 1425 nttm
1100 1403 1160 1423 csse
1175 1394 1350 1423 moriturum,
1367 1395 1393 1417 et
1420 1390 1446 1415 in
1466 1388 1574 1415 Christo
1601 1386 1744 1415 Victurum,
1759 1386 1812 1408 tam

1020 1442 1193 1477 impudenter
1210 1445 1307 1473 pergas
1337 1436 1479 1463 veritatem
1509 1437 1676 1465 oppugnare.
1704 1428 1813 1455 Festino

1020 1489 1155 1519 eamdem,
1172 1493 1252 1521 quant
1273 1483 1398 1517 Magister
1412 1488 1488 1507 meus
1500 1478 1622 1514 pertulit,
1639 1481 1751 1502 mortem
1766 1482 1813 1507 op-

1020 1540 1123 1570 petere.
1142 1533 1205 1560 llacc
1224 1538 1284 1557 cum
1304 1529 1349 1555 ille
1379 1526 1504 1557 dixisset,
1537 1522 1682 1557 prati-ctus
1710 1528 1740 1546 e.\
1770 1527 1814 1545 rea

1023 1582 1130 1617 sponsis
1143 1579 1269 1615 martyris
1286 1576 1507 1604 aninmdverteus
1517 1580 1578 1599 eum
1592 1579 1606 1597 a
1617 1568 1756 1605 proposito
1771 1567 1816 1593 tie-

1022 1615 1082 1657 dirci
1101 1636 1155 1655 non
1170 1634 1258 1662 posse,
1276 1623 1438 1652 sententiam
1457 1620 1527 1652 tulit,
1556 1622 1585 1645 ut
1602 1618 1696 1652 quinta
1712 1615 1817 1642 Subha-

1024 1681 1111 1703 lorum
1128 1674 1239 1702 Pascha:
1255 1673 1280 1699 in
1293 1677 1403 1698 crucem
1420 1672 1556 1703 ageretur.
1570 1663 1649 1698 Quod
1664 1667 1749 1689 mater
1759 1660 1817 1694 ejus

1024 1722 1188 1757 intelligens,
1218 1720 1339 1755 quinque
1371 1722 1499 1743 nummos
1528 1711 1662 1739 ministris
1690 1708 1818 1736 dedit.ut

1023 1777 1084 1796 eum
1111 1768 1248 1795 contraria
1276 1766 1391 1795 ratione,
1419 1769 1500 1796 quant
1537 1759 1662 1786 Christus
1689 1755 1820 1782 Dominus

1025 1816 1173 1843 cruciﬁxus
1203 1813 1263 1844 fuit,
1276 1810 1416 1845 aliigereut
1439 1807 1526 1834 cruci.
1544 1802 1738 1838 Quintoigitur
1750 1799 1820 1826 Sab—

1024 1863 1149 1889 batorum
1168 1866 1270 1894 pronus
1288 1858 1315 1883 in
1328 1844 1415 1889 caput
1436 1852 1583 1881 cruciﬁxus
1599 1854 1651 1880 est,
1668 1852 1696 1874 et
1708 1844 1755 1873 'dic
1768 1846 1819 1872 Pa-

1026 1914 1152 1936 rasccvcs
1167 1905 1284 1932 animam
1303 1902 1367 1936 egit.
1388 1900 1421 1927 Et
1439 1906 1489 1925 vox
1505 1898 1539 1924 de
1555 1895 1624 1923 coelo
1651 1893 1743 1920 audita
1769 1895 1821 1922 est,

1027 1955 1062 1982 ita
1082 1961 1183 1981 sonans
1200 1961 1206 1979 :
1225 1950 1305 1982 Veni,
1323 1948 1390 1976 civis
1407 1945 1521 1977 Christi,
1539 1948 1565 1971 et
1579 1942 1701 1970 coluercs
1716 1944 1818 1966 sancto-

1027 2010 1085 2029 rum
1108 2000 1277 2034 angelorum.

1062 2047 1118 2075 Vll.
1134 2047 1216 2073 Mater
1232 2051 1295 2071 vero
1306 2041 1470 2070 sanctissimi
1484 2046 1515 2065 ac
1529 2034 1679 2064 beatissimi
1700 2031 1746 2059 lilii
1760 2037 1820 2057 eor-

1027 2102 1078 2129 pus
1107 2092 1259 2126 complexa,
1277 2095 1304 2117 et
1332 2088 1470 2115 Christum
1490 2085 1613 2114 laudans,
1629 2082 1655 2108 iu
1672 2080 1729 2114 ejus
1743 2085 1819 2105 eum-

1018 2142 1107 2176 ‘plexu
1125 2140 1250 2174 spiritum
1270 2135 1396 2163 reddidit.
1414 2133 1445 2160 Et
1473 2130 1635 2159 accedentes
1650 2127 1758 2156 fratres,
1774 2131 1820 2149 eo—

1030 2195 1088 2213 rum
1102 2192 1217 2219 corpora
1237 2183 1262 2209 in
1281 2183 1338 2208 loeo
1352 2187 1430 2207 sacro
1444 2177 1621 2212 sepelierunt,
1635 2171 1823 2200 collaudantcs

1030 2232 1137 2258 Patrem
1157 2235 1184 2256 et
1212 2228 1309 2255 Filium
1326 2232 1350 2253 et
1367 2224 1498 2258 Spiritum
1514 2225 1651 2250 sanetum,
1674 2217 1719 2245 cui
1736 2214 1823 2250 gloria

174 2284 258 2320 Pedes
271 2283 344 2320 ejus,
356 2289 388 2312 ret
398 2284 541 2312 vulnerum
559 2290 684 2311 cruorem
702 2281 842 2310 abstersit.
859 2282 977 2308 Sanctus
991 2282 1017 2311 D
1031 2282 1057 2306 ct
1077 2276 1218 2310 imperium
1236 2275 1261 2302 in
1274 2272 1372 2301 saecula
1385 2269 1561 2298 saeculorum.
1583 2267 1680 2293 Amen.
