4108 6462
475 377 548 438 93
1778 394 2065 458 MENSIS
2101 401 2430 468 APRILI‘S.
3678 427 3749 490 οσ

557 534 3716 602 ._.________________________________________

1009 699 1639 790 ΜΑΡΤΥΡΙΟΝ
1716 708 1946 795 ΤΩΝ
2018 710 2363 799 ΑΓΙΩΝ
2438 715 2635 801 ΚΑΙ
2713 711 3258 808 ΕΝΔΟΞΩΝ

1663 888 1803 943 ΤΟΥ
1842 890 2142 948 ΧΡΙΣΤΟΥ
2176 894 2560 950 ΜΑΡΤΥΡΩΝ
2614 887 2618 892 ’

761 1051 1414 1154 ΤΕΡΕΝἸἸΟΥ,
1500 1052 2178 1155 ΑΦΡΙΚΑΝΟΥι
2262 1063 2828 1174 ΜΑΞΙΜΟΥ,
2904 1080 3456 1169 ΠΟΜΠΙΟΥ

1265 1242 1398 1300 KAI
1444 1245 1583 1300 ΤΗΣ
1626 1247 1987 1302 ΣΥΝΟΔΙΑΣ
2023 1253 2276 1308 ΔΥΤΩΝ
2315 1256 2450 1309 ΤΟΝ
2485 1260 2824 1314 ΑΡΙΘΜΟΝ
2859 1263 2950 1315 Μ’.

1739 1573 2482 1668 MARTYRIUM

757 1786 919 1939 SS.
1007 1788 1605 1976 TERENTII,
1723 1793 2113 1950 AFlllGl

2173 1803 2346 1984 Nl,
2433 1803 2917 1990 ΜΑΧΙΜῙ,
3038 1809 3465 1968 POMPII

1510 2063 1613 2125 ΕΤ
1658 2062 2073 2129 SOCIORUM
2124 2070 2733 2144 QUADRAGINTA.

483 2219 653 2282 (Anno
676 2219 787 2270 ιιο.
810 2219 987 2272 Latine
1013 2222 1144 2286 apud
1713 2227 2147 2317 agr-tene:
2161 2247 2224 2317 εξ
2236 2236 2358 2317 τος.
2385 2237 2508 2302 Reg.
2529 2239 2685 2317 Paris.
2713 2255 2761 2317 [ι.
2778 2240 2918 2317 1ὕι5ξξ
2945 2257 3064 2317 sar-cf
3092 2261 3179 2296 xu.
3195 2273 3254 2286 —
3271 2249 3536 2317 lnterpres
3557 2259 3764 2309 textum

932 2319 935 2328 .
1173 2286 1348 2336 habuit
1369 2289 1429 2338 ab
1452 2300 1515 2337 eo
1538 2302 1690 2352 quem
1713 2286 1919 2342 edimus
1937 2295 1989 2343 in
2015 2297 2276 2347 nonnullis
2298 2286 2685 2364 discrepantem:
2711 2286 2863 2354 ibi;
2879 2286 3060 2371 iiiﬁtfj

550 2608 591 2666 1.
623 2609 818 2665 Decius
840 2609 1212 2668 Romanorum
1240 2612 1559 2683 imperator,
1581 2614 1851 2671 idolorum
1883 2617 2067 2674 studio
2094 2617 2113 2657 λ

2244 2623 2323 2677 Α⁹.
2352 2623 2743 2687 Βασιλεύοντος
2771 2629 2963 2683 Δεκίου
2991 2631 3086 2687 τοῦ
3119 2635 3444 2707 παρανόμου
3481 2640 3582 2710 τῆς
3615 2643 3766 2700 Ῥω-

480 2717 708 2770 cupiens
732 2717 925 2757 omnes
961 2703 1014 2758 in
1046 2704 1199 2758 exitii
1230 2703 1554 2761 barathrum
1577 2708 1896 2775 pertrahere
1922 2712 2065 2779 (erat

479 2797 626 2850 enim
662 2797 806 2849 illius
846 2795 1071 2867 diaboli)
1104 2796 1154 2848 in
1186 2797 1472 2852 universas
1521 2797 1752 2867 imperio
1789 2801 2065 2870 subiectas

479 2887 794 2956 provincias
824 2889 1064 2943 edictum
1107 2889 1276 2954 misit,
1303 2901 1364 2944 ut
1424 2905 1620 2945 omnes
1668 2891 1964 2947 Christiani
1997 2894 2064 2947 ad

478 2976 866 3032 immolandum
899 2989 954 3033 et
985 2980 1372 3034 comedendum
1426 2997 1513 3045 ea,
1537 2996 1656 3049 quae
1691 2983 1845 3037 idolis
1881 2994 2067 3040 essent

481 3069 786 3138 immolata,
822 3072 1293 3140 pertraherentur.
1328 3073 1484 3140 Quod
1514 3075 1558 3128 si
1592 3077 1683 3144 qui
1720 3086 2060 3143 recusarent,

479 3161 535 3216 in
564 3162 828 3230 judicium
852 3165 1033 3218 vocati
1069 3165 1458 3235 plecterentur.
1492 3165 1779 3222 Decretum
1815 3171 1918 3224 hoc
1942 3184 2065 3224 cum

479 3255 535 3310 in
565 3257 802 3310 Africam
836 3258 903 3314 ad
933 3258 1244 3326 praat‘ectnm
1291 3259 1738 3315 Fortunatianum
1769 3273 1911 3318 esset
1937 3279 2068 3335 per-

479 3348 678 3416 latum,
734 3351 846 3419 ipse
875 3352 1070 3406 sedens
1107 3352 1159 3406 in
1197 3353 1478 3422 tribunali,
1513 3355 1768 3424 p0pulum
1797 3371 2070 3411 convoca-

478 3441 579 3506 vit,
616 3452 670 3495 et
699 3442 776 3495 sic
802 3451 883 3496 est
907 3443 1174 3499 allocutus
1199 3462 1214 3498 :
1247 3445 1358 3498 Diis
1386 3445 1683 3512 immolata,
1705 3446 1906 3516 alioqui
1934 3463 2068 3517 snp-

478 3533 660 3604 pliciis
688 3533 1022 3589 aﬂiciemini.
1061 3536 1146 3598 Et,
1197 3537 1279 3589 his
1329 3537 1513 3602 dictis,
1548 3548 1816 3594 tormenta
1849 3541 1910 3594 in
1961 3555 2068 3594 me-

481 3627 629 3679 dium
661 3627 892 3696 proferri
916 3629 1098 3696 jussit.
1155 3628 1368 3695 Quibus
1396 3633 1728 3701 conspectis,
1759 3633 1911 3687 multi
1943 3647 2066 3700 per-

481 3723 658 3774 territi
706 3723 959 3790 prael‘ecto
1018 3723 1493 3793 obtelnperarnnt,
1525 3735 1576 3779 et
1620 3740 1649 3778 a
1697 3725 1900 3780 Christi
1940 3726 2068 3780 reli-

482 3813 642 3882 gione
673 3815 1012 3869 defecerunt.
1041 3814 1271 3881 Quidam
1302 3824 1484 3871 tamen
1534 3833 1599 3870 ex
1649 3818 1806 3887 ipsis,
1839 3833 2068 3872 numero

482 3910 841 3980 quadraginta
884 3910 938 3964 in
991 3910 1198 3964 Christi
1247 3911 1351 3966 tlde
1391 3911 1606 3965 fortiter
1636 3911 1772 3964 tnori
1804 3911 2066 3964 decreve-

2178 2713 2352 2807 μαίων
2374 2714 2552 2784 ἀρχῆς
2577 2717 2672 2770 καὶ
2711 2716 3044 2788 βουλομένου
3094 2724 3262 2778 αὐτοῦ
3301 2729 3513 2794 πάντας
3547 2735 3612 2803 τῇ
3652 2734 3769 2807 ἰδίᾳ

2173 2803 2440 2878 θρησκείᾳ
2471 2807 2698 2862 ἑλκύσαι
2737 2811 2833 2864 καὶ
2888 2813 2970 2876 εἰς
3010 2813 3288 2886 βάραθρον
3344 2820 3621 2887 ἀπωλείας
3656 2803 3767 2895 ἑμί-

2173 2898 2362 2952 σαλεὲν
2388 2901 2638 2973 (πατέρα
2665 2903 2776 2976 γάρ
2809 2904 2935 2975 ἔσχε
2965 2907 3058 2960 τὸν
3089 2909 3396 2978 Σατανᾶν),
3434 2915 3767 2981 ἐξαπέστειο

2175 2991 2266 3044 λεν
2289 2993 2370 3054 εἰς
2404 2995 2588 3048 πᾶσαν
2635 2995 2736 3065 τὴν
2789 2998 3244 3072 ὕποτεταγμένην
3294 3005 3444 3074 αύτῴ
3477 3006 3768 3076 βασιλειαν

2175 3084 2579 3153 προστάγματα
2606 3088 2923 3158 ἐγγράφως,
2959 3090 3100 3146 ῶστε
3145 3094 3357 3159 πάντας
3395 3099 3524 3162 τοὺς
3556 3101 3766 3154 ἐπικα-

2173 3173 2472 3244 λουμένους
2497 3177 2558 3228 τὸ
2579 3177 2754 3248 ὄνομα
2781 3180 2875 3233 τοῦ
2902 3183 3140 3252 Χριστοῦ
3171 3187 3416 3242 καθελκῦ
3429 3206 3520 3244 σαι
3555 3191 3637 3254 εἰς
3657 3193 3771 3264 τὴν

2178 3264 2384 3334 μιαρὰν
2415 3265 2791 3338 προσκύνησιν
2824 3270 2935 3323 τῶν
2967 3271 3202 3326 εἰδώλων
3223 3291 3238 3306 ο
3268 3278 3316 3328 εἰ
3353 3276 3409 3329 δέ
3432 3295 3577 3342 τινες
3611 3280 3774 3334 ἀντι-

2173 3356 2403 3426 λέγοιεν,
2460 3359 2686 3425 τούτους
2724 3363 2803 3433 τῷ
2830 3364 3175 3436 δικαστηρίῳ
3211 3369 3624 3438 παραδίδοσθαι,
3663 3373 3772 3427 καλ⁹

2179 3451 2318 3521 μετὰ
2350 3453 2559 3507 πολλῶν
2589 3455 2842 3524 βασάνων
2893 3460 2991 3513 καὶ
3047 3461 3328 3530 αἰκισμῶν
3371 3465 3437 3536 τῇ
3471 3465 3772 3540 τελευταῖς

2175 3542 2270 3594 τοῦ
2296 3542 2528 3598 Θανάτου
2584 3547 2895 3616 ὑπάγεσθαι
2926 3550 3116 3621 ψήφῳ.
3185 3551 3570 3616 Ἐξαπέστειλε
3622 3557 3678 3608 δὲ
3702 3557 3771 3610 τὸ

2177 3633 2414 3703 πονηρὸν
2465 3636 2630 3689 αὑτοῦ
2684 3638 2781 3691 καὶ
2835 3642 3029 3705 ἀσεϐὲς
3083 3642 3265 3713 δόγμα
3294 3645 3388 3697 καὶ
3417 3644 3493 3714 τῷ
3530 3646 3770 3718 ἡγεμόνε

2175 3730 2563 3800 Φουρτουνάτῳ
2593 3731 2672 3802 τῷ
2699 3735 2757 3785 ὲν
2785 3736 2852 3804 τῇ
2899 3735 3132 3808 Ἀφρικῇ
3157 3754 3171 3768 ο
3210 3739 3303 3789 καὶ
3326 3739 3633 3807 φθάσαντος
3663 3738 3766 3792 τοῦ

2179 3821 2462 3890 βασιλικοῦ
2514 3826 2941 3894 προστάγματος
2985 3827 3124 3896 πρὸς
3174 3828 3272 3898 τὴν
3338 3829 3514 3899 ἀρχὴν
3569 3829 3766 3897 αὑτοῦ,

2177 3911 2396 3973 ἐδέξατο
2435 3911 2663 3983 ἡγεμὼν
2710 3914 2780 3967 τὰ
2807 3914 3065 3983 βασιλικὰ
3107 3919 3438 3987 γράμματα.
3469 3920 3769 3985 Ἀναγνοὺς

481 4014 624 4068 rant,
655 4019 822 4071 seque
852 4013 1042 4057 mutuo
1086 4003 1159 4057 ita
1203 4003 1631 4058 cohortabantur
1663 4021 1678 4057 :
1711 4002 1916 4067 Videte,
1953 4004 2067 4057 fra-
2105 3998 2113 4020 ‘

2179 3998 2272 4055 οὖν
2320 4002 2464 4056 αὐτὰ
2509 4007 2603 4058 καὶ
2661 4006 2951 4070 καθεσθεὶς
2982 4009 3073 4059 ἐπὶ
3110 4008 3204 4060 τοῦ
3263 4009 3528 4080 βήματος,
3557 4011 3768 4074 εὐθέως

484 4108 620 4158 tres,
659 4111 726 4148 ne
756 4097 1046 4150 Dominum
1082 4107 1328 4149 nostrum
1358 4095 1541 4150 Jesnm
1575 4096 1853 4150 Christum
1905 4096 2072 4150 abne-

2177 4095 2480 4163 προσέταξε
2519 4097 2903 4167 συλλειφθῆναι
2926 4086 2988 4151 τὸ
3017 4100 3220 4171 πλῆθος
3242 4101 3342 4170 τῆς
3373 4101 3584 4165 πόλεως
3609 4119 3622 4132 ·
3653 4101 3764 4155 τῶν

483 4204 694 4256 genius,
748 4203 813 4242 ne
877 4187 990 4256 ipse
1031 4202 1246 4257 quoque
1296 4187 1529 4257 abneget
1585 4203 1705 4243 nos.
1754 4187 2080 4241 Mementote

2173 4187 2228 4240 δὲ
2258 4187 2710 4257 συλλειφθέντων,
2747 4189 2852 4259 ἔφη
2882 4191 3020 4260 πρὸς
3045 4192 3274 4256 αὐτούς’
3307 4194 3498 4256 Δέκιος
3539 4195 3568 4246 6
3602 4193 3766 4246 αύτο-

483 4281 772 4334 Dominum
805 4279 934 4332 olim
972 4278 1177 4332 dixisse
1219 4294 1234 4332 :
1280 4296 1298 4329 ι
1339 4277 1514 4333 Nolite
1564 4278 1753 4331 timere
1803 4293 1922 4342 eos,
1977 4279 2071 4346 qui

2173 4281 2399 4350 κράτωρ
2435 4281 2670 4342 κελεύει,
2712 4282 2802 4335 ἵνα
2832 4282 3035 4352 θύσητε
3080 4285 3321 4348 ἅπαντες
3355 4290 3469 4348 τοῖς
3500 4285 3644 4348 θεοῖς
3666 4302 3679 4316 ο
3713 4287 3764 4338 ει

483 4388 686 4440 corpus
731 4372 1010 4435 occidunt,
1056 4372 1294 4425 animam
1327 4381 1639 4424 autemnon
1672 4369 2074 4439 possuntocci-

2173 4373 2226 4426 δὲ
2255 4377 2417 4443 μήγε,
2457 4375 2682 4443 μέλλετε
2730 4375 2917 4440 κακῶς
2957 4378 3054 4429 καὶ
3101 4377 3316 4448 πικρῶς
3370 4379 3760 4445 ἀποθνήσκειν.

489 4467 642 4520 dero.
680 4465 895 4521 Timete
931 4466 1108 4533 potius
1139 4480 1286 4532 eum,
1348 4465 1437 4532 qui
1489 4475 1670 4534 potest
1718 4464 1957 4518 animam
2017 4473 2074 4518 et

2173 4463 2356 4516 Ταῦτα
2381 4463 2551 4516 εἰπὼν
2574 4465 2876 4532 προσέταξε
2906 4467 3001 4519 καὶ
3031 4467 3100 4519 τὰ
3121 4466 3518 4538 βασανιστήρια
3543 4470 3765 4522 ἅπαντα

482 4574 680 4626 corpus
713 4558 940 4628 perdere
969 4559 1019 4610 in
1051 4561 1354 4627 gehennam
1381 4558 1422 4611 ⁸.
1467 4575 1486 4609 ι

2173 4554 2526 4625 προτεθῆναι.
2553 4554 2676 4607 Τῶν
2712 4555 2771 4608 δὲ
2804 4557 3203 4627 προτεθέντων,
3242 4559 3430 4610 πολλοὶ
3481 4558 3593 4610 τῶν
3627 4562 3766 4612 θεω-

484 4653 768 4723 ρησάντων
806 4650 866 4703 τὸ
893 4650 1098 4718 πλῆθος
1150 4650 1259 4702 τῶν
1310 4650 1710 4721 κολαστηρίων,
1775 4651 1840 4704 ἐκ
1895 4649 2063 4720 μόνης
2100 4649 2198 4719 τῆς
2255 4646 2384 4708 θέας
2439 4644 2740 4708 δεδοικότες
2799 4648 2897 4718 τὴν
2971 4647 3225 4719 ἀπειλὴν,
3282 4649 3618 4718 ἐπείσθησαν
3683 4651 3762 4720 τῷ

479 4746 732 4812 τυράννῳ
770 4743 863 4796 καὶ
920 4741 1259 4802 ἀποστάντες
1300 4740 1408 4794 ἀπὸ
1435 4742 1534 4810 τῆς
1572 4741 1666 4793 τοῦ
1698 4741 1937 4808 Χριστοῦ
2009 4739 2275 4802 πίστεως,
2337 4735 2758 4805 προσεκύνησαν
2796 4737 2910 4799 τοῖς
2958 4736 3219 4800 εἰδώλοις.
3250 4737 3406 4801 Τινὲς
3437 4738 3494 4792 δὲ
3561 4739 3621 4804 ἐξ
3668 4740 3768 4792 αύ-

482 4839 610 4902 τῶν,
649 4838 740 4890 τὸν
775 4837 1010 4906 ἀριθμὸν
1033 4837 1472 4907 τεσσαράκοντα,
1516 4836 1806 4890 συνέθεντο
1859 4835 2059 4905 μᾶλλον
2102 4837 2162 4888 ὲν
2203 4831 2545 4902 γενναιότητι
2603 4833 2964 4904 τελειωθῆναι
3017 4834 3074 4886 ὲν
3107 4836 3174 4904 τῇ
3241 4836 3425 4887 πίστει
3465 4833 3562 4888 τοῦ
3627 4837 3770 4904 Χρι-

485 4931 638 4991 στοῦ,
689 4933 783 4986 καὶ
839 4931 978 5000 πρὸς
1021 4930 1287 5000 ἀλλήλους
1332 4931 1521 5000 ἔλεγον
1589 4932 1732 5001 μετὰ
1793 4932 2059 5001 θάρσουςο
2118 4929 2338 4998 Ὁρᾶτε,
2405 4928 2648 4998 ἀδελφοὶ,
2713 4927 2788 4999 μὴ
2819 4929 3192 5000 ἁρνησώμεθα
3222 4930 3315 4983 τὸν
3371 4931 3574 5004 Κύριον
3603 4931 3769 5002 ἡμῶν

497 5029 706 5097 Ἰησοῦν
756 5027 1016 5098 Χριστὸν,
1080 5028 1169 5081 ἵνα
1226 5028 1362 5098 μηδὲ
1427 5028 1588 5090 αὐτὸς
1643 5029 1858 5098 ἀρνήσῃ
1893 5028 2063 5096 ἡμᾶς’
2106 5026 2302 5093 γνῶτε,
2327 5025 2409 5077 ὅτι
2434 5025 2534 5095 ἥδη
2597 5019 2752 5078 εἶπεν
2778 5027 2805 5078 6
2837 5024 3081 5097 Κύριος·
3150 5045 3170 5078 ι
3201 5025 3294 5094 Μὴ
3335 5027 3610 5096 φοϐηθῆτε
3653 5027 3767 5081 ἀπὸ

484 5123 594 5177 τῶν
621 5125 1052 5177 ἀποκτεινόντων
1077 5123 1138 5177 τὸ
1163 5125 1347 5195 σῶμα,
1380 5125 1482 5194 τὴν
1511 5125 1568 5178 δὲ
1593 5123 1878 5198 atumem;
1931 5121 2246 5192 δυναμένων
2307 5123 2662 5175 ἀκοκτεϊναιο
2734 5121 3013 5194 φοϐήθητε
3067 5121 3125 5175 δὲ
3201 5122 3407 5193 μᾶλλον
3452 5125 3544 5178 τὸν
3603 5123 3766 5179 δυνά-

489 5233 652 5289 μενον
678 5217 772 5269 καὶ
797 5204 975 5286 ψυχὴν
1014 5216 1110 5270 καὶ
1144 5218 1306 5290 σῶμα
1333 5218 1600 5270 ἀπολέσαι
1639 5219 1696 5270 ὲν
1727 5217 1942 5288 γεέννῃ.
1982 5233 2002 5267 ι

561 5310 628 5365 ll.
658 5311 1086 5368 Fortunatianus
1114 5313 1180 5368 ad
1205 5314 1305 5368 hos
1343 5330 1357 5366 :
1393 5312 1584 5377 Video,
1636 5312 1833 5381 inquit,
1857 5326 1955 5366 vos
1984 5311 2073 5366 vi-

491 5419 590 5460 ros
636 5414 691 5459 et
744 5415 904 5460 aetate
961 5405 1252 5474 perfectos,
1305 5415 1359 5460 et
1412 5406 1676 5475 sapientia
1737 5404 1989 5474 pranlitos
2051 5419 2069 5459 :

492 5498 847 5566 quamobrem
880 5498 1073 5561 miror,
1105 5514 1202 5552 cur
1235 5513 1330 5553 vos
1358 5498 1619 5567 eiusmodi
1647 5498 1934 5552 dementiae
1958 5507 2071 5552 Ira-

495 5587 763 5655 dideritis,
816 5597 878 5643 ut
908 5606 1074 5644 unum
1117 5589 1282 5644 Deum
1314 5601 1366 5645 et
1406 5607 1588 5661 regem
1639 5591 1855 5656 dicatis,
1908 5605 2067 5660 quem

495 5677 690 5748 Judaei,
721 5691 781 5738 ut
812 5683 1091 5739 hominem
1121 5683 1468 5753 sceleratum,
1519 5683 1924 5740 crueilixerunt.
1964 5683 2068 5740 Re-

2243 5313 2318 5365 B'.
2347 5310 2571 5374 Τούτοις
2593 5304 2689 5363 οὖν
2719 5311 2833 5372 τοῖς
2863 5308 3046 5377 λόγοις
3069 5309 3323 5381 ἀλλήλοις
3365 5309 3766 5381 θαρσοποιοῦν-

2165 5421 2254 5467 τες
2286 5404 2335 5456 οἱ
2366 5403 2534 5471 Ξιγιοι,
2566 5399 2670 5469 ἔφη
2709 5400 2846 5470 πρὸς
2887 5400 3088 5462 αὐτοὺς
3119 5403 3147 5454 6
3209 5402 3434 5473 ἡγεμών
3457 5415 3473 5432 ο
3527 5400 3763 5472 ’Ἄνδρες

2167 5495 2456 5567 βέλτιστοι,
2495 5492 2686 5562 θεωρῶ
2741 5492 2887 5562 ὑμᾶς
2949 5494 3008 5546 ὲν
3043 5493 3235 5566 ἡλικίᾳ
3272 5493 3413 5566 καλῇ
3449 5495 3545 5549 καὶ
3574 5493 3761 5566 τελείᾳ

2166 5585 2620 5654 κεκοσμημένους
2660 5583 2823 5648 ὄντας
2853 5585 2948 5638 καὶ
2986 5584 3132 5654 λόγῳ
3159 5587 3591 5658 σεσοφισμένους
3613 5601 3628 5618 ο
3663 5588 3760 5639 καὶ.

2166 5678 2452 5748 Θαυμάζω,
2483 5676 2602 5742 πῶς
2635 5675 2863 5749 τοιαύτῃ
2892 5676 3125 5753 ἀπιστίᾳ
3167 5681 3396 5746 ἑαυτοὺς
3430 5677 3755 5751 ἐξεδὼκατε,

514 5823 520 5828 ’
574 5823 588 5852 ¹
625 5821 816 5877 Matth.
847 5839 899 5892 ι,
932 5821 1024 5878 ‘28.
