4108 6454
505 340 612 408 Ῑίι3
1831 349 2081 412 MENSI:

2183 350 2485 417 tPBlLIS.
3689 350 3795 432 tot

501 478 568 516 ne
599 460 906 518 (animulas
950 479 1050 517 nos
1097 473 1319 535 propter
1377 475 1629 522 sanciunt
1666 482 1867 523 nomen
1918 479 2081 526 tuum.

2196 469 2341 524 ὥστε
2368 470 2464 523 καὶ
2492 469 2617 533 τοὺς
2642 469 2930 540 δεσμώτας
2962 470 3354 546 θεωρήσαντας
3410 474 3474 530 τὸ
3501 476 3643 546 φῶς,
3671 478 3793 533 εισ-

497 552 701 607 Christi
732 553 900 622 igitur
954 569 1057 625 ope
1086 557 1377 625 sublevati,
1413 559 1692 616 cruciatus
1731 575 1839 615 non
1889 562 2081 618 sentic-

2201 564 2445 633 πηδῆσαι
2474 563 2583 617 ἐσω
2634 567 2731 618 καὶ
2777 565 2973 633 μαθεῖν
3006 567 3066 620 τὸ
3120 568 3346 638 γεγονός
3373 586 3388 601 ο
3451 570 3794 636 εἰσελθόντες

499 644 650 700 bant.
2201 657 2310 725 γάρ
2337 656 2498 727 εὗρον
2517 658 2713 721 αὑτοὺς
2735 660 3203 731 εὐφραινομένους
3224 663 3321 719 καὶ
3349 664 3676 730 δοξάζοντας
3698 666 3795 721 τὸν

496 744 655 797 θεόν.
699 743 764 796 Οἱ
790 743 848 796 δὲ
872 742 1081 814 δήμιοι,
1123 742 1265 817 ἅπερ
1304 745 1625 809 ἐθεάσαντο.
1656 748 1993 822 ἀνήηειλαν
2025 751 2105 823 τῷ
2144 754 2410 823 ἡγεμόνι·
2467 755 2562 807 καὶ
2624 758 2691 826 τῇ
2732 757 2914 828 ήμέρᾳ
2944 762 3008 827 τῇ
3068 760 3232 833 τρίτῃ
3277 759 3568 814 ἐκέλευσεν
3592 761 3796 830 αὑτοὺς

499 837 609 907 πρὸ
640 837 736 891 τοῦ
770 838 1016 908 βήματος
1053 840 1321 907 ἄγεσθαι·
1384 843 1674 912 ἀχθεντων
1704 845 1761 898 δέ
1825 845 2008 898 αὑτῶν
2040 847 2134 898 ἐπὶ
2172 849 2234 901 τὸ
2286 848 2458 918 βῆμα,
2510 844 2636 902 εἶπε
2686 851 2824 921 πρὸς
2874 851 3074 915 αὐτοὺς
3141 856 3170 906 ὁ
3214 854 3473 925 ήγεμώνε
3545 854 3791 910 ’Δθλιοιῑ

495 932 675 996 οὕτως
720 935 1056 989 ἐπαίδευσαν
1096 936 1243 1006 ὑμᾶς
1279 940 1336 990 αἱ
1367 937 1622 1009 βάσανοι,
1683 940 2073 1011 ἀπαλλαγῆναι
2104 936 2171 1014 ἧς
2210 944 2362 1014 ἔχετε
2412 945 2627 1014 μωρίας
2662 947 2759 997 καὶ
2793 945 3119 1016 προσελθεῖν
3165 947 3328 1001 θῦσαι
3357 951 3472 1012 τοῖς
3503 948 3688 1016 θεοῖς;
3733 946 3795 999 Ὁ

496 1025 653 1091 ᾶγιος
679 1026 973 1095 Τερέντιος
1014 1023 1170 1081 εἶπεν
1194 1042 1206 1055 ·
1257 1029 1322 1083 Ἦ
1346 1033 1533 1103 μωρία
1567 1032 1731 1101 αὕτη,
1780 1026 1826 1086 ὧ
1857 1036 2089 1105 ήγεμὸν,
2128 1036 2270 1088 ἔστω
2306 1038 2431 1105 ἐμοὶ
2473 1038 2565 1090 καὶ
2598 1040 2712 1101 τοῖς
2751 1041 3011 1108 ἀγαπῶσι
3049 1040 3140 1092 τὸν
3172 1040 3307 1093 Θεόν
3333 1055 3346 1070 ·
3388 1060 3408 1091 ι
3436 1041 3508 1093 Τὸ
3531 1044 3643 1112 γὰρ
3675 1058 3797 1109 μω-

498 1121 588 1188 ρὸν
610 1121 705 1173 τοῦ
737 1120 872 1175 Θεοῦ
900 1122 1211 1194 σοφώτερον
1239 1125 1351 1178 τῶν
1385 1124 1692 1197 ἀνθρώπων
1743 1127 1892 1181 ἐστίν
1914 1145 1927 1159 ·
1996 1129 2029 1200 ἡ
2099 1128 2156 1182 δέ
2200 1130 2363 1200 σοφία
2412 1130 2521 1185 τῶν
2556 1132 2861 1202 ἀνθρώπων
2909 1135 3094 1204 μωρία
3128 1136 3281 1206 παρὰ
3308 1135 3387 1206 τῷ
3416 1136 3534 1206 Θεῷ
3559 1138 3730 1192 ἐστιν.
3769 1156 3791 1190 ι

495 1215 810 1285 Παράφρων
832 1216 888 1271 δέ
916 1219 1009 1270 καὶ
1035 1221 1366 1289 μαινόμενος
1394 1220 1591 1292 ἔσομαι
1614 1224 1799 1293 ὅμοιός
1829 1241 1947 1290 σου,
1967 1225 2084 1287 ἐὰν,
2129 1226 2222 1281 τὸν
2277 1226 2412 1281 Θεόν
2474 1246 2578 1298 μου
2614 1230 2970 1301 καταλείψας,
3006 1232 3231 1302 δαίμοσι
3288 1234 3683 1305 προσκυνήσω.
3730 1232 3797 1285 '0

422 1293 429 1299 “
492 1306 548 1359 δὲ
574 1309 823 1378 ἡγεμὼν,
882 1309 1058 1364 ταῦτα
1093 1311 1337 1377 ἀκούσας
1389 1317 1485 1367 καὶ
1510 1316 1739 1386 χολέσας
1811 1318 1977 1383 πάνυ,
2045 1319 2332 1373 ἐκέλευσεν
2384 1293 2788 1394 ἀναρτηθέντας
2811 1327 3009 1391 αὑτοὺς
3038 1328 3131 1380 ἐπὶ
3163 1326 3258 1380 τοῦ
3318 1325 3501 1393 ξύλου,
3551 1326 3793 1391 ξέεσθαι.

492 1398 557 1448 Οί
610 1397 667 1450 δέ
723 1401 987 1470 μακάριοι
1042 1401 1292 1471 ξεόμενοι
1346 1404 1443 1458 ἐπὶ
1492 1406 1651 1471 πολὺ,
1685 1408 1918 1478 ηὔχοντο
1952 1409 2089 1480 πρὸς
2128 1411 2335 1481 Κύριον
2397 1413 2678 1482 λέγοντες·
2744 1418 2919 1487 Κύριε
2956 1418 3129 1491 Ἰησοῦ
3155 1419 3383 1489 Χριστέ,
3417 1418 3515 1472 Υἱὲ
3538 1417 3633 1471 τοῦ
3650 1417 3797 1471 Θεοῦ

491 1490 588 1540 τοῦ
628 1488 848 1553 ζῶντος,
882 1489 944 1543 τὸ
979 1491 1096 1560 φῶς
1123 1493 1233 1546 τῶν
1255 1495 1622 1565 Χριστιανῶν,
1651 1500 1683 1569 ή
1718 1500 1869 1568 πηγὴ
1895 1499 1997 1568 τῆς
2033 1500 2182 1571 ζωῆς
2208 1505 2301 1555 καὶ
2330 1504 2430 1573 τῆς
2457 1506 2782 1572 ἀθανασίας,
2824 1511 2856 1579 ή
2896 1488 3080 1572 πίστις
3110 1513 3144 1580 ή
3184 1488 3437 1581 ἀρραγὴς
3465 1512 3561 1565 καὶ
3587 1509 3801 1564 ἀκατά-

492 1582 673 1650 λυτος,
703 1587 1003 1657 ἐπιφάνηθι
1034 1589 1131 1642 καὶ
1160 1589 1431 1663 βοήθησον
1467 1595 1624 1664 ⁴ἡμῖν,
1694 1597 1791 1649 καὶ
1858 1596 1939 1677 μὴ
2009 1598 2379 1672 καταισχύνῃς
2437 1603 2588 1672 ἡμᾶς
2638 1605 2766 1666 τοὺς
2815 1608 3108 1670 ταπεινοὺς
3140 1606 3230 1658 διὰ
3276 1606 3339 1661 τὸ
3367 1606 3542 1677 ὄνομά
3583 1624 3678 1659 σου
3725 1606 3797 1659 τὸ

492 1677 650 1744 ἅγιον
698 1679 808 1731 άπὸ
857 1679 954 1748 τῆς
999 1682 1332 1750 προσδοκίας
1388 1687 1567 1755 ἡμῶν.
1605 1685 1725 1740 Τῶν
1758 1688 1814 1740 δὲ
1844 1672 2082 1759 ’ἐδημίων
2124 1690 2355 1755 ξεόντων
2395 1695 2595 1758 αὐτοὺς
2659 1698 2754 1751 ἐπὶ
2786 1699 2922 1752 πολὺ
2986 1697 3193 1752 καὶτοῦ
3231 1672 3478 1770 Χριστού
3500 1697 3801 1769 ἐπικουφίδ

491 1770 679 1834 ξοντος
731 1772 825 1824 καὶ
881 1773 1247 1844 ἐνισχὺοντος,
1307 1778 1419 1832 τῶν
1473 1780 1727 1850 βασάνων
1788 1784 1900 1837 οὐδ’
1954 1785 2092 1849 ὅλως
2126 1786 2448 1859 ᾐσθάνοντο.

569 1867 655 1920 γι.
696 1867 1067 1938 itaquejussit
1099 1887 1194 1927 eos
1228 1872 1517 1943 praefectus
1553 1875 1604 1930 in
1663 1893 1939 1933 carcerem
1999 1896 2081 1935 re-

2265 1885 2357 1952 ς’.
2385 1885 2428 1938 Τ
2431 1887 2518 1938 ότε
2545 1886 2821 1958 θυμωθεὶς
2849 1888 2877 1941 ὁ
2901 1887 3125 1959 ἡγεμὼν
3146 1886 3409 1943 ἐκέλευσε
3438 1888 3801 1960 κατενεχθέν“’

495 1960 662 2012 trudi.
692 1957 758 2013 Et
780 1962 1091 2015 convocatis
1104 1962 1605 2019 omnibusl'erarum
1628 1967 2081 2033 incantatoribus,

494 2047 802 2115 imperavit,
854 2057 911 2102 ut
939 2063 1112 2105 saevas
1142 2067 1334 2107 omnes
1362 2052 1510 2109 feras
1538 2064 1592 2109 et
1624 2057 1897 2125 crudeles,
1943 2075 2079 2127 quas

495 2137 778 2204 baberent,
810 2140 1028 2208 aspides
1055 2151 1110 2196 et
1137 2144 1355 2213 viperas
1380 2145 1661 2213 δεῖνι-νυοί,
1700 2158 1756 2204 et
1797 2165 1920 2204 cum
1954 2152 2082 2221 ipsis

496 2227 859 2282 includerent.
897 2227 1029 2296 Quae
1053 2231 1272 2300 quidem
1312 2234 1441 2290 ferae
1469 2236 1535 2291 ad
1570 2239 1734 2306 pedes
1763 2254 1949 2293 eormn
1981 2256 2079 2296 ac-

493 2318 774 2383 cedentes,
840 2334 937 2375 eos
977 2322 1112 2376 nihil
1152 2326 1383 2380 omnino
1411 2327 1695 2383 lwdebant.
1730 2329 1914 2385 Sancti
1944 2347 2074 2387 vero

494 2411 873 2478 considentes,
933 2415 1261 2484 psallebant,
1321 2429 1375 2473 et
1441 2419 1608 2475 Deum
1679 2423 2081 2481 collaudabant.

492 2502 740 2574 Cumque
771 2507 945 2560 tribus
977 2509 1171 2565 diebus
1193 2520 1248 2564 ct
1293 2511 1469 2567 tribus
1498 2517 1747 2571 noctibus
1787 2532 1910 2571 cntn
1955 2533 2084 2573 san-

491 2595 598 2650 ctis
631 2596 853 2653 inclusae
899 2601 1248 2669 mansissent,
1297 2616 1496 2673 quarto
1557 2609 1643 2662 die
1694 2609 1798 2663 sub
1860 2620 2079 2666 noctem

493 2686 644 2742 misit
672 2689 982 2757 praefectus,
1016 2692 1108 2761 qui
1165 2692 1440 2761 viderent,
1491 2706 1676 2752 utrum
1707 2715 1736 2753 a
1772 2700 1900 2755 feris
1947 2716 2081 2758 con-

492 2781 696 2848 sumpti
728 2782 934 2836 essent.
966 2781 1076 2837 Sed
1116 2784 1209 2854 qui
1257 2786 1410 2841 missi
1458 2790 1698 2858 fuerant,
1725 2792 1792 2847 ad
1840 2796 2081 2851 carceris

493 2870 641 2927 fores
668 2875 1195 2944 appr0pinquantes,
1227 2880 1520 2936 audiebant
1564 2898 1660 2939 eos
1702 2886 1995 2955 psallentes
2026 2898 2081 2943 et

492 2962 870 3019 collaudantes
905 2965 1099 3024 Deum.
1128 2966 1375 3040 Cumque
1411 2972 1724 3044 diligentius
1755 2977 1953 3032 vellent
1991 2978 2080 3034 in-

495 3056 661 3120 tueri,
697 3057 829 3124 quid
866 3067 1141 3128 ageretur,
1183 3064 1423 3118 carceris
1466 3072 1667 3120 tectum
1701 3071 2080 3126 conscenden-

495 3151 600 3207 tes,
632 3157 853 3200 sanctos
874 3147 1151 3214 viderunt,
1180 3153 1271 3221 qui
1312 3155 1691 3224 considebant,
1733 3170 1788 3214 et
1827 3162 2077 3230 angelum

497 3233 595 3290 Dei
620 3247 855 3292 stantem
893 3250 1021 3295 ante
1047 3241 1241 3298 faciem
1279 3244 1545 3317 ferarum,
1583 3259 1637 3303 et
1669 3264 1736 3305 ne
1761 3254 1829 3305 ad
1852 3268 1946 3308 eos
1986 3271 2080 3324 ap-
2109 3236 2157 3300 θ

494 3332 951 3402 propinquarent,
1013 3339 1391 3406 prohibentem
1435 3351 1534 3397 :et
1583 3344 1840 3414 praefecto
1892 3347 2084 3403 celeri-

498 3430 602 3488 ter,
630 3438 754 3493 que
801 3427 1074 3492 viderant,
1109 3430 1452 3488 numiarunt.
1481 3435 1708 3491 Summo
1735 3438 1899 3508 igitur
1927 3456 2084 3497 unane

495 3513 635 3567 sedit
674 3518 724 3568 in
764 3518 1047 3585 tribunali,
1093 3529 1149 3575 et
1194 3522 1384 3591 jussit,
1418 3535 1477 3579 ut
1515 3529 1887 3585 incantatores
1935 3529 2083 3588 feras

494 3618 624 3660 suas
656 3615 958 3675 sumerent,
1010 3620 1073 3689 et
1123 3616 1297 3669 sancti
1350 3618 1419 3671 ad
1472 3621 1709 3675 tribunal
1748 3625 2085 3680 adduceren-

498 3704 604 3750 tur-.
637 3696 1018 3757 lncnntatores
1055 3703 1222 3773 igitur
1252 3720 1375 3760 cum
1413 3710 1480 3762 ad
1509 3713 1748 3765 carceris
1769 3715 1972 3769 οειὶιιιιι
2000 3718 2085 3770 in-

493 3791 901 3844 cantationibus
945 3797 1061 3847 suis
1098 3794 1245 3850 feras
1275 3800 1628 3865 advocarent,
1669 3803 1774 3857 illa:
1828 3796 1934 3859 non
1985 3824 2081 3862 au-

493 3879 736 3934 diebant.
773 3880 880 3937 Sed
910 3900 1031 3938 cum
1058 3889 1259 3941 ostium
1303 3893 1545 3947 carceris
1581 3907 1827 3960 apertum
1870 3897 1939 3951 ab
1972 3899 2080 3955 illis

492 3982 660 4036 esset,
718 3988 826 4028 uno
855 3989 1046 4030 omnes
1077 3978 1279 4048 impetu
1316 3984 1676 4051 egredientes,
1724 4002 2082 4061 quoscunque

492 4073 667 4116 nacta:
695 4075 824 4118 sont
854 4067 1130 4132 homines,
1158 4070 1504 4137 occiderunt,
1536 4086 1592 4129 et
1646 4079 1698 4131 in
1732 4081 2079 4137 solitudinem

494 4155 755 4223 profectae
781 4168 931 4212 sunt.
957 4161 1111 4215 Tunc
1142 4167 1396 4220 custodes
1422 4167 1489 4221 ad
1517 4169 1829 4237 przefectum
1863 4188 2081 4232 sanctos

494 4248 868 4307 adduxerunt.
904 4253 1012 4320 Qui
1074 4272 1198 4310 cum
1247 4272 1344 4313 eos
1402 4261 1547 4315 nulla
1601 4265 1652 4317 in
1715 4275 1870 4334 parte
1925 4270 2081 4328 laesos

497 4340 796 4411 aspiceret,
835 4347 1023 4399 lurore
1047 4349 1379 4415 concitatus,
1417 4365 1513 4406 eos
1549 4364 1730 4423 capite
1779 4360 2077 4415 damnavit.

496 4425 683 4482 Sancti
710 4443 889 4486 autem
924 4439 1130 4503 egressi
1184 4447 1310 4493 sunt
1343 4441 1473 4510 heti,
1533 4456 1900 4519 canentesque
1943 4454 2083 4509 dice-

496 4517 681 4576 bant:
724 4544 741 4574 ι
775 4523 1038 4581 Liberasti
1072 4543 1192 4595 nos,
1247 4533 1493 4600 Domine,
1549 4539 1617 4593 ab
1681 4540 1770 4606 iis,
1814 4517 1920 4612 iqui
1976 4561 2079 4603 nos

494 4611 825 4684 aﬂligebant,
859 4629 911 4673 et
933 4621 1025 4690 qui
1052 4624 1283 4678 oderant
1319 4641 1439 4693 nos,
1469 4630 1766 4688 confudisti
1793 4611 1883 4689 ’.γι
1916 4636 2079 4693 Mini-

493 4706 593 4758 stri
632 4722 779 4773 vero,
806 4711 1019 4767 eductis
1047 4714 1264 4783 gladiis,
1296 4716 1548 4774 fecerunt
1576 4724 1864 4792 imperata.
1899 4729 2079 4798 Atque

494 4800 568 4850 ita
612 4804 784 4854 sancti
817 4803 871 4855 in
906 4803 1114 4859 Christi
1147 4808 1522 4875 confessione,
1557 4819 1802 4886 martyrii
1842 4821 2076 4889 palmam

496 4903 847 4958 acceperunt.
875 4893 1077 4948 Eorum
1100 4905 1283 4951 autem
1312 4916 1544 4969 corpora
1577 4917 1725 4960 recte
1746 4924 2080 4978 componen-

492 4988 576 5036 tes
601 4984 704 5037 viri
729 4988 991 5054 religiosi,
1017 4988 1069 5041 in
1106 4989 1245 5055 loco,
1271 4993 1361 5061 qui
1389 4996 1598 5050 duobus
1626 5011 1884 5065 passuum
1913 5003 2077 5058 milli-

495 5073 599 5129 bus
651 5077 720 5129 ab
781 5084 915 5132 urbe
972 5080 1234 5147 distabat,
1313 5086 1670 5154 sepelierunt,
1734 5092 1803 5144 ad
1850 5092 2077 5163 gloriam

497 5164 804 5221 Salvatoris
837 5175 1006 5224 nostri
1041 5170 1172 5226 Jeeu
1201 5175 1433 5243 Christi,
1483 5180 1576 5247 qui
1612 5181 1767 5248 vivit,
1796 5194 1853 5236 et
1887 5197 2080 5255 regnat

494 5255 551 5310 in
585 5260 782 5313 sarcula
809 5262 1154 5317 saecuiorum.
1174 5266 1372 5319 Amen.

2190 1992 2287 2038 τας
2319 1977 2517 2040 αὐτοὺς
2540 1978 2650 2031 ἀπὸ
2681 1978 2769 2032 τοῦ
2794 1977 2977 2043 ξύλου,
3026 1978 3407 2050 ἀναληφθῆναι
3435 1978 3597 2032 πάλιν
3627 1981 3685 2033 ὲν
3708 1977 3794 2049 τῷ

2187 2065 2554 2141 δεσμωτηρίῳ
2580 2088 2594 2102 ο
2631 2071 2726 2122 καὶ
2778 2071 3021 2134 καλέσας
3070 2072 3284 2135 πάντας
3313 2071 3442 2136 τοὺς
3496 2070 3795 2135 ἐπαοιδοὺς

2188 2155 2298 2211 τῶν
2332 2158 2561 2229 θηρίων,
2625 2159 2916 2213 ἐκέλευσεν
2968 2162 3156 2226 αὑτοῖς
3224 2163 3472 2232 ἐνέγκαι,
3512 2163 3613 2216 ὅσα
3637 2158 3793 2233 εἶχον

2190 2253 2359 2327 θηρία
2389 2255 2606 2328 χαλεπά
2637 2258 2735 2311 καὶ
2762 2256 2934 2324 δεινὰ,
2968 2256 3115 2312 τοῦτ’
3150 2257 3299 2312 ἔστιν
3349 2259 3588 2330 ἐχίδνας,
3614 2259 3751 2314 ἀστή
3771 2290 3791 2305 ο

2189 2349 2287 2413 δας
2326 2366 2385 2402 τε
2441 2352 2531 2405 καὶ
2585 2352 2882 2422 κεράστας,
2939 2353 3034 2407 καὶ
3090 2350 3626 2424 συναποκλεισθῆναι
3660 2351 3789 2423 μετ’

2188 2442 2371 2497 αὑτῶν
2400 2445 2457 2498 ἐν
2485 2446 2551 2515 τῇ
2587 2443 2800 2517 φυλακῇ
2828 2444 2966 2516 πρὸς
2998 2443 3059 2499 τὸ
3079 2445 3432 2516 ἀναιρεθῆναι
3462 2446 3554 2499 ὑπ’
3577 2444 3786 2501 αὑτῶν.

2191 2537 2301 2590 Καὶ
2344 2536 2552 2590 τούτων
2616 2536 2760 2590 οὑτω
2817 2536 3153 2607 γενομένων,
3208 2534 3351 2609 ἦσαν
3392 2538 3462 2591 τά
3489 2536 3654 2608 θηρία
3684 2537 3786 2608 Ep—

2188 2644 2363 2681 ποντα
2388 2631 2483 2682 καὶ
2509 2627 2649 2700 πρὸς
2688 2629 2816 2699 τοὺς
2856 2628 3025 2692 πόδας
3052 2628 3235 2681 αὐτῶν
3291 2628 3742 2699 παρακαθήμενοι
3759 2638 3779 2658 ⁸

2187 2720 2251 2773 τὸ
2277 2720 2511 2773 καθόλον
2572 2721 2673 2773 οὑκ
2712 2719 3054 2791 ἐλυμήναντο
3111 2721 3333 2786 αὑτοὺς,
3370 2719 3484 2774 ἀλλ’
3508 2718 3783 2788 ἐποίησαν

2186 2813 2256 2866 τὰ
2280 2812 2487 2883 ἑρπετὰ
2519 2813 2670 2883 τρεῖς
2695 2812 2912 2883 ἡμέρας
2936 2812 3030 2866 καὶ
3062 2815 3213 2883 τρεῖς
3253 2809 3457 2876 νύκτας
3495 2810 3787 2879 ἐγκεκλει-

2189 2905 2367 2975 σμένα
2427 2902 2546 2975 μετ’
2581 2903 2785 2965 αὑτῶν.
2838 2903 3030 2974 ῶσπερ
3083 2903 3199 2966 ζῶα
3242 2902 3578 2975 ἦμερα,τῶν
3603 2902 3783 2972 ἁγίων

2187 2993 2503 3065 ὑμνούντων
2535 2992 2632 3048 καὶ
2652 2993 2986 3060 δοξαζόντων
3018 2992 3111 3048 τὸν
3138 2993 3273 3047 Θεὸν
3311 2992 3779 3056 ἀκαταπαύστωςο

2188 3087 2286 3141 καὶ
2315 3090 2381 3159 τῇ
2417 3087 2603 3158 ήμέρᾳ
2635 3089 2701 3158 τῇ
2738 3086 2976 3159 τετάρτῃ
3007 3085 3330 3139 ἀπέστειλεν
3362 3088 3390 3140 ὁ
3430 3084 3782 3156 ήγεμὼνὺπδ

2189 3179 2381 3247 νύκτα,
2416 3181 2463 3232 εί
2499 3178 2610 3250 ἄρα
2639 3178 3003 3249 ἀνηλώθησαν
3032 3181 3082 3232 οἰ
3110 3180 3257 3247 ἅγιοι
3280 3179 3385 3233 ὑπὸ
3419 3180 3528 3233 τῶν
3568 3179 3781 3250 θηρίων

2187 3271 2298 3325 τῶν
2329 3271 2552 3326 ἰοϐόλων
2573 3287 2587 3302 ⁸
2643 3272 2739 3325 καὶ
2768 3270 2844 3334 ὡς
2873 3265 3039 3341 ἦλθον
3087 3273 3137 3324 oi
3193 3271 3603 3340 ἀπεσταλμένοι
3639 3272 3781 3341 πρὸς

2186 3365 2284 3436 τὴν
2318 3363 2488 3435 θύραν
2516 3363 2916 3434 ἀκροάσασθαι,
2952 3366 3046 3418 καὶ
3070 3365 3313 3434 ἥκουσαν
3335 3362 3517 3419 αὑτῶν
3540 3362 3781 3435 φαλλόν-ο

2185 3475 2296 3510 των
2327 3459 2422 3511 καὶ
2455 3456 2772 3527 ὑμνούντων
2793 3458 2885 3510 τὸν
2913 3456 3069 3523 Θεὸν,
3100 3456 3420 3528 βουλόμενοι
3452 3457 3778 3528 ἀκριϐέστε-

2191 3567 2285 3620 ρον
2345 3550 2562 3621 μαθεῖν,
2616 3551 2892 3620 ἀνέϐησαν
2936 3552 3029 3605 ἐπὶ
3083 3552 3143 3604 τὸ
3168 3550 3326 3622 δῶμα
3376 3550 3476 3621 τῆς
3501 3551 3774 3621 φυλακῆς.

2189 3643 2664 3714 Περιϐλεψάμενοι
2684 3645 2779 3698 καὶ
2802 3644 3047 3716 ἀκριϐῶς
3065 3646 3610 3715 κατασκοπήσαντες,
3628 3636 3778 3697 εἶδον

2185 3737 2312 3798 τοὺς
2342 3736 2530 3805 ἁγίους
2560 3737 2906 3809 καθημένους
2938 3739 3031 3792 καὶ
3052 3736 3284 3806 ἄγγελον
3325 3737 3529 3808 Κυρίου
3561 3735 3775 3789 ἑστῶτα

2150 3884 2161 3893 ,
2187 3831 2331 3883 κατά
2365 3830 2659 3898 πρόσωπον
2713 3830 2823 3884 τῶν
2869 3830 3096 3886 ἰοϐόλων
3144 3831 3370 3885 ἐκείνων
3409 3828 3646 3900 θηρίων,
3678 3827 3774 3881 καὶ

2189 3922 2315 3992 μηδ’
2349 3923 2485 3985 ὅλως
2546 3924 2938 3993 συγχωροῦντα
2977 3923 3077 3977 κᾶν
3111 3922 3331 3992 ἐγγίσαι
3393 3922 3600 3985 αὑτοῖς.
3638 3918 3771 3983 Τότε

2183 4012 2488 4083 δραμόντες
2513 4013 2845 4082 ἀνήγγειλάν
2868 4012 2945 4084 τῷ
2969 4013 3218 4084 ήγεμόνι,
3247 4012 3348 4065 ὅσα
3377 4007 3517 4065 εἶδον
3548 4010 3772 4073 οἰκείοις

2184 4102 2517 4173 ὀφθαλμοῖς·
2544 4106 2638 4158 καὶ
2669 4105 2911 4166 ἀναστάς
2946 4104 3146 4174 ὄρθρου
3172 4104 3280 4157 ἀπὸ
3309 4104 3408 4174 τῆς
3452 4104 3641 4173 κλίνης
3670 4103 3738 4155 αὑ
3757 4124 3777 4141 ~

2184 4194 2277 4246 τοῦ
2308 4196 2336 4247 ὁ
2369 4192 2617 4266 ἡγεμὼν,
2663 4194 2758 4247 καὶ
2789 4191 3078 4256 καθεσθεὶς
3108 4195 3204 4246 ἐπὶ
3225 4193 3318 4246 τοῦ
3348 4192 3614 4264 βήματος,
3645 4191 3778 4246 ἐκέ-

2184 4285 2343 4338 λευσε
2372 4290 2483 4348 τοῖς
2517 4284 2791 4348 ἐπαοιδοῖς
2822 4285 3116 4338 ἀναλαϐεῖν
3154 4286 3252 4355 μὲν
3282 4286 3349 4339 τά
3387 4285 3576 4357 θηρία,
3600 4283 3779 4355 ἀχθῆ-

2184 4394 2274 4431 ναι
2301 4378 2359 4431 δὲ
2412 4380 2539 4442 τοὺς
2585 4379 2775 4447 ἁγίους
2819 4378 2912 4430 ἐπὶ
2943 4378 3005 4431 τὸ
3035 4376 3188 4449 βῆμα
3210 4393 3224 4408 ⁸
3254 4378 3585 4441 ἀπελθόντες
3632 4377 3689 4429 δὲ
3722 4377 3778 4430 oi

2184 4469 2429 4522 ἐπαοιδοὶ
2447 4470 2541 4522 καὶ
2560 4469 2849 4537 μέλλοντες
2875 4469 3122 4536 ἐγγίζειν
3142 4471 3209 4541 τῇ
3236 4468 3377 4541 θύρα
3398 4470 3498 4540 τῆς
3519 4466 3715 4540 εἱρκτῆ
3730 4486 3775 4533 ς,

2114 4581 2156 4637 D
2186 4562 2423 4631 ἤρξαντο
2457 4560 2742 4613 ἐπικαλεῖν
2778 4560 2850 4613 τὰ
2887 4561 3055 4631 θηρία
3108 4563 3176 4631 τῇ
3227 4559 3440 4614 ἑαυτῶν
3488 4558 3739 4628 ἐπαοιδίᾳ
3761 4574 3774 4589 ⁸

2184 4654 2253 4706 τά
2282 4653 2340 4706 δὲ
2369 4654 2469 4722 οὐχ
2491 4653 2812 4725 ὑπήκουσαν
2841 4653 3048 4707 αὑτῶν.
3078 4653 3212 4707 Τότε
3240 4652 3488 4714 ἐλθόντες
3509 4652 3559 4703 οἱ
3584 4653 3779 4705 ἐπαοιο

2185 4746 2267 4799 δοὶ
2292 4748 2384 4799 καὶ
2413 4746 2728 4813 ἀνοίξαντες
2758 4750 2857 4818 τήν
2888 4748 3058 4817 θύραν
3088 4748 3186 4816 τῆς
3241 4744 3512 4815 φυλακῆς,
3545 4743 3776 4814 ἐξῆλθον

2183 4840 2254 4891 τὰ
2284 4839 2451 4911 θηρία
2498 4839 2845 4911 ὁμοθυμαδὸν
2880 4842 3000 4894 κατ’
3036 4842 3241 4907 αὐτῶν,
3305 4841 3402 4893 καὶ
3435 4840 3775 4893 ἀπέκτειναν

2185 4935 2530 5004 παραχρῆμα
2589 4933 2716 4997 τούς
2749 4951 2808 4987 τε
2856 4936 3145 4997 ἐπαοιδοὺς
3196 4934 3291 4987 κα)⁸
3347 4932 3557 5000 πάντας
3607 4933 3773 4996 ὅσους

2187 5020 2349 5097 εὖρον
2379 5026 2704 5098 ἀνθρώπους
2730 5029 2874 5080 ὲκεῖο
2900 5027 2997 5081 καλ⁵
3023 5027 3163 5080 αὑτά
3184 5026 3387 5094 ἔφυγον
3417 5027 3496 5089 εἰς
3527 5026 3777 5095 ἐρήμους

2185 5114 2413 5178 τόπους.
2445 5116 2601 5167 Μετὰ
2627 5113 2802 5168 ταῦτα
2833 5115 2891 5167 δέ
2946 5116 3385 5186 παραγενόμενοι
3414 5116 3464 5167 οἱ
3491 5113 3775 5185 δεσμοφύ-

2185 5204 2375 5271 λακες,
2426 5206 2690 5260 ἀνέλαϐον
2726 5210 2855 5270 τοὺς
2905 5207 3094 5276 ἁγίους
3153 5210 3250 5260 καὶ
3308 5208 3519 5278 ἡγαγον
3569 5205 3776 5269 αὐτοὺς

2185 5301 2321 5370 πρὸς
2347 5301 2439 5354 τὸν
2467 5302 2734 5373 ἡγεμόνα.
2769 5300 2879 5355 Καὶ
2914 5300 3037 5353 ἰδὼν
3058 5302 3255 5364 αὑτοὺς
3285 5304 3313 5355 ὁ
3347 5300 3569 5374 ἡγεμὼν
3601 5297 3775 5371 μηδὲν

496 5370 860 5441 ἀδικηθέντας
884 5411 902 5437 ο
964 5373 1217 5447 ἐμμανὴς
1273 5379 1568 5451 γενόμενος
1633 5382 1861 5454 σφόδρα,
1916 5386 2085 5447 ἔδωκε
2123 5395 2244 5450 κατ’
2307 5370 2616 5465 αὑτῶνγτην
2678 5395 2977 5462 ἀπόφασιν.
3004 5395 3072 5447 οι
3112 5395 3172 5449 δὲ
3198 5396 3342 5462 ἀγιοι
3366 5370 3617 5462 τὲξῆλθον
3651 5393 3777 5466 χαί-

568 5488 765 5547 ‘Psal.
827 5508 982 5563 sun,
1024 5495 1080 5551 8.

570 5633 651 5705 (ι)
703 5633 1025 5692 Theodorus
1078 5636 1275 5694 Lector
1336 5638 1531 5695 scribit
1589 5640 1644 5696 in
1704 5642 2070 5705 Collectaneis

496 5704 594 5786 lib.
620 5720 684 5771 ιι,
707 5707 899 5786 horum
923 5720 1236 5786 sanctorum
1269 5722 1567 5786 martyrum
1603 5714 1860 5786 reliquias
1888 5727 2072 5786 trans-

497 5772 641 5830 latas
664 5790 788 5847 esse
832 5781 1361 5851 uousmntinopolim
1393 5772 1430 5836 ἱ
1451 5782 1578 5839 Kal.
1604 5772 1857 5845 Octobris
1885 5785 2068 5846 Theo-

2183 5651 2337 5707 dosio
2366 5649 2572 5706 Minore
2594 5651 2923 5721 imperante.
2961 5649 3092 5703 Vide
3123 5648 3410 5706 Baronium
3440 5648 3495 5704 in
3531 5647 3673 5704 notis
3696 5648 3773 5702 ιιι

2182 5722 2625 5794 Martyrologium
2652 5725 2977 5789 Romanum,
3010 5721 3077 5775 10
3108 5723 3282 5792 April.
