4108 6468
438 390 546 456 1οἸ

1740 374 2027 436 MENSIS
2065 372 2243 433 APRI
2258 372 2400 432 LIS;

3604 352 3710 418 108

440 500 730 563 multitudo
762 499 882 555 ideo
907 492 1233 557 conﬁuebat,
1263 498 1318 547 et
1340 502 1525 543 eorum
1545 486 1731 543 fruens
1749 484 2017 548 doctrina,

2144 480 2333 552 τλῆθος
2372 480 2527 553 παρά
2551 476 2712 532 τοῦτο
2754 474 3046 548 συνέρρεον
3091 472 3188 529 καὶ
3236 471 3333 544 τῆς
3364 467 3494 542 παρ’
3526 465 3708 524 αὐτῶν

439 596 673 653 libenter
717 588 1013 646 accedebat
1072 583 1138 638 ad
1189 581 1468 651 pietatem.
1508 575 1616 632 Sed
1653 574 1769 630 ﬁeri
1798 573 2020 630 omnino

442 702 552 743 non
605 690 836 757 poterat,
865 686 923 734 ut
955 676 1047 746 qui
1102 672 1202 727 fuit
1252 671 1320 725 ab
1348 669 1505 724 initio
1536 669 1800 723 bonorum
1829 666 2023 720 adver-

438 754 643 843 sarius,
686 789 805 831 cum
853 772 964 826 inec
997 767 1076 823 sic
1121 765 1333 827 ﬁerent,
1373 759 1611 831 quietem
1647 765 1850 828 ageret.
1902 754 2019 811 Non

444 866 652 939 quievit
675 865 880 931 itaque,
917 859 1010 915 sed
1038 870 1160 913 cum
1190 853 1491 909 invenisset
1523 850 1768 920 egregios
1794 846 2022 902 admini-

440 971 592 1016 atros
622 970 733 1011 suae
762 952 998 1015 malitiae,
1019 950 1099 1004 eis
1126 946 1411 1018 persuadet
1429 955 1488 999 ut
1519 950 1737 999 sanctos
1764 945 2022 996 accusent

445 1053 588 1123 apud
644 1048 888 1110 Decium,
921 1043 1064 1115 quod
1096 1042 1205 1096 sint
1231 1050 1287 1094 et
1317 1038 1371 1093 in
1430 1037 1559 1091 deos
1583 1035 1732 1102 impii
1765 1049 1860 1089 eos
1893 1033 2025 1088 abo-

450 1144 739 1204 minantes,
771 1149 827 1192 et
863 1143 1161 1205 sequantur
1210 1145 1403 1184 vanam
1444 1126 1872 1182 Christianorum
1904 1124 2024 1193 opi-

447 1234 689 1289 nionem.
719 1229 810 1285 Ille
832 1237 1009 1280 autem
1039 1221 1220 1292 inefre
1243 1218 1563 1291 gravissime
1589 1216 1835 1283 aﬂ'cctus,
1863 1212 2026 1269 Vale-

436 1325 591 1380 rium
639 1320 928 1392 quemdam
980 1328 1336 1377 assessorem,
1390 1325 1510 1365 cum
1553 1324 1662 1379 quo
1716 1323 1803 1362 res
1836 1320 2026 1361 omnes

448 1431 579 1473 suas
600 1408 1037 1470 communicabat
1065 1405 1205 1476 (erat
1228 1413 1407 1459 autem
1451 1416 1641 1456 amans
1695 1401 2022 1461 dmtttonum,

448 1513 502 1560 et
521 1505 602 1557 vir
633 1500 881 1572 agrestis)
908 1495 1103 1551 emittit
1131 1496 1183 1549 in
1208 1494 1416 1558 Asiam,
1443 1507 1563 1559 qua:
1600 1490 1703 1546 sibi
1729 1490 1795 1545 de
1820 1488 2028 1545 sanctis

440 1595 704 1652 .ttuntiata
747 1591 997 1654 fuerant,
1023 1588 1071 1643 ei
1098 1586 1434 1656 signiﬁcans,
1470 1592 1525 1638 et
1560 1584 1608 1638 ei
1643 1583 1695 1636 in
1723 1582 1844 1636 illos
1871 1588 2026 1651 pute-

434 1696 647 1742 vstatem
698 1682 1038 1754 permittens.
1072 1677 1266 1735 Statim
1290 1692 1416 1746 ergo
1450 1675 1695 1731 Valerius
1723 1675 1863 1727 viam
1896 1687 2030 1726 con-

446 1780 567 1836 ﬁcit
599 1792 759 1849 quam
794 1774 1082 1830 celerrime
1110 1791 1124 1828 :
1149 1782 1204 1826 et
1228 1778 1515 1842 postquam
1546 1768 1648 1821 fuit
1671 1767 1725 1821 in
1755 1765 1893 1829 loco,
1931 1762 2027 1818 ubi

458 1874 493 1927 ii
543 1869 829 1940 degebant,
890 1866 977 1920 ille
1015 1865 1234 1935 quidem
1314 1863 1497 1918 statim
1554 1860 1670 1915 deis
1702 1859 1856 1913 vanis
1897 1873 2030 1913 con-

364 1990 366 1992 τ
439 1972 607 2017 sueta
658 1959 824 2015 voluit
865 1957 1065 2012 oﬂ‘erre
1108 1954 1404 2017 sacriﬁcia,
1435 1954 1663 2022 ejusque
1690 1951 1875 2021 jussus
1907 1965 2032 2004 mox

440 2051 696 2126 pervasit
739 2065 929 2106 omnes
965 2050 1226 2103 terminos
1256 2045 1499 2116 regionis
1538 2044 1946 2113 Thyatirorum,
1978 2051 2038 2096 ut

457 2145 768 2215 quicunque
802 2141 856 2195 itt
882 2154 946 2195 ea
981 2148 1159 2204 erant,
1186 2137 1324 2192 nihil
1349 2146 1670 2191 cunctantes
1701 2136 1953 2189 venirent
1982 2133 2035 2187 in

442 2251 583 2291 .cum
633 2235 811 2290 locum
863 2231 957 2286 ubi
987 2231 1135 2286 ﬁeret
1160 2228 1509 2293 sacrificium,
1543 2227 1838 2295 gratiarum
1863 2225 2038 2278 actio-

444 2325 682 2395 »nes-ipsi
719 2335 935 2394 quoque
969 2320 1072 2375 diis
1096 2319 1237 2373 illius
1258 2317 1541 2380 reddituri,
1566 2325 1617 2368 ttt
1645 2314 1735 2383 qui
1765 2312 1928 2367 nollet
1947 2327 2037 2367 so-

448 2419 567 2473 ‘lum
607 2425 894 2487 aegrotare,
929 2412 1025 2467 sed
1086 2410 1222 2465 alios
1274 2422 1489 2480 quoque
1522 2407 1684 2462 vellet
1714 2406 1820 2460 frui
1848 2406 2037 2460 eodem

461 2507 670 2564 morbo.
702 2506 818 2559 Hoc
857 2514 1035 2558 autem
1064 2501 1295 2556 ducebat
1317 2514 1439 2554 esse
1452 2497 1726 2553 suﬁiciens
1748 2510 2038 2565 argumen-

450 2612 576 2655 .tum
607 2596 890 2656 sententiae
938 2602 1256 2664 martyrum.
1299 2590 1518 2645 Dicebat
1572 2590 1717 2645 enim
1776 2590 1917 2643 intra
1958 2602 2038 2653 se,

458 2690 603 2761 quod
632 2688 674 2743 si
703 2688 849 2757 ipsos
875 2685 1092 2755 quidem
1113 2682 1307 2738 viderit
1331 2680 1697 2737 communiter
1716 2680 2043 2736 convenien-

462 2796 543 2838 tes
573 2797 695 2836 cum
735 2778 1077 2834 multitudine
1104 2776 1170 2830 ad
1205 2775 1640 2839 sacriﬁcandum,
1684 2773 1826 2830 falsa
1877 2788 2043 2844 appa-

464 2874 661 2929 rebunt
690 2869 932 2933 omnino,
961 2882 1083 2938 qua:
1102 2867 1355 2921 dixerunt
1379 2867 1558 2921 Decio.
1582 2867 1677 2922 Sin
1711 2869 1908 2932 minus,
1936 2880 2042 2921 non

464 2965 671 3022 estalia
700 2963 874 3035 major
913 2960 1273 3031 exspectanda
1317 2959 1583 3028 probatio.

542 3143 630 3197 Ill.
662 3140 799 3197 Cum
843 3153 973 3211 ergo
1002 3153 1194 3196 omnes
1224 3137 1443 3209 quidem
1472 3139 1526 3195 in
1550 3139 1727 3195 locum
1758 3138 2043 3194 convenis-
2071 3178 2116 3238 ο

467 3242 608 3299 sent,
642 3240 700 3287 ut
757 3240 1089 3302 peragerent
1119 3230 1410 3297 sacriﬁcia,
1442 3230 1541 3286 soli
1576 3240 1756 3286 autem
1791 3230 2045 3286 abessent

452 3324 820 3380 admirabiles
868 3323 974 3379 duo
1003 3330 1270 3393 martyres
1313 3321 1467 3393 (alibi
1496 3320 1640 3376 enim
1673 3321 1910 3386 stabant,
1935 3321 2046 3374 Deo

458 3429 684 3487 ,preces,
736 3427 930 3483 nempe
992 3427 1179 3468 verum
1246 3413 1534 3468 reddentes
1562 3410 1942 3480 sacriﬁcium),
1982 3410 2047 3464 iis

464 3506 596 3564 sisti
626 3504 824 3576 jussis,
852 3505 941 3560 ille
972 3503 1285 3574 superbius
1348 3518 1412 3559 ac
1471 3503 1665 3559 elatius
1698 3518 1792 3559 eos
1843 3502 2051 3573 rogavit

458 3614 715 3662 .causam,
748 3612 845 3652 cur
873 3596 972 3667 ipsi
1018 3596 1320 3652 abfuissent
1353 3613 1367 3650 :
1401 3594 1597 3652 deinde
1623 3595 1784 3651 etiam
1811 3594 2046 3664 adjecit:

472 3693 540 3745 At
577 3688 768 3744 saltent
794 3697 920 3743 ante
956 3700 1105 3741 meos
1142 3687 1333 3742 oculos
1366 3685 1593 3755 pulchre
1623 3685 1929 3756 corrigatur
1958 3686 2053 3741 tle-

479 3781 666 3835 lictum
732 3787 792 3833 ut
845 3775 1257 3841 accusatoribus
1310 3773 1512 3830 invidia
1570 3773 1625 3829 in
1667 3782 1830 3844 caput
1862 3787 2048 3828 eorum

461 3879 846 3935 convertatur,
892 3877 948 3924 et
999 3865 1152 3923 vobis
1205 3865 1424 3932 clarior,
1475 3880 1637 3936 quam
1672 3865 1843 3935 prius,
1881 3865 2051 3936 gloria

461 3964 701 4019 «oriatur.
738 3962 818 4016 Ad
869 3962 982 4015 haec
1011 3958 1207 4025 sancti,
1236 3957 1329 4028 qui
1359 3967 1416 4012 et
1443 3968 1589 4013 metu
1626 3966 1681 4013 et
1709 3957 1857 4012 onmi
1890 3957 2053 4013 clari-

467 4057 586 4105 tate
644 4049 883 4103 humana
941 4053 1132 4109 erant_
1162 4045 1518 4115 superiores:
1552 4046 1709 4102 Esset
1741 4046 1997 4111 dedecus,
2022 4060 2055 4101 ο

472 4138 661 4209 iudex,
716 4137 990 4202 dixerunt,
1043 4143 1310 4205 apertum,
1371 4135 1614 4203 inquam,
1658 4134 1921 4201 dedecus,
1960 4136 2057 4190 lia-

478 4234 608 4287 bcre
636 4232 825 4285 bovem
858 4238 916 4283 et
945 4227 1161 4282 asinum
1194 4226 1276 4297 (ut
1311 4241 1435 4280 cum
1466 4241 1659 4297 magno
1683 4228 1860 4283 dicam
1894 4226 2053 4300 Isaia)

477 4321 568 4388 qui
617 4334 716 4373 nos
780 4324 1075 4386 arguerent
1133 4314 1316 4384 magni
1353 4314 1604 4371 criminis
1644 4316 1840 4386 ingrati
1866 4317 2055 4386 animi,

478 4410 747 4479 siquidem
791 4406 865 4463 illi
925 4404 1144 4476 quidem
1211 4415 1583 4476 cognoverunt
1613 4421 1987 4477 possessorem
2013 4410 2054 4478 ⁸,

2123 572 2493 635 ἀπολαύοντες
2527 568 2904 634 διδασκαλίας,
2932 566 3160 639 ἄσμενοι
3215 562 3606 635 προσεχώρουν
3638 558 3708 628 τῇ

2122 662 2398 734 εὐσεϐείᾳ.
2458 661 2600 715 Ἀλλ’
2631 661 2733 714 οὐκ
2783 655 2853 731 ἦν
2884 658 3103 720 πάντως
3137 656 3230 710 τὸν
3262 655 3322 720 ἐξ
3354 654 3530 725 ἀρχῆς
3557 652 3712 706 ἀντι-

2124 755 2378 827 κείμενον
2406 755 2520 817 τοῖς
2543 752 2769 822 ἀγαθοῖς
2801 754 3007 805 τούτων
3053 748 3198 804 οὕτω
3239 744 3547 817 γινομένων
3574 744 3714 813 ἡσυ-

2124 850 2249 921 χίαν
2276 849 2433 919 ἄγειν
2463 862 2479 879 ο
2505 845 2703 900 οὐκοῦν
2733 844 2855 898 οὑδέ
2884 842 3154 914 ἡσύχαζεν
3180 881 3196 906 ,
3239 838 3378 894 ἀλλὰ
3408 837 3509 908 τῆς
3543 831 3713 890 αὐτοῦ

2126 941 2323 1004 κακίας
2356 939 2668 1011 ὑπουργοὺς
2698 936 2799 991 οὐκ
2833 937 3077 1006 ἀγεννεῖς
3118 930 3392 1006 εὑρηκὼς,
3421 927 3717 984 ἐνδιαϐάλ-

2125 1035 2238 1088 λειν
2264 1030 2547 1088 ἀναπείθει
2570 1030 2747 1100 Δεκίῳ
2773 1029 2900 1092 τοὺς
2932 1029 3246 1098 μάρτυρας,
3277 1026 3360 1078 ὅτι
3391 1040 3451 1077 τε
3491 1020 3717 1083 ἀσεϐεῖς

2125 1125 2197 1180 τὰ
2216 1125 2349 1195 πρὸς
2379 1121 2533 1186 θεούς
2569 1123 2699 1184 είσι,
2721 1122 2816 1174 καὶ
2840 1121 2923 1173 ὅτι
2954 1118 3054 1188 τὴν
3084 1118 3278 1187 καινὴν
3309 1115 3417 1169 τῶν
3443 1115 3715 1184 Χριστια-

2129 1218 2234 1272 νῶν
2275 1215 2642 1285 πρεσϐεύουσι
2672 1213 2855 1279 δόξαν.
2926 1212 2985 1264 '0
3037 1211 3093 1264 δὲ
3148 1207 3520 1281 χαλεπώτατα
3576 1206 3720 1276 πρὸς

2129 1309 2287 1364 τοῦτο
2316 1306 2607 1370 διατεθεὶς,
2641 1303 2941 1373 Οὐαλέριόν
2969 1320 3094 1357 τινα
3122 1300 3514 1369 συγκάθεδρον,
3537 1295 3595 1361 ὃς
3622 1295 3720 1350 καὶ

2130 1403 2238 1456 τῶν
2269 1402 2405 1457 ὅλων
2444 1400 2593 1469 αὐτῷ
2621 1397 2924 1463 ἐκοινώνει,
2957 1395 3324 1465 φιλοδαίμονα
3380 1393 3478 1445 καὶ
3519 1391 3717 1462 ἄγριον

2130 1494 2319 1566 ἄνδρα,
2361 1493 2495 1565 πρὸς
2543 1494 2644 1562 τὴν
2709 1490 2898 1544 Ἀσίαν
2959 1490 3265 1556 ἐκπέμπει,
3322 1486 3419 1539 ἆτε
3449 1481 3720 1552 περὶτῶν

2130 1587 2301 1657 ἀγίων
2334 1585 2484 1657 αὐτῷ
2506 1583 2793 1655 ἀνηγγέλη
2824 1581 3095 1651 γνωρίσας
3129 1581 3224 1633 καὶ
3267 1577 3365 1649 τὴν
3420 1573 3537 1629 κατ’
3571 1572 3722 1626 ἐκεί-

2131 1698 2238 1735 νων
2270 1678 2519 1755 ἐξουσίαν
2565 1676 2870 1746 ἐπιτρέψας
2906 1673 3077 1743 αὐτῷ.
3129 1670 3343 1725 Αὐτίκα
3378 1662 3471 1722 οὖν
3515 1663 3723 1718 Οὐαλέ-

2140 1791 2252 1844 ριος
2436 1770 2558 1823 ὁδὸν
2584 1770 2664 1832 είς
2691 1770 2829 1839 ταχὺ
2863 1765 3038 1826 ἀνύει,
3064 1763 3160 1817 καὶ
3188 1761 3380 1832 ἐπειδὴ
3403 1761 3461 1813 ἐν
3486 1750 3532 1827 ᾧ
3567 1751 3719 1812 οὗτοι

2135 1866 2321 1936 διῆγον
2355 1846 2548 1932 γέγονε
2594 1861 2770 1929 τόπῳ,
2807 1859 2835 1912 ό
2869 1856 2968 1927 μὲν
2994 1853 3155 1917 εὐθὺς
3189 1854 3300 1915 τοῖς
3342 1848 3595 1922 ματαίοις
3624 1845 3727 1909 τὰς

2138 1958 2393 2029 συνήθεις
2426 1954 2674 2025 προσῆγε
2706 1952 2930 2014 θυσίας’
2985 1948 3396 2021 προστάγματα
3452 1945 3511 1999 δὲ
3547 1938 3724 2013 αὐτοΰ

2137 2052 2318 2105 πᾶσαν
2341 2050 2474 2118 ὅσην
2493 2050 2541 2101 οί
2565 2046 2882 2114 Θυατείρων
2912 2044 3132 2112 ἐπεῖχον
3154 2042 3293 2111 ὅροι,
3325 2036 3466 2093 κατά
3485 2033 3728 2106 σπουδὴν

2137 2141 2520 2212 διελάμϐανεν,
2553 2137 2694 2192 ὥστε
2719 2136 2847 2198 τοὺς
2876 2134 3014 2204 αὐτῇ
3056 2132 3290 2196 πάντας,
3330 2128 3461 2183 ένθα
3493 2128 3527 2199 ἠ
3562 2125 3729 2182 θυσία

2138 2234 2360 2303 γίνοιτο,
2389 2230 2556 2302 μηδὲν
2583 2228 2882 2299 μέλλοντας
2907 2223 3155 2294 ἁπαντᾷν
3187 2221 3285 2284 τάς
3329 2217 3730 2291 χαριστηρίους

2139 2320 2434 2395 εὐχάςκαὶ
2480 2318 2680 2381 αὐτοὺς
2733 2319 2847 2380 τοῖς
2883 2314 3094 2368 ἐκείνου
3144 2311 3292 2374 θεοῖς
3355 2308 3728 2372 συνοίσοντας,

2139 2413 2329 2483 ὥσπερ
2384 2413 2486 2464 οὐκ
2523 2410 2802 2472 ἐθέλοντος
2845 2407 3007 2478 μόνον
3050 2406 3251 2467 νοσεῖν,
3301 2400 3439 2455 ἀλλά
3471 2398 3734 2463 καὶτοὺς

2140 2505 2334 2567 ἄλλους
2356 2500 2771 2573 παραπολαύειν
2797 2497 2949 2569 αὐτῷ
2970 2495 3066 2551 τοῦ
3104 2495 3233 2566 νοσή
3244 2510 3432 2566 ματος.
3465 2491 3651 2545 Τοῦτο
3669 2489 3734 2545 δὲ

2142 2596 2252 2670 ἄρα
2286 2595 2587 2666 τεκμήριον
2613 2593 2799 2647 ἱκανὸν
2833 2590 2935 2660 τῆς
2975 2589 3087 2643 τῶν
3125 2585 3424 2658 μαρτύρων
3492 2584 3739 2638 ἐποιεῖτο

2143 2688 2397 2757 γνώμης·
2437 2685 2593 2754 έλεγε
2628 2685 2738 2757 γὰρ
2769 2684 2866 2749 ὡς,
2895 2685 2943 2735 εί
2979 2681 3078 2752 μὲν
3111 2681 3207 2734 καὶ
3232 2679 3434 2741 αὐτοὺς
3470 2690 3735 2747 συνερχο-

2146 2779 2339 2849 μένους
2376 2777 2454 2848 τῷ
2491 2776 2688 2846 πλήθει
2717 2775 2994 2844 καὶκοινῇ
3025 2773 3124 2835 τὰς
3156 2769 3350 2833 θυσίας
3388 2767 3736 2838 προσφέρον-

2144 2888 2240 2934 τας
2270 2870 2395 2934 ίδοι,
2423 2868 2594 2940 ψευδῆ
2628 2867 2848 2929 πάντως
2884 2864 2921 2918 ἀ
2952 2862 3088 2933 πρὸς
3119 2862 3212 2917 τὸν
3244 2860 3438 2914 Δέκιον
3468 2860 3736 2913 κατεῖπον

2146 2964 2327 3019 αὐτῶν
2358 2957 2527 3017 εἶναι·
2557 2961 2607 3014 εί
2635 2958 2691 3013 δέ
2727 2959 2826 3030 μὴ.
2865 2957 2941 3028 μὴ
2977 2956 3161 3009 πίστιν
3212 2954 3407 3026 ἑτέραν
3439 2950 3737 3024 ἀναμένειν

2151 3056 2397 3129 μείζονα.

2220 3147 2295 3204 I".
2345 3147 2498 3202 Ἐπεὶ
2556 3139 2652 3200 οὖν
2702 3143 2907 3207 πάντες
2953 3142 3052 3212 μὲν
3105 3137 3507 3211 συνδραμόντες
3562 3129 3733 3208 ἦσαν,

2148 3243 2291 3297 ὥστε
2341 3240 2440 3304 τὰς
2479 3238 2672 3301 θυσίας
2705 3233 3043 3298 ἐπιτελέσαι,
3107 3233 3245 3304 μόνη
3276 3232 3334 3285 δὲ
3379 3232 3414 3301 ἡ
3441 3225 3739 3299 θαυμαστὴ

2147 3333 2255 3388 τῶν
2285 3329 2580 3402 μαρτύρων
2612 3326 2923 3397 ἀπελείφθη
2970 3324 3106 3388 δυάς
3137 3322 3400 3393 (ἵσταντο
3450 3318 3561 3389 γάρ
3600 3314 3732 3383 ἔξω,

2148 3422 2229 3493 τῷ
2253 3419 2372 3491 Θεῷ
2405 3418 2504 3484 τὰς
2529 3416 2720 3487 εὐχὰς,
2746 3416 2845 3485 τὴν
2877 3414 3056 3485 ἀληθῆ
3102 3411 3293 3465 θυσίαν
3342 3403 3739 3477 ἀποδιδόντες),

2152 3510 2650 3585 παραστησάμενος
2681 3508 2881 3571 αὐτοὺς
2914 3507 3162 3578 σχήματι
3228 3500 3596 3576 σοϐαρωτέριρ
3632 3499 3737 3571 τὴν

2151 3611 2330 3667 αἰτίαν
2359 3607 2550 3681 ἠρώτα
2570 3609 2671 3678 τῆς
2698 3604 3041 3675 ἀπολείψεως
3059 3620 3073 3636 ο
3107 3597 3228 3655 εἶτα
3256 3600 3351 3654 καὶ
3384 3594 3695 3670 προσετίθει
3717 3610 3734 3625 ⁸

2151 3706 2280 3759 Ὀτι
2328 3704 2434 3758 κᾶν
2490 3699 2623 3771 γοῦν
2672 3698 2760 3754 ἐπ’
2790 3698 2953 3768 ὄψεσι
2981 3699 3105 3761 ταῖς
3137 3696 3301 3766 ἐμαῖς
3353 3692 3416 3747 τὸ
3450 3689 3741 3762 ὑστέρημα

2153 3794 2334 3859 καλῶς
2361 3791 2836 3864 ἀναπληρωθήτω,
2891 3789 2980 3843 ῖνα
3028 3789 3120 3843 καὶ
3151 3788 3265 3850 τοῖς
3298 3783 3631 3855 κατηγόροις
3657 3780 3742 3846 είς
3790 3812 3793 3815 -

2144 3886 2399 3958 ’κεφαλὰς
2415 3886 2443 3938 ό
2462 3884 2653 3955 φθόνος
2679 3881 3073 3955 μεταχωρήσῃ,
3096 3878 3194 3933 καί⁵
3209 3878 3240 3931 ὑ
3247 3880 3338 3949 μίν
3355 3873 3743 3946 λαμπρότερον

2154 3978 2282 4051 ams
2312 3976 2551 4048 πρόσθεν
2610 3975 2674 4029 τὸ
2725 3973 2885 4036 κλέος
2941 3971 3220 4041 ἀναφανῇ.
3284 3966 3429 4039 Πρὸς
3476 3963 3649 4020 ταῦτα
3687 3962 3743 4015 οῖ

2156 4071 2301 4141 ἅγιοι
2321 4070 2416 4125 καὶ
2452 4069 2622 4138 φόϐου
2649 4069 2745 4123 καὶ
2775 4065 3140 4137 περιφανείας
3176 4063 3358 4132 πάσης
3384 4056 3741 4129 ἀνθρωπίνης

2155 4158 2418 4232 ἀνώτεροι
2449 4159 2735 4229 γεγονότες
2755 4174 2771 4191 ο
2819 4157 2963 4211 Ἀλλ’
2991 4154 3248 4225 αίσχύνη,
3282 4151 3528 4224 βασιλεῦ,
3563 4145 3741 4212 εἷπον,

2158 4250 2389 4323 αἰσχύνη
2423 4253 2621 4321 σαφὴς,
2652 4246 2778 4320 βοῦν
2807 4248 2953 4318 ἔχειν
2986 4246 3082 4301 καὶ
3110 4245 3254 4310 ὄνον,
3275 4243 3418 4298 κατά
3443 4240 3538 4295 τὸν
3567 4239 3746 4311 μέγαν

2169 4342 2402 4398 Ἡσαΐαν
2450 4342 2651 4407 είπεῖν,
2717 4339 2965 4411 μεγάλης
3043 4333 3444 4411 ἀγνωμοσύνης
3497 4331 3744 4399 ἔλεγχον,

2160 4432 2318 4503 είπερ
2335 4433 2523 4486 ἐκεῖνα
2548 4431 2648 4499 μὲν
2669 4408 2813 4498 ἐγνω
2833 4428 2924 4482 τὸν
2952 4408 3295 4497 κεκτημένον
3328 4424 3423 4477 καὶ
3444 4422 3746 4492 τρέφοντα,
3813 4476 3821 4481 _

479 4508 535 4555 et
573 4514 715 4564 eum,
749 4496 840 4569 qui
886 4499 1029 4568 ipsos
1056 4497 1234 4552 alebat
1267 4514 1280 4551 :
1313 4511 1412 4554 nos
1444 4507 1645 4567 autem,
1681 4501 1823 4570 quod
1847 4501 2043 4558 alamut

2161 4496 2308 4594 ’θμᾶξ
2344 4520 2401 4575 δὲ
2436 4496 2726 4591 φαίνεσθαι
2757 4496 3260 4588 ἀγνοοῦντας,ίεῖγε
3291 4514 3385 4567 τὸν
3418 4511 3595 4583 ἀληθῆ
3646 4511 3748 4564 Δε-

485 4590 555 4644 ab
576 4589 718 4658 ipso,
744 4588 999 4657 ignorare
1024 4586 1352 4652 videremur,
1383 4586 1427 4641 si
1445 4602 1574 4643 vero
1598 4589 1786 4645 relicto
1809 4588 2059 4659 Domino,

483 4681 574 4751 qui
602 4679 738 4734 falso
770 4688 1055 4753 vocantur,
1089 4678 1219 4733 deos
1257 4677 1585 4734 coleremus.
1616 4676 1742 4735 Haec
1763 4680 2056 4738 dixerunt:

482 4781 533 4828 et
587 4771 729 4828 Deus
763 4771 924 4827 simul
977 4772 1067 4837 iis,
1130 4785 1256 4842 quae
1310 4771 1451 4826 dicta
1499 4783 1645 4844 sunt,
1671 4783 1753 4829 est
1783 4780 2061 4832 assensus.

484 4867 617 4922 Nam
652 4882 883 4938 magnus
919 4866 1134 4920 irruens
1164 4861 1324 4943 terrae
1349 4869 1548 4930 metus,
1575 4866 1844 4920 convertit
1865 4866 1918 4920 in
1943 4864 2064 4935 pul-

483 4974 666 5014 verem
695 4973 783 5025 ea,
805 4974 924 5029 qua:
946 4959 1017 5013 ab
1055 4957 1437 5027 insipientibus
1470 4957 1808 5023 colebantur,
1840 4956 2063 5014 simula-

483 5067 597 5107 cra.
638 5051 702 5105 Et
725 5051 961 5105 inanima
993 5050 1208 5122 quidem
1239 5048 1318 5104 sic
1344 5065 1402 5104 se
1434 5049 1727 5116 habebant,
1755 5059 1809 5106 et
1838 5051 1909 5103 ita
1944 5048 2059 5105 fue-

485 5161 544 5198 re
574 5142 858 5196 dissoluta.

556 5232 645 5286 IV.
689 5224 904 5285 Valerio
960 5240 1139 5285 autem
1173 5232 1326 5285 ﬁrma
1350 5240 1466 5286 erat
1491 5246 1554 5286 ac
1582 5232 1790 5286 stabilis
1830 5232 2059 5298 malitia,

486 5332 534 5375 et
579 5337 699 5391 quae
736 5334 841 5373 non
876 5328 1089 5390 poterat
1115 5322 1381 5375 amoveri.
1441 5321 1577 5375 Nam
1619 5337 1739 5374 cuttt
1804 5322 2061 5377 admirari

491 5419 757 5478 vporteret
790 5411 1084 5479 potentiam
1111 5408 1202 5463 Dei
1225 5409 1575 5478 ineffabilem,
1602 5420 1656 5465 et
1682 5411 1904 5466 deorum
1937 5426 2059 5466 suo.

518 5519 606 5555 um
642 5518 892 5573 magnam
927 5502 1153 5558 irridere
1186 5503 1615 5557 imbecillitatem
1650 5505 1812 5573 (quod
1844 5505 2061 5572 quidem

491 5586 707 5647 fecisset
728 5594 810 5646 vir
845 5593 1083 5664 prudens
1111 5602 1166 5649 et
1210 5594 1562 5666 intelligens),
1614 5595 1700 5651 ille
1737 5598 1908 5651 evasit
1950 5613 2062 5650 ma-

565 5774 582 5806 ¹
612 5775 713 5829 lsa.
737 5793 774 5845 ι,
799 5778 852 5832 5.

2161 4612 2369 4683 σπότην
2425 4610 2844 4674 καταλιπόντες,
2899 4607 3280 4680 ψευδωνύμοις
3348 4602 3748 4676 προστεθῶμεν

2159 4705 2325 4768 θεοῖς.
2377 4702 2566 4758 Ταῦτα
2603 4698 2760 4757 εἷπον
2806 4703 2900 4756 καὶ
2937 4701 3056 4771 ἅμα
3090 4699 3227 4763 Θεὸς
3256 4701 3371 4761 τοῖς
3426 4694 3750 4767 είρημένοις

2160 4792 2560 4865 ἐπεψηφίζετο,
2593 4794 2690 4847 καὶ
2718 4791 2946 4863 σεισμοῦ
2977 4809 3030 4846 τι
3060 4790 3202 4862 μέγα
3231 4791 3422 4860 χρῆμα
3451 4784 3750 4856 ἐπενεχθὲν

2160 4887 2239 4950 είς
2265 4886 2413 4939 κόνιν
2442 4884 2709 4939 ἐλέπτυνε
2736 4872 2940 4940 τίτῶν
2986 4883 3242 4954 ἀφρόνων
3270 4879 3616 4949 σεϐάσματα,
3654 4877 3750 4928 καὶ

2161 4978 2232 5032 τά
2263 4978 2362 5049 μὲν
2389 4977 2570 5050 ἀψυχα
2587 4977 2761 5042 οὕτως
2790 4972 2904 5048 εἶχε
2940 4977 3037 5030 καὶ
3068 4973 3365 5030 διελέλυτο.

2221 5236 2293 5291 Δ’.
2314 5238 2594 5312 Οὐαλερίῳ
2609 5240 2666 5294 δὲ
2680 5243 2876 5309 πάγιος
2895 5241 2928 5309 ὴ
2941 5239 3110 5292 κακία
3128 5237 3224 5292 καὶ
3243 5237 3274 5290 ἀ
3283 5235 3576 5306 μετάθετος
3595 5248 3609 5261 ·
3628 5231 3750 5284 δέον

2167 5327 2277 5397 γὰρ
2308 5328 2590 5398 θαυμάσαι
2617 5330 2717 5402 τὴν
2743 5329 2949 5398 ἄφατον
2981 5329 3072 5382 τοῦ
3104 5329 3242 5382 Θεοῦ
3270 5327 3505 5396 δύναμιν
3532 5325 3622 5378 καὶ
3647 5323 3750 5392 τῆς

2168 5420 2369 5489 πολλῆς
2386 5420 2497 5472 τῶν
2515 5422 2680 5474 αὑτοῦ
2701 5421 2841 5476 θεῶν
2868 5422 3155 5485 ἀσθενείας
3186 5419 3559 5487 καταγελάσαι
3591 5417 3751 5487 (ὅπερ

2170 5511 2236 5565 ἂν
2271 5512 2496 5583 ἐποίησε
2527 5513 2654 5566 νοῦν
2705 5513 2846 5584 έχων
2877 5514 2974 5567 καὶ
3008 5514 3208 5567 συνιὼν
3236 5512 3588 5584 ἄνθρωπος)·
3628 5510 3656 5561 ό
3691 5507 3751 5559 δὲ
3808 5554 3815 5559 .

2172 5602 2506 5676 θρασύτερος
2527 5604 2801 5659 ἐδείκνυτο
2825 5605 3026 5675 μᾶλλον
3051 5607 3144 5659 καὶ
3169 5604 3362 5676 αὐτὴν,
3388 5602 3463 5666 ὡς
3494 5596 3629 5672 εἶχε,
3652 5598 3753 5668 τὴν
