  <div class='ocr_page' id='page_1' title='image "/cluster/home/n/w/nwhite01/storage/ocr_20150623/115:no.2/coo.31924054870195/063.png"; bbox 0 0 4108 6464; ppageno 0'>
   <div class='ocr_carea' id='block_1_1' title="bbox 443 402 539 467">
    <p class='ocr_par' dir='ltr' id='par_1_1' title="bbox 443 402 539 467">
     <span class='ocr_line' id='line_1_1' title="bbox 443 402 539 467; baseline 0 -1"><span class='ocrx_word' id='word_1_1' title='bbox 443 402 539 467; x_wconf 80' lang='lat' dir='ltr'><strong>lli</strong></span> 
     </span>
    </p>
   </div>
   <div class='ocr_carea' id='block_1_2' title="bbox 1750 391 2396 454">
    <p class='ocr_par' dir='ltr' id='par_1_2' title="bbox 1750 391 2396 454">
     <span class='ocr_line' id='line_1_2' title="bbox 1750 391 2396 454; baseline 0.002 -1"><span class='ocrx_word' id='word_1_2' title='bbox 1750 391 2034 453; x_wconf 81' lang='lat' dir='ltr'><strong>MENSIS</strong></span> <span class='ocrx_word' id='word_1_3' title='bbox 2068 391 2396 454; x_wconf 82' lang='lat' dir='ltr'><strong>APRILIS.</strong></span> 
     </span>
    </p>
   </div>
   <div class='ocr_carea' id='block_1_3' title="bbox 3592 384 3696 448">
    <p class='ocr_par' dir='ltr' id='par_1_3' title="bbox 3592 384 3696 448">
     <span class='ocr_line' id='line_1_3' title="bbox 3592 384 3696 448; baseline -0.01 0"><span class='ocrx_word' id='word_1_4' title='bbox 3592 384 3696 448; x_wconf 74' lang='lat'><strong>112</strong></span> 
     </span>
    </p>
   </div>
   <div class='ocr_carea' id='block_1_4' title="bbox 436 500 2003 592">
    <p class='ocr_par' dir='ltr' id='par_1_4' title="bbox 436 500 2003 575">
     <span class='ocr_line' id='line_1_4' title="bbox 436 500 2003 575; baseline -0.013 -3"><span class='ocrx_word' id='word_1_5' title='bbox 436 511 681 573; x_wconf 87' lang='lat' dir='ltr'><strong>recondit</strong></span> <span class='ocrx_word' id='word_1_6' title='bbox 708 519 762 566; x_wconf 92' lang='lat' dir='ltr'><strong>et</strong></span> <span class='ocrx_word' id='word_1_7' title='bbox 785 519 1023 564; x_wconf 88' lang='lat' dir='ltr'><strong>reservat</strong></span> <span class='ocrx_word' id='word_1_8' title='bbox 1057 507 1123 561; x_wconf 89' lang='lat' dir='ltr'><strong>iis</strong></span> <span class='ocrx_word' id='word_1_9' title='bbox 1152 504 1242 575; x_wconf 89' lang='lat' dir='ltr'><strong>qui</strong></span> <span class='ocrx_word' id='word_1_10' title='bbox 1286 505 1455 573; x_wconf 82' lang='lat' dir='ltr'><strong>ipsam</strong></span> <span class='ocrx_word' id='word_1_11' title='bbox 1482 501 1730 570; x_wconf 73' lang='lat' dir='ltr'><strong>diligunt.</strong></span> <span class='ocrx_word' id='word_1_12' title='bbox 1765 500 1823 555; x_wconf 86' lang='lat' dir='ltr'><strong>In</strong></span> <span class='ocrx_word' id='word_1_13' title='bbox 1860 517 2003 556; x_wconf 86' lang='lat' dir='ltr'><strong>sum-</strong></span> 
     </span>
    </p>
   </div>
   <div class='ocr_carea' id='block_1_5' title="bbox 2104 500 3697 592">
    <p class='ocr_par' dir='ltr' id='par_1_5' title="bbox 2117 514 3697 592">
     <span class='ocr_line' id='line_1_5' title="bbox 2117 514 3697 592; baseline -0.005 -16"><span class='ocrx_word' id='word_1_14' title='bbox 2117 523 2181 576; x_wconf 78' lang='grc' dir='ltr'><strong>σὺ</strong></span> <span class='ocrx_word' id='word_1_15' title='bbox 2204 523 2332 585; x_wconf 80' lang='grc' dir='ltr'><strong>τοὺς</strong></span> <span class='ocrx_word' id='word_1_16' title='bbox 2364 521 2495 592; x_wconf 76' lang='grc' dir='ltr'><strong>παρ’</strong></span> <span class='ocrx_word' id='word_1_17' title='bbox 2529 521 2657 590; x_wconf 81' lang='grc' dir='ltr'><strong>ὗμιν</strong></span> <span class='ocrx_word' id='word_1_18' title='bbox 2689 517 3042 588; x_wconf 75' lang='grc' dir='ltr'><strong>τιμωμένους</strong></span> <span class='ocrx_word' id='word_1_19' title='bbox 3072 515 3229 579; x_wconf 72' lang='grc' dir='ltr'><strong>θεοὺς</strong></span> <span class='ocrx_word' id='word_1_20' title='bbox 3260 514 3415 567; x_wconf 82' lang='grc' dir='ltr'><strong>οὐδὲν</strong></span> <span class='ocrx_word' id='word_1_21' title='bbox 3449 514 3636 586; x_wconf 76' lang='grc' dir='ltr'><strong>ἕτερον</strong></span> <span class='ocrx_word' id='word_1_22' title='bbox 3662 517 3697 586; x_wconf 73' lang='grc' dir='ltr'>ἢ</span> 
     </span>
    </p>
   </div>
   <div class='ocr_carea' id='block_1_6' title="bbox 441 592 2015 671">
    <p class='ocr_par' dir='ltr' id='par_1_6' title="bbox 441 592 2015 671">
     <span class='ocr_line' id='line_1_6' title="bbox 441 592 2015 671; baseline -0.007 -13"><span class='ocrx_word' id='word_1_23' title='bbox 441 620 527 658; x_wconf 83' lang='lat' dir='ltr'><strong>ma</strong></span> <span class='ocrx_word' id='word_1_24' title='bbox 559 611 760 667; x_wconf 87' lang='lat' dir='ltr'><strong>autem,</strong></span> <span class='ocrx_word' id='word_1_25' title='bbox 809 600 854 653; x_wconf 89' lang='lat' dir='ltr'><strong>si</strong></span> <span class='ocrx_word' id='word_1_26' title='bbox 915 598 1050 652; x_wconf 83' lang='lat' dir='ltr'><strong>velis</strong></span> <span class='ocrx_word' id='word_1_27' title='bbox 1102 606 1358 650; x_wconf 75' lang='lat' dir='ltr'><strong>accurate</strong></span> <span class='ocrx_word' id='word_1_28' title='bbox 1427 593 1729 658; x_wconf 89' lang='lat' dir='ltr'><strong>attendere,</strong></span> <span class='ocrx_word' id='word_1_29' title='bbox 1773 592 2015 671; x_wconf 49' lang='lat' dir='ltr'><strong>invenies</strong></span> 
     </span>
    </p>
   </div>
   <div class='ocr_carea' id='block_1_7' title="bbox 433 684 2012 762">
    <p class='ocr_par' dir='ltr' id='par_1_7' title="bbox 433 684 2012 762">
     <span class='ocr_line' id='line_1_7' title="bbox 433 684 2012 762; baseline -0.008 -13"><span class='ocrx_word' id='word_1_30' title='bbox 433 697 656 750; x_wconf 81' lang='lat' dir='ltr'><strong>omnino</strong></span> <span class='ocrx_word' id='word_1_31' title='bbox 682 705 734 748; x_wconf 93' lang='lat' dir='ltr'><strong>tu</strong></span> <span class='ocrx_word' id='word_1_32' title='bbox 762 705 978 762; x_wconf 86' lang='lat' dir='ltr'><strong>quoque</strong></span> <span class='ocrx_word' id='word_1_33' title='bbox 1003 702 1119 752; x_wconf 88' lang='lat' dir='ltr'><strong>eos,</strong></span> <span class='ocrx_word' id='word_1_34' title='bbox 1149 687 1240 756; x_wconf 85' lang='lat' dir='ltr'><strong>qui</strong></span> <span class='ocrx_word' id='word_1_35' title='bbox 1277 685 1420 756; x_wconf 86' lang='lat' dir='ltr'><strong>apud</strong></span> <span class='ocrx_word' id='word_1_36' title='bbox 1446 698 1542 739; x_wconf 82' lang='lat' dir='ltr'><strong>vos</strong></span> <span class='ocrx_word' id='word_1_37' title='bbox 1560 684 1836 747; x_wconf 90' lang='lat' dir='ltr'><strong>coluntur,</strong></span> <span class='ocrx_word' id='word_1_38' title='bbox 1860 684 2012 748; x_wconf 86' lang='lat' dir='ltr'><strong>deos,</strong></span> 
     </span>
    </p>
   </div>
   <div class='ocr_carea' id='block_1_8' title="bbox 435 775 2010 850">
    <p class='ocr_par' dir='ltr' id='par_1_8' title="bbox 435 775 2010 850">
     <span class='ocr_line' id='line_1_8' title="bbox 435 775 2010 850; baseline -0.01 -8"><span class='ocrx_word' id='word_1_39' title='bbox 435 789 566 843; x_wconf 72' lang='lat' dir='ltr'><strong>nihil</strong></span> <span class='ocrx_word' id='word_1_40' title='bbox 593 787 734 841; x_wconf 82' lang='lat' dir='ltr'><strong>aliud</strong></span> <span class='ocrx_word' id='word_1_41' title='bbox 781 798 902 838; x_wconf 87' lang='lat' dir='ltr'><strong>esse</strong></span> <span class='ocrx_word' id='word_1_42' title='bbox 963 796 1127 849; x_wconf 89' lang='lat' dir='ltr'><strong>quam</strong></span> <span class='ocrx_word' id='word_1_43' title='bbox 1186 793 1350 850; x_wconf 90' lang='lat' dir='ltr'><strong>opera</strong></span> <span class='ocrx_word' id='word_1_44' title='bbox 1418 791 1672 832; x_wconf 88' lang='lat' dir='ltr'><strong>manuum</strong></span> <span class='ocrx_word' id='word_1_45' title='bbox 1731 775 2010 830; x_wconf 81' lang='lat' dir='ltr'><strong>hominum</strong></span> 
     </span>
    </p>
   </div>
   <div class='ocr_carea' id='block_1_9' title="bbox 435 868 2012 942">
    <p class='ocr_par' dir='ltr' id='par_1_9' title="bbox 435 868 2012 942">
     <span class='ocr_line' id='line_1_9' title="bbox 435 868 2012 942; baseline -0.011 -6"><span class='ocrx_word' id='word_1_46' title='bbox 435 879 673 936; x_wconf 79' lang='lat' dir='ltr'><strong>inanima</strong></span> <span class='ocrx_word' id='word_1_47' title='bbox 730 885 783 930; x_wconf 93' lang='lat' dir='ltr'><strong>ct</strong></span> <span class='ocrx_word' id='word_1_48' title='bbox 848 874 1037 937; x_wconf 86' lang='lat' dir='ltr'><strong>surda,</strong></span> <span class='ocrx_word' id='word_1_49' title='bbox 1074 886 1196 942; x_wconf 67' lang='lat' dir='ltr'><strong>qua:</strong></span> <span class='ocrx_word' id='word_1_50' title='bbox 1252 871 1384 925; x_wconf 84' lang='lat' dir='ltr'><strong>nihil</strong></span> <span class='ocrx_word' id='word_1_51' title='bbox 1443 868 1685 933; x_wconf 88' lang='lat' dir='ltr'><strong>omnino,</strong></span> <span class='ocrx_word' id='word_1_52' title='bbox 1717 883 1822 922; x_wconf 93' lang='lat' dir='ltr'><strong>non</strong></span> <span class='ocrx_word' id='word_1_53' title='bbox 1853 868 2012 919; x_wconf 91' lang='lat' dir='ltr'><strong>modo</strong></span> 
     </span>
    </p>
   </div>
   <div class='ocr_carea' id='block_1_10' title="bbox 435 959 2007 1036">
    <p class='ocr_par' dir='ltr' id='par_1_10' title="bbox 435 959 2007 1036">
     <span class='ocr_line' id='line_1_10' title="bbox 435 959 2007 1036; baseline -0.006 -12"><span class='ocrx_word' id='word_1_54' title='bbox 435 973 579 1034; x_wconf 81' lang='lat' dir='ltr'><strong>aliis,</strong></span> <span class='ocrx_word' id='word_1_55' title='bbox 613 969 702 1024; x_wconf 86' lang='lat' dir='ltr'><strong>sed</strong></span> <span class='ocrx_word' id='word_1_56' title='bbox 731 983 795 1022; x_wconf 87' lang='lat' dir='ltr'><strong>ne</strong></span> <span class='ocrx_word' id='word_1_57' title='bbox 819 968 922 1021; x_wconf 83' lang='lat' dir='ltr'><strong>sibi</strong></span> <span class='ocrx_word' id='word_1_58' title='bbox 949 966 1166 1036; x_wconf 80' lang='lat' dir='ltr'><strong>quidem</strong></span> <span class='ocrx_word' id='word_1_59' title='bbox 1201 964 1354 1033; x_wconf 76' lang='lat' dir='ltr'><strong>ipsis,</strong></span> <span class='ocrx_word' id='word_1_60' title='bbox 1395 962 1603 1031; x_wconf 89' lang='lat' dir='ltr'><strong>possint</strong></span> <span class='ocrx_word' id='word_1_61' title='bbox 1637 963 1758 1030; x_wconf 92' lang='lat' dir='ltr'><strong>opis</strong></span> <span class='ocrx_word' id='word_1_62' title='bbox 1788 959 2007 1014; x_wconf 76' lang='lat' dir='ltr'><strong>afferre.</strong></span> 
     </span>
    </p>
   </div>
   <div class='ocr_carea' id='block_1_11' title="bbox 433 1051 2012 1129">
    <p class='ocr_par' dir='ltr' id='par_1_11' title="bbox 433 1051 2012 1129">
     <span class='ocr_line' id='line_1_11' title="bbox 433 1051 2012 1129; baseline -0.007 -12"><span class='ocrx_word' id='word_1_63' title='bbox 433 1062 490 1117; x_wconf 89' lang='lat' dir='ltr'><strong>Si</strong></span> <span class='ocrx_word' id='word_1_64' title='bbox 523 1077 652 1129; x_wconf 77' lang='lat' dir='ltr'><strong>ergo</strong></span> <span class='ocrx_word' id='word_1_65' title='bbox 683 1061 846 1113; x_wconf 84' lang='lat' dir='ltr'><strong>homo</strong></span> <span class='ocrx_word' id='word_1_66' title='bbox 903 1057 1121 1126; x_wconf 83' lang='lat' dir='ltr'><strong>quidem</strong></span> <span class='ocrx_word' id='word_1_67' title='bbox 1157 1066 1240 1111; x_wconf 84' lang='lat' dir='ltr'><strong>est</strong></span> <span class='ocrx_word' id='word_1_68' title='bbox 1295 1055 1386 1110; x_wconf 87' lang='lat' dir='ltr'><strong>Dei</strong></span> <span class='ocrx_word' id='word_1_69' title='bbox 1449 1069 1604 1120; x_wconf 86' lang='lat' dir='ltr'><strong>opus,</strong></span> <span class='ocrx_word' id='word_1_70' title='bbox 1635 1062 1692 1106; x_wconf 89' lang='lat' dir='ltr'><strong>ut</strong></span> <span class='ocrx_word' id='word_1_71' title='bbox 1721 1051 1814 1122; x_wconf 85' lang='lat' dir='ltr'><strong>qui</strong></span> <span class='ocrx_word' id='word_1_72' title='bbox 1846 1051 1914 1105; x_wconf 86' lang='lat' dir='ltr'><strong>ab</strong></span> <span class='ocrx_word' id='word_1_73' title='bbox 1944 1065 2012 1106; x_wconf 90' lang='lat' dir='ltr'><strong>co</strong></span> 
     </span>
    </p>
   </div>
   <div class='ocr_carea' id='block_1_12' title="bbox 429 1144 2013 1220">
    <p class='ocr_par' dir='ltr' id='par_1_12' title="bbox 429 1144 2013 1220">
     <span class='ocr_line' id='line_1_12' title="bbox 429 1144 2013 1220; baseline -0.007 -11"><span class='ocrx_word' id='word_1_74' title='bbox 429 1157 502 1210; x_wconf 85' lang='lat' dir='ltr'><strong>sit</strong></span> <span class='ocrx_word' id='word_1_75' title='bbox 530 1154 762 1219; x_wconf 84' lang='lat' dir='ltr'><strong>cllictus,</strong></span> <span class='ocrx_word' id='word_1_76' title='bbox 820 1166 938 1220; x_wconf 67' lang='lat' dir='ltr'><strong>quae</strong></span> <span class='ocrx_word' id='word_1_77' title='bbox 961 1164 1054 1204; x_wconf 81' lang='lat' dir='ltr'><strong>vos</strong></span> <span class='ocrx_word' id='word_1_78' title='bbox 1079 1158 1258 1203; x_wconf 87' lang='lat' dir='ltr'><strong>autem</strong></span> <span class='ocrx_word' id='word_1_79' title='bbox 1282 1145 1572 1200; x_wconf 82' lang='lat' dir='ltr'><strong>simulacra</strong></span> <span class='ocrx_word' id='word_1_80' title='bbox 1601 1144 1860 1210; x_wconf 89' lang='lat' dir='ltr'><strong>adoratis,</strong></span> <span class='ocrx_word' id='word_1_81' title='bbox 1885 1153 2013 1198; x_wconf 90' lang='lat' dir='ltr'><strong>sunt</strong></span> 
     </span>
    </p>
   </div>
   <div class='ocr_carea' id='block_1_13' title="bbox 432 1236 2010 1319">
    <p class='ocr_par' dir='ltr' id='par_1_13' title="bbox 432 1236 2010 1319">
     <span class='ocr_line' id='line_1_13' title="bbox 432 1236 2010 1319; baseline -0.009 -15"><span class='ocrx_word' id='word_1_82' title='bbox 432 1263 595 1319; x_wconf 82' lang='lat' dir='ltr'><strong>opera</strong></span> <span class='ocrx_word' id='word_1_83' title='bbox 625 1261 822 1300; x_wconf 82' lang='lat' dir='ltr'><strong>manus</strong></span> <span class='ocrx_word' id='word_1_84' title='bbox 851 1245 1103 1297; x_wconf 66' lang='lat' dir='ltr'><strong>humana:</strong></span> <span class='ocrx_word' id='word_1_85' title='bbox 1137 1258 1150 1295; x_wconf 92' lang='lat'><strong>:</strong></span> <span class='ocrx_word' id='word_1_86' title='bbox 1186 1243 1454 1308; x_wconf 73' lang='lat' dir='ltr'><strong>quomodo</strong></span> <span class='ocrx_word' id='word_1_87' title='bbox 1494 1237 1637 1308; x_wconf 88' lang='lat' dir='ltr'><strong>quis,</strong></span> <span class='ocrx_word' id='word_1_88' title='bbox 1695 1237 1799 1292; x_wconf 86' lang='lat' dir='ltr'><strong>nisi</strong></span> <span class='ocrx_word' id='word_1_89' title='bbox 1845 1236 2010 1291; x_wconf 82' lang='lat' dir='ltr'><strong>fuerit</strong></span> 
     </span>
    </p>
   </div>
   <div class='ocr_carea' id='block_1_14' title="bbox 432 1328 2006 1410">
    <p class='ocr_par' dir='ltr' id='par_1_14' title="bbox 432 1328 2006 1410">
     <span class='ocr_line' id='line_1_14' title="bbox 432 1328 2006 1410; baseline -0.007 -17"><span class='ocrx_word' id='word_1_90' title='bbox 432 1340 594 1410; x_wconf 84' lang='lat' dir='ltr'><strong>plane</strong></span> <span class='ocrx_word' id='word_1_91' title='bbox 621 1336 766 1392; x_wconf 92' lang='lat' dir='ltr'><strong>nullo</strong></span> <span class='ocrx_word' id='word_1_92' title='bbox 787 1349 947 1390; x_wconf 88' lang='lat' dir='ltr'><strong>sensu</strong></span> <span class='ocrx_word' id='word_1_93' title='bbox 979 1333 1254 1402; x_wconf 71' lang='lat' dir='ltr'><strong>praeditus,</strong></span> <span class='ocrx_word' id='word_1_94' title='bbox 1286 1341 1340 1384; x_wconf 93' lang='lat' dir='ltr'><strong>et</strong></span> <span class='ocrx_word' id='word_1_95' title='bbox 1368 1331 1526 1400; x_wconf 78' lang='lat' dir='ltr'><strong>plane</strong></span> <span class='ocrx_word' id='word_1_96' title='bbox 1560 1330 1657 1384; x_wconf 88' lang='lat' dir='ltr'><strong>bos</strong></span> <span class='ocrx_word' id='word_1_97' title='bbox 1688 1339 1742 1384; x_wconf 90' lang='lat' dir='ltr'><strong>et</strong></span> <span class='ocrx_word' id='word_1_98' title='bbox 1796 1328 2006 1392; x_wconf 80' lang='lat' dir='ltr'><strong>asinus,</strong></span> 
     </span>
    </p>
   </div>
   <div class='ocr_carea' id='block_1_15' title="bbox 432 1419 2009 1499">
    <p class='ocr_par' dir='ltr' id='par_1_15' title="bbox 432 1419 2009 1499">
     <span class='ocr_line' id='line_1_15' title="bbox 432 1419 2009 1499; baseline -0.006 -15"><span class='ocrx_word' id='word_1_99' title='bbox 432 1432 520 1495; x_wconf 90' lang='lat' dir='ltr'><strong>iis,</strong></span> <span class='ocrx_word' id='word_1_100' title='bbox 551 1444 671 1499; x_wconf 69' lang='lat' dir='ltr'><strong>quae</strong></span> <span class='ocrx_word' id='word_1_101' title='bbox 695 1427 811 1496; x_wconf 84' lang='lat' dir='ltr'><strong>ipse</strong></span> <span class='ocrx_word' id='word_1_102' title='bbox 831 1435 912 1481; x_wconf 89' lang='lat' dir='ltr'><strong>est</strong></span> <span class='ocrx_word' id='word_1_103' title='bbox 938 1424 1256 1485; x_wconf 76' lang='lat' dir='ltr'><strong>fabricatus,</strong></span> <span class='ocrx_word' id='word_1_104' title='bbox 1277 1422 1534 1475; x_wconf 87' lang='lat' dir='ltr'><strong>honorem</strong></span> <span class='ocrx_word' id='word_1_105' title='bbox 1569 1419 1856 1474; x_wconf 82' lang='lat' dir='ltr'><strong>tribuerit?</strong></span> <span class='ocrx_word' id='word_1_106' title='bbox 1885 1435 2009 1474; x_wconf 91' lang='lat' dir='ltr'><strong>cum</strong></span> 
     </span>
    </p>
   </div>
   <div class='ocr_carea' id='block_1_16' title="bbox 429 1508 2008 1589">
    <p class='ocr_par' dir='ltr' id='par_1_16' title="bbox 429 1508 2008 1589">
     <span class='ocr_line' id='line_1_16' title="bbox 429 1508 2008 1589; baseline -0.007 -14"><span class='ocrx_word' id='word_1_107' title='bbox 429 1526 707 1589; x_wconf 80' lang='lat' dir='ltr'><strong>oporteret</strong></span> <span class='ocrx_word' id='word_1_108' title='bbox 730 1515 818 1570; x_wconf 82' lang='lat' dir='ltr'><strong>illa</strong></span> <span class='ocrx_word' id='word_1_109' title='bbox 857 1514 1029 1582; x_wconf 83' lang='lat' dir='ltr'><strong>magis</strong></span> <span class='ocrx_word' id='word_1_110' title='bbox 1051 1527 1181 1566; x_wconf 89' lang='lat' dir='ltr'><strong>suos</strong></span> <span class='ocrx_word' id='word_1_111' title='bbox 1215 1513 1482 1565; x_wconf 84' lang='lat' dir='ltr'><strong>honorare</strong></span> <span class='ocrx_word' id='word_1_112' title='bbox 1505 1509 1752 1578; x_wconf 81' lang='lat' dir='ltr'><strong>opiﬁces,</strong></span> <span class='ocrx_word' id='word_1_113' title='bbox 1789 1508 1835 1563; x_wconf 87' lang='lat' dir='ltr'><strong>si</strong></span> <span class='ocrx_word' id='word_1_114' title='bbox 1882 1508 2008 1578; x_wconf 85' lang='lat' dir='ltr'><strong>quis</strong></span> 
     </span>
    </p>
   </div>
   <div class='ocr_carea' id='block_1_17' title="bbox 428 1601 2006 1672">
    <p class='ocr_par' dir='ltr' id='par_1_17' title="bbox 428 1601 2006 1672">
     <span class='ocr_line' id='line_1_17' title="bbox 428 1601 2006 1672; baseline -0.006 -7"><span class='ocrx_word' id='word_1_115' title='bbox 428 1612 639 1666; x_wconf 78' lang='lat' dir='ltr'><strong>inesset</strong></span> <span class='ocrx_word' id='word_1_116' title='bbox 676 1609 774 1664; x_wconf 73' lang='lat' dir='ltr'><strong>eis</strong></span> <span class='ocrx_word' id='word_1_117' title='bbox 829 1605 1064 1661; x_wconf 82' lang='lat' dir='ltr'><strong>sensus?</strong></span> <span class='ocrx_word' id='word_1_118' title='bbox 1094 1605 1359 1671; x_wconf 87' lang='lat' dir='ltr'><strong>Quoniam</strong></span> <span class='ocrx_word' id='word_1_119' title='bbox 1419 1617 1550 1672; x_wconf 79' lang='lat' dir='ltr'><strong>ergo</strong></span> <span class='ocrx_word' id='word_1_120' title='bbox 1605 1601 1890 1657; x_wconf 77' lang='lat' dir='ltr'><strong>confessus</strong></span> <span class='ocrx_word' id='word_1_121' title='bbox 1923 1617 2006 1668; x_wconf 88' lang='lat' dir='ltr'><strong>es,</strong></span> 
     </span>
    </p>
   </div>
   <div class='ocr_carea' id='block_1_18' title="bbox 433 1689 2009 1763">
    <p class='ocr_par' dir='ltr' id='par_1_18' title="bbox 433 1689 2009 1763">
     <span class='ocr_line' id='line_1_18' title="bbox 433 1689 2009 1763; baseline -0.006 -12"><span class='ocrx_word' id='word_1_122' title='bbox 433 1712 532 1752; x_wconf 91' lang='lat' dir='ltr'><strong>nos</strong></span> <span class='ocrx_word' id='word_1_123' title='bbox 567 1710 694 1750; x_wconf 86' lang='lat' dir='ltr'><strong>esse</strong></span> <span class='ocrx_word' id='word_1_124' title='bbox 746 1693 1134 1763; x_wconf 81' lang='lat' dir='ltr'><strong>intelligentes,</strong></span> <span class='ocrx_word' id='word_1_125' title='bbox 1163 1700 1218 1744; x_wconf 92' lang='lat' dir='ltr'><strong>et</strong></span> <span class='ocrx_word' id='word_1_126' title='bbox 1249 1691 1380 1757; x_wconf 89' lang='lat' dir='ltr'><strong>scis,</strong></span> <span class='ocrx_word' id='word_1_127' title='bbox 1409 1690 1551 1759; x_wconf 93' lang='lat' dir='ltr'><strong>quod</strong></span> <span class='ocrx_word' id='word_1_128' title='bbox 1577 1689 1764 1754; x_wconf 87' lang='lat' dir='ltr'><strong>homo,</strong></span> <span class='ocrx_word' id='word_1_129' title='bbox 1799 1689 1892 1758; x_wconf 88' lang='lat' dir='ltr'><strong>qui</strong></span> <span class='ocrx_word' id='word_1_130' title='bbox 1925 1697 2009 1743; x_wconf 88' lang='lat' dir='ltr'><strong>est</strong></span> 
     </span>
    </p>
   </div>
   <div class='ocr_carea' id='block_1_19' title="bbox 431 1780 2003 1852">
    <p class='ocr_par' dir='ltr' id='par_1_19' title="bbox 431 1780 2003 1852">
     <span class='ocr_line' id='line_1_19' title="bbox 431 1780 2003 1852; baseline -0.006 -10"><span class='ocrx_word' id='word_1_131' title='bbox 431 1804 576 1842; x_wconf 76' lang='lat' dir='ltr'><strong>sana:</strong></span> <span class='ocrx_word' id='word_1_132' title='bbox 605 1787 824 1848; x_wconf 86' lang='lat' dir='ltr'><strong>mentis,</strong></span> <span class='ocrx_word' id='word_1_133' title='bbox 857 1797 1132 1851; x_wconf 75' lang='lat' dir='ltr'><strong>nunquam</strong></span> <span class='ocrx_word' id='word_1_134' title='bbox 1157 1783 1380 1837; x_wconf 62' lang='lat' dir='ltr'><strong>s&#39;eritati</strong></span> <span class='ocrx_word' id='word_1_135' title='bbox 1417 1782 1490 1848; x_wconf 88' lang='lat' dir='ltr'><strong>id,</strong></span> <span class='ocrx_word' id='word_1_136' title='bbox 1511 1782 1654 1852; x_wconf 91' lang='lat' dir='ltr'><strong>quod</strong></span> <span class='ocrx_word' id='word_1_137' title='bbox 1678 1788 1760 1836; x_wconf 88' lang='lat' dir='ltr'><strong>est</strong></span> <span class='ocrx_word' id='word_1_138' title='bbox 1787 1780 2003 1848; x_wconf 76' lang='lat' dir='ltr'><strong>falsum,</strong></span> 
     </span>
    </p>
   </div>
   <div class='ocr_carea' id='block_1_20' title="bbox 431 1869 2007 1950">
    <p class='ocr_par' dir='ltr' id='par_1_20' title="bbox 431 1869 2007 1950">
     <span class='ocr_line' id='line_1_20' title="bbox 431 1869 2007 1950; baseline -0.004 -17"><span class='ocrx_word' id='word_1_139' title='bbox 431 1879 747 1950; x_wconf 56' lang='lat' dir='ltr'><strong>pratulerit,</strong></span> <span class='ocrx_word' id='word_1_140' title='bbox 783 1878 1002 1931; x_wconf 79' lang='lat' dir='ltr'><strong>adverte</strong></span> <span class='ocrx_word' id='word_1_141' title='bbox 1029 1869 1298 1940; x_wconf 82' lang='lat' dir='ltr'><strong>animum,</strong></span> <span class='ocrx_word' id='word_1_142' title='bbox 1327 1884 1383 1929; x_wconf 86' lang='lat' dir='ltr'><strong>et</strong></span> <span class='ocrx_word' id='word_1_143' title='bbox 1419 1875 1485 1928; x_wconf 91' lang='lat' dir='ltr'><strong>de</strong></span> <span class='ocrx_word' id='word_1_144' title='bbox 1513 1888 1598 1939; x_wconf 90' lang='lat' dir='ltr'><strong>eo,</strong></span> <span class='ocrx_word' id='word_1_145' title='bbox 1631 1873 1722 1944; x_wconf 91' lang='lat' dir='ltr'><strong>qui</strong></span> <span class='ocrx_word' id='word_1_146' title='bbox 1771 1887 1898 1929; x_wconf 86' lang='lat' dir='ltr'><strong>vere</strong></span> <span class='ocrx_word' id='word_1_147' title='bbox 1923 1880 2007 1929; x_wconf 87' lang='lat' dir='ltr'><strong>est</strong></span> 
     </span>
    </p>
   </div>
   <div class='ocr_carea' id='block_1_21' title="bbox 429 1965 1786 2043">
    <p class='ocr_par' dir='ltr' id='par_1_21' title="bbox 429 1965 1786 2043">
     <span class='ocr_line' id='line_1_21' title="bbox 429 1965 1786 2043; baseline -0.006 -13"><span class='ocrx_word' id='word_1_148' title='bbox 429 1973 622 2043; x_wconf 75' lang='lat' dir='ltr'><strong>Opifex</strong></span> <span class='ocrx_word' id='word_1_149' title='bbox 644 1971 1045 2034; x_wconf 87' lang='lat' dir='ltr'><strong>universorum,</strong></span> <span class='ocrx_word' id='word_1_150' title='bbox 1077 1969 1224 2022; x_wconf 85' lang='lat' dir='ltr'><strong>disce</strong></span> <span class='ocrx_word' id='word_1_151' title='bbox 1244 1982 1284 2021; x_wconf 82' lang='lat' dir='ltr'><strong>.a</strong></span> <span class='ocrx_word' id='word_1_152' title='bbox 1320 1965 1574 2022; x_wconf 72' lang='lat' dir='ltr'><strong>veridicis</strong></span> <span class='ocrx_word' id='word_1_153' title='bbox 1599 1966 1786 2022; x_wconf 87' lang='lat' dir='ltr'><strong>labris.</strong></span> 
     </span>
    </p>
   </div>
   <div class='ocr_carea' id='block_1_22' title="bbox 501 2057 2002 2131">
    <p class='ocr_par' dir='ltr' id='par_1_22' title="bbox 501 2057 2002 2131">
     <span class='ocr_line' id='line_1_22' title="bbox 501 2057 2002 2131; baseline -0.004 -13"><span class='ocrx_word' id='word_1_154' title='bbox 501 2063 593 2121; x_wconf 72' lang='lat' dir='ltr'><strong>Vl.</strong></span> <span class='ocrx_word' id='word_1_155' title='bbox 620 2063 760 2118; x_wconf 85' lang='lat' dir='ltr'><strong>Deus</strong></span> <span class='ocrx_word' id='word_1_156' title='bbox 792 2071 982 2131; x_wconf 86' lang='lat' dir='ltr'><strong>suapte</strong></span> <span class='ocrx_word' id='word_1_157' title='bbox 1006 2067 1200 2114; x_wconf 79' lang='lat' dir='ltr'><strong>natura</strong></span> <span class='ocrx_word' id='word_1_158' title='bbox 1232 2073 1335 2113; x_wconf 89' lang='lat' dir='ltr'><strong>non</strong></span> <span class='ocrx_word' id='word_1_159' title='bbox 1368 2067 1548 2128; x_wconf 89' lang='lat' dir='ltr'><strong>potest</strong></span> <span class='ocrx_word' id='word_1_160' title='bbox 1585 2057 1959 2112; x_wconf 83' lang='lat' dir='ltr'><strong>circumscribi</strong></span> <span class='ocrx_word' id='word_1_161' title='bbox 1986 2072 2002 2112; x_wconf 89' lang='lat'><strong>:</strong></span> 
     </span>
    </p>
   </div>
   <div class='ocr_carea' id='block_1_23' title="bbox 429 2147 2007 2223">
    <p class='ocr_par' dir='ltr' id='par_1_23' title="bbox 429 2147 2007 2223">
     <span class='ocr_line' id='line_1_23' title="bbox 429 2147 2007 2223; baseline -0.007 -11"><span class='ocrx_word' id='word_1_162' title='bbox 429 2167 512 2212; x_wconf 90' lang='lat' dir='ltr'><strong>est</strong></span> <span class='ocrx_word' id='word_1_163' title='bbox 536 2155 678 2210; x_wconf 89' lang='lat' dir='ltr'><strong>enim</strong></span> <span class='ocrx_word' id='word_1_164' title='bbox 701 2153 990 2223; x_wconf 81' lang='lat' dir='ltr'><strong>ejusmodi.</strong></span> <span class='ocrx_word' id='word_1_165' title='bbox 1020 2163 1077 2205; x_wconf 84' lang='lat' dir='ltr'><strong>ut</strong></span> <span class='ocrx_word' id='word_1_166' title='bbox 1097 2152 1299 2205; x_wconf 79' lang='lat' dir='ltr'><strong>ineunt</strong></span> <span class='ocrx_word' id='word_1_167' title='bbox 1327 2165 1434 2205; x_wconf 89' lang='lat' dir='ltr'><strong>non</strong></span> <span class='ocrx_word' id='word_1_168' title='bbox 1461 2148 1622 2205; x_wconf 82' lang='lat' dir='ltr'><strong>cadat</strong></span> <span class='ocrx_word' id='word_1_169' title='bbox 1651 2148 1872 2204; x_wconf 80' lang='lat' dir='ltr'><strong>omnino</strong></span> <span class='ocrx_word' id='word_1_170' title='bbox 1902 2147 2007 2202; x_wconf 89' lang='lat' dir='ltr'><strong>cir-</strong></span> 
     </span>
    </p>
   </div>
   <div class='ocr_carea' id='block_1_24' title="bbox 429 2242 2006 2318">
    <p class='ocr_par' dir='ltr' id='par_1_24' title="bbox 429 2242 2006 2318">
     <span class='ocr_line' id='line_1_24' title="bbox 429 2242 2006 2318; baseline -0.006 -13"><span class='ocrx_word' id='word_1_171' title='bbox 429 2249 806 2318; x_wconf 76' lang='lat' dir='ltr'><strong>cumscriptio,</strong></span> <span class='ocrx_word' id='word_1_172' title='bbox 865 2257 920 2302; x_wconf 90' lang='lat' dir='ltr'><strong>et</strong></span> <span class='ocrx_word' id='word_1_173' title='bbox 964 2252 1187 2315; x_wconf 87' lang='lat' dir='ltr'><strong>superat</strong></span> <span class='ocrx_word' id='word_1_174' title='bbox 1217 2257 1457 2308; x_wconf 83' lang='lat' dir='ltr'><strong>omnem,</strong></span> <span class='ocrx_word' id='word_1_175' title='bbox 1489 2257 1612 2312; x_wconf 71' lang='lat' dir='ltr'><strong>qua:</strong></span> <span class='ocrx_word' id='word_1_176' title='bbox 1647 2242 1699 2296; x_wconf 91' lang='lat' dir='ltr'><strong>in</strong></span> <span class='ocrx_word' id='word_1_177' title='bbox 1761 2251 2006 2310; x_wconf 84' lang='lat' dir='ltr'><strong>tempore</strong></span> 
     </span>
    </p>
   </div>
   <div class='ocr_carea' id='block_1_25' title="bbox 428 2331 2007 2412">
    <p class='ocr_par' dir='ltr' id='par_1_25' title="bbox 428 2331 2007 2412">
     <span class='ocr_line' id='line_1_25' title="bbox 428 2331 2007 2412; baseline -0.008 -16"><span class='ocrx_word' id='word_1_178' title='bbox 428 2341 741 2412; x_wconf 83' lang='lat' dir='ltr'><strong>suscipitur,</strong></span> <span class='ocrx_word' id='word_1_179' title='bbox 766 2337 1167 2408; x_wconf 80' lang='lat' dir='ltr'><strong>cogitationem.</strong></span> <span class='ocrx_word' id='word_1_180' title='bbox 1191 2333 1444 2403; x_wconf 75' lang='lat' dir='ltr'><strong>Namque</strong></span> <span class='ocrx_word' id='word_1_181' title='bbox 1457 2331 2007 2402; x_wconf 72' lang='lat' dir='ltr'><strong>tctnporumCreator</strong></span> 
     </span>
    </p>
   </div>
   <div class='ocr_carea' id='block_1_26' title="bbox 431 2424 2004 2501">
    <p class='ocr_par' dir='ltr' id='par_1_26' title="bbox 431 2424 2004 2501">
     <span class='ocr_line' id='line_1_26' title="bbox 431 2424 2004 2501; baseline -0.006 -15"><span class='ocrx_word' id='word_1_182' title='bbox 431 2449 536 2488; x_wconf 86' lang='lat' dir='ltr'><strong>non</strong></span> <span class='ocrx_word' id='word_1_183' title='bbox 554 2430 841 2501; x_wconf 86' lang='lat' dir='ltr'><strong>subjicitur</strong></span> <span class='ocrx_word' id='word_1_184' title='bbox 859 2429 1106 2498; x_wconf 89' lang='lat' dir='ltr'><strong>tempori.</strong></span> <span class='ocrx_word' id='word_1_185' title='bbox 1127 2425 1484 2492; x_wconf 84' lang='lat' dir='ltr'><strong>Quamobrem</strong></span> <span class='ocrx_word' id='word_1_186' title='bbox 1501 2439 1597 2478; x_wconf 88' lang='lat' dir='ltr'><strong>nec</strong></span> <span class='ocrx_word' id='word_1_187' title='bbox 1614 2425 1777 2493; x_wconf 69' lang='lat' dir='ltr'><strong>coepit</strong></span> <span class='ocrx_word' id='word_1_188' title='bbox 1790 2424 2004 2492; x_wconf 81' lang='lat' dir='ltr'><strong>quidem</strong></span> 
     </span>
    </p>
   </div>
   <div class='ocr_carea' id='block_1_27' title="bbox 428 2517 2000 2588">
    <p class='ocr_par' dir='ltr' id='par_1_27' title="bbox 428 2517 2000 2588">
     <span class='ocr_line' id='line_1_27' title="bbox 428 2517 2000 2588; baseline -0.007 -9"><span class='ocrx_word' id='word_1_189' title='bbox 428 2539 569 2580; x_wconf 86' lang='lat' dir='ltr'><strong>csse.</strong></span> <span class='ocrx_word' id='word_1_190' title='bbox 593 2521 788 2578; x_wconf 78' lang='lat' dir='ltr'><strong>Omnia</strong></span> <span class='ocrx_word' id='word_1_191' title='bbox 818 2531 1021 2585; x_wconf 88' lang='lat' dir='ltr'><strong>atttem,</strong></span> <span class='ocrx_word' id='word_1_192' title='bbox 1054 2532 1160 2573; x_wconf 89' lang='lat' dir='ltr'><strong>tam</strong></span> <span class='ocrx_word' id='word_1_193' title='bbox 1191 2534 1310 2588; x_wconf 74' lang='lat' dir='ltr'><strong>qttte</strong></span> <span class='ocrx_word' id='word_1_194' title='bbox 1338 2518 1440 2572; x_wconf 83' lang='lat' dir='ltr'><strong>sub</strong></span> <span class='ocrx_word' id='word_1_195' title='bbox 1469 2525 1745 2585; x_wconf 76' lang='lat' dir='ltr'><strong>aspectum</strong></span> <span class='ocrx_word' id='word_1_196' title='bbox 1780 2517 2000 2582; x_wconf 86' lang='lat' dir='ltr'><strong>cadunt,</strong></span> 
     </span>
    </p>
   </div>
   <div class='ocr_carea' id='block_1_28' title="bbox 428 2609 2000 2687">
    <p class='ocr_par' dir='ltr' id='par_1_28' title="bbox 428 2609 2000 2687">
     <span class='ocr_line' id='line_1_28' title="bbox 428 2609 2000 2687; baseline -0.004 -20"><span class='ocrx_word' id='word_1_197' title='bbox 428 2632 589 2687; x_wconf 81' lang='lat' dir='ltr'><strong>quam</strong></span> <span class='ocrx_word' id='word_1_198' title='bbox 619 2629 739 2684; x_wconf 73' lang='lat' dir='ltr'><strong>qua:</strong></span> <span class='ocrx_word' id='word_1_199' title='bbox 769 2622 949 2667; x_wconf 87' lang='lat' dir='ltr'><strong>mente</strong></span> <span class='ocrx_word' id='word_1_200' title='bbox 977 2611 1366 2682; x_wconf 87' lang='lat' dir='ltr'><strong>percipiuntur,</strong></span> <span class='ocrx_word' id='word_1_201' title='bbox 1401 2610 1466 2662; x_wconf 89' lang='lat' dir='ltr'><strong>ad</strong></span> <span class='ocrx_word' id='word_1_202' title='bbox 1518 2609 1646 2673; x_wconf 90' lang='lat' dir='ltr'><strong>hoc,</strong></span> <span class='ocrx_word' id='word_1_203' title='bbox 1681 2609 1824 2678; x_wconf 86' lang='lat' dir='ltr'><strong>quod</strong></span> <span class='ocrx_word' id='word_1_204' title='bbox 1871 2609 2000 2674; x_wconf 83' lang='lat' dir='ltr'><strong>sint,</strong></span> 
     </span>
    </p>
   </div>
   <div class='ocr_carea' id='block_1_29' title="bbox 428 2699 2006 2777">
    <p class='ocr_par' dir='ltr' id='par_1_29' title="bbox 428 2699 2006 2777">
     <span class='ocr_line' id='line_1_29' title="bbox 428 2699 2006 2777; baseline -0.003 -19"><span class='ocrx_word' id='word_1_205' title='bbox 428 2707 704 2777; x_wconf 76' lang='lat' dir='ltr'><strong>produxit.</strong></span> <span class='ocrx_word' id='word_1_206' title='bbox 746 2704 917 2758; x_wconf 83' lang='lat' dir='ltr'><strong>llomo</strong></span> <span class='ocrx_word' id='word_1_207' title='bbox 945 2717 1074 2770; x_wconf 75' lang='lat' dir='ltr'><strong>ergo</strong></span> <span class='ocrx_word' id='word_1_208' title='bbox 1106 2717 1228 2756; x_wconf 89' lang='lat' dir='ltr'><strong>cum</strong></span> <span class='ocrx_word' id='word_1_209' title='bbox 1257 2710 1401 2757; x_wconf 84' lang='lat' dir='ltr'><strong>esset</strong></span> <span class='ocrx_word' id='word_1_210' title='bbox 1450 2715 1480 2754; x_wconf 86' lang='lat' dir='ltr'><strong>a</strong></span> <span class='ocrx_word' id='word_1_211' title='bbox 1519 2699 1626 2755; x_wconf 87' lang='lat' dir='ltr'><strong>Deo</strong></span> <span class='ocrx_word' id='word_1_212' title='bbox 1673 2699 1900 2766; x_wconf 79' lang='lat' dir='ltr'><strong>eﬂictns,</strong></span> <span class='ocrx_word' id='word_1_213' title='bbox 1951 2709 2006 2754; x_wconf 89' lang='lat' dir='ltr'><strong>et</strong></span> 
     </span>
    </p>
   </div>
   <div class='ocr_carea' id='block_1_30' title="bbox 427 2792 2007 2862">
    <p class='ocr_par' dir='ltr' id='par_1_30' title="bbox 427 2792 2007 2862">
     <span class='ocr_line' id='line_1_30' title="bbox 427 2792 2007 2862; baseline -0.004 -11"><span class='ocrx_word' id='word_1_214' title='bbox 427 2799 477 2852; x_wconf 90' lang='lat' dir='ltr'><strong>ci</strong></span> <span class='ocrx_word' id='word_1_215' title='bbox 509 2806 652 2852; x_wconf 80' lang='lat' dir='ltr'><strong>esset</strong></span> <span class='ocrx_word' id='word_1_216' title='bbox 687 2795 948 2850; x_wconf 87' lang='lat' dir='ltr'><strong>tributum</strong></span> <span class='ocrx_word' id='word_1_217' title='bbox 979 2803 1036 2847; x_wconf 92' lang='lat' dir='ltr'><strong>ut</strong></span> <span class='ocrx_word' id='word_1_218' title='bbox 1071 2793 1338 2848; x_wconf 75' lang='lat' dir='ltr'><strong>habitaret</strong></span> <span class='ocrx_word' id='word_1_219' title='bbox 1369 2793 1704 2862; x_wconf 83' lang='lat' dir='ltr'><strong>paradisum,</strong></span> <span class='ocrx_word' id='word_1_220' title='bbox 1731 2803 1785 2845; x_wconf 91' lang='lat' dir='ltr'><strong>et</strong></span> <span class='ocrx_word' id='word_1_221' title='bbox 1811 2792 1876 2844; x_wconf 83' lang='lat' dir='ltr'><strong>ad</strong></span> <span class='ocrx_word' id='word_1_222' title='bbox 1894 2806 2007 2845; x_wconf 78' lang='lat' dir='ltr'><strong>ma-</strong></span> 
     </span>
    </p>
   </div>
   <div class='ocr_carea' id='block_1_31' title="bbox 422 2881 2002 2956">
    <p class='ocr_par' dir='ltr' id='par_1_31' title="bbox 422 2881 2002 2956">
     <span class='ocr_line' id='line_1_31' title="bbox 422 2881 2002 2956; baseline -0.007 -13"><span class='ocrx_word' id='word_1_223' title='bbox 422 2891 497 2954; x_wconf 79' lang='lat' dir='ltr'><strong>jor</strong></span> <span class='ocrx_word' id='word_1_224' title='bbox 512 2889 557 2942; x_wconf 84' lang='lat' dir='ltr'><strong>is</strong></span> <span class='ocrx_word' id='word_1_225' title='bbox 579 2884 855 2956; x_wconf 78' lang='lat' dir='ltr'><strong>profectus</strong></span> <span class='ocrx_word' id='word_1_226' title='bbox 875 2883 1318 2938; x_wconf 77' lang='lat' dir='ltr'><strong>exercitationem</strong></span> <span class='ocrx_word' id='word_1_227' title='bbox 1344 2881 1642 2950; x_wconf 85' lang='lat' dir='ltr'><strong>accepisset</strong></span> <span class='ocrx_word' id='word_1_228' title='bbox 1662 2881 2002 2948; x_wconf 87' lang='lat' dir='ltr'><strong>mandatum,</strong></span> 
     </span>
    </p>
   </div>
   <div class='ocr_carea' id='block_1_32' title="bbox 429 2971 2002 3037">
    <p class='ocr_par' dir='ltr' id='par_1_32' title="bbox 429 2971 2002 3037">
     <span class='ocr_line' id='line_1_32' title="bbox 429 2971 2002 3037; baseline -0.004 -4"><span class='ocrx_word' id='word_1_229' title='bbox 429 2977 631 3033; x_wconf 82' lang='lat' dir='ltr'><strong>invidia</strong></span> <span class='ocrx_word' id='word_1_230' title='bbox 688 2974 886 3031; x_wconf 84' lang='lat' dir='ltr'><strong>diaboli</strong></span> <span class='ocrx_word' id='word_1_231' title='bbox 943 2973 1172 3029; x_wconf 69' lang='lat' dir='ltr'><strong>allectus</strong></span> <span class='ocrx_word' id='word_1_232' title='bbox 1222 2972 1412 3028; x_wconf 91' lang='lat' dir='ltr'><strong>morbo</strong></span> <span class='ocrx_word' id='word_1_233' title='bbox 1467 2971 2002 3037; x_wconf 70' lang='lat' dir='ltr'><strong>inobedientim,.non</strong></span> 
     </span>
    </p>
   </div>
   <div class='ocr_carea' id='block_1_33' title="bbox 428 3061 2005 3136">
    <p class='ocr_par' dir='ltr' id='par_1_33' title="bbox 428 3061 2005 3136">
     <span class='ocr_line' id='line_1_33' title="bbox 428 3061 2005 3136; baseline -0.001 -18"><span class='ocrx_word' id='word_1_234' title='bbox 428 3082 589 3136; x_wconf 82' lang='lat' dir='ltr'><strong>posse</strong></span> <span class='ocrx_word' id='word_1_235' title='bbox 640 3063 885 3128; x_wconf 88' lang='lat' dir='ltr'><strong>interire,</strong></span> <span class='ocrx_word' id='word_1_236' title='bbox 919 3061 1245 3134; x_wconf 85' lang='lat' dir='ltr'><strong>permutavit</strong></span> <span class='ocrx_word' id='word_1_237' title='bbox 1283 3061 1504 3117; x_wconf 90' lang='lat' dir='ltr'><strong>interitu</strong></span> <span class='ocrx_word' id='word_1_238' title='bbox 1538 3079 1551 3118; x_wconf 90' lang='lat'><strong>:</strong></span> <span class='ocrx_word' id='word_1_239' title='bbox 1589 3071 1794 3118; x_wconf 83' lang='lat' dir='ltr'><strong>etcum</strong></span> <span class='ocrx_word' id='word_1_240' title='bbox 1825 3065 2005 3117; x_wconf 79' lang='lat' dir='ltr'><strong>carnis</strong></span> 
     </span>
    </p>
   </div>
   <div class='ocr_carea' id='block_1_34' title="bbox 2115 603 3697 682">
    <p class='ocr_par' dir='ltr' id='par_1_34' title="bbox 2115 603 3697 682">
     <span class='ocr_line' id='line_1_34' title="bbox 2115 603 3697 682; baseline -0.003 -19"><span class='ocrx_word' id='word_1_241' title='bbox 2115 611 2251 681; x_wconf 83' lang='grc' dir='ltr'><strong>ἔργα</strong></span> <span class='ocrx_word' id='word_1_242' title='bbox 2277 611 2476 682; x_wconf 83' lang='grc' dir='ltr'><strong>χειρῶν</strong></span> <span class='ocrx_word' id='word_1_243' title='bbox 2508 607 2816 678; x_wconf 83' lang='grc' dir='ltr'><strong>ἀνθρώπων</strong></span> <span class='ocrx_word' id='word_1_244' title='bbox 2863 606 3049 676; x_wconf 74' lang='grc' dir='ltr'><strong>ἄψυχα</strong></span> <span class='ocrx_word' id='word_1_245' title='bbox 3099 606 3194 657; x_wconf 72' lang='grc' dir='ltr'><strong>καὶ</strong></span> <span class='ocrx_word' id='word_1_246' title='bbox 3221 603 3399 673; x_wconf 81' lang='grc' dir='ltr'><strong>κωφὰ,</strong></span> <span class='ocrx_word' id='word_1_247' title='bbox 3433 605 3496 658; x_wconf 89' lang='grc' dir='ltr'><strong>οὐ</strong></span> <span class='ocrx_word' id='word_1_248' title='bbox 3533 604 3697 673; x_wconf 89' lang='grc' dir='ltr'><strong>μόνον</strong></span> 
     </span>
    </p>
   </div>
   <div class='ocr_carea' id='block_1_35' title="bbox 2112 689 3698 762">
    <p class='ocr_par' dir='ltr' id='par_1_35' title="bbox 2112 689 3698 762">
     <span class='ocr_line' id='line_1_35' title="bbox 2112 689 3698 762; baseline -0.008 -8"><span class='ocrx_word' id='word_1_249' title='bbox 2112 701 2295 762; x_wconf 79' lang='grc' dir='ltr'><strong>ἄλλοις</strong></span> <span class='ocrx_word' id='word_1_250' title='bbox 2344 699 2452 752; x_wconf 85' lang='grc' dir='ltr'><strong>οὐδ’</strong></span> <span class='ocrx_word' id='word_1_251' title='bbox 2483 695 2684 762; x_wconf 80' lang='grc' dir='ltr'><strong>ὁτιοῦν,</strong></span> <span class='ocrx_word' id='word_1_252' title='bbox 2747 693 2886 748; x_wconf 85' lang='grc' dir='ltr'><strong>ἀλλά</strong></span> <span class='ocrx_word' id='word_1_253' title='bbox 2949 693 3044 746; x_wconf 70' lang='grc' dir='ltr'><strong>καὶ</strong></span> <span class='ocrx_word' id='word_1_254' title='bbox 3095 692 3312 752; x_wconf 79' lang='grc' dir='ltr'><strong>ἑαυτοῖς</strong></span> <span class='ocrx_word' id='word_1_255' title='bbox 3346 689 3612 759; x_wconf 75' lang='grc' dir='ltr'><strong>βοηθῆσαι</strong></span> <span class='ocrx_word' id='word_1_256' title='bbox 3634 689 3698 742; x_wconf 88' lang='grc' dir='ltr'>τὸ</span> 
     </span>
    </p>
   </div>
   <div class='ocr_carea' id='block_1_36' title="bbox 2113 761 3738 860">
    <p class='ocr_par' dir='ltr' id='par_1_36' title="bbox 2113 761 3738 860">
     <span class='ocr_line' id='line_1_36' title="bbox 2113 761 3738 860; baseline -0.007 -16"><span class='ocrx_word' id='word_1_257' title='bbox 2113 791 2377 860; x_wconf 79' lang='grc' dir='ltr'><strong>παράπαν</strong></span> <span class='ocrx_word' id='word_1_258' title='bbox 2403 787 2464 840; x_wconf 87' lang='grc' dir='ltr'><strong>οὐ</strong></span> <span class='ocrx_word' id='word_1_259' title='bbox 2508 761 2865 855; x_wconf 85' lang='grc' dir='ltr'><strong>δυναμένους.</strong></span> <span class='ocrx_word' id='word_1_260' title='bbox 2928 783 2993 837; x_wconf 87' lang='lat' dir='ltr'><strong>Ei</strong></span> <span class='ocrx_word' id='word_1_261' title='bbox 3023 782 3204 835; x_wconf 77' lang='grc' dir='ltr'><strong>τοίνυν</strong></span> <span class='ocrx_word' id='word_1_262' title='bbox 3256 779 3545 848; x_wconf 82' lang='grc' dir='ltr'><strong>ἄνθρωπος</strong></span> <span class='ocrx_word' id='word_1_263' title='bbox 3594 761 3738 848; x_wconf 72' lang='grc' dir='ltr'><strong>μὲν’</strong></span> 
     </span>
    </p>
   </div>
   <div class='ocr_carea' id='block_1_37' title="bbox 2112 869 3695 952">
    <p class='ocr_par' dir='ltr' id='par_1_37' title="bbox 2112 869 3695 952">
     <span class='ocr_line' id='line_1_37' title="bbox 2112 869 3695 952; baseline -0.009 -16"><span class='ocrx_word' id='word_1_264' title='bbox 2112 882 2359 952; x_wconf 82' lang='grc' dir='ltr'><strong>πλάσμα,</strong></span> <span class='ocrx_word' id='word_1_265' title='bbox 2395 879 2431 933; x_wconf 80' lang='grc' dir='ltr'>ἃ</span> <span class='ocrx_word' id='word_1_266' title='bbox 2461 879 2520 932; x_wconf 86' lang='grc' dir='ltr'><strong>δὲ</strong></span> <span class='ocrx_word' id='word_1_267' title='bbox 2547 879 2708 948; x_wconf 80' lang='grc' dir='ltr'><strong>ὑμεῖς</strong></span> <span class='ocrx_word' id='word_1_268' title='bbox 2741 874 2938 930; x_wconf 80' lang='grc' dir='ltr'><strong>εἴδωλα</strong></span> <span class='ocrx_word' id='word_1_269' title='bbox 2992 874 3376 942; x_wconf 80' lang='grc' dir='ltr'><strong>προσκυνεῖτε,</strong></span> <span class='ocrx_word' id='word_1_270' title='bbox 3410 869 3695 940; x_wconf 77' lang='grc' dir='ltr'><strong>ἀνθρωπίο</strong></span> 
     </span>
    </p>
   </div>
   <div class='ocr_carea' id='block_1_38' title="bbox 2111 961 3693 1044">
    <p class='ocr_par' dir='ltr' id='par_1_38' title="bbox 2111 961 3693 1044">
     <span class='ocr_line' id='line_1_38' title="bbox 2111 961 3693 1044; baseline -0.009 -17"><span class='ocrx_word' id='word_1_271' title='bbox 2111 991 2212 1044; x_wconf 91' lang='grc' dir='ltr'><strong>νης</strong></span> <span class='ocrx_word' id='word_1_272' title='bbox 2245 973 2383 1026; x_wconf 75' lang='grc' dir='ltr'><strong>εἰσὶν</strong></span> <span class='ocrx_word' id='word_1_273' title='bbox 2406 971 2546 1042; x_wconf 80' lang='grc' dir='ltr'><strong>ἔργα</strong></span> <span class='ocrx_word' id='word_1_274' title='bbox 2579 968 2784 1039; x_wconf 89' lang='grc' dir='ltr'><strong>χειρὸς,</strong></span> <span class='ocrx_word' id='word_1_275' title='bbox 2817 968 2936 1029; x_wconf 83' lang='grc' dir='ltr'><strong>πῶς</strong></span> <span class='ocrx_word' id='word_1_276' title='bbox 2969 966 3033 1020; x_wconf 80' lang='grc' dir='ltr'><strong>ἀν</strong></span> <span class='ocrx_word' id='word_1_277' title='bbox 3056 982 3160 1026; x_wconf 91' lang='grc' dir='ltr'><strong>τις,</strong></span> <span class='ocrx_word' id='word_1_278' title='bbox 3192 966 3242 1016; x_wconf 88' lang='grc' dir='ltr'><strong>εί</strong></span> <span class='ocrx_word' id='word_1_279' title='bbox 3277 963 3354 1032; x_wconf 78' lang='grc' dir='ltr'><strong>μὴ</strong></span> <span class='ocrx_word' id='word_1_280' title='bbox 3389 962 3512 1016; x_wconf 87' lang='grc' dir='ltr'><strong>λίαν</strong></span> <span class='ocrx_word' id='word_1_281' title='bbox 3537 961 3693 1015; x_wconf 79' lang='grc' dir='ltr'><strong>ἀναίο</strong></span> 
     </span>
    </p>
   </div>
   <div class='ocr_carea' id='block_1_39' title="bbox 2113 1045 3693 1133">
    <p class='ocr_par' dir='ltr' id='par_1_39' title="bbox 2113 1045 3693 1133">
     <span class='ocr_line' id='line_1_39' title="bbox 2113 1045 3693 1133; baseline -0.009 -15"><span class='ocrx_word' id='word_1_282' title='bbox 2113 1065 2310 1133; x_wconf 81' lang='grc' dir='ltr'><strong>σθητος</strong></span> <span class='ocrx_word' id='word_1_283' title='bbox 2330 1063 2442 1132; x_wconf 76' lang='grc' dir='ltr'><strong>εἴη,</strong></span> <span class='ocrx_word' id='word_1_284' title='bbox 2469 1064 2564 1116; x_wconf 74' lang='grc' dir='ltr'><strong>καὶ</strong></span> <span class='ocrx_word' id='word_1_285' title='bbox 2595 1060 2724 1131; x_wconf 82' lang='grc' dir='ltr'><strong>βοῦς</strong></span> <span class='ocrx_word' id='word_1_286' title='bbox 2753 1058 3080 1128; x_wconf 73' lang='grc' dir='ltr'><strong>αὐτόχρημα</strong></span> <span class='ocrx_word' id='word_1_287' title='bbox 3115 1056 3208 1109; x_wconf 78' lang='grc' dir='ltr'><strong>καὶ</strong></span> <span class='ocrx_word' id='word_1_288' title='bbox 3241 1056 3385 1118; x_wconf 81' lang='grc' dir='ltr'><strong>δνος,</strong></span> <span class='ocrx_word' id='word_1_289' title='bbox 3417 1055 3528 1116; x_wconf 90' lang='grc' dir='ltr'><strong>τοῖς</strong></span> <span class='ocrx_word' id='word_1_290' title='bbox 3560 1045 3693 1122; x_wconf 89' lang='grc' dir='ltr'><strong>παρ’</strong></span> 
     </span>
    </p>
   </div>
   <div class='ocr_carea' id='block_1_40' title="bbox 2111 1145 3694 1223">
    <p class='ocr_par' dir='ltr' id='par_1_40' title="bbox 2111 1145 3694 1223">
     <span class='ocr_line' id='line_1_40' title="bbox 2111 1145 3694 1223; baseline -0.008 -13"><span class='ocrx_word' id='word_1_291' title='bbox 2111 1155 2277 1210; x_wconf 90' lang='grc' dir='ltr'><strong>αὐτοῦ</strong></span> <span class='ocrx_word' id='word_1_292' title='bbox 2307 1151 2868 1223; x_wconf 69' lang='grc' dir='ltr'><strong>δεδημιουργημένας</strong></span> <span class='ocrx_word' id='word_1_293' title='bbox 2902 1149 3004 1220; x_wconf 81' lang='grc' dir='ltr'><strong>τὴν</strong></span> <span class='ocrx_word' id='word_1_294' title='bbox 3025 1147 3191 1216; x_wconf 83' lang='grc' dir='ltr'><strong>τιμὴν</strong></span> <span class='ocrx_word' id='word_1_295' title='bbox 3219 1145 3533 1215; x_wconf 84' lang='grc' dir='ltr'><strong>ἀπονείμοι,</strong></span> <span class='ocrx_word' id='word_1_296' title='bbox 3570 1145 3694 1198; x_wconf 82' lang='grc' dir='ltr'><strong>δέον</strong></span> 
     </span>
    </p>
   </div>
   <div class='ocr_carea' id='block_1_41' title="bbox 2110 1237 3696 1317">
    <p class='ocr_par' dir='ltr' id='par_1_41' title="bbox 2110 1237 3696 1317">
     <span class='ocr_line' id='line_1_41' title="bbox 2110 1237 3696 1317; baseline -0.008 -15"><span class='ocrx_word' id='word_1_297' title='bbox 2110 1250 2296 1302; x_wconf 78' lang='grc' dir='ltr'><strong>ἐκεῖνα</strong></span> <span class='ocrx_word' id='word_1_298' title='bbox 2329 1245 2533 1317; x_wconf 81' lang='grc' dir='ltr'><strong>μᾶλλον</strong></span> <span class='ocrx_word' id='word_1_299' title='bbox 2582 1246 2709 1306; x_wconf 76' lang='grc' dir='ltr'><strong>τοὺς</strong></span> <span class='ocrx_word' id='word_1_300' title='bbox 2755 1241 2990 1304; x_wconf 72' lang='grc' dir='ltr'><strong>οἰκείους</strong></span> <span class='ocrx_word' id='word_1_301' title='bbox 3019 1241 3186 1310; x_wconf 85' lang='grc' dir='ltr'><strong>τιμᾷν</strong></span> <span class='ocrx_word' id='word_1_302' title='bbox 3219 1237 3613 1310; x_wconf 78' lang='grc' dir='ltr'><strong>δημιουργοὺς,</strong></span> <span class='ocrx_word' id='word_1_303' title='bbox 3641 1237 3696 1290; x_wconf 86' lang='grc' dir='ltr'><strong>εῖ</strong></span> 
     </span>
    </p>
   </div>
   <div class='ocr_carea' id='block_1_42' title="bbox 2108 1329 3693 1408">
    <p class='ocr_par' dir='ltr' id='par_1_42' title="bbox 2108 1329 3693 1408">
     <span class='ocr_line' id='line_1_42' title="bbox 2108 1329 3693 1408; baseline -0.01 -12"><span class='ocrx_word' id='word_1_304' title='bbox 2108 1359 2194 1405; x_wconf 90' lang='grc' dir='ltr'><strong>τις</strong></span> <span class='ocrx_word' id='word_1_305' title='bbox 2239 1341 2423 1403; x_wconf 87' lang='grc' dir='ltr'><strong>αὐτοῖς</strong></span> <span class='ocrx_word' id='word_1_306' title='bbox 2449 1337 2744 1408; x_wconf 77' lang='grc' dir='ltr'><strong>αῖσθησιςς</strong></span> <span class='ocrx_word' id='word_1_307' title='bbox 2788 1334 3006 1404; x_wconf 82' lang='grc' dir='ltr'><strong>Ἐπειδὴ</strong></span> <span class='ocrx_word' id='word_1_308' title='bbox 3035 1333 3216 1386; x_wconf 81' lang='grc' dir='ltr'><strong>τοίνυν</strong></span> <span class='ocrx_word' id='word_1_309' title='bbox 3257 1331 3512 1392; x_wconf 76' lang='grc' dir='ltr'><strong>συνετοὺς</strong></span> <span class='ocrx_word' id='word_1_310' title='bbox 3541 1329 3693 1400; x_wconf 79' lang='grc' dir='ltr'><strong>ἡμᾶς</strong></span> 
     </span>
    </p>
   </div>
   <div class='ocr_carea' id='block_1_43' title="bbox 2106 1422 3693 1506">
    <p class='ocr_par' dir='ltr' id='par_1_43' title="bbox 2106 1422 3693 1506">
     <span class='ocr_line' id='line_1_43' title="bbox 2106 1422 3693 1506; baseline -0.009 -16"><span class='ocrx_word' id='word_1_311' title='bbox 2106 1434 2470 1506; x_wconf 79' lang='grc' dir='ltr'><strong>ὡμολόγησας</strong></span> <span class='ocrx_word' id='word_1_312' title='bbox 2499 1431 2594 1484; x_wconf 79' lang='grc' dir='ltr'><strong>καὶ</strong></span> <span class='ocrx_word' id='word_1_313' title='bbox 2617 1425 2766 1492; x_wconf 78' lang='grc' dir='ltr'><strong>οἶδας</strong></span> <span class='ocrx_word' id='word_1_314' title='bbox 2790 1427 2866 1491; x_wconf 83' lang='grc' dir='ltr'><strong>ὡς</strong></span> <span class='ocrx_word' id='word_1_315' title='bbox 2891 1427 2992 1481; x_wconf 90' lang='grc' dir='ltr'><strong>οὐκ</strong></span> <span class='ocrx_word' id='word_1_316' title='bbox 3015 1426 3080 1481; x_wconf 68' lang='grc' dir='ltr'><strong>ἄν</strong></span> <span class='ocrx_word' id='word_1_317' title='bbox 3111 1441 3244 1478; x_wconf 88' lang='grc' dir='ltr'><strong>ποτε</strong></span> <span class='ocrx_word' id='word_1_318' title='bbox 3274 1423 3475 1496; x_wconf 84' lang='grc' dir='ltr'><strong>φρενὸς</strong></span> <span class='ocrx_word' id='word_1_319' title='bbox 3501 1422 3693 1492; x_wconf 82' lang='grc' dir='ltr'><strong>ὑγιοῦς</strong></span> 
     </span>
    </p>
   </div>
   <div class='ocr_carea' id='block_1_44' title="bbox 2108 1514 3688 1596">
    <p class='ocr_par' dir='ltr' id='par_1_44' title="bbox 2108 1514 3688 1596">
     <span class='ocr_line' id='line_1_44' title="bbox 2108 1514 3688 1596; baseline -0.009 -15"><span class='ocrx_word' id='word_1_320' title='bbox 2108 1526 2398 1596; x_wconf 79' lang='grc' dir='ltr'><strong>ἄνθρωπος</strong></span> <span class='ocrx_word' id='word_1_321' title='bbox 2441 1521 2638 1594; x_wconf 77' lang='grc' dir='ltr'><strong>ψεῦδος</strong></span> <span class='ocrx_word' id='word_1_322' title='bbox 2700 1519 2825 1573; x_wconf 72' lang='grc' dir='ltr'><strong>ἀντὶ</strong></span> <span class='ocrx_word' id='word_1_323' title='bbox 2877 1519 2981 1590; x_wconf 81' lang='grc' dir='ltr'><strong>τῆς</strong></span> <span class='ocrx_word' id='word_1_324' title='bbox 3049 1516 3315 1586; x_wconf 86' lang='grc' dir='ltr'><strong>ἀληθείας</strong></span> <span class='ocrx_word' id='word_1_325' title='bbox 3381 1514 3688 1586; x_wconf 72' lang='grc' dir='ltr'><strong>προέλοιτο,</strong></span> 
     </span>
    </p>
   </div>
   <div class='ocr_carea' id='block_1_45' title="bbox 2109 1605 3688 1687">
    <p class='ocr_par' dir='ltr' id='par_1_45' title="bbox 2109 1605 3688 1687">
     <span class='ocr_line' id='line_1_45' title="bbox 2109 1605 3688 1687; baseline -0.008 -17"><span class='ocrx_word' id='word_1_326' title='bbox 2109 1618 2404 1687; x_wconf 76' lang='grc' dir='ltr'><strong>ἐπίστησον</strong></span> <span class='ocrx_word' id='word_1_327' title='bbox 2449 1613 2550 1686; x_wconf 83' lang='grc' dir='ltr'><strong>τὴν</strong></span> <span class='ocrx_word' id='word_1_328' title='bbox 2605 1611 2848 1667; x_wconf 85' lang='grc' dir='ltr'><strong>διάνοιαν</strong></span> <span class='ocrx_word' id='word_1_329' title='bbox 2879 1611 2975 1664; x_wconf 73' lang='grc' dir='ltr'><strong>καὶ</strong></span> <span class='ocrx_word' id='word_1_330' title='bbox 2997 1607 3066 1662; x_wconf 83' lang='grc' dir='ltr'><strong>τὰ</strong></span> <span class='ocrx_word' id='word_1_331' title='bbox 3100 1608 3230 1678; x_wconf 80' lang='grc' dir='ltr'><strong>περὶ</strong></span> <span class='ocrx_word' id='word_1_332' title='bbox 3275 1606 3370 1660; x_wconf 87' lang='grc' dir='ltr'><strong>τοῦ</strong></span> <span class='ocrx_word' id='word_1_333' title='bbox 3393 1606 3562 1669; x_wconf 76' lang='grc' dir='ltr'><strong>ὅντως</strong></span> <span class='ocrx_word' id='word_1_334' title='bbox 3590 1605 3688 1675; x_wconf 83' lang='grc' dir='ltr'><strong>δη-</strong></span> 
     </span>
    </p>
   </div>
   <div class='ocr_carea' id='block_1_46' title="bbox 2111 1695 3785 1780">
    <p class='ocr_par' dir='ltr' id='par_1_46' title="bbox 2111 1695 3785 1780">
     <span class='ocr_line' id='line_1_46' title="bbox 2111 1695 3785 1780; baseline -0.008 -18"><span class='ocrx_word' id='word_1_335' title='bbox 2111 1707 2376 1780; x_wconf 88' lang='grc' dir='ltr'><strong>μιουργοῦ</strong></span> <span class='ocrx_word' id='word_1_336' title='bbox 2398 1707 2506 1760; x_wconf 84' lang='grc' dir='ltr'><strong>τῶν</strong></span> <span class='ocrx_word' id='word_1_337' title='bbox 2536 1705 2674 1760; x_wconf 86' lang='grc' dir='ltr'><strong>ὅλων</strong></span> <span class='ocrx_word' id='word_1_338' title='bbox 2714 1702 2854 1757; x_wconf 81' lang='grc' dir='ltr'><strong>Θεοῦ</strong></span> <span class='ocrx_word' id='word_1_339' title='bbox 2891 1701 2997 1757; x_wconf 87' lang='grc' dir='ltr'><strong>ὑπὸ</strong></span> <span class='ocrx_word' id='word_1_340' title='bbox 3027 1699 3246 1772; x_wconf 81' lang='grc' dir='ltr'><strong>ἀληθῶν</strong></span> <span class='ocrx_word' id='word_1_341' title='bbox 3277 1698 3504 1770; x_wconf 80' lang='grc' dir='ltr'><strong>χειλέων</strong></span> <span class='ocrx_word' id='word_1_342' title='bbox 3538 1695 3690 1751; x_wconf 74' lang='grc' dir='ltr'><strong>διδα-</strong></span> <span class='ocrx_word' id='word_1_343' title='bbox 3777 1723 3785 1728; x_wconf 87' lang='grc'><strong><em>-</em></strong></span> 
     </span>
    </p>
   </div>
   <div class='ocr_carea' id='block_1_47' title="bbox 2039 1801 2292 1900">
    <p class='ocr_par' dir='ltr' id='par_1_47' title="bbox 2039 1801 2292 1900">
     <span class='ocr_line' id='line_1_47' title="bbox 2039 1801 2292 1900; baseline 0 -45"><span class='ocrx_word' id='word_1_344' title='bbox 2039 1837 2084 1900; x_wconf 78' lang='grc' dir='ltr'><strong>Β</strong></span> <span class='ocrx_word' id='word_1_345' title='bbox 2109 1801 2292 1873; x_wconf 85' lang='grc' dir='ltr'><strong>χθητι.</strong></span> 
     </span>
    </p>
   </div>
   <div class='ocr_carea' id='block_1_48' title="bbox 2178 2054 3690 2133">
    <p class='ocr_par' dir='ltr' id='par_1_48' title="bbox 2178 2054 3690 2133">
     <span class='ocr_line' id='line_1_48' title="bbox 2178 2054 3690 2133; baseline -0.009 -13"><span class='ocrx_word' id='word_1_346' title='bbox 2178 2065 2269 2133; x_wconf 74' lang='grc' dir='ltr'><strong>ς’.</strong></span> <span class='ocrx_word' id='word_1_347' title='bbox 2302 2065 2435 2129; x_wconf 85' lang='grc' dir='ltr'>Θεὸς</span> <span class='ocrx_word' id='word_1_348' title='bbox 2479 2062 2540 2116; x_wconf 84' lang='grc' dir='ltr'><strong>οὐ</strong></span> <span class='ocrx_word' id='word_1_349' title='bbox 2578 2062 2790 2133; x_wconf 88' lang='grc' dir='ltr'><strong>πέφυκε</strong></span> <span class='ocrx_word' id='word_1_350' title='bbox 2843 2056 3322 2130; x_wconf 74' lang='grc' dir='ltr'><strong>περιγράφεσθαιο</strong></span> <span class='ocrx_word' id='word_1_351' title='bbox 3378 2054 3690 2126; x_wconf 82' lang='grc' dir='ltr'><strong>ἀπερίγρα-</strong></span> 
     </span>
    </p>
   </div>
   <div class='ocr_carea' id='block_1_49' title="bbox 2105 2149 3688 2227">
    <p class='ocr_par' dir='ltr' id='par_1_49' title="bbox 2105 2149 3688 2227">
     <span class='ocr_line' id='line_1_49' title="bbox 2105 2149 3688 2227; baseline -0.008 -13"><span class='ocrx_word' id='word_1_352' title='bbox 2105 2176 2239 2222; x_wconf 89' lang='grc' dir='ltr'><strong>πτος</strong></span> <span class='ocrx_word' id='word_1_353' title='bbox 2269 2158 2378 2227; x_wconf 82' lang='grc' dir='ltr'><strong>γὰρ</strong></span> <span class='ocrx_word' id='word_1_354' title='bbox 2427 2155 2604 2225; x_wconf 85' lang='grc' dir='ltr'><strong>πάντη</strong></span> <span class='ocrx_word' id='word_1_355' title='bbox 2633 2154 2730 2210; x_wconf 75' lang='grc' dir='ltr'><strong>καὶ</strong></span> <span class='ocrx_word' id='word_1_356' title='bbox 2776 2153 3112 2223; x_wconf 76' lang='grc' dir='ltr'><strong>ὑψηλότερος</strong></span> <span class='ocrx_word' id='word_1_357' title='bbox 3146 2149 3409 2222; x_wconf 82' lang='grc' dir='ltr'><strong>χρονικῆς</strong></span> <span class='ocrx_word' id='word_1_358' title='bbox 3463 2149 3688 2217; x_wconf 81' lang='grc' dir='ltr'><strong>ἁπάσης</strong></span> 
     </span>
    </p>
   </div>
   <div class='ocr_carea' id='block_1_50' title="bbox 2105 2240 3689 2317">
    <p class='ocr_par' dir='ltr' id='par_1_50' title="bbox 2105 2240 3689 2317">
     <span class='ocr_line' id='line_1_50' title="bbox 2105 2240 3689 2317; baseline -0.006 -16"><span class='ocrx_word' id='word_1_359' title='bbox 2105 2248 2315 2310; x_wconf 79' lang='grc' dir='ltr'><strong>ἐννοίας</strong></span> <span class='ocrx_word' id='word_1_360' title='bbox 2336 2263 2352 2280; x_wconf 79' lang='grc' dir='ltr'><strong>ο</strong></span> <span class='ocrx_word' id='word_1_361' title='bbox 2386 2245 2618 2316; x_wconf 77' lang='grc' dir='ltr'><strong>ποιητὴς</strong></span> <span class='ocrx_word' id='word_1_362' title='bbox 2653 2244 2762 2315; x_wconf 85' lang='grc' dir='ltr'><strong>γὰρ</strong></span> <span class='ocrx_word' id='word_1_363' title='bbox 2792 2243 3024 2317; x_wconf 81' lang='grc' dir='ltr'><strong>χρόνων,</strong></span> <span class='ocrx_word' id='word_1_364' title='bbox 3055 2243 3156 2312; x_wconf 89' lang='grc' dir='ltr'><strong>οὐχ</strong></span> <span class='ocrx_word' id='word_1_365' title='bbox 3187 2242 3290 2296; x_wconf 88' lang='grc' dir='ltr'><strong>ὐπὸ</strong></span> <span class='ocrx_word' id='word_1_366' title='bbox 3314 2241 3508 2313; x_wconf 90' lang='grc' dir='ltr'><strong>χρόνον</strong></span> <span class='ocrx_word' id='word_1_367' title='bbox 3528 2257 3542 2270; x_wconf 78' lang='grc' dir='ltr'><strong>ο</strong></span> <span class='ocrx_word' id='word_1_368' title='bbox 3561 2240 3689 2294; x_wconf 85' lang='grc' dir='ltr'><strong>ὅθεν</strong></span> 
     </span>
    </p>
   </div>
   <div class='ocr_carea' id='block_1_51' title="bbox 2105 2327 3690 2406">
    <p class='ocr_par' dir='ltr' id='par_1_51' title="bbox 2105 2327 3690 2406">
     <span class='ocr_line' id='line_1_51' title="bbox 2105 2327 3690 2406; baseline -0.008 -14"><span class='ocrx_word' id='word_1_369' title='bbox 2105 2339 2227 2393; x_wconf 83' lang='grc' dir='ltr'><strong>οὐδὲ</strong></span> <span class='ocrx_word' id='word_1_370' title='bbox 2263 2336 2357 2391; x_wconf 88' lang='grc' dir='ltr'><strong>τοῦ</strong></span> <span class='ocrx_word' id='word_1_371' title='bbox 2405 2331 2546 2390; x_wconf 70' lang='grc' dir='ltr'><strong>εἶναι</strong></span> <span class='ocrx_word' id='word_1_372' title='bbox 2594 2333 2797 2406; x_wconf 76' lang='grc' dir='ltr'><strong>ἠρξατο</strong></span> <span class='ocrx_word' id='word_1_373' title='bbox 2819 2349 2831 2362; x_wconf 94' lang='grc'><strong>·</strong></span> <span class='ocrx_word' id='word_1_374' title='bbox 2855 2333 3052 2387; x_wconf 79' lang='grc' dir='ltr'><strong>,πάντα</strong></span> <span class='ocrx_word' id='word_1_375' title='bbox 3100 2331 3158 2384; x_wconf 82' lang='grc' dir='ltr'><strong>δὲ</strong></span> <span class='ocrx_word' id='word_1_376' title='bbox 3197 2331 3268 2384; x_wconf 86' lang='grc' dir='ltr'><strong>τά</strong></span> <span class='ocrx_word' id='word_1_377' title='bbox 3302 2346 3360 2382; x_wconf 88' lang='grc' dir='ltr'><strong>τε</strong></span> <span class='ocrx_word' id='word_1_378' title='bbox 3389 2328 3562 2402; x_wconf 85' lang='grc' dir='ltr'><strong>δρατά</strong></span> <span class='ocrx_word' id='word_1_379' title='bbox 3591 2327 3690 2382; x_wconf 72' lang='grc' dir='ltr'><strong>καὶ</strong></span> 
     </span>
    </p>
   </div>
   <div class='ocr_carea' id='block_1_52' title="bbox 2104 2423 3689 2501">
    <p class='ocr_par' dir='ltr' id='par_1_52' title="bbox 2104 2423 3689 2501">
     <span class='ocr_line' id='line_1_52' title="bbox 2104 2423 3689 2501; baseline -0.006 -16"><span class='ocrx_word' id='word_1_380' title='bbox 2104 2431 2374 2501; x_wconf 84' lang='grc' dir='ltr'><strong>νοούμενα</strong></span> <span class='ocrx_word' id='word_1_381' title='bbox 2405 2429 2484 2492; x_wconf 88' lang='grc' dir='ltr'><strong>είς</strong></span> <span class='ocrx_word' id='word_1_382' title='bbox 2534 2428 2596 2481; x_wconf 88' lang='grc' dir='ltr'>τὸ</span> <span class='ocrx_word' id='word_1_383' title='bbox 2627 2423 2769 2481; x_wconf 81' lang='grc' dir='ltr'><strong>εἶναι</strong></span> <span class='ocrx_word' id='word_1_384' title='bbox 2798 2426 2962 2491; x_wconf 89' lang='grc' dir='ltr'><strong>αὐτὸς</strong></span> <span class='ocrx_word' id='word_1_385' title='bbox 2999 2427 3350 2494; x_wconf 82' lang='grc' dir='ltr'><strong>παρήγαγεν.</strong></span> <span class='ocrx_word' id='word_1_386' title='bbox 3417 2423 3479 2477; x_wconf 85' lang='grc' dir='ltr'><strong>Ὀ</strong></span> <span class='ocrx_word' id='word_1_387' title='bbox 3505 2423 3689 2476; x_wconf 83' lang='grc' dir='ltr'><strong>τοίνυν</strong></span> 
     </span>
    </p>
   </div>
   <div class='ocr_carea' id='block_1_53' title="bbox 2103 2513 3688 2596">
    <p class='ocr_par' dir='ltr' id='par_1_53' title="bbox 2103 2513 3688 2596">
     <span class='ocr_line' id='line_1_53' title="bbox 2103 2513 3688 2596; baseline -0.008 -18"><span class='ocrx_word' id='word_1_388' title='bbox 2103 2524 2390 2596; x_wconf 84' lang='grc' dir='ltr'><strong>ἄνθρωπος</strong></span> <span class='ocrx_word' id='word_1_389' title='bbox 2425 2521 2656 2592; x_wconf 83' lang='grc' dir='ltr'><strong>πλάσμα</strong></span> <span class='ocrx_word' id='word_1_390' title='bbox 2685 2517 2820 2573; x_wconf 87' lang='grc' dir='ltr'><strong>Θεοῦ</strong></span> <span class='ocrx_word' id='word_1_391' title='bbox 2847 2517 3090 2586; x_wconf 88' lang='grc' dir='ltr'><strong>γεγονὼς</strong></span> <span class='ocrx_word' id='word_1_392' title='bbox 3132 2516 3226 2570; x_wconf 87' lang='grc' dir='ltr'><strong>τὸν</strong></span> <span class='ocrx_word' id='word_1_393' title='bbox 3261 2513 3595 2585; x_wconf 83' lang='grc' dir='ltr'><strong>παράδεισόν</strong></span> <span class='ocrx_word' id='word_1_394' title='bbox 3624 2529 3688 2567; x_wconf 74' lang='grc' dir='ltr'><strong>τε</strong></span> 
     </span>
    </p>
   </div>
   <div class='ocr_carea' id='block_1_54' title="bbox 2103 2605 3688 2686">
    <p class='ocr_par' dir='ltr' id='par_1_54' title="bbox 2103 2605 3688 2686">
     <span class='ocr_line' id='line_1_54' title="bbox 2103 2605 3688 2686; baseline -0.009 -15"><span class='ocrx_word' id='word_1_395' title='bbox 2103 2620 2273 2673; x_wconf 77' lang='grc' dir='ltr'><strong>οἰκεῖν</strong></span> <span class='ocrx_word' id='word_1_396' title='bbox 2299 2612 2605 2686; x_wconf 75' lang='grc' dir='ltr'><strong>κληρωθεὶς</strong></span> <span class='ocrx_word' id='word_1_397' title='bbox 2626 2612 2721 2665; x_wconf 82' lang='grc' dir='ltr'><strong>καὶ</strong></span> <span class='ocrx_word' id='word_1_398' title='bbox 2746 2609 2926 2664; x_wconf 78' lang='grc' dir='ltr'><strong>λαϐὼν</strong></span> <span class='ocrx_word' id='word_1_399' title='bbox 2958 2608 3178 2678; x_wconf 76' lang='grc' dir='ltr'><strong>ἐντολὴν</strong></span> <span class='ocrx_word' id='word_1_400' title='bbox 3208 2607 3344 2676; x_wconf 79' lang='grc' dir='ltr'><strong>πρὸς</strong></span> <span class='ocrx_word' id='word_1_401' title='bbox 3373 2605 3688 2674; x_wconf 80' lang='grc' dir='ltr'><strong>γυμνασίαν</strong></span> 
     </span>
    </p>
   </div>
   <div class='ocr_carea' id='block_1_55' title="bbox 2107 2696 3692 2780">
    <p class='ocr_par' dir='ltr' id='par_1_55' title="bbox 2107 2696 3692 2780">
     <span class='ocr_line' id='line_1_55' title="bbox 2107 2696 3692 2780; baseline -0.009 -18"><span class='ocrx_word' id='word_1_402' title='bbox 2107 2707 2393 2780; x_wconf 83' lang='grc' dir='ltr'><strong>προκοπῆς</strong></span> <span class='ocrx_word' id='word_1_403' title='bbox 2432 2704 2700 2775; x_wconf 78' lang='grc' dir='ltr'><strong>μείζονος,</strong></span> <span class='ocrx_word' id='word_1_404' title='bbox 2727 2701 2910 2772; x_wconf 86' lang='grc' dir='ltr'><strong>φθόνῳ</strong></span> <span class='ocrx_word' id='word_1_405' title='bbox 2931 2699 3182 2754; x_wconf 77' lang='grc' dir='ltr'><strong>διαϐόλου</strong></span> <span class='ocrx_word' id='word_1_406' title='bbox 3215 2696 3502 2769; x_wconf 80' lang='grc' dir='ltr'><strong>παρακοὴν</strong></span> <span class='ocrx_word' id='word_1_407' title='bbox 3532 2697 3692 2767; x_wconf 76' lang='grc' dir='ltr'><strong>νοσή-</strong></span> 
     </span>
    </p>
   </div>
   <div class='ocr_carea' id='block_1_56' title="bbox 2106 2787 3688 2868">
    <p class='ocr_par' dir='ltr' id='par_1_56' title="bbox 2106 2787 3688 2868">
     <span class='ocr_line' id='line_1_56' title="bbox 2106 2787 3688 2868; baseline -0.009 -15"><span class='ocrx_word' id='word_1_408' title='bbox 2106 2817 2230 2862; x_wconf 90' lang='grc' dir='ltr'><strong>σας,</strong></span> <span class='ocrx_word' id='word_1_409' title='bbox 2253 2798 2353 2868; x_wconf 82' lang='grc' dir='ltr'><strong>τὴν</strong></span> <span class='ocrx_word' id='word_1_410' title='bbox 2389 2795 2596 2865; x_wconf 84' lang='grc' dir='ltr'><strong>φθορὰν</strong></span> <span class='ocrx_word' id='word_1_411' title='bbox 2621 2794 2720 2864; x_wconf 82' lang='grc' dir='ltr'><strong>τῆς</strong></span> <span class='ocrx_word' id='word_1_412' title='bbox 2749 2789 3061 2862; x_wconf 80' lang='grc' dir='ltr'><strong>ἀφθαρσίας</strong></span> <span class='ocrx_word' id='word_1_413' title='bbox 3091 2789 3365 2859; x_wconf 63' lang='grc' dir='ltr'><strong>ἠλλάξατο</strong></span> <span class='ocrx_word' id='word_1_414' title='bbox 3393 2788 3490 2842; x_wconf 74' lang='grc' dir='ltr'><strong>καὶ</strong></span> <span class='ocrx_word' id='word_1_415' title='bbox 3520 2787 3688 2857; x_wconf 85' lang='grc' dir='ltr'><strong>θελή-</strong></span> 
     </span>
    </p>
   </div>
   <div class='ocr_carea' id='block_1_57' title="bbox 2109 2877 3686 2962">
    <p class='ocr_par' dir='ltr' id='par_1_57' title="bbox 2109 2877 3686 2962">
     <span class='ocr_line' id='line_1_57' title="bbox 2109 2877 3686 2962; baseline -0.008 -18"><span class='ocrx_word' id='word_1_416' title='bbox 2109 2907 2245 2962; x_wconf 84' lang='grc' dir='ltr'><strong>μασι</strong></span> <span class='ocrx_word' id='word_1_417' title='bbox 2282 2887 2482 2960; x_wconf 88' lang='grc' dir='ltr'><strong>σαρκὸς</strong></span> <span class='ocrx_word' id='word_1_418' title='bbox 2507 2882 2819 2952; x_wconf 72' lang='grc' dir='ltr'><strong>ὑποκύψας,</strong></span> <span class='ocrx_word' id='word_1_419' title='bbox 2845 2881 2951 2934; x_wconf 86' lang='grc' dir='ltr'><strong>ὐπὸ</strong></span> <span class='ocrx_word' id='word_1_420' title='bbox 2988 2881 3148 2951; x_wconf 88' lang='grc' dir='ltr'><strong>χεῖρα</strong></span> <span class='ocrx_word' id='word_1_421' title='bbox 3179 2879 3373 2948; x_wconf 85' lang='grc' dir='ltr'><strong>γέγονε</strong></span> <span class='ocrx_word' id='word_1_422' title='bbox 3404 2877 3484 2948; x_wconf 84' lang='grc' dir='ltr'><strong>τῷ</strong></span> <span class='ocrx_word' id='word_1_423' title='bbox 3513 2877 3686 2932; x_wconf 80' lang='grc' dir='ltr'><strong>θανά-</strong></span> 
     </span>
    </p>
   </div>
   <div class='ocr_carea' id='block_1_58' title="bbox 2101 2969 3687 3053">
    <p class='ocr_par' dir='ltr' id='par_1_58' title="bbox 2101 2969 3687 3053">
     <span class='ocr_line' id='line_1_58' title="bbox 2101 2969 3687 3053; baseline -0.01 -17"><span class='ocrx_word' id='word_1_424' title='bbox 2101 2997 2216 3053; x_wconf 81' lang='grc' dir='ltr'><strong>τῳ·</strong></span> <span class='ocrx_word' id='word_1_425' title='bbox 2255 2980 2352 3035; x_wconf 75' lang='grc' dir='ltr'><strong>καὶ</strong></span> <span class='ocrx_word' id='word_1_426' title='bbox 2377 2980 2406 3032; x_wconf 85' lang='grc' dir='ltr'><strong>ό</strong></span> <span class='ocrx_word' id='word_1_427' title='bbox 2457 2979 2556 3049; x_wconf 80' lang='grc' dir='ltr'><strong>τῆς</strong></span> <span class='ocrx_word' id='word_1_428' title='bbox 2593 2972 2893 3047; x_wconf 84' lang='grc' dir='ltr'><strong>βασκανίας</strong></span> <span class='ocrx_word' id='word_1_429' title='bbox 2940 2971 3123 3041; x_wconf 82' lang='grc' dir='ltr'><strong>πατὴρ</strong></span> <span class='ocrx_word' id='word_1_430' title='bbox 3155 2971 3276 3024; x_wconf 78' lang='grc' dir='ltr'><strong>οὐδὲ</strong></span> <span class='ocrx_word' id='word_1_431' title='bbox 3327 2969 3504 3040; x_wconf 82' lang='grc' dir='ltr'><strong>τούτῳ</strong></span> <span class='ocrx_word' id='word_1_432' title='bbox 3537 2969 3687 3039; x_wconf 62' lang='grc' dir='ltr'><strong>μόνῳ</strong></span> 
     </span>
    </p>
   </div>
   <div class='ocr_carea' id='block_1_59' title="bbox 2104 3062 3687 3143">
    <p class='ocr_par' dir='ltr' id='par_1_59' title="bbox 2104 3062 3687 3143">
     <span class='ocr_line' id='line_1_59' title="bbox 2104 3062 3687 3143; baseline -0.009 -15"><span class='ocrx_word' id='word_1_433' title='bbox 2104 3073 2201 3127; x_wconf 88' lang='grc' dir='ltr'><strong>τοῦ</strong></span> <span class='ocrx_word' id='word_1_434' title='bbox 2235 3069 2596 3143; x_wconf 78' lang='grc' dir='ltr'><strong>φθονηθέντος</strong></span> <span class='ocrx_word' id='word_1_435' title='bbox 2625 3067 2871 3139; x_wconf 70' lang='grc' dir='ltr'><strong>ἠρκέσθη</strong></span> <span class='ocrx_word' id='word_1_436' title='bbox 2907 3064 2984 3135; x_wconf 82' lang='grc' dir='ltr'><strong>τῷ</strong></span> <span class='ocrx_word' id='word_1_437' title='bbox 3007 3063 3282 3133; x_wconf 76' lang='grc' dir='ltr'><strong>πτώματι,</strong></span> <span class='ocrx_word' id='word_1_438' title='bbox 3315 3062 3453 3116; x_wconf 87' lang='grc' dir='ltr'><strong>ἀλλὰ</strong></span> <span class='ocrx_word' id='word_1_439' title='bbox 3485 3063 3578 3114; x_wconf 77' lang='grc' dir='ltr'><strong>καὶ</strong></span> <span class='ocrx_word' id='word_1_440' title='bbox 3603 3063 3687 3124; x_wconf 79' lang='grc' dir='ltr'><strong>εἰς</strong></span> 
     </span>
    </p>
   </div>
   <div class='ocr_carea' id='block_1_60' title="bbox 429 3153 2003 3242">
    <p class='ocr_par' dir='ltr' id='par_1_60' title="bbox 429 3153 2002 3225">
     <span class='ocr_line' id='line_1_60' title="bbox 429 3153 2002 3225; baseline -0.001 -13"><span class='ocrx_word' id='word_1_441' title='bbox 429 3159 685 3212; x_wconf 84' lang='lat' dir='ltr'><strong>subiisset</strong></span> <span class='ocrx_word' id='word_1_442' title='bbox 742 3156 1093 3220; x_wconf 86' lang='lat' dir='ltr'><strong>voluntatem,</strong></span> <span class='ocrx_word' id='word_1_443' title='bbox 1137 3153 1242 3208; x_wconf 83' lang='lat' dir='ltr'><strong>fuit</strong></span> <span class='ocrx_word' id='word_1_444' title='bbox 1292 3153 1578 3225; x_wconf 83' lang='lat' dir='ltr'><strong>subjectus</strong></span> <span class='ocrx_word' id='word_1_445' title='bbox 1613 3153 1794 3210; x_wconf 89' lang='lat' dir='ltr'><strong>morti.</strong></span> <span class='ocrx_word' id='word_1_446' title='bbox 1831 3155 2002 3210; x_wconf 69' lang='lat' dir='ltr'><strong>Caete-</strong></span> 
     </span>
    </p>
   </div>
   <div class='ocr_carea' id='block_1_61' title="bbox 2104 3153 3685 3242">
    <p class='ocr_par' dir='ltr' id='par_1_61' title="bbox 2104 3153 3685 3239">
     <span class='ocr_line' id='line_1_61' title="bbox 2104 3153 3685 3239; baseline -0.009 -19"><span class='ocrx_word' id='word_1_447' title='bbox 2104 3167 2300 3239; x_wconf 85' lang='grc' dir='ltr'><strong>λήθην,</strong></span> <span class='ocrx_word' id='word_1_448' title='bbox 2329 3163 2477 3234; x_wconf 85' lang='grc' dir='ltr'><strong>οῐμοι</strong></span> <span class='ocrx_word' id='word_1_449' title='bbox 2499 3162 2512 3216; x_wconf 90' lang='lat' dir='ltr'><strong>l</strong></span> <span class='ocrx_word' id='word_1_450' title='bbox 2537 3161 2674 3215; x_wconf 85' lang='grc' dir='ltr'><strong>Θεοῦ</strong></span> <span class='ocrx_word' id='word_1_451' title='bbox 2705 3159 2832 3222; x_wconf 79' lang='grc' dir='ltr'><strong>τοὺς</strong></span> <span class='ocrx_word' id='word_1_452' title='bbox 2857 3159 2922 3211; x_wconf 79' lang='grc' dir='ltr'><strong>έκ</strong></span> <span class='ocrx_word' id='word_1_453' title='bbox 2948 3156 3041 3210; x_wconf 90' lang='grc' dir='ltr'><strong>τοῦ</strong></span> <span class='ocrx_word' id='word_1_454' title='bbox 3065 3154 3230 3208; x_wconf 83' lang='grc' dir='ltr'><strong>αὐτοῦ</strong></span> <span class='ocrx_word' id='word_1_455' title='bbox 3261 3154 3464 3223; x_wconf 81' lang='grc' dir='ltr'><strong>φύντας</strong></span> <span class='ocrx_word' id='word_1_456' title='bbox 3491 3153 3685 3221; x_wconf 80' lang='grc' dir='ltr'><strong>γένους</strong></span> 
     </span>
    </p>
   </div>
   <div class='ocr_carea' id='block_1_62' title="bbox 433 3246 2002 3318">
    <p class='ocr_par' dir='ltr' id='par_1_62' title="bbox 433 3246 2002 3318">
     <span class='ocr_line' id='line_1_62' title="bbox 433 3246 2002 3318; baseline -0.001 -14"><span class='ocrx_word' id='word_1_457' title='bbox 433 3267 550 3304; x_wconf 85' lang='lat' dir='ltr'><strong>rum</strong></span> <span class='ocrx_word' id='word_1_458' title='bbox 612 3257 764 3318; x_wconf 84' lang='lat' dir='ltr'><strong>pater</strong></span> <span class='ocrx_word' id='word_1_459' title='bbox 797 3247 1014 3302; x_wconf 86' lang='lat' dir='ltr'><strong>invidiae</strong></span> <span class='ocrx_word' id='word_1_460' title='bbox 1041 3260 1144 3301; x_wconf 92' lang='lat' dir='ltr'><strong>non</strong></span> <span class='ocrx_word' id='word_1_461' title='bbox 1189 3246 1615 3302; x_wconf 79' lang='lat' dir='ltr'><strong>luitcontentus</strong></span> <span class='ocrx_word' id='word_1_462' title='bbox 1639 3246 1742 3303; x_wconf 85' lang='lat' dir='ltr'><strong>hoc</strong></span> <span class='ocrx_word' id='word_1_463' title='bbox 1773 3247 1892 3302; x_wconf 85' lang='lat' dir='ltr'><strong>solo</strong></span> <span class='ocrx_word' id='word_1_464' title='bbox 1925 3246 2002 3302; x_wconf 86' lang='lat' dir='ltr'><strong>la-</strong></span> 
     </span>
    </p>
   </div>
   <div class='ocr_carea' id='block_1_63' title="bbox 429 3338 2001 3412">
    <p class='ocr_par' dir='ltr' id='par_1_63' title="bbox 429 3338 2001 3412">
     <span class='ocr_line' id='line_1_63' title="bbox 429 3338 2001 3412; baseline -0.001 -14"><span class='ocrx_word' id='word_1_465' title='bbox 429 3343 702 3412; x_wconf 77' lang='lat' dir='ltr'><strong>psuejus,</strong></span> <span class='ocrx_word' id='word_1_466' title='bbox 743 3339 828 3395; x_wconf 89' lang='lat' dir='ltr'><strong>cui</strong></span> <span class='ocrx_word' id='word_1_467' title='bbox 871 3338 1511 3395; x_wconf 74' lang='lat' dir='ltr'><strong>invidebat-.zsedetiam</strong></span> <span class='ocrx_word' id='word_1_468' title='bbox 1569 3339 1636 3394; x_wconf 88' lang='lat' dir='ltr'><strong>ad</strong></span> <span class='ocrx_word' id='word_1_469' title='bbox 1687 3339 1804 3404; x_wconf 88' lang='lat' dir='ltr'><strong>Dei,</strong></span> <span class='ocrx_word' id='word_1_470' title='bbox 1865 3340 2001 3410; x_wconf 89' lang='lat' dir='ltr'><strong>proh</strong></span> 
     </span>
    </p>
   </div>
   <div class='ocr_carea' id='block_1_64' title="bbox 428 3429 2000 3501">
    <p class='ocr_par' dir='ltr' id='par_1_64' title="bbox 428 3429 2000 3501">
     <span class='ocr_line' id='line_1_64' title="bbox 428 3429 2000 3501; baseline -0.003 -12"><span class='ocrx_word' id='word_1_471' title='bbox 428 3431 976 3489; x_wconf 75' lang='lat' dir='ltr'><strong>dulcrloblivionem</strong></span> <span class='ocrx_word' id='word_1_472' title='bbox 1034 3444 1130 3485; x_wconf 82' lang='lat' dir='ltr'><strong>eos</strong></span> <span class='ocrx_word' id='word_1_473' title='bbox 1186 3430 1427 3494; x_wconf 82' lang='lat' dir='ltr'><strong>deduxit,</strong></span> <span class='ocrx_word' id='word_1_474' title='bbox 1488 3429 1582 3500; x_wconf 85' lang='lat' dir='ltr'><strong>qui</strong></span> <span class='ocrx_word' id='word_1_475' title='bbox 1643 3441 1828 3501; x_wconf 88' lang='lat' dir='ltr'><strong>postea</strong></span> <span class='ocrx_word' id='word_1_476' title='bbox 1887 3430 2000 3486; x_wconf 86' lang='lat' dir='ltr'><strong>nati</strong></span> 
     </span>
    </p>
   </div>
   <div class='ocr_carea' id='block_1_65' title="bbox 429 3521 2000 3593">
    <p class='ocr_par' dir='ltr' id='par_1_65' title="bbox 429 3521 2000 3593">
     <span class='ocr_line' id='line_1_65' title="bbox 429 3521 2000 3593; baseline 0 -14"><span class='ocrx_word' id='word_1_477' title='bbox 429 3535 560 3580; x_wconf 80' lang='lat' dir='ltr'><strong>sunt</strong></span> <span class='ocrx_word' id='word_1_478' title='bbox 605 3540 670 3578; x_wconf 79' lang='lat' dir='ltr'><strong>ex</strong></span> <span class='ocrx_word' id='word_1_479' title='bbox 715 3523 914 3579; x_wconf 75' lang='lat' dir='ltr'><strong>eodem</strong></span> <span class='ocrx_word' id='word_1_480' title='bbox 957 3537 1182 3593; x_wconf 68' lang='lat' dir='ltr'><strong>genere,</strong></span> <span class='ocrx_word' id='word_1_481' title='bbox 1211 3531 1270 3576; x_wconf 91' lang='lat' dir='ltr'><strong>ut</strong></span> <span class='ocrx_word' id='word_1_482' title='bbox 1314 3537 1420 3578; x_wconf 90' lang='lat' dir='ltr'><strong>non</strong></span> <span class='ocrx_word' id='word_1_483' title='bbox 1451 3521 1623 3578; x_wconf 88' lang='lat' dir='ltr'><strong>solum</strong></span> <span class='ocrx_word' id='word_1_484' title='bbox 1647 3523 2000 3593; x_wconf 81' lang='lat' dir='ltr'><strong>corporibus,</strong></span> 
     </span>
    </p>
   </div>
   <div class='ocr_carea' id='block_1_66' title="bbox 430 3612 2004 3683">
    <p class='ocr_par' dir='ltr' id='par_1_66' title="bbox 430 3612 2004 3683">
     <span class='ocr_line' id='line_1_66' title="bbox 430 3612 2004 3683; baseline -0.004 -11"><span class='ocrx_word' id='word_1_485' title='bbox 430 3619 522 3672; x_wconf 84' lang='lat' dir='ltr'><strong>scd</strong></span> <span class='ocrx_word' id='word_1_486' title='bbox 553 3617 718 3670; x_wconf 86' lang='lat' dir='ltr'><strong>etiam</strong></span> <span class='ocrx_word' id='word_1_487' title='bbox 749 3614 946 3671; x_wconf 90' lang='lat' dir='ltr'><strong>animis</strong></span> <span class='ocrx_word' id='word_1_488' title='bbox 975 3628 1121 3670; x_wconf 90' lang='lat' dir='ltr'><strong>mors</strong></span> <span class='ocrx_word' id='word_1_489' title='bbox 1157 3612 1549 3668; x_wconf 87' lang='lat' dir='ltr'><strong>dominaretur.</strong></span> <span class='ocrx_word' id='word_1_490' title='bbox 1578 3612 1794 3668; x_wconf 75' lang='lat' dir='ltr'><strong>Relicto</strong></span> <span class='ocrx_word' id='word_1_491' title='bbox 1820 3615 2004 3683; x_wconf 86' lang='lat' dir='ltr'><strong>itaque</strong></span> 
     </span>
    </p>
   </div>
   <div class='ocr_carea' id='block_1_67' title="bbox 430 3702 2000 3773">
    <p class='ocr_par' dir='ltr' id='par_1_67' title="bbox 430 3702 2000 3773">
     <span class='ocr_line' id='line_1_67' title="bbox 430 3702 2000 3773; baseline -0.003 -12"><span class='ocrx_word' id='word_1_492' title='bbox 430 3723 555 3762; x_wconf 81' lang='lat' dir='ltr'><strong>vero</strong></span> <span class='ocrx_word' id='word_1_493' title='bbox 591 3707 719 3771; x_wconf 89' lang='lat' dir='ltr'><strong>Deo,</strong></span> <span class='ocrx_word' id='word_1_494' title='bbox 748 3713 803 3761; x_wconf 89' lang='lat' dir='ltr'><strong>et</strong></span> <span class='ocrx_word' id='word_1_495' title='bbox 851 3704 920 3760; x_wconf 91' lang='lat' dir='ltr'><strong>ad</strong></span> <span class='ocrx_word' id='word_1_496' title='bbox 971 3704 1145 3760; x_wconf 91' lang='lat' dir='ltr'><strong>lucem</strong></span> <span class='ocrx_word' id='word_1_497' title='bbox 1175 3704 1427 3760; x_wconf 67' lang='lat' dir='ltr'><strong>veritatis</strong></span> <span class='ocrx_word' id='word_1_498' title='bbox 1476 3718 1572 3759; x_wconf 84' lang='lat' dir='ltr'><strong>sua</strong></span> <span class='ocrx_word' id='word_1_499' title='bbox 1624 3713 1818 3773; x_wconf 85' lang='lat' dir='ltr'><strong>sponte</strong></span> <span class='ocrx_word' id='word_1_500' title='bbox 1851 3702 2000 3758; x_wconf 84' lang='lat' dir='ltr'><strong>clau-</strong></span> 
     </span>
    </p>
   </div>
   <div class='ocr_carea' id='block_1_68' title="bbox 431 3792 2000 3860">
    <p class='ocr_par' dir='ltr' id='par_1_68' title="bbox 431 3792 2000 3860">
     <span class='ocr_line' id='line_1_68' title="bbox 431 3792 2000 3860; baseline -0.002 -8"><span class='ocrx_word' id='word_1_501' title='bbox 431 3800 616 3853; x_wconf 84' lang='lat' dir='ltr'><strong>dentes</strong></span> <span class='ocrx_word' id='word_1_502' title='bbox 674 3794 880 3860; x_wconf 91' lang='lat' dir='ltr'><strong>oculos,</strong></span> <span class='ocrx_word' id='word_1_503' title='bbox 929 3793 1109 3850; x_wconf 88' lang='lat' dir='ltr'><strong>cultus</strong></span> <span class='ocrx_word' id='word_1_504' title='bbox 1154 3792 1573 3849; x_wconf 73' lang='lat' dir='ltr'><strong>simulacrorum</strong></span> <span class='ocrx_word' id='word_1_505' title='bbox 1597 3793 1814 3850; x_wconf 87' lang='lat' dir='ltr'><strong>subiere</strong></span> <span class='ocrx_word' id='word_1_506' title='bbox 1845 3804 2000 3849; x_wconf 85' lang='lat' dir='ltr'><strong>tene-</strong></span> 
     </span>
    </p>
   </div>
   <div class='ocr_carea' id='block_1_69' title="bbox 430 3884 1998 3960">
    <p class='ocr_par' dir='ltr' id='par_1_69' title="bbox 430 3884 1998 3960">
     <span class='ocr_line' id='line_1_69' title="bbox 430 3884 1998 3960; baseline -0.003 -16"><span class='ocrx_word' id='word_1_507' title='bbox 430 3895 572 3946; x_wconf 69' lang='grc' dir='ltr'><strong>ιιι-οε.</strong></span> <span class='ocrx_word' id='word_1_508' title='bbox 606 3889 896 3960; x_wconf 82' lang='lat' dir='ltr'><strong>Propterea</strong></span> <span class='ocrx_word' id='word_1_509' title='bbox 947 3901 1078 3956; x_wconf 76' lang='lat' dir='ltr'><strong>ergo</strong></span> <span class='ocrx_word' id='word_1_510' title='bbox 1135 3886 1278 3941; x_wconf 85' lang='lat' dir='ltr'><strong>idem</strong></span> <span class='ocrx_word' id='word_1_511' title='bbox 1323 3885 1496 3942; x_wconf 88' lang='lat' dir='ltr'><strong>nostri</strong></span> <span class='ocrx_word' id='word_1_512' title='bbox 1539 3887 1753 3956; x_wconf 74' lang='lat' dir='ltr'><strong>generis</strong></span> <span class='ocrx_word' id='word_1_513' title='bbox 1783 3884 1998 3956; x_wconf 76' lang='lat' dir='ltr'><strong>Opifex,</strong></span> 
     </span>
    </p>
   </div>
   <div class='ocr_carea' id='block_1_70' title="bbox 427 3975 1999 4050">
    <p class='ocr_par' dir='ltr' id='par_1_70' title="bbox 427 3975 1999 4050">
     <span class='ocr_line' id='line_1_70' title="bbox 427 3975 1999 4050; baseline 0 -18"><span class='ocrx_word' id='word_1_514' title='bbox 427 3980 520 4050; x_wconf 85' lang='lat' dir='ltr'><strong>qui</strong></span> <span class='ocrx_word' id='word_1_515' title='bbox 545 3978 793 4049; x_wconf 79' lang='lat' dir='ltr'><strong>benignis</strong></span> <span class='ocrx_word' id='word_1_516' title='bbox 821 3977 1118 4032; x_wconf 86' lang='lat' dir='ltr'><strong>visceribus</strong></span> <span class='ocrx_word' id='word_1_517' title='bbox 1147 3989 1245 4031; x_wconf 89' lang='lat' dir='ltr'><strong>nos</strong></span> <span class='ocrx_word' id='word_1_518' title='bbox 1275 3975 1532 4044; x_wconf 81' lang='lat' dir='ltr'><strong>produxit</strong></span> <span class='ocrx_word' id='word_1_519' title='bbox 1555 3989 1622 4030; x_wconf 82' lang='lat' dir='ltr'><strong>ex</strong></span> <span class='ocrx_word' id='word_1_520' title='bbox 1661 3975 1854 4044; x_wconf 85' lang='lat' dir='ltr'><strong>nihilo,</strong></span> <span class='ocrx_word' id='word_1_521' title='bbox 1891 3991 1999 4032; x_wconf 92' lang='lat' dir='ltr'><strong>non</strong></span> 
     </span>
    </p>
   </div>
   <div class='ocr_carea' id='block_1_71' title="bbox 427 4065 1997 4138">
    <p class='ocr_par' dir='ltr' id='par_1_71' title="bbox 427 4065 1997 4138">
     <span class='ocr_line' id='line_1_71' title="bbox 427 4065 1997 4138; baseline -0.003 -12"><span class='ocrx_word' id='word_1_522' title='bbox 427 4072 610 4126; x_wconf 75' lang='lat' dir='ltr'><strong>ferens</strong></span> <span class='ocrx_word' id='word_1_523' title='bbox 637 4068 819 4123; x_wconf 86' lang='lat' dir='ltr'><strong>videre</strong></span> <span class='ocrx_word' id='word_1_524' title='bbox 871 4067 1143 4122; x_wconf 86' lang='lat' dir='ltr'><strong>hominem</strong></span> <span class='ocrx_word' id='word_1_525' title='bbox 1172 4066 1402 4137; x_wconf 86' lang='lat' dir='ltr'><strong>opprimi</strong></span> <span class='ocrx_word' id='word_1_526' title='bbox 1437 4065 1656 4134; x_wconf 71' lang='lat' dir='ltr'><strong>maligni</strong></span> <span class='ocrx_word' id='word_1_527' title='bbox 1691 4068 1997 4138; x_wconf 85' lang='lat' dir='ltr'><strong>tyrannide,</strong></span> 
     </span>
    </p>
   </div>
   <div class='ocr_carea' id='block_1_72' title="bbox 427 4158 1997 4226">
    <p class='ocr_par' dir='ltr' id='par_1_72' title="bbox 427 4158 1997 4226">
     <span class='ocr_line' id='line_1_72' title="bbox 427 4158 1997 4226; baseline 0.001 -11"><span class='ocrx_word' id='word_1_528' title='bbox 427 4172 483 4220; x_wconf 84' lang='lat' dir='ltr'><strong>ct</strong></span> <span class='ocrx_word' id='word_1_529' title='bbox 514 4179 543 4216; x_wconf 88' lang='lat' dir='ltr'><strong>a</strong></span> <span class='ocrx_word' id='word_1_530' title='bbox 583 4161 817 4217; x_wconf 76' lang='lat' dir='ltr'><strong>Paterno</strong></span> <span class='ocrx_word' id='word_1_531' title='bbox 851 4160 970 4216; x_wconf 89' lang='lat' dir='ltr'><strong>sinu</strong></span> <span class='ocrx_word' id='word_1_532' title='bbox 1001 4174 1104 4214; x_wconf 91' lang='lat' dir='ltr'><strong>non</strong></span> <span class='ocrx_word' id='word_1_533' title='bbox 1165 4158 1422 4224; x_wconf 87' lang='lat' dir='ltr'><strong>excessit,</strong></span> <span class='ocrx_word' id='word_1_534' title='bbox 1469 4165 1525 4213; x_wconf 88' lang='lat' dir='ltr'><strong>et</strong></span> <span class='ocrx_word' id='word_1_535' title='bbox 1574 4161 1757 4215; x_wconf 84' lang='lat' dir='ltr'><strong>omnia</strong></span> <span class='ocrx_word' id='word_1_536' title='bbox 1798 4159 1997 4226; x_wconf 79' lang='lat' dir='ltr'><strong>factus,</strong></span> 
     </span>
    </p>
   </div>
   <div class='ocr_carea' id='block_1_73' title="bbox 430 4249 1998 4323">
    <p class='ocr_par' dir='ltr' id='par_1_73' title="bbox 430 4249 1998 4323">
     <span class='ocr_line' id='line_1_73' title="bbox 430 4249 1998 4323; baseline -0.003 -13"><span class='ocrx_word' id='word_1_537' title='bbox 430 4255 571 4310; x_wconf 87' lang='lat' dir='ltr'><strong>sicut</strong></span> <span class='ocrx_word' id='word_1_538' title='bbox 595 4267 716 4318; x_wconf 88' lang='lat' dir='ltr'><strong>nos,</strong></span> <span class='ocrx_word' id='word_1_539' title='bbox 754 4261 949 4323; x_wconf 69' lang='lat' dir='ltr'><strong>praeter</strong></span> <span class='ocrx_word' id='word_1_540' title='bbox 977 4250 1154 4306; x_wconf 82' lang='lat' dir='ltr'><strong>solum</strong></span> <span class='ocrx_word' id='word_1_541' title='bbox 1202 4261 1507 4321; x_wconf 89' lang='lat' dir='ltr'><strong>peccatum,</strong></span> <span class='ocrx_word' id='word_1_542' title='bbox 1539 4251 1686 4306; x_wconf 91' lang='lat' dir='ltr'><strong>cruci</strong></span> <span class='ocrx_word' id='word_1_543' title='bbox 1743 4249 1998 4322; x_wconf 70' lang='lat' dir='ltr'><strong>adigitur,</strong></span> 
     </span>
    </p>
   </div>
   <div class='ocr_carea' id='block_1_74' title="bbox 428 4339 1996 4411">
    <p class='ocr_par' dir='ltr' id='par_1_74' title="bbox 428 4339 1996 4411">
     <span class='ocr_line' id='line_1_74' title="bbox 428 4339 1996 4411; baseline -0.004 -11"><span class='ocrx_word' id='word_1_544' title='bbox 428 4355 484 4400; x_wconf 86' lang='lat' dir='ltr'><strong>et</strong></span> <span class='ocrx_word' id='word_1_545' title='bbox 542 4345 790 4410; x_wconf 86' lang='lat' dir='ltr'><strong>moritur,</strong></span> <span class='ocrx_word' id='word_1_546' title='bbox 824 4357 883 4398; x_wconf 57' lang='lat' dir='ltr'><strong>at</strong></span> <span class='ocrx_word' id='word_1_547' title='bbox 915 4341 1066 4411; x_wconf 86' lang='lat' dir='ltr'><strong>lapsu</strong></span> <span class='ocrx_word' id='word_1_548' title='bbox 1121 4339 1331 4411; x_wconf 84' lang='lat' dir='ltr'><strong>peccati</strong></span> <span class='ocrx_word' id='word_1_549' title='bbox 1394 4354 1493 4396; x_wconf 89' lang='lat' dir='ltr'><strong>nos</strong></span> <span class='ocrx_word' id='word_1_550' title='bbox 1526 4339 1715 4397; x_wconf 80' lang='lat' dir='ltr'><strong>volens</strong></span> <span class='ocrx_word' id='word_1_551' title='bbox 1744 4339 1996 4395; x_wconf 87' lang='lat' dir='ltr'><strong>liberare.</strong></span> 
     </span>
    </p>
   </div>
   <div class='ocr_carea' id='block_1_75' title="bbox 426 4428 1998 4504">
    <p class='ocr_par' dir='ltr' id='par_1_75' title="bbox 426 4428 1998 4504">
     <span class='ocr_line' id='line_1_75' title="bbox 426 4428 1998 4504; baseline -0.003 -15"><span class='ocrx_word' id='word_1_552' title='bbox 426 4435 560 4489; x_wconf 81' lang='lat' dir='ltr'><strong>Cum</strong></span> <span class='ocrx_word' id='word_1_553' title='bbox 612 4447 741 4504; x_wconf 71' lang='lat' dir='ltr'><strong>ergo</strong></span> <span class='ocrx_word' id='word_1_554' title='bbox 770 4447 868 4489; x_wconf 88' lang='lat' dir='ltr'><strong>sua</strong></span> <span class='ocrx_word' id='word_1_555' title='bbox 899 4439 1075 4486; x_wconf 87' lang='lat' dir='ltr'><strong>morte</strong></span> <span class='ocrx_word' id='word_1_556' title='bbox 1101 4430 1272 4486; x_wconf 86' lang='lat' dir='ltr'><strong>nostri</strong></span> <span class='ocrx_word' id='word_1_557' title='bbox 1303 4429 1486 4501; x_wconf 89' lang='lat' dir='ltr'><strong>lapsus</strong></span> <span class='ocrx_word' id='word_1_558' title='bbox 1537 4439 1817 4486; x_wconf 87' lang='lat' dir='ltr'><strong>auctorem</strong></span> <span class='ocrx_word' id='word_1_559' title='bbox 1847 4428 1998 4499; x_wconf 86' lang='lat' dir='ltr'><strong>deje-</strong></span> 
     </span>
    </p>
   </div>
   <div class='ocr_carea' id='block_1_76' title="bbox 2107 3245 3688 3329">
    <p class='ocr_par' dir='ltr' id='par_1_76' title="bbox 2107 3245 3688 3329">
     <span class='ocr_line' id='line_1_76' title="bbox 2107 3245 3688 3329; baseline -0.011 -15"><span class='ocrx_word' id='word_1_560' title='bbox 2107 3259 2339 3329; x_wconf 82' lang='grc' dir='ltr'><strong>ῦστερον</strong></span> <span class='ocrx_word' id='word_1_561' title='bbox 2382 3255 2625 3326; x_wconf 57' lang='grc' dir='ltr'><strong>ἡγαγεν,</strong></span> <span class='ocrx_word' id='word_1_562' title='bbox 2687 3251 2763 3314; x_wconf 83' lang='grc' dir='ltr'><strong>ὡς</strong></span> <span class='ocrx_word' id='word_1_563' title='bbox 2791 3249 2867 3322; x_wconf 74' lang='grc' dir='ltr'><strong>μὴ</strong></span> <span class='ocrx_word' id='word_1_564' title='bbox 2899 3248 3168 3319; x_wconf 80' lang='grc' dir='ltr'><strong>σωμάτων</strong></span> <span class='ocrx_word' id='word_1_565' title='bbox 3208 3247 3390 3318; x_wconf 84' lang='grc' dir='ltr'><strong>μόνον,</strong></span> <span class='ocrx_word' id='word_1_566' title='bbox 3414 3245 3552 3300; x_wconf 85' lang='grc' dir='ltr'><strong>ἀλλά</strong></span> <span class='ocrx_word' id='word_1_567' title='bbox 3589 3245 3688 3299; x_wconf 74' lang='grc' dir='ltr'><strong>καὶ</strong></span> 
     </span>
    </p>
   </div>
   <div class='ocr_carea' id='block_1_77' title="bbox 2101 3337 3684 3424">
    <p class='ocr_par' dir='ltr' id='par_1_77' title="bbox 2101 3337 3684 3424">
     <span class='ocr_line' id='line_1_77' title="bbox 2101 3337 3684 3424; baseline -0.009 -18"><span class='ocrx_word' id='word_1_568' title='bbox 2101 3351 2288 3424; x_wconf 76' lang='grc' dir='ltr'><strong>ψυχῶν</strong></span> <span class='ocrx_word' id='word_1_569' title='bbox 2349 3348 2531 3404; x_wconf 82' lang='grc' dir='ltr'><strong>αὐτῶν</strong></span> <span class='ocrx_word' id='word_1_570' title='bbox 2567 3345 2843 3416; x_wconf 78' lang='grc' dir='ltr'><strong>κυριεύειν</strong></span> <span class='ocrx_word' id='word_1_571' title='bbox 2890 3343 3159 3398; x_wconf 79' lang='grc' dir='ltr'><strong>θάνατον·</strong></span> <span class='ocrx_word' id='word_1_572' title='bbox 3227 3337 3420 3410; x_wconf 83' lang='grc' dir='ltr'><strong>ἀμέλει</strong></span> <span class='ocrx_word' id='word_1_573' title='bbox 3448 3338 3544 3392; x_wconf 77' lang='grc' dir='ltr'><strong>καὶ</strong></span> <span class='ocrx_word' id='word_1_574' title='bbox 3589 3337 3684 3392; x_wconf 81' lang='grc' dir='ltr'><strong>τὸν</strong></span> 
     </span>
    </p>
   </div>
   <div class='ocr_carea' id='block_1_78' title="bbox 2103 3429 3682 3512">
    <p class='ocr_par' dir='ltr' id='par_1_78' title="bbox 2103 3429 3682 3512">
     <span class='ocr_line' id='line_1_78' title="bbox 2103 3429 3682 3512; baseline -0.009 -14"><span class='ocrx_word' id='word_1_575' title='bbox 2103 3443 2283 3512; x_wconf 80' lang='grc' dir='ltr'><strong>ἀληθῆ</strong></span> <span class='ocrx_word' id='word_1_576' title='bbox 2320 3441 2454 3496; x_wconf 88' lang='grc' dir='ltr'>Θεὸν</span> <span class='ocrx_word' id='word_1_577' title='bbox 2495 3437 2862 3499; x_wconf 76' lang='grc' dir='ltr'><strong>ἀπολιπόντες</strong></span> <span class='ocrx_word' id='word_1_578' title='bbox 2916 3435 3013 3488; x_wconf 79' lang='grc' dir='ltr'><strong>καὶ</strong></span> <span class='ocrx_word' id='word_1_579' title='bbox 3069 3432 3208 3503; x_wconf 80' lang='grc' dir='ltr'><strong>πρὸς</strong></span> <span class='ocrx_word' id='word_1_580' title='bbox 3268 3431 3328 3485; x_wconf 89' lang='grc' dir='ltr'>τὸ</span> <span class='ocrx_word' id='word_1_581' title='bbox 3354 3432 3557 3500; x_wconf 80' lang='grc' dir='ltr'><strong>φέγγος</strong></span> <span class='ocrx_word' id='word_1_582' title='bbox 3583 3429 3682 3497; x_wconf 78' lang='grc' dir='ltr'><strong>τῆς</strong></span> 
     </span>
    </p>
   </div>
   <div class='ocr_carea' id='block_1_79' title="bbox 2101 3521 3684 3606">
    <p class='ocr_par' dir='ltr' id='par_1_79' title="bbox 2101 3521 3684 3606">
     <span class='ocr_line' id='line_1_79' title="bbox 2101 3521 3684 3606; baseline -0.01 -17"><span class='ocrx_word' id='word_1_583' title='bbox 2101 3534 2364 3606; x_wconf 82' lang='grc' dir='ltr'><strong>ἀληθείας</strong></span> <span class='ocrx_word' id='word_1_584' title='bbox 2412 3531 2594 3586; x_wconf 77' lang='grc' dir='ltr'><strong>ἑκοντὶ</strong></span> <span class='ocrx_word' id='word_1_585' title='bbox 2642 3529 2937 3600; x_wconf 87' lang='grc' dir='ltr'><strong>μύσαντες,</strong></span> <span class='ocrx_word' id='word_1_586' title='bbox 2971 3525 3064 3578; x_wconf 90' lang='grc' dir='ltr'><strong>τὸν</strong></span> <span class='ocrx_word' id='word_1_587' title='bbox 3090 3527 3189 3596; x_wconf 75' lang='grc' dir='ltr'><strong>τῆς</strong></span> <span class='ocrx_word' id='word_1_588' title='bbox 3230 3521 3684 3592; x_wconf 80' lang='grc' dir='ltr'><strong>εἰδωλολατρείας</strong></span> 
     </span>
    </p>
   </div>
   <div class='ocr_carea' id='block_1_80' title="bbox 2103 3612 3658 3695">
    <p class='ocr_par' dir='ltr' id='par_1_80' title="bbox 2103 3612 3658 3695">
     <span class='ocr_line' id='line_1_80' title="bbox 2103 3612 3658 3695; baseline -0.012 -14"><span class='ocrx_word' id='word_1_589' title='bbox 2103 3627 2296 3681; x_wconf 82' lang='grc' dir='ltr'><strong>σκότον</strong></span> <span class='ocrx_word' id='word_1_590' title='bbox 2326 3623 2588 3695; x_wconf 87' lang='grc' dir='ltr'><strong>ὐπῆλθον.</strong></span> <span class='ocrx_word' id='word_1_591' title='bbox 2630 3620 2728 3674; x_wconf 72' lang='grc' dir='ltr'><strong>Διὰ</strong></span> <span class='ocrx_word' id='word_1_592' title='bbox 2753 3618 2930 3674; x_wconf 86' lang='grc' dir='ltr'><strong>ταῦτα</strong></span> <span class='ocrx_word' id='word_1_593' title='bbox 2949 3616 3129 3672; x_wconf 86' lang='grc' dir='ltr'><strong>τοίνυν</strong></span> <span class='ocrx_word' id='word_1_594' title='bbox 3150 3615 3308 3678; x_wconf 75' lang='grc' dir='ltr'><strong>αὐτὸς</strong></span> <span class='ocrx_word' id='word_1_595' title='bbox 3332 3617 3360 3670; x_wconf 81' lang='grc'>6</span> <span class='ocrx_word' id='word_1_596' title='bbox 3387 3612 3482 3666; x_wconf 89' lang='grc' dir='ltr'><strong>τοῦ</strong></span> <span class='ocrx_word' id='word_1_597' title='bbox 3522 3613 3658 3682; x_wconf 79' lang='grc' dir='ltr'><strong>ἡμε-</strong></span> 
     </span>
    </p>
   </div>
   <div class='ocr_carea' id='block_1_81' title="bbox 2099 3704 3683 3791">
    <p class='ocr_par' dir='ltr' id='par_1_81' title="bbox 2099 3704 3683 3791">
     <span class='ocr_line' id='line_1_81' title="bbox 2099 3704 3683 3791; baseline -0.011 -18"><span class='ocrx_word' id='word_1_598' title='bbox 2099 3719 2262 3791; x_wconf 82' lang='grc' dir='ltr'><strong>τέρου</strong></span> <span class='ocrx_word' id='word_1_599' title='bbox 2287 3716 2476 3786; x_wconf 90' lang='grc' dir='ltr'><strong>γένους</strong></span> <span class='ocrx_word' id='word_1_600' title='bbox 2498 3710 2844 3786; x_wconf 85' lang='grc' dir='ltr'><strong>Δημιουργὸς</strong></span> <span class='ocrx_word' id='word_1_601' title='bbox 2868 3711 2896 3763; x_wconf 90' lang='grc' dir='ltr'><strong>ὁ</strong></span> <span class='ocrx_word' id='word_1_602' title='bbox 2916 3706 3322 3779; x_wconf 84' lang='grc' dir='ltr'><strong>φιλανθρώποις</strong></span> <span class='ocrx_word' id='word_1_603' title='bbox 3351 3704 3683 3774; x_wconf 81' lang='grc' dir='ltr'><strong>σπλάγχνοις</strong></span> 
     </span>
    </p>
   </div>
   <div class='ocr_carea' id='block_1_82' title="bbox 2101 3791 3678 3879">
    <p class='ocr_par' dir='ltr' id='par_1_82' title="bbox 2101 3791 3678 3879">
     <span class='ocr_line' id='line_1_82' title="bbox 2101 3791 3678 3879; baseline -0.011 -15"><span class='ocrx_word' id='word_1_604' title='bbox 2101 3812 2169 3864; x_wconf 64' lang='grc' dir='ltr'><strong>ἐκ</strong></span> <span class='ocrx_word' id='word_1_605' title='bbox 2216 3807 2313 3863; x_wconf 88' lang='grc' dir='ltr'><strong>τοῦ</strong></span> <span class='ocrx_word' id='word_1_606' title='bbox 2367 3807 2443 3879; x_wconf 79' lang='grc' dir='ltr'><strong>μὴ</strong></span> <span class='ocrx_word' id='word_1_607' title='bbox 2491 3806 2646 3869; x_wconf 69' lang='grc' dir='ltr'><strong>ὄντος</strong></span> <span class='ocrx_word' id='word_1_608' title='bbox 2688 3799 3056 3875; x_wconf 84' lang='grc' dir='ltr'><strong>παραγαγὼν,</strong></span> <span class='ocrx_word' id='word_1_609' title='bbox 3093 3797 3170 3870; x_wconf 79' lang='grc' dir='ltr'><strong>μὴ</strong></span> <span class='ocrx_word' id='word_1_610' title='bbox 3203 3797 3386 3868; x_wconf 80' lang='grc' dir='ltr'><strong>φέρων</strong></span> <span class='ocrx_word' id='word_1_611' title='bbox 3425 3795 3531 3850; x_wconf 82' lang='grc' dir='ltr'><strong>ὑπὸ</strong></span> <span class='ocrx_word' id='word_1_612' title='bbox 3585 3791 3678 3848; x_wconf 90' lang='grc' dir='ltr'><strong>τοῦ</strong></span> 
     </span>
    </p>
   </div>
   <div class='ocr_carea' id='block_1_83' title="bbox 2100 3887 3677 3974">
    <p class='ocr_par' dir='ltr' id='par_1_83' title="bbox 2100 3887 3677 3974">
     <span class='ocr_line' id='line_1_83' title="bbox 2100 3887 3677 3974; baseline -0.012 -16"><span class='ocrx_word' id='word_1_613' title='bbox 2100 3901 2345 3974; x_wconf 85' lang='grc' dir='ltr'><strong>πονηροῦ</strong></span> <span class='ocrx_word' id='word_1_614' title='bbox 2378 3901 2470 3956; x_wconf 90' lang='grc' dir='ltr'><strong>τὸν</strong></span> <span class='ocrx_word' id='word_1_615' title='bbox 2500 3898 2792 3969; x_wconf 75' lang='grc' dir='ltr'><strong>ἄνθρωπον</strong></span> <span class='ocrx_word' id='word_1_616' title='bbox 2821 3895 2954 3967; x_wconf 81' lang='grc' dir='ltr'><strong>όρᾷν</strong></span> <span class='ocrx_word' id='word_1_617' title='bbox 2987 3891 3446 3962; x_wconf 82' lang='grc' dir='ltr'><strong>τυραννούμενον,</strong></span> <span class='ocrx_word' id='word_1_618' title='bbox 3481 3887 3588 3942; x_wconf 86' lang='grc' dir='ltr'><strong>τῶν</strong></span> <span class='ocrx_word' id='word_1_619' title='bbox 3617 3903 3677 3940; x_wconf 81' lang='grc' dir='ltr'><strong>τι</strong></span> 
     </span>
    </p>
   </div>
   <div class='ocr_carea' id='block_1_84' title="bbox 2101 3975 3680 4062">
    <p class='ocr_par' dir='ltr' id='par_1_84' title="bbox 2101 3975 3680 4062">
     <span class='ocr_line' id='line_1_84' title="bbox 2101 3975 3680 4062; baseline -0.013 -15"><span class='ocrx_word' id='word_1_620' title='bbox 2101 3990 2399 4062; x_wconf 81' lang='grc' dir='ltr'><strong>Πατρικῶν</strong></span> <span class='ocrx_word' id='word_1_621' title='bbox 2428 3989 2531 4044; x_wconf 87' lang='grc' dir='ltr'><strong>οὐκ</strong></span> <span class='ocrx_word' id='word_1_622' title='bbox 2563 3987 2763 4056; x_wconf 72' lang='grc' dir='ltr'><strong>ἐξέστη</strong></span> <span class='ocrx_word' id='word_1_623' title='bbox 2790 3985 3032 4048; x_wconf 73' lang='grc' dir='ltr'><strong>κόλπων,</strong></span> <span class='ocrx_word' id='word_1_624' title='bbox 3073 3981 3168 4034; x_wconf 79' lang='grc' dir='ltr'><strong>καὶ</strong></span> <span class='ocrx_word' id='word_1_625' title='bbox 3201 3979 3381 4032; x_wconf 77' lang='grc' dir='ltr'><strong>πάντα</strong></span> <span class='ocrx_word' id='word_1_626' title='bbox 3411 3975 3552 4048; x_wconf 77' lang='grc' dir='ltr'><strong>πλὴν</strong></span> <span class='ocrx_word' id='word_1_627' title='bbox 3584 3975 3680 4046; x_wconf 64' lang='grc' dir='ltr'><strong>μό-</strong></span> 
     </span>
    </p>
   </div>
   <div class='ocr_carea' id='block_1_85' title="bbox 2099 4069 3678 4157">
    <p class='ocr_par' dir='ltr' id='par_1_85' title="bbox 2099 4069 3678 4157">
     <span class='ocr_line' id='line_1_85' title="bbox 2099 4069 3678 4157; baseline -0.014 -15"><span class='ocrx_word' id='word_1_628' title='bbox 2099 4103 2198 4157; x_wconf 84' lang='grc' dir='ltr'><strong>νης</strong></span> <span class='ocrx_word' id='word_1_629' title='bbox 2226 4083 2328 4156; x_wconf 74' lang='grc' dir='ltr'><strong>τῆς</strong></span> <span class='ocrx_word' id='word_1_630' title='bbox 2355 4081 2635 4154; x_wconf 77' lang='grc' dir='ltr'><strong>ἁμαρτίας</strong></span> <span class='ocrx_word' id='word_1_631' title='bbox 2655 4077 2806 4133; x_wconf 83' lang='grc' dir='ltr'><strong>,καθ’</strong></span> <span class='ocrx_word' id='word_1_632' title='bbox 2856 4078 3002 4147; x_wconf 80' lang='grc' dir='ltr'><strong>ἡμᾶς</strong></span> <span class='ocrx_word' id='word_1_633' title='bbox 3037 4071 3303 4142; x_wconf 86' lang='grc' dir='ltr'><strong>γεγονὼς,</strong></span> <span class='ocrx_word' id='word_1_634' title='bbox 3343 4069 3678 4138; x_wconf 81' lang='grc' dir='ltr'><strong>σταυροῦται</strong></span> 
     </span>
    </p>
   </div>
   <div class='ocr_carea' id='block_1_86' title="bbox 2100 4159 3678 4246">
    <p class='ocr_par' dir='ltr' id='par_1_86' title="bbox 2100 4159 3678 4246">
     <span class='ocr_line' id='line_1_86' title="bbox 2100 4159 3678 4246; baseline -0.012 -14"><span class='ocrx_word' id='word_1_635' title='bbox 2100 4178 2197 4232; x_wconf 75' lang='grc' dir='ltr'><strong>καὶ</strong></span> <span class='ocrx_word' id='word_1_636' title='bbox 2241 4174 2488 4246; x_wconf 81' lang='grc' dir='ltr'><strong>θνήσκει,</strong></span> <span class='ocrx_word' id='word_1_637' title='bbox 2531 4169 2630 4226; x_wconf 86' lang='grc' dir='ltr'><strong>τοῦ</strong></span> <span class='ocrx_word' id='word_1_638' title='bbox 2663 4169 2767 4238; x_wconf 74' lang='grc' dir='ltr'><strong>τῆς</strong></span> <span class='ocrx_word' id='word_1_639' title='bbox 2823 4164 3100 4236; x_wconf 79' lang='grc' dir='ltr'><strong>ἁμαρτίας</strong></span> <span class='ocrx_word' id='word_1_640' title='bbox 3135 4162 3430 4234; x_wconf 86' lang='grc' dir='ltr'><strong>πτώματος</strong></span> <span class='ocrx_word' id='word_1_641' title='bbox 3474 4159 3678 4214; x_wconf 69' lang='grc' dir='ltr'><strong>ἐθέλων</strong></span> 
     </span>
    </p>
   </div>
   <div class='ocr_carea' id='block_1_87' title="bbox 2100 4245 3677 4337">
    <p class='ocr_par' dir='ltr' id='par_1_87' title="bbox 2100 4245 3677 4337">
     <span class='ocr_line' id='line_1_87' title="bbox 2100 4245 3677 4337; baseline -0.015 -16"><span class='ocrx_word' id='word_1_642' title='bbox 2100 4265 2249 4337; x_wconf 80' lang='grc' dir='ltr'><strong>ἡμᾶς</strong></span> <span class='ocrx_word' id='word_1_643' title='bbox 2281 4245 2694 4319; x_wconf 86' lang='grc' dir='ltr'><strong>ἀνασώσασθαι.</strong></span> <span class='ocrx_word' id='word_1_644' title='bbox 2751 4254 2844 4326; x_wconf 81' lang='grc' dir='ltr'><strong>Τῷ</strong></span> <span class='ocrx_word' id='word_1_645' title='bbox 2891 4251 3091 4307; x_wconf 67' lang='grc' dir='ltr'><strong>ἑαυτοῦ</strong></span> <span class='ocrx_word' id='word_1_646' title='bbox 3127 4249 3420 4319; x_wconf 83' lang='grc' dir='ltr'><strong>τοιγαροῦν</strong></span> <span class='ocrx_word' id='word_1_647' title='bbox 3457 4245 3677 4316; x_wconf 82' lang='grc' dir='ltr'><strong>θανάτῳ</strong></span> 
     </span>
    </p>
   </div>
   <div class='ocr_carea' id='block_1_88' title="bbox 2099 4334 3674 4420">
    <p class='ocr_par' dir='ltr' id='par_1_88' title="bbox 2099 4334 3674 4420">
     <span class='ocr_line' id='line_1_88' title="bbox 2099 4334 3674 4420; baseline -0.015 -9"><span class='ocrx_word' id='word_1_648' title='bbox 2099 4334 2193 4410; x_wconf 77' lang='grc' dir='ltr'><strong>τὸν</strong></span> <span class='ocrx_word' id='word_1_649' title='bbox 2234 4354 2410 4408; x_wconf 82' lang='grc' dir='ltr'><strong>αῐτιον</strong></span> <span class='ocrx_word' id='word_1_650' title='bbox 2441 4350 2537 4406; x_wconf 89' lang='grc' dir='ltr'><strong>τοῦ</strong></span> <span class='ocrx_word' id='word_1_651' title='bbox 2571 4345 2841 4420; x_wconf 73' lang='grc' dir='ltr'><strong>ἡμετέρου</strong></span> <span class='ocrx_word' id='word_1_652' title='bbox 2876 4342 3170 4414; x_wconf 88' lang='grc' dir='ltr'><strong>πτώματος</strong></span> <span class='ocrx_word' id='word_1_653' title='bbox 3225 4334 3674 4406; x_wconf 75' lang='grc' dir='ltr'><strong>καταόεδληκὼς,</strong></span> 
     </span>
    </p>
   </div>
   <div class='ocr_carea' id='block_1_89' title="bbox 2100 4423 3679 4511">
    <p class='ocr_par' dir='ltr' id='par_1_89' title="bbox 2100 4423 3679 4511">
     <span class='ocr_line' id='line_1_89' title="bbox 2100 4423 3679 4511; baseline -0.013 -11"><span class='ocrx_word' id='word_1_654' title='bbox 2100 4444 2264 4509; x_wconf 88' lang='grc' dir='ltr'><strong>αὐτός</strong></span> <span class='ocrx_word' id='word_1_655' title='bbox 2293 4460 2353 4498; x_wconf 82' lang='grc' dir='ltr'><strong>τε</strong></span> <span class='ocrx_word' id='word_1_656' title='bbox 2382 4442 2465 4506; x_wconf 84' lang='grc' dir='ltr'><strong>είς</strong></span> <span class='ocrx_word' id='word_1_657' title='bbox 2511 4437 2777 4511; x_wconf 78' lang='grc' dir='ltr'><strong>οὐρανοὺς</strong></span> <span class='ocrx_word' id='word_1_658' title='bbox 2819 4431 3163 4506; x_wconf 83' lang='grc' dir='ltr'><strong>ἀνεληλύθει,</strong></span> <span class='ocrx_word' id='word_1_659' title='bbox 3195 4429 3289 4501; x_wconf 82' lang='grc' dir='ltr'><strong>ἀφ’</strong></span> <span class='ocrx_word' id='word_1_660' title='bbox 3321 4423 3398 4484; x_wconf 80' lang='grc' dir='ltr'><strong>ὧν</strong></span> <span class='ocrx_word' id='word_1_661' title='bbox 3419 4429 3517 4483; x_wconf 80' lang='grc' dir='ltr'><strong>καὶ</strong></span> <span class='ocrx_word' id='word_1_662' title='bbox 3544 4445 3679 4482; x_wconf 86' lang='grc' dir='ltr'><strong>κατ·</strong></span> 
     </span>
    </p>
   </div>
   <div class='ocr_carea' id='block_1_90' title="bbox 426 4517 2003 4602">
    <p class='ocr_par' dir='ltr' id='par_1_90' title="bbox 426 4521 1998 4595">
     <span class='ocr_line' id='line_1_90' title="bbox 426 4521 1998 4595; baseline -0.003 -15"><span class='ocrx_word' id='word_1_663' title='bbox 426 4527 613 4588; x_wconf 87' lang='lat' dir='ltr'><strong>cisset,</strong></span> <span class='ocrx_word' id='word_1_664' title='bbox 639 4524 754 4595; x_wconf 86' lang='lat' dir='ltr'><strong>ipse</strong></span> <span class='ocrx_word' id='word_1_665' title='bbox 784 4532 840 4579; x_wconf 89' lang='lat' dir='ltr'><strong>et</strong></span> <span class='ocrx_word' id='word_1_666' title='bbox 869 4523 921 4577; x_wconf 89' lang='lat' dir='ltr'><strong>in</strong></span> <span class='ocrx_word' id='word_1_667' title='bbox 947 4522 1115 4578; x_wconf 73' lang='lat' dir='ltr'><strong>cmlos</strong></span> <span class='ocrx_word' id='word_1_668' title='bbox 1160 4521 1427 4589; x_wconf 88' lang='lat' dir='ltr'><strong>ascendit,</strong></span> <span class='ocrx_word' id='word_1_669' title='bbox 1455 4534 1487 4576; x_wconf 91' lang='lat' dir='ltr'><strong>e</strong></span> <span class='ocrx_word' id='word_1_670' title='bbox 1517 4521 1716 4591; x_wconf 88' lang='lat' dir='ltr'><strong>quibus</strong></span> <span class='ocrx_word' id='word_1_671' title='bbox 1768 4521 1998 4576; x_wconf 78' lang='lat' dir='ltr'><strong>descen-</strong></span> 
     </span>
    </p>
   </div>
   <div class='ocr_carea' id='block_1_91' title="bbox 2104 4517 3677 4602">
    <p class='ocr_par' dir='ltr' id='par_1_91' title="bbox 2104 4517 3677 4602">
     <span class='ocr_line' id='line_1_91' title="bbox 2104 4517 3677 4602; baseline -0.01 -18"><span class='ocrx_word' id='word_1_672' title='bbox 2104 4531 2290 4602; x_wconf 81' lang='grc' dir='ltr'><strong>ἦλθεν,</strong></span> <span class='ocrx_word' id='word_1_673' title='bbox 2317 4529 2412 4585; x_wconf 74' lang='grc' dir='ltr'><strong>καὶ</strong></span> <span class='ocrx_word' id='word_1_674' title='bbox 2439 4529 2590 4600; x_wconf 72' lang='grc' dir='ltr'><strong>ἡμᾶς</strong></span> <span class='ocrx_word' id='word_1_675' title='bbox 2625 4528 2804 4580; x_wconf 74' lang='grc' dir='ltr'><strong>ἐκεῖσε</strong></span> <span class='ocrx_word' id='word_1_676' title='bbox 2830 4524 3008 4590; x_wconf 85' lang='grc' dir='ltr'><strong>καλεῖ,</strong></span> <span class='ocrx_word' id='word_1_677' title='bbox 3039 4523 3141 4593; x_wconf 77' lang='grc' dir='ltr'><strong>τὴν</strong></span> <span class='ocrx_word' id='word_1_678' title='bbox 3168 4520 3305 4591; x_wconf 86' lang='grc' dir='ltr'><strong>πρὸς</strong></span> <span class='ocrx_word' id='word_1_679' title='bbox 3344 4517 3508 4572; x_wconf 87' lang='grc' dir='ltr'><strong>αὐτὸν</strong></span> <span class='ocrx_word' id='word_1_680' title='bbox 3543 4519 3677 4587; x_wconf 78' lang='grc' dir='ltr'><strong>ἡμῖν</strong></span> 
     </span>
    </p>
   </div>
   <div class='ocr_carea' id='block_1_92' title="bbox 427 4610 1999 4682">
    <p class='ocr_par' dir='ltr' id='par_1_92' title="bbox 427 4610 1999 4682">
     <span class='ocr_line' id='line_1_92' title="bbox 427 4610 1999 4682; baseline -0.003 -13"><span class='ocrx_word' id='word_1_681' title='bbox 427 4618 582 4671; x_wconf 81' lang='lat' dir='ltr'><strong>derat</strong></span> <span class='ocrx_word' id='word_1_682' title='bbox 617 4631 635 4669; x_wconf 85' lang='lat'><strong>:</strong></span> <span class='ocrx_word' id='word_1_683' title='bbox 660 4622 716 4670; x_wconf 90' lang='lat' dir='ltr'><strong>et</strong></span> <span class='ocrx_word' id='word_1_684' title='bbox 747 4629 845 4670; x_wconf 89' lang='lat' dir='ltr'><strong>nos</strong></span> <span class='ocrx_word' id='word_1_685' title='bbox 868 4611 992 4669; x_wconf 87' lang='lat' dir='ltr'><strong>illuc</strong></span> <span class='ocrx_word' id='word_1_686' title='bbox 1017 4620 1197 4678; x_wconf 82' lang='lat' dir='ltr'><strong>vocat,</strong></span> <span class='ocrx_word' id='word_1_687' title='bbox 1233 4619 1292 4666; x_wconf 93' lang='lat' dir='ltr'><strong>ut</strong></span> <span class='ocrx_word' id='word_1_688' title='bbox 1319 4611 1411 4682; x_wconf 89' lang='lat' dir='ltr'><strong>qui</strong></span> <span class='ocrx_word' id='word_1_689' title='bbox 1443 4610 1600 4667; x_wconf 86' lang='lat' dir='ltr'><strong>nobis</strong></span> <span class='ocrx_word' id='word_1_690' title='bbox 1623 4611 1694 4666; x_wconf 87' lang='lat' dir='ltr'><strong>ad</strong></span> <span class='ocrx_word' id='word_1_691' title='bbox 1725 4625 1784 4667; x_wconf 86' lang='lat' dir='ltr'><strong>se</strong></span> <span class='ocrx_word' id='word_1_692' title='bbox 1809 4625 1999 4667; x_wconf 67' lang='lat' dir='ltr'><strong>ascen.</strong></span> 
     </span>
    </p>
   </div>
   <div class='ocr_carea' id='block_1_93' title="bbox 428 4702 2000 4773">
    <p class='ocr_par' dir='ltr' id='par_1_93' title="bbox 428 4702 2000 4773">
     <span class='ocr_line' id='line_1_93' title="bbox 428 4702 2000 4773; baseline -0.001 -13"><span class='ocrx_word' id='word_1_693' title='bbox 428 4721 550 4761; x_wconf 89' lang='lat' dir='ltr'><strong>sum</strong></span> <span class='ocrx_word' id='word_1_694' title='bbox 579 4705 899 4762; x_wconf 88' lang='lat' dir='ltr'><strong>ostenderit.</strong></span> <span class='ocrx_word' id='word_1_695' title='bbox 933 4703 1170 4762; x_wconf 87' lang='lat' dir='ltr'><strong>Potesne</strong></span> <span class='ocrx_word' id='word_1_696' title='bbox 1194 4711 1258 4757; x_wconf 83' lang='lat' dir='ltr'><strong>tu</strong></span> <span class='ocrx_word' id='word_1_697' title='bbox 1291 4717 1509 4773; x_wconf 90' lang='lat' dir='ltr'><strong>quoque</strong></span> <span class='ocrx_word' id='word_1_698' title='bbox 1537 4703 1642 4757; x_wconf 90' lang='lat' dir='ltr'><strong>tale</strong></span> <span class='ocrx_word' id='word_1_699' title='bbox 1669 4702 1800 4773; x_wconf 90' lang='lat' dir='ltr'><strong>quid</strong></span> <span class='ocrx_word' id='word_1_700' title='bbox 1815 4711 2000 4758; x_wconf 86' lang='lat' dir='ltr'><strong>osten-</strong></span> 
     </span>
    </p>
   </div>
   <div class='ocr_carea' id='block_1_94' title="bbox 430 4793 1998 4868">
    <p class='ocr_par' dir='ltr' id='par_1_94' title="bbox 430 4793 1998 4868">
     <span class='ocr_line' id='line_1_94' title="bbox 430 4793 1998 4868; baseline 0 -16"><span class='ocrx_word' id='word_1_701' title='bbox 430 4799 582 4864; x_wconf 88' lang='lat' dir='ltr'><strong>dere,</strong></span> <span class='ocrx_word' id='word_1_702' title='bbox 609 4796 753 4868; x_wconf 88' lang='lat' dir='ltr'><strong>quod</strong></span> <span class='ocrx_word' id='word_1_703' title='bbox 783 4811 814 4850; x_wconf 90' lang='lat' dir='ltr'><strong>a</strong></span> <span class='ocrx_word' id='word_1_704' title='bbox 856 4795 962 4853; x_wconf 83' lang='lat' dir='ltr'><strong>tuis</strong></span> <span class='ocrx_word' id='word_1_705' title='bbox 984 4796 1088 4852; x_wconf 91' lang='lat' dir='ltr'><strong>diis</strong></span> <span class='ocrx_word' id='word_1_706' title='bbox 1115 4795 1313 4858; x_wconf 79' lang='lat' dir='ltr'><strong>[actum</strong></span> <span class='ocrx_word' id='word_1_707' title='bbox 1335 4795 1427 4862; x_wconf 90' lang='lat' dir='ltr'><strong>sit,</strong></span> <span class='ocrx_word' id='word_1_708' title='bbox 1462 4809 1531 4850; x_wconf 90' lang='lat' dir='ltr'><strong>an</strong></span> <span class='ocrx_word' id='word_1_709' title='bbox 1567 4793 1748 4864; x_wconf 83' lang='lat' dir='ltr'><strong>tejam</strong></span> <span class='ocrx_word' id='word_1_710' title='bbox 1781 4809 1876 4852; x_wconf 89' lang='lat' dir='ltr'><strong>eos</strong></span> <span class='ocrx_word' id='word_1_711' title='bbox 1899 4810 1998 4852; x_wconf 88' lang='lat' dir='ltr'><strong>vo-</strong></span> 
     </span>
    </p>
   </div>
   <div class='ocr_carea' id='block_1_95' title="bbox 427 4887 1998 4961">
    <p class='ocr_par' dir='ltr' id='par_1_95' title="bbox 427 4887 1998 4961">
     <span class='ocr_line' id='line_1_95' title="bbox 427 4887 1998 4961; baseline -0.003 -16"><span class='ocrx_word' id='word_1_712' title='bbox 427 4905 555 4946; x_wconf 85' lang='lat' dir='ltr'><strong>care</strong></span> <span class='ocrx_word' id='word_1_713' title='bbox 579 4889 809 4961; x_wconf 66' lang='lat' dir='ltr'><strong>poenitet</strong></span> <span class='ocrx_word' id='word_1_714' title='bbox 834 4889 856 4944; x_wconf 70' lang='lat'><strong><em>1</em></strong></span> <span class='ocrx_word' id='word_1_715' title='bbox 887 4887 1298 4946; x_wconf 84' lang='lat' dir='ltr'><strong>Possessionum</strong></span> <span class='ocrx_word' id='word_1_716' title='bbox 1329 4897 1509 4944; x_wconf 87' lang='lat' dir='ltr'><strong>autem</strong></span> <span class='ocrx_word' id='word_1_717' title='bbox 1543 4896 1599 4942; x_wconf 90' lang='lat' dir='ltr'><strong>et</strong></span> <span class='ocrx_word' id='word_1_718' title='bbox 1616 4887 1998 4958; x_wconf 80' lang='lat' dir='ltr'><strong>pecuniarum,</strong></span> 
     </span>
    </p>
   </div>
   <div class='ocr_carea' id='block_1_96' title="bbox 413 4981 2001 5054">
    <p class='ocr_par' dir='ltr' id='par_1_96' title="bbox 413 4981 2001 5054">
     <span class='ocr_line' id='line_1_96' title="bbox 413 4981 2001 5054; baseline -0.004 -14"><span class='ocrx_word' id='word_1_719' title='bbox 413 5007 470 5054; x_wconf 70' lang='grc' dir='ltr'><strong>ει</strong></span> <span class='ocrx_word' id='word_1_720' title='bbox 508 4984 730 5042; x_wconf 84' lang='lat' dir='ltr'><strong>honoris</strong></span> <span class='ocrx_word' id='word_1_721' title='bbox 783 4983 924 5054; x_wconf 91' lang='lat' dir='ltr'><strong>apud</strong></span> <span class='ocrx_word' id='word_1_722' title='bbox 974 4981 1351 5052; x_wconf 88' lang='lat' dir='ltr'><strong>imperatores,</strong></span> <span class='ocrx_word' id='word_1_723' title='bbox 1379 4994 1500 5051; x_wconf 71' lang='lat' dir='ltr'><strong>qua:</strong></span> <span class='ocrx_word' id='word_1_724' title='bbox 1555 4988 1684 5035; x_wconf 87' lang='lat' dir='ltr'><strong>sunt</strong></span> <span class='ocrx_word' id='word_1_725' title='bbox 1707 4987 1908 5046; x_wconf 85' lang='lat' dir='ltr'><strong>vestra,</strong></span> <span class='ocrx_word' id='word_1_726' title='bbox 1942 4989 2001 5035; x_wconf 93' lang='lat' dir='ltr'><strong>ut</strong></span> 
     </span>
    </p>
   </div>
   <div class='ocr_carea' id='block_1_97' title="bbox 413 5072 1999 5147">
    <p class='ocr_par' dir='ltr' id='par_1_97' title="bbox 413 5072 1999 5147">
     <span class='ocr_line' id='line_1_97' title="bbox 413 5072 1999 5147; baseline -0.006 -12"><span class='ocrx_word' id='word_1_727' title='bbox 413 5091 468 5146; x_wconf 64' lang='lat' dir='ltr'><strong>ni</strong></span> <span class='ocrx_word' id='word_1_728' title='bbox 487 5077 632 5144; x_wconf 88' lang='lat' dir='ltr'><strong>citis,</strong></span> <span class='ocrx_word' id='word_1_729' title='bbox 666 5076 830 5144; x_wconf 88' lang='lat' dir='ltr'><strong>bona,</strong></span> <span class='ocrx_word' id='word_1_730' title='bbox 863 5091 962 5132; x_wconf 88' lang='lat' dir='ltr'><strong>nos</strong></span> <span class='ocrx_word' id='word_1_731' title='bbox 986 5089 1208 5147; x_wconf 89' lang='lat' dir='ltr'><strong>parvam</strong></span> <span class='ocrx_word' id='word_1_732' title='bbox 1233 5089 1419 5130; x_wconf 90' lang='lat' dir='ltr'><strong>curam</strong></span> <span class='ocrx_word' id='word_1_733' title='bbox 1444 5073 1701 5144; x_wconf 78' lang='lat' dir='ltr'><strong>gerimus,</strong></span> <span class='ocrx_word' id='word_1_734' title='bbox 1733 5080 1792 5127; x_wconf 88' lang='lat' dir='ltr'><strong>ut</strong></span> <span class='ocrx_word' id='word_1_735' title='bbox 1812 5072 1902 5142; x_wconf 88' lang='lat' dir='ltr'><strong>qui</strong></span> <span class='ocrx_word' id='word_1_736' title='bbox 1936 5086 1999 5126; x_wconf 87' lang='lat' dir='ltr'><strong>ea</strong></span> 
     </span>
    </p>
   </div>
   <div class='ocr_carea' id='block_1_98' title="bbox 412 5161 1999 5239">
    <p class='ocr_par' dir='ltr' id='par_1_98' title="bbox 412 5161 1999 5239">
     <span class='ocr_line' id='line_1_98' title="bbox 412 5161 1999 5239; baseline -0.006 -15"><span class='ocrx_word' id='word_1_737' title='bbox 412 5183 532 5232; x_wconf 75' lang='grc'><strong>..011</strong></span> <span class='ocrx_word' id='word_1_738' title='bbox 565 5177 822 5239; x_wconf 87' lang='lat' dir='ltr'><strong>tanquam</strong></span> <span class='ocrx_word' id='word_1_739' title='bbox 851 5167 1050 5222; x_wconf 86' lang='lat' dir='ltr'><strong>stantia</strong></span> <span class='ocrx_word' id='word_1_740' title='bbox 1073 5164 1340 5234; x_wconf 84' lang='lat' dir='ltr'><strong>judicare,</strong></span> <span class='ocrx_word' id='word_1_741' title='bbox 1370 5163 1467 5219; x_wconf 86' lang='lat' dir='ltr'><strong>sed</strong></span> <span class='ocrx_word' id='word_1_742' title='bbox 1500 5172 1754 5232; x_wconf 85' lang='lat' dir='ltr'><strong>tanquam</strong></span> <span class='ocrx_word' id='word_1_743' title='bbox 1787 5161 1999 5232; x_wconf 76' lang='lat' dir='ltr'><strong>iugicn-</strong></span> 
     </span>
    </p>
   </div>
   <div class='ocr_carea' id='block_1_99' title="bbox 429 5254 2000 5328">
    <p class='ocr_par' dir='ltr' id='par_1_99' title="bbox 429 5254 2000 5328">
     <span class='ocr_line' id='line_1_99' title="bbox 429 5254 2000 5328; baseline -0.003 -16"><span class='ocrx_word' id='word_1_744' title='bbox 429 5261 523 5328; x_wconf 86' lang='lat' dir='ltr'><strong>tia,</strong></span> <span class='ocrx_word' id='word_1_745' title='bbox 557 5269 703 5316; x_wconf 84' lang='lat' dir='ltr'><strong>recte</strong></span> <span class='ocrx_word' id='word_1_746' title='bbox 755 5259 1105 5316; x_wconf 89' lang='lat' dir='ltr'><strong>didicerimus</strong></span> <span class='ocrx_word' id='word_1_747' title='bbox 1135 5271 1165 5310; x_wconf 90' lang='lat' dir='ltr'><strong>a</strong></span> <span class='ocrx_word' id='word_1_748' title='bbox 1213 5256 1498 5326; x_wconf 89' lang='lat' dir='ltr'><strong>propheta,</strong></span> <span class='ocrx_word' id='word_1_749' title='bbox 1520 5264 1576 5310; x_wconf 92' lang='lat' dir='ltr'><strong>et</strong></span> <span class='ocrx_word' id='word_1_750' title='bbox 1610 5254 1841 5308; x_wconf 83' lang='lat' dir='ltr'><strong>maxime</strong></span> <span class='ocrx_word' id='word_1_751' title='bbox 1875 5269 2000 5308; x_wconf 91' lang='lat' dir='ltr'><strong>cum</strong></span> 
     </span>
    </p>
   </div>
   <div class='ocr_carea' id='block_1_100' title="bbox 428 5344 1999 5422">
    <p class='ocr_par' dir='ltr' id='par_1_100' title="bbox 428 5344 1999 5422">
     <span class='ocr_line' id='line_1_100' title="bbox 428 5344 1999 5422; baseline -0.004 -16"><span class='ocrx_word' id='word_1_752' title='bbox 428 5353 482 5410; x_wconf 89' lang='lat' dir='ltr'><strong>in</strong></span> <span class='ocrx_word' id='word_1_753' title='bbox 512 5351 680 5408; x_wconf 90' lang='lat' dir='ltr'><strong>Deum</strong></span> <span class='ocrx_word' id='word_1_754' title='bbox 729 5353 906 5422; x_wconf 80' lang='lat' dir='ltr'><strong>ipsum</strong></span> <span class='ocrx_word' id='word_1_755' title='bbox 963 5363 1110 5418; x_wconf 86' lang='lat' dir='ltr'><strong>spem</strong></span> <span class='ocrx_word' id='word_1_756' title='bbox 1158 5346 1628 5412; x_wconf 89' lang='lat' dir='ltr'><strong>collocaverimus,</strong></span> <span class='ocrx_word' id='word_1_757' title='bbox 1676 5353 1731 5400; x_wconf 92' lang='lat' dir='ltr'><strong>et</strong></span> <span class='ocrx_word' id='word_1_758' title='bbox 1765 5344 1832 5398; x_wconf 92' lang='lat' dir='ltr'><strong>ab</strong></span> <span class='ocrx_word' id='word_1_759' title='bbox 1857 5344 1999 5399; x_wconf 90' lang='lat' dir='ltr'><strong>illius</strong></span> 
     </span>
    </p>
   </div>
   <div class='ocr_carea' id='block_1_101' title="bbox 426 5433 2000 5511">
    <p class='ocr_par' dir='ltr' id='par_1_101' title="bbox 426 5433 2000 5511">
     <span class='ocr_line' id='line_1_101' title="bbox 426 5433 2000 5511; baseline -0.006 -15"><span class='ocrx_word' id='word_1_760' title='bbox 426 5443 597 5510; x_wconf 62' lang='lat' dir='ltr'><strong>gloria</strong></span> <span class='ocrx_word' id='word_1_761' title='bbox 629 5441 726 5497; x_wconf 91' lang='lat' dir='ltr'><strong>toti</strong></span> <span class='ocrx_word' id='word_1_762' title='bbox 761 5440 1114 5511; x_wconf 85' lang='lat' dir='ltr'><strong>peudeamus,</strong></span> <span class='ocrx_word' id='word_1_763' title='bbox 1152 5446 1373 5507; x_wconf 89' lang='lat' dir='ltr'><strong>propter</strong></span> <span class='ocrx_word' id='word_1_764' title='bbox 1420 5449 1578 5506; x_wconf 85' lang='lat' dir='ltr'><strong>quem</strong></span> <span class='ocrx_word' id='word_1_765' title='bbox 1610 5433 1775 5489; x_wconf 88' lang='lat' dir='ltr'><strong>etiam</strong></span> <span class='ocrx_word' id='word_1_766' title='bbox 1803 5446 2000 5501; x_wconf 83' lang='lat' dir='ltr'><strong>magno</strong></span> 
     </span>
    </p>
   </div>
   <div class='ocr_carea' id='block_1_102' title="bbox 424 5531 1324 5602">
    <p class='ocr_par' dir='ltr' id='par_1_102' title="bbox 424 5531 1324 5602">
     <span class='ocr_line' id='line_1_102' title="bbox 424 5531 1324 5602; baseline -0.008 -12"><span class='ocrx_word' id='word_1_767' title='bbox 424 5550 490 5590; x_wconf 88' lang='lat' dir='ltr'><strong>ac</strong></span> <span class='ocrx_word' id='word_1_768' title='bbox 523 5533 646 5589; x_wconf 75' lang='lat' dir='ltr'><strong>forti</strong></span> <span class='ocrx_word' id='word_1_769' title='bbox 679 5537 860 5588; x_wconf 90' lang='lat' dir='ltr'><strong>animo</strong></span> <span class='ocrx_word' id='word_1_770' title='bbox 887 5534 992 5602; x_wconf 89' lang='lat' dir='ltr'><strong>pati</strong></span> <span class='ocrx_word' id='word_1_771' title='bbox 1011 5531 1324 5588; x_wconf 86' lang='lat' dir='ltr'><strong>statuimus.</strong></span> 
     </span>
    </p>
   </div>
   <div class='ocr_carea' id='block_1_103' title="bbox 481 5619 1995 5690">
    <p class='ocr_par' dir='ltr' id='par_1_103' title="bbox 481 5619 1995 5690">
     <span class='ocr_line' id='line_1_103' title="bbox 481 5619 1995 5690; baseline -0.007 -8"><span class='ocrx_word' id='word_1_772' title='bbox 481 5625 592 5683; x_wconf 78' lang='lat' dir='ltr'><strong>Vll.</strong></span> <span class='ocrx_word' id='word_1_773' title='bbox 607 5625 864 5681; x_wconf 84' lang='lat' dir='ltr'><strong>llacccum</strong></span> <span class='ocrx_word' id='word_1_774' title='bbox 883 5621 1412 5687; x_wconf 78' lang='lat' dir='ltr'><strong>audiissetValcrius,</strong></span> <span class='ocrx_word' id='word_1_775' title='bbox 1431 5628 1482 5676; x_wconf 87' lang='lat' dir='ltr'><strong>ct</strong></span> <span class='ocrx_word' id='word_1_776' title='bbox 1497 5621 1815 5690; x_wconf 65' lang='lat' dir='ltr'><strong>aegritudine</strong></span> <span class='ocrx_word' id='word_1_777' title='bbox 1832 5619 1995 5674; x_wconf 90' lang='lat' dir='ltr'><strong>animi</strong></span> 
     </span>
    </p>
   </div>
   <div class='ocr_carea' id='block_1_104' title="bbox 427 5712 2000 5788">
    <p class='ocr_par' dir='ltr' id='par_1_104' title="bbox 427 5712 2000 5788">
     <span class='ocr_line' id='line_1_104' title="bbox 427 5712 2000 5788; baseline -0.006 -14"><span class='ocrx_word' id='word_1_778' title='bbox 427 5718 529 5774; x_wconf 72' lang='lat' dir='ltr'><strong>{uit</strong></span> <span class='ocrx_word' id='word_1_779' title='bbox 559 5719 808 5784; x_wconf 72' lang='lat' dir='ltr'><strong>affectus,</strong></span> <span class='ocrx_word' id='word_1_780' title='bbox 833 5727 887 5773; x_wconf 86' lang='lat' dir='ltr'><strong>et</strong></span> <span class='ocrx_word' id='word_1_781' title='bbox 919 5717 1041 5788; x_wconf 71' lang='lat' dir='ltr'><strong>igne</strong></span> <span class='ocrx_word' id='word_1_782' title='bbox 1090 5716 1312 5772; x_wconf 70' lang='lat' dir='ltr'><strong>insania:</strong></span> <span class='ocrx_word' id='word_1_783' title='bbox 1358 5714 1631 5770; x_wconf 89' lang='lat' dir='ltr'><strong>incensus.</strong></span> <span class='ocrx_word' id='word_1_784' title='bbox 1661 5713 1726 5768; x_wconf 84' lang='lat' dir='ltr'><strong>Et</strong></span> <span class='ocrx_word' id='word_1_785' title='bbox 1751 5712 2000 5782; x_wconf 88' lang='lat' dir='ltr'><strong>protinus</strong></span> 
     </span>
    </p>
   </div>
   <div class='ocr_carea' id='block_1_105' title="bbox 427 5803 1994 5880">
    <p class='ocr_par' dir='ltr' id='par_1_105' title="bbox 427 5803 1994 5880">
     <span class='ocr_line' id='line_1_105' title="bbox 427 5803 1994 5880; baseline -0.005 -16"><span class='ocrx_word' id='word_1_786' title='bbox 427 5824 632 5865; x_wconf 74' lang='lat' dir='ltr'><strong>exuens</strong></span> <span class='ocrx_word' id='word_1_787' title='bbox 661 5809 837 5865; x_wconf 82' lang='lat' dir='ltr'><strong>ﬁctam</strong></span> <span class='ocrx_word' id='word_1_788' title='bbox 897 5821 1181 5880; x_wconf 87' lang='lat' dir='ltr'><strong>personam</strong></span> <span class='ocrx_word' id='word_1_789' title='bbox 1234 5804 1681 5873; x_wconf 82' lang='lat' dir='ltr'><strong>mansuetudinis,</strong></span> <span class='ocrx_word' id='word_1_790' title='bbox 1711 5803 1994 5859; x_wconf 87' lang='lat' dir='ltr'><strong>&#39;internatn</strong></span> 
     </span>
    </p>
   </div>
   <div class='ocr_carea' id='block_1_106' title="bbox 2101 4607 3675 4689">
    <p class='ocr_par' dir='ltr' id='par_1_106' title="bbox 2101 4607 3675 4689">
     <span class='ocr_line' id='line_1_106' title="bbox 2101 4607 3675 4689; baseline -0.012 -9"><span class='ocrx_word' id='word_1_791' title='bbox 2101 4624 2290 4680; x_wconf 74' lang='grc' dir='ltr'><strong>ἄνοδον</strong></span> <span class='ocrx_word' id='word_1_792' title='bbox 2353 4619 2666 4684; x_wconf 77' lang='grc' dir='ltr'><strong>ὑποδείξας.</strong></span> <span class='ocrx_word' id='word_1_793' title='bbox 2733 4618 2920 4689; x_wconf 88' lang='grc' dir='ltr'><strong>Ἐχεις</strong></span> <span class='ocrx_word' id='word_1_794' title='bbox 2956 4632 3009 4668; x_wconf 85' lang='grc' dir='ltr'><strong>τι</strong></span> <span class='ocrx_word' id='word_1_795' title='bbox 3069 4613 3167 4667; x_wconf 78' lang='grc' dir='ltr'><strong>καὶ</strong></span> <span class='ocrx_word' id='word_1_796' title='bbox 3223 4611 3386 4676; x_wconf 87' lang='grc' dir='ltr'><strong>αὐτὸς</strong></span> <span class='ocrx_word' id='word_1_797' title='bbox 3431 4607 3675 4664; x_wconf 81' lang='grc' dir='ltr'><strong>τοιοῦτον</strong></span> 
     </span>
    </p>
   </div>
   <div class='ocr_carea' id='block_1_107' title="bbox 2101 4701 3673 4784">
    <p class='ocr_par' dir='ltr' id='par_1_107' title="bbox 2101 4701 3673 4784">
     <span class='ocr_line' id='line_1_107' title="bbox 2101 4701 3673 4784; baseline -0.013 -12"><span class='ocrx_word' id='word_1_798' title='bbox 2101 4713 2475 4781; x_wconf 79' lang='grc' dir='ltr'><strong>ἀντεπιδεῖξαι</strong></span> <span class='ocrx_word' id='word_1_799' title='bbox 2513 4711 2668 4784; x_wconf 85' lang='grc' dir='ltr'><strong>παρά</strong></span> <span class='ocrx_word' id='word_1_800' title='bbox 2718 4709 2826 4764; x_wconf 84' lang='grc' dir='ltr'><strong>τῶν</strong></span> <span class='ocrx_word' id='word_1_801' title='bbox 2857 4705 3141 4776; x_wconf 78' lang='grc' dir='ltr'><strong>ὑμετέρων</strong></span> <span class='ocrx_word' id='word_1_802' title='bbox 3165 4703 3304 4757; x_wconf 81' lang='grc' dir='ltr'><strong>θεῶν</strong></span> <span class='ocrx_word' id='word_1_803' title='bbox 3336 4701 3630 4771; x_wconf 83' lang='grc' dir='ltr'><strong>γενόμενον</strong></span> <span class='ocrx_word' id='word_1_804' title='bbox 3657 4715 3673 4764; x_wconf 89' lang='grc'><strong>;</strong></span> 
     </span>
    </p>
   </div>
   <div class='ocr_carea' id='block_1_108' title="bbox 2101 4794 3672 4880">
    <p class='ocr_par' dir='ltr' id='par_1_108' title="bbox 2101 4794 3672 4880">
     <span class='ocr_line' id='line_1_108' title="bbox 2101 4794 3672 4880; baseline -0.014 -15"><span class='ocrx_word' id='word_1_805' title='bbox 2101 4809 2136 4880; x_wconf 76' lang='grc' dir='ltr'>ἢ</span> <span class='ocrx_word' id='word_1_806' title='bbox 2167 4809 2266 4864; x_wconf 80' lang='grc' dir='ltr'><strong>καὶ</strong></span> <span class='ocrx_word' id='word_1_807' title='bbox 2299 4808 2361 4862; x_wconf 88' lang='grc' dir='ltr'>τὸ</span> <span class='ocrx_word' id='word_1_808' title='bbox 2404 4806 2561 4870; x_wconf 79' lang='grc' dir='ltr'><strong>θεοὺς</strong></span> <span class='ocrx_word' id='word_1_809' title='bbox 2585 4805 2686 4875; x_wconf 74' lang='grc' dir='ltr'><strong>ήδη</strong></span> <span class='ocrx_word' id='word_1_810' title='bbox 2734 4801 2960 4864; x_wconf 77' lang='grc' dir='ltr'><strong>τούτους</strong></span> <span class='ocrx_word' id='word_1_811' title='bbox 3007 4797 3197 4852; x_wconf 81' lang='grc' dir='ltr'><strong>καλεῖν</strong></span> <span class='ocrx_word' id='word_1_812' title='bbox 3228 4794 3524 4865; x_wconf 85' lang='grc' dir='ltr'><strong>μεταμέλει</strong></span> <span class='ocrx_word' id='word_1_813' title='bbox 3553 4807 3672 4856; x_wconf 79' lang='grc' dir='ltr'><strong>σοις</strong></span> 
     </span>
    </p>
   </div>
   <div class='ocr_carea' id='block_1_109' title="bbox 2101 4881 3674 4971">
    <p class='ocr_par' dir='ltr' id='par_1_109' title="bbox 2101 4881 3674 4971">
     <span class='ocr_line' id='line_1_109' title="bbox 2101 4881 3674 4971; baseline -0.012 -17"><span class='ocrx_word' id='word_1_814' title='bbox 2101 4899 2405 4971; x_wconf 76' lang='grc' dir='ltr'><strong>κτημάτων</strong></span> <span class='ocrx_word' id='word_1_815' title='bbox 2432 4897 2491 4951; x_wconf 74' lang='grc' dir='ltr'><strong>δὲ</strong></span> <span class='ocrx_word' id='word_1_816' title='bbox 2513 4896 2608 4952; x_wconf 75' lang='grc' dir='ltr'><strong>καὶ</strong></span> <span class='ocrx_word' id='word_1_817' title='bbox 2637 4893 2938 4966; x_wconf 85' lang='grc' dir='ltr'><strong>χρημάτων</strong></span> <span class='ocrx_word' id='word_1_818' title='bbox 2963 4890 3058 4945; x_wconf 76' lang='grc' dir='ltr'><strong>καὶ</strong></span> <span class='ocrx_word' id='word_1_819' title='bbox 3082 4889 3184 4960; x_wconf 62' lang='grc' dir='ltr'><strong>τῆς</strong></span> <span class='ocrx_word' id='word_1_820' title='bbox 3216 4887 3366 4958; x_wconf 88' lang='grc' dir='ltr'><strong>παρά</strong></span> <span class='ocrx_word' id='word_1_821' title='bbox 3390 4881 3674 4956; x_wconf 85' lang='grc' dir='ltr'><strong>βασιλεῦσι</strong></span> 
     </span>
    </p>
   </div>
   <div class='ocr_carea' id='block_1_110' title="bbox 2100 4975 3676 5062">
    <p class='ocr_par' dir='ltr' id='par_1_110' title="bbox 2100 4975 3676 5062">
     <span class='ocr_line' id='line_1_110' title="bbox 2100 4975 3676 5062; baseline -0.013 -17"><span class='ocrx_word' id='word_1_822' title='bbox 2100 4992 2268 5062; x_wconf 83' lang='grc' dir='ltr'><strong>τιμῆς</strong></span> <span class='ocrx_word' id='word_1_823' title='bbox 2293 4989 2404 5043; x_wconf 83' lang='grc' dir='ltr'><strong>τῶν</strong></span> <span class='ocrx_word' id='word_1_824' title='bbox 2435 4987 2742 5058; x_wconf 80' lang='grc' dir='ltr'><strong>ὑμετέρων,</strong></span> <span class='ocrx_word' id='word_1_825' title='bbox 2801 4982 2876 5047; x_wconf 86' lang='grc' dir='ltr'><strong>ὥς</strong></span> <span class='ocrx_word' id='word_1_826' title='bbox 2917 4997 3081 5052; x_wconf 85' lang='grc' dir='ltr'><strong>φατε,</strong></span> <span class='ocrx_word' id='word_1_827' title='bbox 3132 4977 3314 5033; x_wconf 84' lang='grc' dir='ltr'><strong>καλῶν</strong></span> <span class='ocrx_word' id='word_1_828' title='bbox 3358 4975 3512 5045; x_wconf 85' lang='grc' dir='ltr'><strong>λόγος</strong></span> <span class='ocrx_word' id='word_1_829' title='bbox 3543 4975 3676 5046; x_wconf 76' lang='grc' dir='ltr'><strong>ἡμῖν</strong></span> 
     </span>
    </p>
   </div>
   <div class='ocr_carea' id='block_1_111' title="bbox 2099 5067 3675 5150">
    <p class='ocr_par' dir='ltr' id='par_1_111' title="bbox 2099 5067 3675 5150">
     <span class='ocr_line' id='line_1_111' title="bbox 2099 5067 3675 5150; baseline -0.01 -15"><span class='ocrx_word' id='word_1_830' title='bbox 2099 5082 2303 5148; x_wconf 78' lang='grc' dir='ltr'><strong>ὀλίγος,</strong></span> <span class='ocrx_word' id='word_1_831' title='bbox 2335 5081 2436 5150; x_wconf 89' lang='grc' dir='ltr'><strong>οὐχ</strong></span> <span class='ocrx_word' id='word_1_832' title='bbox 2464 5078 2539 5142; x_wconf 89' lang='grc' dir='ltr'><strong>ώς</strong></span> <span class='ocrx_word' id='word_1_833' title='bbox 2587 5075 2800 5131; x_wconf 78' lang='grc' dir='ltr'><strong>ἑστῶτα</strong></span> <span class='ocrx_word' id='word_1_834' title='bbox 2849 5069 3252 5146; x_wconf 53' lang='grc' dir='ltr'><strong>κρίνεινρκαλγ</strong></span> <span class='ocrx_word' id='word_1_835' title='bbox 3298 5068 3375 5131; x_wconf 82' lang='grc' dir='ltr'><strong>ὡς</strong></span> <span class='ocrx_word' id='word_1_836' title='bbox 3403 5067 3675 5138; x_wconf 87' lang='grc' dir='ltr'><strong>φεύγοντα</strong></span> 
     </span>
    </p>
   </div>
   <div class='ocr_carea' id='block_1_112' title="bbox 2102 5154 3674 5232">
    <p class='ocr_par' dir='ltr' id='par_1_112' title="bbox 2102 5154 3674 5232">
     <span class='ocr_line' id='line_1_112' title="bbox 2102 5154 3674 5232; baseline -0.01 -12"><span class='ocrx_word' id='word_1_837' title='bbox 2102 5165 2285 5229; x_wconf 84' lang='grc' dir='ltr'><strong>καλῶς</strong></span> <span class='ocrx_word' id='word_1_838' title='bbox 2335 5165 2441 5218; x_wconf 84' lang='grc' dir='ltr'><strong>ὐπὸ</strong></span> <span class='ocrx_word' id='word_1_839' title='bbox 2488 5163 2583 5217; x_wconf 90' lang='grc' dir='ltr'><strong>τοῦ</strong></span> <span class='ocrx_word' id='word_1_840' title='bbox 2633 5163 2915 5232; x_wconf 81' lang='grc' dir='ltr'><strong>προφήτου</strong></span> <span class='ocrx_word' id='word_1_841' title='bbox 2969 5156 3144 5212; x_wconf 88' lang='grc' dir='ltr'><strong>ταῦτα</strong></span> <span class='ocrx_word' id='word_1_842' title='bbox 3181 5154 3674 5230; x_wconf 75' lang='grc' dir='ltr'><strong>πεπαιδευμένοις,</strong></span> 
     </span>
    </p>
   </div>
   <div class='ocr_carea' id='block_1_113' title="bbox 2101 5241 3678 5320">
    <p class='ocr_par' dir='ltr' id='par_1_113' title="bbox 2101 5241 3678 5320">
     <span class='ocr_line' id='line_1_113' title="bbox 2101 5241 3678 5320; baseline -0.013 -7"><span class='ocrx_word' id='word_1_843' title='bbox 2101 5258 2278 5320; x_wconf 78' lang='grc' dir='ltr'><strong>ἄλλως</strong></span> <span class='ocrx_word' id='word_1_844' title='bbox 2323 5273 2384 5309; x_wconf 89' lang='grc' dir='ltr'><strong>τε</strong></span> <span class='ocrx_word' id='word_1_845' title='bbox 2412 5255 2468 5308; x_wconf 84' lang='grc' dir='ltr'><strong>δὲ</strong></span> <span class='ocrx_word' id='word_1_846' title='bbox 2504 5253 2601 5308; x_wconf 73' lang='grc' dir='ltr'><strong>καὶ</strong></span> <span class='ocrx_word' id='word_1_847' title='bbox 2631 5253 2712 5316; x_wconf 86' lang='grc' dir='ltr'><strong>είς</strong></span> <span class='ocrx_word' id='word_1_848' title='bbox 2764 5250 2898 5303; x_wconf 87' lang='grc' dir='ltr'>Θεὸν</span> <span class='ocrx_word' id='word_1_849' title='bbox 2930 5249 3030 5319; x_wconf 75' lang='grc' dir='ltr'><strong>ήδη</strong></span> <span class='ocrx_word' id='word_1_850' title='bbox 3070 5246 3263 5300; x_wconf 72' lang='grc' dir='ltr'><strong>ἐλπίδα</strong></span> <span class='ocrx_word' id='word_1_851' title='bbox 3296 5245 3550 5315; x_wconf 83' lang='grc' dir='ltr'><strong>θεμένοις</strong></span> <span class='ocrx_word' id='word_1_852' title='bbox 3581 5241 3678 5294; x_wconf 77' lang='grc' dir='ltr'><strong>καὶ</strong></span> 
     </span>
    </p>
   </div>
   <div class='ocr_carea' id='block_1_114' title="bbox 2101 5332 3676 5419">
    <p class='ocr_par' dir='ltr' id='par_1_114' title="bbox 2101 5332 3676 5419">
     <span class='ocr_line' id='line_1_114' title="bbox 2101 5332 3676 5419; baseline -0.011 -16"><span class='ocrx_word' id='word_1_853' title='bbox 2101 5349 2199 5419; x_wconf 86' lang='grc' dir='ltr'><strong>τῆς</strong></span> <span class='ocrx_word' id='word_1_854' title='bbox 2261 5346 2472 5400; x_wconf 76' lang='grc' dir='ltr'><strong>ἐκεῖθεν</strong></span> <span class='ocrx_word' id='word_1_855' title='bbox 2516 5345 2676 5414; x_wconf 81' lang='grc' dir='ltr'><strong>δόξης</strong></span> <span class='ocrx_word' id='word_1_856' title='bbox 2720 5341 2855 5404; x_wconf 84' lang='grc' dir='ltr'><strong>ὅλως</strong></span> <span class='ocrx_word' id='word_1_857' title='bbox 2911 5339 3279 5412; x_wconf 77' lang='grc' dir='ltr'><strong>ὲξεχομένοις,</strong></span> <span class='ocrx_word' id='word_1_858' title='bbox 3309 5336 3376 5390; x_wconf 82' lang='grc' dir='ltr'><strong>δι’</strong></span> <span class='ocrx_word' id='word_1_859' title='bbox 3405 5336 3465 5389; x_wconf 85' lang='grc' dir='ltr'><strong>δν</strong></span> <span class='ocrx_word' id='word_1_860' title='bbox 3505 5333 3598 5388; x_wconf 71' lang='grc' dir='ltr'><strong>καὶ</strong></span> <span class='ocrx_word' id='word_1_861' title='bbox 3617 5332 3676 5387; x_wconf 89' lang='grc' dir='ltr'>τὸ</span> 
     </span>
    </p>
   </div>
   <div class='ocr_carea' id='block_1_115' title="bbox 2101 5433 2890 5506">
    <p class='ocr_par' dir='ltr' id='par_1_115' title="bbox 2101 5433 2890 5506">
     <span class='ocr_line' id='line_1_115' title="bbox 2101 5433 2890 5506; baseline -0.011 -14"><span class='ocrx_word' id='word_1_862' title='bbox 2101 5438 2298 5492; x_wconf 88' lang='grc' dir='ltr'><strong>παθεῖν</strong></span> <span class='ocrx_word' id='word_1_863' title='bbox 2330 5436 2580 5506; x_wconf 68' lang='grc' dir='ltr'><strong>εὐψύχως</strong></span> <span class='ocrx_word' id='word_1_864' title='bbox 2611 5433 2890 5503; x_wconf 80' lang='grc' dir='ltr'><strong>εἱλόμεθα.</strong></span> 
     </span>
    </p>
   </div>
   <div class='ocr_carea' id='block_1_116' title="bbox 2174 5617 3676 5688">
    <p class='ocr_par' dir='ltr' id='par_1_116' title="bbox 2174 5617 3676 5688">
     <span class='ocr_line' id='line_1_116' title="bbox 2174 5617 3676 5688; baseline -0.008 -10"><span class='ocrx_word' id='word_1_865' title='bbox 2174 5622 2248 5678; x_wconf 90' lang='lat' dir='ltr'><strong>Z&#39;.</strong></span> <span class='ocrx_word' id='word_1_866' title='bbox 2283 5621 2501 5676; x_wconf 81' lang='grc' dir='ltr'><strong>Τούτων</strong></span> <span class='ocrx_word' id='word_1_867' title='bbox 2536 5618 2778 5682; x_wconf 85' lang='grc' dir='ltr'><strong>ἀκούσας</strong></span> <span class='ocrx_word' id='word_1_868' title='bbox 2817 5619 3137 5688; x_wconf 83' lang='grc' dir='ltr'><strong>Οὐαλέριος,</strong></span> <span class='ocrx_word' id='word_1_869' title='bbox 3169 5617 3379 5688; x_wconf 78' lang='grc' dir='ltr'><strong>ἀθυμίᾳ</strong></span> <span class='ocrx_word' id='word_1_870' title='bbox 3405 5633 3464 5670; x_wconf 89' lang='grc' dir='ltr'><strong>τε</strong></span> <span class='ocrx_word' id='word_1_871' title='bbox 3499 5617 3676 5686; x_wconf 77' lang='grc' dir='ltr'><strong>εἴχετο</strong></span> 
     </span>
    </p>
   </div>
   <div class='ocr_carea' id='block_1_117' title="bbox 2102 5708 3674 5783">
    <p class='ocr_par' dir='ltr' id='par_1_117' title="bbox 2102 5708 3674 5783">
     <span class='ocr_line' id='line_1_117' title="bbox 2102 5708 3674 5783; baseline -0.005 -15"><span class='ocrx_word' id='word_1_872' title='bbox 2102 5715 2200 5768; x_wconf 71' lang='grc' dir='ltr'><strong>καὶ</strong></span> <span class='ocrx_word' id='word_1_873' title='bbox 2235 5713 2368 5783; x_wconf 79' lang='grc' dir='ltr'><strong>πυρὶ</strong></span> <span class='ocrx_word' id='word_1_874' title='bbox 2403 5711 2599 5780; x_wconf 88' lang='grc' dir='ltr'><strong>μανίας</strong></span> <span class='ocrx_word' id='word_1_875' title='bbox 2630 5711 2908 5779; x_wconf 74' lang='grc' dir='ltr'><strong>ἐφλέγετο,</strong></span> <span class='ocrx_word' id='word_1_876' title='bbox 2949 5711 3040 5762; x_wconf 70' lang='grc' dir='ltr'><strong>καὶ</strong></span> <span class='ocrx_word' id='word_1_877' title='bbox 3077 5712 3420 5781; x_wconf 76' lang='grc' dir='ltr'><strong>παραχρῆμα</strong></span> <span class='ocrx_word' id='word_1_878' title='bbox 3471 5710 3533 5761; x_wconf 89' lang='grc' dir='ltr'>τὸ</span> <span class='ocrx_word' id='word_1_879' title='bbox 3556 5708 3674 5761; x_wconf 69' lang='lat' dir='ltr'><strong>trti-</strong></span> 
     </span>
    </p>
   </div>
   <div class='ocr_carea' id='block_1_118' title="bbox 2103 5801 3677 5877">
    <p class='ocr_par' dir='ltr' id='par_1_118' title="bbox 2103 5801 3677 5877">
     <span class='ocr_line' id='line_1_118' title="bbox 2103 5801 3677 5877; baseline -0.006 -17"><span class='ocrx_word' id='word_1_880' title='bbox 2103 5806 2341 5860; x_wconf 83' lang='grc' dir='ltr'><strong>πλαστον</strong></span> <span class='ocrx_word' id='word_1_881' title='bbox 2373 5807 2470 5876; x_wconf 84' lang='grc' dir='ltr'><strong>τῆς</strong></span> <span class='ocrx_word' id='word_1_882' title='bbox 2499 5804 2841 5877; x_wconf 73' lang='grc' dir='ltr'><strong>ἡμερότητος</strong></span> <span class='ocrx_word' id='word_1_883' title='bbox 2873 5805 3218 5873; x_wconf 80' lang='grc' dir='ltr'><strong>προσωπεῖον</strong></span> <span class='ocrx_word' id='word_1_884' title='bbox 3241 5801 3557 5869; x_wconf 69' lang='grc' dir='ltr'><strong>ἀποϐαλὼν,</strong></span> <span class='ocrx_word' id='word_1_885' title='bbox 3579 5801 3677 5870; x_wconf 81' lang='grc' dir='ltr'><strong>τὴν</strong></span> 
     </span>
    </p>
   </div>
  </div>
