4108 6460
451 398 557 461 “5

1746 383 2031 444 ΜΕ,Ἲὸιὸ
2063 382 2397 443 APRILIS.

3498 344 3501 347 ’
3596 376 3700 442 ιιδ

453 512 687 573 viscera.
738 504 1135 563 divellebantur
1183 500 1412 557 musculi
1471 515 1503 555 a
1561 496 1933 569 compagibus,
1971 502 2021 550 et

2126 493 2378 564 αἴσθησις
2415 492 2583 563 πολλή
2618 510 2704 557 τις
2761 491 3003 563 ἀτεχνῶς
3061 492 3153 545 καὶ
3180 489 3407 560 δριμεῖα
3440 490 3532 543 τδν
3575 505 3702 557 γεν-

450 615 646 657 sensus
707 596 910 654 doloris
960 609 1150 651 revera
1212 606 1441 664 magnus
1476 599 1533 646 et
1563 604 1692 645 acer
1733 585 2022 642 invadebat

452 692 629 746 virum
663 688 883 744 fertem.
913 687 1010 742 Ille
1041 694 1223 741 autem
1263 683 1488 754 perinde
1513 698 1580 738 ac
1604 681 1651 737 si
1692 681 1893 736 nullam
1922 694 2022 749 pa-

450 788 660 836 teretur
692 775 1017 842 molestiam,
1053 775 1105 830 in
1130 773 1289 830 malis
1323 774 1394 829 ita
1434 780 1553 829 erat
1583 770 1832 837 aﬂ'ectus,
1855 769 2023 825 silen-

450 872 530 925 tio
551 870 731 925 ferens
785 868 1010 923 crebros
1061 867 1199 922 ictus
1252 864 1612 934 ﬂagellorum,
1650 872 1705 918 et
1746 862 1855 933 pati
1890 875 2023 932 pro-

452 973 575 1031 pter
587 962 897 1030 Christum,
928 962 1138 1018 habens
1158 959 1296 1017 satis
1325 972 1580 1029 magnum
1599 956 1845 1013 dolorum
1873 956 2023 1011 sola-

449 1053 606 1108 tium.

519 1140 614 1199 lx.
648 1141 784 1198 Cum
809 1153 989 1199 autem
1012 1142 1126 1214 jam
1155 1141 1402 1198 defessus
1435 1139 1653 1210 quidem
1680 1146 1826 1195 esset
1865 1135 2026 1194 Vale-

449 1232 583 1300 rius,
617 1232 890 1304 defatigati
920 1242 1101 1291 autem
1139 1242 1320 1290 essent
1353 1233 1574 1289 lictores
1600 1229 1868 1297 feriendo,
1894 1244 2022 1285 eum

446 1339 581 1381 vero
636 1333 907 1382 tormenta
954 1328 1125 1397 magis
1149 1326 1509 1391 laetificarent,
1534 1325 1789 1382 Christus
1812 1338 1938 1380 eum
1965 1324 2023 1379 in

422 1416 620 1473 tctelos
657 1420 909 1485 accersit,
949 1420 1208 1475 athletam
1235 1419 1397 1490 digne
1438 1427 1817 1475 coronaturus.
1848 1415 1899 1471 Is
1922 1431 2025 1472 au-

450 1517 557 1563 tem
585 1519 643 1564 et
668 1510 856 1567 statim
886 1510 1132 1581 Spiritum
1157 1510 1212 1565 in
1242 1525 1434 1565 manus
1478 1510 1616 1580 ejus,
1647 1509 1740 1579 qui
1786 1507 2022 1574 vocavit,

450 1610 507 1653 rt
530 1615 727 1669 corpus
757 1612 1032 1658 mortuum
1071 1603 1294 1659 tradidit
1315 1602 1732 1674 ﬂagellantibus.
1755 1599 1911 1668 Quod
1936 1602 2023 1656 in-

448 1693 717 1761 sepultum
771 1695 987 1763 quidem
1018 1695 1121 1751 fuit
1153 1694 1478 1766 projectum,
1515 1703 1576 1749 ut
1601 1694 1956 1751 devoraretnr
1988 1706 2019 1746 ε

2124 588 2274 640 ναῖον
2300 585 2472 657 εἰσῄει
2497 602 2510 618 ο
2545 586 2574 638 6
2598 586 2676 649 δὲ,
2708 585 2960 651 καθάπερ
2990 583 3099 636 τῶν
3126 581 3445 634 λυπούντων
3475 580 3702 648 πάσχων

2121 677 2298 743 οὐδὲν,
2343 676 2520 740 οὕτως
2548 678 2608 730 εν
2641 679 2753 739 τοῖς
2801 675 2997 737 δεινοῖς
3024 674 3283 734 διέκειτο,
3307 670 3488 743 ήσυχῆ
3517 670 3700 739 φέρων

2123 769 2220 833 τὰς
2244 770 2354 822 τῶν
2386 769 2672 839 μαστίγων
2705 768 2935 836 νιφάδας
2986 766 3080 820 καὶ
3113 765 3175 817 τὸ
3202 764 3292 818 διὰ
3322 762 3561 833 Χριστὸν
3592 761 3700 814 πά·-

2124 874 2276 928 σχειν
2298 857 2504 931 ἀρκοῦν
2526 857 2666 928 ἔχων
2697 855 2804 909 τῶν
2833 855 3034 909 ὀδυνῶν
3056 851 3430 925 παραμύθιον.

2194 1131 2272 1186 6³.
2303 1130 2392 1192 Ὠς
2421 1128 2478 1182 δὲ
2501 1124 2794 1197 ἀπειρήκει
2822 1121 2923 1191 μὲν
2950 1122 2978 1175 6
2998 1118 3294 1190 Οὐαλέριος
3318 1116 3442 1189 ήδη,
3465 1114 3703 1186 ἔκαμνον

2125 1223 2182 1278 δὲ
2209 1223 2259 1277 οἱ
2295 1221 2482 1292 δήμιοι
2512 1217 2792 1279 παίοντες,
2825 1214 2918 1267 τὸν
2948 1212 3008 1267 δὲ
3047 1211 3141 1265 καὶ
3173 1207 3409 1279 ἧγαλλον
3445 1205 3503 1259 αἱ
3531 1204 3703 1275 βάσα-

2125 1332 2206 1371 νοι
2237 1313 2460 1386 μᾶλλον,
2493 1308 2887 1381 μετακαλεῖται
2939 1304 3041 1375 μὲν
3069 1304 3150 1366 είς
3196 1298 3459 1386 οὐρανούς
3503 1298 3531 1351 6
3563 1297 3704 1386 xPh—

2126 1382 2273 1471 στδξ,
2312 1403 2479 1470 ἀξίως
2507 1397 2874 1469 στεφανώσων
2915 1394 3008 1450 τ’όν
3047 1391 3321 1464 ἀθλητήν·
3370 1382 3527 1452 οὗτος
3557 1387 3614 1441 δὲ
3640 1384 3703 1439 τὸ

2125 1497 2346 1569 πνεῦμά
2375 1512 2436 1550 τε
2457 1496 2537 1560 είς
2569 1494 2761 1564 χεῖρας
2786 1488 2947 1553 εὐθὺς
2994 1485 3090 1539 τοῦ
3123 1483 3453 1544 καλέσαντος
3509 1476 3607 1533 καὶ
3640 1475 3706 1532 τὸ

2125 1590 2288 1662 σῶμα
2316 1585 2513 1659 νεκρὸν
2536 1585 2653 1648 τοῖς
2677 1580 2955 1645 αἱκίζουσι
2995 1575 3302 1650 παρετίθει,
3327 1575 3466 1646 ὅπερ
3492 1573 3703 1642 ἄταφον

2125 1683 2228 1756 μὲν
2251 1678 2688 1753 παρερρίπτετο,
2718 1674 2937 1728 δεῖπνον
2978 1670 3199 1738 ἕτοιμον
3228 1664 3440 1737 θηρίοις
3468 1664 3564 1756 καὶ
3599 1680 3703 1756 πε-

449 1754 581 1839 fcris
607 1794 661 1840 et
685 1754 925 1851 alitibus,
954 1802 1077 1842 cum
1111 1754 1182 1842 ita
1204 1754 1754 1856 jussissct'VaIerius.
1787 1784 2021 1856 Vespere

2123 1754 2320 1838 τεινοῖς
2346 1770 2671 1840 ἐκκείμενον
2692 1784 2706 1799 ’
2729 1764 2874 1819 οὕτω
2899 1758 3212 1834 προσταγὲν
3248 1757 3354 1812 sua
3379 1754 3701 1861 Οὐαλερίου.

446 1835 517 1931 .1;
522 1835 634 1932 tem
645 1835 898 1948 tum;
912 1835 984 1933 ἰςὶ
991 1835 1079 1934 it;
1104 1835 1560 1949 ἐπἰῖίέἶῐίῖὶιῖοιέᾷ
1568 1835 2021 1945 tuastuas

2138 1835 2331 1938 Ὀψίας
2357 1865 2417 1920 δὲ
2439 1835 2767 1933 γενομένης,
2797 1855 2942 1917 τινὲς
2977 1851 3089 1907 τῶν
3121 1852 3239 1904 ἐκεῖ
3263 1845 3705 1949 προσοικούντων

445 1969 783 2025 abscondunt
804 1970 854 2024 in
877 1970 1106 2040 quadam
1132 1973 1434 2041 propinqua
1458 1971 1735 2038 spelunca,
1762 1970 2022 2025 ducentes

448 2061 551 2116 ltoc
592 2075 710 2117 esse
757 2075 894 2132 opus
960 2061 1174 2132 benigni
1203 2071 1256 2117 et
1290 2061 1572 2117 clementis
1588 2061 1778 2124 animi,
1814 2072 1909 2117 aut
1942 2062 2022 2117 sic

448 2150 616 2207 etiam
647 2152 828 2207 divina
856 2152 1209 2222 dispensante
1229 2153 1595 2208 Providentia.
1619 2152 1888 2218 Quidnam
1926 2167 2023 2208 au-

451 2253 560 2298 tem
598 2253 680 2299 est
713 2253 899 2314 postea
942 2244 1339 2301 consecutum?
1380 2242 1627 2299 Valerius
1675 2259 1894 2314 praeses,
1927 2243 2021 2313 qni

449 2346 569 2391 erat
604 2352 788 2392 revera
814 2345 1025 2393 versuta
1056 2347 1112 2393 et
1137 2336 1477 2392 frandulenta
1496 2337 1702 2407 vulpes,
1725 2335 2022 2391 lenioribus

450 2427 632 2484 verbis
683 2437 904 2484 sanctos
964 2428 1295 2497 aggreditur,
1345 2428 1539 2482 timens
1576 2428 1735 2491 forte,
1776 2442 1842 2481 ne
1877 2428 2022 2495 ipsos

446 2534 683 2588 quoque,
700 2521 841 2575 sicut
853 2520 966 2589 jam
983 2521 1148 2574 etiam
1173 2520 1597 2587 Agathodornm,
1620 2521 1909 2575 amitteret.
1931 2518 2021 2573 Di-

446 2613 601 2666 cebat
627 2611 772 2667 enim
809 2629 823 2666 :
855 2612 950 2667 llic
981 2612 1200 2682 quidem
1256 2613 1461 2667 invenit
1517 2622 1746 2667 mortem
1800 2612 2018 2682 dignam

449 2703 538 2757 tali
572 2706 883 2776 arrogantia
937 2715 991 2759 et
1024 2705 1286 2768 amentia,
1330 2719 1454 2759 cum
1490 2719 1595 2758 non
1630 2705 1928 2773 paruisset,
1963 2711 2022 2755 nt

2127 1935 2429 2031 κρύπτουσι
2451 1950 2613 2006 τοῦτο
2641 1947 2699 2002 ἔν
2727 1963 2836 2001 τινι
2868 1941 3200 2015 γειτονοῦντι
3240 1936 3512 2010 σπηλαίῳ,
3540 1935 3705 2007 ἔργον

2126 2027 2513 2122 φιλανθρώπου
2551 2040 2734 2114 ψυχῆς
2785 2036 3094 2099 ποιοῦντες,
3153 2032 3191 2103 ἢ
3243 2030 3335 2122 καῖ
3370 2029 3522 2122 θείας
3558 2027 3705 2122 oft-tto

2125 2119 2383 2215 προνοίας
2409 2133 2825 2206 οίκονομούσης.
2856 2130 2929 2183 T6
2960 2128 3020 2182 δὲ
3051 2124 3192 2197 μετὰ
3230 2121 3525 2187 ταῦταντίς
3560 2119 3706 2175 Οὐα-

2121 2238 2301 2308 λέριος
2334 2232 2626 2304 ὀήγεμὼν,
2649 2231 2685 2301 ή
2725 2225 3067 2298 παλίμϐολος
3107 2221 3185 2292 τῷ
3216 2220 3333 2277 ὄντι
3373 2217 3470 2274 καὶ
3505 2215 3707 2287 δολερὰ

2122 2330 2285 2384 πάλιν
2319 2323 2567 2397 ἀλώπηξ,
2609 2318 2941 2393 ήπιωτέροις
2969 2316 3098 2381 τοὺς
3154 2313 3345 2383 ἁγίους
3392 2309 3703 2381 ὑπέρχεται

2121 2421 2322 2490 λόγοις,
2354 2416 2615 2488 φοϐηθεὶς
2647 2414 2799 2477 ἴσως,
2830 2410 2908 2482 μὴ
2934 2408 3028 2465 καὶ⁸
3052 2407 3275 2472 αὐτοὺς,
3303 2404 3454 2458 ὥσπε
3463 2420 3495 2473 ρ
3521 2403 3586 2471 δὴ
3605 2398 3704 2454 καὶ

2134 2512 2529 2583 ’Δγαθόδωρον,
2554 2508 2659 2578 ήδη
2681 2502 2993 2576 ζημιωθείη
3011 2520 3025 2533 ·
3052 2499 3208 2569 ἔλεγε
3225 2498 3333 2569 γάρ
3349 2512 3364 2529 ·
3381 2496 3472 2559 Ὠς
3497 2496 3706 2556 ἐκεῖνος

2125 2608 2224 2678 μὲν
2259 2604 2410 2670 ἄξιον
2447 2599 2708 2662 ἀπονοίας
2736 2594 2999 2665 τοιαύτης
3027 2592 3261 2647 θάνατον
3291 2582 3443 2661 εὗρε,
3477 2585 3554 2658 μὴ
3579 2600 3703 2678 ret-

2122 2675 2272 2760 σθεὶς
2302 2694 2464 2749 θῦσαι
2491 2694 2608 2756 τοῖς
2639 2689 2931 2752 ἀθανάτοις
2976 2685 3148 2749 θεοῖς⁶
3193 2681 3353 2738 αὐτοὶ
3390 2678 3450 2734 δὲ
3490 2675 3706 2731 συνετοὶ

451 2795 788 2849 sacrificaret
810 2796 914 2852 diis
943 2795 1364 2851 immortalibus.
1402 2794 1505 2848 Vos
1535 2804 1713 2849 autem
1744 2810 1863 2848 cum
1898 2794 2021 2849 sitis

2123 2790 2299 2855 ὗντες,
2334 2787 2482 2850 τίνος
2542 2785 2612 2840 ἂν
2639 2783 2803 2854 χάριν
2841 2780 2902 2834 ού
2946 2777 3087 2850 πρὸς
3142 2776 3206 2831 τὸ
3258 2771 3544 2845 συμφέρον
3571 2769 3701 2840 ὑμῖν

446 2886 741 2952 sapientes,
772 2901 870 2943 cur
897 2901 1002 2941 non
1043 2887 1287 2955 aspicitis
1334 2889 1399 2941 ad
1444 2888 1516 2949 id,
1563 2888 1704 2954 quod
1750 2896 1833 2939 cst
1869 2886 2021 2941 vobis

2123 2879 2488 2950 ἀποϐλέψητε,
2514 2875 2629 2931 ἀλλ’
2671 2870 3072 2942 ὲξομοιωθῆναι
3121 2866 3392 2938 θελήσητε
3423 2860 3702 2955 ἀνθρώπω

445 2977 808 3041 conducibile,
847 2979 942 3034 sed
981 2980 1140 3035 vultis
1169 2994 1291 3035 esse
1317 2978 1522 3034 similes
1548 2978 1756 3032 homini
1785 2994 1909 3033 vere
1938 2980 2022 3032 in-

446 3069 614 3134 felici,
640 3071 733 3141 qui
768 3087 866 3140 pro
896 3072 1001 3126 vita
1034 3081 1089 3127 tt
1117 3072 1311 3142 gaudio
1333 3071 1499 3127 stulte
1530 3071 1821 3125 violentam
1885 3086 2022 3125 mor-

2120 2974 2312 3035 δεινῶς
2335 2969 2722 3036 κακοδαίμονι,
2743 2964 2870 3019 ἀντὶ
2886 2961 2984 3016 τοῦ
3017 2959 3119 3033 ζῇν
3152 2959 3250 3014 καὶ
3282 2956 3496 3030 χαίρειν
3541 2952 3704 3023 ἀνοή-

2120 3083 2232 3129 τως
2270 3064 2445 3135 βίαιον
2481 3062 2715 3117 θάνατον
2774 3056 3053 3128 ἑλομένῳς
3083 3053 3208 3120 ,Καὶ
3245 3049 3420 3105 ταῦτα
3462 3046 3565 3119 μὲν
3598 3041 3704 3100 οὖν

448 3174 556 3219 tein
608 3135 810 3233 elegit?
834 3162 900 3218 Et
940 3165 1053 3219 lure
1087 3135 1306 3233 quidem
1355 3162 1618 3218 Valerius.
1654 3163 1790 3216 Cum
1837 3172 2014 3217 antem

2123 3157 2439 3228 Οὐαλέριος.
2481 3154 2636 3208 Ἐπεὶ
2662 3151 2759 3206 καὶ
2786 3150 2913 3213 τοὺς
2943 3147 3132 3217 ἁγίους
3170 3146 3338 3218 ήκουε
3362 3135 3704 3240 πολλήνμὲν

450 3253 744 3309 audivisset
766 3265 983 3310 sanctos
1017 3270 1140 3310 eum
1188 3271 1398 3327 magna:
1460 3270 1719 3310 accusare
1777 3256 2020 3311 stultitia:

2123 3250 2289 3307 αὐτοῦ
2319 3245 2835 3315 καταγινώσκοντας
2885 3240 3098 3305 ἄνοιαν,
3150 3237 3316 3290 ἕνεκα
3347 3233 3447 3304 τῆς
3499 3229 3702 3327 ἀλόγου

447 3355 673 3413 propter
694 3346 795 3401 boc
818 3361 848 3400 a
880 3346 1091 3402 ratione
1127 3346 1361 3402 alienum
1388 3345 1697 3408 consilium,
1729 3360 1789 3401 se
1840 3355 2018 3399 autem

450 3447 581 3491 tunc
609 3437 1020 3507 conspiciendos
1049 3438 1207 3509 plane
1223 3436 1414 3493 felices
1440 3452 1507 3492 ac
1522 3435 1711 3492 beatos
1737 3436 2017 3501 arbitrari,

448 3528 668 3595 quando
695 3528 1012 3590 violentam,
1045 3543 1166 3599 quae
1196 3528 1337 3598 apud
1371 3543 1494 3585 eum
1514 3529 1747 3592 videtur,
1783 3529 2021 3598 Agatho-

450 3616 569 3671 dori
599 3625 826 3671 mortem
861 3617 1053 3672 imitati
1104 3617 1302 3672 fuerint
1335 3635 1349 3670 :
1379 3617 1565 3674 relicta
1616 3632 1804 3673 rursus
1830 3631 2020 3672 emcn-

449 3707 543 3761 tita
577 3706 891 3771 clementia,
918 3708 985 3762 ad
1013 3708 1063 3764 ei
1090 3718 1407 3765 consuetam
1446 3720 1497 3765 et
1523 3717 1730 3782 gratam
1770 3722 2020 3764 reversus

449 3805 531 3851 est
554 3797 820 3851 feritatem
852 3815 866 3852 :
904 3807 960 3854 et
987 3813 1048 3852 ea
1085 3797 1235 3864 facit,
1271 3813 1393 3869 quae
1428 3799 1597 3868 ipsam
1634 3802 1845 3854 decent.
1879 3798 2021 3853 Lon-

446 3904 512 3958 ge
533 3890 675 3943 enim
709 3889 1077 3956 profecturus,
1109 3905 1137 3944 a
1162 3890 1381 3946 civitate
1413 3889 1785 3946 Sardanorum
1818 3890 2021 3960 Perga-

452 3994 596 4031 tt.lltlt
670 3991 841 4047 usque
876 3977 1027 4045 jubet
1084 3978 1263 4047 ipsum
1317 3981 1471 4049 sequi
1501 3987 1761 4036 sanctos:
1792 3988 1847 4034 et
1876 3981 2023 4048 cogit

449 4086 541 4125 eos
585 4071 701 4139 pari
752 4084 914 4139 passu
938 4071 1167 4141 pedibus
1197 4086 1421 4128 currere
1450 4087 1571 4129 cum
1603 4073 1762 4143 equis
1786 4073 2022 4143 pernici-

448 4163 572 4224 bus,
628 4167 686 4213 ut
716 4158 901 4215 labore
934 4174 1130 4216 cursus
1175 4161 1627 4232 dcfatigati,quid
1658 4162 1827 4228 aliud,
1859 4175 2019 4231 quam

451 4250 605 4305 inviti
638 4259 979 4306 mutarentur
1006 4260 1061 4307 et
1096 4255 1554 4323 persuadereulur
1597 4254 1827 4309 adorare
1853 4254 2022 4308 simu-

449 4341 595 4395 lacra
619 4341 645 4395 ’ί
667 4339 853 4396 Sancti
882 4350 1085 4407 autem,
1116 4343 1261 4410 quod
1287 4358 1392 4399 non
1421 4355 1572 4401 esset
1591 4344 1766 4415 major
1800 4358 2019 4411 cursus,

449 4449 568 4488 eam
602 4448 713 4489 rem
752 4428 1142 4488 existimabant
1169 4437 1453 4495 detrahere
1487 4439 1555 4494 de
1602 4438 1900 4508 voluptate.
1929 4437 2022 4494 Sic

2126 3342 2442 3414 συμϐουλῆς
2471 3339 2701 3408 ταύτης,
2725 3336 2926 3400 αὐτοὺς
2950 3336 3008 3388 δὲ
3039 3332 3163 3387 τότε
3184 3327 3463 3402 ζηλωτοὺς
3496 3322 3703 3414 μᾶλλον

2121 3412 2218 3492 καῖ
2269 3431 2576 3505 μακαρίους
2611 3426 2969 3499 ὀφθήσεσθαι,
3030 3425 3124 3478 ὅτε
3156 3422 3250 3477 τὸν
3277 3417 3542 3474 δοκοῦντα
3565 3412 3704 3484 παρ’

2122 3526 2271 3598 αύτῷ
2314 3526 2489 3598 βίαιον
2529 3521 2761 3577 θάνατον
2822 3519 2917 3575 τοῦ
2959 3512 3333 3586 Ἀγαθοδὼρου
3376 3509 3702 3581 μνήσονται,

2120 3617 2407 3674 ἀπολιπὼν
2425 3616 2591 3671 πάλιν
2614 3615 2714 3686 τήν
2737 3612 3079 3684 ἐψευσμένην
3103 3605 3539 3680 φιλανθρωπίαν,
3559 3598 3703 3672 πρὸς

2122 3712 2220 3783 τὴν
2242 3710 2389 3781 αὐτῷ
2421 3709 2627 3780 συνήθη
2663 3709 2757 3762 καῖ
2782 3706 2947 3777 φίλην
2980 3701 3254 3771 ἐπανῆλθε
3283 3695 3580 3770 θηριωδίαν
3603 3691 3701 3749 καὶ

2120 3805 2191 3859 τὰ
2221 3803 2570 3873 προσήκοντα
2594 3801 2768 3854 ταῦτα
2824 3799 3010 3851 ποιεῖ’
3062 3791 3285 3866 μακρὰν
3335 3789 3446 3861 γὰρ
3482 3788 3699 3842 ὁδοιποο

2124 3895 2247 3969 ρίαν
2269 3892 2584 3948 στείλασθαι
2618 3891 2832 3961 μέλλων
2858 3888 2967 3945 ἀπὸ
2997 3889 3098 3955 τῆς
3128 3880 3443 3954 Σαρδιανῶν
3483 3877 3702 3969 πόλεως

2123 3965 2261 4055 πρὸς
2296 3983 2397 4053 τὴν
2446 3982 2766 4052 Πέργαμον,
2815 3976 3130 4032 ἀκολουθεῖν
3157 3970 3310 4041 αύτῷ
3335 3967 3552 4024 κελεύει
3601 3965 3703 4020 καὶ

2121 4076 2251 4137 τοὺς
2277 4073 2472 4142 ἁγίους
2490 4072 2590 4127 καὶ
2633 4069 2712 4141 τῷ
2732 4068 2888 4140 τάχει
2910 4066 3022 4121 τῶν
3061 4066 3246 4119 ἵππων
3275 4058 3593 4130 συντρέχειν
3631 4057 3702 4109 ἐκ

2124 4166 2281 4229 ποδὸς
2312 4162 2638 4233 ἀναγκάζει,
2670 4162 2758 4215 ἶνα
2787 4160 2925 4230 πρὸς
2954 4158 3049 4211 τὸν
3075 4158 3141 4210 ὲκ
3171 4153 3267 4208 τοῦ
3299 4151 3502 4223 δρόμου
3531 4148 3701 4203 κόπον

2124 4256 2610 4327 ἀπαγορεύσαντες
2647 4253 2738 4324 (τί
2767 4267 2833 4321 γε
2857 4249 2986 4305 ἄλλο
3007 4246 3060 4318 ;)
3085 4246 3119 4318 ἢ
3148 4246 3243 4299 καὶ
3272 4243 3500 4304 ἄκοντες
3529 4255 3702 4310 μετα-η

2124 4349 2376 4402 ϐάλοιντο
2408 4345 2505 4400 xui.
2535 4344 2834 4409 πεισθεῖεν,
2877 4338 3074 4396 εἴδωλα
3093 4337 3444 4409 προσκυνεῖν.
3463 4333 3526 4386 Οἱ
3550 4329 3701 4399 ἅγιοι

2123 4438 2201 4505 δὲ,
2240 4439 2323 4493 ὅτι
2348 4436 2429 4509 μὴ
2453 4436 2551 4489 καὶ
2569 4433 2770 4489 πλείων
2796 4435 2824 4488 6
2849 4430 3049 4503 δρόμος
3070 4424 3161 4501 ἦν,
3193 4426 3387 4496 ἡδονῆς
3417 4422 3611 4492 ὕφεσιν
3637 4419 3701 4473 το

448 4525 712 4596 quidquid
766 4538 990 4600 propter
1043 4530 1317 4586 Christum
1378 4529 1733 4596 inferebatur,
1758 4545 1862 4584 non
1897 4543 2018 4585 mo-

2125 4529 2358 4599 πρᾶγμα
2392 4524 2628 4598 ήγοῦντο
2649 4540 2664 4553 ·
2695 4522 2840 4580 οὕτω
2869 4524 2981 4578 πᾶν
3015 4521 3076 4575 τὸ
3103 4519 3191 4575 διὰ
3228 4517 3465 4589 Χριστὸν
3499 4510 3705 4580 ἑπαγό-

451 4617 683 4684 lestiam,
713 4620 805 4675 sed
852 4636 1102 4692 magnam
1151 4624 1330 4693 potius
1353 4620 1617 4677 aﬂ‘erebat
1656 4621 1921 4688 laetitiam,
1960 4629 2021 4677 ut

451 4711 593 4779 quod
626 4720 771 4768 esset
798 4712 880 4770 eis
923 4728 1113 4783 magna
1146 4713 1536 4769 demonstratio
1556 4712 1638 4769 sui
1664 4713 1714 4767 in
1741 4713 2018 4770 Christum

450 4800 723 4856 desiderii.
1308 4857 1312 4861 .

517 4890 585 4946 Χ.
616 4893 748 4947 Cum
772 4910 899 4964 ergo
948 4896 1002 4949 in
1049 4895 1181 4949 tanti
1223 4908 1419 4950 cursus
1449 4892 1632 4949 labore
1654 4892 1799 4949 diem
1839 4902 2020 4949 trans-

448 4985 711 5054 egissent,
777 4997 941 5055 atque
984 4987 1050 5041 ad
1106 4985 1350 5040 dolorem
1379 4984 1664 5040 vulnerum
1690 4998 1911 5039 suorum
1938 4984 2023 5056 (ut

384 5130 391 5136 ,
447 5093 571 5131 cum
600 5078 785 5135 divino
809 5079 974 5135 David
1011 5080 1186 5136 dicam
1222 5079 1264 5148 ³)
1290 5078 1393 5134 hoc
1434 5086 1810 5147 quoqueesset
1826 5078 1903 5133 eis
1923 5077 2021 5133 ad-

450 5170 649 5234 ditum,
672 5170 944 5240 simulque
974 5179 1263 5228 consecuta
1299 5169 1493 5227 fuisset
1528 5169 1808 5236 custodia,
1829 5175 1885 5225 et
1915 5183 2020 5224 nox

443 5261 559 5330 jam
585 5260 953 5326 adventasset,
977 5263 1219 5332 angelica
1241 5261 1486 5330 quaedam
1536 5269 1591 5314 et
1632 5259 1815 5316 divina
1852 5260 2022 5317 virtus

447 5353 529 5407 eis
578 5368 866 5422 apparens,
898 5355 1109 5408 curavit
1142 5368 1327 5409 eorum
1370 5352 1615 5417 vulnera,
1643 5362 1698 5406 et
1752 5351 1816 5406 ad
1849 5359 2018 5407 certa-

452 5445 599 5496 mina
654 5445 999 5515 snscipienda
1037 5445 1120 5499 eis
1154 5443 1412 5511 majorem
1472 5440 1669 5496 indidit
1711 5442 1875 5497 animi
1902 5442 2016 5495 ala-

450 5534 718 5588 critatem.
754 5536 888 5590 Cum
918 5552 1049 5607 ergo
1082 5552 1240 5592 tuane
1273 5538 1600 5594 surrexisset
1635 5535 1903 5601 Valerius,
1928 5534 2017 5603 ju-

455 5624 617 5678 bebat
675 5641 769 5682 eos
817 5631 1044 5699 ingredi,
1077 5632 1144 5686 ab
1182 5631 1421 5687 laborent
1467 5629 1805 5686 solummodo
1832 5639 1888 5682 et
1925 5628 2020 5682 lte-

520 5786 542 5820 ³
570 5783 708 5842 ιἐλι.
756 5803 939 5853 vam,
978 5789 1067 5843 ‘27.

2125 4634 2291 4689 μενον
2323 4619 2386 4673 οὐ
2411 4616 2612 4688 λύπην,
2656 4614 2794 4669 ἀλλὰ
2844 4613 3048 4686 πολλὴν
3099 4611 3302 4684 μᾶλλον
3332 4604 3567 4663 ἐνεποίει
3598 4600 3701 4673 τὴν

2120 4710 2489 4782 εὐφροσύνην,
2518 4705 2776 4778 καθάπερ
2814 4704 3092 4770 ἀπόδειξις
3124 4703 3309 4764 αὐτοῖς
3359 4697 3454 4753 τοῦ
3500 4690 3701 4750 πολλοῦ

2121 4804 2290 4861 πίθου
2310 4801 2407 4858 τοῦ
2430 4799 2677 4872 πρδςῖτὺν
2709 4796 2922 4868 Ἰησοῦν
2941 4797 3259 4868 γενομένου.

2193 4894 2250 4952 ι’.
2276 4894 2371 4967 Τῷ
2402 4893 2536 4964 γοῦν
2557 4891 2650 4948 τοῦ
2683 4890 2943 4945 τοσούτου
2974 4889 3177 4960 δρόμου
3223 4885 3460 4957 καμάτῳ
3508 4882 3702 4955 διημε-

2122 4985 2416 5057 ρεύσαντες
2464 4982 2557 5036 ἐπὶ
2587 4980 2664 5050 τῷ
2701 4980 2858 5048 ἄλγει
2895 4994 2955 5033 τε
2985 4978 3097 5032 τῶν
3130 4976 3465 5048 τραυμάτων
3490 4974 3697 5038 αὐτῶν,

2120 5077 2262 5131 κατὰ
2285 5076 2376 5129 τὸν
2392 5074 2535 5129 θεῖον
2561 5072 2727 5141 φάναι
2744 5070 2936 5137 Δαυὶδ,
2956 5069 3052 5124 καὶ
3075 5067 3267 5122 τούτου
3302 5065 3701 5138 προστεθέντος

2119 5168 2330 5231 αὐτοῖς.
2374 5161 2495 5219 εἶτα
2524 5164 2621 5218 καὶ
2674 5161 2926 5232 φυλακῆς
2968 5160 3144 5215 ταῦτα
3171 5157 3585 5228 διαδεξαμένης,
3609 5171 3704 5211 we

2120 5261 2247 5325 κτδς
2277 5258 2676 5330 ἐπιγενομένης
2717 5259 2841 5330 ήδη,
2891 5254 3158 5327 άγγελική
3205 5271 3290 5317 τις
3331 5251 3429 5306 καὶ
3450 5249 3701 5320 θειοτέρα

2120 5355 2351 5425 δύναμις
2380 5355 2651 5408 ἐπιστᾶσα
2681 5352 3024 5424 ἐθεράπευσε
3055 5367 3114 5405 τε
3143 5351 3326 5413 αὐτοῖς
3355 5347 3454 5410 τὰς
3483 5344 3701 5415 πληγὰς

2124 5449 2219 5503 καὶ
2264 5446 2488 5517 μείζονα
2507 5446 2644 5517 πρὸς
2664 5447 2790 5508 τοὺς
2813 5445 3030 5515 ἀγῶνας
3052 5445 3151 5516 τήν
3182 5440 3489 5513 προθυμίαν
3512 5436 3700 5507 ἐνέθη-

2126 5556 2243 5592 κεν.
2276 5539 2571 5609 Οὐαλέριος
2596 5539 2801 5602 τοίνυν,
2833 5538 3007 5592 ἓωθεν
3033 5536 3295 5600 ἀναστὰς.
3326 5533 3567 5605 βαδίζειν
3597 5530 3698 5586 αύ-

2126 5631 2251 5694 τοὺς
2279 5631 2496 5684 ἐκέλευε
2535 5631 2668 5701 πρὸς
2707 5631 2798 5685 τὸν
2834 5631 2994 5684 πόνον
3039 5629 3227 5691 ἁπλῶς
3258 5628 3351 5681 καὶ
3381 5626 3480 5699 τήν
3512 5624 3699 5680 ταλαιο
