4108 6502
425 365 529 431 119

1716 371 2005 434 MENSIS
2044 376 2378 440 APRILIS.

3567 375 3668 439 120

418 497 519 565 tyti
551 507 767 564 gravem
800 491 1035 546 dolorem
1069 489 1384 546 all‘erebant.
1417 488 1510 546 liis
1541 490 1813 546 defessum
1861 488 1985 543 fuis-

2093 485 2204 554 ἶνες
2235 491 2292 545 δὲ
2339 489 2719 560 διασπώμεναι
2770 488 3109 561 δριμυτάτην
3163 487 3242 559 τῷ
3277 488 3516 562 μάρτυρι
3566 489 3669 562 τὴν

379 628 388 652 ,_
417 594 498 640 set
528 629 542 652 ,
569 585 732 637 etiam
771 582 815 637 si
843 582 972 652 quid
1029 581 1324 634 inanimum
1374 581 1447 634 ita
1501 579 1696 635 fuisset
1745 595 1942 635 caesum
1970 595 1984 631 :

383 649 666 729 ldol'uistis
700 683 882 726 autem
917 687 1010 726 vos
1042 685 1258 740 quoque
1283 669 1502 726 omnino
1551 669 1633 725 vel
1678 669 1850 725 solum
1888 685 1982 722 au-

380 786 385 810 ι
418 766 647 820 dientes.
683 763 788 817 Sed
819 772 1023 833 martyr
1053 778 1159 830 quo
1184 763 1352 831 magis
1375 761 1673 832 augebatur
1701 761 1988 816 multitudo

416 856 824 924 Suppliciorum,
857 869 919 906 eo
961 855 1131 922 magis
1159 862 1276 906 erat
1309 852 1421 921 ipse
1450 861 1637 917 captus
1667 851 1760 905 Dei
1782 865 1986 916 amore,

415 959 469 1002 et
510 959 764 1016 tanquam
815 962 878 999 ex
942 961 1002 1000 re
1027 947 1203 1014 aliqua
1255 943 1572 1000 suavissima
1609 959 1668 999 se
1715 943 1989 1013 voluptate

413 1040 663 1106 explebat
691 1055 755 1092 ex
788 1038 1099 1094 doloribus:
1136 1036 1310 1091 donec
1340 1037 1459 1106 ejus
1489 1039 1692 1092 virtute
1740 1035 1987 1094 defessus

416 1131 680 1196 Valerius,
707 1145 828 1184 eum
868 1129 1168 1184 transmisit
1203 1129 1255 1183 in
1285 1144 1582 1186 carcerem.

485 1310 601 1364 XII.
635 1310 770 1365 Cum
802 1319 976 1364 autem
1001 1310 1239 1365 divinum
1273 1310 1390 1366 sisti
1421 1319 1662 1366 curasset
1706 1310 1981 1383 Papylnm,

415 1404 638 1469 perinde.
670 1419 729 1456 ac
749 1404 793 1458 si
822 1419 962 1459 nunc
987 1420 1105 1457 eum
1136 1405 1364 1473 primum
1396 1403 1716 1473 aspexisset,
1758 1406 1983 1474 rogavit,

415 1495 631 1563 quinam
661 1506 840 1550 essent
869 1503 1117 1564 parentes
1143 1537 1160 1562 ,
1189 1511 1434 1565 quaenam
1468 1498 1642 1566 patria
1667 1537 1682 1559 ,
1735 1507 1788 1551 et
1836 1514 1988 1567 quae-

417 1601 538 1639 nam
575 1595 714 1640 esset
745 1587 966 1658 martyri
999 1589 1247 1642 scientia.
1299 1587 1531 1642 Sanctus
1575 1599 1787 1642 autem:
1820 1587 1937 1644 Jam
1967 1629 1983 1654 ,

417 1679 612 1747 inquit.
642 1679 848 1734 discere
877 1680 1121 1750 potuisti,
1155 1695 1237 1736 me
1263 1695 1381 1734 csse
1413 1691 1592 1735 natum
1641 1696 1703 1735 ex
1739 1681 1986 1750 ingenuis

2093 580 2346 650 αἴσθησιν
2373 581 2656 634 ὲνεποίουν
2677 596 2690 610 °
2720 579 2928 649 ἔκαμεν
2952 579 3019 632 ἂν
3049 579 3108 631 ἐν
3141 577 3376 645 τούτοις,
3409 579 3465 632 εἷ
3493 595 3545 631 τι
3573 582 3669 632 καὶ

2090 669 2198 720 τῶν
2220 669 2447 740 ἀψύχων
2474 664 2542 740 ἦν
2588 667 2966 738 αἰκιζόμενον·
2995 667 3272 738 ὴλγήσατε
3302 667 3360 720 δὲ
3389 667 3482 720 καὶ
3509 669 3666 736 ὑμεῖς

2093 762 2311 824 πάντως
2352 763 2446 814 καὶ
2478 759 2612 830 πρὸς
2646 761 2818 831 μόνην
2856 761 2955 829 τὴν
2987 761 3182 829 ἀκοήν.
3227 758 3367 814 Ἀλλ’
3399 759 3426 811 ὁ
3453 763 3667 832 μάρτυς

2091 857 2200 926 ὅσῳ
2250 856 2309 908 τὸ
2362 855 2564 926 πλῆθος
2604 855 2713 907 τῶν
2744 853 3019 908 κολάσεων
3073 853 3404 919 ἐπετείνετο,
3430 853 3670 922 τοσούτῳ

2090 951 2183 1002 καὶ
2245 949 2406 1012 αὐτὸς
2463 947 2663 1019 μᾶλλον
2711 948 2790 1019 τῷ
2823 947 2962 1018 πρὸς
3016 945 3150 1000 Θεὸν
3183 947 3440 1016 ἡλίσκετο
3475 947 3667 1018 ἔρωτι,

2090 1043 2185 1096 καὶ
2223 1042 2416 1112 ὥσπερ
2469 1043 2615 1104 τινος
2669 1040 2890 1111 ἡδίστου
2948 1038 3269 1110 κατετρύφα
3301 1038 3411 1092 τῶν
3443 1039 3667 1100 ὀδυνῶν,

2089 1135 2196 1197 ἕως
2229 1134 2364 1205 πρὸς
2393 1134 2455 1186 τὸ
2482 1132 2576 1186 τοῦ
2607 1131 2804 1202 ἀνδρὸς
2840 1133 3089 1200 γενναῖον
3115 1129 3428 1200 ἁποκαμὼν
3457 1130 3668 1183 Οὐαλέ-

2094 1245 2229 1298 ριος,
2262 1225 2451 1279 τοῦτον
2487 1225 2586 1294 μὲν
2619 1223 2950 1295 παρέπεμψε
2979 1225 3044 1294 τῇ
3072 1223 3291 1293 εἱρκτῇ.

2158 1320 2260 1373 ΙΒ’.
2286 1319 2392 1372 Τὸν
2422 1317 2481 1370 δὲ
2511 1317 2656 1371 θεῖον
2686 1317 3190 1389 παραστησάμενος
3228 1314 3506 1381 Πάπυλον,
3556 1315 3668 1370 ῶσο

2090 1426 2194 1478 περ
2225 1409 2321 1462 νῦν
2350 1407 2566 1479 πρῶτον
2593 1407 2754 1461 αὑτὸν
2782 1405 3145 1476 θεασάμενος,
3176 1404 3390 1476 ἠρώτα,
3419 1405 3565 1470 τίνες
3613 1407 3666 1460 οἱ

2087 1503 2326 1572 γενέται,
2355 1501 2440 1564 τίς
2472 1502 2505 1571 ή
2535 1501 2737 1570 πατρὶς
2786 1501 2884 1552 καὶ
2920 1498 3005 1563 τίς
3042 1497 3150 1566 ἄρα
3180 1499 3214 1569 ή
3263 1498 3546 1569 ἐπιστήμη
3585 1500 3667 1570 τῷ

2091 1593 2349 1664 μάρτυρι.
2403 1591 2462 1645 ’0
2499 1590 2558 1644 δὲ
2592 1592 2750 1658 ἅγιος
2778 1605 2792 1620 ·
2829 1589 3177 1660 Μεμάθηκας
3199 1589 3325 1660 ήδη,
3359 1590 3546 1658 φησὶν,
3583 1590 3667 1643 ὅτι

2088 1686 2389 1755 ἐλευθέρων
2415 1682 2672 1754 πατέρων
2700 1680 2812 1749 ἐγὼ
2835 1682 2964 1744 παῖς
2987 1698 3001 1712 ’
3033 1682 3098 1733 ἐκ
3129 1680 3445 1748 Θυατείρων
3475 1679 3530 1733 δὲ
3551 1679 3667 1752 ῶρ·

415 1770 771 1838 parentibus;
833 1785 950 1823 sum
1004 1772 1146 1826 enim
1202 1779 1362 1824 natus
1413 1768 1718 1841 Thyatiris:
1757 1785 1985 1826 exerceo

2092 1795 2164 1847 μη
2174 1793 2293 1846 μαι,
2319 1774 2540 1845 μέτειμι
2561 1774 2619 1828 δὲ
2639 1772 2913 1844 ἰατρικὴν,
2937 1771 3038 1842 οὐχ
3069 1770 3242 1840 ὁπόση
3274 1769 3484 1838 γένοιτο
3513 1769 3580 1824 ἂν
3600 1771 3668 1823 ἐκ

417 1865 596 1910 autem
628 1858 969 1922 medicinam,
1007 1876 1108 1911 nou
1144 1875 1261 1928 qua:
1294 1858 1455 1913 fuerit
1483 1875 1546 1914 ex
1571 1859 1751 1914 herbis
1782 1875 1812 1915 e
1841 1870 1984 1915 terra

417 1949 786 2014 nascentibus,
826 1950 918 2004 sed
944 1966 1060 2018 qua:
1095 1949 1255 2005 alicui
1287 1967 1316 2004 a
1349 1951 1456 2006 Deo
1492 1953 1610 2004 data
1647 1951 1832 2006 fuerit.
1865 1950 1983 2006 Non

418 2042 560 2094 enim
594 2057 762 2110 usque
799 2043 865 2096 ad
897 2058 1123 2112 corpora
1155 2044 1653 2099 circtnnscribimus
1681 2045 1796 2110 ejus
1841 2046 1988 2100 utili-

419 2141 612 2185 tatem:
655 2134 747 2187 sed
774 2134 935 2186 etiam
968 2133 1186 2188 morbos
1229 2133 1424 2188 anima:
1465 2135 1806 2206 corrigimus.
1837 2136 1989 2191 Tune

413 2223 616 2292 judcx:
654 2222 769 2278 Non
799 2225 930 2289 haec,
959 2225 1153 2296 inquit,
1179 2225 1293 2280 ﬁeri
1323 2227 1597 2297 potuerint
1626 2227 1745 2282 sine
1773 2228 1986 2284 exerci-

424 2317 625 2371 tatione
652 2333 862 2383 eormn,
896 2335 1013 2388 qua:
1047 2321 1213 2388 scipta
1248 2329 1373 2374 sunt
1403 2335 1432 2374 a
1465 2321 1670 2376 Caleno
1695 2332 1746 2376 et
1786 2321 1984 2392 Hippo-

419 2419 588 2476 crate,
616 2411 704 2479 qui
725 2421 1047 2480 acceperunt
1080 2427 1108 2464 a
1142 2412 1247 2467 diis
1271 2429 1535 2466 summam
1563 2413 1702 2468 illius
1724 2430 1768 2467 St
1787 2413 1984 2470 ientim.

419 2501 647 2571 Papylus
678 2511 888 2557 autent:
928 2501 1163 2558 Galenus
1193 2504 1430 2573 quidem,
1485 2507 1680 2576 inquit,
1709 2519 1762 2562 et
1786 2508 1986 2577 [lippo-

417 2601 620 2657 crates,
655 2603 706 2647 et
734 2595 823 2664 qui
858 2595 1068 2648 illorqu
1093 2607 1262 2650 artem
1295 2608 1570 2662 exercent,
1599 2606 1725 2653 tunc
1751 2599 1984 2670 aliquem

417 2688 741 2752 curaverint,
777 2690 991 2759 quando
1025 2690 1252 2759 gratiam
1289 2706 1398 2746 sum
1453 2693 1802 2761 benignitatis
1835 2709 1988 2750 meus

415 2791 633 2845 quoque
678 2777 927 2833 Christus
967 2779 1277 2848 pt‘zebuerit.
1328 2781 1424 2836 Sin
1473 2783 1682 2848 minus,
1738 2787 1878 2851 perit
1907 2785 1987 2840 eis

417 2870 677 2932 stutliun‘i,
712 2871 841 2924 nihil
878 2872 1141 2925 eonunodi
1178 2888 1513 2942 consequens
1554 2889 1618 2929 ex
1659 2891 1758 2930 sua
1792 2877 1843 2929 iu
1869 2884 1988 2932 arte

417 2961 827 3015 exercitatione.
861 2963 1008 3029 Quos
1034 2974 1210 3018 autem
1249 2965 1378 3018 deos
1409 2966 1653 3020 nominas
1681 3006 1697 3031 ,
1733 2983 1854 3023 cum
1889 2985 1986 3024 nec

418 3053 518 3107 sibi
551 3054 763 3122 quidem
802 3055 1010 3121 possint
1041 3055 1243 3123 aliquid
1298 3059 1553 3126 prodesse
1580 3099 1596 3123 ,
1652 3063 1921 3130 quomodo
1949 3063 1983 3117 ii

2091 1868 2333 1940 βοτανῶν
2357 1867 2467 1920 τῶν
2494 1868 2559 1920 ἐκ
2586 1867 2691 1935 γῆς
2713 1864 3030 1935 φυομένων,
3061 1863 3178 1918 ἀλλ’
3203 1863 3302 1934 ὅση
3334 1862 3399 1916 ἄν
3431 1879 3541 1915 τινι
3556 1863 3669 1916 ἀπδ

2086 1960 2224 2014 Θεοῦ
2251 1959 2431 2030 δοθείη
2454 1975 2468 1990 ο
2509 1958 2605 2011 καὶ
2630 1957 2739 2028 γὰρ
2764 1956 2826 2009 οὐ
2863 1955 3027 2026 μέχρι
3075 1955 3184 2009 τῶν
3210 1953 3481 2024 σωμάτων
3509 1969 3668 2022 περι-

2089 2053 2346 2124 ορίζομεν
2373 2049 2470 2121 τὴν
2490 2049 2780 2120 ὠφέλειαν,
2805 2047 2940 2101 ἀλλὰ
2959 2046 3183 2100 καὶτῶν
3211 2045 3458 2116 ψυχικῶν
3484 2046 3670 2117 appu-

2067 2129 2382 2212 ’στημάτων
2439 2137 2746 2210 ποιούμεθα
2774 2137 2874 2209 τὴν
2921 2137 3232 2208 διόρθωσιν.
3276 2132 3410 2189 Είτα
3443 2136 3473 2189 ό
3505 2136 3666 2189 δικα-

2090 2234 2220 2302 στής
2247 2249 2261 2262 ·
2311 2231 2425 2284 Ούκ
2453 2229 2582 2284 ἄνευ
2628 2230 2918 2300 ἀσκήσεως
2949 2227 3061 2281 τῶν
3114 2227 3154 2280 Γ
3157 2225 3384 2297 αληνοῦ,
3413 2226 3541 2296 ἔφη,
3570 2227 3669 2280 καὶ

2099 2320 2499 2392 Ἱπποκράτους
2551 2319 2712 2373 ταυτὶ
2736 2319 2966 2387 γένοιτο,
2991 2317 3046 2372 οἳ
3076 2317 3232 2388 παρὰ
3255 2317 3364 2371 τῶν
3394 2316 3534 2372 θεῶν
3567 2319 3669 2389 τῆς

2088 2415 2403 2484 ἐπιστήμης
2445 2411 2508 2465 τὸ
2541 2409 2837 2480 κεφάλαιον
2869 2410 3082 2465 ἔλαϐον.
3145 2410 3255 2464 Καὶ
3309 2412 3338 2463 ὁ
3372 2409 3663 2473 Πάπυλοςο

2088 2505 2328 2576 Γαληνὸς
2362 2504 2462 2575 μὲν
2507 2501 2602 2557 καὶ
2648 2501 3044 2572 Ἱπποκράτης,
3098 2503 3192 2556 καὶ
3221 2502 3272 2553 oi
3299 2500 3400 2570 τὴν
3441 2499 3668 2554 ἐκείνων

2091 2597 2371 2670 μετιόντες
2401 2596 2622 2667 τέχνην,
2661 2595 2787 2648 τότε
2821 2593 2888 2648 ἄν
2913 2611 3036 2648 τινα
3057 2591 3476 2664 θεραπεύσειαν,
3503 2590 3668 2662 ἡνίκα

2086 2693 2184 2762 τῆς
2208 2688 2406 2745 ἑαυτοῦ
2436 2689 2851 2760 φιλανθρωπίας
2873 2686 2975 2756 τὴν
3019 2686 3182 2757 χάριν
3222 2686 3315 2736 καὶ
3345 2687 3374 2737 6
3403 2683 3534 2754 ἐμὸς
3563 2701 3668 2737 πα-

2089 2785 2282 2855 ράσχοι
2309 2783 2576 2851 Χριστός·
2625 2783 2673 2834 εἰ
2715 2780 2760 2834 δ’
2795 2777 2911 2842 οὖν⁹
2941 2781 3152 2849 οῐχεται
3184 2777 3369 2840 αὐτοῖς
3392 2777 3426 2841 ή
3463 2775 3665 2844 σπουδὴ

2093 2873 2259 2944 μηδὲν
2286 2872 2386 2942 τῆς
2415 2871 2544 2940 περὶ
2574 2870 2674 2940 τὴν
2701 2871 2901 2940 τέχνην
2935 2868 3226 2937 ἀσκήσεως
3271 2864 3628 2919 ἀπολαύσασα
3647 2880 3662 2895 ·

2087 2965 2178 3029 οὓς
2205 2965 2264 3018 δέ
2317 2981 2382 3032 γε
2428 2961 2716 3033 ὀνομάζεις
2749 2961 2928 3024 θεοὺς,
2976 2959 3098 3012 οὐδὲ
3124 2958 3351 3021 ἑαυτοὺς
3389 2955 3581 3026 ὀνῆσαί
3612 2973 3665 3009 τι

2089 3061 2404 3132 δυνάμενοι,
2461 3057 2578 3119 πῶς
2628 3056 2695 3108 ἂν
2750 3054 2850 3125 τῆς
2880 3052 3092 3122 ἐτέρων
3144 3045 3298 3105 οὗτοι
3335 3049 3667 3118 φροντίσωσι

416 3145 892 3214 ι·ιιι·;ιιιιε‹·εεετῑιιι
941 3145 1166 3198 aliormu
1211 3147 1480 3202 sanitatis.
1533 3149 1686 3216 Quod
1723 3150 1767 3204 si
1819 3153 1982 3208 etiam

2090 3151 2420 3224 θεραπείας;
2461 3148 2525 3201 Ei
2563 3147 2622 3200 δὲ
2647 3145 2740 3200 καὶ
2771 3143 2970 3215 μαθεῖν
3000 3143 3150 3215 ἔργῳ
3194 3142 3256 3195 τὸ
3289 3143 3524 3210 πρᾶγμα
3550 3139 3668 3192 ἐθέ-

417 3234 546 3286 velis
574 3251 683 3286 rem
711 3235 878 3300 ipsarn
910 3251 1033 3288 vere
1071 3236 1368 3300 intelligere
1393 3277 1408 3300 ,
1439 3253 1560 3293 eum
1597 3280 1610 3302 ,
1641 3241 1731 3308 qui
1765 3254 1985 3312 promer

417 3334 468 3376 te
497 3325 666 3384 sedet.
686 3325 855 3378 altero
881 3337 936 3378 ut
969 3325 1116 3380 vides
1143 3327 1299 3381 0.:qu
1324 3331 1536 3393 orbum,
1573 3329 1774 3385 faciant
1811 3335 1982 3387 visum

419 3432 775 3486 recuperare:
835 3430 888 3470 et
933 3429 1116 3486 postea
1161 3421 1291 3474 nihil
1334 3421 1523 3476 dicam.
1577 3421 1759 3478 Fuerit
1805 3435 1982 3480 autem

419 3507 708 3576 quispim",
740 3509 814 3562 ait
847 3507 1110 3576 Valerius,
1143 3513 1231 3582 qui
1263 3529 1383 3566 eum
1419 3515 1590 3583 possit
1613 3517 1846 3570 sanare?
1868 3516 1983 3570 Non

419 3599 521 3654 hoc
552 3599 748 3664 solum,
782 3601 950 3669 inquit
979 3611 1230 3669 sanctus,
1266 3606 1359 3658 scd
1403 3622 1592 3662 omnes
1637 3607 1799 3662 etiam
1853 3609 1987 3666 alios

417 3691 637 3746 morbos
668 3701 720 3745 et
759 3691 1072 3748 affectiones
1111 3694 1434 3751 insanabiles
1491 3695 1647 3753 facile
1685 3700 1982 3766 curaverit,

415 3783 505 3852 qui
542 3784 818 3839 Christum
853 3785 1000 3839 omni
1035 3787 1225 3844 morbo
1280 3789 1583 3844 medentem
1630 3791 1986 3850 invocaverit.

416 3872 562 3928 Dixit
595 3886 774 3929 autem
810 3874 1093 3933 Valerius:
1131 3879 1422 3936 Videamus
1475 3881 1524 3934 in
1562 3887 1846 3951 prmsentia
1884 3886 1934 3940 id
1969 3927 1984 3950 ,

415 3966 560 4035 quod
589 3968 755 4022 dicis:
791 3968 904 4022 Non
937 3986 1056 4040 ego,
1089 3971 1262 4040 inquit
1289 3973 1535 4044 Papylus,
1569 3979 1847 4045 aggrediar
1876 3979 1990 4047 pri-

419 4075 563 4114 mus.
599 4058 799 4116 Vereor
830 4065 972 4116 enim
1003 4103 1019 4128 ,
1053 4077 1120 4117 ne
1153 4079 1274 4116 cmn
1301 4065 1415 4132 iise
1442 4067 1620 4121 omnia
1669 4069 1940 4125 adulteres
1969 4111 1986 4134 ,

419 4152 736 4205 miraculum
781 4154 1024 4207 ascribas
1074 4153 1432 4210 daemonibus.
1479 4159 1584 4210 Sed
1633 4158 1705 4211 tui
1757 4161 1986 4227 primum

418 4245 671 4298 invocent
702 4260 860 4312 quem
896 4244 1060 4299 velint
1094 4257 1308 4300 tuorum
1347 4249 1602 4313 deorum,
1635 4260 1690 4305 et
1723 4262 1848 4308 tunc
1888 4268 1989 4323 ego

415 4351 631 4408 quoque
662 4337 946 4394 ostendam
973 4337 1175 4392 Christi
1207 4339 1312 4394 mei
1341 4340 1615 4396 virtutem.

489 4609 630 4665 XIII.
673 4609 827 4666 Tunc
850 4626 970 4666 cum
1008 4611 1266 4684 quosdam
1294 4611 1513 4668 deorum
1545 4613 1782 4671 cultores
1811 4626 1866 4671 et
1895 4631 1986 4671 sa-

421 4706 626 4760 trilicos
656 4705 968 4760 adduxisset
1020 4705 1264 4762 Valerius
1293 4745 1308 4770 ,
1358 4705 1520 4773 jussit
1567 4723 1694 4762 suos
1733 4709 1987 4766 invocare

422 4800 564 4861 deos,
595 4797 818 4862 nullam,
851 4813 970 4868 quae
1003 4797 1067 4850 ad
1096 4798 1197 4855 hoc
1227 4796 1416 4864 faciat,
1450 4801 1764 4855 amittentes
1787 4811 1983 4865 artem,

417 4905 511 4944 nec
545 4889 884 4955 industriam,
921 4905 1019 4946 nec
1043 4884 1328 4946 rationem.
1358 4891 1436 4946 lIIi
1469 4901 1668 4958 autem,
1702 4892 1842 4948 alius
1879 4893 1984 4948 alio

412 4982 752 5046 accedentes,
775 4983 861 5036 hic
880 4981 1095 5052 quidem
1122 4981 1441 5051 Apollinem,
1471 4983 1560 5037 ille
1582 4995 1761 5038 autem
1788 4983 1985 5038 IEscn-

415 5074 636 5140 Iapium,
670 5074 807 5129 alius
836 5073 1032 5128 deinde
1063 5073 1225 5127 alium
1259 5075 1542 5129 invocabat
1595 5092 1659 5130 ex
1688 5076 1792 5131 diis
1832 5078 1984 5131 adul-

413 5164 601 5220 terinis
633 5205 648 5228 ,
684 5165 1005 5234 impotentes
1039 5166 1092 5220 in
1125 5182 1181 5220 re
1209 5207 1223 5231 ,
1257 5181 1376 5236 quae
1428 5165 1542 5220 fieri
1591 5181 1696 5221 non
1727 5179 1935 5236 poterat
1969 5210 1982 5234 ,

410 5258 554 5323 quod
588 5257 653 5311 ad
687 5257 934 5313 homines
975 5259 1186 5322 attinet,
1216 5259 1550 5313 invocantes.
1617 5257 1856 5328 Eratque
1901 5277 1987 5316 res

409 5351 567 5404 valde
597 5352 846 5409 ridicula.
873 5358 926 5404 et
955 5350 1110 5418 plena
1141 5351 1423 5405 dedecore.
1451 5350 1590 5416 Quid
1625 5352 1769 5407 enim
1803 5351 1870 5406 de
1901 5351 1984 5405 vi-

410 5442 700 5502 ventibus,
755 5457 980 5511 magnus
1033 5441 1204 5510 inquit
1229 5441 1397 5496 Isaias
1449 5443 1510 5507 ⁸,
1563 5443 1988 5496 sciscilabnutnr

413 5534 697 5586 lltOI‘lllOi?
726 5532 894 5587 Totus
925 5549 1053 5598 ergo
1081 5533 1194 5588 dies
1230 5535 1522 5602 praeteriit,
1557 5545 1611 5588 et
1658 5534 1729 5588 illi
1769 5535 1982 5601 quidem

415 5624 712 5692 rogabant,
755 5626 1165 5695 supplicabant,
1213 5627 1584 5682 sacr'lieahau!
1621 5671 1634 5694 ,
1687 5629 1844 5682 rebus
1882 5629 1984 5681 illis

488 5780 510 5811 '
541 5779 645 5834 lsa.
687 5797 798 5845 ιἰιι,
839 5782 925 5838 I9.

2088 3245 2221 3308 λεις,
2265 3242 2356 3296 τὸν
2406 3239 2560 3310 παρὰ
2615 3239 2700 3293 col.
2758 3239 3072 3309 καθήμενον
3131 3233 3555 3308 πεπηρωμένον,
3589 3231 3666 3294 ὡς

2086 3336 2254 3407 ὁρᾷς,
2311 3331 2442 3386 ὄντα
2491 3331 2582 3385 τὸν
2623 3329 2812 3399 ἓτερον
2848 3328 2957 3382 τῶν
2989 3325 3312 3398 ὀφθαλμῶν,
3366 3322 3666 3392 ammon

2088 3425 2496 3497 ποιησάτωσαν,
2550 3421 2723 3493 κάμοὶ
2773 3421 2933 3490 λόγος
2986 3420 3048 3473 τὸ
3094 3419 3238 3491 μετὰ
3258 3416 3435 3471 ταῦτα
3467 3415 3664 3475 οὐδείς.

2089 3516 2191 3586 Εἴη
2243 3515 2289 3569 δ’
2321 3516 2386 3569 ἄν
2434 3531 2540 3580 τις,
2576 3509 2732 3567 εἶπεν
2761 3511 3080 3581 Οὐαλέριος,
3126 3511 3156 3564 ό
3202 3509 3394 3563 τοῦτον
3433 3507 3667 3576 ὑγιῶσαι

2087 3609 2422 3678 δυνάμενος;
2460 3636 2530 3647 -
2563 3603 2640 3657 Οὐ
2678 3601 2870 3656 τοῦτον
2907 3601 3090 3672 μόνον,
3141 3601 3170 3653 6
3199 3597 3509 3668 ἅγιοςοεφη,
3532 3595 3667 3650 ἀλλὰ

2089 3697 2191 3752 κᾶν
2221 3697 2374 3760 νόσος
2402 3695 2537 3763 άλλη
2569 3711 2660 3773 τις.
2697 3690 2756 3767 ᾗ.
2795 3692 2901 3746 κᾶν
2954 3691 3126 3754 πάθος
3176 3689 3298 3743 οὐδὲ
3328 3688 3456 3774 παρ’
3487 3685 3667 3754 ὀλίγον

2093 3792 2330 3862 ἰάσιμον,
2402 3787 2599 3861 ῥᾳδίως
2643 3787 2862 3840 ἅπαντα
2911 3783 3324 3856 θεραπεύσειεν,
3383 3781 3442 3844 6;
3481 3779 3546 3834 ἂν
3576 3778 3667 3832 τὸν

2093 3887 2324 3957 ἰώμενον
2345 3887 2524 3939 πᾶσαν
2548 3883 2705 3936 νόσον
2727 3883 2824 3935 καὶ
2851 3882 3031 3935 πᾶσαν
3061 3878 3334 3950 μαλακίαν
3352 3875 3668 3930 ἐπικαλοῖτο

2089 3978 2347 4050 Χριστόν.
2392 3977 2504 4032 Καὶ
2527 3975 2620 4028 τὸν
2656 3973 2954 4041 Οὐαλέριον
2994 3972 3195 4040 φάναι·
3235 3969 3468 4038 ’Ίδωμεν
3499 3968 3556 4020 ἐν
3587 3965 3664 4035 τῷ

2094 4064 2321 4136 παρόντι
2359 4063 2387 4116 ὃ
2423 4064 2623 4130 λέγεις.
2674 4094 2746 4106 --
2799 4061 2914 4114 Ούκ
2970 4059 3100 4128 ἐγὼ,
3128 4059 3294 4129 φησὶν
3328 4059 3356 4110 6
3389 4055 3664 4117 Πάπυλος,

2089 4156 2401 4226 ἐγχειρήσω
2463 4154 2718 4224 πρῶτοςο
2759 4153 2978 4205 δέδοικα
3031 4151 3161 4220 γὰρ,
3214 4149 3292 4220 μὴ
3321 4149 3381 4202 τὸ
3433 4149 3668 4218 πρᾶγμα

2091 4247 2352 4311 νοθεύσας
2383 4247 2546 4310 αὐτὸς
2577 4249 2689 4308 τοῖς
2726 4244 2946 4314 δαίμοσι
3002 4243 3072 4296 τὰ.
3108 4243 3203 4296 τοῦ
3232 4243 3511 4313 θαύματος
3539 4241 3668 4293 ὐπο-

2090 4345 2342 4415 19.31%;-
2369 4343 2483 4396 ἀλλ’
2517 4344 2566 4396 οἱ
2601 4344 2684 4395 σοὶ
2741 4341 3032 4412 πρότερον,
3081 4340 3148 4412 ἣν
3198 4339 3518 4410 βούλωνται,
3558 4336 3669 4388 τῶν

2093 4437 2232 4492 θεῶν
2262 4435 2418 4507 ὑμῶν
2447 4435 2741 4503 ἐπίκλησιν
2782 4435 3190 4502 ποιησάτωσαν,
3227 4432 3324 4486 καὶ
3352 4433 3473 4486 τότε
3504 4430 3667 4484 πάλιν

2020 4508 2064 4565 θ
2095 4527 2258 4589 αὐτὸς
2287 4525 2385 4595 τὴν
2416 4525 2510 4578 τού
2537 4521 2672 4594 ἐμοῦ
2712 4523 2948 4594 Χριστοῦ
2973 4521 3203 4592 δύναμιν
3236 4521 3510 4588 ἐπιδείξω.

2165 4619 2272 4672 ll".
2304 4618 2436 4672 Τότε
2465 4615 2806 4686 θεραπευτάς
2829 4633 2982 4679 τινας
3010 4616 3104 4668 καὶ
3133 4615 3301 4678 θύτας
3324 4614 3668 4686 παραγαγὼν

2090 4708 2466 4780 όΟύαλέριος,
2507 4709 2632 4770 τοὺς
2695 4707 2906 4761 ἑαυτῶν
2965 4707 3223 4762 ἐκέλευεν
3284 4707 3667 4761 ἐπικαλεῖσθαι

2091 4802 2271 4864 θεοὺς,
2310 4801 2446 4870 μηδέ
2467 4801 2685 4870 τέχνης,
2713 4800 2849 4872 μηδὲ
2877 4800 3145 4867 ἐπινοίας,
3175 4799 3298 4871 μηδ’
3332 4799 3498 4868 ἄλλης
3523 4800 3669 4862 τινος

2094 4891 2322 4963 μεθόδου
2374 4891 2508 4960 πρὸς
2561 4889 2719 4944 τοῦτο
2767 4889 3058 4960 μεθιέντας
3111 4889 3303 4961 μηδέν.
3339 4888 3670 4951 nmmo;

2090 4980 2297 5050 ἀλλαχῆ
2325 4981 2631 5046 παριόντες,
2651 4981 2678 5032 ό
2703 4979 2801 5049 μὲν
2829 4980 3166 5044 Ἀπόλλωνα,
3187 4981 3214 5032 6
3234 4979 3290 5032 δέ
3312 4977 3668 5048 Ἀσκληπιὸν,

2087 5073 2114 5124 ὀ
2144 5072 2199 5124 δὲ
2231 5071 2384 5134 ἄλλος
2415 5072 2574 5125 ἄλλον
2609 5071 2717 5124 τῶν
2742 5072 3014 5141 κιδδήλων
3042 5072 3228 5124 ἐκάλει
3277 5071 3438 5134 θεῶν,
3468 5070 3668 5124 ἀδυνά-

2085 5184 2213 5229 τους
2249 5166 2388 5220 κατὰ
2407 5168 2670 5221 ἀδυνάτου
2703 5167 3052 5237 πράγματος,
3089 5166 3192 5220 ὅσα
3232 5182 3296 5234 γε
3341 5168 3421 5230 εἰς
3452 5164 3669 5234 ἀνθρώ-

2086 5277 2222 5324 πους
2269 5255 2403 5331 ἧκεν
2443 5259 2904 5329 ἐπικαλούμενοι·
2949 5260 3043 5312 καὶ
3073 5254 3140 5330 ἦν
3165 5259 3224 5313 τὸ
3246 5259 3438 5329 χρῆμα
3468 5257 3666 5327 κομιδῇ

2096 5352 2292 5419 γέλως,
2347 5351 2576 5422 αἰσχύνη
2633 5352 2834 5420 σαφής.
2873 5351 2938 5403 Τί
2988 5351 3096 5420 γὰρ
3130 5353 3269 5422 περὶ
3296 5351 3405 5403 τῶν
3429 5349 3668 5414 ζώντων,

2108 5442 2337 5505 Ἰἰςαῖας
2361 5442 2524 5511 φησὶν
2555 5442 2582 5493 6
2613 5440 2805 5510 μέγας,
2863 5438 3228 5510 ἐκζητήσουσι
3261 5440 3386 5502 τοὺς
3418 5436 3666 5505 νεκρούςς

2107 5535 2323 5605 Ἡμέρα
2373 5532 2505 5602 γοῦν
2533 5521 2748 5602 διῆλθεν
2779 5531 2897 5598 ὅλη,
2929 5533 3024 5584 καὶ
3051 5533 3101 5584 οἱ
3131 5531 3230 5600 μὲν
3281 5531 3510 5592 ἐδέοντο,
3558 5528 3670 5582 ἰκέ-

2093 5645 2268 5692 τευον,
2323 5626 2629 5693 ἐουσίαξον,
2680 5626 2858 5678 πᾶσαν
2893 5627 3019 5696 περὶ
3049 5625 3118 5680 τὰ
3159 5626 3365 5697 μάταια
3389 5621 3668 5679 ἐποιοῦντο
