4108 6506
537 406 641 474 123

1840 406 2128 469 MENSlS
2166 407 2500 472 APRILIS.

3704 404 3812 472 ιιι

538 531 649 579 tem
680 521 745 577 ad
777 526 1080 577 certamen.
1107 515 1174 572 Et
1206 514 1296 572 ille
1322 515 1540 586 quidem
1561 513 1869 580 videbatur,
1894 515 2121 571 velante

2239 517 2464 572 ιπειλῶν
2500 518 2674 574 ἐδόκει
2704 519 2843 593 μόνῃ
2869 522 2935 591 τῇ
2964 511 3210 591 “ﬂuat
3243 518 3434 593 ἠρώτα
3455 502 3564 591 τῆς·
3581 504 3815 594 γνώμης

539 615 737 680 minas,
776 629 872 671 eos
896 626 1022 670 esse
1055 611 1345 667 territurus
1367 608 1486 678 ipso
1514 607 1630 662 solo
1649 616 1869 675 aspectu
1899 624 1913 662 :
1938 617 1994 663 et
2030 608 2113 663 itt-

542 709 883 777 terrogabat,
910 705 1194 761 sententiae
1216 714 1518 773 martyrum
1541 699 1749 757 triciens
1775 702 2072 771 periculum
2102 720 2116 756 :

542 810 609 856 et»
624 800 836 856 visione
865 797 1310 869 apprehendehat
1340 811 1530 852 eorum
1573 794 1952 850 mutationem.
1974 794 2123 850 Tau-

542 900 656 948 tum
688 907 817 946 vero
839 893 1049 955 aberat,
1083 900 1142 947 ut
1173 892 1249 946 illi
1284 893 1353 945 ita
1406 899 1593 946 essent
1622 887 1823 954 allecti,
1867 898 1927 943 ut
1955 888 2122 943 etiam

544 983 594 1037 ei
616 983 1010 1051 exprobrarent
1035 982 1341 1036 tarditatem
1378 982 1430 1037 in
1479 979 1704 1036 ferenda
1745 980 2038 1043 sententia,
2068 985 2125 1033 et

545 1076 690 1144 quod
744 1089 852 1130 non
911 1075 1023 1130 cito
1074 1084 1443 1137 morerentur,
1497 1074 1652 1130 valde
1680 1088 1827 1144 egre
1870 1072 2123 1129 ferrent:

545 1164 678 1231 Cur,
709 1166 976 1229 dicentes,
1005 1176 1061 1222 et
1093 1166 1210 1230 tibi,
1232 1178 1287 1220 et
1314 1164 1533 1223 famulis
1553 1166 1776 1222 exhibes
1794 1166 2122 1231 molestiam,

544 1268 647 1310 nos
673 1253 888 1324 quidem
923 1269 1066 1321 saepe
1111 1254 1410 1320 adducens,
1454 1258 1744 1326 postremae
1767 1264 1949 1311 autem
1977 1268 2123 1310 sem-

545 1359 645 1416 per
704 1359 935 1415 parcens
984 1347 1291 1413 senteutite,
1346 1360 1575 1417 sperans
1623 1344 1855 1401 fortasse
1905 1347 2130 1408 l'ore,ut

545 1450 648 1493 nos
693 1437 976 1508 ρωιιίιοσι,
1012 1446 1068 1493 et
1099 1440 1449 1508 persuadeas,
1480 1448 1542 1493 ut
1573 1452 1602 1493 a
1655 1437 1876 1493 Christo
1903 1436 2127 1493 delicia-

547 1543 672 1585 mus
730 1537 789 1584 et
840 1530 1111 1585 veritate?
1152 1530 1305 1597 Quod
1370 1531 1589 1601 quidem
1653 1540 1781 1585 tunc
1823 1528 2127 1598 aspexeris,

548 1635 676 1676 eum
726 1620 933 1676 videris
976 1636 1074 1676 nos
1119 1636 1275 1693 aque
1313 1637 1379 1678 ac
1422 1623 1554 1678 deos
1584 1631 1727 1686 tuos,
1775 1621 1922 1677 nullo
1966 1636 2127 1677 sensu

549 1712 804 1784 praeditos
837 1722 892 1769 et
945 1715 1160 1770 surdos.
1222 1715 1347 1770 Haec
1395 1731 1520 1770 cum
1574 1716 1806 1784 primum
1841 1715 2128 1781 dixissent,

551 1804 788 1861 murices
835 1805 1054 1876 quidem
1116 1805 1278 1861 ferrei
1339 1807 1788 1878 dispergebantur
1843 1807 1895 1861 in
1938 1815 2127 1862 terra:

551 1896 793 1964 praeclari
826 1908 1004 1952 autem
1043 1898 1142 1952 viri
1175 1902 1226 1952 in
1267 1913 1362 1954 eos
1390 1899 1515 1954 nudi
1546 1898 1908 1968 iaciebantur,
1951 1908 2007 1953 et
2028 1913 2122 1953 su-

554 1988 663 2058 pini
689 2002 853 2057 super
896 2004 992 2043 ens
1027 1991 1382 2045 trahebantur
1425 1990 1762 2045 crudeliter:
1794 2003 1883 2045 res
1912 1991 1978 2043 ad
2005 2004 2126 2044 crn-

555 2080 758 2134 ciatum
785 2083 1164 2151 acerbissima,
1192 2098 1314 2137 cum
1353 2084 1435 2138 vel
1465 2083 1640 2138 solum
1686 2082 1973 2152 subjicitur
2005 2098 2135 2137 ocn-

555 2171 644 2228 lis.
677 2171 784 2229 Sed
835 2188 934 2229 nec
971 2176 1021 2228 in
1059 2176 1161 2230 hoc
1187 2177 1404 2245 quidem
1446 2178 1576 2231 deos
1611 2191 1739 2250 suos
1785 2176 2022 2245 neglexit
2053 2174 2135 2230 l‘a-

556 2265 736 2318 mulos
772 2284 788 2321 :
821 2266 917 2321 sed
949 2269 1133 2320 statim
1165 2267 1403 2335 (oportet
1424 2269 1571 2322 enim
1613 2282 1800 2322 rursus
1822 2266 2022 2336 aliquid
2051 2267 2136 2320 tli-

554 2370 680 2413 cere
707 2373 773 2412 ex
810 2359 989 2413 divina
1023 2359 1328 2428 Scriptura)
1359 2361 1606 2415 ascendit
1655 2360 1930 2430 inspirans
1973 2359 2028 2413 in
2056 2359 2138 2412 l‘a-

556 2446 694 2501 cieut
725 2463 937 2511 eorum,
961 2459 1016 2504 et
1045 2464 1138 2503 eos
1162 2449 1396 2505 liberans
1422 2465 1486 2504 ex
1522 2450 1832 2506 alﬂictioue.
1861 2450 1927 2504 Et
1968 2450 2137 2520 proti-

556 2554 663 2594 nus
719 2550 1057 2597 evanuerunt
1108 2543 1360 2608 murices,
1399 2551 1454 2596 et
1487 2543 1795 2597 conservati
1854 2551 1982 2598 sunt
2034 2541 2136 2612 ipsi

556 2632 707 2687 illaesi
747 2648 775 2686 a
810 2633 986 2687 tualis.
1021 2633 1132 2689 Hoc
1165 2635 1323 2702 plane
1339 2635 1577 2705 iudicem
1604 2636 1859 2691 accendit
1881 2637 1947 2690 ad
1982 2636 2135 2691 furo-

556 2739 672 2778 rem
699 2743 713 2780 :
745 2736 798 2780 et
832 2726 1105 2779 novaculae
1138 2728 1273 2780 adeo
1303 2727 1598 2782 crudeliter
1637 2736 1935 2798 martyrum
1968 2728 2135 2781 latera

557 2815 852 2880 laniabant,
891 2828 947 2871 ut
977 2833 1008 2872 u
1042 2832 1271 2886 tumque
1302 2833 1403 2887 par
1420 2834 1612 2874 rursus
1642 2821 1992 2889 egrederetur
2041 2833 2139 2874 na-

558 2907 762 2962 turales
784 2908 1004 2973 limites,
1029 2924 1223 2976 nempe
1244 2920 1298 2965 et
1334 2911 1554 2965 lictores
1581 2912 1634 2966 in
1667 2913 1939 2981 pttniendo
1961 2911 2139 2966 inuni-

558 2999 930 3061 sericnrditer,
955 3012 1006 3054 et
1037 3003 1208 3056 saneti
1245 3002 1296 3055 in
1329 3001 1455 3056 forti
1488 3003 1670 3056 animo
1703 3002 2000 3057 tolerandis
2024 2996 2139 3057 nio-

558 3086 751 3141 les‘liis.

630 3177 769 3234 XVI.
813 3180 934 3235 Post
977 3183 1091 3237 haec
1133 3199 1319 3237 rursus
1368 3195 1665 3254 congregat
1712 3185 1913 3239 bestias
1947 3186 2211 3263 crnde-C

559 3269 824 3336 lissiutas,
850 3283 904 3326 et
934 3275 1139 3329 sanctis
1161 3279 1432 3329 theatrum
1461 3277 1764 3343 constituit,
1802 3289 1855 3331 ct
1901 3280 2016 3348 ipse
2048 3296 2139 3335 se-

560 3365 652 3416 det
678 3375 972 3433 spectator.
1010 3367 1226 3422 Etcum
1269 3369 1320 3423 in
1354 3370 1590 3424 medium
1641 3372 1957 3428 adduxisset
2005 3389 2140 3428 tuar-

561 3465 730 3526 tyres,
778 3457 832 3510 in
858 3473 953 3513 eos
988 3460 1229 3513 immittit
1262 3477 1441 3515 ursam
1477 3479 1491 3516 :
1520 3471 1575 3517 et
1607 3477 1726 3518 cum
1757 3475 2022 3533 putasset,
2060 3468 2138 3523 si-

561 3544 671 3598 tuul
703 3556 866 3617 atque
888 3548 1119 3603 fuissent
1142 3549 1398 3617 immissi,
1432 3550 1545 3606 lure
1569 3561 1628 3606 ut
1651 3555 1890 3609 virorum
1916 3557 2140 3625 praecla-

562 3652 746 3692 rorum
778 3655 1004 3709 corpora
1052 3642 1405 3712 discerpent,
1458 3646 1591 3699 vidit
1649 3648 1829 3715 potius
1889 3658 2138 3703 naturam

561 3733 876 3788 animalium
911 3737 1121 3792 ratione
1159 3737 1485 3802 carentium,
1518 3739 1910 3794 admirabiliter
1940 3740 2142 3795 docen-

564 3836 671 3879 tem
707 3828 1122 3898 intelligentiam
1172 3844 1266 3885 eos
1291 3834 1380 3901 qui
1418 3842 1544 3886 sunt
1578 3833 1869 3903 participes
1889 3834 2138 3889 rationis.

565 3917 704 3972 [rga
744 3920 910 3987 enim,
946 3922 1105 3976 veluti
1131 3923 1360 3978 reverita
1426 3924 1704 3992 speciosos
1731 3940 1921 3980 eorum
1955 3926 2138 3994 pedes,

561 4018 619 4064 et
648 4025 833 4076 pacem
874 4026 997 4067 vere
1029 4014 1437 4081 annuntiautes,
1476 4030 1580 4070 non
1630 4016 1807 4071 solum
1865 4017 2002 4071 nihil
2054 4032 2144 4071 no-

561 4103 733 4166 xium,
766 4118 866 4156 nec
893 4115 1109 4174 agreste
1143 4104 1291 4169 fecit,
1338 4120 1437 4161 nec
1484 4115 1543 4160 ut
1572 4109 1740 4162 semel
1796 4109 1997 4174 dicam,
2028 4108 2136 4163 belé

563 4192 771 4246 luinum
813 4211 826 4248 :
859 4199 951 4249 sed
977 4196 1042 4248 ad
1071 4212 1257 4250 eorum
1294 4198 1454 4265 pedes
1496 4200 1745 4268 procidit,
1773 4211 1826 4254 et
1858 4204 2033 4257 amice
2063 4213 2146 4257 est

567 4285 838 4354 atupletta.
891 4287 1000 4343 Nec
1057 4289 1161 4343 hoc
1217 4290 1429 4358 quidem
1478 4292 1693 4346 sull‘ecit
1751 4293 2024 4363 insipienti
2075 4296 2142 4350 ad

569 4383 798 4436 dandam
832 4386 878 4436 ei
909 4383 1341 4453 intelligentiam.
1371 4383 1476 4439 Sed
1524 4385 1606 4442 leo
1650 4402 1865 4457 quoque
1896 4391 2145 4457 protinus

573 4475 890 4529 immittitur
923 4494 935 4530 :
968 4475 1057 4545 qui
1096 4477 1210 4546 ipse
1270 4477 1521 4534 similiter
1565 4489 1726 4550 atque
1759 4497 1907 4548 ursa,
1947 4482 2144 4538 divinis

2223 611 2684 683 ἀποπειρώμενος
2739 612 2852 666 τῶν
2882 613 3057 682 ἀγίων
3103 615 3200 668 καὶ
3237 614 3543 685 μεταϐολὴν
3571 615 3814 684 ἐφαντά-

2222 703 2346 767 ζετο
2366 721 2381 735 ο
2416 705 2465 756 οἱ
2499 703 2558 757 δὲ
2584 703 2839 757 τοσοῦτον
2861 703 3103 776 ἀπέσχον
3126 703 3220 758 τοῦ
3250 720 3303 757 τι
3328 705 3571 758 τοιοῦτον
3592 702 3813 780 παθεῖν,

2222 792 2365 847 ὥστε
2415 794 2510 848 καὶ
2555 794 2835 860 ὠνείδιζον
2875 795 3029 866 αὐτῷ
3065 796 3166 867 τὴν
3209 797 3343 865 περὶ
3373 795 3471 868 τὴν
3527 795 3815 864 ἀπόφασιν

2226 883 2557 954 βραδυτῆτα,
2592 885 2686 938 καὶ
2713 885 2798 938 ὅτι
2824 886 2899 956 μὴ
2923 887 3136 956 ταχέως
3169 888 3520 958 ἀπέθνησκον
3551 887 3817 952 ἐπιεικῶς

2224 974 2625 1046 ἐδυσχέραινον.
2659 976 2727 1029 Τί
2781 977 3114 1048 πράγματα,
3172 977 3444 1046 λέγοντες,
3496 980 3592 1032 καὶ
3627 978 3818 1049 σαυτῷ

2226 1066 2321 1122 καὶ
2348 1070 2465 1133 τοῖς
2491 1067 2801 1140 ὑπηρέταις
2852 1069 3140 1141 παρέχεις,
3185 1071 3507 1141 ἀγωγίμους
3543 1071 3641 1141 μὲν
3664 1073 3819 1142 ἡμᾶς

2226 1159 2489 1224 πολλάκις
2510 1160 2703 1227 ποιῶν,
2723 1161 2823 1231 τῆς
2848 1160 2907 1216 δέ
2928 1162 3249 1225 τελευταίας
3270 1162 3455 1233 ψήφου
3477 1164 3820 1234 φειδόμενος,

2226 1252 2465 1318 ἐλπίζων
2492 1253 2638 1326 τάχα
2674 1254 3011 1326 μεταϐαλεῖν
3036 1256 3187 1326 ἡμᾶς
3218 1257 3311 1309 καὶ
3348 1258 3536 1311 πεῖσαι
3566 1256 3821 1327 ἀποστῆ-

2228 1363 2317 1401 ναι
2370 1346 2613 1419 Χριστοῦ
2666 1346 2764 1400 καὶ
2818 1349 2921 1418 τῆς
2986 1347 3283 1418 ἀληθείαςς
3332 1349 3512 1420 Ὅπερ
3564 1349 3687 1402 τότε
3748 1347 3822 1403 ἂν

2229 1438 2458 1504 ἐθεάσω,
2484 1440 2574 1493 ὅτε
2599 1438 2803 1510 ὁμοίως
2824 1441 2938 1502 τοῖς
2964 1441 3079 1503 σοῖς
3109 1439 3256 1504 θεοῖς
3283 1440 3646 1510 ἀναισθήτους
3666 1439 3824 1511 ἡμᾶς

2230 1528 2485 1603 ἑώρακας
2511 1532 2610 1585 καὶ
2641 1532 2888 1601 κωφούς.
2924 1530 3113 1585 Ταῦτα
3141 1533 3240 1586 οὐκ
3275 1532 3520 1600 ἔφθασαν
3548 1532 3628 1596 είς
3663 1531 3825 1595 τέλος

2230 1625 2428 1689 είπείν,
2462 1624 2560 1678 καὶ
2598 1624 2812 1695 σιδηροῖ
2846 1624 2947 1695 μὲν
2981 1628 3122 1677 κατά
3150 1627 3252 1695 γῆς
3285 1624 3604 1694 ἐσπείροντο
3633 1622 3827 1695 τρίϐο-

2230 1715 2345 1770 λοι·
2379 1716 2731 1786 ἠκοντίζοντο
2759 1716 2816 1770 δὲ
2854 1718 2976 1771 κατ’
3005 1717 3188 1772 αὐτῶν
3243 1718 3293 1771 οί
3351 1720 3589 1785 γενναῖοι
3618 1718 3846 1787 γυμνοὶ

2233 1812 2327 1867 καὶ
2351 1809 2534 1865 ὕπτιοι
2568 1812 2756 1866 ἐπάνω
2779 1810 2988 1865 τούτων
3020 1810 3261 1881 ἀφειδῶς
3290 1811 3555 1871 εἴλκοντο.
3587 1811 3831 1881 πρᾶγμα

2235 1901 2566 1971 πικρότατον
2622 1900 2702 1963 είς
2734 1900 3011 1971 τιμωρίαν
3069 1901 3163 1954 καὶ
3204 1900 3368 1971 μόνον
3394 1903 3476 1963 είς
3506 1900 3831 1970 ὀφθαλμοὺς

2236 1992 2569 2064 ἐρχόμενον*
2620 1989 2738 2046 ἀλλ’
2790 1990 2902 2044 οὐδ’
2958 1991 3018 2043 ἐν
3043 1989 3219 2063 τούτῳ
3279 1990 3413 2054 Θεὸς
3464 1990 3574 2044 τῶν
3604 1988 3831 2043 οἰκείων

2235 2084 2428 2156 ἠμέλει
2461 2082 2840 2154 θεραπευτῶν,
2873 2082 2990 2137 ἀλλ’
3013 2084 3220 2146 εὐθέως
3263 2085 3282 2147 (
3299 2084 3383 2137 δεῖ
3410 2083 3520 2155 γὰρ
3543 2083 3635 2137 καὶ
3665 2079 3833 2146 αὖθις

2237 2173 2298 2228 τὸ
2329 2175 2426 2245 τῆς
2456 2172 2606 2238 θείας
2643 2174 2813 2241 φάναι
2845 2174 2883 2226 Γ
2890 2173 3111 2245 ραφῆς)
3169 2173 3340 2245 ἀνέϐη
3377 2176 3406 2228 ὁ
3447 2173 3710 2244 ἐμφυσῶν
3746 2173 3834 2237 είς

2238 2267 2534 2336 πρόσωπον
2592 2264 2774 2318 αὐτῶν
2831 2266 2927 2319 καὶ
2957 2265 3351 2337 ἐξαιρούμενος
3396 2266 3597 2328 αὐτοὺς
3621 2267 3686 2318 ἐκ
3710 2262 3833 2317 θλί-

2237 2359 2382 2430 ψεως
2402 2374 2415 2389 ο
2447 2360 2539 2413 καὶ
2570 2360 2915 2430 παραχρῆμα
2946 2359 2996 2412 oi
3020 2358 3261 2430 τρίϐο).οι
3300 2360 3525 2427 ἀφανεῖς
3547 2353 3690 2429 ἦσαν
3730 2356 3836 2410 καὶ

2238 2451 2391 2504 αὐτόι
2440 2451 2627 2504 κακῶν
2682 2450 2917 2511 ἀπαθεῖς
2975 2450 3383 2523 ἐφυλάχθησαν.
3449 2449 3625 2503 Τοῦτο
3684 2450 3834 2520 πρὸς

2239 2544 2462 2598 πλείονα
2498 2546 2695 2615 μανίαν
2734 2545 2939 2615 ἐξῆπτε
2983 2543 3078 2598 τὸν
3112 2546 3397 2616 δικαστὴν,
3427 2544 3525 2599 καὶ
3552 2542 3834 2614 ξυστῆρες

2238 2637 2403 2689 πάλιν
2422 2638 2520 2701 τὰς
2542 2636 2673 2690 πλευ
2684 2639 2782 2707 ρας
2803 2636 3030 2701 ὐπέξεον
3049 2636 3158 2690 τῶν
3179 2637 3373 2705 ἁγίων,
3391 2636 3565 2698 οὕτως
3592 2635 3777 2705 ἀγρίω
3798 2652 3834 2701 ·,

2237 2729 2314 2794 ὡς
2351 2730 2699 2802 ἀμφοτέρους
2730 2729 2887 2794 αὖθις
2919 2729 3024 2795 ἔξω
3056 2730 3164 2784 τῶν
3198 2729 3450 2799 φυσικῶν
3494 2730 3637 2800 ὅρων
3674 2728 3840 2797 γενέ-

2242 2822 2388 2885 σθαι,
2413 2824 2510 2876 καὶ
2550 2822 2680 2887 τοὺς
2725 2821 2956 2893 δημίους
2996 2824 3053 2876 ἐν
3088 2821 3164 2893 τῷ
3196 2821 3453 2885 κολάζειν
3486 2819 3841 2890 ἀσυμπαθῶς

2240 2913 2337 2967 καὶ
2366 2914 2493 2978 τοὺς
2522 2914 2713 2982 ἁγίους
2744 2916 2803 2967 ἐν
2835 2913 2914 2985 τῷ
2948 2912 3137 2986 φέρειν
3166 2913 3419 2986 εὐψύχως
3457 2912 3525 2968 τὰ
3550 2913 3798 2984 λυπηρά.

2315 3177 2434 3246 ις’.
2469 3179 2626 3233 Μετά
2675 3178 2852 3234 ταῦτα
2886 3179 3052 3233 πάλιν
3088 3177 3164 3233 τὰ
3190 3178 3304 3231 τῶν
3332 3176 3539 3249 Θηρίων
3568 3176 3845 3244 ὡμότατα

2254 3270 2622 3341 συναθροίζει,
2658 3272 2887 3344 θέατρόν
2919 3290 2977 3326 τε
3032 3272 3317 3343 συνίστησι
3370 3273 3480 3333 τοῖς
3512 3270 3708 3337 ἁγίοις.
3736 3270 3847 3322 καὶ

2242 3362 2440 3436 θεατὴς
2463 3365 2624 3429 αὐτὸς
2654 3364 2894 3435 κάθηται
2920 3381 2936 3397 ’
2971 3365 3048 3428 είς
3085 3365 3252 3434 μέσον
3277 3381 3336 3417 τε
3367 3364 3494 3426 τοὺς
3537 3363 3841 3433 μάρτυρας

2240 3457 2487 3526 ἀγαγὼν,
2512 3458 2714 3527 ἀρκτον
2753 3459 2939 3521 αὐτοῖς
2976 3457 3248 3527 ἐπαφίησι
3293 3457 3390 3509 καὶ
3431 3456 3663 3525 νομίσας
3694 3454 3844 3523 ὁμοῦ

2242 3562 2298 3599 τε
2357 3546 2629 3616 ἀφεθῆναι
2686 3548 2941 3609 καὶτοῖς
2993 3548 3285 3615 γεννάδαις
3347 3544 3723 3616 διασπαράξαι
3764 3545 3845 3598 τὰ

2243 3638 2491 3707 σώματα,
2521 3637 2630 3692 τῶν
2653 3638 2865 3706 ἀλόγων
2895 3638 3099 3710 μᾶλλον
3140 3638 3288 3707 ἑώρα
3317 3637 3416 3709 τὴν
3450 3637 3612 3707 φύσιν
3649 3653 3846 3706 παρα-

2240 3730 2408 3795 δόξως
2435 3730 2562 3794 τοὺς
2612 3730 2868 3798 λογικοὺς
2916 3732 3308 3795 συνετίζουσαν
3329 3749 3341 3763 ·
3372 3732 3404 3801 ἡ
3459 3734 3571 3802 γὰρ
3604 3729 3845 3800 ἄρκτος,

2241 3822 2432 3893 ὥσπερ
2481 3822 2776 3894 αἰδουμένη
2824 3825 2953 3888 τοὺς
2995 3822 3235 3892 ὡραίους
3273 3824 3456 3878 αὐτῶν
3509 3824 3673 3884 πόδας
3732 3827 3845 3881 καὶ

2242 3915 2466 3985 εἰρήνην
2488 3914 2705 3985 ἀληθῶς
2735 3914 3288 3985 εὐαγγελιζομένους,
3313 3916 3372 3969 οὐ
3411 3916 3571 3986 μόνον
3602 3914 3844 3969 ἐπιϐλα-

2241 4004 2335 4068 ϐἐς
2365 3989 2519 4059 οὖδέν
2569 4006 2667 4058 καὶ
2714 4004 2910 4075 ἄγριον
2964 4007 3059 4059 καὶ
3089 4006 3150 4059 τὸ
3200 4006 3322 4059 ὅλον
3356 4006 3521 4075 φάναι
3564 4005 3848 4076 θηριῶδες

2244 4098 2561 4170 εἰργάσατο,
2616 4098 2755 4153 ἀλλά
2802 4100 2897 4153 καὶ
2950 4101 3326 4171 προσέπιπτεν
3390 4101 3576 4163 αὐτοῖς
3631 4101 3846 4170 μᾶλλον

2244 4189 2337 4239 καὶ
2363 4187 2593 4256 φιλικῶς
2620 4188 2935 4257 ὴσιιτάζειτο⁹
2978 4189 3279 4244 οὐδὲτοῦτο
3316 4191 3517 4262 ἤρκεσε
3556 4190 3630 4257 τῷ
3662 4192 3846 4244 ἀσυνε-

2244 4279 2352 4351 ἐτῳ
2382 4279 2511 4333 νοῦν
2547 4280 2831 4350 ἐμϐαλεῖν,
2861 4281 2998 4335 ἀλλά
3038 4284 3131 4336 καὶ
3155 4283 3295 4338 λέων
3324 4283 3488 4347 εὐθὺς
3517 4285 3845 4353 ἐπαφίεται·

2246 4373 2341 4425 καὶ
2374 4372 2536 4436 αὐτὸς
2574 4374 2776 4441 ὁμοίως
2801 4376 2868 4445 τῇ
2902 4374 3092 4446 ἄρκτῳ
3120 4377 3236 4440 τοῖς
3262 4376 3428 4439 θείοις
3451 4375 3686 4447 νεύμασι
3718 4394 3852 4429 πει-

2247 4466 2466 4537 θαρχῶν
2499 4461 2569 4537 ἦν
2607 4468 2702 4520 καὶ
2752 4467 2864 4531 τοῖς
2902 4467 3039 4540 ὑπὲρ
3075 4465 3167 4521 τοῦ
3206 4467 3389 4521 κοινοῦ
3446 4469 3721 4522 Δεσπὸτου
3762 4470 3848 4525 τὰ

571 4564 857 4620 obediebat
909 4565 1150 4631 nutibus,
1192 4569 1255 4621 iis
1307 4568 1397 4638 qui
1453 4584 1551 4638 pro
1594 4573 1869 4627 communi
1918 4573 2137 4631 Domino

2253 4559 2466 4630 χαλεπά
2494 4560 2805 4630 πάσχοντας
2837 4562 2937 4633 οὐχ
2966 4563 3113 4626 ὅπως
3139 4561 3337 4631 δρᾶσαί
3366 4580 3419 4615 τι
3442 4562 3679 4633 πονηρὸν
3710 4563 3848 4631 βου-

573 4657 758 4727 gravia
790 4658 1156 4727 patiebantur,
1192 4660 1774 4721 uihilmmninovolens
1793 4664 1919 4720 mali
1943 4665 2143 4722 lacere.

570 4749 827 4806 Valerius
851 4763 1055 4814 autem,
1106 4761 1364 4823 tanquam
1396 4754 1511 4823 ipse
1542 4757 1779 4826 seipsum
1809 4772 2013 4813 conans
2053 4774 2148 4814 su-

569 4857 765 4914 perare
788 4844 841 4897 in
883 4844 1111 4909 scelere,
1143 4845 1199 4899 in
1228 4845 1403 4900 larum
1437 4851 1727 4917 quemdam
1753 4863 1891 4904 nova
1922 4851 2070 4907 calce
2095 4859 2150 4906 ct

572 4950 766 4991 recens
799 4937 1091 5003 exstincta,
1123 4939 1232 5005 vel,
1264 4946 1324 4993 ut
1369 4940 1563 4997 melius
1579 4940 1782 5007 dicam,
1804 4957 2030 4999 accensa
2065 4959 2150 4999 re-

551 5025 795 5112 ,l‘ertum,
823 5028 975 5097 jubet
1014 5040 1234 5086 sanctos
1271 5032 1512 5099 immitti,
1545 5043 1598 5089 et
1621 5034 1673 5089 in
1708 5050 1772 5089 eo
1808 5036 2003 5107 degere
2041 5048 2149 5092 tres

550 5117 717 5174 'Iotos
751 5121 887 5187 dies,
914 5123 1003 5177 tali
1056 5125 1213 5180 modo
1262 5125 1492 5181 invictos
1536 5127 1761 5181 moliens
1795 5127 2014 5182 vincere
2043 5128 2151 5181 int-

574 5212 721 5281 pius.’
750 5211 854 5266 Sed
883 5212 1081 5270 frustra
1132 5215 1440 5282 laborabat,
1473 5220 1734 5272 adversus
1767 5233 1953 5272 verum
1979 5219 2147 5274 Deum

575 5303 911 5375 depugnans.
966 5304 1099 5361 Nam
1155 5308 1337 5364 divina
1385 5311 1631 5379 quasdam
1680 5309 1874 5379 gratia,
1905 5319 1959 5364 et
1981 5310 2152 5367 virtus

574 5393 776 5451 Christi
802 5397 988 5452 aderat
1023 5401 1367 5471 martyribus,
1399 5403 1489 5472 qui
1522 5411 1743 5472 propter
1799 5403 1972 5471 ipsum
1999 5413 2152 5457 erant

578 5487 630 5541 in
661 5489 804 5553 lacu,
860 5491 1124 5546 hebetatis
1186 5494 1402 5562 qu’deut
1468 5496 1633 5549 calcis
1679 5495 2069 5565 operationem,
2120 5513 2147 5548 a

583 5582 722 5634 malo
744 5592 923 5637 autent
954 5585 1153 5639 illaesos
1191 5601 1412 5640 ενι-νειιιε
1450 5588 1682 5643 athletas

655 5758 815 5814 XVll.
855 5760 1097 5816 Valerius
1118 5774 1293 5817 autem
1329 5780 1434 5831 quo
1463 5764 1720 5832 majorem
1748 5766 1976 5835 gratiam
2004 5767 2150 5820 vide-

583 5850 954 5921 batappnret‘e
1012 5856 1060 5907 iu
1107 5858 1328 5918 sanctis,
1367 5872 1429 5911 eo
1471 5857 1641 5929 magis
1667 5858 1942 5913 iracundia
1972 5857 2149 5912 ferve-

2251 4651 2497 4723 λόμενος.
2557 4652 2860 4725 Οὐαλέριος
2922 4654 3126 4720 τοίνυν,
3176 4654 3368 4726 ὥσπερ
3425 4654 3587 4718 αὐτὸς
3644 4654 3848 4710 ἑαυτὸν

2252 4744 2585 4817 ὑπερϐαλεῖν
2637 4746 2698 4800 ἐν
2752 4746 2924 4817 κακία
2981 4748 3349 4819 πειρώμενος,
3403 4747 3460 4800 ἕν
3498 4752 3604 4800 τινι
3644 4745 3847 4818 λάκκῳ

2250 4839 2468 4892 τιτάνου
2505 4837 2947 4911 πεπληρωμένῳ,
2978 4839 3037 4894 δν
3075 4839 3304 4912 σύνηθες
3332 4839 3594 4893 ἄσϐεστον
3633 4840 3846 4910 ὄνομά·

2253 4930 2388 4997 ζειν,
2411 4930 2610 5004 νεαροῦ
2634 4935 2729 4986 καὶ
2753 4933 2879 5003 ἄρτι
2909 4931 3249 4997 σϐεσθέντος,
3276 4933 3306 5001 ἢ
3346 4932 3547 5002 μᾶλλον
3576 4931 3848 4998 ἀναφθέν-

2250 5038 2344 5086 τος
2373 5023 2572 5085 εἰπεῖν,
2605 5023 2934 5094 εἰσαχθῆναι
2986 5025 3112 5086 τοὺς
3138 5024 3325 5091 ἁγίους
3358 5024 3686 5095 προστάττει
3740 5024 3846 5076 καὶ

2252 5113 2380 5176 ὅλας
2410 5113 2557 5184 τρεῖς
2587 5116 2647 5167 ἐν
2669 5114 2820 5186 αὖτῷ
2846 5114 3057 5182 διάγειν
3093 5114 3333 5184 ἡμέρας,
3362 5115 3550 5184 τρόπῳ
3586 5114 3693 5166 τινὶ
3718 5129 3842 5165 τοι-

2252 5204 2395 5276 οὑτῳ
2436 5205 2661 5276 νικῆσαι
2710 5207 2837 5269 τοὺς
2867 5207 3173 5276 ἀηττήτους
3204 5209 3231 5259 ὁ
3262 5206 3529 5277 δυσσεϐὴς
3575 5204 3844 5277 μηχανώ-

2256 5311 2456 5369 μενος’
2511 5297 2626 5350 ἀλλ’
2682 5297 2886 5368 ἔκαμνε
2948 5298 3128 5366 μάτην
3180 5298 3612 5369 ἀντιμαχόμενος
3643 5296 3846 5367 ἀληθεῖ

2252 5388 2407 5459 Θεῷ·
2441 5387 2561 5442 θεία
2592 5390 2701 5461 γάρ
2739 5405 2824 5453 τις
2855 5389 3017 5460 χάρις
3047 5391 3143 5442 καὶ
3172 5389 3400 5460 δύναμις
3426 5391 3540 5455 τοῖς
3566 5389 3633 5442 δι’
3666 5390 3839 5443 αὐτοῦ

2257 5481 2525 5551 μάρτυσιν
2559 5481 2618 5533 ἐν
2644 5479 2721 5551 τῷ
2740 5481 2931 5550 λάκκῳ
2982 5480 3189 5552 παρῆν,
3226 5480 3578 5555 ἀμϐλιξνουσα
3608 5479 3706 5551 μὲν
3737 5479 3840 5550 τὴν

2255 5573 2538 5643 ἐνέργειαν
2570 5570 2664 5624 τοῦ
2687 5572 2928 5637 τιτάνου,
2959 5572 3129 5625 κακοῦ
3163 5572 3219 5626 δὲ
3244 5573 3471 5636 ἀπαθεῖς
3508 5573 3634 5634 τοὺς
3666 5572 3839 5640 ἀθλη-

2255 5667 2353 5731 τὰς
2386 5683 2549 5736 συντη
2560 5665 2653 5736 ροῦ
2664 5682 2748 5717 σα.

2326 5761 2422 5815 1Ζ’.
2456 5760 2753 5830 Οὖαὶὲριος
2782 5758 2838 5811 δὲ
2875 5759 2983 5829 ὅσῳ
3033 5758 3256 5812 πλείονα
3298 5760 3398 5828 τὴν
3425 5760 3586 5830 χάριν
3626 5761 3683 5811 ἐν
3722 5760 3839 5821 τοῖς

2257 5855 2431 5924 ἁγίοις
2455 5850 2879 5923 διαφαινομένην
2937 5851 3105 5923 ἐώρα,
3162 5853 3402 5924 τοσούτῳ
3442 5852 3642 5921 μᾶλλον
3674 5852 3836 5914 αὐτὸς
