4108 6516
549 425 654 489 127

1847 424 2130 483 MENSIS
2169 401 2506 484 Atratus;

3689 408 3807 472 128

1649 559 3801 591 MM

1842 751 2268 872 ΑΘΛΗ
2285 757 2520 869 ΣΙΣ

1097 983 1328 1070 ΤΟΥ
1401 978 1741 1070 ΑΓΙΟΥ
1790 983 1984 1068 ΚΑΙ
2061 974 2600 1068 ΕΝΔΟΞΟΥ
2654 977 3245 1069 ΜΑΡΤΥΡΟΣ

1656 1172 2711 1307 ΕΛΕΥΘΕΡΙΟΥ

1793 1509 2530 1682 ’ρΕΒτΑΜΕΝ

1187 1808 1602 1897 ΒᾹΝΟΤΙ
1686 1805 1834 1894 ΕΤ
1907 1801 2162 1893 (ἓΙιΟζ

2265 1799 2482 1924 ξοδι
2567 1797 3190 1887 MARTYRIS

989 2022 2287 2179 ELEUTHERII
2418 1994 3388 2170 EPISCOPI

575 2315 775 2376 (Latine
798 2316 925 2378 apud
953 2313 1152 2364 Surium
1178 2315 1236 2364 ad
1257 2312 1389 2362 diem
1415 2313 1473 2362 18
1494 2312 1702 2375 Aprilis,
1731 2312 1902 2363 Graece
1925 2311 2053 2374 apud
2073 2311 2306 2363 Bolland.
2327 2312 2449 2362 tom.
2476 2309 2519 2359 Il
2547 2309 2750 2374 Aprilis,
2776 2323 2827 2373 p.
2847 2308 2961 2370 976,
2987 2324 3046 2358 ex
3077 2312 3189 2361 end.
3222 2309 3344 2361 {190
3365 2308 3600 2360 biblioth.
3635 2305 3834 2368 Vane.)

650 2617 690 2671 l.
721 2615 856 2668 Cmn
888 2612 1061 2670 Ailius
1079 2613 1349 2669 Adrianus
1371 2613 1630 2670 Romanis
1661 2613 1875 2685 quidem
1906 2614 2143 2684 impera-

2320 2615 2395 2667 A'.
2429 2613 2611 2667 Αἰλίου
2636 2609 2925 2682 Ἀδριανοῦ
2966 2611 3252 2681 Ῥωμαίων
3283 2610 3382 2680 μὲν
3425 2609 3836 2680 βασιλεύοντος,

574 2719 682 2772 ret.
715 2707 1054 2762 daemonibus
1082 2717 1262 2760 autem
1296 2717 1350 2762 et
1381 2707 1685 2762 simulacris
1721 2708 2003 2776 diligenter
2032 2721 2148 2762 ser-

2265 2709 2470 2780 Βαίμοσι
2499 2709 2557 2762 δὲ
2609 2709 2703 2761 καὶ
2733 2707 2974 2772 εἰδώλοις
3022 2705 3302 2774 ἐπιμελῶς
3334 2705 3700 2769 δουλεύοντος,
3733 2706 3846 2758 καὶ

580 2800 721 2853 viret
751 2816 764 2852 :
793 2796 1126 2851 admirabilis
1162 2812 1378 2866 quoque
1412 2797 1750 2853 Eleutherius
1784 2798 1875 2852 illo
1909 2807 2150 2867 tempore

2265 2805 2280 2856 5
2308 2802 2621 2868 θαυμαστὴς
2663 2799 3000 2869 Ἐλευθέριος
3029 2799 3150 2852 κατ’
3173 2799 3351 2851 ἐκεῖνο
3373 2797 3592 2867 καιροῦ,
3625 2793 3717 2851 οἷά
3744 2814 3845 2862 τις

576 2889 829 2957 cognitus
855 2897 960 2952 est,
998 2887 1160 2940 veluti
1207 2889 1450 2954 qmcdam
1487 2886 1641 2942 stella
1682 2887 1820 2942 diem
1853 2887 2148 2943 illustrans.

582 2979 683 3034 Cui
729 2980 900 3048 patria
953 2978 1168 3047 quidem
1209 2979 1310 3033 fuit
1359 2979 1553 3050 inclyta
1586 2989 1640 3034 et
1679 2995 1868 3052 magna
1929 2980 2098 3034 Roma
2133 2997 2146 3035 :

583 3080 838 3140 parentes
867 3079 1046 3123 autem
1080 3085 1276 3141 genere
1315 3068 1530 3136 quidem
1564 3070 1906 3138 nobilissimi,
1955 3071 2155 3126 divitiis

583 3179 716 3218 vero
762 3163 1178 3231 opulentissimi,
1233 3163 1400 3234 gloria
1452 3164 1613 3218 etiam
1678 3163 1987 3221 clarissimi.
2049 3165 2156 3220 Ter

588 3255 866 3310 consulem
903 3256 1044 3308 enim
1073 3255 1239 3311 fuisse
1269 3257 1385 3326 ejus
1415 3267 1647 3326 patrem,
1694 3256 1814 3328 ejus
1854 3257 2042 3314 scribit
2071 3258 2159 3314 hi-

586 3349 780 3404 storia.
816 3347 922 3403 Sed
951 3365 1072 3403 cum
1098 3361 1288 3405 essent
1318 3351 1452 3405 adeo
1485 3350 1743 3420 insignes,
1772 3367 1872 3408 nec
1913 3353 1994 3407 eis
2033 3353 2157 3424 qni-

587 3443 710 3494 dem
747 3442 934 3494 deerat
966 3441 1218 3495 nobilitas
1262 3457 1326 3495 ex
1368 3441 1568 3511 pietate
1599 3451 1716 3496 orta
1769 3453 1826 3496 et
1874 3441 2156 3510 religione.

591 3534 718 3599 Ejus
746 3534 887 3587 enim
920 3543 1092 3588 mater
1113 3533 1398 3595 Evantbia,
1427 3549 1545 3589 cum
1569 3533 1738 3589 divini
1764 3533 1909 3588 Pauli
1941 3543 2159 3604 aposto-

591 3623 711 3678 licis
745 3623 1202 3679 admonitionibus
1237 3625 1392 3680 ﬁdem
1412 3635 1669 3680 accurate
1703 3627 1999 3689 didicisset,
2036 3642 2158 3682 cum

589 3716 767 3771 studio
793 3716 1030 3771 virtutis.
1056 3715 1147 3770 Dei
1169 3731 1384 3786 quoque
1403 3715 1550 3772 cultu
1577 3726 1696 3772 erat
1723 3716 1877 3770 valde
1903 3717 2159 3788 locuples.

592 3809 667 3863 Ea
693 3825 813 3864 cum
848 3811 990 3865 hunc
1020 3821 1268 3866 sanetum
1305 3810 1600 3879 peperisset
1626 3825 1870 3878 puerum,
1897 3808 2162 3865 Eleuthe-

590 3900 730 3954 rium
792 3901 1008 3969 quidem
1064 3897 1277 3954 vocavit
1332 3913 1396 3954 ex
1459 3899 1572 3968 ipso
1617 3908 1736 3953 ortu
1773 3917 1788 3954 :
1821 3900 1955 3954 adeo
1985 3909 2160 3953 autem

590 3990 888 4046 liberaliter
929 4000 982 4044 et
1010 3991 1237 4044 honeste
1283 4005 1402 4044 eum
1439 3991 1704 4054 educavit,
1737 4001 1794 4043 ut
1828 3991 2031 4044 nomini
2077 4006 2163 4046 res

591 4098 806 4151 quoque
841 4082 1214 4136 convenirent.
1268 4080 1359 4136 Sic
1409 4098 1538 4152 ergo
1580 4084 1885 4147 educatum,
1922 4097 2040 4136 cum
2095 4082 2163 4138 ad

597 4175 805 4226 virilem
863 4182 1074 4227 aetatem
1127 4174 1488 4242 pervenisset,
1526 4172 1634 4227 Deo
1667 4183 1720 4227 et
1761 4174 2164 4245 archiepiscopo

593 4263 820 4315 Aniceto
851 4260 926 4331 (l)
959 4262 1048 4315 dat
1070 4261 1432 4326 cum,d0num
1469 4262 1584 4330 ipso
1610 4261 1849 4331 dignum.
1874 4263 1991 4333 Ipse
2019 4266 2162 4319 cnim

520 4422 530 4428 _
597 4363 724 4406 tunc
755 4352 1009 4406 ﬂuuiana:
1035 4361 1263 4421 praeerat
1292 4352 1564 4407 Ecclesiae.
1599 4354 1697 4420 Qui
1727 4354 1912 4409 videns
1953 4371 2163 4410 morum

596 4445 716 4514 ejus
765 4444 1185 4498 moderationem
1237 4453 1290 4498 et
1330 4444 1466 4498 alias
1497 4446 1742 4512 virtutes,
1791 4461 1913 4500 eum
1950 4448 2165 4514 quidem

596 4538 828 4605 primum
853 4535 1161 4599 diaconum,
1216 4536 1408 4589 deinde
1454 4537 1850 4608 presbyterum,
1895 4549 2167 4606 postremo

595 4627 910 4697 episcopum
947 4627 1166 4681 ordinat
1190 4626 1404 4699 Illyrici.

666 4719 732 4774 11.
767 4719 966 4789 Sicque
1019 4719 1258 4782 lucerna.
1288 4731 1340 4772 ut
1363 4721 1670 4791 evangelica
1700 4723 1872 4776 dicam
1903 4723 1944 4785 ί,
1995 4725 2166 4792 posita

597 4827 759 4878 super
787 4811 1190 4877 candelabrum,
1209 4812 1420 4866 etverbi
1443 4812 1674 4880 vitaeque
1696 4812 2171 4871 luceillumtnante

598 4900 890 4955 multorum
918 4903 1275 4971 cogitationes
1308 4891 1390 4957 :et
1421 4902 1610 4958 falsam
1636 4906 1851 4974 quidem
1891 4910 2158 4963 mendacii

598 4993 897 5047 doctrinam
921 4994 1290 5063 proculcante,
1328 4995 1586 5051 doctrina:
1614 5012 1862 5051 sermone
1895 4998 2168 5064 aﬂlnente,

596 5085 664 5136 ad
727 5084 896 5138 solius
973 5096 1150 5139 autem
1225 5084 1315 5140 Dei
1361 5087 1721 5157 cognitionem
1790 5091 1984 5145 multos
2039 5108 2172 5147 cou-

601 5182 850 5228 vertente
909 5186 963 5230 et
1033 5178 1329 5232 deducente
1400 5176 1464 5232 ad
1516 5179 1796 5247 pietatem,
1831 5197 1935 5236 non
1965 5193 2173 5250 poterat

599 5264 873 5334 malignus
903 5266 1015 5321 haec
1049 5267 1190 5323 ferre
1216 5270 1532 5328 moderate:
1569 5272 1660 5324 sed
1696 5272 1841 5326 rabie
1867 5275 2084 5342 quidem
2118 5276 2170 5328 in

600 5356 779 5425 ipsum
813 5358 1138 5426 agitabatur,
1173 5368 1227 5414 et
1250 5361 1488 5430 graviter
1511 5361 1746 5429 spirabat
1771 5375 1962 5417 contra
1996 5366 2170 5434 pieta-

602 5459 738 5502 tem.
770 5445 968 5503 Totum
990 5463 1120 5503 vero
1151 5450 1370 5505 subiens
1385 5450 1700 5515 Adrianum,
1732 5467 1853 5506 cum
1882 5453 1970 5506 illo
1995 5468 2174 5507 arma-

604 5535 694 5592 ttir
725 5551 912 5595 COllll'al
947 5543 1228 5598 veritatem
1267 5561 1281 5597 :
1315 5550 1368 5597 et
1401 5549 1525 5596 ante
1563 5543 1698 5597 alios
1738 5559 1923 5598 omnes
1951 5555 2176 5600 (·οιιιι·ιι-

676 5703 690 5734 ¹
729 5704 912 5761 Matth.
953 5724 1004 5760 ν.

2255 2895 2659 2966 ἡμερολαμπὴς
2713 2892 2890 2965 ἀστὴρ
2942 2885 3368 2960 ὲγνωρίζετο’ᾧ
3420 2892 3618 2963 πατρὶς
3656 2891 3756 2961 μὲν
3805 2893 3842 2960 ἡ

2260 2985 2473 3055 μεγάλη
2511 2984 2606 3036 καὶ
2636 2981 2942 3055 περιφανὴς
2974 2980 3237 3052 ἐτύγχανε
3267 2979 3478 3050 Ῥώμη,
3509 2980 3746 3050 πατέρες
3778 2981 3846 3035 δὲ

2257 3077 2426 3146 γένει,
2459 3073 2674 3144 πλούτῳ
2701 3091 2760 3126 τε
2791 3075 2884 3127 καὶ
2910 3073 3035 3144 δόξῃ
3066 3073 3527 3143 περιφανέστατοι
3558 3073 3651 3125 καὶ
3685 3072 3753 3124 λα
3764 3089 3846 3139 μ-

2257 3168 2519 3239 πρότατοι
2545 3184 2558 3202 ο
2586 3166 2934 3238 τρισύπατον
2958 3166 3069 3236 γὰρ
3101 3164 3272 3219 αὐτοῦ
3306 3165 3397 3219 τὸν
3432 3165 3646 3236 πατέρα
3677 3164 3848 3232 γενέ-

2260 3258 2382 3312 σθαι
2409 3257 2598 3328 φασίν.
2668 3257 2831 3311 Ἀλλὰ
2885 3258 2981 3311 καὶ⁵
3013 3257 3158 3311 οὓτω
3199 3256 3562 3328 περιφανείας
3593 3255 3847 3325 ἔχοντες,

2258 3353 2379 3406 οὐδὲ
2433 3352 2533 3423 τῆς
2567 3353 2687 3405 κατ’
2715 3350 3000 3404 εὐσέϐειαν
3043 3351 3405 3404 ἀπελείποντο
3457 3349 3767 3417 εὐγενείας·
3815 3351 3850 3417 ἡ

2263 3443 2446 3514 μήτηρ
2501 3442 2611 3512 γὰρ
2664 3441 2815 3511 αὐτῷ
2848 3441 3110 3506 Εὐανθία,
3141 3443 3260 3504 ταῖς
3290 3439 3385 3494 τοῦ
3437 3440 3587 3494 θείου
3620 3439 3849 3493 Παύλου

2261 3533 2650 3596 ἀποστολικαῖς
2705 3534 3070 3604 παραινέσεσι
3127 3532 3225 3604 τὴν
3274 3533 3459 3587 πίστιν
3494 3531 3852 3605 ικμαθοῦσα,

2263 3623 2466 3695 πολλὴν
2493 3625 2709 3694 ὑπῆρχε
2737 3628 2834 3678 σὺν
2855 3626 2920 3694 τῇ
2968 3625 3136 3695 ἀρετῇ
3171 3624 3481 3679 πλουτοῦσα
3525 3627 3620 3679 καὶ
3649 3626 3852 3678 θεοσέ-

2265 3716 2439 3768 ϐειαν.
2494 3715 2642 3786 Αὕτη
2674 3715 2768 3768 τὸν
2806 3716 2950 3785 ίερδν
3002 3713 3194 3770 τοῦτον
3249 3714 3597 3769 ἀποτεκοῦσα
3649 3715 3851 3780 παῖδα,

2275 3807 2616 3878 Ἐλευθέριον
2644 3807 2742 3877 μὲν
2768 3806 3075 3876 ὠνόμασεν,
3127 3806 3453 3878 ἐλευθερίως
3485 3807 3542 3860 δὲ
3572 3807 3713 3860 οὕτω
3745 3810 3855 3860 καὶ

2266 3897 2449 3961 καλῶς
2477 3898 2852 3970 ἀναθρέψασα,
2887 3898 3030 3952 ὥστε
3075 3901 3141 3969 τῇ
3173 3899 3367 3969 κλήσει
3403 3902 3713 3968 συμφωνεῖν
3743 3905 3854 3954 καὶ

2265 3991 2336 4045 τὰ
2365 3992 2687 4061 πράγματα.
2715 3992 3026 4061 -Τραφέντα
3079 3990 3212 4060 γοῦν
3255 3993 3349 4046 καὶ
3381 3991 3722 4063 ἀνδρωθέντα
3758 3992 3853 4062 τῷ

2265 4087 2514 4156 ἀρχιερεῖ
2533 4087 2631 4154 τῆς
2676 4085 2965 4153 Ῥωμαίων
2997 4083 3326 4155 Ἐκκλησίας
3366 4085 3632 4155 Ἀνικήτῳ
3655 4084 3819 4156 [Ἀνα
3837 4116 3856 4129 ο

2265 4177 2470 4248 κλήτῳῖ
2514 4177 2688 4248 δῶρον
2725 4177 2873 4241 ἄξιον
2904 4177 3141 4241 δίδωσιν,
3175 4177 3234 4240 ὃς
3264 4176 3326 4228 τὸ
3359 4176 3454 4230 τοῦ
3477 4177 3642 4247 ἤθους
3673 4177 3852 4230 αὐτοῦ

2266 4269 2492 4340 κόσμιον
2523 4269 2616 4321 καὶ
2645 4269 2743 4337 τὴν
2771 4269 2938 4334 ἄλλην
2978 4268 3121 4338 ὀρῶν
3169 4267 3391 4339 ἀρετὴν,
3452 4269 3698 4322 διάκονον
3742 4269 3854 4337 μὲν

2267 4361 2508 4431 πρῶτον,
2532 4355 2650 4412 εἶτα
2673 4359 3064 4430 πρεσϐύτερον,
3089 4360 3184 4414 καὶ
3207 4360 3514 4414 τελευταῖον
3543 4359 3855 4414 ἐπίσκοπον

2267 4453 2562 4523 χειροτονεῖ
2587 4449 2680 4503 τοῦ
2727 4450 3050 4522 Ἰλλυρικοῦ.

2341 4723 2417 4777 B'.
2451 4721 2560 4773 Καὶ
2593 4720 2734 4773 οὕτω
2761 4720 2824 4790 δὴ
2845 4720 2938 4772 τοῦ
2977 4718 3192 4791 λύχνου,
3234 4719 3605 4787 εὐαγγελικῶς
3646 4720 3847 4785 εἰπεῖν,

2272 4814 2366 4866 ἐπὶ
2393 4813 2493 4880 τὴν
2519 4811 2744 4880 λυχνίαν
2775 4809 3052 4874 τεθέντος,
3110 4812 3204 4863 καὶ
3236 4809 3415 4878 πολλῷ
3468 4809 3544 4878 τῷ
3578 4809 3671 4864 τοῦ
3726 4809 3851 4879 βίου

2273 4906 2368 4958 καὶ
2397 4904 2473 4974 τῷ
2510 4903 2604 4957 τοῦ
2660 4903 2820 4970 λόγου
2877 4903 3018 4972 φωτὶ
3065 4904 3165 4965 τὰς
3197 4902 3306 4955 τῶν
3340 4901 3551 4955 πολλῶν
3606 4902 3852 4964 διανοίας

2275 4995 2834 5065 περιαστράπτοντος,
2859 4994 2957 5047 καὶ
2995 4993 3433 5062 καθοδηγοῦντος
3477 4993 3613 5062 πρὸς
3659 4991 3850 5045 θεοσέ-

2275 5089 2426 5141 ϐειαν
2452 5128 2467 5152 ,
2506 5087 2607 5139 οὐκ
2639 5083 2706 5156 ἦν
2750 5085 2923 5138 ταῦτα
2980 5085 3172 5155 πράως
3194 5085 3286 5136 τὸν
3308 5085 3545 5155 πονηρὸν
3578 5084 3848 5150 ἐνεγκεῖν,

2275 5180 2412 5232 ἀλλὰ
2437 5178 2556 5231 κατ’
2591 5178 2757 5231 αὐτοῦ
2786 5177 2880 5230 καὶ
2918 5177 3017 5245 τῆς
3041 5175 3327 5238 εὐσεϐείας
3354 5175 3528 5228 δεινὸν
3576 5175 3726 5227 ἔπνει
3755 5177 3853 5227 καὶ

2232 5324 2239 5342 ι
2281 5274 2528 5345 μανικὸν,
2585 5271 2707 5324 ὅθεν
2761 5272 2856 5324 καὶ
2885 5271 2977 5323 τὸν
3016 5268 3296 5338 ’Δδριανὺν
3339 5267 3540 5326 ὑποδὺς
3568 5265 3709 5328 ὅλον,
3743 5266 3853 5333 πρὸ

2277 5367 2388 5420 τῶν
2414 5365 2589 5418 ἄλλων
2617 5361 2894 5422 ἁπάντων,
2923 5363 3013 5413 τὸν
3052 5359 3387 5428 Ἐλευθέριον
3424 5359 3564 5410 ἑλεῖν
3587 5355 3854 5424 ἀγωνίζε-

2282 5473 2391 5516 ται,
2435 5454 2559 5511 τοὺς
2588 5450 3025 5520 ὲπισημοτέρους
3045 5449 3153 5502 τῶν
3187 5447 3427 5502 εὐσεϐῶν
3454 5446 3698 5502 σπεύδων
3716 5448 3850 5498 ἀπο-

2286 5544 2546 5612 θερίζειν,
2565 5541 2752 5610 ὥσπερ
2783 5540 2845 5610 δή
2875 5557 3025 5602 τινας
3056 5539 3160 5592 τῶν
3182 5539 3469 5608 ἀσταχύων
3500 5538 3851 5608 προέχοντος,

679 5821 754 5886 (l)
799 5821 937 5892 Lege
996 5825 1272 5892 Anaclcto,
1339 5843 1464 5881 cum
1508 5826 1773 5882 Anicetus
1803 5825 2007 5882 sederit
2042 5833 2162 5894 post
2202 5821 2530 5884 Adrianum,
2566 5817 2668 5872 sub
2705 5831 2813 5887 quo
2849 5829 3039 5884 passus
3071 5823 3156 5869 est
3225 5811 3594 5868 Eleutlierius.
