4108 6458
287 354 392 419 129

1495 351 1678 415 VlTA
1721 351 1784 410 S.
1827 349 2336 412 ELEUTHERII.

3450 353 3554 416 130

273 470 458 532 Εὐθὺς
489 461 588 521 οῦν
611 465 782 537 sane
810 481 894 529 τις
915 465 1025 518 τῶν
1059 465 1409 536 στρατιωτῶν
1445 467 1748 536 πέμπεται,
1779 467 1846 520 τοι

1975 463 2054 518 dit
2087 465 2152 519 de
2185 465 2363 520 medio
2418 465 2606 519 tollere
2639 463 3030 534 Eleuther-ium,
3065 483 3130 522 ex
3186 469 3286 536 piis
3331 471 3555 525 studens

286 559 636 628 Ἐλευθέριον
661 557 741 628 τῷ
765 555 1032 627 βασιλικῷ
1070 556 1276 624 βήματι
1304 557 1654 626 παραστῆναι
1703 574 1857 611 κεκε-

272 651 602 720 λευσμένος.
648 649 708 702 ⁸0
731 648 788 702 δὲ
826 648 927 718 τὴν
958 648 1260 718 ἐκκλησίαν
1289 647 1642 714 καταλαϐὼν,
1660 648 1860 717 πλήθει

269 759 329 795 τε
361 740 928 810 περικυκλωσάμενος
990 741 1366 810 στρατιωτῶν,
1407 741 1503 794 καὶ
1558 739 1652 792 τὸν
1701 739 1857 807 ἀγιον

269 833 422 886 ενδον
453 831 775 893 ἀπολαϐὼν,
807 825 928 884 εἶτα
954 831 1050 884 καὶ
1079 829 1362 896 εἰσελθὼν,
1393 831 1488 884 καὶ
1533 831 1712 902 ἀγρίῳ
1761 832 1858 901 μὲν

265 926 504 993 δμματι,
531 923 861 993 ἀγριωτέρῳ
879 922 937 976 δὲ
965 923 1279 992 φρονήματι
1300 926 1413 987 τοῖς
1437 923 1608 994 ὁρῶσι
1641 923 1855 991 φανείς·

263 1015 336 1078 ὡς
365 1015 424 1067 δὲ
455 1011 600 1068 εἶδον
641 1014 806 1068 αὑτὸν
834 1020 896 1068 τὸ
921 1018 1018 1084 τῆς
1048 1014 1404 1077 διδασκαλίας
1455 1016 1674 1086 ἥδιστον
1707 1016 1857 1084 νᾶμα

266 1105 600 1176 προχέοντα,
629 1107 726 1158 καὶ
756 1106 854 1158 σὺν
875 1105 1147 1176 εὐκοσμίᾳ⁵
1174 1104 1342 1176 πολλῇ
1373 1109 1484 1170 τοῖς
1514 1105 1736 1158 συνοῦσι
1757 1108 1859 1175 τὴν

264 1199 559 1252 εὐσέϐειαν
588 1197 1052 1266 καταγγέλλοντα,
1086 1198 1185 1268 τὴν
1216 1197 1312 1250 τοῦ
1348 1195 1588 1266 Χριστοῦ
1623 1197 1853 1266 δύναμιν

264 1290 571 1360 θαυμάζων
604 1285 694 1360 ἦν.
724 1289 833 1342 Καὶ
867 1287 1191 1358 μεταϐαλὼν
1223 1288 1425 1342 αὐτίκα
1453 1289 1553 1359 τῆς
1587 1287 1850 1356 ἀγριότη-

264 1399 372 1444 τος,
407 1380 693 1450 πρόϐατον
714 1381 837 1436 ἀντὶ
860 1379 1050 1445 λύκου,
1083 1379 1175 1432 καὶ
1201 1378 1448 1449 μαθητὴς
1474 1379 1596 1432 ἀντὶ
1620 1377 1851 1432 διώκτου

263 1474 507 1540 γίνεταιο
547 1475 644 1526 καὶ
676 1472 922 1542 ὑπερορᾷ
959 1472 1058 1541 μὲν
1082 1471 1248 1524 αὑτοῦ
1285 1470 1578 1541 βασιλέως,
1617 1469 1853 1541 προσπί-

260 1564 465 1617 πτειδὲ
495 1567 617 1626 τοῖς
643 1564 771 1616 ποσὶ
799 1562 892 1615 τοῦ
929 1561 1109 1630 ἁγίου,
1149 1563 1244 1616 καὶ
1271 1562 1330 1615 τὸ
1362 1561 1470 1616 ἀπὸ
1494 1561 1646 1614 τοῦδε
1686 1562 1850 1632 συνῆν

257 1654 409 1724 αἰοτῷ
445 1657 566 1716 τοῖς
598 1654 811 1708 ἐκείνου
842 1653 1021 1721 λόγοις
1055 1653 1192 1724 πρὸς
1213 1652 1313 1720 τὴν
1345 1652 1629 1706 εὐσέϐειαν
1663 1669 1854 1723 στηρι-

258 1747 511 1816 {ripe-10;.
569 1746 710 1799 Ἀλλ’
754 1745 895 1800 οὕτω
925 1744 1027 1814 μὲν
1073 1746 1100 1798 6
1129 1744 1297 1815 Φίληξ
1330 1745 1529 1810 ἐποίει,
1585 1744 1682 1798 καὶ
1720 1745 1858 1815 πρὸς

1965 558 2246 611 demetere
2267 572 2382 621 eos,
2413 560 2506 628 qui
2538 571 2692 613 erant
2721 560 3064 630 insigniores,
3095 571 3349 629 tanquam
3377 564 3556 630 spicas

1966 649 2228 716 quasdam
2265 652 2477 706 caeteris
2506 652 2912 720 prmstaritiores
2945 669 2958 705 :
2993 663 3046 706 et
3069 655 3251 706 statim
3290 669 3413 708 cum
3448 665 3556 708 tcr-

1969 737 2110 792 ribili
2131 737 2398 808 legatione
2433 740 2667 794 mittitur
2687 740 2836 794 Felix
2861 741 3103 810 quidam,
3136 758 3275 797 unus
3301 757 3368 796 ex
3399 743 3553 798 duci-

1964 829 2066 884 bus
2117 830 2406 894 exercitus,
2437 829 2621 895 jussus
2651 842 2708 886 ut
2755 847 2851 902 per
2892 835 2998 888 vim
3031 828 3266 890 addueat
3297 833 3554 888 Eleuthe-

1965 921 2130 985 rium,
2163 931 2217 976 et
2247 937 2370 976 eum
2399 923 2554 977 sistat
2579 935 2704 977 ante
2729 926 2966 979 tribunal
2993 926 3552 996 iinperatorium.~Qui

1961 1027 2086 1066 cum
2106 1013 2172 1066 ad
2191 1013 2389 1067 Christi
2417 1015 2694 1068 mandram
2716 1017 3074 1083 pervenisset,
3101 1019 3407 1084 ecclesiam,
3425 1036 3550 1075 eam

1960 1109 2310 1159 extrinsecus
2372 1106 2719 1162 circumsidet
2781 1107 3125 1165 multitudine
3179 1111 3408 1166 militum
3443 1131 3459 1168 :
3492 1125 3550 1168 et

1960 1212 2081 1250 cum
2117 1197 2262 1252 intus
2295 1198 2673 1266 intercepisset
2705 1199 3098 1270 Eleutherium,
3134 1214 3384 1274 tanquam
3409 1224 3550 1276 pra:-

1960 1291 2083 1342 dam
2105 1289 2338 1359 aliquam
2375 1293 2623 1346 studebat
2642 1293 2845 1349 habere
2875 1310 3068 1364 agnum
3095 1297 3318 1350 Christi.
3346 1297 3549 1353 Deinde

1962 1380 2224 1451 templum
2261 1382 2561 1453 ingreSSus,
2593 1395 2647 1440 et
2679 1386 2997 1441 truculentis
3026 1386 3247 1455 quidem
3278 1390 3457 1445 oculis
3490 1403 3546 1445 et

1963 1479 2346 1534 trueulentiore
2368 1481 2530 1534 etiam
2560 1482 3038 1553 spiritu,tanquam
3078 1486 3196 1555 ipso
3225 1487 3373 1539 vultu
3405 1485 3544 1555 ejus,

1961 1571 2050 1638 qui
2085 1571 2326 1634 miserat,
2348 1573 2660 1642 significans
2704 1577 2993 1642 stevitiam,
3029 1592 3088 1632 se
3137 1579 3430 1632 ostendens
3458 1578 3546 1644 iis,

1962 1662 2058 1730 qui
2095 1662 2350 1717 videbunt
2387 1684 2400 1718 :
2443 1674 2724 1735 postquam
2759 1668 2889 1721 vidit
2925 1668 3297 1724 Eleutherium
3326 1671 3545 1724 suavisv

1959 1751 2157 1804 simum
2196 1752 2456 1807 doctrinae
2493 1753 2754 1809 ﬂuentum
2800 1757 3235 1825 profundentem,
3275 1771 3331 1814 et
3377 1775 3545 1814 orna-

252 1838 345 1890 τὸν
388 1837 808 1891 ἀποστείλαντα
854 1836 1110 1906 οὐδαμῶς
1173 1837 1540 1908 ἀναστρέφειν
1576 1835 1846 1906 ὴγάπαθί

1966 1842 2172 1897 tissime
2225 1844 2480 1912 pietatem
2541 1848 2948 1901 annuntiantem
3009 1848 3098 1913 iis,
3165 1850 3257 1918 qui
3302 1864 3426 1904 cum
3479 1864 3547 1904 eo

253 1927 398 1990 θεῖος
431 1927 491 1979 δὲ
541 1925 889 1997 Ἐλευθέριος
912 1925 1404 1998 παρρησιάσασθαι
1432 1925 1532 1997 τὴν
1563 1925 1856 1979 εὐσέϐειαν

250 2017 743 2090 προθυμούμενος,
798 2017 1028 2090 πορείας
1061 2017 1226 2082 εὐθὺς
1271 2017 1472 2088 εἴχετο,
1521 2018 1618 2071 καὶ
1649 2017 1740 2071 τὸν
1760 2016 1855 2070 Φίο

251 2111 399 2182 ληκα
421 2112 807 2181 συνεπόμενον
838 2111 1002 2181 έχων.
1044 2111 1133 2174 Ὠς
1169 2109 1228 2163 δὲ
1263 2111 1405 2165 κατὰ
1424 2110 1523 2182 τὴν
1553 2110 1671 2164 ὁδὸν
1699 2109 1856 2166 ὕδατι

249 2205 614 2275 περιέτυχον,
668 2204 828 2267 ἀλλος
854 2195 1012 2267 οὗτος
1046 2202 1341 2274 Κανδάκης
1369 2204 1398 2256 ὁ
1420 2200 1588 2273 (biqu
1615 2203 1853 2270 γίνεται,

251 2298 348 2351 καὶ
367 2297 532 2368 παρὰ
555 2296 831 2350 Φιλίππου
861 2296 959 2350 τοῦ
994 2295 1142 2349 θείου
1194 2293 1538 2366 Ἐλευθερίου
1579 2292 1845 2366 βαπτίζε-

248 2403 362 2454 ται,
394 2388 504 2458 τὴν
535 2387 989 2458 είδωλολατρείαν
1019 2404 1081 2440 τε
1116 2387 1511 2444 ἀποϐάλλεται.

1961 1933 2345 1998 versabantur,
2379 1934 2466 1988 ille
2488 1935 2789 1990 mirandum
2820 1939 2873 1990 in
2903 1938 3118 1992 modum
3172 1939 3546 1994 admirabatur

1956 2021 2162 2077 Christi
2198 2023 2454 2078 virtutem
2489 2043 2503 2078 :
2535 2033 2588 2078 et
2612 2025 2798 2080 statim
2825 2039 3028 2080 mutata
3068 2029 3276 2082 stevitia
3346 2032 3365 2098 (
3395 2029 3546 2086 visus

1955 2123 2040 2169 est
2074 2115 2221 2168 enim
2262 2114 2464 2170 habere
2501 2117 2740 2171 animum
2778 2131 2967 2186 aptum
3015 2123 3082 2173 ad
3139 2121 3546 2189 suscipiendum

1954 2204 2160 2260 selnina
2189 2205 2455 2274 pietatis),
2485 2207 2544 2260 ίίι
2563 2207 2681 2262 ovis
2695 2223 2792 2276 pro
2821 2207 2963 2278 lupo,
2992 2218 3048 2262 et
3082 2225 3178 2279 pro
3199 2219 3548 2278 persecutore

1955 2295 2253 2364 discipulus
2286 2311 2302 2350 :
2333 2306 2387 2352 et
2409 2299 2652 2366 priorum
2699 2299 2864 2353 veluti
2900 2301 3120 2366 oblitus,
3167 2319 3272 2357 non
3317 2303 3456 2356 latro
3489 2309 3548 2357 et

1952 2396 2296 2456 persecutor,
2335 2391 2430 2443 sed
2461 2387 2688 2457 Christi,
2722 2405 2883 2459 quem
2912 2393 3365 2463 persequebatur,
3406 2395 3548 2449 ami-
3655 2439 3673 2461 .

251 2493 347 2537 eus
377 2490 437 2537 et
471 2482 779 2551 discipulus
810 2500 825 2537 :
860 2493 915 2536 et
946 2481 1178 2552 despicit
1211 2483 1424 2552 quidem
1459 2484 1631 2552 ipsum
1666 2483 2092 2552 imperatorem:
2126 2483 2372 2552 procedit
2435 2494 2619 2539 autem
2656 2490 2724 2540 ad
2783 2489 2948 2556 pedes
3012 2489 3220 2554 sancti,
3275 2501 3330 2545 et
3382 2489 3450 2544 ab
3478 2504 3546 2546 eo

257 2584 507 2646 tempore
535 2575 732 2631 lubens
749 2577 1071 2631 versabatur
1094 2591 1218 2631 cum
1245 2577 1528 2646 magistro,
1579 2576 1728 2630 illius
1768 2574 1948 2630 verbis
2009 2574 2368 2638 illuminatus,
2410 2585 2467 2630 et
2508 2575 2564 2630 in
2609 2577 2810 2646 pietate
2874 2577 3393 2650 conflrinatus._Sed
3461 2579 3543 2634 sic

249 2670 471 2738 quidem
497 2667 632 2723 fecit
657 2665 831 2732 Felix,
855 2678 911 2722 et
931 2681 1270 2737 nequaquam
1295 2667 1508 2721 curavit
1539 2667 1738 2720 reverti
1771 2664 1840 2719 ad
1881 2679 2031 2732 eum,
2099 2667 2189 2735 qui
2226 2667 2472 2722 miserat.
2507 2665 2625 2722 Non
2655 2679 2773 2724 erat
2799 2681 3004 2734 autem,
3039 2669 3090 2724 id
3118 2669 3261 2738 quod
3321 2670 3544 2726 videba-

253 2772 339 2818 tur
369 2762 723 2818 Eleutherio.
751 2761 1065 2818 Festinabat
1089 2763 1233 2818 enim
1275 2763 1343 2816 ad
1385 2759 1788 2822 confessionem
1824 2777 1839 2815 :
1878 2770 2107 2830 eratque
2170 2771 2422 2830 prompto
2450 2771 2507 2816 et
2569 2763 2738 2818 alacri
2771 2764 2954 2819 animo
2980 2766 3045 2818 ad
3078 2765 3334 2835 pietatem
3370 2765 3540 2822 libere

248 2855 746 2913 eﬂ'ereudamJter
769 2855 1180 2927 certeprotinus
1222 2863 1308 2911 est
1363 2855 1660 2926 ingressus,
1717 2853 1926 2910 habens
1989 2853 2154 2910 etiam
2219 2868 2278 2908 se
2329 2865 2646 2925 sequentem
2703 2854 2936 2910 Felicem
2970 2858 3184 2924 _ducem
3242 2861 3539 2916 exercitus.

247 2954 383 3009 Cum
439 2961 629 3008 autem
691 2954 834 3009 inter
881 2954 1138 3008 eumdum
1191 2951 1246 3007 in
1303 2966 1500 3022 aquam
1555 2949 1894 3018 incidissent,
1923 2951 1984 3005 lit
2014 2950 2104 3006 hic
2143 2949 2293 3006 Felix
2357 2951 2498 3006 alius
2557 2951 2836 3007 Candaces
2871 2968 2885 3003 :
2927 2960 2982 3006 et
3021 2967 3049 3005 a
3083 2952 3265 3008 divino
3288 2951 3543 3024 Philippo

246 3042 570 3114 baptizatur
595 3039 638 3109 ⁸,
691 3053 888 3112 nempe
957 3039 1310 3109 Eleutherio,
1390 3049 1448 3096 et
1525 3038 1846 3095 idololatriae
1907 3038 2143 3111 caligine
2173 3077 2190 3106 ,
2279 3049 2535 3111 tanquam
2614 3042 2835 3112 putrido
2915 3042 3100 3112 aliquo
3167 3043 3486 3100 indumento
3518 3085 3540 3116 ,

247 3135 495 3190 exuitur.

317 3226 401 3286 Γ.
443 3227 606 3282 Ἐπεὶ
632 3227 799 3283 δὲκαὶ
823 3227 922 3301 τὴν
955 3227 1180 3301 Ῥώμην
1207 3229 1533 3294 κατέλαϐον,
1555 3229 1722 3301 Φίληξ
1749 3228 1846 3301 μὲν

2021 3225 2118 3283 lii.
2143 3225 2438 3296 Postquam
2459 3239 2584 3281 vero
2613 3223 2810 3282 itinere
2840 3226 3092 3282 confecto
3113 3225 3342 3285 Romam
3377 3243 3542 3286 rene-

247 3323 358 3384 τοῐς
389 3322 456 3374 ἔν
525 3317 722 3391 Ῥώμῃ
778 3321 992 3384 πιστοῖς
1049 3320 1119 3375 τά
1174 3323 1317 3375 κατά
1367 3321 1459 3375 τὸν
1500 3319 1843 3390 Ἐλευθέριον

247 3412 624 3482 ἀπαγγέλλει,
694 3412 1036 3484 Ἐλευθέριον
1083 3413 1141 3468 δὲ
1186 3415 1216 3466 6
1245 3413 1499 3484 βασιλεὺς
1531 3413 1610 3483 τῷ
1647 3411 1842 3466 ἑαυτοῦ

247 3504 563 3574 παρίστησι
598 3501 806 3573 βήματι
828 3518 844 3536 ο
878 3503 940 3556 δν
977 3505 1078 3557 καὶ
1111 3502 1239 3557 ίδὼν
1288 3505 1407 3558 νέον
1432 3521 1492 3557 τε
1551 3503 1647 3557 καὶ
1682 3519 1842 3574 περι-

246 3596 452 3665 nui,
511 3595 613 3648 καὶ
656 3591 734 3664 τῷ
788 3595 890 3664 τῆς
921 3593 1127 3665 ἀρετῆς
1161 3593 1353 3666 κόσμῳ
1390 3594 1571 3665 ψυχὴν
1598 3593 1716 3664 ἃμα
1749 3593 1843 3648 καὶ

245 3687 575 3756 ὀφθαλμοὺς
613 3684 967 3754 ἀγλαῑζοντα,
1022 3683 1138 3738 ’Ίνα
1169 3685 1245 3750 τί,
1278 3688 1467 3755 φησὶν,
1513 3684 1840 3754 Ἐλευθέριε,

243 3779 346 3850 τὴν
367 3775 647 3848 πατρῴαν
671 3775 969 3847 θρησκείαν
991 3774 1298 3838 ἀπολιπὼν,
1318 3775 1508 3829 καινόν
1523 3791 1645 3828 τινα
1671 3789 1841 3844 πρεσ-

243 3869 430 3933 ϐεύεις
459 3867 626 3934 Θεὸν,
652 3869 746 3921 καὶ
775 3866 966 3921 τοῦτον
995 3866 1414 3936 ἐσταυρωμένον
1438 3882 1455 3932 ;
1501 3865 1841 3935 Ἐλευθέριος

242 3963 299 4017 ιι
321 3961 472 4034 πρὸς
492 3959 676 4024 οὕτως
699 3958 1070 4015 ἀσυνετοῦντα
1117 3959 1255 4030 μηδὲ
1293 3957 1694 4029 ἀποκρίνεσθαι
1747 3957 1839 4012 θέ-

244 4056 377 4120 λων,
410 4053 597 4116 ἀλλως
644 4068 704 4105 τε
734 4051 791 4105 δὲ
811 4052 905 4106 καὶ
927 4051 1072 4106 αὐτά
1087 4050 1153 4124 δὴ
1174 4053 1244 4105 τὰ
1263 4051 1358 4106 τοῦ
1380 4051 1617 4122 Χριστοῦ
1646 4053 1705 4105 ὲν
1727 4054 1840 4116 τοῖς

245 4148 388 4217 ὑπὲρ
433 4142 684 4217 Χριστοῦ
720 4143 1079 4214 μιμούμενος,
1137 4141 1359 4197 σιωπῶν
1399 4143 1650 4215 ἑστήκει.
1697 4142 1838 4198 Ἀλλ’

246 4239 549 4309 ἀπύκρινε,
581 4235 679 4289 καὶ
715 4231 873 4299 αὖθις
896 4237 925 4290 6
960 4235 1219 4306 βασιλεὺς
1245 4233 1372 4307 ἔφη,
1419 4235 1552 4306 περὶ
1582 4229 1660 4290 ὧν
1687 4236 1838 4306 ἠρωο

246 4329 449 4402 τήθης.
482 4322 624 4382 Εῐτα
653 4327 868 4396 καὶτῆς
904 4325 1132 4396 πικρίας
1171 4326 1356 4390 ὶνδοὺς
1377 4368 1394 4393 ,
1425 4325 1688 4397 Πείσθητί
1723 4341 1836 4396 μοι,

248 4422 437 4489 ἔλεγε,
497 4419 602 4472 καὶ
640 4419 756 4482 τοῖς
802 4418 1099 4489 ἀηττήτοις
1147 4417 1311 4473 θῦσον
1359 4417 1544 4482 θεοῖς·
1595 4418 1646 4472 εί
1675 4418 1720 4472 δ’
1749 4415 1835 4484 οὒ,

246 4511 502 4583 χει-λεπὶς
531 4508 722 4574 ἑπάξω
749 4526 832 4562 σοι
858 4509 1153 4582 τιμωρίας,
1176 4509 1486 4580 πειθομένῳ
1517 4509 1574 4563 δὲ
1605 4508 1705 4572 τὰς
1736 4525 1836 4579 με-

1956 3329 2113 3384 runt,
2136 3335 2166 3373 a
2203 3318 2452 3374 ﬁdelibus
2481 3317 2724 3386 quidem,
2758 3316 2850 3386 qui
2890 3327 3046 3373 erant
3085 3317 3288 3384 Romae,
3324 3319 3540 3388 agnitus

1951 3410 2230 3479 sigillatim
2279 3408 2346 3463 de
2382 3407 2700 3462 Eleutherio
2731 3407 2914 3460 omnia
2944 3408 3251 3462 annuntiat.
3281 3408 3540 3464 Eleutbeo

1953 3501 2099 3558 rium
2145 3511 2329 3557 autem
2357 3499 2544 3568 jussus
2591 3499 2936 3568 imperatoris
2980 3499 3279 3568 imperabat
3316 3500 3434 3555 sisti
3467 3499 3538 3555 ad

1954 3595 2096 3649 illius
2127 3591 2383 3648 tribunal.
2414 3590 2510 3645 ille
2542 3603 2670 3644 vero
2721 3599 2830 3643 tam
2864 3604 3058 3660 magno
3087 3600 3141 3644 et
3170 3591 3387 3646 excelso
3418 3591 3538 3645 ani-

1951 3699 2040 3740 mo
2083 3681 2409 3752 ingreditur,
2441 3695 2503 3735 ac
2529 3680 2574 3735 si
2619 3695 2724 3734 non
2758 3679 2824 3732 ad
2856 3679 3176 3744 certamina,
3215 3679 3308 3732 sed
3355 3679 3422 3732 ad
3453 3680 3538 3734 fe-

1951 3785 2097 3831 stum
2131 3781 2533 3828 accerseretur.
2590 3768 2764 3836 Quem
2809 3783 2933 3823 cum
2964 3771 3268 3839 aspexisset
3294 3770 3534 3840 impera-

1950 3877 2056 3931 tor,
2093 3873 2152 3918 ut
2190 3863 2325 3918 vidit
2352 3877 2475 3918 eum
2510 3875 2632 3916 esse
2679 3869 2736 3916 et
2760 3861 3016 3930 juvenem
3048 3869 3101 3914 et
3142 3859 3443 3916 formosum
3475 3868 3533 3918 et

1947 3954 2166 4010 virtutis
2221 3958 2544 4006 ornamento
2593 3955 2649 4003 et
2705 3949 2886 4001 animo
2926 3955 2982 4000 et
3026 3945 3197 4001 oculis
3219 3947 3478 4002 decorum
3508 3961 3533 4005 ε

1945 4046 2077 4109 Cur,
2123 4044 2319 4114 inquit,
2363 4056 2398 4098 o
2443 4040 2742 4105 Eleutheri,
2777 4039 2951 4108 patria
3003 4038 3193 4101 relicta
3245 4038 3530 4109 religione,

1946 4139 2169 4194 deorum
2216 4133 2419 4190 cultum
2469 4132 2622 4187 nihili
2672 4131 2904 4196 faciens,
2975 4145 3177 4184 novum
3239 4129 3529 4199 quemdam

1946 4231 2117 4286 Deum
2148 4227 2284 4283 colis
2315 4244 2332 4282 :
2373 4225 2527 4296 isque
2556 4239 2680 4280 cum
2711 4239 2818 4279 non
2845 4222 3022 4278 solum
3054 4223 3128 4278 sit
3168 4233 3354 4293 aperte
3384 4237 3532 4278 mor-

1945 4330 2094 4384 tuus,
2127 4319 2224 4375 sed
2257 4317 2424 4373 etiam
2475 4323 2704 4370 mortem
2751 4313 2984 4370 subierit
3043 4311 3411 4382 turpissimam
3444 4312 3469 4366 ἲ
3501 4331 3522 4366 s

1945 4408 2294 4465 Eleutherius
2317 4415 2499 4462 autem
2529 4405 2602 4469 ei,
2627 4403 2718 4472 qui
2755 4419 2814 4459 se
2845 4413 2952 4458 tam
2974 4403 3137 4459 stulte
3158 4403 3399 4474 gerebat,
3427 4417 3530 4458 nec

1921 4501 2383 4572 respondendum
2416 4499 2636 4569 quidem
2695 4510 2821 4552 esse
2864 4495 3183 4560 arbitratus,
3235 4505 3290 4549 et
3321 4494 3526 4564 alioqui

248 4606 448 4673 γίστας
481 4599 714 4670 παρέξω
740 4601 926 4671 τιμάς.
961 4601 1073 4654 Καὶ
1100 4601 1130 4655 6
1175 4599 1520 4670 Ἐλευθέριος
1546 4600 1833 4670 εύπαρῤηο

1951 4597 2122 4667 ipsum
2177 4591 2456 4650 Christum
2502 4591 2558 4646 in
2611 4589 2702 4655 iis,
2734 4602 2854 4656 quae
2899 4602 2997 4655 pro
3023 4585 3242 4642 Christo
3267 4599 3526 4654 passurus

251 4696 533 4756 σιάστως·
573 4691 684 4745 Καὶ
733 4692 849 4754 πῶς
921 4692 1009 4756 ἂν,
1047 4691 1178 4762 ἔφη,
1235 4690 1502 4756 τοιούτοις
1558 4691 1844 4762 λατρεύσω

255 4785 432 4849 Ouk,
462 4783 500 4851 ἢ
533 4781 669 4838 ἀλλο
710 4781 1026 4852 ἀνεχομένσιρ
1085 4781 1466 4853 συνθήσομαι;
1513 4781 1639 4844 Πῶς
1692 4780 1749 4834 δὲ
1777 4782 1841 4833 οὐ

257 4877 466 4947 μᾶλλον
500 4875 812 4945 ἀποστῆναι
837 4873 1045 4928 τούτων
1073 4874 1169 4930 καὶ⁷
1191 4875 1320 4944 ὑμῖν
1346 4871 1843 4944 συμϐουλεύσαιμι;

258 4966 628 5029 ἀπειθοῦντας
690 4965 748 5020 δὲ
797 4964 1058 5035 δακρύσω
1086 4963 1187 5033 τῆς
1235 4963 1516 5027 ἀπονοίας,
1579 4963 1676 5016 ὅτι
1699 4961 1844 5031 λόγῳ

258 5065 388 5132 πρὸς
415 5059 559 5115 Θεοῦ
591 5058 943 5130 τιμηθέντες,
983 5057 1156 5123 ξύλων
1197 5058 1294 5112 καὶ
1335 5056 1499 5111 λίθων
1523 5055 1843 5126 ἀτιμότεροι

211 5215 218 5226 ι
253 5152 665 5222 καθεστήκατε,
699 5147 858 5208 θεοὺς
886 5145 1062 5199 ταῦτα
1085 5145 1400 5215 ἡγούμενοι.
1433 5142 1528 5196 καὶ
1549 5141 1638 5195 τὸν
1665 5139 1840 5210 ἀληθῆ

208 5229 216 5240 ’
255 5243 382 5296 Θεὸν
405 5242 668 5314 ἀφρόνως
695 5237 1194 5308 ἀποστρεφόμενοι,
1234 5235 1294 5297 ὃς
1330 5235 1400 5288 τά
1433 5234 1612 5286 πάντα
1633 5232 1844 5302 ῥήματι

257 5337 628 5407 συνεστήσατο
657 5349 670 5361 ⁶
726 5333 825 5384 καὶ
865 5331 1018 5400 ἡμᾶς
1068 5328 1146 5394 δὲ,
1173 5327 1280 5380 τῶν
1329 5325 1496 5380 αὑτοῦ
1524 5324 1843 5393 κτισμάτων

255 5427 310 5479 si
328 5427 620 5482 κάλλιστόν
643 5441 705 5477 τε
742 5424 838 5477 καὶ
868 5421 1225 5489 τιμιώτατον,
1255 5421 1304 5472 εί
1329 5419 1424 5472 καὶ
1451 5417 1641 5486 ὥσπερ
1665 5418 1722 5469 ὲν
1747 5432 1842 5467 νυ-

256 5526 541 5597 κτομαχίᾳ,
568 5523 632 5576 τὸ
661 5519 830 5589 φίλον
883 5533 944 5567 τε
977 5514 1074 5568 καὶ
1105 5513 1362 5583 πολέμιον
1392 5511 1718 5580 ἀγνοοῦμεν,
1748 5509 1845 5585 καίί

259 5618 379 5688 πρὸς
404 5620 503 5686 μὲν
533 5618 634 5672 τὸν
693 5611 979 5684 ἡμέτερον
1037 5607 1316 5676 Δεσπότην
1367 5601 1842 5673 ἐκπολεμούμεθα,

299 5756 463 5813 ’Act.
501 5769 628 5812 vni.
724 5747 743 5776 ³
793 5742 935 5796 Luc.
975 5754 1090 5793 xxi.

1941 4699 2083 4752 erat,
2114 4686 2337 4742 imitans
2363 4682 2542 4739 stabat
2569 4691 2776 4736 tacens.
2807 4695 2828 4730 ι
2861 4676 2967 4732 Sed
3001 4679 3292 4746 responde,
3329 4691 3526 4730 rursus

1941 4779 2078 4836 dixit
2111 4779 2444 4846 imperator:
2484 4772 2586 4840 Qui
2611 4773 2693 4837 fit,
2719 4770 2864 4838 quod
2891 4780 2941 4823 te
2973 4777 3082 4828 tam
3112 4767 3315 4822 stolide
3337 4782 3519 4834 geras,

1938 4879 1994 4925 et
2023 4871 2078 4924 in
2107 4868 2255 4922 hunc
2278 4864 2711 4920 Christianorum
2738 4859 2943 4914 cultum
2974 4859 3224 4913 insanum
3260 4867 3313 4912 te
3339 4857 3524 4912 immi-

1937 4961 2080 5016 seris
2111 4959 2135 5012 ἲ
2173 4977 2194 5009 ι
2236 4955 2438 5012 Deinde
2472 4953 2809 5022 aliquantum
2841 4950 3124 5006 remittens
3155 4951 3221 5004 de
3249 4949 3522 5004 acerbita-

1939 5061 1996 5108 te
2023 5070 2039 5107 :
2069 5069 2087 5103 ι
2125 5047 2285 5114 Pare,
2317 5045 2510 5117 inquit,
2538 5044 2672 5099 mihi
2699 5051 2754 5097 et
2779 5041 2886 5097 diis
2915 5040 3132 5096 invictis
3161 5039 3426 5096 sacriﬁca.
3459 5039 3519 5096 Si

1944 5147 2091 5200 enim
2127 5154 2425 5212 persuasus
2464 5137 2827 5200 convertaris,
2875 5134 3110 5188 honores
3147 5133 3238 5188 tibi
3270 5136 3519 5204 praebebo

1943 5235 2210 5289 maximos
2245 5249 2258 5287 :
2295 5231 2379 5287 sin
2423 5237 2605 5284 autem
2637 5242 2742 5280 non
2772 5238 2982 5294 pareas,
3027 5224 3346 5292 gravissima
3383 5225 3520 5281 infe-

1942 5342 2058 5381 ram
2121 5324 2410 5393 supplicia.
2468 5317 2811 5374 Eleutherius
2868 5330 2997 5370 vero
3072 5314 3305 5371 Domino
3368 5317 3521 5370 invo-

1941 5431 2083 5484 cato,
2151 5419 2242 5485 qui
2293 5415 2426 5469 dixit
2455 5416 2493 5480 1:
2543 5409 2719 5464 Nolite
2777 5423 2898 5463 esse
2944 5408 3200 5473 solliciti,
3247 5408 3518 5475 quomodo

1941 5519 2034 5564 aut
2083 5509 2210 5578 quid
2264 5505 2652 5574 respondeatis.
2701 5500 2925 5554 Dabitur
2970 5499 3112 5553 enim
3144 5497 3316 5562 vobis,
3345 5499 3518 5565 inquit

1944 5600 2052 5666 ille,
2094 5596 2382 5668 sapientia,
2419 5593 2502 5647 cui
2557 5591 2734 5647 nullus
2792 5591 2988 5662 poterit
3033 5586 3519 5652 resistere':Quo—
