4108 6516
524 386 620 452 131
1813 371 2100 430 MENSIS
2133 372 2469 431 APRILIS.
3677 364 3785 430 I32

523 498 702 563 modo,
740 494 935 564 inquit,
969 500 1157 562 potero
1197 487 1468 542 sustinere
1510 481 1706 536 talibus
1740 481 1843 536 diis
1873 483 2099 546 servire,

2218 481 2332 538 τοὺς
2363 479 2418 532 δέ
2441 477 2658 546 ἀληθῶς
2688 473 2983 544 πολεμίους
3009 474 3134 538 τοὺς
3156 474 3244 528 δατ
3252 491 3422 542 μονοις
3468 480 3654 546 τιμαῖς
3690 481 3788 534 οε-

524 601 618 647 aut
659 590 753 644 alii
801 587 1088 640 sustinenti
1125 580 1393 636 assentiar
1421 575 1755 645 ‘IiQuomodo
1786 583 1962 626 autem
1988 588 2092 625 non

2218 570 2518 639 οαπεύομεν
2549 571 2643 622 καὶ
2665 567 2898 630 θυσίαις.
2931 566 3148 634 Ἔγωγε
3171 564 3262 618 οὖν
3288 566 3383 618 τοῦ
3411 567 3545 636 ἐμοῦ
3572 571 3786 624 Δεσπόο

527 684 698 752 tnagis
733 680 885 735 vobis
919 674 1280 731 cousuluerim
1313 673 1380 725 ab
1401 671 1478 725 eis
1511 668 1744 724 deficere
1781 684 1795 720 :
1823 676 1877 720 et
1915 665 1957 720 si
1987 679 2092 718 non

2218 679 2296 714 :ou
2332 661 2423 713 ἀεὶ
2477 658 2803 729 περιέχομαι
2869 674 2929 709 τε
2993 658 3088 709 καὶ
3150 656 3496 727 περιέξομαι,
3555 660 3788 728 ἀτιμίας

437 768 446 777 ’
522 748 786 844 parcatis,
818 777 1052 823 vestram
1084 763 1308 820 deﬂeam
1341 762 1658 824 amentiam,
1700 760 1841 829 quod
1889 757 2096 812 ratione

2218 753 2357 821 ὃμῶν
2388 750 2732 821 περιφρονῶν
2756 750 2850 802 καὶ
2873 749 3060 818 τιμὰς,
3094 749 3190 802 καὶ
3217 749 3276 800 τὸ
3307 748 3599 802 ἀποθανεῖν
3638 751 3787 824 ὑπὲρ

525 841 553 915 a
591 863 698 916 Dco
734 859 1012 924 honorari,
1042 857 1222 912 eﬂecli
1268 857 1398 910 estis
1441 854 1659 907 viliores
1687 851 1846 921 lignis
1876 860 1928 903 et
1959 850 2095 917 lapi-

2218 845 2442 918 Κριστοῦ
2474 844 2688 915 τρυφὴν
2711 844 2804 896 καὶ
2833 842 3156 910 ἀγαλλίασιν
3179 841 3346 906 ὅντως
3375 844 3703 914 ἡγούμενος.

523 957 701 1020 dibus,
727 957 862 1008 adeo
895 963 952 1007 ut
990 952 1104 1005 hzcc
1128 951 1257 1004 deos
1278 963 1400 1004 esse
1425 947 1628 1017 putetis
1658 963 1675 1003 :
1708 955 1763 1000 et
1793 961 1898 998 non
1931 945 2101 998 solum
2127 956 2273 1006 esse,
2319 943 2415 996 sed
2450 941 2614 994 etiam
2653 938 2788 992 bene
2857 951 2979 993 esse
3020 937 3346 992 existimetis
3377 955 3390 989 :
3461 938 3625 1008 idque
3655 953 3816 994 vero-

525 1049 635 1102 Deo
671 1046 880 1109 relicto,
918 1046 1006 1113 qui
1041 1044 1246 1096 ratione
1270 1041 1548 1094 constituit
1582 1038 1934 1093 universum?
2000 1036 2206 1092 leum
2279 1035 2424 1090 enim
2485 1043 2539 1088 et
2573 1042 2716 1086 terra
2769 1039 2894 1086 sunt
2958 1046 3092 1099 opus
3125 1047 3319 1085 manus
3360 1031 3528 1087 illius.
3576 1031 3786 1089 Sumus

524 1151 651 1190 vero
683 1152 780 1189 nos
802 1149 871 1189 ex
903 1134 987 1197 iis,
1019 1149 1140 1203 quae
1169 1135 1395 1198 creavit,
1430 1147 1563 1198 Opus
1596 1129 2017 1199 pulcherrimum
2043 1139 2096 1180 et
2137 1125 2622 1195 pretiosissimum:
2691 1123 2904 1177 etiamsi
2937 1132 3194 1192 tanquam
3263 1125 3319 1176 in
3347 1139 3520 1192 pugna
3557 1133 3788 1178 noctur-

525 1245 590 1280 na
653 1229 966 1295 ignoramus
1012 1225 1063 1278 id
1115 1225 1255 1292 quod
1297 1233 1379 1276 est
1421 1223 1654 1276 amicum
1688 1232 1744 1274 et
1810 1219 2051 1274 hestile:
2122 1227 2175 1270 et
2215 1217 2475 1272 adversus
2523 1223 2764 1268 nostrum
2808 1215 3022 1282 quidem
3071 1215 3356 1270 Dominum
3407 1215 3600 1270 bellum
3642 1217 3792 1287 geri-

523 1338 642 1376 mus
672 1338 686 1374 :
722 1337 814 1375 eos
842 1329 1041 1384 autem,
1072 1318 1161 1387 qui
1191 1327 1314 1371 smtt
1334 1331 1458 1370 vere
1484 1314 1652 1367 nostri
1682 1314 1885 1368 inimici
1913 1323 1967 1367 et
1993 1313 2176 1365 hostes
2198 1321 2250 1363 et
2285 1309 2581 1370 daemones,
2607 1307 2850 1376 inquam,
2888 1315 3128 1371 nostros,
3151 1322 3183 1360 ο
3211 1308 3499 1370 insaniam,
3531 1321 3791 1377 putamus

521 1433 644 1472 esse
676 1417 947 1477 dominos,
989 1423 1042 1467 et
1071 1427 1162 1466 eos
1195 1411 1490 1465 honoribus
1519 1410 1827 1464 extollimus
1849 1419 1901 1462 et
1930 1407 2236 1461 sacriticiis.
2281 1404 2396 1475 Ego
2467 1403 2630 1474 igitur
2664 1403 2893 1458 Domino
2930 1419 3051 1458 meo
3116 1404 3386 1465 adhaerco,
3457 1414 3510 1460 et
3567 1422 3794 1476 semper

522 1510 835 1572 adhaerebo,
872 1520 927 1564 et
959 1506 1179 1563 Christo
1211 1519 1329 1556 meo
1364 1504 1621 1567 serviani,
1654 1503 1976 1571 ignominias
2031 1511 2240 1556 vestras
2292 1509 2347 1556 et
2369 1501 2662 1570 ,honores,
2718 1509 2774 1555 et
2800 1501 2896 1555 has
2919 1501 3153 1569 pueriles
3179 1500 3354 1555 larvas
3373 1501 3787 1571 suppliciorum,

523 1604 810 1660 infantium
838 1617 959 1658 esse
986 1601 1170 1670 plagas
1190 1607 1467 1668 reputans.
1496 1595 1623 1651 Mihi
1653 1597 1818 1662 enim,
1882 1608 1938 1650 ut
1973 1613 2125 1650 meus
2198 1597 2335 1649 dixit
2365 1596 2552 1649 doctor
2588 1595 2805 1662 Paulus,
2845 1606 2989 1650 totus
3022 1599 3249 1650 mundus
3275 1607 3359 1650 est
3390 1598 3700 1663 cruciﬁxus,
3729 1607 3792 1654 cl

521 1718 625 1772 ego
657 1697 856 1753 mundo
882 1703 902 1733 ⁸
933 1713 948 1750 :
981 1705 1035 1751 et
1062 1695 1197 1749 mori
1232 1709 1327 1764 pro
1356 1694 1594 1756 Christo,
1625 1693 1834 1747 deliciae
1870 1693 1998 1745 mihi
2025 1702 2150 1746 sunt
2190 1703 2243 1745 ct
2272 1693 2590 1748 exsultatio.
2624 1709 2643 1743 ι

596 1792 688 1847 1V.
727 1791 806 1844 Ira
845 1789 1034 1857 plenus
1065 1801 1150 1856 pet
1185 1787 1299 1841 haec
1345 1787 1524 1839 evadit
1551 1786 1860 1853 imperator,
1896 1795 1948 1838 et
1980 1800 2103 1854 gra-

2278 1783 2352 1840 A'.
2389 1783 2576 1853 Θυμοῦ
2609 1783 2824 1855 πλήρης
2849 1786 2876 1836 ὁ
2909 1781 3163 1853 βασιλεὺς
3207 1783 3265 1834 ἐν
3303 1783 3517 1848 τούτοις
3547 1783 3789 1852 γίνεται,

530 1887 711 1941 batum
740 1883 891 1951 jubet
928 1880 1109 1934 afferri
1143 1894 1374 1941 :eueum,
1409 1887 1462 1931 et
1507 1877 1555 1931 ei
1605 1877 1834 1929 multum
1883 1876 2100 1944 quidem

2218 1878 2300 1930 (αἱ
2327 1875 2603 1946 κράϐατον
2639 1873 2927 1944 ἐνεχθῆναι
2969 1873 3181 1926 κελεύει
3206 1874 3465 1942 χαλκοῦν,
3501 1869 3562 1928 οῦ
3601 1877 3789 1929 κάτω-

529 1975 671 2044 ignis
705 1970 974 2026 substerni
1009 1986 1023 2024 :
1065 1983 1228 2038 supra
1281 1984 1402 2021 emn
1429 1979 1606 2020 autem
1642 1966 1839 2020 nudum
1887 1964 2102 2019 extendi

2218 1967 2296 2019 λεν
2323 1967 2422 2036 μὲν
2454 1964 2566 2034 πῦρ
2595 1966 3014 2034 ὑποστρωθῆναι
3043 1963 3202 2027 πολὺ,
3231 1964 3440 2018 ἄνωθεν
3469 1965 3526 2017 δὲ
3565 1983 3792 2036 γυμνω-

532 2066 814 2131 athletam,
848 2074 903 2116 et
933 2063 1014 2116 sic
1037 2073 1297 2131 perpetuo
1335 2059 1656 2128 deﬂagrare,
1685 2061 1856 2113 donec
1881 2059 2105 2114 omnino

2218 2060 2370 2112 ὶέντα
2406 2057 2731 2127 διαταθῆναι
2753 2057 2844 2110 τὸν
2873 2057 3134 2127 ἀθλητὴν,
3171 2057 3276 2121 ’ἐως
3304 2057 3369 2110 ἂν
3400 2059 3495 2126 καὶ
3523 2059 3602 2121 είς
3629 2059 3791 2122 τέλος

530 2155 816 2212 interierit.
880 2153 1174 2223 Postquam
1235 2167 1416 2205 auzetn
1465 2152 1578 2204 haec
1619 2154 1730 2205 cito
1775 2151 1913 2204 facta
1957 2159 2101 2216 sunt,

2218 2149 2499 2220 Βιαφθαρῇ.
2559 2149 2645 2211 Ὠς
2676 2147 2732 2229 δέ
2763 2149 2936 2201 ταῦτα
2962 2149 3157 2203 θᾶττον
3187 2150 3420 2217 ἐγίνετο,
3444 2150 3539 2203 καὶ
3576 2152 3602 2202 ὁ
3641 2150 3791 2220 μάρ-

537 2257 744 2316 martyr
782 2244 989 2299 insiluit
1031 2243 1083 2296 in
1135 2249 1419 2313 grabatum
1444 2280 1459 2308 ,
1495 2250 1549 2296 et
1585 2242 1823 2295 totus'in
1863 2251 1974 2294 toto
2008 2241 2106 2294 fuit

2218 2258 2300 2303 ιυς
2336 2241 2470 2302 ὅλως
2505 2241 2612 2310 ὅλῳ
2651 2238 2727 2309 τῷ
2765 2241 3023 2310 κραὸἀτῳ
3052 2241 3364 2310 ὲφήπλωτο,
3408 2241 3624 2295 οἱκατὰ
3652 2241 3790 2294 θέαν

444 2360 458 2376 -
508 2349 814 2393 extensus.
851 2336 1055 2390 Civitas
1093 2349 1221 2388 vero
1249 2348 1390 2403 aegre
1429 2333 1608 2387 ferens
1649 2332 1700 2385 id
1729 2332 1867 2400 quod
1904 2331 2104 2386 factum

2218 2333 2605 2401 iOpchév-rsg,
2665 2332 2880 2402 βαρέως
2939 2334 3260 2400 ἐνεγκόντες
3304 2334 3366 2387 τὸ
3409 2334 3654 2402 γεγονὸς,
3687 2334 3792 2397 εἰς

534 2430 700 2483 fuerat
733 2429 944 2498 (omnes
980 2427 1123 2481 enim
1168 2425 1282 2479 fere
1327 2433 1695 2479 convenerant
1727 2424 1789 2476 ad
1819 2433 2105 2493 spectat-u-

2218 2424 2466 2495 ὒμότητα
2497 2425 2800 2494 ἐλοιδόρουν
2833 2425 2924 2477 τὸν
2961 2424 3211 2492 βασιλέα,
3257 2425 3376 2478 Ἶνα
3409 2425 3486 2488 τί,
3515 2425 3791 2493 λέγοντες,

533 2522 665 2589 lum)
695 2519 1100 2590 exproprabant
1145 2519 1459 2586 imperatori
1496 2516 1866 2570 crudelitatem
1907 2533 1921 2569 :
1975 2515 2103 2576 Cur,

2218 2516 2345 2587 ὶνὴρ
2370 2517 2511 2570 οὕτω
2572 2519 2718 2586 γένει
2748 2535 2807 2570 τε
2836 2519 2931 2571 καὶ
2961 2518 3125 2587 σοφία
3172 2519 3556 2589 περίϐλεπτος,
3585 2513 3674 2571 οἶά
3701 2536 3796 2580 τις

534 2612 798 2674 dicentes,
825 2611 906 2663 vir
931 2611 1065 2664 adeo
1095 2609 1296 2674 clarus,
1325 2623 1631 2678 genereque
1659 2615 1713 2662 et
1736 2608 1999 2675 sapientia
2027 2609 2107 2658 in-

2218 2607 2314 2660 τῶν
2382 2608 2593 2677 ἀτίμων
2647 2609 2835 2671 κακῶς
2890 2609 3236 2673 ἁπόλλυται;
3283 2609 3415 2673 Θεὸς
3459 2609 3515 2661 δὲ
3577 2611 3796 2664 ἄνωθεν

533 2704 722 2774 signis,
750 2702 887 2755 male
911 2701 1072 2772 perit,
1105 2712 1361 2770 tanquam
1387 2700 1605 2754 infamis
1633 2700 1899 2769 quispiam
1920 2700 1943 2753 Ἰ
1966 2700 2107 2754 Deus

2218 2699 2536 2768 ἐπεκούφιζε
2560 2702 2659 2764 τὰς
2691 2701 2906 2766 ὀδύνας,
2945 2702 3041 2754 καὶ
3075 2701 3264 2771 ὥσπερ
3289 2701 3395 2754 τινὶ
3429 2701 3797 2772 μαλακῇ’πόᾳ

535 2806 717 2850 autem
786 2794 1028 2848 dolorem
1081 2793 1686 2862 allevabatesnperis:
1743 2803 1798 2848 et
1853 2805 2106 2861 tanquam

2218 2795 2302 2846 καὶ
2331 2793 2588 2865 δροσώδει
2629 2795 3062 2864 κατακείμενος,
3100 2794 3273 2856 οὕτως
3315 2796 3343 2847 ὁ
3371 2796 3580 2865 μάρτυς
3613 2795 3799 2846 εὐπα-

534 2889 767 2956 quodam
786 2900 909 2940 rore
941 2883 1316 2954 refrigeratus,
1349 2893 1404 2938 et
1434 2886 1484 2935 in
1515 2883 1659 2936 molli
1693 2883 1856 2937 herba
1882 2885 2105 2950 rttltans,

2218 2885 2316 2938 Ίῶν
2342 2881 2430 2955 ἦν.
2463 2888 2558 2939 Ὃν
2581 2890 2608 2940 ὁ
2632 2886 2899 2955 τύραννος
2918 2886 3175 2940 τεθνάναι
3206 2885 3514 2948 ὑπολαϐὼν,
3552 2885 3796 2954 ἀρθῆναι

539 2986 746 3047 ntartyr
768 2975 1041 3030 sentiebat
1065 2975 1412 3044 voluptatem.
1444 2972 1740 3042 Imperator
1758 2984 1934 3028 autern
1959 2986 2107 3044 post-

2218 2977 2298 3029 ιὸν
2326 2977 2535 3030 ἐκείνου
2565 2979 2760 3048 νεκρὸν
2779 2979 3054 3032 ἐκέλευεν.
3088 2979 3175 3041 Ὠς
3198 2979 3255 3031 δὲ
3281 2980 3378 3046 τῆς
3407 2979 3631 3050 σιδηρᾶς
3664 2977 3797 3031 κλὶο

536 3082 698 3139 quam
739 3067 902 3126 animi
957 3067 1161 3120 rabiem
1216 3075 1483 3120 tormento
1521 3065 1633 3132 jam
1677 3065 1809 3118 satis
1857 3065 2103 3131 lenierat,

2218 3085 2305 3136 νης
2339 3069 2552 3137 ἐκείνης
2586 3070 2829 3133 ἀναστὰς
2859 3073 2886 3124 ό
2928 3072 3166 3141 μάρτυς,
3205 3072 3424 3142 ἀπαθὴς
3474 3067 3544 3142 ῆν
3576 3072 3670 3125 καὶ
3693 3071 3800 3123 εὗ-

535 3159 854 3214 cxistimans
887 3173 1009 3214 eum
1037 3157 1147 3228 jam
1179 3172 1300 3212 esse
1330 3165 1618 3222 mortuum,
1649 3157 1797 3224 iubet
1829 3155 1973 3210 illinc
2002 3159 2104 3209 tol-

2218 3134 2400 3228 θυμός,
2431 3134 2665 3228 ’Υιίώσω
2696 3177 2778 3224 σε,
2796 3161 2823 3213 δ
2845 3134 2976 3224 Θεός
3005 3134 3131 3231 μου,
3155 3134 3193 3212 ό
3218 3134 3480 3225 Βασιλεύς
3498 3134 3633 3231 μου,
3661 3161 3796 3232 μεθ’

537 3249 572 3304 li
623 3249 765 3304 illius
817 3263 1034 3318 corpus.
1079 3247 1369 3316 Postquam
1401 3262 1430 3302 e
1462 3247 1601 3302 lecto
1657 3247 1834 3301 ferreo
1872 3247 2109 3300 surrexit

2218 3250 2398 3320 ἡδονῆς
2428 3251 2648 3320 ἔψαλλε,
2691 3254 2785 3306 καὶ
2815 3253 3017 3312 αίνέσω
3042 3255 3103 3306 τὸ
3129 3254 3303 3324 δνομά
3328 3270 3422 3306 σου
3443 3253 3533 3307 διὰ
3558 3253 3798 3317 παντός.

541 3354 768 3408 martyr,
805 3355 910 3395 non
945 3340 1118 3396 solum
1159 3338 1379 3402 illaasus,
1417 3337 1510 3391 sed
1541 3338 1702 3391 etiam
1741 3337 1893 3392 laetus
1921 3345 1973 3390 et
1999 3336 2111 3390 ala-

2218 3341 2373 3394 Ἑπεὶ
2433 3342 2490 3394 δέ
2547 3343 2638 3395 τὸν
2687 3343 2821 3398 Θεὸν
2881 3344 3025 3398 οὕτω
3063 3346 3302 3412 δοξάζων
3337 3346 3802 3418 θαρραλεώτερος

537 3449 675 3488 cer:
712 3426 978 3489 Extollam
1020 3442 1071 3486 te
1109 3432 1251 3486 Deus
1308 3447 1479 3498 mens,
1515 3429 1625 3484 Rex
1663 3445 1836 3490 meus.
1883 3429 2115 3484 canebat

2218 3432 2334 3503 ἑξῆς
2365 3433 2442 3504 τῷ
2472 3437 2721 3505 τυράννῳ
2755 3438 3022 3509 παρέξ-τη,
3051 3438 3253 3509 Βλέψον
3277 3442 3357 3502 εἰς
3382 3441 3501 3508 ἐμὲ,
3540 3437 3799 3510 βασιλεῦ,

539 3539 660 3578 cum
709 3525 925 3594 gaudio,
976 3531 1032 3578 et
1089 3521 1320 3576 laudabo
1369 3535 1563 3574 nomen
1613 3527 1762 3573 tuum
1831 3528 2114 3589 perpetuo.

2218 3524 2334 3594 ἔφη,
2369 3525 2436 3580 ὃν
2474 3527 2542 3579 σὺ
2579 3529 2752 3598 πυρὸς
2799 3528 2964 3598 ἔργον
3016 3530 3274 3599 γενέσθαι
3316 3531 3637 3601 νενόμικας,
3694 3531 3807 3583 καὶ

539 3614 797 3671 Laudabo
847 3615 1040 3681 Deum,
1095 3615 1185 3684 qui
1239 3612 1476 3666 laetiﬁcat
1513 3609 1856 3678 iuventutem
1912 3625 2111 3669 meam.

2218 3617 2374 3680 σύνες
2416 3619 2514 3688 μὲν
2546 3619 2638 3672 τὸν
2669 3621 2762 3674 ὑπ’
2798 3622 2933 3691 ἐμοῦ
2985 3623 3414 3693 κηρυττόμενον,
3441 3620 3703 3691 ἐπίγνωθι
3729 3621 3806 3674 δὲ

537 3707 802 3773 Quoniam
835 3708 1114 3778 generatio
1145 3714 1199 3761 et
1223 3704 1500 3775 generatio
1527 3703 1769 3758 laudabit
1802 3719 1966 3772 opera
1992 3713 2105 3769 tua,

2218 3710 2311 3762 καὶ
2337 3712 2445 3763 τῶν
2469 3711 2578 3765 σῶν
2605 3713 2745 3768 θεῶν
2770 3714 2868 3785 τὴν
2893 3716 3198 3771 ἀσθένειαν.

534 3813 588 3858 et
614 3803 906 3872 potentiam
952 3812 1098 3864 tuam
1164 3798 1588 3863 anmtntiabunt,
1643 3805 1699 3851 et
1766 3799 2028 3852 miracula
2100 3809 2188 3854 tua
2251 3805 2608 3860 narrabunt'.
2639 3805 2930 3876 Postquam
2987 3824 3116 3864 vero
3161 3809 3272 3864 Deo
3333 3809 3412 3866 sic
3469 3809 3801 3881 glorifii-ato,

537 3895 796 3951 audacius
851 3893 1112 3961 deinceps
1159 3893 1331 3946 astitit
1379 3900 1504 3944 ante
1557 3898 1844 3962 tyrannum
1888 3906 1904 3944 :
1964 3891 2160 3962 Aspice
2212 3895 2279 3949 ad
2339 3912 2444 3962 me,
2497 3899 2606 3966 ait,
2671 3915 2706 3955 ο
2762 3901 3092 3971 imperator,
3142 3917 3301 3972 quem
3355 3913 3407 3956 tu
3466 3905 3804 3969 existimatu

538 3996 607 4050 ab
631 3995 752 4063 igne
779 3988 1143 4052 exedendum,
1170 3996 1227 4043 et
1247 3987 1486 4056 intelligo
1546 4001 1691 4052 eum,
1757 3988 1850 4054 qui
1911 4002 2048 4042 ame
2100 3989 2452 4057 praedicatur.
2505 3995 2754 4066 Agnosee
2795 4008 2976 4050 autem
3029 4004 3240 4050 tuorum
3299 4012 3512 4068 quoque
3567 4001 3802 4059 deorum

543 4082 992 4138 imbecillitatem.

493 5856 514 5883 l

616 4175 681 4230 ν.
734 4171 888 4226 Hanc
933 4170 1216 4225 audaciam
1258 4179 1313 4224 et
1355 4170 1565 4224 dicendi
1600 4169 1927 4237 libertatem,
1960 4186 2113 4226 suam

543 4279 665 4321 esse
693 4261 1076 4318 contumeliam
1104 4261 1396 4330 imperator
1418 4261 1730 4321 arbitratus,
1753 4271 1807 4316 et
1835 4275 1894 4316 se
1915 4263 2116 4316 victum

2295 4172 2372 4229 E'.
2416 4175 2473 4228 Ὀ
2501 4173 2560 4228 δὲ
2589 4175 2872 4245 τύραννος,
2902 4175 3133 4245 νομίσας
3176 4175 3495 4245 ὑϐρίζεσθαι
3529 4182 3596 4250 τῇ
3647 4184 3806 4252 παρο

2226 4265 2394 4336 ῥησίᾳ
2419 4263 2510 4316 τοῦ
2538 4263 2835 4334 μάρτυρος,
2876 4266 2970 4317 καὶ
3002 4265 3309 4336 ἡττηθῆναι
3337 4266 3498 4332 δόξας
3529 4271 3604 4342 τῷ
3631 4288 3803 4342 περι-

547 4366 667 4406 esse
695 4351 968 4420 opinatus,
1003 4350 1146 4418 quod
1189 4358 1652 4415 contemneretur,
1699 4350 2018 4421 supplicium
2052 4365 2115 4407 eo

2225 4357 2478 4426 φρονητῷ
2504 4355 2601 4425 τῆς
2632 4355 2927 4421 κολάσεως,
2957 4358 3182 4427 μείζονα
3208 4359 3413 4430 ταύτης
3440 4363 3534 4415 καὶ
3562 4364 3804 4436 σφοδρο-

544 4445 819 4512 excogitat
865 4442 1043 4512 majus
1081 4449 1135 4495 et
1190 4441 1586 4496 vehementius.
1634 4443 1845 4498 Rursus
1893 4459 2023 4512 ergo
2063 4446 2114 4499 in

550 4535 729 4590 medio
789 4534 1108 4604 proponitur
1159 4534 1439 4601 craticula,
1488 4535 1610 4605 igne
1658 4537 1874 4607 quidem
1927 4539 2118 4593 subtus

545 4637 779 4680 accenso
811 4641 826 4679 :
855 4623 976 4679 oleo
1013 4632 1194 4680 autem
1227 4625 1459 4695 desuper
1489 4640 1731 4694 aspersa,
1763 4636 1819 4682 et
1843 4626 2116 4681 ﬂatnmam

545 4715 786 4786 graviter
818 4716 1140 4772 accendens.
1177 4715 1282 4772 Sed
1313 4729 1380 4770 ne
1409 4727 1538 4771 tunc
1570 4717 1788 4786 quidem
1819 4720 1990 4789 gratia
2023 4732 2119 4772 ne-

547 4808 716 4878 glexit
757 4815 1051 4878 martyrem
1082 4824 1096 4862 :
1146 4809 1241 4863 sed
1273 4808 1600 4880 simulatque
1633 4809 1728 4864 fuit
1755 4811 1870 4880 ipse
1895 4811 2117 4880 illtpOai-

549 4909 638 4954 tus
667 4899 958 4965 craticula,
980 4901 1118 4968 ignis
1142 4903 1324 4956 statim
1360 4902 1460 4957 fuit
1499 4903 1822 4968 exstinctus,
1845 4911 1899 4956 et
1925 4903 2117 4957 carbo—

549 5004 645 5044 nes
693 5001 1126 5046 emarcuerunt:
1173 4993 1431 5048 craticula
1494 5009 1646 5057 vero,
1702 5003 1955 5063 tauquam
2009 5007 2114 5048 n0u

547 5083 750 5151 oleum,
787 5087 879 5140 sed
909 5101 1045 5156 aqua
1076 5084 1255 5152 potius
1280 5084 1513 5155 desuper
1541 5086 1710 5141 fuisse
1745 5084 1942 5151 infusa,
2000 5085 2115 5153 ipsa

547 5189 764 5243 quoque
817 5185 935 5231 erat
966 5177 1178 5245 frigida,
1211 5187 1456 5232 sanctum
1493 5190 1825 5231 conservans
1865 5177 2112 5230 illzesum.

545 5265 685 5332 Quid
711 5268 881 5322 vero?
910 5283 1032 5324 cum
1059 5271 1212 5324 hisne
1231 5269 1704 5324 fuitexstinctaira
1732 5269 2118 5336 imperatoris?

541 5357 896 5428 Nequaquam
932 5376 944 5412 :
988 5362 1081 5414 sed
1120 5362 1267 5416 rabie
1300 5362 1466 5415 semel
1519 5360 1779 5428 percitus,
1816 5368 1871 5412 et
1908 5360 1972 5411 ad
2010 5361 2112 5412 alia

544 5451 764 5520 quidem
823 5452 991 5506 nihilo
1042 5453 1235 5507 melius
1273 5453 1516 5517 affectus,
1553 5462 1718 5522 quam
1749 5466 1925 5506 caecus
1969 5469 1984 5506 :
2047 5453 2112 5504 ad

547 5541 651 5596 hoc
682 5553 861 5597 autem
895 5545 1067 5599 solum
1094 5546 1334 5607 intuens,
1357 5557 1412 5600 ut
1442 5549 1545 5603 diis
1577 5550 1688 5601 suis
1718 5549 2115 5618 gratificaretur

549 5629 603 5686 in
627 5644 814 5688 sancto
842 5638 1132 5704 puniendo,
1163 5639 1253 5707 qui
1279 5640 1498 5706 quidem
1525 5651 1647 5695 sunt
1670 5641 2112 5695 omninodzemo-

619 5765 838 5822 ‘Galat.
873 5786 949 5824 vt.
1026 5775 1045 5804 ⁸
1079 5773 1217 5828 Psal.
1246 5789 1424 5830 σχειν.

2217 4450 2385 4518 τέραν
2407 4449 2631 4501 ἐπινοεῖ.
2703 4447 2946 4518 Ἐσχάρα
2991 4448 3122 4515 γοῦν
3168 4451 3228 4502 ἐν
3276 4452 3426 4522 μέσῳ
3453 4455 3800 4524 προτίθεται,

2219 4540 2353 4610 πυρὶ
2386 4539 2487 4608 μὲν
2521 4537 2770 4593 κάτωθεν
2822 4539 3208 4612 διακαιομένη.
3256 4542 3424 4616 ἐλαίῳ
3469 4545 3526 4598 δέ
3581 4547 3801 4603 ἄνωθεν

2214 4628 2636 4700 διαόρεχομένη,
2684 4631 2782 4684 καὶ
2833 4631 2932 4702 τὴν
2971 4633 3144 4703 φλόγα
3205 4635 3397 4700 δεινῶς
3457 4638 3795 4704 ἐξάπτουσα.

2219 4720 2364 4786 Πλὴν
2419 4721 2540 4775 οὐδὲ
2592 4720 2714 4774 τότε
2740 4721 2838 4776 τοῦ
2870 4725 3151 4796 μάρτυρος
3199 4729 3232 4796 ἡ
3265 4727 3426 4799 χάρις
3457 4731 3650 4798 ἠμέλει
3671 4748 3685 4763 ο
3716 4733 3798 4798 ὡς

2218 4813 2326 4883 γὰρ
2355 4813 2641 4867 ἐπετίθετο
2663 4817 2728 4884 τῇ
2765 4816 3000 4887 ἐσχάρᾳ,
3018 4818 3080 4870 τὸ
3098 4818 3210 4888 πῦρ
3239 4819 3445 4885 εὐθέως
3481 4823 3797 4893 ἐσϐέννυτο,

2219 4904 2314 4956 καὶ
2343 4906 2392 4957 οἱ
2420 4905 2694 4974 ἄνθρακες
2719 4909 3119 4978 ἐμαραίνοντο·
3149 4912 3181 4982 ή
3217 4912 3426 4984 ἐσχάρα
3465 4913 3546 4977 δέ,
3581 4915 3657 4979 ὡς
3691 4916 3800 4970 οὐκ

2218 4993 2399 5046 ἐλαίου
2427 4995 2628 5063 μᾶλλον
2666 4997 2783 5051 ἀλλ’
2839 4998 3031 5062 ὓδατος
3067 5003 3446 5072 ἐπιχεομένου,
3479 5005 3661 5076 ψυχρᾶ
3700 5011 3798 5061 καὶ

2217 5085 2355 5157 αὑτὴ
2405 5082 2493 5156 ἦν,
2535 5089 2722 5142 κακῶν
2750 5091 2938 5161 ἅπαθῆ
2974 5092 3307 5164 διατηροῦσα
3363 5096 3456 5149 τὸν
3498 5097 3673 5162 ἅγιον.
3727 5100 3798 5153 Τί

2215 5174 2275 5228 δέ
2301 5192 2316 5241 ;
2355 5176 2681 5230 συνέσὸεστο
2711 5183 2918 5241 τούτοις
2960 5181 3067 5249 ἄρα
3097 5183 3188 5233 καὶ
3215 5184 3244 5234 ὀ
3274 5183 3365 5236 τοῦ
3400 5184 3664 5254 βασιλέως
3693 5187 3791 5240 θυ-

2219 5267 2353 5336 μός;
2420 5268 2732 5336 Οὺμενοῦνο
2810 5269 2968 5331 αὖθις
3020 5273 3128 5342 γὰρ
3195 5275 3483 5346 ἐνεχθῆναι
3554 5282 3794 5346 τήγανον

2217 5360 2568 5428 προστάττει,
2626 5361 2795 5429 κηρόν
2851 5378 2906 5413 τε
2958 5364 3050 5415 καὶ
3104 5366 3325 5431 πίσσαν,
3387 5371 3480 5420 καὶ
3537 5369 3702 5440 στέαρ
3739 5372 3794 5422 ἐν

2217 5451 2366 5522 αὐτῷ
2396 5450 2756 5522 ἐμϐληθῆναι,
2785 5455 2918 5522 πυρὶ
2939 5454 2995 5506 δὲ
3021 5457 3202 5526 πολλῴ
3238 5460 3502 5529 ἐκκαῆναι
3522 5462 3788 5525 κάτωθεν,

2218 5547 2309 5598 καὶ
2349 5545 2522 5610 οὕτως
2555 5547 2612 5597 ἐν
2647 5546 2795 5614 αὐτῷ
2823 5548 2987 5599 πάλιν
3033 5549 3352 5619 διαταθῆναι
3389 5555 3476 5605 τὸν
3511 5556 3787 5624 μάρτυρα,

2229 5638 2313 5700 Ὠ,
2341 5638 2434 5692 οὖν
2471 5639 2628 5707 ἔργον
2669 5637 2861 5707 γέγονε
2892 5640 2951 5691 τὸ
2992 5644 3442 5713 κεκελευσμένον,
3474 5662 3564 5696 και
3599 5645 3658 5696 τὸ
3691 5645 3789 5708 τή-
