4108 6446
279 349 385 415 133

1489 351 1662 412 VlTA
1699 353 1762 411 S.
1799 350 2304 414 ELEUTHERII.

3433 365 3538 433 134

272 485 443 540 γανον
482 467 605 521 ὅλον
638 462 992 536 ἀνθρακῶδες
1040 460 1128 536 ἦν,
1168 464 1353 526 ἵστατο
1386 464 1442 518 δὲ
1473 463 1570 516 καὶ
1593 465 1621 518 ὁ
1655 464 1868 536 μάρτυς

1973 480 2071 524 nes
2105 468 2414 539 homicidae,
2454 485 2646 527 rursus
2670 470 2826 539 jubet
2857 471 3044 530 atl'erri
3081 479 3432 551 sartaginem,
3465 499 3558 541 ce-

268 563 372 631 τὴν
409 557 691 630 τιμωρίαν
713 555 1132 624 ύπνιδεξόμενος,
1166 555 1193 606 ὁ
1229 553 1492 624 τύραννος
1522 554 1692 607 πολλὰ
1719 571 1861 626 παρ-

272 652 501 712 αινὲσας
531 646 705 716 αὐτῷ,
739 645 1018 706 ποικίλαις
1041 661 1097 696 τε
1127 643 1416 706 κολακίαις
1449 643 1719 710 ὑπελθὼν,
1745 645 1868 698 ἐπεὶ

270 741 618 799 ἀπειθοῦντα
652 740 820 809 ἑώρα,
850 737 944 788 καὶ
968 737 1067 798 τὰς
1109 735 1365 796 κολακία,;
1395 735 1668 804 εὐστόχως
1706 735 1868 806 ὕϐρε-

274 852 357 886 σιν
391 831 770 900 άμειϐὁμενον
808 827 1014 899 (λύκον
1041 827 1148 896 γὰρ
1201 828 1494 898 ’Δραϐοκδν
1525 825 1713 879 τοῦτον
1742 827 1871 881 ἐκά-

272 927 375 986 λει,
408 924 504 976 ἆτε
541 924 653 984 τοῖς
687 921 781 974 τοῦ
806 921 1046 990 Χριστοῦ
1077 921 1369 992 προϐάτοις
1402 919 1868 988 ἐπιϐουλεύοντα),

272 1015 348 1083 τῷ
385 1015 614 1084 τηγάνῳ
637 1014 803 1066 αὑτὸν
835 1013 1048 1066 κελεύει
1075 1013 1417 1083 διαταθῆναι.
1475 1010 1652 1074 Εὐθὺς
1683 1007 1777 1065 οὖν
1802 1013 1870 1066 τὰ

272 1108 411 1158 αὐτὰ
443 1109 563 1170 τοῖς
596 1107 884 1176 προτέροις
921 1105 1301 1176 ἐπηκολούθει,
1336 1108 1432 1158 καὶ
1463 1105 1866 1175 μεταϐάλλεται

275 1203 375 1267 μὲν
408 1200 488 1260 si;
521 1198 717 1268 δρόσον
749 1198 810 1248 τὸ
833 1197 968 1269 πῦρ,
1002 1196 1144 1269 αὖρα
1178 1197 1233 1251 δέ
1270 1215 1356 1261 τις
1406 1197 1598 1268 ἡδίστη
1624 1197 1717 1250 τὸν
1746 1214 1871 1266 γεν-

274 1295 429 1342 ναῖον
457 1287 764 1356 ἀνέψυχεν.

1969 575 2199 631 ramque
2227 571 2280 616 et
2321 563 2519 631 picem,
2565 574 2621 620 et
2653 565 2866 635 adipem
2902 567 2953 622 in
2987 583 3106 623 eam
3160 571 3334 640 injic’,
3377 577 3550 631 multo

1969 667 2098 705 vero
2125 654 2246 720 igne
2275 655 2466 708 subtns
2493 657 2740 722 accendi,
2764 667 2818 712 et
2845 659 2998 712 sicin
3019 675 3080 714 ea
3113 677 3300 718 rursus
3332 669 3552 721 extendi
3625 728 3632 734 _

1973 752 2292 814 martyrem.
2335 745 2624 816 Postquam
2659 763 2789 818 ergo
2821 749 3022 805 factum
3055 753 3179 818 fuit,
3208 759 3349 824 quod
3374 757 3558 811 fuerat

1969 833 2322 905 imperatum,
2366 848 2422 893 et
2478 850 2703 910 sartago
2742 852 2850 896 tota
2907 857 3028 899 erat
3077 849 3364 903 candens:
3404 851 3557 905 stetit

1967 935 2152 980 autem
2201 941 2409 1001 martyr
2455 947 2672 1002 quoque
2720 936 2998 990 subiturus
3060 939 3428 1008 supplicium:
3477 941 3558 998 Ne

1967 1016 2208 1082 dill'eras,
2243 1018 2418 1088 inquit
2469 1022 2787 1090 imperator,
2833 1039 2867 1078 ο
2918 1023 3218 1092 Eleutheri,
3251 1041 3367 1085 Stas
3406 1033 3553 1086 enim

1971 1110 2180 1164 medius
2213 1112 2357 1166 inter
2387 1125 2618 1168 mortem
2676 1125 2728 1170 ct
2771 1119 2958 1183 vitam,
2991 1135 3118 1173 cura
3165 1122 3214 1174 id
3263 1125 3408 1192 quod
3459 1124 3554 1180 tibi

1969 1198 2210 1255 futurum
2244 1212 2328 1257 est
2357 1206 2717 1261 conducibile.
2747 1207 2878 1262 Nam
2917 1226 3018 1279 ego
3049 1213 3264 1280 quidem
3303 1231 3582 1285 magnam.

1970 1293 2046 1344 tui
2080 1308 2264 1347 curam
2309 1313 2527 1365 gerens,
2565 1315 2627 1350 ne
2661 1300 2804 1353 male
2831 1318 3042 1370 pereas,
3081 1305 3130 1358 in
3176 1313 3228 1359 te
3266 1323 3386 1361 sum
3418 1307 3555 1360 ειπε-

273 1393 414 1442 t‘ttts,
454 1391 719 1449 tanquam
754 1381 804 1431 in
837 1393 1152 1448 germanqu
1177 1375 1342 1432 lilium
1375 1393 1390 1430 :
1429 1392 1525 1432 nec
1553 1376 1744 1433 vellem
1810 1393 1905 1445 per
1943 1379 2094 1446 deos,
2130 1386 2303 1439 virum
2330 1397 2436 1440 tam
2476 1390 2641 1442 nobili
2685 1391 2804 1446 loco
2836 1403 3048 1458 natum,
3086 1405 3140 1448 et
3175 1397 3266 1463 qui
3295 1406 3380 1452 est
3441 1398 3557 1466 ipse

276 1479 411 1528 aleo
447 1481 648 1538 bonus,
695 1485 799 1526 tam
834 1474 1067 1527 disertus
1093 1513 1106 1535 ,
1151 1481 1201 1526 et
1248 1481 1354 1524 tam
1407 1472 1626 1542 pulihra
1672 1473 1871 1540 spei-ie,
1914 1475 2157 1542 seipSnm
2231 1479 2628 1536 inconsiderate
2659 1485 2880 1553 injicere
2943 1490 2992 1542 in
3025 1490 3323 1556 periculum
3355 1508 3370 1546 :
3398 1493 3559 1558 idque

275 1583 504 1638 propter
537 1569 675 1622 nihil
705 1569 1028 1637 aliudquam
1059 1565 1648 1636 propterpervieariam
1712 1581 1902 1622 vanam
1944 1584 1997 1625 et
2033 1573 2298 1628 inutilem.
2363 1575 2852 1644 Postquamautem
2886 1585 3036 1637 stetit
3059 1593 3267 1653 martyr
3298 1587 3560 1640 adversus
3630 1654 3634 1659 I

282 1670 395 1722 hu.
436 1681 706 1736 spumoso
752 1666 1060 1726 decertans,
1103 1675 1226 1732 apte
1271 1665 1483 1732 probris
1518 1679 1876 1720 remunerans
1913 1668 2224 1734 blanditias,
2293 1681 2347 1724 et
2390 1672 2536 1725 illum
2614 1673 2798 1742 lupum
2846 1679 3124 1746 appellans
3154 1681 3470 1750 Arabicum,
3499 1691 3560 1735 ut

274 1763 365 1831 qui
431 1760 631 1811 ovibus
675 1756 878 1812 Christi
913 1757 1220 1822 insidietur,
1255 1758 1469 1811 tandem
1511 1757 1624 1812 haec
1691 1773 1908 1828 quoque
1949 1762 2144 1829 adjecit
2173 1778 2187 1815 :
2213 1763 2483 1833 Quidquid
2553 1765 2768 1835 feceris,
2790 1784 2894 1823 non
2930 1771 3060 1826 mihi
3095 1776 3469 1847 persuadebis,
3499 1785 3562 1832 ut

275 1856 344 1909 ab
379 1855 484 1907 hac
518 1855 605 1923 pia
633 1863 688 1906 et
713 1853 866 1906 beata
897 1852 1150 1904 desistam
1179 1853 1504 1907 Constantia.

343 1945 440 2015 (Γ.
489 1943 772 2015 Ἀδρια.δς
824 1941 880 1995 δὲ
929 1944 1147 1996 πάντων
1190 1943 1340 2013 αὐτῷ
1397 1945 1530 2016 πρὸς
1561 1945 1873 2001 τούναντίον
1907 1951 1948 2009 Β

275 2038 732 2110 μεθισταμένων,
796 2036 1020 2105 ἀπορῶν
1057 2036 1312 2106 ἐκάθητο,
1356 2036 1549 2109 βαθείᾳ
1597 2039 1743 2112 λύπῃ
1771 2040 1871 2111 τὴν

273 2133 532 2198 γλῶτταν
575 2129 958 2198 πεπεδημένος
979 2147 991 2159 ·
1021 2128 1081 2180 ὃν
1135 2129 1260 2182 ἰδὼν
1299 2128 1470 2193 οὕτως
1501 2132 1697 2201 ἔχοντα.
1728 2134 1755 2186 ὁ
1777 2149 1872 2202 τη-

273 2221 509 2275 Viuit:
545 2222 645 2289 τῆς
685 2221 893 2282 πόλεως
913 2219 1178 2290 ἔπαρχος,
1211 2221 1477 2292 Κορέμων
1501 2223 1648 2292 αὐτῷ
1678 2223 1867 2295 ὄνομα,

274 2316 446 2376 δεινὸς
475 2314 534 2366 δὲ
569 2310 729 2376 οῧτος
772 2311 1042 2382 βασάνους
1077 2313 1322 2384 ἐξευρεῖν
1357 2316 1701 2386 καινοτέρας.
1733 2318 1870 2370 ἀλλὰ

277 2408 369 2461 καὶ
400 2409 468 2460 τά
523 2407 670 2458 κατὰ
726 2407 819 2458 τὸν
849 2407 1228 2476 στρατηλάτην
1287 2406 1499 2476 Φίληκα
1530 2409 1738 2479 μαθὼν,
1777 2413 1871 2464 καὶ

278 2499 378 2568 ήδη
404 2498 507 2567 μὲν
535 2497 831 2566 σπέρματα
863 2498 961 2567 τῆς
994 2498 1100 2550 τῶν
1134 2499 1480 2568 Χριστιανῶν
1531 2501 1767 2564 πίστεως
1791 2504 1872 2564 είς

278 2591 508 2659 καρδίαν
533 2590 853 2658 δεξάμενος,
887 2588 968 2642 ἔτι
990 2589 1046 2643 δὲ
1079 2588 1188 2642 τῶν
1224 2590 1561 2660 Ἑλληνικῶν
1590 2594 1868 2662 ἐχόμενος,

277 2685 370 2735 καὶ
425 2681 505 2753 τῷ
566 2681 778 2752 βασιλεῖ
837 2679 1242 2752 χαριζόμενος·
1309 2677 1468 2744 οὗτος
1526 2684 1589 2753 δὴ
1626 2686 1746 2736 τότε
1779 2691 1870 2738 τον

288 2774 572 2842 Ἀἰριανὸδ
592 2771 962 2842 διαποροῦντα
995 2774 1162 2842 ὁρῶν,
1192 2773 1511 2845 προσελθών
1546 2791 1560 2804 ⁸
1614 2775 1755 2843 Ἐγώ
1786 2792 1866 2842 σε,

278 2872 437 2938 φησι,
495 2865 750 2936 βασιλεύ,
792 2865 1091 2930 ἀπαλλάξω
1120 2867 1488 2937 πραγμάτων,
1531 2869 1624 2920 καὶ
1658 2867 1871 2920 τουτονὶ

275 2961 366 3010 τὸν
392 2961 514 3009 νέον
544 2956 743 3020 διδάξω
773 2956 864 3009 τὸν
897 2956 1232 3010 ἀπειθοῦντά
1260 2974 1342 3010 σοι
1368 2959 1442 3028 μὴ
1463 2958 1722 3021 τοιούτοις
1745 2960 1870 3011 ἑπι-

276 3055 505 3120 χειρείν,
555 3050 692 3102 ἀλλὰ
728 3051 820 3102 καὶ
852 3048 1106 3112 κλίϐανος
1165 3051 1263 3119 μὲν
1302 3051 1580 3120 ὲνεχθήτω
1610 3050 1867 3120 χαλκοῦς,

274 3142 552 3194 ὀϐελίσκοι
589 3141 646 3194 δὲ
673 3141 810 3206 ὀξεῖς
842 3139 926 3208 ἐφ’
948 3140 1192 3210 ἑκάτερα
1216 3139 1326 3193 τῶν
1357 3141 1539 3212 μερῶν
1577 3141 1746 3194 αὑτοῦ
1773 3145 1872 3212 ἑμ-

275 3238 645 3303 πατήτωσαν,
688 3237 779 3287 καὶ
837 3232 958 3303 ὕψει
1011 3233 1134 3287 ὅσον
1200 3231 1355 3287 ούπω
1391 3234 1484 3287 τὸν
1531 3235 1866 3304 Ἐλευθέριον

272 3328 304 3395 ἦ
345 3325 676 3394 πειθόμενον
701 3325 733 3394 ἢ
759 3326 942 3387 κακῶς
966 3324 1364 3395 ἀπολλύμενον.
1397 3325 1586 3380 Ταῦτα
1615 3327 1670 3379 δὲ
1695 3327 1867 3396 λέγων

274 3419 549 3472 ἐλάνθανε
589 3419 683 3470 τὸν
727 3418 915 3470 λέοντα
966 3418 1153 3488 φοϐεῖν
1196 3419 1446 3486 καλάμου
1493 3419 1729 3489 πληγαῖς
1764 3421 1872 3474 οἰό-

276 3528 466 3580 μενος.
504 3512 702 3578 Ὅμως
755 3511 958 3580 ἤρεσκε
1018 3512 1195 3564 ταῦτα
1230 3509 1306 3581 τῷ
1365 3510 1597 3580 βασιλεῖ,
1633 3513 1729 3565 καὶ
1777 3511 1870 3564 τοῦ

276 3601 686 3673 μηχανήματος
718 3603 920 3674 σπουῖῇ
953 3602 1324 3668 τελεσθέντος,
1357 3604 1498 3674 ἄρος
1523 3604 1650 3667 τοὺς
1684 3621 1874 3673 φαινο-

279 3696 477 3762 μένους
535 3693 655 3763 ἅμα
709 3694 804 3746 καὶ
850 3697 980 3758 τοὺς
1030 3696 1259 3762 ἀφανεῖς
1289 3694 1628 3765 ὀφθαλμοὺς,
1656 3696 1872 3749 καὶτὸν

274 3785 400 3838 νῦὗν
424 3787 552 3838 ὅλον
581 3788 662 3848 είς
692 3785 959 3856 οὐρανοὺς
999 3787 1302 3857 ἀπερείσεις
1325 3801 1338 3816 ·
1397 3787 1728 3858 Εὐχαριστῶ
1765 3803 1871 3852 σοι,

274 3875 404 3946 εφη,
433 3876 612 3946 Κύριε
658 3877 832 3946 Ἰησοῦ
861 3877 1067 3946 Χριστὲ
1093 3879 1188 3931 καί
1218 3877 1342 3944 est,
1394 3878 1477 3932 ὅτι
1507 3879 1772 3932 τοιούτων
1803 3897 1871 3951 με

277 3970 373 4022 καὶ
405 3968 687 4020 τοσούτων
718 3969 941 4036 ἀγαθῶν
971 3968 1235 4039 ἠξίωσας,
1295 3971 1378 4022 ὅτι
1438 3971 1584 4041 χειρὶ
1634 3971 1873 4042 κραταιᾷ

277 4077 373 4112 σου
411 4060 652 4129 δύναμιν
695 4059 1058 4129 περιέζωσας,
1100 4061 1182 4113 ὃτι
1216 4061 1358 4130 ὑπὲρ
1397 4061 1493 4114 σοῦ
1518 4061 1742 4116 τοιαῦτα
1763 4064 1873 4116 πά-

279 4169 433 4221 σχειν
458 4151 764 4219 εύδόκησας
783 4167 796 4180 ·
833 4152 928 4204 καὶ
961 4150 1057 4203 νῦν
1090 4152 1388 4221 ὲπίϐλεψον
1416 4153 1475 4219 ἐξ
1497 4151 1748 4225 ούρανοῦ,
1778 4153 1872 4205 καὶ

279 4245 352 4297 ίδε
381 4238 475 4296 οἷα
508 4241 892 4296 τεκταίνουσιν
927 4245 976 4296 οἱ
1010 4243 1294 4312 μισοῦντές
1323 4262 1380 4297 σε
1421 4245 1540 4298 κατ’
1566 4243 1723 4314 ἐμοῦ,
1779 4244 1873 4297 καὶ

279 4336 447 4406 ῥῦσαι
504 4335 620 4388 ἁπῦ
669 4335 854 4405 βέλους
884 4336 1070 4390 αὐτῶν
1110 4337 1210 4408 τὴν
1241 4336 1422 4408 ψυχήν
1454 4355 1580 4408 μου,
1615 4338 1700 4391 ἵνα
1724 4338 1872 4391 ἴδωσι

279 4432 512 4492 πάντες,
545 4428 628 4480 ὃτι
662 4427 802 4500 πλὴν
846 4427 940 4482 σοῦ
970 4428 1074 4482 οὐκ
1107 4428 1221 4483 ἔστι
1263 4429 1417 4493 Θεός.
1454 4426 1586 4482 Εῐτα
1611 4429 1703 4483 καλ
1731 4431 1872 4501 ὑπὲρ

281 4521 390 4573 τῶν
453 4520 818 4587 κολαζόντων,
879 4521 1071 4592 ὥσπερ
1105 4520 1261 4584 ἄλλος
1292 4539 1374 4585 τις
1415 4521 1690 4589 Στέφανος
1730 4521 1872 4590 ὑπὲρ

2053 1943 2140 1998 γι.
2176 1943 2273 1999 llic
2302 1945 2574 2002 Adrianus
2598 1948 2781 2003 animo
2807 1951 3106 2017 sauciatus,
3123 1953 3303 2010 verbis
3331 1955 3558 2026 relictis,

1975 2037 2041 2091 ad
2085 2037 2224 2090 facta
2260 2054 2318 2092 se
2343 2040 2594 2104 contulit,
2622 2050 2678 2095 et
2721 2041 2878 2111 jubet
2920 2056 3044 2098 eum
3081 2047 3306 2100 extendi
3357 2048 3408 2102 in
3438 2064 3558 2104 sar-

1976 2131 2175 2200 tagine.
2205 2130 2358 2196 Quod
2392 2147 2516 2187 eum
2551 2133 2752 2189 factum
2789 2146 2956 2202 esset,
2980 2139 3192 2205 eadem,
3226 2156 3347 2208 qum
3382 2145 3555 2212 prius,

1973 2238 2164 2278 rursus
2208 2233 2334 2278 Sunt
2381 2236 2671 2280 consecuta
2711 2243 2725 2280 :
2763 2237 2819 2282 et
2854 2229 2994 2294 ignis
3047 2234 3264 2300 quidem
3313 2245 3558 2292 mutatur

1974 2312 2030 2367 iu
2072 2330 2246 2368 rorem
2290 2332 2304 2368 :
2339 2330 2472 2370 aura
2511 2330 2640 2370 vero
2689 2319 2935 2387 quaedam
2992 2324 3317 2378 suavissima
3358 2326 3552 2382 fortem

1971 2423 2036 2461 ae
2067 2422 2393 2475 generosum
2428 2409 2606 2462 virum
2658 2411 3024 2480 refrigeravit.
3053 2417 3329 2475 Adrianus
3373 2432 3554 2478 autem

1971 2500 2241 2564 nesciens,
2277 2499 2426 2569 quidv
2455 2509 2665 2569 ageret,
2702 2517 2826 2557 cum
2874 2506 2923 2560 ei
2974 2517 3318 2564 mutarentur
3369 2515 3556 2570 omnia

1971 2593 2024 2646 iu
2066 2593 2423 2656 contrarium,
2455 2593 2680 2648 sedebat
2730 2595 2899 2651 animi
2946 2597 3164 2663 dubius,
3219 2603 3410 2658 bovem
3453 2606 3557 2659 ba-

1972 2684 2104 2738 bens
2157 2683 2208 2737 in
2279 2685 2482 2754 lingua,
2546 2695 2606 2739 ut
2663 2685 2886 2755 dicitur,
2938 2698 2995 2745 et
3043 2691 3283 2760 linguam
3342 2696 3560 2753 vinctus

1970 2779 2237 2849 profundo
2275 2781 2483 2835 dolore.
2533 2782 2702 2848 Quem
2745 2798 2871 2839 cum
2922 2785 3150 2841 vidisset
3192 2786 3272 2842 sic
3303 2788 3556 2846 affectum

1971 2870 2038 2933 is.
2059 2869 2148 2938 qui
2175 2883 2301 2923 tunc
2327 2879 2444 2924 erat
2469 2871 2756 2940 praefectus
2780 2873 2956 2939 urbis,
2974 2877 3192 2930 nomine
3221 2878 3430 2934 Corebo
3453 2881 3556 2951 (Ξ),

1971 2966 2034 3017 ad
2085 2981 2221 3019 nova
2272 2964 2595 3020 invenienda
2641 2977 2908 3023 tormenta
2957 2971 3040 3024 vir
3083 2974 3359 3044 egregius,
3396 2985 3452 3030 et
3487 2979 3555 3032 ad

1972 3057 2278 3112 faciendum
2349 3057 2578 3125 aliquid,
2638 3060 2782 3128 quod
2843 3064 3107 3118 adversus
3168 3068 3553 3126 necessitatem

1967 3158 2263 3202 esset-nere
2294 3157 2348 3204 et
2376 3149 2558 3204 ellieax
2611 3153 2753 3224 (erat
2781 3162 2960 3207 autem
2993 3153 3294 3212 Christiani
3328 3159 3554 3230 dogma-

1976 3239 2046 3293 tis
2081 3257 2184 3293 non
2219 3242 2442 3296 omnino
2474 3242 2818 3312 iguarus,sed
2848 3253 2903 3299 et
2928 3259 3049 3314 qua:
3076 3243 3240 3302 Felici
3275 3252 3554 3307 exercitus

1976 3331 2097 3385 duci
2126 3333 2466 3399 acciderant,
2494 3335 2674 3390 verbis
2695 3347 3002 3404 acceperat,
3034 3347 3088 3391 et
3116 3338 3554 3397 Christianorum

1975 3421 2097 3475 li.lei
2165 3421 2329 3475 veluti
2388 3424 2632 3490 quaedam
2691 3425 2898 3479 semina
2963 3437 3017 3481 et
3069 3427 3221 3482 initia
3282 3431 3334 3483 in
3392 3431 3559 3485 corde

1972 3523 2261 3580 acceperat
2300 3530 2313 3564 :
2351 3514 2528 3568 adhuc
2575 3529 2702 3568 vero
2751 3516 3070 3570 sectabatur
3125 3533 3213 3572 res
3250 3520 3551 3591 gentilium,

1971 3603 2186 3672 plurimi
2231 3603 2432 3658 faciens
2465 3604 2641 3659 colere
2691 3614 2746 3658 et
2781 3605 3072 3660 observare
3121 3608 3556 3678 imperatorem),

1979 3694 2098 3761 ipse
2145 3704 2324 3746 autem
2375 3704 2500 3758 tunc
2541 3693 2730 3750 videns
2763 3695 3058 3748 Adrianum
3103 3696 3466 3766 dubitantem,
3504 3709 3560 3755 et

1975 3771 2306 3839 nescientem
2344 3787 2616 3854 quomodo
2655 3801 2714 3842 se
2766 3787 2820 3841 in
2874 3797 3125 3842 sanctum
3174 3799 3412 3860 gereret,
3459 3806 3554 3847 ac-

1973 3875 2171 3928 cedens
2221 3890 2235 3926 :
2293 3873 2403 3944 Ego
2453 3885 2524 3940 te,
2567 3875 2763 3944 inquit,
2797 3891 2831 3931 o
2878 3876 3193 3946 imperator,
3237 3877 3480 3934 liberabo
3521 3895 3553 3934 a

1973 3963 2222 4032 negotiis,
2242 3973 2294 4018 et
2321 3963 2462 4019 hunc
2497 3965 2770 4033 juvenem,
2801 3964 2893 4034 qui
2930 3974 3196 4035 repugnat
3229 3967 3333 4022 tuis
3355 3966 3549 4034 jussis,

1973 4056 2177 4110 docebo
2217 4071 2493 4122 nunquam
2546 4055 2650 4110 tale
2688 4055 2816 4124 quid
2869 4056 3109 4127 aggredi.
3153 4056 3259 4112 Sed
3313 4057 3560 4115 clibanus

1973 4157 2190 4225 quidem
2252 4155 2521 4210 inferatur
2579 4171 2764 4212 amens
2823 4174 2838 4212 :
2891 4155 3038 4211 acuti
3090 4165 3270 4211 autem
3329 4157 3557 4214 obelisci

1973 4246 2332 4316 inliganturin
2352 4255 2582 4314 utraque
2597 4245 2712 4316 ejus
2732 4255 2902 4316 parte,
2923 4253 2977 4299 et
2997 4259 3120 4299 mox
3139 4247 3280 4303 scies
3299 4246 3556 4304 Eleuthe-

1975 4339 2114 4394 rium
2145 4349 2236 4394 aut
2259 4338 2508 4408 paruisse
2526 4348 2617 4393 aut
2643 4338 2782 4394 male
2802 4339 3048 4410 periisse.
3064 4337 3188 4395 llaec
3206 4355 3332 4394 vero
3348 4340 3558 4407 dicens,

1973 4445 2082 4486 non
2117 4431 2585 4486 animadvertebat
2614 4445 2672 4486 se
2701 4430 2910 4488 leonem
2947 4447 3140 4504 putare
3170 4447 3327 4503 posse
3353 4440 3562 4487 terrere

1976 4523 2083 4576 ictu
2116 4522 2416 4577 arundinis.
2466 4521 2591 4578 Haec
2635 4531 2813 4580 tamen
2863 4527 3186 4596 placuerunt
3215 4527 3558 4598 imperatori,

280 4613 391 4664 τῶν
423 4610 784 4675 λιθαζόντων,
806 4613 1122 4683 εὐχόμενος,
1146 4613 1319 4682 Ἀψαι
1341 4613 1441 4681 τῆς
1464 4613 1666 4678 αὐτῶν,
1693 4611 1871 4680 ἔλεγε,

1980 4622 2036 4667 et
2059 4613 2167 4667 cito
2201 4613 2448 4669 confecta
2492 4615 2762 4678 machina,
2799 4628 3005 4688 martyr
3038 4619 3092 4672 in
3124 4620 3320 4672 cadum
3356 4619 3555 4672 tollens

280 4705 541 4775 καρδίας,
573 4704 830 4758 πολυέλεε
864 4707 1137 4773 Δέσποτα,
1180 4706 1278 4758 καὶ
1329 4705 1467 4776 πρὸς
1522 4705 1583 4758 τὸ
1619 4705 1711 4759 σὺν
1744 4704 1872 4759 καθ-

1978 4704 2164 4760 oculos
2194 4715 2299 4758 tam
2339 4703 2430 4774 qui
2461 4717 2783 4770 cernuntur,
2817 4721 2979 4773 quam
3015 4708 3108 4777 qui
3145 4707 3247 4762 sub
3278 4715 3558 4776 aspectum

280 4797 558 4866 οδήγησον
597 4797 832 4868 θέλημα.
877 4797 963 4850 ἵνα
988 4797 1161 4866 γνῶσί
1196 4814 1255 4849 σε
1287 4797 1381 4849 τὸν
1425 4796 1588 4867 μόνον
1623 4796 1872 4868 ἀληθινὸν

1979 4811 2085 4851 non
2131 4795 2352 4859 cadunt,
2389 4804 2444 4850 et
2483 4802 2651 4849 totam
2690 4805 2924 4850 mentem
2959 4797 3012 4850 in
3048 4797 3245 4852 malum
3294 4797 3557 4867 deligens,

280 4886 439 4950 Θεὸν,
466 4886 566 4939 καὶ
601 4887 700 4955 τῆς
743 4887 994 4956 ὀλεθρίου
1050 4886 1158 4940 τῶν
1195 4885 1434 4938 εἰδώλων
1465 4885 1749 4939 ἀποστῶσι
1780 4887 1872 4939 λα-

1979 4896 2034 4942 et
2063 4901 2175 4956 pra;
2207 4886 2402 4956 gaudio
2442 4896 2584 4940 totus
2613 4886 2771 4956 quasi
2804 4901 2832 4939 a
2865 4887 2975 4942 Deo
3009 4887 3220 4944 amatus
3256 4906 3270 4942 :
3303 4889 3418 4958 Ago
3458 4889 3558 4944 tibi

279 4977 496 5046 τρείας,
531 4977 614 5031 ὅτι
642 4978 939 5048 εὐλογητὸς
961 4972 1012 5032 εἷ
1033 4979 1113 5041 εἰς
1141 4978 1269 5040 τοὺς
1297 4977 1525 5042 αἰῶνας.
1569 4978 1766 5051 ⁹Δμήν.

1981 4979 2204 5050 gratias,
2237 4977 2433 5044 inquit,
2467 4977 2690 5031 Domine
2723 4973 2851 5030 Jrsu
2892 4976 3107 5032 Christe
3135 4989 3190 5033 et
3222 4977 3383 5042 Deus,
3415 4977 3557 5046 quod

282 5088 368 5127 me
398 5074 603 5129 talibus
655 5085 709 5128 et
758 5077 924 5129 tantis
965 5074 1121 5130 bonis
1161 5075 1236 5129 sis
1278 5073 1532 5142 dignatus
1565 5090 1578 5125 :
1645 5075 1787 5144 quod
1825 5089 1912 5129 me
1951 5089 2114 5128 manu
2167 5082 2255 5126 tua
2293 5072 2500 5142 potenti
2570 5072 2767 5128 virtute
2806 5073 3131 5138 accinxeris,
3162 5073 3304 5141 quod
3340 5088 3436 5142 pro
3470 5081 3562 5128 tuo

280 5167 505 5226 nomine
540 5169 668 5222 talia
716 5169 810 5224 tibi
863 5170 972 5238 pati
1045 5169 1218 5224 visum
1268 5171 1362 5225 sit.
1415 5168 1481 5224 Et
1561 5184 1707 5224 nunc
1756 5169 1940 5238 aspice
1981 5169 2048 5223 de
2094 5169 2252 5233 ewlo,
2297 5177 2351 5222 et
2407 5167 2528 5222 vide
2578 5167 2756 5237 qualia
2810 5173 2997 5221 contra
3051 5181 3138 5222 me
3191 5165 3551 5229 fabricantur.

281 5266 369 5334 qui
409 5273 461 5318 te
492 5264 730 5318 oderunt
767 5280 779 5316 :
815 5272 869 5315 et
905 5261 1070 5316 libera
1122 5263 1358 5316 animam
1407 5273 1578 5316 meam
1613 5275 1642 5315 a
1677 5261 1858 5332 jaeulo
1898 5277 2109 5325 eorum,
2178 5270 2232 5315 et
2272 5276 2300 5314 a
2335 5260 2468 5315 viris
2509 5260 2832 5329 sanguinqu
2857 5259 2900 5326 ',
2934 5260 3024 5330 qui
3067 5261 3240 5316 bonus
3283 5278 3360 5324 es,
3397 5277 3556 5316 serva

282 5372 364 5411 me
417 5375 434 5412 :
486 5365 542 5410 ut
591 5356 775 5410 sciant
831 5367 1043 5415 omnes,
1096 5364 1148 5408 te
1212 5370 1334 5409 esse
1413 5353 1584 5408 solum
1667 5355 1833 5409 Deum
1882 5363 1936 5409 et
1989 5353 2282 5423 gloriosum
2334 5351 2385 5406 in
2448 5362 2558 5406 toto
2611 5351 2742 5405 orbe
2795 5360 3082 5408 terrarum.
3137 5353 3339 5408 Deinde
3393 5354 3557 5407 etiam

281 5471 375 5525 pro
448 5453 516 5508 iis
579 5452 754 5522 ipsis,
828 5448 920 5517 qui
979 5447 1130 5502 illum
1190 5451 1543 5514 cruciabant,
1611 5450 1754 5504 sicut
1809 5449 2159 5518 Stephanus’
2223 5463 2320 5516 pro
2369 5448 2453 5512 iis,
2507 5447 2600 5516 qui
2646 5462 2770 5503 eum
2846 5448 3118 5518 lapidibus
3204 5450 3552 5518 appetebant,

281 5568 436 5606 orans
473 5570 487 5606 :
521 5549 718 5619 Tange
761 5559 864 5598 cor
895 5559 1108 5609 eorum,
1147 5545 1382 5613 dicebat,
1417 5561 1450 5600 ο
1496 5545 1740 5611 Domine,
1808 5546 1899 5615 qui
1941 5560 2000 5600 es
2046 5544 2227 5605 multa!
2266 5542 2674 5610 misericordix,
2742 5553 2797 5597 et
2841 5551 2993 5598 tuum
3041 5552 3286 5597 sanetum
3337 5543 3418 5600 eis
3461 5558 3559 5600 n0-

341 5646 361 5678 ⁸
387 5648 530 5703 Psal.
563 5661 619 5701 ν.
709 5642 730 5674 ⁷
761 5641 871 5695 ACl
923 5653 1018 5690 Vll-

331 5768 407 5842 (2)
436 5767 711 5824 Correum
748 5761 904 5812 hunc
933 5766 1088 5810 vocat
1127 5757 1270 5810 Beda
1306 5757 1356 5812 in
1389 5756 1778 5827 Martyrologio
1820 5758 1884 5812 ad
1926 5759 2067 5814 hunc
2094 5760 2257 5813 diem.
