4108 6502
1608 276 1716 290 -.ια-4
1746 269 1772 281 "

506 382 612 448 I35

1805 372 2093 436 MENSIS
2131 375 2464 435 APRILIS.

3668 364 3776 434 I36

506 510 628 550 men
668 492 755 548 Iac
821 494 892 549 sit
968 492 1268 560 cognitum,
1319 499 1373 543 et
1407 489 1580 543 deduc
1610 489 1674 543 ad
1714 499 1859 543 tuam
1914 489 2292 546 voluntatem:
2343 501 2402 544 ttt
2480 497 2811 558 cognoscant
2867 497 2919 542 te
2985 486 3160 542 solunt
3229 501 3414 541 verum
3478 484 3666 549 Deum,
3719 496 3778 540 et

506 588 769 644 desistant
801 603 833 640 a
882 586 1186 657 pernicioso
1231 583 1376 638 cultu
1411 581 1824 637 simulacrorum
1856 599 1872 638 :
1904 582 2160 652 quoniam
2193 581 2511 638 benedictus
2542 596 2601 636 es
2630 583 2681 635 in
2719 582 2924 636 secula.
2960 581 3154 634 Amen.

579 706 691 761 VII.
723 705 856 760 Cum
901 703 1112 757 Corcbo
1163 702 1244 759 sic
1297 709 1543 756 orantem
1579 699 1903 755 attendisset
1941 714 2083 753 mar-

2263 699 2338 753 Z'.
2372 698 2560 759 Οὕτως
2607 697 2893 768 εὐξαμένῳ
2927 696 3004 767 τῷ
3042 696 3281 767 μάρτυρι
3330 693 3581 765 προσχὼν
3615 695 3642 748 6
3672 695 3785 748 Κοι-

509 809 703 868 tyrem,
735 795 896 848 veluti
941 806 1190 857 accenso,
1225 791 1316 862 qui
1369 800 1486 846 erat
1533 791 1580 846 ei
1630 791 1918 860 repositus,
1957 803 2080 842 car-

507 891 647 942 bone
682 887 923 955 pietatis,
956 893 1181 953 repente
1225 892 1466 937 mutatur
1514 882 1675 951 longe
1714 880 2082 951 pulcherrima

507 977 809 1032 mutatione
854 992 868 1028 :
923 983 978 1030 ct
1029 985 1278 1044 tauquam
1335 989 1439 1028 non
1483 973 1532 1027 is
1582 981 1747 1039 esset,
1784 972 1873 1042 qtti
1923 973 2083 1041 paulo

510 1082 634 1124 autc
703 1068 1046 1138 excogitabat
1108 1066 1374 1136 supplicia
1435 1064 1698 1119 adversus
1763 1072 2081 1134 martyrem,

507 1159 776 1212 accedens
809 1160 877 1211 ad
915 1159 1302 1226 imperatorem
1355 1173 1370 1210 :
1422 1155 1525 1210 Pro
1573 1169 1702 1224 quo,
1741 1154 1933 1223 ittquit,
1970 1168 2085 1206 ma-

508 1251 704 1314 leiicio,
759 1257 852 1300 aut
902 1262 1000 1316 pro
1053 1261 1158 1315 quo
1210 1247 1438 1301 crimine
1492 1247 1577 1300 his
1625 1245 1804 1314 poenis
1857 1243 2085 1299 atIicitur

509 1340 898 1396 Eleutherius?
929 1349 1022 1394 aut
1051 1354 1149 1409 pro
1189 1355 1292 1408 qua
1328 1353 1490 1393 causa
1516 1351 1690 1393 morte
1737 1347 1845 1392 tam
1890 1338 2085 1392 acerba

509 1435 840 1488 damnatur?
867 1434 1164 1501 Imperator
1189 1447 1319 1487 vero
1350 1433 1449 1485 hac
1489 1431 1768 1500 inopinata
1809 1430 2086 1484 auditione

511 1523 665 1580 valde
711 1535 1035 1588 commotus,
1074 1533 1227 1578 torve
1260 1523 1477 1576 intuens
1509 1521 1848 1576 Corebonctn
1893 1538 1905 1573 :
1948 1520 2084 1574 Num

513 1628 565 1669 tu
599 1631 681 1682 cs,
715 1616 907 1685 inquit,
939 1615 1007 1679 is,
1037 1629 1196 1684 quem
1227 1629 1326 1684 ego
1357 1614 1502 1679 novi,
1536 1611 1791 1666 Corebo?
1815 1609 2083 1676 Quidnam

510 1721 688 1764 autem
741 1709 836 1764 tibi
888 1709 1107 1773 accidit,
1145 1715 1238 1760 aut
1275 1706 1534 1776 quidnam
1569 1706 1659 1758 tibi
1711 1704 1914 1758 factum
1955 1703 2087 1758 fuit?

509 1800 778 1869 Numquid
813 1812 863 1854 te
895 1800 1036 1868 cepit
1070 1813 1260 1851 aurum
1295 1797 1362 1851 ab
1398 1797 1544 1850 illius
1575 1805 1748 1850 matre
1778 1807 2083 1865 acceptum,

2187 791 2393 862 ρέμων,
2414 791 2508 843 καὶ
2533 790 2622 843 τὸν
2655 791 3128 859 προαποκείμενον
3159 787 3306 857 αὐτῷ
3333 788 3431 856 τῆς
3457 784 3782 850 θεοσεϐείας

2184 881 2434 950 ἄνθρακα
2488 879 2678 949 ῶσπερ
2743 880 3224 950 άναζωπυρηθεὶς,
3273 878 3427 947 ἄφνω
3460 877 3765 947 μεταϐολὴν

2188 972 2583 1044 μεταϐάλλεται
2611 972 2711 1040 τὴν
2737 971 3060 1042 καλλίστην,
3082 973 3176 1024 καί
3191 971 3269 1040 τῷ
3306 971 3518 1042 βασιλεί
3542 970 3777 1040 προσελ-

2186 1065 2318 1131 θὼν,
2352 1066 2538 1129 Ποίου,
2574 1065 2760 1134 φησὶν,
2798 1065 3136 1134 ἀδικήματος
3162 1063 3320 1133 χάριν
3351 1066 3376 1116 6
3400 1063 3594 1132 πικρὸς
3618 1059 3775 1125 οὗτος

2199 1156 2522 1227 Ἐλευθερίῳ
2554 1155 3000 1227 καταψηφίζεται
3049 1155 3312 1221 θάνατοςς
3374 1157 3485 1209 Καὶ
3540 1159 3566 1208 6
3623 1155 3778 1224 βασι-

2185 1248 2332 1312 λεὺς,
2363 1249 2441 1320 τῷ
2469 1247 2764 1320 παραδόξῳ
2794 1247 2886 1302 τοῦ
2913 1249 3263 1320 ἀκούσματος
3290 1249 3612 1316 ἐκπλαγεὶς,
3640 1265 3769 1319 γορ-

2184 1341 2281 1408 γόν
2315 1357 2368 1391 τι
2422 1339 2515 1391 καὶ
2562 1339 2828 1410 βλοσυρὸν
2868 1339 3005 1410 πρὸς
3058 1339 3149 1392 τὸν
3210 1341 3501 1412 Κορέμονα
3529 1339 3773 1410 βλέψας·

2187 1429 2259 1481 Σὺ
2295 1427 2460 1491 αὐῖὸς
2484 1423 2557 1494 εἳ,
2612 1428 2739 1500 ἔφη,
2779 1427 2838 1482 ὃν
2877 1427 2988 1498 ἐγὼ
3021 1428 3273 1497 γινώσκω
3320 1429 3640 1501 Κορέμονας
3677 1431 3778 1484 καὶ

2187 1523 2241 1574 τί
2274 1521 2510 1588 πάθοις;
2568 1523 2716 1593 Μήτι
2775 1540 2834 1575 σε
2866 1524 3068 1593 χρυσὸς
3118 1518 3264 1576 εἷλεν
3320 1524 3424 1576 ὑπὸ
3462 1525 3560 1593 τῆς
3607 1523 3778 1577 αὑτοῦ

2187 1612 2472 1682 δεδομένος
2508 1615 2752 1682 μητρός;
2791 1613 2887 1666 καὶ¹
2930 1613 3070 1666 πόσα
3103 1612 3170 1666 ἄν
3197 1629 3279 1665 σοι
3311 1614 3406 1666 καὶ
3444 1614 3597 1682 παρά
3646 1613 3783 1665 πολ-

2189 1705 2297 1759 λῶν
2337 1707 2545 1778 ἑτέρων
2583 1707 2861 1776 διδόμενα,
2920 1706 3030 1760 τῶν
3073 1706 3224 1777 ἐμῶν
3275 1705 3494 1777 δωρεῶν
3548 1706 3781 1770 ἀντάξια

2188 1798 2421 1867 γένοιτο,
2442 1799 2499 1851 ὃν
2537 1799 2648 1866 ἐγὼ
2690 1800 2781 1851 καὶ
2814 1798 3054 1866 πλούτῳ,
3092 1797 3186 1850 καὶ
3218 1797 3367 1869 δόξῃ,
3402 1800 3497 1850 καὶ
3533 1800 3598 1867 τῇ
3637 1799 3782 1866 πρὸς

508 1901 565 1946 et
609 1903 714 1945 tam
767 1901 983 1959 repente
1019 1888 1284 1943 mutavit?
1331 1888 1509 1954 Quam
1547 1887 1713 1942 multa
1763 1902 1890 1941 vero
1917 1887 2083 1942 etiam

2189 1887 2291 1958 ἐμὲ
2328 1890 2604 1943 οἰκειώσει
2659 1890 2899 1961 ζηλωτὸν
2934 1892 2991 1942 ἐν
3035 1890 3223 1960 Ῥώμῃ
3261 1891 3611 1959 κατέστησα;
3655 1891 3782 1942 ἀλλ’

509 2001 539 2038 a
601 1984 783 2038 multis
847 1983 970 2037 aliis
1030 1982 1126 2036 tibi
1179 1981 1325 2048 data,
1368 1980 1647 2050 potuerint
1693 1979 1927 2035 conferri
1963 1993 2083 2033 cum

2190 1984 2238 2034 εἰ
2277 1983 2373 2035 καὶ
2406 1983 2670 2035 πλειόνων
2724 1984 2876 2054 ἐρᾷς,
2908 1984 2955 2034 oi
3003 1984 3126 2051 ἐμοὶ
3164 1983 3367 2045 πάντες
3417 1983 3656 2035 ἀνεῖνταί
3693 1999 3783 2035 σοι

511 2079 646 2132 meis
695 2077 874 2141 donis,
931 2089 1092 2144 quem
1151 2089 1252 2142 ego
1284 2083 1338 2128 et
1383 2075 1576 2142 Opibus
1623 2082 1678 2127 et
1708 2072 1878 2140 gloria
1933 2087 2076 2138 mea,

2187 2073 2454 2144 θησαυροί
2489 2089 2506 2105 ο
2541 2074 2749 2127 τούτων
2773 2075 3111 2144 ἀμφοτέραις
3160 2074 3362 2140 ἄντλει,
3399 2074 3492 2126 καὶ
3528 2074 3603 2143 μὴ
3633 2073 3785 2126 οὕτω

511 2169 881 2223 familiaritate
930 2177 988 2221 et
1021 2167 1404 2235 conjunctione
1460 2164 1678 2219 beatum
1733 2164 1917 2218 Roma:
1963 2165 2083 2218 red-

2186 2161 2546 2233 καταπροδῷς
2600 2163 2853 2230 σεαυτὸν,
2915 2163 3139 2233 κλέμμα
3175 2161 3436 2229 γυναικὸς
3466 2165 3560 2216 καὶ
3591 2163 3781 2230 ὀλίγου

509 2259 659 2312 didi?
686 2257 839 2324 Quod
868 2257 911 2311 si
949 2256 1102 2328 plura
1131 2256 1431 2320 desideras,
1464 2256 1589 2310 licet
1617 2255 1711 2310 tibi
1750 2255 1952 2309 nostris
1980 2253 2083 2310 frui

2186 2254 2390 2325 χρυσοῦ
2454 2256 2748 2325 γενόμενος
2796 2255 2977 2308 ὤνιον.
3048 2254 3108 2309 '0
3141 2256 3196 2309 δὲ
3234 2258 3525 2326 Κορέμων,
3570 2258 3668 2326 ἤδη
3704 2259 3779 2327 τῇ

509 2345 713 2402 aﬂ‘utint
754 2364 768 2402 :
805 2347 898 2400 tibi
929 2356 1054 2399 sunt
1100 2344 1271 2415 aperti
1300 2358 1491 2398 omnes
1531 2345 1634 2398 mei
1685 2344 1924 2416 thesauri
1969 2361 1985 2400 ι
2019 2360 2083 2399 ex

2186 2347 2279 2402 τοῦ
2318 2348 2596 2418 μάρτυρος
2627 2349 2759 2417 εὐχῇ
2793 2348 2890 2417 τὴν
2923 2347 3102 2418 ψυχὴν
3134 2349 3448 2416 φωτισθεὶς,
3473 2349 3534 2400 τὸ
3556 2349 3782 2417 θαυμα-

509 2439 596 2493 his
645 2438 802 2493 hauri
861 2437 1126 2492 ambabus
1191 2436 1460 2500 manibus,
1509 2450 1686 2504 neque
1736 2437 1965 2504 teipsum
2014 2435 2087 2490 ita

509 2533 728 2602 prodas,
764 2547 795 2585 a
845 2529 1048 2584 femina
1106 2527 1251 2583 furto
1302 2528 1566 2594 sublatus,
1618 2536 1675 2582 et
1723 2543 1894 2598 pauco
1945 2542 2078 2585 auro

508 2635 742 2694 emptus.
783 2625 994 2680 Corebo
1052 2633 1232 2678 autem
1279 2621 1393 2689 jam
1453 2631 1597 2676 totus
1653 2620 1892 2690 repletus
1934 2621 2078 2676 bono

506 2718 721 2784 spiritu,
753 2725 808 2770 et
854 2717 1110 2786 martyris
1141 2716 1394 2782 precibus
1430 2724 1666 2769 mentem
1707 2714 1910 2768 habens
1959 2714 2080 2768 illu-

507 2809 788 2873 minatam,
835 2807 1158 2862 exclamavit
1217 2805 1349 2860 illud
1399 2805 1718 2862 admirabile
1764 2814 1820 2860 et
1861 2807 2077 2875 dignum

505 2899 650 2968 quod
699 2897 1004 2953 celebretur
1057 2915 1072 2950 :
1124 2895 1362 2950 Pretium
1423 2905 1598 2961 tuum,
1641 2896 1851 2960 dicens,
1903 2906 2078 2950 tecum

506 3000 598 3045 eat
636 2993 689 3044 itt
730 2989 1111 3058 perditionem.
1140 2986 1268 3040 Tua:
1309 3001 1434 3040 vero
1483 2986 1722 3054 pecunia:
1755 2985 1864 3039 sint
1907 2985 2081 3039 lomes

507 3080 670 3152 ignis,
705 3080 797 3151 qtti
826 3092 879 3136 te
905 3088 1106 3135 manet.
1139 3078 1280 3145 Quid
1309 3077 1452 3133 enim
1487 3086 1576 3130 tua
1615 3085 1809 3146 sponte
1834 3077 2079 3140 czecutis,
2113 3125 2117 3129 .

2189 2442 2323 2494 στὸν
2372 2440 2470 2494 καὶ
2525 2439 2859 2512 ἀξιύμνητον
2890 2440 3216 2510 ἐξεϐόησεν·
3257 2441 3457 2502 Ἔστω,
3511 2438 3706 2507 λέγων,
3745 2441 3784 2509 ή

2181 2531 2315 2603 τιμή
2357 2548 2453 2584 σου
2491 2532 2590 2584 σὺν
2619 2533 2703 2584 co!
2731 2532 2811 2594 είς
2842 2530 3140 2596 ἀπώλειαν,
3175 2530 3242 2584 τὰ
3288 2530 3345 2584 δὲ
3390 2529 3648 2600 χρήματά
3677 2545 3783 2582 σου

2183 2623 2484 2693 ὑπόκαυμα
2508 2622 2587 2694 τῷ
2627 2622 2990 2694 περιμένοντι
3033 2638 3091 2674 σε
3126 2623 3262 2692 πυρὶ
3304 2623 3512 2690 γένοιτο
3533 2639 3544 2649 ·
3577 2620 3630 2674 τί
3663 2621 3786 2691 γάρ

2181 2714 2249 2783 δὴ
2277 2715 2369 2769 καὶ
2400 2713 2542 2768 ἑκὼν
2573 2714 2934 2782 τυφλώττειςς
2986 2716 3083 2767 καὶ
3135 2711 3308 2767 ταῦτα
3361 2713 3527 2784 πείρᾳ
3562 2712 3785 2782 μαθὼν,

2182 2805 2268 2860 ὅτι
2306 2805 2415 2859 τῶν
2449 2804 2547 2875 μὲν
2581 2805 2690 2858 σῶν
2725 2805 2865 2857 θεῶν
2895 2804 3072 2867 οὐδεὶς
3128 2804 3220 2856 τὸν
3264 2802 3604 2874 ἐμϐληθέντα
3640 2804 3790 2873 πυρὶ

2187 2898 2360 2952 σῶσαι
2394 2897 2641 2962 δύναται,
2666 2897 2726 2952 ὃν
2762 2897 2819 2950 δὲ
2863 2897 2892 2950 6
2931 2896 3278 2967 Ἐλευθέριος
3326 2890 3479 2959 οὗτος
3533 2895 3789 2958 σέϐεται,

2187 2990 2282 3043 καὶ
2321 2987 2494 3058 πυρὸς
2518 2989 2682 3043 αὑτὸν
2704 2988 2947 3041 δείκνυσι
2977 2989 3070 3041 καὶ
3101 2989 3280 3061 πάσης
3312 2987 3476 3057 ἄλλης
3502 2988 3789 3052 κολάσεως

2191 3080 2542 3151 ἰσχυρότερον
2566 3095 2581 3146 ;

506 3187 564 3234 et
600 3178 819 3232 conaris
851 3188 1070 3230 movere
1096 3188 1184 3240 ea,
1215 3187 1334 3242 quae
1365 3177 1493 3227 sunt
1525 3170 1859 3225 immobilia?
1891 3169 2075 3240 idque,
2116 3187 2239 3227 cum
2311 3173 2566 3229 didiceris
2611 3174 2973 3245 experientia,
3015 3173 3158 3244 quod
3236 3172 3412 3229 nullus
3458 3172 3674 3243 quidem
3705 3187 3791 3230 ex

508 3270 616 3325 tuis
657 3269 762 3324 diis
798 3277 976 3338 potest
1005 3266 1172 3321 ullum
1202 3279 1269 3319 ex
1303 3264 1390 3329 iis,
1421 3263 1514 3333 qui
1543 3264 1758 3330 adsunt,
1801 3264 1853 3317 in
1901 3262 2081 3334 ignem
2125 3265 2382 3334 injectum
2411 3280 2652 3322 servare.
2674 3265 2724 3322 ls
2753 3275 2959 3335 autent,
2986 3282 3146 3339 quem
3209 3267 3339 3324 colit
3401 3267 3790 3336 Eleutheriuc,

509 3363 690 3418 reddit
717 3377 840 3416 eum
871 3369 925 3414 et
955 3360 1079 3430 igne
1119 3358 1478 3428 potentiorem
1509 3368 1566 3414 et
1597 3361 1789 3428 quovis
1823 3357 1927 3413 alio
1959 3359 2243 3430 supplicio.

580 3477 718 3534 VIII.
753 3477 846 3532 llis
880 3478 959 3533 sic
989 3476 1091 3531 dici
1125 3491 1230 3530 non
1264 3485 1461 3546 potest,
1487 3485 1689 3546 quanta
1725 3478 1802 3531 ira
1837 3486 1894 3532 ct
1923 3477 2082 3532 dictis

2259 3473 2344 3531 H'.
2376 3477 2602 3544 Τούτοις
2639 3479 2737 3533 οὐκ
2771 3478 2919 3535 ἔστιν
2970 3481 3145 3536 εἰπεῖν
3174 3480 3308 3553 ὅσης
3331 3481 3500 3552 ὀργῆς
3548 3479 3642 3535 καὶ
3670 3498 3790 3554 μά-

508 3571 721 3627 insania
747 3571 982 3638 repletus
1012 3569 1170 3622 fuerit
1203 3578 1483 3636 tyrannus.
1521 3567 1707 3622 Solent
1731 3569 1874 3622 enim
1899 3582 2085 3622 revera

507 3666 697 3720 valida:
755 3663 1005 3717 amicitia:
1058 3659 1264 3715 validas
1319 3675 1531 3729 quoque
1584 3659 1835 3714 similiter
1895 3674 2085 3728 parere

508 3756 847 3815 inimicitias.
902 3753 1060 3810 Unde
1112 3755 1277 3807 etiam
1313 3753 1468 3824 jubet
1524 3751 1836 3823 praefectum
1895 3753 2082 3806 eodem

506 3849 686 3920 puniri
722 3847 956 3912 clibano,
990 3861 1096 3915 quo
1144 3847 1257 3914 ipse
1295 3845 1664 3910 consuluerat,
1692 3853 1749 3897 ut
1801 3845 2085 3914 puniretur

507 3939 878 3995 Eleutlterius.
926 3937 1058 3992 Cum
1110 3952 1240 4007 ergo
1294 3937 1407 4006 jam
1459 3938 1916 4008 appropinquaret
1967 3945 2082 3989 tor-

505 4041 712 4097 m’ento,
761 4032 869 4089 Ora
929 4044 1026 4098 pro
1077 4045 1183 4095 me,
1241 4029 1496 4086 clamavit
1552 4031 1769 4085 Corcbo
1832 4031 2080 4097 martyri,

506 4134 682 4178 etme
713 4138 863 4176 arma
919 4122 1006 4175 his
1058 4123 1246 4187 armis,
1294 4137 1485 4191 nempe
1533 4121 1738 4176 Christi
1782 4122 2081 4191 signaculo,

508 4217 707 4284 quibus
736 4215 924 4268 ducem
955 4213 1230 4268 exercitus
1268 4215 1488 4268 munisti
1521 4213 1775 4268 Felicem.
1815 4214 1906 4269 Sic
1953 4230 2081 4284 ergo

507 4307 718 4362 Corebo
768 4317 1008 4361 armatus
1053 4323 1082 4361 a
1135 4315 1399 4378 martyre,
1443 4316 1496 4361 et
1547 4308 1799 4376 protinus
1852 4305 2083 4373 injectus

507 4401 563 4456 in
595 4401 889 4466 clibanum,
927 4401 1040 4471 ipse
1072 4417 1290 4471 quoque
1335 4401 1534 4454 mansit
1578 4400 1830 4454 similiter
1859 4400 1926 4454 ab
1961 4399 2084 4469 igne

509 4507 617 4547 non
674 4503 1036 4563 expugnatus.
1093 4493 1368 4548 Adrianus
1424 4499 1606 4546 autem
1661 4492 1745 4546 his
1803 4491 2084 4546 tormentis

509 4581 776 4650 defessus,
809 4598 932 4638 eum
977 4582 1328 4650 cendemnat,
1366 4593 1425 4637 ut
1458 4585 1506 4637 ei
1544 4591 1707 4652 caput
1753 4592 2082 4652 amputetur.

505 4675 575 4731 Et
609 4675 881 4729 Corehoni
935 4674 1154 4741 quidem
1200 4675 1282 4728 sic
1329 4674 1570 4730 succedit
1620 4673 1744 4729 linis
1784 4675 2029 4744 martyrii
2067 4692 2081 4728 :

505 4772 563 4816 et
617 4764 772 4833 quia
823 4764 1068 4820 multisa
1129 4766 1328 4822 sar.qu
1363 4766 1740 4830 desideratur,
1793 4767 1879 4821 hic
1935 4768 2082 4820 brevi

2187 3567 2307 3632 νίας
2332 3569 2578 3641 ἐπλήσθη
2609 3572 2638 3624 6
2669 3571 2933 3643 τύραννος
2962 3590 2975 3604 ·
3005 3574 3234 3628 εἰώθασι
3285 3576 3394 3645 γὰρ
3443 3577 3498 3628 al
3557 3576 3790 3646 ἰσχυραὶ

2189 3660 2362 3730 φιλίαι
2397 3664 2624 3734 ἰσχυράς
2654 3664 2856 3734 ὁμοίως
2879 3665 3082 3736 ἔχθρας
3117 3668 3428 3736 ἁπογεννᾷν
3456 3684 3469 3697 ·
3530 3666 3650 3720 ὅθεν
3683 3667 3792 3720 καὶ

2185 3755 2336 3826 αὐτῷ
2360 3755 2534 3826 τούτῳ
2561 3757 2774 3810 κελεύει
2829 3757 2907 3829 τῷ
2945 3758 3187 3830 κλιϐάνῳ
3237 3759 3624 3831 τιμωρηθῆναι
3681 3759 3789 3813 τὸν

2187 3848 2450 3918 ἔπαρχον,
2488 3842 2645 3918 ᾧπερ
2701 3849 2866 3913 αὐτὸς
2918 3851 3254 3922 κολασθῆναι
3303 3851 3394 3904 τὸν
3439 3852 3786 3921 Ἐλευθέριον

2186 3935 2592 3992 συνεϐούλευεν.
2629 3933 2718 4003 Ὦς
2742 3939 2798 3991 δέ
2830 3941 2892 4010 τῇ
2931 3939 3148 4010 βασάνῳ
3190 3943 3586 4010 προσήγγισεν,
3609 3939 3786 4007 Εὗξαι

2186 4028 2324 4098 ὑπὲρ
2352 4029 2510 4098 ἐμοῦ,
2535 4030 2562 4080 6
2597 4031 2865 4101 Κορέμων
2902 4032 2980 4101 τῷ
3005 4033 3246 4104 μάρτυρι
3270 4035 3560 4105 ἐπεϐόησε,
3589 4037 3684 4088 καὶ
3708 4039 3784 4108 τῇ

2184 4120 2279 4172 τοῦ
2320 4119 2560 4186 Χριστοῦ
2624 4138 2694 4190 με
2754 4123 3012 4192 σφραγῖδι
3066 4123 3413 4190 καθόπλισον,
3471 4121 3635 4197 ﬁxa!
3685 4126 3787 4179 τὸν

2190 4209 2571 4282 στρατηλάτην
2630 4213 3042 4284 περιετύχησας
3099 4213 3330 4286 Φίληκα.
3391 4215 3580 4280 Οὕτως
3622 4213 3784 4270 οὖνὸ

2186 4302 2454 4373 Κορέμων
2486 4301 2592 4356 ὑπὸ
2641 4304 2735 4355 τοῦ
2773 4303 3053 4375 μάρτυρος
3103 4305 3403 4376 ὁπλισθεὶς,
3447 4309 3542 4360 καὶ
3571 4308 3646 4377 τῷ
3677 4308 3783 4377 ὀρ-

2185 4393 2338 4464 γάνῳ
2368 4393 2614 4464 βληθεὶς,
2647 4394 2924 4458 ἀνάλωτος
2951 4399 3088 4467 πυρὶ
3123 4397 3217 4452 καὶ
3248 4399 3411 4462 αὐτὸς
3431 4394 3520 4470 ἦν.
3563 4400 3786 4470 Ἀδρια-

2185 4488 2274 4550 νὸς
2304 4489 2361 4540 δὲ
2389 4487 2457 4540 τά
2492 4485 2599 4540 τῶν
2635 4485 2890 4557 βασάνων
2925 4489 3269 4561 ἀπειρηκὼς,
3300 4489 3441 4560 ξίφει
3475 4493 3576 4561 τὴν
3605 4508 3786 4560 κεφα-

2184 4575 2283 4646 λὴν
2313 4575 2479 4629 αὑτοῦ
2533 4576 2882 4646 ἐκτμηθῆναι
2920 4577 3154 4632 κελεύει.
3213 4581 3322 4633 Καὶ
3369 4582 3639 4650 Κορέμων
3674 4582 3783 4650 μὲν

2185 4664 2343 4732 οὗτος
2376 4671 2434 4722 ἐν
2490 4668 2684 4738 βραχεῖ
2741 4669 2832 4725 τὸν
2864 4669 3080 4734 πολλοῖς
3109 4671 3168 4736 ἐξ
3211 4671 3405 4736 αἰῶνος
3435 4673 3780 4742 ποθούμενον

2185 4761 2404 4830 ἥρπασε
2465 4761 2762 4833 θησαυρόν.
2825 4763 2907 4816 Τὰ
2958 4762 3014 4816 δὲ
3047 4765 3188 4834 μετὰ
3245 4764 3420 4819 ταῦτα
3470 4767 3630 4832 τίνας
3667 4767 3780 4819 Καὶ

508 4861 750 4921 tempore
797 4854 1110 4909 thesaurum
1167 4855 1415 4926 arripuit.
1469 4857 1725 4922 Quantam
1781 4872 1910 4911 vero
1960 4869 2083 4912 sunt

2205 4849 2542 4922 Ἐλευθέριος
2574 4852 2652 4922 τῷ
2677 4853 2920 4924 κλιϐάνῳ
2951 4855 3303 4926 ἐμϐάλλεται,
3333 4857 3562 4920 καὶτοῖς
3591 4857 3778 4910 ὀϐελίο

505 4940 818 4999 Eleutherio
881 4957 1072 5014 postea
1149 4947 1487 5000 consecuta?
1562 4947 1804 5002 Primum
1864 4948 2085 5016 quidem

507 5032 623 5102 ipse
651 5034 703 5088 in
728 5034 998 5091 clibanum
1024 5037 1337 5092 immittitur
1360 5056 1374 5092 :
1402 5038 1597 5093 deinde
1621 5041 1783 5094 etiam
1808 5041 2082 5108 obeliscis,

508 5133 570 5177 ut
599 5125 904 5192 videbatur,
939 5129 1304 5198 transligitur.
1339 5127 1407 5183 Et
1435 5131 1683 5185 clibanus
1713 5131 1930 5198 quidem
1964 5147 2085 5186 rur-

507 5229 626 5282 sus,
658 5217 800 5272 sicut
837 5220 988 5288 prius
1038 5221 1403 5292 exstinguitur
1437 5239 1451 5275 :
1481 5232 1874 5277 convertuntur
1902 5233 2081 5278 autem

505 5309 753 5377 protinus
792 5311 1042 5379 cuspides
1077 5311 1465 5378 obeliscorum,
1514 5315 1912 5382 quodammodo
1953 5331 2072 5370 car-

505 5413 630 5453 nem
662 5399 991 5454 honorantes
1016 5401 1292 5472 martyris,
1321 5412 1375 5455 et
1407 5401 1544 5468 eius,
1570 5402 1657 5470 qui
1684 5403 1861 5468 punit,
1886 5402 2082 5456 anima:

507 5497 798 5556 arguentes
825 5491 1126 5544 caecitatem
1167 5508 1180 5544 :
1215 5492 1512 5560 quinetiam
1545 5491 1744 5545 multos
1771 5508 1838 5545 ex
1868 5493 1956 5555 iis,
1990 5491 2084 5560 qui

509 5580 778 5645 astabant,
814 5585 1148 5637 attrahentes
1181 5586 1248 5638 ad
1291 5583 1386 5637 Dei
1415 5585 1804 5654 cognitionem,
1843 5584 1932 5653 qui
1971 5586 2083 5640 haec

508 5671 746 5727 faciebat
783 5678 1046 5734 miracula
1086 5696 1101 5733 :

510 5777 606 5832 per
641 5764 1031 5824 Eleutlterium.

2188 4958 2340 5005 σκοις
2397 4960 2456 4996 τε
2488 4945 2548 4997 τὸ
2585 4944 2766 4999 δοκεῖν
2794 4947 3180 5019 περιπείρεται
3201 4966 3216 4980 ο
3278 4949 3394 5002 ἀλλ’
3418 4951 3580 5014 εὐθὺς
3610 4951 3637 5003 6
3673 4950 3779 5020 μὲν

2185 5034 2441 5099 κλίϐανος
2475 5036 2785 5102 σϐέννυται,
2818 5040 3142 5110 στρέψον-ται
3169 5039 3226 5094 δὲ
3269 5043 3358 5094 καὶ
3382 5043 3438 5096 αί
3467 5042 3573 5096 τῶν
3599 5041 3778 5096 ὀϐελί-

2185 5143 2334 5180 σκων
2392 5131 2590 5198 ἁκμαὶ,
2625 5131 2863 5202 τιμῶσαι
2920 5132 3111 5202 ὥσπερ
3146 5134 3355 5205 σάρκας
3401 5137 3774 5206 μαρτυρικὰς,

2184 5218 2279 5271 καὶ
2317 5219 2497 5290 ψυχῆς
2552 5223 2826 5292 τύφλωσιν
2894 5224 3220 5294 ἐλέγχουσαι
3276 5227 3372 5280 τοῦ
3429 5228 3775 5292 κολάζοντος,

2185 5312 2320 5366 ἀλλὰ
2368 5316 2462 5367 καὶ
2508 5316 2738 5380 πολλοὺς
2765 5318 2874 5372 τῶν
2910 5319 3280 5388 παρεστώτων
3336 5321 3416 5382 εἰς
3471 5321 3772 5387 ἐπίγνωσιν

2190 5404 2326 5458 Θεοῦ
2357 5407 2451 5461 τοῦ
2488 5409 2664 5463 ταῦτα
2690 5411 3234 5482 θαυματουργοῦντος
3264 5413 3539 5474 ἕλκουσαι,
3573 5413 3620 5466 οἳ
3656 5414 3765 5480 καις

2189 5497 2378 5566 Μέγας
2401 5501 2429 5552 ὁ
2451 5500 2581 5563 Θεὸς
2611 5503 2721 5554 τῶν
2753 5502 3115 5573 Χριστιανῶν,
3139 5505 3326 5572 ἐϐόων,
3359 5507 3386 5556 6
3413 5505 3480 5558 δι’
3524 5502 3768 5557 Ἐλευθε-

2194 5590 2310 5659 ρίου
2352 5594 2483 5660 ήμῖν
2514 5611 2584 5663 κη
2593 5595 2941 5664 ρυττόμενος.

1154 5680 1246 5749 qui
1296 5680 1486 5747 etiam,
1566 5680 1792 5751 Magnus
1849 5695 1934 5737 εει
1988 5681 2128 5740 Deus
2198 5685 2654 5756 Christianorum,
2702 5691 3032 5760 clamabant,
3076 5696 3166 5764 qui
3230 5694 3383 5749 nobis
3449 5693 3778 5763 przcdicatur
