4108 6468
381 325 486 392 137

1581 329 1780 387 '\'l'l'A
1815 328 1874 385 S.
1921 327 2436 390 ELEUTIIERII.

3551 329 3653 394 138

449 437 528 493 α.
559 431 726 498 Αὖθις
756 428 849 490 οὖν
873 435 1080 506 ἀπορία
1107 433 1200 488 καὶ
1236 433 1380 506 λύπη
1439 436 1710 505 λαμῦάνει
1743 438 1834 489 τὸν
1874 435 1970 490 τύ.

2147 434 2240 492 IX.
2265 441 2270 450 ‘
2297 434 2513 491 Rursus
2560 448 2694 504 ergo
2726 443 2781 491 et
2818 433 3085 490 haesitatio
3135 445 3187 490 et
3237 453 3464 510 magnus
3499 442 3655 499 dolor

377 545 599 601 ραννον,
631 526 727 579 καὶ
755 525 876 580 τότε
923 525 1025 596 μὲν
1049 528 1116 596 τῇ
1147 527 1359 597 φρουρᾷ
1383 530 1475 580 τὸν
1530 527 1785 596 μάρτυρα
1811 526 1970 581 δίδω-

376 639 488 685 σιν,
547 618 781 690 ὕστερον
817 617 875 671 δὲ
924 616 996 670 δι’
1027 617 1158 688 ὅλης
1196 618 1413 689 ἡμέρας
1470 619 1802 689 σκεψαμένῳ
1835 618 1976 689 μετὰ

372 714 488 768 τῶν
527 713 622 766 ὑπ’
659 710 849 776 αὑτοῦ,
911 709 1016 764 ποῦ
1047 711 1146 768 καὶ
1193 709 1344 774 ὅπως
1387 709 1728 781 Ἐλευθέριος
1759 711 1975 784 ὑπόσχῃ

373 805 475 874 τὴν
499 803 799 873 τιμωρίαν,
833 801 1000 868 ἔδοξε.
1032 801 1211 865 Τόπος
1237 801 1338 872 μὲν
1367 805 1399 870 ἡ
1431 803 1663 872 φρουρὰ,
1691 803 1893 872 τρόπος
1915 802 1975 856 δὲ

372 897 654 958 οἱκτιστος
694 897 723 948 6
778 893 867 948 διὰ
918 892 1106 964 λιμοῦ.
1159 893 1370 963 Συχνὰς
1427 889 1523 946 οὖν
1555 895 1770 963 ἡμέρας
1824 897 1882 950 ἐν
1905 897 1972 966 τῇ

373 990 575 1059 εἱρκτῇ
606 987 943 1040 ὲπυκτεύετο
973 985 1052 1055 τῷ
1077 985 1223 1056 λιμῷ
1249 1002 1264 1016 ⁸
1290 985 1406 1039 ἁλλ’
1435 987 1465 1038 6
1487 984 1565 1056 τῷ
1594 985 1795 1056 Δανιὴλ
1819 1002 1972 1054 ποτε,

373 1082 472 1132 καὶ
499 1078 583 1148 τῷ
615 1078 774 1150 Ἠλίᾳ
800 1079 943 1150 μετὰ
972 1077 1173 1140 ταῦτα,
1203 1077 1413 1149 τροφὴν
1465 1078 1553 1132 διὰ
1606 1079 1813 1149 πτηνοῦ
1843 1095 1976 1149 χορ-

375 1170 622 1238 ηγήσας,
650 1169 743 1221 καὶ
763 1167 953 1222 τοῦτον
979 1168 1170 1237 τρέφει
1191 1167 1279 1222 διὰ
1305 1171 1654 1239 περιστερᾶς.
1687 1170 1796 1222 Καὶ
1817 1172 1845 1221 6
1877 1168 1976 1239 μὲν

379 1263 708 1327 εὐχαρίστει
732 1256 873 1326 Θεῷ,
904 1258 986 1310 ὅτι
1020 1259 1128 1308 τῶν
1155 1256 1287 1309 ἴσων
1318 1259 1429 1318 τοῖς
1479 1259 1737 1326 μεγάλοις
1764 1257 1976 1321 τούτοις

371 1348 610 1415 ἠξίωται
633 1363 647 1376 '
677 1347 707 1399 6
736 1346 793 1400 δὲ
826 1345 1091 1418 τύραννος
1119 1347 1407 1416 έμεμήνει,
1430 1346 1506 1407 ὡς
1535 1346 1794 1408 ἀσθενοῦς
1826 1347 1975 1417 αὐτῷ

373 1439 741 1513 ἐλεγχθέντος
783 1437 878 1492 τοῦ
949 1439 1381 1508 μηχανήματο;’
1441 1437 1566 1490 ὅθεν
1624 1442 1715 1492 καὶ
1775 1440 1977 1504 ἵππους

373 1533 615 1603 ἀγρίους
648 1531 754 1583 ὑπὸ
782 1529 950 1598 ζυγὸν
986 1529 1203 1582 κελεύει
1234 1528 1458 1596 δεθῆναι
1492 1531 1586 1581 καὶ
1614 1529 1703 1582 τὸν
1731 1530 1978 1582 Ἐλευθέ-

385 1640 528 1694 ριον,
558 1623 649 1676 ενα
676 1623 784 1675 τῶν
805 1622 988 1674 ῑππων
1007 1621 1233 1691 ἀμαθῶν
1256 1622 1428 1675 ὄντων
1448 1620 1615 1690 ζυγοῦ
1635 1622 1728 1675 καὶ
1745 1622 1974 1692 ἀγρίων,

382 1715 465 1784 τῷ
492 1715 670 1785 ῥοίζῳ
707 1731 765 1767 τε
796 1713 892 1766 τοῦ
927 1713 1172 1783 ἅρματος
1223 1713 1362 1776 ἄγαν
1403 1713 1856 1783 ἐκταραχθέντων
1882 1715 1976 1766 καὶ

2084 528 2294 584 invadit
2367 536 2676 598 tyrannum.
2745 525 2813 581 Et
2879 537 3005 582 tunc
3065 528 3282 597 quidem
3361 542 3655 604 martyrem

2080 620 2250 676 tradit
2295 620 2347 674 in
2392 618 2695 676 custodiam
2729 633 2745 672 :
2786 629 2978 687 postea
3018 627 3201 674 autem
3233 620 3463 684 eximios
3491 639 3558 682 ex
3592 627 3660 682 iis

2074 709 2170 780 qui
2219 709 2268 764 ei
2332 708 2616 780 parebant,
2673 718 3000 764 convocatos
3055 720 3483 781 congregauet
3531 731 3658 771 cum

2081 811 2194 858 toto
2221 801 2312 858 die
2341 801 2719 868 deliberasset,
2743 799 2832 854 ubi
2867 810 2924 855 et
2953 814 3187 869 quonam
3216 805 3376 860 modo
3402 805 3662 864 Eleutlte-

2079 894 2196 949 rius
2265 893 2477 950 subiret
2548 893 2923 963 supplicium,
2986 893 3136 950 visus
3213 905 3298 950 est
3380 897 3431 952 ei
3508 897 3660 955 locus

2079 986 2298 1056 quidem
2333 1000 2521 1042 career
2565 1001 2581 1039 :
2641 985 2836 1040 modus
2888 1000 3020 1040 vero
3075 985 3316 1048 maxime
3365 989 3656 1046 miserabi-

2078 1076 2167 1144 lis,
2201 1091 2394 1150 nempe
2451 1091 2550 1147 per
2605 1077 2825 1134 famem.
2891 1075 2958 1131 Et
3021 1089 3309 1148 postquam
3365 1079 3481 1137 haec
3544 1085 3660 1137 visa

2077 1178 2226 1237 sunt,
2289 1170 2488 1226 multos
2537 1169 2753 1237 quidem
2803 1167 2918 1223 dies
2969 1169 3024 1224 in
3079 1184 3304 1228 carcere
3363 1173 3664 1228 decertavit

2079 1273 2202 1316 cum
2282 1259 2444 1313 fame.
2518 1257 2622 1312 Sed
2681 1255 2773 1326 qui
2838 1255 2966 1310 olim
3043 1257 3249 1339 Danieli
3293 1258 3314 1291 ⁸
3362 1271 3416 1313 et
3471 1259 3605 1316 Elia:
3639 1260 3662 1290 ’

2080 1367 2174 1419 per
2224 1352 2495 1408 volucrem
2553 1351 2867 1407 alimentum
2931 1351 3316 1422 suppeditavit,
3354 1367 3478 1407 eum
3523 1369 3662 1424 quo-

2081 1458 2184 1512 que
2218 1444 2313 1496 alit
2346 1458 2441 1511 per
2473 1442 2803 1508 columbam,
2838 1449 2892 1498 et
2931 1441 3048 1510 ejus
3078 1441 3314 1494 animam
3344 1440 3531 1512 implet
3567 1444 3664 1496 bo-

2082 1533 2187 1586 nis.
2248 1532 2314 1585 Et
2380 1531 2468 1584 ille
2534 1532 2750 1599 quidem
2806 1531 3001 1602 agebat
3067 1529 3306 1600 gratias,
3364 1532 3507 1599 quod
3575 1530 3664 1585 his

2084 1624 2296 1692 magnis
2334 1622 2492 1678 bonis
2524 1623 2596 1678 sit
2645 1623 2842 1694 dignus
2894 1623 3112 1677 habitus
3141 1639 3157 1676 :
3189 1631 3455 1693 tyrannus
3482 1632 3664 1678 autem

2085 1718 2410 1783 insaniebat,
2439 1727 2494 1773 et
2525 1717 2667 1787 quod
2702 1729 2983 1773 ostensum
3013 1725 3161 1774 esset
3203 1717 3664 1773 machinationem

385 1806 738 1875 πλημμελῶς
769 1807 1110 1875 φερομένων,
1139 1807 1164 1855 6
1189 1803 1399 1875 μάρτυς
1425 1804 1654 1874 πέτραις
1677 1805 1771 1857 καὶ
1800 1803 1974 1869 ἄλλοις

2083 1808 2251 1865 fuisse
2285 1809 2632 1876 imbecillam,
2655 1807 2989 1864 eﬂerabatur
3024 1827 3040 1866 :
3075 1820 3132 1865 et
3161 1808 3286 1865 ideo
3315 1824 3488 1880 equos
3516 1808 3666 1865 feros

385 1898 931 1968 προσαρασσόμενος,
962 1897 1063 1959 τὰς
1092 1897 1301 1966 σάρκας
1321 1895 1658 1967 διασπασθῇ,
1693 1897 1787 1949 καὶ
1817 1896 1980 1966 μελη-

381 1991 476 2044 66v
505 1989 846 2051 κατακοπεὶς
891 1987 1179 2058 ἀπορρήξῃ
1225 1987 1324 2057 τὴν
1371 1987 1572 2060 ψυχήν.
1621 1988 1978 2059 Ἀλλ“ὧσπερ

374 2085 593 2146 ἐκεῖνος
642 2083 744 2135 οὐκ
799 2081 1006 2151 ἔκαμνε
1038 2080 1107 2132 τὰ
1167 2080 1303 2150 πρὸς
1353 2079 1656 2150 διαφθορὰν
1710 2080 1973 2151 ἐνεργῶν,

375 2176 557 2238 οὕτως
607 2175 732 2228 οὐδὲ
769 2174 1004 2245 Χριστὸς
1056 2174 1121 2224 τὰ
1157 2171 1294 2240 πρὸς
1343 2172 1619 2242 σωτηρίαν
1641 2172 1972 2242 οἰκονομῶν·

377 2264 618 2332 ἄγγελος
674 2265 784 2334 γὰρ
815 2263 873 2330 ἐξ
921 2261 1156 2332 ούρανοῦ
1192 2261 1443 2322 ἐπιστὰς,
1468 2263 1598 2321 τοὺς
1621 2261 1848 2330 ἀγρίους
1882 2259 1976 2313 ἵπ-

377 2374 517 2418 πους
553 2355 799 2416 ἐκείνους
829 2353 1071 2422 ἡμέρους
1104 2351 1260 2418 ἄφνω
1287 2350 1484 2414 ἐποίει,
1521 2355 1617 2402 καὶ
1651 2351 1744 2403 τὸν
1789 2351 1978 2404 Ἑλευ-

379 2449 568 2518 οέριον
589 2447 784 2512 λύσας,
820 2444 1134 2507 επισιὸἀζει
1155 2442 1233 2512 τῷ
1265 2443 1496 2513 ἅρματι,
1528 2441 1626 2494 καὶ
1661 2442 1798 2512 1:96;
1828 2443 1888 2496 τὸ
1909 2445 1977 2514 τῇ

377 2540 536 2592 ¹πόλει
597 2537 875 2605 γειτονοῦν
909 2536 1037 2606 ὅρος
1089 2537 1216 2597 τοὺς
1267 2535 1469 2597 ἵππους
1508 2533 1718 2597 ξθύνας,
1754 2534 1980 2599 ἀλύπως

380 2631 478 2682 καὶ
532 2628 757 2698 ὁμαλῶς
807 2627 1056 2679 ἀνελθεῖν
1101 2626 1194 2677 τὸν
1255 2623 1512 2694 μάρτυρι
1565 2624 1975 2695 παρεσκεύασε.

381 2723 745 2792 Προσγίνεται
766 2718 822 2770 δὲ
854 2718 1030 2788 τούτῳ
1057 2718 1151 2770 καὶ
1185 2715 1377 2786 ἕτερόν
1407 2731 1459 2766 τι
1493 2714 1598 2766 τῶν
1631 2715 1976 2784 παραδόξων.

394 2813 484 2866 Ἐν
515 2813 596 2880 τῷ
627 2810 746 2876 δρει
781 2810 892 2880 γὰρ
939 2809 1237 2878 γενομένου
1283 2806 1378 2860 τοῦ
1417 2806 1719 2877 μάρτυρος,
1757 2808 1850 2860 καὶ
1888 2807 1980 2861 τὸν

380 2905 516 2958 Θεὸν
550 2902 801 2973 συνήθως
827 2900 1129 2967 αἱνοῦντος,
1163 2900 1359 2970 ἄρκτοι
1392 2899 1486 2951 καὶ
1525 2898 1762 2961 λέοντες,
1798 2900 1894 2953 καὶ
1926 2898 1984 2952 si

380 3015 435 3050 τι
471 2995 604 3050 ἄλλο
653 2993 763 3046 τῶν
817 2992 1111 3063 ἀνημέρων
1162 2989 1373 3060 θηρίων
1429 2989 1845 3060 προσελθόντες,
1884 3009 1978 3044 κυ-

378 3085 575 3139 κλοῦσξ
606 3102 668 3137 τε
691 3084 783 3136 τδν
802 3082 895 3136 τοῦ
925 3081 1065 3135 Θεοῦ
1099 3081 1285 3136 δοῦλον
1312 3081 1406 3134 καὶ
1440 3080 1845 3151 περισαίνουσι,
1884 3083 1979 3136 καὶ

377 3173 469 3232 οἷα
497 3179 602 3248 τῆς
634 3177 846 3231 ἐκείνου
877 3174 1128 3229 συνιέντα
1163 3174 1368 3244 φωνῆς,
1399 3175 1744 3240 συνευλογεϊν
1780 3193 1837 3228 τε
1881 3178 1978 3232 καὶ

377 3273 715 3337 προσκυνεῖν
744 3268 1024 3340 ὥρμηντο,
1055 3267 1145 3319 καὶ
1179 3265 1336 3318 τοῦτο
1368 3266 1558 3335 ἐδήλου
1607 3268 1673 3337 τῇ
1727 3283 1784 3319 τε
1836 3268 1974 3338 πρὸς

374 3364 488 3434 γῆν
527 3365 733 3428 νεύσει,
764 3363 857 3416 καὶ
907 3363 974 3431 τῇ
1004 3361 1138 3428 πρὸς
1172 3359 1310 3429 ἀέρα
1361 3358 1468 3410 τῶν
1508 3357 1683 3411 ποδῶν
1713 3360 1971 3430 ὲπάρσει,

373 3459 478 3512 καὶ
505 3459 575 3527 τῇ
608 3456 745 3528 ἄλλῃ
776 3453 1109 3507 διατυπώσει
1142 3449 1238 3504 τοῦ
1266 3449 1543 3518 σώματος.

2082 1909 2137 1956 et
2167 1898 2392 1954 minime
2423 1909 2760 1963 mansuetos,
2791 1898 2874 1954 eis
2902 1899 3063 1970 longe
3097 1897 3316 1964 savior,
3344 1897 3502 1968 jubet
3533 1898 3666 1968 iugo

2082 1992 2312 2062 alligari,
2343 1999 2398 2047 et
2438 1991 2519 2046 eis
2547 1991 2712 2046 etiam
2748 1988 2956 2060 alligari
2995 1989 3372 2045 Eleutherium
3405 2007 3418 2043 :
3451 1998 3509 2043 ut
3538 2003 3662 2044 cum

2081 2083 2228 2153 equi,
2258 2083 2347 2152 qui
2373 2081 2564 2151 jugum
2597 2079 2740 2136 ferre
2771 2095 2876 2135 non
2907 2079 3235 2144 didicerant,
3264 2087 3321 2134 et
3347 2088 3504 2134 erant
3534 2077 3666 2134 alio-

2081 2175 2171 2244 qui
2199 2173 2322 2240 l‘eri,
2361 2173 2590 2244 strepitu
2625 2185 2824 2228 currus
2853 2171 3011 2225 valde
3039 2179 3224 2226 essent
3261 2172 3584 2240 perturbati,
3609 2180 3666 2225 et

2082 2266 2188 2321 huc
2241 2274 2295 2321 et
2345 2264 2472 2320 illuc
2520 2273 2725 2319 temere
2776 2262 3070 2330 ferrentur,
3110 2263 3360 2332 martyri,
3400 2263 3570 2332 petris
3609 2272 3666 2318 et

2083 2356 2206 2410 aliis
2254 2355 2430 2418 allisa,
2475 2355 2869 2410 divellerentur
2919 2363 2970 2406 et
3010 2353 3382 2408 lacerarentur
3413 2369 3607 2410 carnes
3642 2396 3656 2408 .

2083 2457 2139 2502 ut
2177 2448 2256 2504 sic
2286 2447 2654 2519 particulatim
2681 2455 2735 2502 et
2765 2447 3111 2501 membratim
3137 2447 3416 2512 concisus,
3442 2449 3664 2502 abrum-

2083 2546 2235 2609 peret
2274 2539 2534 2593 animam.
2582 2538 2689 2592 Sed
2747 2553 2845 2592 nec
2901 2540 3016 2592 base
3063 2538 3111 2590 ei
3162 2550 3548 2606 processerunt
3593 2552 3663 2592 ex

2081 2628 2248 2683 animi
2275 2628 2580 2693 sententia;
2609 2627 2704 2682 sed
2743 2625 3018 2694 quomodo
3047 2624 3136 2679 ille
3181 2640 3288 2679 non
3327 2626 3573 2680 cessabat
3597 2641 3663 2682 ea

2082 2719 2321 2789 operari,
2354 2733 2473 2788 quae
2516 2717 2584 2771 ad
2617 2717 2724 2770 vim
2760 2715 3064 2770 faciendam
3116 2714 3480 2784 pertinebant,
3511 2725 3566 2769 et
3595 2717 3664 2770 ad

2084 2810 2417 2866 alierendum
2448 2810 2728 2864 interitum
2764 2829 2780 2866 :
2821 2807 2896 2861 ita
2948 2821 3047 2862 nec
3079 2806 3334 2862 Christus
3365 2822 3429 2862 ea
3481 2809 3665 2878 provi-

2082 2900 2232 2968 dere,
2267 2914 2390 2966 qu:e
2429 2898 2749 2968 spectabant
2791 2897 2859 2950 ad
2894 2895 3146 2950 salutem.
3189 2895 3428 2966 Angelus
3459 2896 3603 2951 enim
3630 2913 3666 2948 ο

2081 2993 2224 3049 caelo
2252 2991 2568 3054 adveniens,
2601 2998 2654 3044 et
2685 2990 2830 3043 feros
2855 2987 2979 3043 illos
3015 3002 3185 3058 equos
3209 2998 3431 3059 repente
3473 2989 3664 3044 reddi-

2085 3088 2164 3142 dit
2197 3087 2356 3141 mites
2383 3094 2438 3140 et
2464 3092 2777 3139 mansuetos
2811 3099 2826 3137 :
2856 3089 2910 3136 et
2941 3095 3062 3136 cum
3109 3081 3363 3138 solvisset
3403 3081 3664 3136 Eleuthe-

2084 3180 2250 3242 rimn,
2281 3189 2405 3230 eum
2429 3174 2681 3228 immittit
2712 3173 2765 3226 in
2811 3187 3032 3227 currum
3067 3190 3080 3227 :
3119 3182 3326 3228 etcum
3372 3173 3697 3228 direxisset.

2083 3280 2254 3336 equos
2312 3264 2380 3318 ad
2439 3274 2680 3317 montem
2754 3261 2992 3318 vicinum
3051 3261 3284 3328 civitati,
3339 3261 3549 3328 eifecit,
3604 3269 3668 3316 ut

2083 3369 2292 3428 martyr
2323 3359 2646 3411 ascenderet
2679 3355 2878 3410 leniter
2915 3361 2969 3409 et
2999 3353 3232 3423 placide.
3263 3355 3322 3409 Ei
3354 3370 3484 3410 vero
3517 3355 3667 3411 aliud

2081 3465 2296 3523 quoque
2346 3446 2556 3502 accedit
2616 3446 2936 3502 admirabile
2976 3455 3029 3499 ct
3079 3457 3272 3501 contra
3328 3449 3665 3518 opinionem.

376 3554 516 3610 Nam
551 3569 674 3608 cum
702 3551 862 3606 sicin
891 3558 1125 3602 montem
1162 3547 1398 3602 venisset
1433 3551 1657 3616 martyr,
1721 3556 1776 3601 et
1851 3547 2047 3608 deinde
2089 3545 2353 3606 rationale
2436 3542 2786 3603 sacrifitium,
2859 3551 3177 3595 consuetam
3248 3542 3356 3596 Deo
3425 3543 3666 3609 laudem,

375 3646 748 3707 sacriﬁcaret,
784 3658 902 3712 qua:
936 3642 1168 3695 aderant
1214 3639 1492 3706 animalia,
1526 3641 1636 3694 ursi
1669 3649 1722 3696 et
1783 3640 1994 3709 leones,
2037 3653 2092 3698 et
2133 3644 2176 3698 si
2215 3654 2335 3710 qum
2379 3648 2538 3692 erant
2581 3635 2700 3690 alia:
2768 3635 2918 3699 fet-:3,
2963 3635 3288 3690 accedentes
3323 3637 3668 3695 circumdant

379 3743 476 3796 Dei
521 3740 808 3802 famulum,
848 3748 902 3790 et
939 3738 988 3791 ei
1029 3737 1380 3790 blandiuntur
1416 3753 1429 3789 :
1469 3746 1524 3790 ct
1572 3745 1829 3806 tanquam
1901 3740 2048 3796 illius
2089 3752 2276 3795 vocem
2324 3734 2714 3803 intelligentes,
2749 3728 3070 3785 benedicere
3101 3741 3386 3798 ceperunt
3427 3739 3483 3784 et
3527 3731 3667 3784 ado-

377 3853 535 3902 rare,
571 3848 623 3891 et
660 3838 760 3889 hoc
808 3834 1208 3902 significabant,
1276 3834 1416 3901 quod
1490 3842 1543 3886 (ι
1589 3831 1641 3884 in
1694 3842 1898 3888 terram
1959 3842 2293 3896 annuercnt,
2367 3840 2423 3885 et
2458 3841 2646 3883 rursus
2675 3827 2728 3880 in
2758 3839 2940 3880 aerem
2975 3821 3199 3893 pedibus
3229 3823 3576 3890 eﬂ‘errentur,
3607 3831 3667 3879 et

373 3933 502 3986 aliis
531 3933 696 3986 etiam
726 3931 969 3998 gestibus
993 3927 1262 3993 corporis.

450 4030 511 4083 1,.
559 4025 720 4079 Ἀλλὰ
759 4025 826 4075 τὰ
887 4023 988 4092 μὲν
1025 4021 1192 4090 θηρία
1241 4017 1384 4072 οὓτω
1427 4022 1528 4090 τὴν
1562 4021 1782 4092 χορείαν
1809 4021 1978 4092 ἐπλή-

377 4137 533 4189 ρουν,
568 4117 758 4187 ὥσπερ
808 4113 1135 4185 χοροὶ-ἐκτου
1172 4115 1266 4165 καὶ
1309 4114 1703 4182 πρωτοστάτου
1741 4114 1978 4184 τυχόντα

377 4209 476 4263 τοῦ
529 4211 842 4278 μάρτυρος·
912 4203 1192 4274 Ἁδριανὸς
1245 4202 1301 4255 δὲ
1337 4203 1435 4272 οὐχ
1487 4203 1568 4255 ὅτι
1606 4203 1820 4268 τούτου,
1861 4203 1977 4256 ἀλλ’

373 4302 504 4354 οὐδὲ
576 4300 685 4351 τῶν
734 4297 938 4367 θηρίων
997 4294 1180 4348 αὐτῶν
1238 4295 1418 4365 ᾐδεῖτο
1465 4295 1564 4364 τὴν
1595 4294 1848 4347 σύνεσιν·
1898 4296 1979 4356 εἰς

375 4392 558 4462 ἀκοὴν
604 4395 713 4462 γᾴρ
766 4391 991 4442 ἐκείνων
1032 4387 1224 4449 ἐλθὼν,
1296 4387 1576 4457 ’Δδριανὸς
1628 4381 1696 4458 ἦν
1737 4386 1969 4450 ὁαύτὸς,

379 4485 573 4554 πολλῷ
626 4485 720 4536 καὶ
771 4481 982 4552 θηρίων
1031 4481 1130 4535 καὶ
1186 4479 1326 4532 ὄνων
1380 4478 1735 4549 ἁνυητὸτερός
1784 4496 1843 4533 τε
1877 4481 1973 4532 καὶ

377 4577 725 4647 ἀγριώτερος
747 4591 761 4603 ο
794 4575 857 4625 ού
906 4574 1069 4641 μόνον
1103 4571 1209 4642 γὰρ
1264 4570 1492 4638 βελτίων
1546 4571 1700 4624 οὐδὲν
1740 4570 1848 4622 ἀπὸ
1881 4569 1974 4622 τοῦ

378 4669 668 4738 θαύματος
729 4666 978 4734 γέγονεν,
1012 4663 1150 4716 ἀλλὰ
1199 4664 1293 4716 καὶ
1348 4660 1690 4732 στρατιώτας
1723 4663 1977 4732 ξιφήρεις

377 4763 625 4830 ἔπεμπε,
657 4759 848 4812 θᾶττον
883 4755 1326 4826 συλληψομένους
1375 4753 1468 4806 τὸν
1517 4753 1878 4824 Ἐλευθέριον,
1907 4752 1976 4806 τὰ

377 4855 438 4908 δὲ
465 4853 660 4922 Θηρία,
695 4851 768 4910 ὡς
809 4851 875 4904 ἂν
916 4849 1162 4919 ἀκριϐῶς
1191 4848 1369 4900 εἰδότα
1413 4847 1509 4900 καὶ
1558 4846 1744 4915 φίλους
1768 4846 1976 4917 κρίνειν

376 4943 478 4997 τοῦ
510 4941 721 4996 ἑαυτῶν
753 4941 1018 4994 δεσπότου
1051 4939 1148 4992 καὶ
1181 4936 1498 5006 πολεμίους,
1526 4935 1602 4999 ὡς
1639 4935 1800 5007 μόνον
1831 4933 1971 4990 εῐδον

375 5036 511 5096 τοὺς
544 5032 910 5103 στρατιώτας,
946 5031 1158 5100 ταχέως
1211 5027 1490 5098 ἐφέροντο.
1532 5026 1628 5080 καὶ
1675 5025 1873 5097 μικροῦ
1905 5025 1973 5080 ἂν

379 5128 476 5180 καὶ
507 5124 874 5178 διεσπάσαντο
901 5122 1127 5182 τούτους
1155 5120 1352 5189 κέρασι
1383 5116 1478 5170 καὶ
1507 5115 1743 5180 ὀδοῦσιν,
1774 5117 1823 5168 εἰ
1847 5115 1922 5185 μὴ
1943 5115 1972 5167 6

381 5220 598 5290 μάρτυς
655 5219 768 5279 τοῖς
804 5215 904 5283 μὶν
937 5214 1014 5274 ὡς
1064 5212 1192 5283 περί
1252 5226 1376 5264 τινα
1438 5207 1659 5277 χαλινὸν
1690 5207 1781 5260 τὸν
1815 5207 1972 5276 λόγον

375 5309 664 5381 ιμόαλὼν,
693 5307 818 5362 ὅθεν
846 5305 1010 5378 ἦλθον
1044 5305 1327 5356 ἐπανιέναι
1358 5301 1716 5370 προσέταττε,
1765 5301 1876 5362 τοῖς
1909 5299 1967 5353 δὲ

380 5401 750 5474 στρατιώταις
793 5399 965 5462 λύσας
1016 5397 1107 5450 τὸν
1133 5394 1323 5464 φὸὗλν,
1356 5393 1456 5448 καὶ
1489 5393 1587 5463 τὴν
1621 5389 1741 5456 μεθ’
1782 5390 1965 5444 ὃπλων

377 5496 597 5550 “anew
627 5491 926 5552 ὀνειδίσας.
963 5489 1039 5540 Οὐ
1066 5489 1176 5556 γὰρ
1194 5487 1286 5539 ἐπε
1309 5501 1450 5550 τινα,
1483 5484 1674 5554 φησιν,
1699 5481 1966 5554 ἀνδρόφο-

381 5603 472 5644 νον
496 5587 532 5657 ἢ
562 5585 773 5658 λῃστὴν
801 5581 1024 5653 ἡλθετε,
1059 5577 1154 5641 οὒς
1189 5577 1294 5634 ἔδει
1327 5575 1558 5645 νεύματι
1589 5574 1736 5644 μόνῳ
1785 5573 1968 5645 amri]-

453 5734 474 5766 '
502 5734 640 5790 Dan.
667 5743 779 5783 xtv.
857 5727 884 5758 ⁹
909 5723 978 5778 Ill
1011 5723 1145 5794 Reg.
1174 5739 1306 5777 xvtt.

708 5827 985 5884 ΡΑΤιιοι.
1028 5825 1140 5878 ιὶιι.
1175 5820 1276 5878 CX
1293 5819 1362 5878 Υ.

2155 4015 2220 4072 Χ.
2266 4012 2374 4070 Sed
2424 4012 2508 4066 sic
2548 4008 2768 4080 quidem
2820 4008 2972 4073 ferae,
3006 4007 3232 4077 perinde
3273 4021 3336 4060 uc
3372 4007 3416 4060 si
3457 4014 3662 4080 martyr

2079 4117 2225 4164 esset
2259 4104 2410 4160 chori
2441 4103 2716 4156 iustltutor
2740 4108 2796 4154 et
2823 4100 3034 4164 ductor,
3060 4109 3113 4152 et
3143 4112 3264 4151 cum
3296 4097 3341 4153 is
3373 4098 3662 4166 incepisset

2079 4213 2297 4261 canere,
2327 4211 2406 4251 ere
2439 4207 2657 4265 quoque
2695 4194 2954 4248 cboream
2983 4192 3270 4261 implentes
3297 4191 3661 4247 circumsilie-

2082 4293 2211 4345 baut
2260 4298 2312 4341 et
2356 4286 2511 4358 quasi
2562 4285 2981 4353 respondebant,
3017 4291 3074 4335 et
3108 4284 3444 4352 magistrum,
3477 4283 3660 4353 quoad

2081 4380 2198 4450 ejus
2218 4381 2334 4435 ﬁeri
2353 4384 2585 4450 poterat,
2603 4377 2974 4445 sequebantur
3007 4373 3422 4429 admirabiliter.
3466 4374 3658 4430 Adria-

2083 4487 2184 4528 nus
2211 4483 2514 4526 autemnon
2539 4469 2716 4524 solum
2759 4467 3040 4539 martyris.
3074 4467 3168 4522 sed
3190 4484 3256 4522 ne
3275 4467 3512 4537 ipsarum
3538 4468 3661 4538 qui-

2079 4568 2200 4622 dent
2237 4564 2475 4618 ferarum
2508 4559 2858 4616 reverebatur
2888 4559 3298 4628 intelligentiam
3347 4575 3359 4612 :
3393 4561 3488 4614 sed
3532 4576 3656 4614 cum

2079 4663 2145 4712 ad
2200 4655 2322 4709 illas
2370 4654 2606 4707 venisset
2654 4649 2979 4712 audiendas,
3026 4661 3148 4703 erat
3199 4651 3342 4706 idem
3388 4651 3661 4706 Adrianus

2077 4750 2264 4804 multis
2295 4748 2458 4802 etiam
2496 4744 2627 4799 feris
2673 4753 2725 4797 et
2775 4740 2946 4796 asinis
2992 4740 3338 4809 insipientior
3364 4751 3418 4796 et
3463 4741 3660 4797 effera-

2080 4845 2204 4898 tior.
2244 4841 2395 4894 Multi
2451 4839 2620 4903 enim,
2664 4834 2860 4905 quibus
2909 4847 3058 4888 cura:
3101 4842 3220 4887 erat
3257 4833 3495 4899 venatio,
3531 4848 3660 4888 cunt

2075 4935 2193 4990 haec
2227 4935 2344 4990 suis
2373 4932 2634 4986 vidissent
2662 4925 2856 4993 oculis,
2889 4925 3275 4980 renuntiarunt
3334 4925 3648 4996 imperatori

2077 5028 2170 5083 sed
2205 5027 2292 5080 ille
2319 5031 2459 5090 erat,
2495 5031 2554 5076 ut
2585 5031 2668 5076 est
2699 5021 2754 5076 in
2788 5017 3095 5089 proverbio,
3125 5017 3312 5072 asinus
3351 5019 3419 5073 ad
3451 5017 3622 5090 lyram

2076 5118 2195 5174 Non
2225 5118 2401 5174 solum
2433 5115 2576 5170 enim
2608 5111 2877 5169 miraculo
2921 5110 3058 5164 nihil
3097 5109 3276 5165 evasit
3315 5110 3529 5177 melior,
3559 5108 3658 5168 sed

2076 5209 2242 5266 etiam
2294 5217 2541 5264 armatos
2579 5206 2766 5261 emisit
2803 5202 3030 5268 milites,
3060 5216 3186 5256 mox
3235 5202 3657 5276 comprehensu-

2078 5316 2170 5356 ros
2217 5299 2613 5358 Eleutherium.
2649 5295 2802 5352 Ferte
2851 5305 3039 5349 autem
3097 5308 3201 5349 non
3253 5292 3657 5349 conservabant

2078 5406 2263 5462 parem
2297 5392 2351 5447 in
2385 5391 2506 5446 illos
2547 5386 2951 5445 observantiam
2985 5403 2999 5442 :
3035 5387 3128 5443 sed
3156 5395 3214 5441 ut
3240 5400 3360 5455 qua:
3403 5391 3660 5438 accurato

2079 5486 2283 5540 scirent
2312 5484 2396 5539 sui
2440 5482 2648 5539 domini
2687 5481 3000 5542 discernere
3043 5477 3248 5533 amicos
3279 5484 3335 5531 et
3373 5473 3653 5536 inimicos.

2075 5590 2201 5631 eum
2243 5575 2478 5645 primum
2519 5589 2615 5632 eos
2640 5575 2916 5636 viderunt,
2955 5570 3243 5628 celerrime
3286 5569 3342 5624 in
3385 5582 3480 5623 eos
3504 5565 3652 5624 fers-

3177 5807 3212 5866 5
