4108 6466
439 319 551 381 139

434 435 629 488 bantur

436 526 694 580 cornibus
745 531 798 578 et
855 521 1126 584 dentibus,
1186 519 1287 572 nisi
1362 527 1569 588 martyr
1631 516 1734 570 illis
1793 516 2012 586 quidem

445 631 700 688 tanquam
735 615 887 670 freno
919 613 1101 681 aliquo
1131 626 1238 665 non
1275 608 1618 678 aspectabili,
1656 609 1853 677 injecta
1885 624 2012 663 ora-

438 712 610 776 tione,
657 710 909 778 jussisset
951 720 1050 759 eas
1100 706 1299 758 reverti
1351 704 1494 758 unde
1541 712 1822 756 venerant.
1875 702 2011 756 Cum

433 803 700 859 militibus
731 814 860 852 vero
907 806 1106 850 metum
1139 794 1414 859 solvisset,
1446 803 1500 848 et
1529 794 1621 863 qui
1673 808 1796 847 cum
1841 793 2011 848 armis

1752 313 2035 377 MENSIS
2076 314 2386 380 AI'RILIS

678 449 690 484 :
736 437 791 484 et
841 443 1028 498 parum
1086 427 1276 494 abfuit,
1323 425 1453 496 quin
1503 440 1595 480 eos
1647 425 2010 493 discerperent

2121 444 2318 490 ναντας
2339 429 2429 480 τὸν
2456 429 2790 499 ζητούμενον
2821 430 2966 500 ἔχειν
2997 432 3283 501 ἑπόμενον.
3320 434 3505 500 Οὕτως
3538 439 3709 491 εἰπὼν

3600 326 3706 392 ιιι

2126 519 2425 590 προθύμως
2476 520 2802 590 ἠκολούθει·
2842 523 3014 576 πολλὰ
3044 525 3102 578 δὲ
3138 525 3280 578 κατὰ
3324 527 3423 596 τὴν
3477 529 3710 598 πορείαν

2123 609 2336 674 τούτοις
2360 611 2770 683 διαλεγόμενος,
2796 616 3062 680 ὲπιεικῶς
3094 635 3152 669 τε
3189 618 3476 688 παραινῶν
3501 623 3595 672 καί
3626 621 3709 672 δι-

2121 701 2358 770 δάσκων,
2409 705 2622 769 πολλοῖς
2653 707 2836 762 αὐτῶν
2874 709 2935 761 τὸ
2961 712 3060 780 τῆς
3105 710 3370 781 ἀληθείας
3421 713 3708 783 ἐπέλαμψε

2123 812 2260 866 φως.

434 898 651 952 inerant
694 893 776 948 eis
821 892 1106 945 adventum
1153 889 1540 958 exprobrasset
1600 887 1799 956 (neque
1847 888 1996 941 enim
2061 887 2128 940 ad
2198 889 2524 956 parricidam
2561 891 2800 962 aliquem
2831 893 3052 952 venisse
3087 906 3180 951 aut
3249 898 3536 956 latronem,
3569 912 3706 966 quos

429 989 737 1059 oportebat,
771 1000 892 1039 cum
928 994 1063 1038 nutu
1106 981 1279 1037 solum
1351 981 1778 1051 significassent,
1845 989 2167 1051 sequentem
2221 985 2426 1040 habere
2489 1002 2635 1052 eum,
2671 990 2763 1057 qui
2808 989 2877 1045 ab
2961 992 3040 1046 eis
3073 992 3381 1063 qua-ritur),
3434 993 3537 1048 hoc
3579 1008 3702 1047 cum

432 1082 684 1145 dixisset,
720 1079 842 1134 laeto
871 1087 930 1133 et
960 1076 1128 1130 alacri
1177 1075 1361 1130 animo
1431 1078 1788 1144 sequebatur,
1856 1075 2087 1130 multum
2145 1076 2426 1135 disserens
2481 1080 2534 1134 in
2591 1081 2786 1137 itinere
2831 1099 2844 1139 :
2896 1095 2953 1139 et
3008 1086 3053 1140 si
3104 1087 3239 1141 nihil
3299 1088 3467 1151 aliud,
3519 1089 3704 1143 dicens

429 1189 682 1250 oportere
713 1191 807 1231 eos
849 1175 1087 1229 revereri
1119 1173 1356 1228 ferarum
1389 1172 1827 1242 intelligentiam,
1892 1181 1948 1227 et
2017 1187 2082 1227 ex
2124 1173 2206 1228 eis
2255 1188 2454 1244 capere
2497 1187 2707 1231 certum
2758 1180 3065 1249 exemplum
3115 1183 3182 1234 ad
3230 1198 3377 1246 eum,
3415 1183 3508 1252 qui
3561 1182 3709 1252 ipsos

430 1275 657 1335 creavit,
717 1271 1146 1340 agnoscendum.
1207 1266 1414 1322 Deinde
1477 1269 1682 1337 optime
1747 1283 1871 1321 cum
1933 1267 2015 1322 eis
2093 1268 2351 1324 disseruit
2399 1271 2465 1327 de
2516 1289 2684 1343 regno
2737 1275 2996 1330 cmlorum
3053 1286 3106 1332 et
3154 1278 3455 1348 gehenna:
3527 1291 3579 1334 et
3627 1280 3710 1334 sic

431 1387 527 1441 per
565 1378 732 1424 totam
776 1367 917 1421 viam
951 1363 1342 1432 benignissime
1378 1363 1682 1419 admonens
1712 1372 1766 1418 et
1796 1365 2020 1430 docens,
2062 1369 2272 1419 tantam
2331 1365 2440 1420 vim
2479 1367 2687 1435 ltabuit,
2755 1380 2815 1426 ut
2865 1372 3051 1428 multis
3090 1389 3156 1427 ex
3199 1374 3282 1430 eis
3328 1376 3705 1444 persuaderet,

427 1467 800 1533 eﬂiceretque,
858 1471 918 1516 ut
962 1463 1053 1514 lux
1105 1460 1352 1515 veritatis
1404 1459 1610 1514 luceret
1661 1459 1714 1513 in
1772 1457 1990 1514 illorum
2028 1460 2248 1517 animis.

501 1581 593 1636 XI.
622 1581 915 1650 Postquam
951 1590 1078 1630 vero
1103 1573 1326 1628 Romam
1358 1583 1747 1643 pervenerunt,
1778 1573 2015 1642 impera-
2055 1583 2097 1638 Β

431 1685 521 1728 tor
563 1673 746 1727 statim
803 1668 1098 1723 maximam
1135 1676 1400 1720 convocat
1447 1666 1791 1731 concionem,
1833 1665 2016 1720 volens

431 1768 636 1821 habere
695 1763 962 1833 plurimos
1015 1767 1185 1815 testes
1243 1759 1496 1813 interitus
1551 1759 1825 1829 martyris.
1877 1757 2012 1812 Cum

435 1872 618 1917 autem
651 1858 874 1912 fuerunt
918 1855 1099 1909 omnia
1140 1861 1358 1922 parata,
1387 1863 1440 1906 et
1471 1851 1732 1919 frequens
1761 1852 2015 1907 convenit

433 1956 685 2026 populus,
741 1967 898 2008 secus
948 1949 1152 2012 evenit,
1204 1962 1364 2017 quam
1421 1947 1650 2014 putabat
1695 1947 2011 2014 imperator.

434 2050 538 2115 Qui
569 2047 714 2101 enim
732 2047 977 2108 aderant,
1002 2058 1110 2096 non
1142 2040 1394 2110 martyris
1410 2039 1725 2103 occisionis,
1744 2039 1836 2093 sed
1854 2037 2014 2092 Chri-

432 2144 526 2206 sti,
559 2155 679 2210 quae
709 2139 762 2193 in
795 2138 913 2206 ipso
939 2146 1080 2200 erat,
1114 2133 1330 2187 virtutis
1367 2131 1585 2186 fuerunt
1616 2131 1793 2202 potius
1826 2140 2012 2195 teStes,

433 2233 580 2287 omni
623 2231 950 2297 exceptione
983 2227 1244 2294 majores.
1279 2223 1410 2278 Nam
1445 2225 1612 2279 leaena
1653 2224 1872 2293 quidem
1920 2223 2014 2275 ad-

434 2325 654 2380 modum
698 2336 838 2376 sazva
885 2321 938 2373 in
982 2335 1103 2374 eum
1156 2316 1471 2370 itnmittitnr
1504 2332 1518 2369 :
1549 2331 1668 2384 qua:
1711 2316 1885 2370 instar
1921 2314 2012 2368 teli

433 2431 631 2486 magno
661 2415 864 2483 impetu
905 2411 1066 2465 irruit
1094 2418 1148 2463 et
1175 2408 1240 2461 ad
1272 2417 1519 2463 sanctum
1548 2407 1784 2470 accedit,
1813 2422 1922 2460 non
1957 2413 2016 2460 ut

431 2506 801 2562 Eleutherium
828 2505 1185 2570 discerperet,
1213 2509 1308 2552 aut
1333 2499 1416 2554 vel
1447 2501 1644 2567 exiguo
1673 2513 1857 2552 morsu
1887 2513 2010 2552 eum

427 2601 728 2656 oll'enderct
761 2614 775 2651 :
823 2597 914 2652 sed
962 2597 1140 2664 potius
1173 2603 1230 2647 ut
1270 2592 1415 2646 illius
1448 2595 1612 2661 pedes
1644 2606 1754 2659 pra
1807 2605 2007 2659 magna

429 2693 847 2762 amplecteretur
878 2683 1277 2740 benevolentia.
1309 2680 1462 2747 Quod
1496 2681 1713 2750 quidem
1757 2679 1884 2734 fecit.
1918 2696 2011 2732 ac-

427 2798 676 2839 currens.
714 2779 997 2834 Inclinavit
1034 2777 1179 2830 cnim
1236 2774 1505 2828 cervicem
1555 2772 1672 2839 ejus
1719 2771 1944 2839 pedibus
1995 2785 2008 2823 :

427 2879 609 2947 lingua
641 2890 766 2928 vero
793 2870 1072 2926 lambebat
1095 2866 1217 2937 ejus
1246 2865 1477 2936 plantas.
1505 2861 1802 2917 Videbatur
1831 2873 2010 2916 autem

426 2985 571 3042 aegre
599 2969 770 3031 ferre,
806 2964 947 3034 quod
975 2977 1082 3016 non
1130 2961 1294 3014 etiam
1339 2971 1525 3012 vocem
1563 2957 1786 3010 haberet
1823 2955 2015 3008 huma-

430 3079 582 3125 nam,
611 3074 733 3129 qua:
768 3072 864 3126 pro
897 3058 1106 3124 pietate
1123 3052 1442 3121 loqueretur
1464 3063 1588 3102 cum
1618 3056 1877 3117 martyre.
1909 3047 2014 3100 Sed

427 3170 529 3209 nec
554 3155 666 3206 haec
691 3150 1018 3221 persuadent
1046 3144 1382 3214 imperatori,
1407 3141 1498 3211 qui
1521 3148 1640 3195 erat
1662 3141 1799 3192 duro
1823 3139 2009 3204 corde,

427 3250 568 3300 sicut
604 3255 658 3298 et
699 3244 788 3298 ille
834 3241 1068 3306 Pharao,
1107 3248 1164 3291 ut
1213 3238 1469 3304 pietatem
1517 3250 1583 3288 ex
1626 3233 1709 3288 eis
1743 3233 2011 3298 disceret;

427 3336 523 3390 sed
555 3345 611 3387 ut
641 3335 734 3402 qui
780 3332 1007 3386 bestiam
1050 3330 1363 3384 damnasset
1407 3324 1824 3389 imbecillitatis,
1868 3328 2012 3394 quod

428 3443 490 3480 ea
523 3437 666 3481 esset
699 3424 920 3487 feinina,
947 3423 1101 3490 jubet
1132 3422 1298 3474 etiam
1333 3433 1539 3473 marem
1590 3419 1750 3472 simul
1789 3416 2011 3471 innnitti

429 3521 485 3576 in
510 3527 825 3588 martyrem.
842 3515 933 3569 Ille
960 3529 1085 3568 vero
1108 3513 1256 3568 velut
1276 3513 1614 3567 contemlens
1634 3525 1758 3564 cum
1785 3512 2008 3577 feinitm,

431 3623 618 3668 etnon
655 3612 833 3664 minus
863 3607 1159 3663 benevolus
1197 3606 1385 3660 volens
1430 3605 1607 3660 videri
1641 3606 1692 3658 in
1723 3605 2008 3668 athletam,

429 3706 578 3759 illaut
605 3703 822 3773 quidem
857 3699 1070 3770 repellit
1104 3715 1118 3753 :
1156 3698 1272 3769 ipse
1303 3708 1484 3752 autem
1518 3713 1816 3752 accurrens
1849 3701 2012 3767 pedes

432 3795 800 3867 amplectitur,
832 3793 1095 3856 adhaeret,
1132 3789 1343 3854 lambit,
1373 3788 1547 3850 exilit,
1577 3799 1756 3860 gestu,
1792 3798 2010 3855 aspectu

431 3899 488 3944 et
516 3899 660 3942 motu
685 3901 838 3942 suam
869 3883 1156 3937 annuntiat
1179 3881 1636 3936 benevolentiam.
1661 3879 1735 3934 Ex
1767 3881 1832 3935 iis
1865 3895 2010 3946 vero,

433 3978 525 4048 qui
554 3979 781 4031 aderant
825 3984 882 4028 et
923 3974 1039 4028 haec
1085 3971 1360 4036 videbant,
1408 3971 1500 4040 qui
1545 3971 1748 4024 anima:
1792 3970 2011 4038 quidem

434 4073 607 4129 oculis
653 4081 926 4138 utcunque
967 4065 1340 4130 intuebantur,
1401 4064 1648 4132 protinus
1704 4063 2014 4118 clamabant

433 4178 689 4232 maguum
753 4174 875 4214 csse
928 4157 1118 4222 Deum,
1172 4156 1265 4225 qui
1317 4153 1515 4209 colitur
1561 4155 1628 4210 ab
1676 4152 2009 4208 Eleutherio.

2195 1573 2294 1630 Μ’.
2349 1578 2438 1642 Ὦς
2473 1579 2529 1633 δὲ
2587 1580 2686 1652 τὴν
2751 1581 2973 1654 Ῥώμην
3009 1585 3334 1652 κατέλαϐεν,
3383 1591 3412 1642 ό
3448 1588 3706 1658 βασιλεὺς

2119 1665 2346 1738 θέατρον
2377 1672 2634 1741 μέγιστον
2659 1678 2904 1746 συνιστᾷ,
2933 1679 3214 1748 μάρτυρας
3241 1679 3529 1743 πλείστους
3559 1680 3704 1750 ἔχειν

2118 1758 2440 1830 βουλόμενος
2465 1763 2566 1833 τῆς
2597 1765 2690 1818 τοῦ
2721 1770 3004 1839 μάρτυρος
3054 1771 3347 1834 ἀπωλείας.
3377 1772 3704 1824 Τοῦναντίον

2116 1850 2403 1922 δὲμᾶλλον
2456 1856 2740 1911 ἐπέϐαινεν
2783 1861 2815 1928 ἢ
2878 1860 3056 1914 ἐδόκει
3087 1861 3165 1932 τῷ
3213 1863 3461 1932 βασιλεῖ’
3512 1866 3561 1916 οἱ
3591 1867 3702 1934 γὰρ

2119 1944 2390 2013 παρόντες
2441 1948 2502 1999 οὑ
2536 1949 2636 2016 τῆς
2692 1949 2788 2002 τοῦ
2830 1952 3110 2022 μάρτυρος
3163 1955 3535 2025 ἀναιρέσεως..
3561 1956 3704 2010 ἀλλὰ

2115 2033 2216 2103 τῆς
2249 2037 2337 2088 ἐπ’
2365 2038 2516 2108 αὐτῷ
2544 2039 2828 2111 δυνάμεως
2856 2042 2950 2094 τοῦ
2992 2045 3234 2114 Χριστοῦ
3262 2046 3464 2116 μᾶλλον
3493 2049 3703 2118 μάρτυ-

2117 2142 2210 2196 ρες
2234 2121 2377 2196 ἦσαν
2415 2131 2668 2200 φανερῶς
2723 2133 3177 2204 ἀπαράγραπτοι,
3229 2137 3434 2190 Λέαινα
3469 2139 3567 2206 μὲν
3591 2139 3702 2208 γὰρ

2117 2217 2266 2285 αὐτῷ
2324 2222 2616 2289 ὲπαφίεται
2691 2223 2833 2278 πάνυ
2899 2225 3088 2296 ἀγρία,
3147 2229 3268 2297 ἥτις
3326 2230 3568 2298 σφοδρῶς
3603 2230 3705 2298 μὲν

2115 2308 2296 2362 ἔπεισι
2315 2311 2392 2381 τῷ
2436 2311 2622 2383 Ἀγίῳ,
2657 2317 2715 2368 οὐ
2752 2315 2859 2386 μὴν
2888 2317 3028 2369 ὥστε
3077 2319 3424 2387 λαφὺξασθαι
3533 2321 3703 2391 ὀλίγῳ

2114 2400 2354 2471 δήγματι
2384 2404 2646 2474 λυπῆσαι,
2678 2407 2791 2459 ἀλλ’
2819 2408 2962 2462 ὥστε
2989 2411 3115 2472 τοὺς
3169 2413 3382 2464 ἐκείνου
3411 2414 3574 2475 πόδας
3610 2415 3705 2467 εὑ-

2117 2497 2310 2558 νοῖκῶς
2343 2498 2788 2568 περιπτύξασθαι
2813 2516 2827 2531 ο
2887 2501 3065 2554 ἔκλινε
3098 2503 3198 2572 μὲν
3250 2506 3360 2574 γὰρ
3391 2505 3572 2568 αὐτοῖς
3611 2506 3704 2558 τὸν

2115 2587 2340 2656 αὐχένα,
2379 2587 2598 2652 ὑπένιξε
2657 2589 2714 2642 δὲ
2743 2594 2809 2661 τῇ
2839 2591 3058 2662 γλώττῃ
3090 2595 3159 2646 τὰ
3210 2594 3356 2664 ἴχνη,
3389 2613 3476 2648 κα⁸
3513 2595 3706 2666 ὥσπερ

2115 2677 2309 2747 ἤχθετο
2323 2679 2404 2732 ὅτι
2427 2682 2501 2746 μὴ
2519 2682 2611 2732 καὶ
2633 2686 2817 2752 φωνὴν
2842 2683 3192 2753 ἀνθρωπείαν
3213 2682 3326 2756 εἶχε
3361 2688 3708 2755 συμφθεγγο-

2117 2770 2284 2840 μὲνην
2341 2771 2482 2842 ὑπὲρ
2519 2772 2800 2836 εὐσεϐείας
2854 2774 2932 2844 τῷ
2990 2779 3256 2847 μάρτυρι.
3313 2780 3390 2832 Οὐ
3437 2779 3495 2831 δὲ
3525 2779 3706 2833 ταῦτα

2119 2863 2368 2916 πείθουσι
2395 2863 2486 2916 τὸν
2510 2866 2653 2917 κατὰ
2675 2866 2767 2918 τὸν
2793 2867 2995 2938 Φαραὼ
3023 2870 3452 2940 σκληροκὰρδιον
3471 2872 3706 2940 βασιλέα

2122 2954 2462 3024 μεταμαθεῖν
2520 2957 2617 3028 τὴν
2669 2958 2981 3023 εὐσέϐειαν,
3024 2961 3139 3015 ἀλλ’
3166 2962 3359 3032 ὥσπερ
3392 2963 3706 3030 ἀσθένειαν,

2117 3045 2200 3097 ὃτι
2252 3045 2410 3115 θῆλυ,
2466 3052 2771 3117 καταγνοὺς
2821 3053 2915 3106 τοῦ
2978 3054 3191 3124 θηρίου.
3251 3059 3343 3109 καὶ
3383 3059 3587 3128 ἄρρενα
3623 3057 3704 3126 τῷ

2121 3138 2358 3208 μάρτυρι
2390 3141 2761 3210 συναφεθηναι
2787 3145 3003 3197 κελεύει
3031 3161 3045 3176 ο
3071 3149 3324 3208 κάγείνος
3362 3150 3528 3201 οίοιεὶ
3565 3153 3704 3220 πρὶς

2115 3230 2216 3300 τὴν
2239 3229 2461 3299 θήλειαν
2516 3233 2921 3301 ἁμιλλώμενος,
2982 3238 3284 3290 ἀπωθεῖται
3340 3240 3438 3309 μὲν
3470 3242 3704 3308 ταύτην,

2115 3318 2267 3386 οὗτος
2293 3323 2348 3376 δὲ
2380 3325 2456 3392 τῷ
2494 3325 2729 3394 μάρτυρι
2766 3328 3134 3398 προσδραμὼν
3160 3333 3554 3399 περιπλέκεται
3588 3335 3702 3395 τοῖς

2118 3415 2267 3479 ποσὶ,
2297 3415 2647 3485 περιφύεται,
2711 3419 2909 3483 σαίνει,
2965 3422 3185 3490 σκιρτᾷ,
3231 3423 3477 3491 σχήμασι
3515 3439 3570 3474 τε
3602 3424 3705 3475 καὶ

2116 3511 2368 3578 νεύμασι.
2404 3510 2496 3560 καὶ
2524 3512 2805 3576 κινήμασι,
2842 3513 2940 3580 τὴν
2966 3510 3180 3564 εὔνοιαν
3203 3513 3701 3581 ἁπαγγὲλλει.’1’‹ἷ›ν

2116 3598 2174 3652 δὲ
2205 3599 2380 3653 ταῦτα
2408 3598 2738 3668 βλεπόντων,
2772 3602 2820 3653 οἱ
2857 3601 2957 3670 μὲν
2997 3605 3178 3667 ποσῶς
3200 3606 3430 3674 ὁρῶντες
3455 3610 3567 3667 τοῖς
3597 3607 3703 3674 τῆς

2114 3694 2293 3764 ψυχῆς
2351 3693 2671 3762 ὀφθαλμοῖς,
2733 3695 2894 3758 εὐθὺς
2961 3698 3131 3750 ἐϐόων
3194 3700 3367 3767 μέγαν
3418 3695 3557 3752 εἶναι
3607 3701 3704 3751 τὸν

2129 3786 2471 3857 Ἐλευθερίου
2503 3788 2655 3853 Θεὸν,
2684 3787 2731 3840 οἱ
2767 3788 2820 3840 δὲ
2857 3789 3263 3857 τυςλώττοντες
3318 3791 3409 3844 διὰ
3444 3792 3543 3860 τὴν
3573 3793 3709 3844 dies-

2117 3878 2294 3943 ϐειαν,
2325 3879 2522 3931 πλάνον
2559 3883 2652 3934 καὶ
2680 3885 2972 3950 φαρμακὸν
3007 3883 3096 3935 τὸν
3133 3884 3323 3951 ’Ἄγιον
3362 3887 3703 3941 ἀπεκάλουν.

2130 3974 2269 4028 Ἀλλ’
2303 3975 2654 4046 ἐμφραγῆναι
2682 3976 2895 4038 πάντως
2927 3977 3032 4030 ἔδει
3063 3982 3126 4031 τὰ
3160 3981 3310 4052 χείλη
3336 3983 3401 4034 τὰ
3425 3984 3593 4044 δόλια,
3623 3984 3709 4048 ὡς

2117 4067 2147 4120 ὁ
2175 4066 2316 4128 θεῖος
2347 4067 2451 4135 ἔφη
2482 4065 2664 4130 Auni-3,
2693 4069 2759 4120 τὰ
2811 4068 3080 4124 λαλοῦντα
3137 4072 3276 4125 κατὰ
3331 4074 3424 4126 τοῦ
3487 4075 3705 4128 δικαίου

2119 4159 2370 4229 ἀνομίαν,
2411 4159 2468 4211 ὲν
2517 4159 2898 4231 ῦπερηςρανεὶᾳ
2953 4163 3046 4213 καὶ
3107 4162 3477 4229 ὲξουδενὼσει,
3509 4166 3590 4220 ὥσ
3635 4185 3706 4239 ερ

433 4257 674 4324 Quorum
707 4263 886 4307 autem
919 4250 1117 4304 mentis
1147 4248 1295 4302 visus
1321 4245 1660 4312 excutiebat,
1691 4245 1728 4299 ii
1761 4257 2008 4301 sanctum

2121 4254 2230 4322 ἄρα
2248 4254 2340 4304 καὶ
2366 4251 2775 4320 ὲνεφράγησαν,
2803 4255 2896 4306 καὶ
2917 4257 3013 4324 τὴν
3035 4256 3271 4327 ἐσχάτην
3301 4259 3514 4330 σιωπὴν
3538 4261 3706 4313 ἐσιώ-

433 4351 706 4404 vocabant
775 4347 995 4417 planum
1054 4351 1112 4397 et
1181 4339 1505 4404 maleﬁcum,
1561 4341 1653 4409 qui
1713 4341 1826 4394 hzec
1886 4339 2017 4395 solis

434 4441 726 4512 praestigiis
778 4437 915 4493 falso
965 4434 1199 4489 faciebat
1243 4447 1526 4502 apparere.
1576 4430 1682 4487 Sed
1729 4431 1845 4487 ﬁeri
1905 4449 2012 4489 non

2119 4361 2301 4414 πησαν
2325 4359 2338 4373 ο
2375 4343 2575 4412 μεταξὺ
2612 4342 2720 4412 γὰρ
2743 4343 2849 4398 τῶν
2883 4344 3055 4413 λόγων
3084 4348 3334 4416 ἀοράτως
3371 4352 3700 4422 πληγέντες,

2114 4437 2346 4492 θάνατον
2371 4434 2535 4497 εὐθὺς
2570 4429 2727 4503 εὗρον
2760 4437 2828 4490 τὰ
2863 4439 2960 4506 τῆς
2999 4439 3356 4510 βλασφημίας
3388 4443 3660 4514 ἐπίχειρα.

434 4548 668 4610 poterat,
719 4547 776 4590 ut
825 4537 877 4589 in
928 4533 1013 4588 his
1059 4530 1241 4586 divina
1268 4529 1840 4599 quiesceretjustitia;
1894 4535 1988 4588 sed
2029 4535 2316 4608 oportebat
2365 4533 2584 4586 omnino
2654 4532 2863 4586 obstrui
2911 4534 3058 4588 labra
3109 4537 3315 4602 dolosa,
3386 4547 3444 4592 nt
3483 4538 3707 4593 dH‘illllS

436 4632 570 4688 dicit
611 4628 806 4692 David,
835 4642 954 4696 quae
986 4624 1248 4678 adversus
1313 4622 1520 4693 justum
1586 4621 1952 4692 loquebantur
2013 4607 2383 4697 iniquitatem,
2436 4626 2489 4678 in
2539 4626 2791 4695 superbia
2863 4607 3073 4682 scilicet
3121 4639 3175 4682 ct
3218 4633 3623 4701 contemptione
3683 4649 3702 4686 :

436 4726 577 4779 sicut
613 4723 773 4778 etiam
810 4721 1087 4774 obstructa
1123 4726 1272 4783 sunt,
1308 4728 1364 4772 et
1394 4716 1588 4770 ultimo
1619 4716 1823 4771 siluere
1889 4717 2130 4775 silentio.
2197 4719 2331 4774 Nam
2389 4719 2533 4773 inter
2605 4720 2932 4786 loquendum
3007 4723 3112 4776 ictu
3159 4725 3426 4792 percussi,
3464 4725 3556 4794 qui
3588 4737 3704 4778 non

437 4819 664 4873 cadebat
693 4813 796 4868 sub
836 4820 1140 4881 aspectum,
1176 4809 1422 4878 protinus
1463 4807 1740 4878 accipiunt
1780 4819 2009 4862 mortem
2051 4812 2272 4878 praemia
2305 4810 2675 4878 blasphemiae.

510 4934 628 4989 Xil.
685 4932 906 5000 iniquus
938 4939 1115 4981 autem
1177 4927 1474 4995 imperator
1519 4927 1572 4979 in
1625 4940 1892 4979 summam
1926 4927 2021 4977 ad-

441 5029 639 5083 duetus
669 5021 1082 5084 dubitationem,
1115 5028 1402 5086 postquam
1439 5017 1572 5070 vidit
1601 5018 1784 5071 omnia
1823 5017 2019 5070 cedere

441 5119 698 5191 martyris
731 5113 900 5168 menti
926 5123 981 5166 ct
1028 5111 1239 5181 gratias,
1272 5126 1400 5165 eum
1433 5117 1612 5163 morte
1659 5109 2015 5171 condemnat,

443 5229 568 5286 qua:
602 5207 784 5281 gladio
812 5206 883 5260 sit
911 5205 960 5258 ei
997 5203 1299 5258 aﬂ‘erenda.
1329 5202 1464 5257 Nam
1487 5200 1747 5272 quoniam
1770 5203 2016 5273 martyrii

444 5318 643 5362 cursus
697 5313 807 5355 non
863 5304 1082 5367 poterat
1134 5295 1295 5348 aliter
1325 5293 1486 5348 ﬁnem
1543 5293 1814 5361 accipere,
1841 5305 1893 5346 et
1922 5295 2011 5346 hic

442 5398 559 5468 ipse
581 5394 780 5451 athleta
818 5392 1007 5443 venire
1031 5389 1096 5440 ad
1123 5385 1422 5450 Christum,
1455 5399 1613 5454 quem
1649 5385 2014 5449 desiderabat,

442 5489 618 5558 ipsum
640 5483 882 5555 quidem,
902 5480 992 5549 qui
1009 5488 1136 5534 sunt
1157 5476 1315 5544 hujus
1335 5478 1409 5530 rei
1435 5476 1690 5539 ministri,
1715 5476 1897 5545 gladio
1923 5479 2008 5530 in.

444 5578 721 5632 terimunt.
743 5571 948 5626 Deinde
968 5577 1194 5622 matrem
1217 5580 1430 5635 quoque
1447 5582 1568 5635 quas
1589 5577 1704 5619 erat
1733 5565 1853 5634 ejus
1877 5566 2016 5619 collo

442 5665 791 5729 circumfusa,
815 5673 870 5716 et
896 5663 942 5715 ei
969 5663 1140 5731 magis
1169 5667 1333 5714 corde
1355 5673 1519 5726 quam
1543 5673 1638 5711 ore
1663 5661 1972 5712 adhaerebat
1997 5676 2010 5712 :

443 5756 576 5816 riltil
625 5765 803 5808 autem
842 5755 1107 5810 muliebre
1163 5762 1253 5804 aut
1307 5760 1609 5804 maternum
1659 5749 2010 5818 loquebatur,

2193 4926 2292 4980 lB’.
2331 4925 2390 4979 '0
2423 4926 2606 4995 μέντοι
2638 4929 2960 4998 παράνομος
2985 4928 3240 4998 βασιλεὺς
3264 4935 3378 4994 τοῖς
3407 4933 3550 4996 ὅλοις
3571 4934 3706 4987 ἀπο·

2122 5017 2330 5089 ρηθεὶς,
2366 5020 2488 5072 ἐπεὶ
2512 5022 2607 5072 καὶ.
2631 5021 2809 5073 πάντα
2849 5021 2994 5090 ἐώρα
3017 5024 3116 5092 τῆς
3144 5026 3236 5075 τοῦ
3280 5025 3517 5096 ἀθλητοῦ
3549 5027 3696 5094 γνώο

2122 5127 2232 5180 μης
2266 5110 2574 5180 ἡττώμενοι,
2602 5113 2854 5165 ’θάνατον
2905 5113 3072 5166 αὑτοῦ
3126 5118 3449 5187 κατακρίνει
3485 5120 3576 5170 τὸν
3610 5119 3703 5172 διὰ

2123 5203 2421 5273 μαχαίρας.
2454 5205 2626 5256 Αὐτὸν
2659 5205 2757 5273 μὲν
2782 5201 2876 5258 οὗν
2903 5205 3071 5262 εὐθὺς
3113 5206 3163 5258 οἱ
3217 5209 3356 5276 πρὸς
3390 5209 3552 5262 τοῦτο
3582 5210 3700 5263 δια-

2121 5291 2403 5356 κονοῦντες
2431 5295 2715 5364 ἀναιροῦσι
2758 5295 2834 5364 τῷ
2867 5295 3032 5363 ξίφει.
3071 5297 3303 5352 Ἔπειτα
3337 5306 3428 5352 καὶ
3453 5303 3550 5369 τὴν
3590 5320 3699 5372 μη-

2119 5387 2255 5455 τέρα
2286 5385 2721 5456 περιπλακεῖσαν
2756 5387 2922 5440 αὑτοῦ
2944 5389 3022 5458 τῷ
3057 5391 3338 5462 τραχήλῳ,
3379 5396 3473 5444 καὶ
3500 5396 3701 5466 καρδίᾳ

2123 5475 2372 5546 μᾶλλονῆ
2402 5476 2629 5544 στόματι
2651 5481 3189 5548 περιπτυσσομένην,
3219 5485 3531 5547 γυναικεῖον
3545 5485 3702 5537 οὐδὲν

2121 5568 2154 5637 ἢ
2180 5568 2446 5637 μητρικὸν
2471 5568 2966 5640 ὲπιφθεγγομένην,
2989 5573 3050 5624 οὺ
3082 5571 3126 5623 δ’
3156 5573 3375 5637 ἀνάξιόν
3414 5593 3463 5628 τ;
3488 5577 3708 5630 τοιοῦδε

2121 5660 2333 5723 παιδὸς,
2369 5659 2506 5711 ἀλλὰ
2532 5662 2624 5711 καὶ
2661 5662 2770 5722 τοῖς
2796 5664 3005 5727 ἀγῶσιν
3029 5665 3193 5717 αὐτοῦ
3236 5667 3436 5735 μᾶλλον
3470 5668 3695 5739 φαιδρυ·

2120 5752 2374 5820 νομὲνην,
2407 5752 2650 5822 ἀνηλεῶς
2670 5753 2720 5805 οι
2758 5753 3038 5818 δυσσεϐεῖς
3075 5759 3340 5830 ὲχημὲνην
3382 5761 3475 5811 τοῦ
3510 5761 3693 5824 λιες
