4010 6456
436 456 438 458 ,
509 421 613 490 “3
1813 409 2087 472 MENSIS

2199 406 2470 468 PBILIS.
3655 399 3756 463 ιιι

504 541 711 611 perium
740 537 926 594 missis
949 535 1080 591 deos
1098 533 1326 604 patrios,
1353 531 1408 585 id
1437 539 1523 586 est
1545 527 1685 584 idola
1716 539 1882 582 manu
1907 526 2074 589 facta,

2199 519 2608 591 Βρθοποδοῦντας
2649 519 2787 589 πρὸς
2816 517 2915 588 τὴν
2965 516 3247 581 ἀσέϐειαν,
3279 515 3428 587 ἔργῳ
3458 514 3760 585 βεϐαιῶσαι

505 607 790 690 sacriﬁciis
861 628 962 684 coli
1005 627 1289 696 jusserunt
1326 623 1542 692 (stultos
1597 635 1776 690 reges,
1849 619 1938 687 qui
2010 618 2078 672 ab

2199 614 2256 666 τὰ.
2282 611 2512 676 δόξαντα
2541 609 2780 681 σπουδὴν
2807 607 3092 662 ἐποιοῦντο
3111 623 3125 638 °
3155 608 3250 661 καὶ
3275 607 3364 661 διὰ
3392 607 3562 661 ταῦτα
3584 607 3765 678 γράμ-

505 724 626 780 istis
697 721 802 777 sibi
871 719 1177 789 imperium,
1225 715 1475 771 omnibus
1553 727 1680 769 vero
1755 711 2078 767 mortalibus

2199 721 2340 776 ματα
2386 705 2483 756 καὶ
2537 701 2861 773 προθέματα
2909 699 3088 770 πολλῷ
3131 699 3210 770 τῷ
3255 701 3412 770 τάχει
3462 700 3550 754 διὰ
3583 701 3765 769 πάσης

505 815 731 870 salutem
769 813 1032 884 impertiri
1072 809 1451 878 credebantl),
1483 808 1737 862 omnibus
1766 815 1943 859 autem
1987 803 2079 873 qui

2199 797 2380 866 ἐφοίτα
2413 797 2509 865 τῆς
2529 792 2880 863 οἰκουμένης,
2900 793 3028 854 τούς
3051 793 3150 861 μὲν
3178 792 3566 862 νομιζομένους
3584 791 3760 855 θεοὺς,

505 920 566 962 se
599 880 938 963 Christianos
973 903 1359 974 proﬁterentur
1402 899 1696 956 dirissimis
1734 897 1911 968 pinnis
1955 897 2082 950 sub-

2199 888 2258 942 εά
2283 885 2638 958 χειροποίητά
2663 901 2808 953 φημι
2841 883 3006 948 ξόανα
3041 883 3136 938 καὶ
3160 881 3525 952 βδελύγματα,
3549 880 3765 943 θυσίαις

497 997 617 1066 jici,
649 1011 835 1054 necem
864 997 921 1052 in
943 994 1162 1067 pietatis
1193 993 1470 1063 praemium
1513 988 1883 1059 proponendo.

2199 981 2430 1041 ἀπάσαις
2454 979 2619 1048 τιμᾷν
2648 975 2916 1046 (καὶγὰρ
2950 975 3126 1029 ἐδόκει
3170 979 3280 1037 τοῖς
3320 977 3570 1044 ἀνοήτοις
3607 974 3768 1044 βασι-

495 1093 651 1149 λεῦσι
689 1091 792 1166 μὲν
815 1091 887 1146 δι’
914 1089 1100 1145 αὐτῶν
1132 1089 1190 1142 τὸ
1231 1087 1454 1157 κράτος,
1484 1083 1799 1155 ἀνθρώποις
1854 1081 1912 1136 δὲ
1955 1080 2122 1133 πᾶσιν
2149 1074 2246 1146 τὴν
2298 1071 2577 1142 σωτηρίαν
2605 1070 3021 1141 βραϐεύεσθαι),
3047 1071 3258 1133 πάντας
3301 1071 3361 1124 δὲ
3408 1071 3534 1133 τοὺς
3571 1073 3769 1142 ὁμολο-

497 1164 729 1254 γοῦντας
779 1183 922 1241 εἶναι
976 1184 1360 1256 Χριστιανοὺς,
1400 1179 1538 1250 μετά
1586 1177 1685 1249 τὴν
1719 1179 1802 1241 είς
1840 1175 1904 1229 τὸ
1961 1174 2113 1244 βῆμα
2169 1172 2538 1241 παράστασιν,
2603 1172 2894 1241 ἀπώμοτον
2937 1167 3034 1236 τὴν
3105 1165 3401 1236 ὁμολογίαν
3458 1165 3662 1236 ταύτην
3701 1164 3766 1218 οὐ

499 1278 877 1350 ποιουμένους,
922 1279 1144 1347 συχναῖς
1196 1272 1596 1329 ὐποδάλλεσθαι
1630 1268 1964 1341 τιμωρίαις,
2010 1260 2131 1319 εἶτα
2170 1264 2264 1319 καὶ
2293 1264 2528 1320 θανάτου
2576 1264 2756 1336 ψῆφον
2803 1263 2904 1332 τῆς
2958 1260 3243 1322 εὐσεϐείας
3296 1260 3615 1331 πορίζεσθαι
3667 1261 3769 1328 τὴν

499 1376 793 1431 ἀντίδοσιν.

572 1513 638 1566 ll.
675 1511 829 1567 Tune
857 1508 1193 1565 admirabilis
1222 1508 1380 1565 miles
1427 1508 1635 1565 Christi
1683 1507 1952 1578 Georgius
1985 1521 2082 1562 seu

2253 1504 2329 1559 B'.
2362 1502 2497 1556 Τότε
2551 1499 2617 1570 δὴ
2674 1500 2769 1554 καὶ
2801 1500 2830 1552 ό
2872 1498 3191 1568 θαυμαστὸς
3224 1512 3565 1567 στρατιωτης
3593 1493 3772 1564 μέγας

503 1611 711 1658 astrum
745 1599 1069 1669 pellucidum
1115 1612 1211 1669 per
1240 1598 1538 1670 impietatis
1561 1598 1815 1654 tenebras
1845 1598 2081 1653 lucebat.

2199 1594 2477 1664 Γεώργιος,
2509 1594 2570 1646 τὸ
2600 1591 2697 1645 τοῦ
2721 1591 2958 1662 Χριστοῦ
2985 1590 3064 1662 τῷ
3092 1591 3208 1643 όντι
3233 1589 3528 1660 γεώργιον,
3559 1585 3772 1652 ἀστέρα

500 1689 671 1748 Natus
701 1691 754 1746 in
792 1688 1136 1760 Cappadocia
1171 1688 1334 1746 claris
1379 1691 1719 1757 parentibus,
1771 1690 1936 1758 inque
1979 1689 2084 1744 Pa-

2199 1687 2307 1741 ιινά
2335 1687 2446 1741 τῶν
2490 1685 2771 1752 διαφανῶν
2827 1683 3133 1748 είκονίζων,
3182 1685 3239 1735 ὲν
3273 1681 3456 1734 σκότει
3503 1679 3603 1746 τῆς
3633 1681 3772 1732 ἀσε-

501 1779 711 1836 ιωειίηε
777 1778 1081 1842 educatus.
1139 1776 1407 1847 majorum
1465 1778 1724 1847 pietatem
1783 1778 2085 1847 amplexus,

2199 1777 2341 1841 Βείας
2374 1776 2668 1831 ἐδείκνυτο.
2706 1775 2894 1846 Τούτῳ
2924 1776 3127 1846 πατρὶς
3158 1773 3259 1844 μὲν
3288 1774 3322 1842 ή
3358 1769 3772 1829 Καππαδοκῶν,

501 1871 746 1928 candidis
785 1872 1052 1934 moribus,
1097 1879 1255 1926 aetate
1296 1870 1532 1944 juvenis,
1564 1870 1847 1940 prudentia
1887 1885 2079 1935 senex,

2199 1869 2427 1940 πατέρες
2450 1869 2506 1923 δὲ
2535 1868 2642 1922 τῶν
2673 1867 2978 1937 ἐπιφανῶν,
3004 1866 3203 1936 τροφὸς
3236 1869 3270 1936 ἡ
3324 1864 3679 1932 Παλαιστίνη,
3708 1863 3777 1914 τὸ

503 1963 667 2022 corde
709 1962 962 2033 simplex,
1010 1962 1090 2019 ira
1130 1975 1321 2018 contra
1371 1962 1566 2033 impios
1617 1961 1863 2022 ardebat.
1912 1961 2080 2031 Igitur

2199 1962 2353 2025 σέϐας
2382 1963 2446 2015 ἐκ
2474 1962 2754 2032 προγόνων
2777 1961 2946 2016 αὐτοῦ
2983 1959 3373 2022 εὐσεϐέστατος
3403 1951 3471 2028 ἦν
3520 1956 3614 2010 καὶ
3641 1955 3777 2008 ἀτε-

503 2053 646 2108 circa
693 2067 806 2108 rem
855 2053 1146 2110 militarem
1178 2053 1396 2124 egregie
1429 2053 1672 2108 eruditus
1701 2054 1806 2108 dux
1837 2053 2080 2108 cohortis

2199 2071 2336 2125 χνος,
2373 2053 2470 2124 τὴν
2500 2056 2601 2124 μὲν
2629 2053 2848 2124 ἡλικίαν
2879 2051 3111 2120 νεάζων,
3149 2054 3250 2122 τὴν
3278 2051 3335 2106 δὲ
3375 2050 3640 2121 φρόνησιν
3667 2065 3777 2100 πο-

501 2142 832 2200 lnvictorum
880 2144 1198 2214 praeﬁcitur,
1249 2153 1305 2202 et
1352 2158 1474 2199 cum
1539 2145 1832 2212 imperator
1877 2142 2078 2197 bellum

2199 2144 2324 2208 λιὸς,
2353 2145 2515 2207 εὐθὺς
2543 2145 2644 2214 τὴν
2670 2144 2920 2215 καρδίαν,
2949 2143 3120 2213 ζήλου
3141 2143 3320 2198 πνέων
3345 2143 3488 2196 κατά
3517 2140 3614 2209 τῆς
3637 2139 3777 2192 ἀσε-

505 2244 692 2289 cantra
750 2233 947 2292 Persas
987 2242 1225 2305 gereret,
1269 2232 1534 2304 Georgius
1593 2233 1824 2306 tempori
1855 2235 2078 2299 cedens,

2199 2236 2358 2299 Ξείας.
2401 2236 2601 2300 Καλῶς
2655 2234 2751 2291 οὖν
2805 2235 3132 2306 ἐκπονηθεὶς
3187 2238 3256 2289 τὰ
3288 2235 3548 2304 πολέμια,
3589 2231 3778 2300 κόμης

507 2340 667 2379 manu
700 2325 855 2381 fortis
886 2325 1038 2381 brevi
1068 2325 1212 2381 bello
1245 2324 1521 2380 inclaruit.

2187 2327 2283 2381 τοῦ
2313 2328 2566 2399 νουμέρῳ
2596 2327 2672 2398 (‘2)
2695 2327 2805 2381 τῶν
2837 2327 3166 2398 ’Λνικιὼρων
3203 2327 3460 2395 ἑπιφανεῖ
3483 2319 3780 2394 προχειρί-

507 2418 692 2482 ζεταιο
727 2416 894 2487 ἡνίκα
949 2416 1014 2486 δὴ
1069 2415 1286 2470 καὶτὸν
1343 2415 1568 2486 βασιλέα
1607 2414 1769 2488 [εδει]
1807 2415 1898 2468 τὸν
1947 2416 2090 2468 κατὰ
2118 2416 2346 2487 Περσῶν
2383 2420 2464 2490 (5)
2492 2418 2752 2472 ὑπελθεῖν
2801 2418 3062 2487 πόλεμον,
3114 2418 3278 2470 αὐτὸν
3323 2417 3533 2468 ἐκεῖνον
3579 2416 3607 2464 ὁ
3644 2427 3780 2466 και-

508 2511 600 2580 ρὸς
628 2506 952 2578 παρεκάλει,
987 2503 1076 2573 ἐφ’
1097 2497 1142 2572 ᾧ
1171 2503 1266 2556 καὶ
1297 2504 1493 2567 ἄθλους
1521 2501 1646 2556 οὐτε
1682 2503 1914 2572 μικρούς
1971 2503 2322 2573 ἀγωνίζεται,
2358 2508 2450 2560 καὶ
2494 2506 2819 2578 θαυμαστὴν
2851 2507 2991 2578 ἔχων
3042 2508 3102 2561 ἐν
3156 2507 3420 2578 πολέμοις
3475 2502 3779 2573 εὐτολμίαν

505 2602 858 2673 γνωρίζεται.

480 2752 493 2765 ⁸
577 2763 665 2819 lli.
704 2764 840 2817 Cum
888 2769 1066 2814 autem
1113 2759 1334 2825 majoris
1389 2759 1672 2828 dignitatis
1720 2757 2078 2829 adipiscenda

507 2855 734 2925 cupidus
777 2861 943 2919 esset,
984 2865 1046 2906 ea
1093 2867 1253 2921 quam
1303 2849 1589 2906 allectabat
1655 2849 1934 2919 majorem,
1971 2849 2081 2906 Deo

508 2949 582 3002 ita
617 2945 851 3012 volente,
895 2951 1090 3000 nactus
1134 2952 1237 3000 est.
1292 2940 1529 3011 Recepto
1559 2943 1703 2997 enim
1729 2943 2080 3012 patrimonio,

509 3039 576 3092 ad
600 3040 956 3105 imperatores
979 3048 1249 3100 reversus,
1279 3033 1460 3089 Saulis
1489 3042 1691 3089 sortem
1716 3033 1899 3104 aliquo
1926 3035 2083 3089 modo

508 3137 762 3198 expertus
801 3134 904 3181 est;
962 3123 1061 3180 Hic
1113 3127 1254 3180 enim
1306 3125 1489 3181 asinos
1526 3125 1808 3192 requirens
1861 3139 2083 3195 regnum

511 3219 735 3280 invenit,
768 3225 954 3270 noster
975 3222 1156 3270 autem
1199 3219 1481 3269 mundana:
1507 3215 1695 3272 avidus
1723 3215 1908 3282 gloria:
1935 3215 2083 3281 regni

511 3308 748 3364 cmlestis
783 3321 1002 3377 compos
1031 3315 1114 3360 est
1147 3307 1341 3360 factus.
1394 3305 1495 3362 Ubi
1541 3306 1709 3370 enim,
1741 3305 1792 3359 in
1827 3303 1946 3374 ipso
1974 3315 2088 3361 sta-

511 3402 606 3454 tim
637 3401 891 3464 adventu,
941 3399 1108 3453 Deum
1157 3407 1548 3466 contemptum,
1598 3398 1870 3452 daemones
1903 3407 2084 3451 autem

510 3492 806 3546 honoratos
837 3489 1082 3555 vidisset,
1121 3489 1418 3558 impietatis
1456 3489 1650 3542 ardore
1695 3490 1949 3543 incensus
1985 3487 2084 3540 Du-

510 3581 652 3637 vidis
698 3579 1003 3650 exemplum
1042 3588 1259 3635 secutus
1297 3586 1380 3634 est
1413 3580 1506 3648 qui
1537 3579 1670 3633 dicit
1705 3593 1764 3633 se
1794 3576 2086 3633 increduli-

2257 2761 2332 2818 Γ.
2377 2763 2530 2816 Ἐπεὶ
2582 2763 2765 2817 δὲκαὶ
2823 2764 3073 2835 μείζονος
3100 2761 3168 2837 ἦν
3199 2767 3366 2836 τιμῆς
3415 2767 3776 2838 ὀρεγόμενος.

2189 2848 2348 2924 εὗρεν
2363 2855 2463 2923 οὐχ
2481 2850 2549 2925 ἧς
2565 2855 2830 2927 ὠρέγετο,
2851 2858 2970 2911 ἀλλ’
2999 2852 3065 2928 ἦς
3089 2859 3336 2929 ὑπῆρχεν
3359 2861 3567 2921 ἐκεῖνος
3591 2858 3775 2924 ἄξιος,

2188 2949 2287 3016 τῆς
2314 2947 2465 3010 θείας
2519 2945 2663 2999 οὓτω
2693 2947 2951 3016 προνοίας
2982 2949 3514 3019 οἰκονομησαμένης.
3568 2949 3779 3003 Λαϐὼν

2191 3038 2300 3107 γὰρ
2333 3037 2403 3091 τὰ
2429 3039 2494 3091 ἐκ
2520 3039 2772 3110 πατέρων
2809 3039 2961 3110 αὐτῷ
2984 3040 3340 3110 περιελθόντα
3365 3043 3642 3112 χρήματα,
3669 3042 3781 3095 καὶ

2193 3129 2331 3200 πρὸς
2360 3129 2488 3192 τοὺς
2517 3131 2636 3182 τότε
2670 3130 3058 3199 βασιλεύοντας
3086 3133 3442 3203 ἀφικόμενος,
3474 3135 3673 3202 πάσχει
3716 3150 3780 3186 τι

2192 3221 2273 3291 τῷ
2307 3220 2477 3274 Σαοὺλ
2508 3223 2913 3291 παραπλήσιον.
2952 3224 3010 3276 '0
3039 3224 3136 3292 μὲν
3161 3227 3268 3294 γὰρ
3295 3224 3447 3287 ὅνους
3479 3223 3782 3293 ἀναζητῶν

2189 3310 2475 3383 βασιλείαν
2503 3313 2795 3383 ἐκτήσατο,
2819 3315 2846 3366 ό
2881 3313 2937 3365 δὲ
2971 3315 3248 3384 κοσμικῆς
3273 3314 3430 3384 δόξης
3483 3313 3780 3382 ἐπιθυμῶν

2191 3403 2438 3474 οὐρανῶν
2473 3403 2632 3474 ἔτυχε
2668 3405 2973 3476 βασιλείας.
3007 3406 3119 3460 Καὶ
3155 3407 3303 3469 ὅπως
3329 3407 3558 3474 ἐγγύςή
3599 3404 3784 3474 δήλω-

2192 3510 2295 3556 σις.
2327 3495 2665 3548 Καταλαϐὼν
2698 3497 2831 3567 γὰρ,
2881 3496 3069 3566 ὥσπερ
3096 3495 3335 3566 εἴρηται,
3367 3494 3462 3548 καὶ
3521 3492 3643 3548 ίδὼν
3676 3495 3785 3547 τὸν

2192 3583 2325 3636 Θεὸν
2373 3584 2752 3656 ὑϐριζόμενον,
2789 3586 3054 3654 δαίμονας
3109 3586 3166 3639 δὲ
3210 3586 3577 3656 τιμωμένους,
3620 3583 3783 3654 ζήλῳ

513 3683 622 3728 tate
657 3672 752 3727 Dei
791 3673 1226 3729 adversariorum
1256 3672 1453 3727 misere
1488 3670 1694 3736 vexari.
1729 3671 1837 3726 Sed
1876 3669 2087 3723 Domini

2199 3676 2507 3743 θεοσεϐείας
2535 3679 2850 3742 διακαυθεὶς
2880 3681 2980 3746 τὴν
3002 3679 3204 3749 ψυχὴν,
3231 3679 3309 3741 είς
3337 3677 3464 3732 νοῦν
3484 3694 3542 3730 τε
3576 3679 3644 3730 τὰ
3672 3677 3782 3730 τοῦ

511 3765 926 3834 promissionum
958 3779 1166 3820 memor
1189 3764 1278 3834 qui
1315 3779 1373 3820 se
1415 3778 1512 3819 eos
1537 3775 1720 3819 coram
1745 3761 1903 3816 Patre
1918 3775 2086 3832 agno-

511 3861 774 3914 sciturum
811 3874 932 3915 esse
973 3859 1123 3926 dicit,
1155 3858 1250 3927 qui
1297 3871 1356 3912 se
1403 3871 1587 3913 coram
1623 3855 1933 3912 hominibus
1957 3869 2084 3908 con-

511 3948 636 4004 fessi
669 3949 870 4005 fuerint
898 3967 912 4002 :
943 3950 1043 4004 hac
1067 3949 1426 4019 promissione
1470 3947 1679 4003 Domini
1727 3956 1962 4015 arrepta,
2003 3957 2089 3998 tu-

512 4048 626 4093 tum
652 4055 710 4095 se
739 4043 964 4096 reddere
1002 4041 1188 4095 voluit.

2193 3769 2357 3822 Δαϐὶδ
2386 3768 2736 3839 βαλλόμενος,
2762 3771 2850 3824 ὅτε
2879 3771 2980 3839 μὲν
3003 3773 3068 3841 τῇ
3099 3769 3197 3840 θέᾳ
3225 3769 3332 3823 τῶν
3365 3769 3787 3823 ἀσυνετούντωυ

2196 3862 2528 3931 ὲκτήκεσθαι
2558 3862 2828 3932 λέγοντος,
2854 3864 2944 3916 ὅτε
2966 3863 3034 3916 τὰ
3067 3865 3228 3933 ὅμοια
3257 3863 3511 3933 πάσχειν,
3557 3861 3646 3914 διὰ
3668 3859 3784 3929 τὴν

2197 3951 2325 4020 περὶ
2346 3952 2471 4016 τοὺς
2495 3948 2674 4014 θείους
2702 3951 2893 4020 λόγους
2912 3952 3020 4004 τῶν
3039 3952 3429 4023 ὲχθραινόντων
3449 3949 3776 4020 ὀλιγωρίαν,

2192 4039 2386 4095 ἔπειτα
2417 4043 2512 4096 καὶ
2540 4043 2650 4096 τῶν
2678 4043 3016 4097 δεσποτικῶν
3039 4043 3299 4113 ῥημάτων
3319 4046 3398 4102 εἰς
3427 4043 3616 4112 καιρὸν
3646 4040 3782 4093 διασ-

512 4135 916 4203 μνημονεύσας,
945 4132 982 4187 ὃ.
1011 4132 1267 4204 καθαρῶς
1321 4133 1740 4203 ἐπαγγέλλεται,
1789 4134 1900 4197 τοῖς
1925 4131 2238 4202 ἔμπροσθεν
2267 4136 2376 4189 τῶν
2430 4137 2735 4206 ἀνθρώπων
2793 4136 3147 4207 ὁμολογοῦσιν
3199 4136 3393 4198 αὐτὸν,
3443 4134 3784 4188 ἀντιδιδόναι

513 4223 810 4294 φιλοτίμως
843 4224 946 4292 τὴν
976 4223 1287 4295 ἔμπροσθεν
1313 4224 1407 4278 τοῦ
1443 4225 1710 4286 Τεκόντος
1758 4223 2093 4293 ὁμολογίανο
2158 4225 2422 4282 ἔσπευσεν
2476 4230 2550 4290 ὡς
2594 4231 2759 4300 τάχος
2813 4230 3060 4300 ἁρπάσαι
3116 4231 3217 4301 τὴν
3272 4229 3622 4297 ἐπαγγελίαν,
3672 4231 3788 4280 καὶ

510 4316 668 4387 χρέος
693 4313 874 4382 ἐαυτῷ
910 4313 1232 4370 δεσποτικὸν
1263 4313 1875 4385 προσμνηστεύσασθαι.

582 4475 672 4532 1V.
725 4475 857 4531 Cum
894 4484 1074 4531 autem
1128 4489 1225 4544 per
1276 4483 1486 4544 portam
1540 4486 1824 4546 angustam
1885 4475 2136 4542 intrare

509 4569 691 4636 vellet,
726 4569 777 4622 in
810 4568 1016 4636 divitiis
1042 4568 1377 4623 obstaculum
1409 4569 1620 4634 videns,
1673 4568 1870 4640 quibus
1908 4578 2088 4624 tamen

510 4662 576 4716 ad
611 4660 784 4716 bonas
836 4674 923 4715 res
973 4657 1326 4716 auxiliaribus
1368 4659 1444 4714 uti
1490 4658 1724 4726 volebat,
1764 4657 2091 4730 pauperibus

2269 4480 2341 4532 A'.
2373 4477 2520 4544 Πλὴν
2546 4475 2680 4528 ἀλλά
2732 4476 2827 4528 καὶ
2857 4475 2953 4546 τὴν
2991 4475 3184 4546 στενὴν
3213 4474 3620 4528 εἰσελεύσεσθαι
3661 4475 3786 4526 m3-

2194 4570 2292 4640 λην
2327 4568 2696 4641 προελομένῳ,
2721 4568 2805 4620 ἵνα
2843 4567 3010 4636 μηδὲν
3046 4568 3073 4620 ὁ
3099 4565 3209 4618 τῶν
3258 4567 3558 4638 χρημάτων
3599 4567 3786 4632 ὄγκος

2194 4655 2343 4725 αὐτῷ
2387 4655 2754 4726 ὲμποδίσειεν,
2785 4655 2919 4709 ἀλλὰ
2973 4658 3066 4708 καὶ
3119 4656 3319 4728 μᾶλλον
3356 4657 3431 4719 ὡς
3478 4655 3658 4726 βοηθῷ
3687 4659 3786 4728 τῷ

509 4770 604 4810 eas
654 4753 952 4822 distribuit.
1019 4751 1474 4824 ,Porropgravem
1550 4761 1906 4823 armaturam,
1978 4765 2085 4821 qua

2199 4748 2408 4820 πλούτῳ
2434 4750 2567 4818 πρὸς
2590 4749 2656 4801 τὰ
2682 4747 2820 4800 καλὰ
2842 4749 3129 4819 χρήσαιτο,
3156 4749 3407 4816 πενήτων
3424 4747 3586 4798 αὐτὸν
3609 4750 3788 4816 χερσὶ

511 4850 707 4906 Paulus
727 4851 784 4906 in
817 4849 1009 4926 spiritu
1043 4847 1230 4904 tideles
1257 4856 1456 4912 armat,
1489 4851 1609 4916 ipse
1639 4846 1834 4912 induit,
1870 4846 2083 4904 lumbos

2199 4839 2452 4910 διανέμει.
2497 4839 2571 4911 (4)
2602 4838 2742 4910 Πρὸς
2770 4839 2827 4892 δὲ
2862 4841 2956 4894 καὶ
2977 4839 3076 4910 τὴν
3105 4838 3430 4903 πανοπλίαν,
3465 4838 3532 4910 ἢν
3559 4839 3788 4902 Παῦλος

512 4943 565 4996 in
604 4942 828 4997 veritate
862 4940 1050 5012 cingit,
1075 4939 1300 5010 iustitiae
1333 4941 1501 4996 lorica
1534 4954 1594 4996 se
1649 4939 1834 5006 vestit,
1873 4938 2083 5010 galeam

2199 4932 2256 4985 ὲν
2289 4931 2562 5001 πνεύματι
2601 4933 2726 4994 τοὺς
2762 4934 2986 4995 πιστοὺς
3025 4931 3238 4994 ὁπλίζει
3282 4930 3784 5001 περιϐαλλόμενος,

511 5033 702 5090 salutis
745 5033 907 5104 capiti
941 5033 1198 5104 imponit,
1237 5033 1404 5103 pedes
1445 5034 1512 5087 ad
1543 5030 1891 5102 Evangelium
1937 5030 2087 5102 pacis

2199 5025 2288 5076 καὶ
2309 5024 2409 5094 τὴν
2440 5024 2540 5093 μὲν
2566 5024 2738 5096 ὀσφὺν
2770 5024 2829 5077 ἐν
2851 5023 3083 5094 ἀληθείᾳ
3106 5022 3572 5095 περιζωσάμενος,
3615 5021 3788 5074 svas-
3876 5080 3888 5100 ν

511 5125 942 5196 annuntiandum
980 5125 1142 5200 tegit;
1184 5125 1378 5188 deinde
1418 5115 1541 5182 ﬁdei
1591 5123 1862 5194 clypeum,
1899 5133 1952 5178 et
1979 5123 2090 5191 spi-

586 5369 956 5469 (Ξχίλξούμερα
983 5368 1268 5469 pluraliter
1303 5384 1583 5469 .cahpr-tes,
1612 5399 1780 5469 quam
1804 5399 1990 5464 vocem
2192 5452 2238 5469 η
2260 5383 2340 5462 (ὅ)
2365 5381 2523 5462 Auno
2550 5378 2648 5433 30l
2685 5379 2885 5432 missus
2908 5383 3101 5431 contra
3145 5373 3345 5469 Persas
3379 5373 3479 5426 fuit
3519 5371 3790 5469 G'alerilus

511 5444 1070 5524 ipso'iulio'Caesare
1105 5444 1704 5524 restituissegtoii’at'ur
1731 5453 1997 5509 Meursius
2028 5451 2109 5509 in‘
2180 5444 2572 5524 ’hla'xi'uniatms,
2597 5463 2679 5524 eo_
2701 5461 2982 5524 successu,
3009 5460 3168 5524 quem
3203 5447 3268 5499 ad
3317 5459 3516 5498 annum
3555 5444 3796 5496 υιουις..

562 5523 1007 5585 raeco-Barbaris,
1035 5535 1181 5577 certe
1211 5537 1240 5576 a
1269 5515 1476 5578 Latinis
1501 5526 1565 5577 ad
1590 5525 1808 5579 Graecos
1841 5525 2082 5589 transiit,
2191 5523 2322 5576 tiani
2362 5522 2426 5573 l7
2477 5518 2838 5584 Theophanes
2871 5515 3153 5589 describit.

513 5581 1002 5664 distinguebantur:
1030 5603 1208 5658 autem
1238 5591 1463 5648 Numeri
1496 5596 1611 5647 suis
1655 5595 1849 5661 singuli
1886 5581 2087 5664 cognol
2262 5591 2338 5662 (4)
2364 5581 2642 5664 ,Εκρυιιεό
2666 5589 2778 5664 haec
2823 5601 2995 5664 pauca
3016 5585 3220 5655 ταύτην
3268 5583 3426 5664 τε-τδ
3451 5581 3624 5664 ,θεῖον
3687 5582 3793 5664 οξε-

513 5652 733 5728 ιιιεηιὶῐ,
767 5661 928 5728 quale
953 5652 1038 5715 hie
1063 5652 1148 5716 est
1170 5676 1468 5730 cognomen
1513 5652 1824 5717 Aniciorum
1851 5652 2086 5724 seuvln-
2191 5652 2594 5729 κείοὰάμενοςξ
2612 5658 2737 5726 quia
2771 5652 2876 5710 non
2905 5657 3067 5710 video
3119 5652 3395 5722 quomodo
3451 5652 3557 5706 huc
3602 5652 3753 5719 perti
3787 5689 3792 5691 .

509 5730 1120 5791 victorumwerumne.
1153 5745 1220 5785 an
1273 5743 1505 5789 ornatus
1549 5747 1710 5788 causa
1757 5734 1847 5788 hic
1879 5747 2090 5790 assutn-
2197 5737 2386 5784 ueant.

519 5807 694 5866 plum,
732 5813 834 5852 non
875 5802 1131 5868 tiijlidlt‘o.
1900 5845 1904 5848 η

2202 5117 2433 5186 σάμεγος
2471 5117 2527 5170 δὲ
2579 5117 2674 5172 καὶ
2720 5115 2811 5169 τὸν
2834 5116 2934 5188 τῆς
2956 5116 3304 5185 δικαιοσύνης
3331 5114 3578 5184 θώρακα,
3611 5129 3791 5185 περι-
3884 5103 3888 5108 ”
