4010 6442
434 412 534 474 ῙΠ

1729 388 2018 462 MENSI-S
2059 400 2391 463 APRILIS.

3585 393 3700 461 ιιι

432 523 652 588 dignum
677 531 886 574 censes.
913 515 1038 570 Haec
1059 526 1184 567 cum
1213 509 1441 565 dixisset
1465 507 1668 578 cuspis,
1693 523 1814 577 quae
1838 507 2009 563 sancti

2119 529 2222 576 σοι,
2254 511 2505 563 Δέσποτα
2539 507 2635 562 καί
2669 507 2791 573 Oet,
2834 508 3031 576 λέγων,
3055 506 3138 560 ὅτι
3180 507 3249 578 με
3276 504 3387 560 τῶν
3413 506 3524 561 σῶν
3553 509 3701 576 άγαο-

428 609 534 663 viri
569 621 765 677 corpus
794 603 1034 673 attingit,
1061 603 1234 657 instar
1259 598 1462 669 plumbi
1496 597 1818 667 reﬂectitur,
1852 609 2016 670 atque

429 703 662 759 innocua
698 700 756 754 in
783 707 1047 754 tortorum
1087 691 1336 748 manibus
1359 691 1562 746 evadit.

507 1079 641 1135 VIII.
681 1078 811 1133 Inde
847 1086 1079 1132 tortores
1119 1074 1308 1141 majori
1336 1089 1457 1130 cum
1494 1073 1620 1128 odio
1653 1074 1840 1142 (probe
1866 1073 2006 1125 enim

428 1178 692 1229 noverant
717 1169 932 1226 diIIicile
962 1169 1063 1224 sibi
1097 1168 1212 1224 fore
1241 1176 1298 1223 ut
1331 1166 1506 1221 virum
1533 1174 1777 1220 sanctum
1806 1163 2010 1233 suppli-

427 1267 530 1324 ciis
559 1262 896 1332 interimant)
925 1262 1127 1317 diriora
1159 1257 1675 1326 circumspiciebant
1713 1266 2006 1312 tormenta.

426 1360 487 1412 In
519 1371 796 1413 carcerem
829 1357 1016 1424 itaque
1046 1352 1332 1408 deducitur
1361 1352 1532 1406 donec
1570 1363 1766 1404 novum
1792 1348 2006 1403 crucia-

425 1459 515 1504 tus
568 1449 996 1504 instrumentum
1045 1444 1373 1500 invenerint.
1428 1441 1533 1497 Sed
1579 1456 1648 1496 ne
1683 1441 1762 1496 sic
1792 1441 2010 1511 quidem

425 1541 613 1595 animo
642 1555 795 1608 atque
821 1554 886 1594 ac
908 1537 1123 1606 corpori
1150 1537 1386 1606 quietem
1419 1549 1539 1589 esse
1573 1533 1837 1598 volentes,
1863 1547 2012 1586 com-

427 1630 657 1698 pedibus
691 1629 860 1685 vincti
896 1628 1100 1699 pectori
1134 1627 1364 1696 lapidem
1393 1627 1664 1696 ingentem
1700 1625 2005 1694 imponunt.

428 1722 530 1778 llic
557 1737 688 1778 vero
717 1723 920 1793 gratias
950 1724 1016 1775 de
1049 1734 1187 1775 novo
1238 1733 1424 1788 agens,
1463 1717 1692 1786 lapidem
1727 1716 1847 1770 loco
1877 1732 2007 1784 sup-

427 1814 582 1886 plicii
604 1829 703 1884 pro
747 1812 927 1867 cordis
973 1809 1165 1874 fulcro,
1214 1809 1374 1865 Iidem
1423 1822 1576 1866 suam
1611 1807 2006 1869 conIlrmainlo,

425 1904 671 1960 futurum
697 1919 818 1962 esse
845 1903 1189 1975 precabatur.

509 2243 602 2299 lli.
630 2245 784 2299 Tunc
821 2244 1188 2299 Diocletianus
1233 2256 1426 2297 novam
1469 2240 1658 2294 mortis
1705 2238 2010 2293 machinam

427 2336 783 2407 excogitavit,
815 2335 996 2391 indole
1035 2334 1204 2404 ipsius
1227 2343 1347 2388 atra
1382 2339 1436 2388 et
1464 2331 1759 2386 inhumana
1806 2329 2010 2396 dignis-

427 2430 645 2494 simam,
693 2442 800 2496 quo
831 2425 1092 2492 majorem
1117 2426 1480 2480 condemnato
1500 2422 1741 2478 dolorem
1771 2419 2010 2475 aIIerret.

427 2515 565 2570 Bota
597 2517 933 2588 praegrandis
965 2516 1270 2580 coniicitur,
1303 2513 1652 2570 mucronibus
1682 2511 2011 2566 acutissimis

425 2607 670 2678 praefixa,
704 2623 825 2678 qua
871 2608 926 2663 in
972 2623 1162 2679 gyrum
1193 2606 1584 2663 circumvoluta
1617 2604 1855 2660 damnati
1889 2618 2012 2658 cor-

425 2715 529 2770 pus
555 2699 705 2756 brevi
741 2715 1019 2770 exsangue
1052 2699 1177 2754 lixis
1203 2699 1256 2753 in
1285 2701 1400 2768 ipsa
1436 2697 1627 2768 gladiis
1657 2695 2011 2750 dilacerabat.

429 2791 605 2860 Super
657 2805 723 2846 ea
781 2793 865 2846 vir
915 2800 1134 2844 sanctus
1197 2790 1374 2844 nudus
1437 2789 1728 2856 Iorlcisque
1798 2787 2014 2839 vinctus

426 2881 854 2950 extendebatur;
880 2882 975 2938 sed
997 2892 1217 2952 pectore
1243 2898 1337 2950 per
1359 2881 1656 2936 orationem
1685 2895 1747 2933 ac
1769 2879 1822 2933 in
1855 2877 2015 2933 Chri-

427 2981 571 3028 stum
611 2975 768 3028 Iidem
800 2975 934 3029 bene
956 2973 1272 3029 conﬁrmato
1303 2989 1386 3039 se,
1418 2987 1524 3040 quo
1547 2970 1792 3025 duriores
1811 2971 2013 3024 subiis-

425 3076 513 3122 σοι
542 3065 828 3134 plagas,eo
851 3065 1110 3134 majorem
1137 3065 1188 3117 in
1208 3064 1360 3118 caelis
1383 3066 1689 3126 mercedem
1723 3071 2010 3116 nactnrum

2117 604 2224 658 θῶν
2275 603 2424 669 ἄξιον
2452 599 2708 672 γενέσθαι
2745 598 3214 671 παρασκευάζεις.
3255 597 3446 662 Οὕτως
3479 599 3688 669 ἔλεγεν,

2115 695 2209 749 καὶ
2237 694 2266 746 ό
2293 693 2479 756 κοντὸς
2509 693 2670 755 εὐθὺς
2691 691 2942 762 μολίϐδου
2969 691 3129 761 δίκην
3155 690 3474 762 ἐστρέφετο,
3505 690 3586 761 τῷ
3617 691 3694 763 μὴ

2117 787 2389 844 πεισθέντι
2415 788 2527 850 τοῖς
2550 785 2958 856 παρανομοῦσιν
2989 785 3155 848 αὐτὸς
3201 785 3445 838 ὑπείκων
3491 785 3695 856 ῥᾳδίως

2114 879 2207 932 καὶ
2251 872 2362 930 οἷον
2410 875 2671 945 εὐπειθὴς
2701 875 3008 945 γινόμενος,
3063 876 3178 938 τοῖς
3211 873 3398 944 μέντοι
3431 873 3693 944 βλάπτειν

2112 971 2202 1024 τὸν
2219 970 2409 1037 ’Ἃγιον
2439 967 2782 1039 βουλομένοις
2806 964 3062 1035 οὐδαμῶς
3096 968 3391 1036 χρήσιμος.

2183 1061 2267 1117 H'.
2305 1059 2465 1114 Ἀλλὰ
2485 1059 2593 1130 γὰρ
2627 1060 2673 1112 οἱ
2704 1057 3106 1128 ἐχθραίνοντες,
3135 1055 3278 1109 οὕτω
3307 1057 3447 1126 πρὸς
3469 1055 3694 1109 πλείονα

2113 1154 2174 1208 ου
2185 1153 2280 1224 μὸν
2298 1150 2619 1220 ἐξαφθέντες
2643 1145 2929 1220 (ἡττᾶσθαι
2950 1147 3057 1217 γὰρ
3080 1146 3140 1199 τὸ
3165 1145 3240 1216 μὴ
3267 1144 3526 1206 δυνατοὺς
3547 1139 3692 1196 εἶναι

2111 1243 2472 1316 τιμωρεῖσθαι
2527 1241 2714 1310 σαφῶς
2747 1237 2992 1309 ἔκρινον)
3038 1235 3175 1308 πρὸς
3202 1236 3511 1307 βαρυτέρας
3539 1234 3694 1288 ἔϐλε-

2111 1337 2218 1406 ψαν
2273 1335 2543 1406 τιμωρίας
2567 1350 2580 1364 ⁸
2623 1334 2719 1386 καὶ
2769 1331 2830 1384 τὸ
2873 1329 2971 1401 μὲν
3005 1329 3102 1382 νῦν
3137 1327 3318 1398 ἔχονή
3355 1325 3570 1397 φυλακὴ
3597 1326 3704 1380 τὸν·

2114 1429 2306 1496 Ἀγιον
2357 1422 2801 1494 παρελάμϐανεν,
2853 1421 2959 1482 ’ἐως
2987 1419 3174 1480 αὐτοῖς
3218 1420 3252 1487 ἡ
3286 1418 3415 1490 περὶ
3453 1418 3546 1471 τοῦ
3572 1415 3693 1481 πῶς

2109 1519 2190 1572 δεῖ
2217 1516 2637 1589 τιμωρήσασθαι
2671 1514 2862 1584 σκέψις
2883 1515 3094 1583 γένοιτο
3113 1533 3124 1546 ·
3153 1516 3242 1568 ἵνα
3267 1514 3324 1567 δὲ
3360 1513 3494 1586 μηδὲ
3518 1513 3693 1576 οὕτως

2109 1612 2297 1666 ἄνετον
2323 1609 2432 1681 ἔχει
2455 1609 2516 1662 τὸ
2539 1608 2697 1680 σῶμα
2725 1607 2894 1678 ψυχὴ,
2919 1606 3282 1677 κατακριθεὶς
3306 1605 3407 1677 τὴν
3439 1604 3691 1676 είρκτῆν,

2110 1702 2248 1756 ἀλλὰ
2278 1701 2375 1755 καὶ
2409 1701 2599 1765 πέδαις
2637 1701 2736 1771 μὲν
2766 1700 2895 1762 τοὺς
2945 1698 3115 1753 αὑτοῦ
3149 1699 3318 1762 πόδας
3369 1697 3693 1768 δεσμιῦσιν,

2113 1793 2304 1847 ὕπτιον
2355 1793 2413 1848 δὲ
2467 1793 2833 1856 διατείναντες
2891 1793 2986 1845 καὶ
3022 1791 3180 1862 βαρεῖ
3227 1789 3363 1860 λίθῳ
3389 1789 3458 1843 τὰ
3493 1789 3698 1858 στέρνα

2116 1886 2609 1957 καταϐαρύνουσιν.
2649 1884 2709 1938 '0
2733 1884 2902 1938 δὲκαὶ
2928 1882 3102 1946 οὕτως
3125 1883 3448 1953 ηὐχαρίστει
3472 1879 3551 1950 τῷ
3573 1878 3700 1951 Θεῷ

2119 1979 2301 2044 πάλιν,
2333 1979 2427 2032 καὶ
2461 1978 2553 2031 τὸν
2587 1978 2666 2039 εἰς
2689 1975 2964 2046 τιμωρίαν
2995 1973 3310 2027 ἐπιτιθέντα
3341 1970 3489 2024 λίθον
3519 1969 3696 2040 αὐτῷ,

2116 2074 2196 2132 εἰς
2247 2069 2552 2142 στηριγμδν
2583 2067 2810 2139 καρδίας
2844 2065 3044 2137 ηῦχετο
3073 2065 3350 2134 γενέσθαι,
3407 2060 3604 2130 πάγιόν
3634 2076 3701 2113 τε

2116 2163 2211 2215 καὶ
2249 2161 2585 2232 ἀμετάθετον
2616 2157 2934 2228 ὲμπεδῶσαι
2958 2155 3108 2225 αύτῷ
3130 2154 3228 2225 τὴν
3266 2153 3582 2225 ὁμολογίαν.

2186 2251 2263 2308 6'.
2301 2252 2533 2304 Ἔπειτα
2563 2250 2644 2313 είς
2665 2249 2764 2318 τὴν
2795 2247 3055 2301 ἐπιοῦσαν
3109 2245 3206 2299 καὶ
3235 2245 3364 2315 περὶ
3394 2243 3494 2312 τῆς
3522 2242 3706 2312 βαρυο

2115 2343 2280 2414 τέρας
2309 2341 2602 2394 σκέπτεται
2631 2339 2865 2408 βασάνου
2891 2336 3270 2405 Διοκλητιανδς
3296 2335 3324 2387 ό
3345 2333 3515 2394 δεινός
3537 2348 3552 2398 ζ
3579 2331 3612 2401 ἡ
3636 2329 3703 2384 δὲ

2115 2434 2347 2506 ὄργανόν
2381 2450 2435 2487 τι
2474 2429 2850 2502 τιμωρητικὸν
2894 2423 2983 2499 ἦν,
3019 2426 3170 2491 ἄξιον
3221 2426 3318 2496 μὲν
3350 2420 3456 2494 τῆς
3483 2421 3701 2475 ἐκείνου

2115 2529 2322 2599 πικρᾶς
2355 2525 2531 2596 ψυχῆς
2587 2525 2682 2576 καὶ
2729 2519 3139 2590 δαιμονιώδους,
3177 2517 3306 2571 ίδεῖν
3339 2515 3396 2570 δὲ
3425 2511 3703 2586 φρικωδέ-

2117 2636 2338 2683 στατον,
2405 2617 2496 2670 καὶ
2545 2613 2850 2682 ὑποστῆναι
2907 2611 3260 2665 παντάπασιν
3285 2606 3696 2678 ἁλγεινότατον.

2116 2710 2320 2782 Τροχός
2350 2725 2435 2772 τις
2457 2708 2704 2778 ἥρμοστο
2737 2703 3128 2774 παμμεγέθης,
3174 2699 3472 2773 μαχαίραις
3499 2695 3701 2762 ὀξυτά-

2115 2816 2236 2862 ταις
2268 2796 2634 2864 καταπαγεὶς,
2665 2794 2723 2856 ὃς
2767 2793 2978 2864 μεθόδῳ
3027 2791 3136 2845 τινὶ
3165 2788 3484 2862 κομψοτέρᾳ
3509 2784 3702 2840 κινού-

2120 2890 2281 2961 μενός
2309 2905 2368 2942 τε
2400 2887 2496 2942 καὶ
2521 2885 2800 2957 περιδινού
2811 2901 2996 2954 μενος,
3029 2886 3121 2936 τὸν
3151 2882 3302 2953 αῦτῷ
3327 2877 3698 2950 προσδεθῆναι

2117 2979 2538 3050 κατακριθέντα,
2571 2977 2792 3045 ἔξαιμον
2827 2976 2990 3038 εὐθὺς
3022 2974 3232 3027 ἐδείκνυ
3261 2972 3354 3027 καὶ
3379 2972 3698 3024 κατάκοπον

2119 3077 2238 3137 ταῖς
2293 3071 2612 3143 μαχαίραις.
2659 3067 2777 3120 Ἐπ’
2807 3065 2957 3137 αὐτῷ
2992 3066 3175 3119 τοίνυν
3210 3064 3238 3116 ό
3263 3064 3454 3132 ’Ἄγιος
3482 3059 3700 3130 γυμνὸς

427 3173 551 3215 esse
592 3157 869 3230 sperabat,
911 3157 1202 3212 dummodo
1249 3155 1416 3211 Paulo
1462 3155 1595 3210 fides
1627 3155 1894 3208 habeatur
1927 3153 2009 3207 di-

2119 3167 2231 3230 ὃλος
2264 3162 2584 3234 περιταθεὶς
2614 3161 2706 3214 καὶ
2734 3159 2931 3223 δεθεὶς,
2965 3157 3097 3228 eam
3123 3158 3215 3209 καὶ
3245 3154 3431 3209 πίστει
3458 3155 3525 3223 τῇ
3552 3149 3702 3221 πρὸς

427 3251 572 3308 centi
617 3268 633 3307 :
691 3249 1082 3320 Unusquisque
1136 3257 1316 3303 autem
1377 3248 1650 3318 propriam
1705 3246 2007 3301 mercedem

428 3342 660 3412 accipiet
682 3342 980 3396 secundum
1013 3357 1167 3395 suum
1198 3339 1462 3394 laborem.
1516 3336 1606 3392 Sic
1639 3336 1805 3402 igitur
1838 3335 2008 3389 Geor-

430 3437 576 3506 gius,
633 3435 883 3488 volvente
929 3442 1069 3499 rota,
1118 3434 1482 3488 circumacms
1525 3436 1579 3483 et
1627 3429 1822 3499 gladiis
1868 3428 2011 3484 [cede

429 3529 713 3592 discissus,
751 3532 1046 3582 astantium
1085 3527 1227 3580 risus
1256 3542 1318 3578 ac
1360 3523 1655 3578 ludibrium
1689 3522 1864 3577 lactus
1903 3531 2007 3587 est,

418 3620 526 3690 _qui
577 3621 741 3674 rebus
787 3617 1148 3689 praesentibus
1199 3617 1356 3671 unice
1405 3615 1599 3671 intenti
1641 3616 2004 3685 qurerebant:

431 3710 664 3766 Ubinam
714 3719 796 3763 est
847 3707 991 3762 Deus
1023 3707 1262 3777 Georgii,
1295 3719 1349 3762 et
1395 3724 1493 3763 cur
1533 3724 1564 3763 e
1605 3709 1856 3763 manibus
1885 3722 2008 3762 eum

425 3803 630 3858 nostris
669 3816 774 3856 non
817 3799 1234 3855 liberat?Sicut
1271 3797 1438 3854 David
1469 3800 1638 3854 dicit:
1690 3799 1824 3852 Dum
1876 3813 2008 3852 con-

429 3894 741 3964 I'riuguntur
785 3909 907 3947 ossa
957 3907 1100 3957 mea,
1135 3893 1607 3960 exprobraverunt
1631 3891 1762 3944 mihi
1793 3890 1881 3959 qui
1911 3889 2010 3942 tri-

427 3983 616 4038 bulant
651 3999 735 4038 me
763 3982 967 4037 inimici
1003 3982 1131 4045 mei,
1165 3982 1290 4034 dum
1320 3981 1511 4034 dicunt
1538 3981 1668 4033 mihi
1702 3995 1797 4048 per
1827 3980 2012 4050 singu-

426 4077 510 4132 los
548 4075 663 4130 dies
711 4093 724 4130 :
774 4073 876 4129 Ubi
918 4083 1000 4127 est
1026 4072 1164 4127 Deus
1207 4071 1370 4126 tuus?
1414 4069 1476 4124 Hi
1512 4087 1622 4140 prae
1652 4071 2010 4141 imprudentia

430 4181 531 4221 sua
568 4165 870 4235 intelligere
909 4180 1017 4218 non
1059 4163 1341 4228 valebant;
1378 4161 1634 4217 Salomon
1679 4163 2012 4232 sapientissi-

428 4272 555 4311 mus
598 4266 781 4311 autem
830 4256 898 4312 iis
939 4255 1029 4326 qui
1079 4265 1301 4325 propter
1348 4257 1594 4310 timorem
1631 4254 1841 4308 Domini
1877 4256 2010 4308 dura

431 4347 715 4416 patiuntur
745 4347 848 4402 hoc
876 4347 1125 4415 prmdicit
1154 4361 1168 4398 :
1211 4343 1386 4410 Tunc,
1422 4344 1617 4414 inquit,
1653 4343 1864 4399 sanatio
1888 4359 2012 4398 cor-

2113 3257 2348 3330 Χριστὸν
2398 3251 2714 3326 ἐπιρρώσας
2775 3251 2940 3305 αὑτοῦ
2988 3251 3084 3322 τὴν
3138 3249 3388 3320 καρδίαν,
3424 3241 3544 3300 εἷτα
3593 3243 3700 3298 καὶ

2114 3349 2335 3412 εὔελπις
2363 3348 2458 3412 ῶν,
2491 3349 2570 3402 ὃτι
2605 3346 2868 3416 μειζόνων
2896 3343 3176 3414 τιμωριῶν
3212 3338 3432 3412 μείζους
3466 3337 3532 3391 ἂν
3557 3335 3701 3388 πάν-

2113 3457 2221 3504 τως
2258 3437 2533 3493 ἀντιλάϐοι
2598 3438 2694 3491 καὶ
2737 3436 2862 3498 τοὺς
2929 3433 3174 3504 μισθοὺς,
3229 3430 3387 3501 εἴπερ
3424 3429 3573 3496 ἄξιος
3603 3444 3700 3479 πι-

2115 3531 2327 3585 στεύειν
2354 3532 2382 3584 ό
2413 3528 2643 3594 Παῦλος,
2679 3528 2819 3582 κατᾶ
2862 3526 2953 3580 τὸν
3009 3524 3139 3578 ῐδιον
3171 3523 3337 3578 κόπον
3363 3519 3533 3574 είπὼν
3559 3519 3697 3571 ἔκα-

2115 3641 2240 3678 στον
2272 3623 2367 3677 καὶ
2404 3627 2494 3678 τδν
2525 3623 2658 3676 ίδιον
2678 3620 2873 3692 μισθὸν
2904 3617 3198 3689 λήψεσθαι,
3258 3612 3523 3686 γενναίως
3575 3605 3697 3682 εἶχε

2115 3718 2208 3772 καὶ
2239 3716 2544 3786 καρτερῶς,
2581 3715 2694 3768 ἄνω
2741 3730 2801 3766 τε
2852 3712 2946 3766 καὶ
2976 3710 3126 3764 κάτω
3180 3695 3550 3780 στρεφόμενος
3593 3703 3700 3756 καὶ

2115 3805 2581 3878 περιειλούμενος,
2638 3804 2734 3856 καὶ
2787 3803 2908 3864 ταῖς
2962 3799 3262 3871 μαχαίραις
3301 3795 3492 3858 δεινῶς
3517 3809 3698 3848 κατα-

2114 3894 2610 3968 κρεουργούμενος,
2666 3891 2973 3961 ὀνειδισμός
3023 3906 3082 3943 τε
3114 3888 3210 3943 καὶ
3265 3885 3597 3958 χλευασμὸς,
3627 3883 3698 3936 τὸ

2114 3987 2205 4039 τοῦ
2238 3985 2381 4039 θείου
2419 3985 2583 4056 φάναι
2617 3981 2799 4048 Δαυῒδ,
2857 3983 2970 4045 τοῖς
3021 3979 3216 4052 κύκλῳ,
3261 3977 3598 4048 γενομένοις,
3637 3974 3699 4028 οἶ

2116 4078 2253 4148 πρὸς
2272 4076 2332 4130 τὸ
2362 4075 2536 4148 παρὸν
2567 4074 2728 4146 μόνον
2762 4073 3076 4144 βλέποντες,
3131 4072 3241 4125 Ποῦ
3292 4071 3349 4124 δὲ
3405 4069 3524 4133 νῦν,
3559 4067 3699 4137 ἐφα-

2117 4186 2269 4233 σκον,
2297 4170 2328 4222 ό
2351 4168 2483 4231 Θεὸς
2516 4165 2820 4237 Γεωργίου,
2850 4165 2947 4218 καὶ
2976 4164 3063 4219 διὰ
3083 4163 3136 4217 τί
3162 4165 3238 4236 μὴ
3269 4161 3413 4216 ἔλθοι
3439 4161 3699 4231 τῶνὴμεο

2111 4261 2290 4331 τέρων
2325 4260 2526 4330 χειρῶν
2551 4257 2715 4310 αὐτὸν
2749 4256 3048 4327 ῥυσόμενος
3068 4271 3080 4286 ο
3108 4255 3182 4318 ὡς
3214 4256 3310 4308 καὶ
3353 4251 3529 4306 ταῦτα
3565 4268 3700 4327 συνο

2115 4352 2264 4423 ᾴδειν
2297 4353 2367 4404 τὰ
2416 4351 2508 4405 τοῦ
2561 4348 2740 4416 Δαυῒδ,
2795 4349 2883 4401 Ἐν
2921 4347 2999 4418 τῷ
3050 4346 3426 4403 καταθλᾶσθαι
3457 4345 3528 4400 τὰ
3558 4345 3701 4397 ὀστᾶ

431 4437 551 4509 pori
592 4449 685 4493 tuo
710 4438 815 4493 erit
849 4449 902 4493 et
935 4453 1063 4492 cura
1094 4437 1306 4491 ossibus
1341 4437 1472 4491 tuis.
1507 4436 1572 4490 Et
1599 4450 1794 4506 reapse
1821 4437 2009 4506 obtigit

2119 4459 2244 4513 μου,
2294 4443 2568 4510 λέγοντος,
2618 4440 2893 4506 ὠνείδιζόν
2957 4456 3026 4512 με
3070 4441 3119 4494 οί
3153 4440 3340 4511 ἐχθροί
3375 4457 3499 4511 μου,
3533 4439 3589 4491 ὲν
3614 4435 3700 4507 τῷ

428 4530 481 4582 ci
533 4530 748 4584 sanatio
803 4540 856 4585 et
920 4543 1050 4584 cura
1109 4527 1486 4594 admirabilis;
1548 4529 1816 4597 quomodo
1862 4543 2009 4594 vero,

2121 4534 2302 4601 λέγειν
2329 4531 2524 4595 αύτούς
2560 4549 2650 4602 μοι
2682 4529 2803 4584 καθ’
2839 4532 3078 4602 ἑκάστην
3104 4531 3315 4603 ἡμέραν
3341 4545 3355 4562 ο
3403 4528 3512 4581 Ποῦ
3545 4529 3699 4580 ἐστιν

429 4622 577 4678 studi.

2130 4627 2158 4678 ό
2188 4624 2319 4689 Θεός
2352 4640 2475 4690 σου;
2537 4622 2600 4676 Οἳ
2659 4622 2912 4677 άσύνετοι
2943 4624 3093 4685 ὄντες
3140 4618 3403 4691 οὐμενοῦν
3461 4618 3700 4672 συνιδεῖν

428 4721 530 4775 οὐκ
562 4715 726 4789 εἶχον,
781 4720 892 4782 τοῖς
933 4733 1076 4773 ουτω
1122 4716 1211 4770 διὰ
1255 4717 1317 4770 τὸ
1371 4714 1652 4785 φοϐεῖσθαι
1709 4716 1801 4770 τδν
1832 4716 2036 4786 Κύριον
2089 4717 2276 4782 δεινῶς
2333 4719 2659 4788 πάσχουσιν,
2707 4734 2796 4771 οια
2847 4714 3099 4787 Σολομὼν
3151 4715 3178 4766 ό
3213 4711 3374 4780 σοφὸς
3410 4710 3694 4781 προλέγει,

431 4817 590 4880 Τότε,
638 4817 885 4886 φάσκων,
955 4815 1100 4878 ῐασις
1160 4813 1313 4866 ἔσται
1350 4811 1428 4883 τῷ
1464 4811 1674 4882 σώματί
1707 4829 1822 4878 σου,
1875 4815 1971 4866 καὶ
2021 4814 2312 4885 ἐπιμέλεια
2361 4817 2478 4879 τοῖς
2535 4813 2742 4878 ὀστέοις
2795 4829 2910 4866 σου.
2969 4809 3273 4883 Τοιγαροῦν
3329 4811 3421 4863 καὶ
3467 4809 3699 4879 γέγονεν

431 4912 582 4982 αύτῷ
611 4910 776 4974 ῐασις,
804 4910 901 4962 καὶ
927 4908 1122 4979 κομιδὴ
1147 4908 1460 4978 θαυμαστὴ,
1491 4909 1584 4960 καὶ
1609 4907 1756 4965 ὅπως
1781 4908 1968 4960 ἄκουε.

505 5001 570 5059 Χ,
606 5000 864 5054 Tortores
894 4998 1069 5051 virum
1109 5007 1357 5052 sanctum
1404 5011 1526 5050 cum
1577 4995 1667 5048 tali
1713 4997 1871 5050 modo
1902 5005 2016 5050 rota

433 5097 778 5163 allixissent,
837 5099 1203 5158 recesserunt,
1254 5090 1396 5144 fame
1477 5103 1571 5142 eos
1628 5090 1693 5141 ad
1743 5089 2017 5158 liturgiam

433 5190 727 5245 solemnem
761 5195 1018 5251 vocante;
1050 5186 1109 5248 ii,
1144 5183 1390 5251 inquam,
1419 5180 1507 5248 qui
1537 5195 1629 5250 per
1653 5194 1805 5234 esum
1838 5182 2014 5251 panis.

433 5279 640 5336 Christi
701 5279 957 5349 populum
1011 5277 1292 5333 devo:ant.
1347 5271 1583 5327 Sanctus
1645 5271 1855 5326 interea
1917 5271 2012 5342 (ita

433 5375 581 5430 enim
639 5373 962 5442 imperatum
1017 5369 1233 5438 fuerat),
1281 5375 1405 5422 voto
1454 5365 1710 5421 astrictus
1765 5367 2016 5419 manebat

436 5466 581 5521 haud
610 5464 832 5519 invitus.
875 5462 1031 5517 Brevi
1083 5469 1201 5531 post
1255 5470 1499 5528 tempore
1533 5472 1636 5513 vox
1674 5456 1888 5512 ccelitns
1921 5458 2014 5511 de-

436 5558 602 5613 missa
627 5567 680 5610 et
719 5557 978 5611 divinitus
1010 5563 1288 5624 comperta
1321 5567 1441 5621 qua:
1476 5551 1732 5605 athletam
1766 5549 2014 5603 numina-

438 5651 536 5702 tim
570 5647 951 5716 compellebat,
975 5648 1212 5700 auditur.
1261 5643 1428 5698 Paulo
1475 5652 1594 5710 post
1625 5641 1849 5711 angelus
1911 5641 2001 5693 Dei

439 5739 578 5808 [ιοίΙί
612 5740 826 5806 negotio
856 5737 1069 5791 vincula
1099 5735 1257 5791 solvit
1279 5750 1342 5790 ac
1364 5735 1582 5788 vulnera
1605 5737 1860 5803 penituss
1880 5742 2012 5794 ιιιίιι,

440 5829 769 5899 ιιιευιιειιιιιο
817 5828 1050 5884 anticum
1099 5843 1160 5881 ac
1200 5826 1511 5898 popularem
1561 5841 1681 5880 eum
1723 5841 1786 5880 ex
1821 5823 2010 5879 ὶιιιξιιιυ

2190 4993 2244 5051 l'.
2280 4996 2341 5049 Ol
2376 4994 2474 5064 μὲν
2502 4991 2823 5057 κολάζοντες
2857 4990 2996 5061 μετὰ
3019 4990 3078 5043 τὸ
3109 4988 3375 5044 διαθεῖναι
3405 4989 3581 5062 ταύτῃ
3600 4989 3699 5043 τὸν

2119 5091 2313 5158 Ἀγιον
2345 5090 2676 5162 ἀνεχώρουν,
2702 5089 2799 5159 τῆς
2822 5086 3060 5156 γαστρὸς
3090 5087 3286 5150 αὐτοὺς
3318 5089 3398 5150 είς
3440 5088 3541 5156 τὴν
3567 5103 3698 5140 συν-

2118 5183 2228 5255 ήθη
2253 5183 2527 5254 καλούσης
2554 5183 2921 5254 λειτουργίαν,
2954 5182 3197 5244 ἐκείνους
3247 5181 3452 5252 φαμὲν,
3495 5179 3697 5244 οίτινες

2115 5274 2390 5330 διετέλουν
2440 5277 2498 5328 έν
2563 5272 2766 5345 βρώσει
2827 5273 2996 5344 ἄρτου
3025 5272 3116 5327 τὸν
3150 5270 3244 5326 τοῦ
3294 5269 3535 5341 Χριστοῦ
3564 5269 3699 5324 λαὸν

2117 5364 2500 5429 κατεσθίοντες
2528 5379 2541 5394 ·
2575 5366 2604 5418 ό
2632 5363 2690 5417 δὲ
2723 5364 2936 5432 Ἄγιος,
2965 5363 3110 5418 οὕτω
3146 5363 3508 5436 προσταχθὲν,
3538 5362 3696 5433 εμει-

2116 5473 2206 5510 νεν
2229 5455 2420 5524 ὥσπερ
2442 5450 2556 5524 εἶχε
2585 5452 2664 5524 τῷ
2684 5454 2866 5528 τροχῷ
2894 5456 3138 5525 δέσμιος.
3162 5453 3329 5508 ’Λλλὰ
3359 5453 3698 5528 προσεκτέον

2114 5545 2190 5610 ὡς
2219 5541 2328 5598 οἷόν
2353 5561 2414 5597 τε
2442 5524 2735 5616 φιληκόως,
2774 5524 3010 5599 ἐνταῦθα
3049 5548 3156 5618 γάρ
3198 5547 3292 5600 καὶ
3339 5547 3374 5616 ἡ
3409 5524 3698 5612 θαυμασία

2117 5639 2211 5692 τοῦ
2243 5637 2444 5706 ἁγαθοῦ
2475 5637 2786 5708 ἐπίσκεψις.
2839 5639 2912 5691 Ού
2963 5639 3130 5701 πολὺς
3168 5640 3307 5708 μετὰ
3353 5639 3446 5691 τὸν
3492 5638 3696 5706 δεσμὸν

2126 5731 2372 5799 “sgf/.0:
2424 5731 2636 5800 καιρὸς,
2699 5733 2792 5784 καὶ
2825 5728 2956 5803 ἦχος
3010 5734 3108 5803 μὲν
3138 5733 3429 5802 οὐρανόθεν
3477 5734 3695 5802 ἠχεῖται

2123 5822 2362 5894 ςαιδρδς,
2401 5824 2551 5894 φωνὴ
2580 5824 2631 5875 δὲ
2669 5823 2877 5878 ἐκεῖθεν
2897 5819 2982 5879 οἶα
3013 5825 3320 5897 θεοπρεπὴς
3353 5824 3694 5889 ἐξακούεται,
