4010 6434
355 429 463 494 157

1675 428 1854 489 νιΤΑ
1893 428 1954 488 S.
1997 424 2348 488 GEORGII.

3503 427 3611 493 158

425 543 558 596 ΚΗ.
584 539 792 596 Μαθὼν
822 539 879 593 δὲ
900 540 929 591 6
955 539 1232 609 βασιλεὺς,
1266 537 1341 601 ὡς
1363 535 1498 591 ¹ειολύ
1528 555 1588 591 τι·
1634 537 1840 607 πλῆθος
1871 538 1929 590 ὲν

2103 537 2271 592 XXII.
2309 536 2406 594 Ubi
2438 537 2736 605 imperator
2768 534 3004 601 audivit,
3036 543 3330 608 martyrem
3361 551 3392 590 a
3427 537 3610 593 multi-

348 637 421 705 τῇ
456 633 676 702 φυλακῇ
707 632 784 700 τῷ
816 631 1054 704 μάρτυρι
1084 629 1309 699 προσιὸν
1345 631 1469 683 ὅσαι
1506 625 1648 702 ὧραι
1679 633 1746 700 τῇ
1774 631 1936 683 εὐσε-

2043 629 2232 683 tudine
2281 629 2335 682 in
2383 643 2604 684 carcere
2652 627 2893 684 obsideri
2929 641 2994 682 ac
3029 627 3188 683 fidem
3231 638 3461 690 ruutare,
3519 630 3613 683 ira:

346 725 480 798 θείᾳ
537 725 939 794 προστίθενται,
999 724 1101 778 οὐκ
1144 724 1389 787 ἀνεκτῶς
1443 724 1602 796 ἔσχεν
1627 741 1642 756 ’
1673 724 1810 778 ἀλλὰ
1841 723 1929 778 τὸν

2040 721 2353 798 impatiens.
2400 721 2575 775 \‘irum
2620 730 2870 775 sanctum
2914 723 3202 776 arcessivit
3237 722 3359 791 pelli
3389 721 3613 776 leoninae

350 820 550 887 ’Δγιον
578 817 1114 887 μετακαλεσάμενος,
1166 815 1400 885 ὀργίλως
1451 817 1552 886 μὲν
1583 816 1664 868 ἔτι
1717 817 1812 870 καὶ
1835 816 1934 869 αύ-

350 907 597 978 στηρῶς,
624 907 873 976 οὐδαμῶς
898 926 912 939 ο
949 907 1085 960 ἀλλὰ
1114 908 1213 976 τῆς
1250 907 1472 976 λεοντῆς
1509 909 1582 977 μὴ
1613 907 1931 978 ἐξικνουμέ-

350 1018 476 1071 νης,
507 1001 605 1054 καὶ
638 1003 737 1069 τὴν
782 999 1080 1069 ἀλωπεκῆν
1135 999 1468 1069 προσετίθει,
1524 1000 1620 1052 καὶ
1652 999 1712 1052 τὸ
1736 999 1932 1068 πικρὸν

351 1090 451 1141 καὶ
485 1089 762 1158 ἀπότομον
800 1089 906 1141 ὑπὸ
948 1089 1301 1158 προσχήματι
1335 1088 1584 1158 καλύψας
1624 1088 1932 1157 φιλανθρω-

351 1180 512 1242 πίας,
546 1181 736 1244 πράως
784 1179 947 1234 πάλιν
995 1181 1292 1249 ὑπέρχεται
1324 1180 1418 1232 καὶ
1445 1181 1656 1250 ἠπίως·
1693 1182 1778 1252 Νὴ
1806 1185 1933 1246 τοὺς

350 1269 540 1333 θεοὺς,
564 1272 685 1340 είρη
697 1269 825 1338 κὼς,
854 1271 908 1323 εἴ
932 1288 1034 1338 μου
1061 1271 1321 1342 ἀκούσῃς,
1347 1272 1386 1323 Γ
1389 1270 1610 1342 εώργιε,
1640 1275 1736 1327 καὶ
1760 1292 1932 1345 προσ-

347 1362 530 1415 ελθὼν
566 1363 758 1434 θύσῃς,
808 1363 1030 1430 ἀγαθῶν
1076 1365 1258 1432 ἀγαθὰ
1286 1366 1562 1438 εὑρήσεις,
1598 1367 1690 1420 καὶ
1713 1368 1934 1436 χρημά-

345 1472 464 1508 των
522 1455 622 1524 μὲν
687 1458 877 1524 κύριος
929 1455 1025 1528 ἔσῃ
1077 1457 1306 1526 συχνῶν,
1363 1457 1578 1528 πρῶτον
1601 1458 1660 1510 δέ
1685 1476 1780 1511 σου
1813 1461 1931 1528 μεθ’

348 1545 505 1613 ἡμᾶς
536 1543 724 1614 ἓτερον
750 1547 829 1606 εἰς
852 1546 1018 1617 τιμὴν
1069 1545 1167 1613 οὐχ
1202 1545 1345 1608 ἕξεις
1367 1563 1381 1578 ο
1417 1547 1670 1616 Κήδομαι
1695 1547 1805 1618 γάρ
1837 1565 1930 1602 σου

348 1637 450 1690 καὶ
476 1635 580 1705 τῆς
614 1635 872 1704 εὐγενοῦς
895 1637 1064 1706 ὥρας,
1097 1639 1190 1690 καὶ
1217 1637 1316 1706 τῆς
1337 1637 1587 1706 νεότητος
1611 1634 1793 1692 οἶκτον
1825 1639 1934 1709 ἔχω

346 1728 546 1792 πολὺν,
598 1728 694 1780 καὶ
723 1727 985 1798 βούλομαί
1037 1745 1097 1781 σε
1131 1729 1231 1799 ζῇν
1282 1728 1483 1798 μᾶλλον
1512 1729 1543 1799 ἢ
1576 1731 1791 1798 Θανάτῳ
1819 1732 1933 1784 δια-

345 1818 632 1887 φθαρῆναι
673 1819 878 1887 πικρῷ.
906 1817 1092 1880 Οὕτως
1127 1816 1282 1871 εἶπεν
1321 1821 1350 1872 ό
1381 1819 1654 1889 βασιλεὺς,
1681 1820 1932 1886 Μαγνεν-

342 1908 453 1978 τεῳ
482 1907 562 1977 τῷ
588 1907 728 1978 φίλῳ
761 1907 1026 1970 πεισθεὶς,
1051 1908 1293 1978 εἰρηκότι
1321 1909 1420 1978 τὴν
1458 1909 1691 1978 ἐσχάτην
1725 1908 1930 1978 ταύτην

349 2001 494 2070 πρὸς
523 1999 614 2051 τὸν
658 1999 846 2066 ’Δγιον
884 1998 1120 2068 ὁμιλίαν,
1172 1998 1247 2060 ὡς
1297 1993 1407 2052 οἶόν
1435 2015 1495 2052 τε
1529 1999 1928 2068 θεραπευτικὴν

345 2092 706 2160 ποιήσασθαι.
769 2092 829 2145 Ὀ
857 2091 912 2144 δὲ
949 2093 1159 2160 μάρτυς
1215 2092 1569 2161 εὐπρόσωπον
1599 2091 1788 2160 ῶσπερ
1823 2093 1922 2161 τὴν

344 2184 652 2252 ἀπολογίαν
675 2183 925 2238 ἐντεῦθεν
972 2184 1150 2254 εὑρών
1179 2200 1191 2212 ·
1231 2185 1292 2236 Ei
1318 2183 1552 2253 πρῶτον,
1591 2170 1716 2253 ἔφή,
1753 2183 1926 2237 ταῦτα

344 2278 560 2344 ἔλεγες,
597 2272 742 2347 εἶχον
775 2275 841 2330 ἂν
891 2278 984 2329 καὶ
1031 2275 1214 2345 χώραν
1253 2278 1301 2329 οἱ
1337 2275 1486 2344 λόγοι
1511 2289 1526 2305 ’
1572 2277 1666 2331 νῦν
1701 2277 1756 2331 δὲ
1792 2277 1931 2346 μετὰ

343 2370 620 2432 τοσαύτας
679 2369 884 2432 αἰκίας,
933 2369 1089 2439 εἴπερ
1117 2368 1182 2438 δὴ
1239 2369 1333 2421 καὶ
1381 2368 1752 2439 πεισθείημεν,
1784 2369 1836 2422 τί
1865 2369 1930 2423 ἂν

345 2461 524 2514 ποιῶν
556 2461 977 2531 ἀντιμετρήσεις
1008 2459 1074 2512 τὰ
1100 2461 1318 2529 λυπηρά
1343 2476 1357 2525 ;
1386 2460 1556 2514 Τοῦτο
1600 2462 1824 2524 ἐκεῖνος,
1855 2463 1930 2526 ὡς

346 2552 583 2623 ἱρμαιόν
611 2568 665 2604 τι
690 2553 788 2605 σὺν
809 2551 969 2621 ἡδονῇ
1005 2550 1238 2620 μάλιστα
1269 2551 1596 2618 διαρπάσας,
1624 2554 1716 2606 ἅτε
1746 2552 1810 2622 δὴ
1836 2553 1930 2606 καὶ

346 2643 548 2697 ιλπίδα
615 2643 739 2696 τινά
765 2641 859 2696 τοῦ
893 2642 1284 2712 πεισθήσεσθαι
1319 2642 1655 2712 ὑποφαίνων,
1700 2641 1786 2706 Ὠς
1820 2660 1926 2695 πα-

344 2737 458 2806 τρὶ,
517 2736 646 2805 ἔφη,
679 2735 866 2790 τέκνον
915 2733 1259 2803 φιλούμενον,
1292 2735 1466 2789 ταῦτά
1497 2752 1587 2804 μοι
1628 2733 1782 2802 ἄφες,
1827 2736 1922 2788 καὶ

2039 793 2312 880 vulpinam
2374 813 2767 876 superaddeus.
2822 823 2877 866 et
2925 814 3396 866 n'uansuetudinem
3448 828 3611 882 quant

2028 905 2186 959 .iutus
2242 919 2582 973 nequaquam
2645 905 2950 968 Sentiebat,
3006 907 3270 960 simulans
3333 906 3486 957 dulce
3549 921 3614 959 ac

2035 997 2274 1052 suaviter
2303 1014 2317 1052 :
2361 996 2463 1050 Per
2493 997 2647 1060 deos,
2684 998 2883 1066 inquit,
2912 999 2956 1050 si
2991 1014 3077 1052 me
3099 1000 3274 1062 audis,
3306 997 3525 1065 Georgi,
3558 1006 3614 1050 et

2035 1089 2139 1142 diis
2169 1087 2468 1148 sacrificas.
2512 1104 2786 1142 summum
2833 1090 3096 1144 bonorum
3142 1090 3437 1154 obtinebis,
3483 1104 3613 1157 opes

2037 1195 2258 1248 magnas
2288 1180 2620 1235 nancisceris
2649 1196 2712 1234 ac
2743 1181 3024 1234 secundos
3056 1182 3107 1232 in
3140 1181 3388 1242 imperio,
3419 1189 3613 1246 prarter

2037 1287 2146 1335 me,
2185 1271 2419 1326 honores
2455 1271 2796 1338 adipisceris.
2850 1273 3068 1326 Miseret
3120 1273 3262 1325 enim
3311 1288 3394 1324 me
3433 1273 3510 1326 tui
3560 1282 3616 1325 et.

2036 1362 2458 1430 pulchritudinis
2477 1371 2580 1415 tua:
2609 1372 2661 1415 et
2691 1363 3073 1416 adolescentiae
3099 1374 3322 1425 tenerae,
3347 1378 3408 1416 ac
3430 1363 3614 1416 vivere

2035 1465 2087 1508 te
2114 1471 2274 1523 quam
2327 1456 2521 1509 acerba
2572 1437 2744 1508 morte
2790 1456 2968 1523 perire
3003 1454 3162 1508 malo.
3213 1454 3361 1508 Talia
3397 1455 3612 1509 locutus

2033 1558 2117 1600 est
2161 1548 2478 1615 imperator,
2529 1547 2822 1616 inStigante
2871 1548 3051 1601 amico
3101 1546 3430 1615 Magnentio,
3466 1544 3614 1597 allir-

2036 1649 2239 1699 mante,
2309 1639 2409 1692 bac
2458 1639 2672 1693 ratione
2720 1640 2896 1692 virum
2944 1647 3190 1691 sanctum
3255 1636 3612 1703 subigendum

2035 1727 2168 1784 Inre.
2207 1729 2472 1794 Georgius
2517 1747 2648 1785 νει-ο
2685 1742 2964 1801 gratanter
3006 1733 3187 1784 audita
3225 1731 3323 1784 ista
3363 1730 3614 1797 propos’o

2035 1823 2200 1888 tione,
2222 1822 2276 1876 Si
2300 1825 2473 1888 prius.
2499 1823 2660 1886 dixit,
2691 1825 2812 1876 talia
2839 1824 3256 1884 ennntiavisses.
3279 1821 3612 1875 deliberandi

2037 1915 2186 1968 locus
2233 1915 2444 1969 fuisset.
2505 1914 2656 1970 Nunc
2697 1929 2903 1977 autem,
2955 1918 2999 1968 si
3060 1926 3179 1983 post
3230 1924 3306 1967 tot
3357 1925 3614 1980 tantaque

2035 2015 2306 2060 tormenta
2367 2016 2419 2062 te
2471 2007 2743 2066 audirem.
2800 2009 3068 2076 quomodo
3125 2021 3210 2058 me
3259 2020 3447 2059 eorum
3495 2019 3616 2072 qua:

2035 2113 2322 2167 perpessus
2377 2116 2519 2163 sum,
2587 2100 2831 2154 oblivisci
2888 2099 3156 2152 doceres?
3214 2098 3508 2163 Imperator
3559 2095 3612 2149 in

2034 2189 2184 2244 lucro
2230 2208 2435 2261 ponens
2486 2194 2585 2246 viri
2639 2195 2814 2248 saneti
2865 2195 3310 2248 conversionem.
3347 2207 3506 2258 quam
3554 2205 3614 2242 so

2028 2284 2378 2338 obtenturum
2417 2287 2688 2352 sperabat,
2723 2283 2800 2338 Ne
2849 2300 3173 2338 succenseas
3205 2284 3359 2346 mihi,
3415 2281 3610 2350 inquit,

2029 2380 2118 2446 qui
2151 2389 2202 2433 te
2251 2380 2393 2432 sicut
2423 2390 2576 2444 pater
2607 2378 2771 2430 lilium
2805 2376 3060 2430 dilectum
3095 2377 3470 2444 complector;
3507 2373 3613 2425 diis

2029 2478 2206 2522 autem
2249 2469 2520 2522 sacriﬁca.
2562 2468 2652 2520 Sic
2706 2467 2848 2519 enim
2887 2467 3010 2520 ilus
3061 2466 3323 2533 propitios
3369 2462 3610 2528 habebis,

2029 2568 2084 2611 et
2121 2559 2235 2624 ipse
2265 2556 2472 2625 optima
2505 2571 2733 2624 qumque
2761 2556 3036 2623 acquires.
3088 2553 3168 2607 Ad
3218 2556 3331 2606 luce
3363 2562 3606 2620 martyr:

2036 2650 2092 2702 Si
2123 2650 2256 2713 haec,
2287 2664 2320 2702 o
2349 2664 2465 2710 res,
2496 2646 3104 2717 inquit,‘_tua'sententia
3125 2660 3228 2710 est,
3254 2644 3366 2713 jam
3387 2645 3454 2697 ad
3481 2644 3612 2698 deos

2034 2749 2116 2797 est
2147 2741 2590 2810 confugiendum.

348 2832 670 2904 προσελθὼν
700 2832 891 2886 θυσίαν
912 2835 1244 2903 προσένεγκε
1278 2835 1389 2895 τοῖς
1411 2833 1554 2896 θεοῖς
1577 2849 1590 2864 ⁸
1631 2835 1775 2888 οὕτω
1814 2840 1922 2906 γὰρ
1961 2839 2202 2901 ἐκείνους
2245 2857 2302 2893 τε
2353 2839 2601 2908 εὐμενεῖς
2630 2840 2794 2905 τέξεις,
2823 2840 2920 2892 καὶ
2969 2838 3182 2908 σεαυτῷ
3229 2837 3299 2890 τὰ
3339 2835 3605 2890 κάλλιστα

347 2929 730 2999 προξενήσεις.
769 2929 879 2982 Καὶ
909 2929 938 2981 6
972 2929 1200 2998 μάρτυς,
1228 2928 1288 2980 Ei
1309 2927 1466 2982 τοῦτό
1495 2945 1600 2993 σοι,
1627 2929 1753 2999 ἔφη,
1777 2931 1918 2985 κατὰ
1948 2933 2193 3004 γνώμην,
2227 2929 2272 2987 ὧ
2300 2933 2545 3004 βασιλεῦ,
2578 2932 2696 3004 ὥρα
2723 2932 2858 3003 προς
2881 2930 3036 2994 θεοὺς
3068 2931 3310 2985 ἀπιέναι.

420 3046 554 3101 KP.
598 3045 686 3108 Ὧς
715 3040 808 3098 οὖν
842 3043 1015 3098 ταῦτα
1035 3047 1063 3098 6
1089 3043 1466 3112 Διοκλητιανδς
1496 3044 1717 3112 ἤκουσε,
1758 3062 1929 3116 προσ-

347 3140 612 3208 τάγματα
647 3139 808 3195 εὐθὺς
855 3138 1162 3206 πανταχόσε
1194 3137 1361 3189 διέθει
1388 3139 1467 3199 εἰς
1492 3136 1551 3189 τὸ
1579 3137 1724 3206 ἱερὸν
1753 3137 1925 3191 ἃπαν-

2102 3047 2292 3102 XXIII.
2329 3046 2424 3102 llis
2455 3048 2654 3100 auditis
2686 3047 3060 3100 Diocletianus
3091 3045 3270 3099 edicto
3321 3044 3612 3113 magistra-

2035 3149 2120 3193 tus
2163 3141 2417 3209 populum
2458 3155 2522 3193 ac
2576 3139 2777 3193 milites
2831 3153 3021 3192 omnes
3078 3155 3128 3191 In
3183 3137 3382 3203 templo
3421 3138 3612 3189 adesse

343 3251 452 3297 τας
473 3233 628 3302 αύτῷ
655 3232 919 3294 συνιέναι,
950 3232 1065 3284 ὅσοι
1098 3246 1158 3282 τε
1189 3229 1298 3281 τῶν
1324 3232 1380 3281 ὲν
1409 3229 1552 3281 τέλει
1579 3231 1670 3282 καὶ
1695 3230 1806 3281 ὅσοι
1832 3229 1925 3282 τοῦ

2035 3244 2129 3296 per
2151 3244 2450 3297 praeconem
2487 3229 2672 3298 jussit.
2729 3229 2995 3296 siquidem
3029 3226 3316 3297 Georgius,
3354 3227 3612 3282 Galilarns

342 3326 411 3394 δή
422 3341 528 3394 μου
553 3323 648 3378 καὶ
670 3323 777 3376 τῶν
805 3321 1153 3394 στρατιωτῶν
1175 3315 1336 3390 ἦσαν,
1368 3319 1724 3388 ὑπόλαμπρον
1753 3321 1928 3386 ἐκφω-

343 3415 536 3469 νοῦντι
562 3415 639 3484 τῷ
670 3416 892 3483 κήρυκι,
927 3413 1009 3465 ὅτι
1035 3411 1324 3480 Γεώργιος,
1347 3413 1374 3462 ό
1399 3412 1456 3462 ἐν
1495 3409 1800 3472 Γαλιλαίοις
1833 3427 1925 3462 πε-

347 3506 666 3579 ρίϐλεπτος,
737 3502 1035 3556 Ἀπόλλωνι
1088 3501 1452 3569 προσέρχεται
1503 3497 1700 3551 θύσων.
1739 3499 1927 3568 Παρα-

343 3596 543 3666 χρῆμα
595 3591 726 3661 γοῦν
763 3592 970 3653 πάντες
1023 3590 1283 3660 Ἕλληνες
1313 3589 1530 3658 κρότοις
1571 3588 1668 3640 καὶ
1700 3590 1927 3641 παιᾶσιν

343 3685 858 3755 ὲνευφραινόμενοι,
923 3681 1150 3753 βασιλέα
1183 3697 1242 3734 τε
1306 3682 1398 3732 καὶ
1445 3680 1536 3732 τὸν
1564 3681 1772 3732 ἐκείνου
1805 3680 1928 3734 θεὸν

354 3776 675 3832 Ἀπόλλωνα
709 3773 935 3843 νικητὴν
963 3773 1274 3842 ηὑφήμουν.
1339 3772 1491 3824 Ἐπεὶ
1545 3771 1600 3824 δὲ
1654 3771 1748 3824 τοῦ
1781 3771 1927 3842 ἱεροῦ

342 3867 501 3928 ἐντὸς
522 3861 682 3935 ἦσαν,
721 3863 932 3932 σιωπῆς
956 3866 1278 3933 γενομένης,
1307 3861 1561 3932 προσχὼν
1590 3865 1618 3916 6
1639 3864 1830 3931 Ἀγιος
1851 3864 1929 3934 τῷ

341 3959 652 4026 ἀγάλματι,
679 3955 708 4009 ὃ
735 3955 828 4009 τοῦ
867 3955 1207 4016 ’Λπόλλωνος
1228 3949 1318 4024 ἦν,
1354 3957 1449 4007 καὶ
1485 3953 1620 4024 πρὸς
1646 3956 1779 4008 αύτδ
1807 3956 1930 4026 βλέ-

341 4051 480 4120 ψας,
512 4050 584 4101 Σὺ
609 4045 660 4101 εἷ
691 4048 812 4112 θεός
838 4066 852 4112 ς
879 4047 1008 4117 ἔφη,
1044 4047 1137 4100 καὶ
1166 4047 1226 4100 σὲ
1259 4047 1340 4100 δεῖ
1363 4049 1689 4118 προσκυνεῖν
1720 4048 1931 4119 ἀνθρώ-ο

347 4158 522 4204 πους;
549 4141 623 4194 Τὸ
643 4140 697 4193 δὲ
728 4138 975 4193 ὲνοικοῦν
1000 4138 1197 4191 αὐτίκα
1229 4138 1464 4209 πονηρὸν
1486 4138 1724 4208 πνεῦμα,
1743 4138 1930 4209 ῶσπερ

342 4233 426 4303 τῷ
459 4233 558 4286 τοῦ
606 4233 790 4300 Ἀγίου
825 4231 976 4299 φόϐῳ
1029 4230 1360 4295 καταπειθὲς
1403 4231 1714 4299 γενόμενον,
1750 4233 1932 4284 καίτοι

345 4321 672 4392 φιλοψευδὲς
701 4321 784 4385 ὂν,
839 4323 970 4375 ἄκον
998 4322 1299 4391 ἐκήρυττεν
1340 4322 1438 4391 τὴν
1469 4321 1726 4392 ἀλήθειαν
1747 4338 1760 4353 ·
1817 4323 1932 4377 Οὐκ

343 4419 470 4486 εἰμὶ
520 4416 632 4483 ὶγὼ
680 4415 804 4479 θεὸς
835 4414 1036 4483 λέγων,
1085 4413 1274 4482 ῶσπερ
1306 4412 1427 4465 οὐδὲ
1444 4413 1492 4465 οἱ
1546 4413 1644 4466 σὺν
1669 4413 1792 4482 ἐμοὶ
1837 4412 1930 4465 τὸν

345 4511 482 4564 ναὸν
511 4506 809 4582 οἰκοῦντες,
860 4505 974 4559 ἀλλ’
1026 4501 1107 4568 εἷς
1147 4502 1354 4573 ἀληθὴς
1379 4503 1408 4556 6
1432 4504 1687 4574 Χριστός.
1736 4498 1870 4558 Εἶτα
1903 4504 1932 4557 6

2033 3323 2169 3376 bene
2201 3332 2380 3386 notus,
2405 3321 2637 3386 Apollini
2658 3323 3063 3375 sacrificaturus
3087 3319 3313 3373 adforet.
3334 3317 3613 3383 Extemplo

2031 3413 2257 3484 gentiles
2279 3413 2614 3468 carminibus
2634 3423 2687 3467 et
2703 3414 2921 3485 hymnis
2941 3414 3194 3481 gaudium
3218 3410 3497 3465 manifesta
3509 3410 3614 3463 udo

2033 3505 2416 3570 imperatorem
2483 3514 2538 3558 et
2587 3506 2745 3557 deum
2799 3505 2971 3573 ipsius
3005 3503 3304 3570 Apollinem
3360 3503 3611 3556 laudibus

2031 3592 2280 3648 efferunt.
2312 3592 2603 3660 Postquam
2628 3609 2818 3648 omnes
2850 3594 3110 3660 templum
3143 3593 3372 3661 ingressi
3405 3600 3608 3654 essent,

2033 3687 2253 3741 silentio
2307 3687 2469 3750 facto,
2503 3685 2768 3754 Georgius
2820 3685 3084 3755 Apollinis
3120 3693 3355 3738 statuam
3394 3683 3614 3750 conspi-

2033 3789 2217 3833 catus:
2249 3777 2330 3831 Tu
2361 3781 2492 3831 deus
2521 3793 2599 3842 es,
2634 3779 2827 3844 inquit,
2859 3789 2912 3830 ct
2944 3781 3011 3830 ab
3047 3777 3354 3831 hominibus
3391 3775 3608 3829 adorari

2032 3869 2360 3939 praesumis?
2393 3869 2528 3923 Tum
2560 3867 2846 3923 confesrim
2883 3869 3058 3922 malus
3088 3869 3296 3921 daemon
3347 3867 3613 3933 inclusus,

2032 3970 2215 4030 utpote
2241 3962 2414 4017 sancti
2443 3972 2586 4015 metu
2612 3963 2913 4031 perculsus,
2947 3961 3183 4030 alioquin
3218 3963 3471 4020 mendax.
3507 3961 3612 4016 hoc

2033 4061 2210 4106 tamen
2253 4052 2392 4118 loco,
2438 4052 2565 4106 licet
2610 4051 2830 4114 invitus,
2879 4066 3064 4104 verum
3113 4051 3454 4104 enuntiavit:
3491 4049 3610 4103 Non

2032 4159 2151 4197 sum
2179 4144 2335 4206 deus,
2354 4142 2562 4203 dicens,
2584 4155 2759 4203 neque
2788 4141 2880 4207 qui
2919 4154 3126 4194 mecum
3162 4138 3329 4192 hocce
3352 4137 3610 4206 templum

2033 4232 2300 4299 incolunt,
2333 4233 2426 4287 sed
2452 4249 2592 4286 unus
2629 4231 2902 4286 Christus.
2937 4229 3073 4284 Tum
3112 4239 3338 4300 martyr,
3372 4231 3476 4284 Vos
3509 4227 3612 4295 igi-

2035 4333 2138 4385 tur.
2159 4322 2249 4391 qui
2285 4322 2357 4376 dii
2404 4337 2506 4376 non
2542 4322 2826 4383 estis,.cur
2843 4320 3094 4374 homines
3121 4319 3609 4388 decipitis,inquit,

2032 4429 2130 4484 pro
2157 4415 2261 4468 diis
2301 4414 2488 4468 haberi
2521 4412 2950 4484 praesumentes?
2983 4413 3084 4480 Qui
3127 4411 3186 4466 fit
3233 4424 3290 4466 ut
3341 4426 3424 4464 me
3451 4423 3610 4464 serto

2040 4506 2247 4562 ChriSti
2283 4520 2550 4575 prasente
2584 4507 2710 4561 huic
2745 4507 2921 4562 fraudi
2947 4521 3052 4560 non
3083 4504 3438 4560 renuntiatis?
3483 4503 3611 4558 Ha'c

350 4601 588 4672 μάρτυς,
621 4599 729 4653 Καὶ
759 4600 809 4651 εί
841 4599 914 4669 μή
947 4599 1070 4650 ἐστε
1102 4596 1236 4660 θεοὶ,
1265 4594 1395 4665 ἔφη,
1424 4595 1478 4648 τί
1511 4594 1796 4659 παθόντες,
1827 4595 1924 4648 άν-

2039 4617 2161 4656 cum
2203 4601 2432 4655 dixisset
2468 4611 2694 4669 martyr.
2727 4609 2776 4654 et
2804 4600 3055 4655 onmibus
3087 4599 3176 4664 qui
3207 4599 3452 4659 aderant,
3484 4609 3612 4648 cru-

348 4693 605 4762 θρώπους
637 4691 945 4756 ἐξαπατᾶτε
982 4690 1058 4753 ὡς
1101 4690 1246 4750 θεοῖς
1300 4687 1591 4758 προσέχειν
1621 4687 1781 4756 ὑμῖνς
1810 4687 1928 4752 πῶς

2039 4693 2121 4746 cis
2153 4691 2364 4761 signum
2400 4691 2544 4745 sicut
2591 4690 2754 4745 telum
2800 4687 3140 4742 irresistibile
3185 4685 3484 4752 injecisset,
3521 4692 3610 4735 tu-

346 4784 407 4836 δὲ
432 4786 528 4836 καὶ
554 4785 849 4851 ὑπομεῖναι
884 4782 1025 4843 ὅλως
1047 4781 1208 4850 ὑμεῖς
1254 4778 1654 4851 τεθαρῤήκατε,
1681 4779 1816 4850 ἐμοῦ
1847 4781 1929 4832 ὲν-

2041 4781 2239 4836 multtts
2271 4781 2513 4836 clamore
2557 4787 2613 4833 et
2653 4779 2854 4848 gemitu
2904 4776 3099 4831 mistus
3135 4776 3348 4828 auditus
3386 4780 3472 4825 est
3499 4773 3609 4825 «ιω-

347 4874 529 4928 ταῦθα
551 4875 822 4943 παρόντος
843 4873 937 4926 τοῦ
960 4872 1150 4926 δούλου
1178 4870 1418 4942 Χριστοῦ
1437 4889 1452 4936 ;
1478 4870 1668 4935 Οὕτως
1685 4872 1929 4934 εἰπόντος

2038 4887 2256 4927 monum
2288 4870 2450 4925 simul
2481 4869 2912 4939 aufugientium;
2945 4867 3085 4921 idola
3136 4881 3268 4920 vero
3296 4861 3610 4933 ipsa,quasi

346 4967 447 5020 τοῦ
515 4967 814 5037 μάρτυρος,
849 4965 944 5019 καὶ
1002 4965 1193 5035 ῶσπερ
1226 4981 1280 5018 τι
1309 4964 1524 5033 ἄμαχον
1566 4961 1729 5016 ὅπλον
1750 4965 1811 5016 τὸ
1833 4961 1929 5016 τοῦ

2038 4979 2198 5017 manu
2252 4963 2374 5018 forti
2431 4971 2682 5030 correpta
2724 4959 2996 5016 communi
3026 4957 3181 5012 ruina
3223 4957 3276 5010 in
3329 4954 3606 5025 pulverem

349 5057 592 5128 σταυροῦ
623 5061 851 5128 σημεῖον
870 5058 1057 5120 αὐτοῖς
1091 5058 1490 5120 ὲπισείσαντος,
1509 5055 1744 5126 τάραχος
1765 5053 1929 5117 εὐθὺς

2035 5055 2254 5111 redacta
2279 5055 2554 5123 iacebant.

347 5154 611 5225 ἠκούετο,
660 5154 753 5207 καὶ
805 5153 902 5224 βοὴ
936 5152 1032 5206 καὶ
1081 5151 1280 5224 θρῆνος
1326 5150 1392 5204 ἑκ
1438 5149 1534 5203 τοῦ
1567 5150 1740 5220 ἱεροῦ,
1783 5149 2226 5222 δραπετευόντων
2273 5151 2382 5205 τῶν
2429 5149 2756 5220 δαιμονίωνο
2799 5147 2942 5201 αὐτά
2981 5162 3042 5200 τε
3078 5145 3149 5200 τά
3189 5145 3382 5200 εἴδωλα
3420 5143 3608 5212 ῶσπερ

348 5251 462 5304 ὑπό
504 5265 650 5312 τινος
677 5251 942 5320 κραταιᾶς
969 5249 1150 5320 χειρὸς
1190 5246 1618 5317 κατασπώμενα,
1650 5246 1839 5317 ἕτερον
1866 5247 1947 5318 τῷ
1995 5248 2172 5321 ἑτέρῳ
2223 5247 2675 5316 συγκαταπίπτον
2713 5244 2960 5315 ἐφέρετο,
2984 5243 3078 5298 καὶ
3110 5243 3190 5305 είς
3221 5241 3348 5312 χοῦν
3382 5235 3610 5290 ἐλεπτύ-

345 5361 499 5400 νιτο.

424 5437 553 5489 KA'.
585 5433 650 5486 Τί
681 5432 741 5486 τὸ
767 5432 862 5488 ιπι
893 5431 1140 5496 τούτοις;
1183 5428 1422 5500 ’Δθυμία
1457 5429 1559 5501 μὶν
1580 5427 1674 5483 τὸν
1703 5427 1929 5500 βασιλέα

2104 5427 2248 5484 XIV.
2279 5427 2418 5496 Quid
2456 5426 2684 5495 postea?
2726 5423 3042 5494 Desperatio
3089 5436 3282 5488 unauna
3315 5421 3608 5489 imperato-

350 5528 446 5579 καὶ
475 5525 602 5588 τοὺς
631 5525 762 5595 περὶ
783 5523 950 5578 αὐτὸν
977 5520 1092 5592 εἶχε
1126 5521 1298 5592 πολλή
1323 5537 1336 5552 ·
1389 5520 1700 5591 εὐφροσύνη
1724 5521 1781 5574 δὲ
1804 5523 1929 5584 τοὺς

2035 5537 2173 5584 rem,
2211 5531 2265 5575 et
2308 5520 2401 5589 qui
2443 5534 2566 5573 cum
2593 5535 2660 5573 eo
2685 5525 2862 5579 erant.
2903 5514 3157 5578 tenebat;
3192 5514 3376 5567 fideles
3419 5521 3604 5566 autem

353 5621 580 5680 πιστοὺς
609 5619 872 5689 ἇρρητος,
909 5617 1001 5670 καὶ
1033 5615 1234 5684 μᾶλλον
1265 5614 1617 5668 ὲὸεόαιοῦντο
1663 5615 1802 5684 πρὸς
1831 5614 1929 5684 τὴν

2035 5613 2289 5684 gaudium
2337 5608 2610 5667 ineffabile
2640 5611 2692 5664 in
2733 5609 2835 5664 Iide
2861 5606 3240 5670 confirmabat,
3280 5606 3423 5658 inter
3465 5617 3604 5672 quos

351 5709 613 5780 ἀλήθειαν
638 5724 652 5738 ·
693 5710 787 5762 καὶ
849 5707 960 5777 πρό
989 5725 1051 5774 γε
1088 5707 1200 5760 τῶν
1254 5706 1431 5760 ἄλλων
1462 5707 1496 5776 ἡ
1532 5705 1745 5776 βασιλὶς
1783 5705 1929 5758 Ἀλε-

2036 5705 2344 5760 Alexandra
2372 5703 2714 5774 Imperatrix,
2736 5717 2857 5772 qua:
2886 5701 3010 5755 inde
3037 5697 3294 5754 audacior
3321 5696 3461 5751 facta
3491 5698 3606 5750 ido-

354 5802 575 5875 ξάνδρα,
634 5803 666 5877 ἧ
713 5801 806 5855 καὶ
861 5798 1108 5871 μείζονος
1145 5797 1458 5873 παρρησίας
1493 5796 1644 5851 ἔνθεν
1678 5797 1928 5866 ὑποπλη-

2039 5797 2106 5852 lis
2141 5813 2246 5854 non
2284 5810 2474 5865 parum
2523 5794 2712 5851 irrisit.
2766 5794 2938 5849 Iratus
2983 5791 3094 5860 jam
3149 5798 3262 5844 tum
3306 5788 3608 5859 imperator

927 6042 982 6062 φ
