4010 6452
402 431 510 492 159

1708 429 1995 491 MENSIS
2039 426 2382 491 APlllLlS.

3552 424 3658 490 ιε»)

398 556 520 594 cum
557 538 792 595 ﬁdeliqu
822 537 1039 594 turbem
1093 536 1320 593 vidisset
1364 536 1598 606 amplius
1627 537 1681 592 iu
1718 538 1822 595 ﬁde
1851 556 1979 594 con-

2088 536 2299 604 σθεῖσα,
2343 536 2527 606 πο).λῷ
2568 537 2645 607 τῷ
2674 537 2817 591 κατᾶ
2844 539 2954 590 τῶν
2983 536 3217 592 εἰδώλων
3257 535 3529 606 ἐνετρύφα
3565 536 3663 604 γέο

399 632 763 696 armatorum,
815 626 982 700 priori
1042 628 1266 685 lenitate
1311 640 1495 695 exuta,
1549 630 1819 701 integrum
1853 630 1981 687 Dio-

398 723 694 775 cletianum
750 718 1013 783 ostendit,
1072 726 1125 773 et
1184 718 1337 772 torve
1388 716 1607 772 intuens
1644 728 1978 790 martyrem:

402 810 649 874 Talibus,
692 810 888 877 inquit,
917 807 1228 874 sacriﬁciis,
1251 808 1500 872 sceleste,
1533 810 1662 865 deos
1689 811 1982 880 sospitato-

398 918 486 957 res
519 914 571 955 te
601 901 960 955 adoraturum
991 916 1137 968 esse,
1172 899 1311 957 tales
1343 900 1412 955 iis
1441 900 1646 970 gratias
1680 901 1979 958 relaturum

402 995 786 1049 atmnntiasti?
816 994 923 1050 Sed
951 1008 1061 1050 non
1089 996 1183 1050 diu
1209 993 1546 1062 exsultabis;
1595 1010 1699 1049 non
1749 996 1837 1049 ditt
1877 996 1982 1050 diis

397 1088 619 1142 invictis
680 1087 967 1151 irridebis;
1015 1085 1223 1140 nullum
1267 1101 1333 1141 ex
1382 1086 1810 1142 incantamentis
1864 1087 1982 1141 fru-

396 1195 546 1234 ctttm
607 1191 797 1235 metes.
849 1180 950 1236 Cui
1006 1191 1220 1253 martyr
1294 1197 1419 1239 cum
1483 1182 1648 1236 multa
1717 1181 1981 1235 modestia

398 1287 461 1321 ac
498 1270 807 1336 prudentia,
841 1254 1039 1337 Nemo,
1064 1273 1263 1339 inquit,
1300 1272 1571 1325 mendacii
1622 1285 1708 1325 tne
1747 1279 1934 1337 urguet
1964 1285 1979 1335 ;

404 1374 622 1426 semper
644 1360 789 1414 enim
828 1359 954 1414 inde
998 1376 1025 1414 ιι
1077 1361 1343 1431 principio
1368 1363 1614 1416 eamdem
1662 1360 1981 1415 sententiam

396 1464 729 1505 cutiservare
759 1452 968 1516 studui,
996 1453 1045 1505 id
1077 1461 1161 1505 cst
1199 1452 1311 1507 Deo
1338 1453 1544 1508 servire
1577 1463 1631 1508 ct
1669 1463 1725 1505 nt
1759 1453 1817 1506 S.
1845 1450 1986 1503 Pan-

402 1541 416 1592 l
442 1557 485 1593 vs
507 1560 582 1593 διν
599 1544 716 1602 ibit.
741 1543 977 1597 hostiam
1005 1545 1299 1609 viventem,
1329 1553 1576 1598 sanctam
1601 1554 1654 1599 et
1683 1546 1980 1610 placentem

396 1632 621 1687 «ﬂet-re.
658 1633 704 1701 Q
730 1635 839 1689 .id?
863 1650 1040 1691 nonne
1066 1652 1151 1691 res
1177 1635 1306 1705 ipsa:
1335 1638 1573 1691 clamant
1606 1637 1747 1702 quod
1775 1650 1836 1687 ea
1862 1648 1983 1702 qure

396 1738 493 1774 vus
520 1725 785 1785 adoratis.
817 1740 970 1778 error
1018 1735 1072 1779 et
1122 1727 1405 1781 mendacia
1445 1736 1572 1782 sunt
1615 1735 1670 1780 ct
1716 1725 1982 1778 duntaxat

396 1817 610 1867 ll'tttiltm
640 1819 757 1869 sine
791 1817 891 1870 re?

2084 627 2234 682 λωτι.
2289 626 2457 699 ’οργῇ
2487 627 2666 680 τοίνυν
2704 628 2734 679 δ
2760 625 3015 697 βασιλεὺς
3045 626 3374 696 κατάσχετος
3396 625 3660 694 γεγονὼς,

2083 719 2257 782 άλλως
2306 735 2364 772 τε
2418 720 2476 773 δὲ
2526 720 2619 773 καὶ
2671 719 2745 772 τά
2771 718 2879 771 τῶν
2914 717 3124 771 πιστῶν
3174 717 3359 788 πλήθη
3388 714 3660 786 erisinates

2086 811 2285 881 μᾶλλον
2306 811 2440 881 πρὸς
2464 809 2777 863 θεοσέϐειαν
2800 810 3292 881 ἐπιστηριζόμενα,
3319 810 3382 861 τὺ
3407 808 3505 878 μὲν
3536 808 3659 861 ἐπί-

2082 919 2305 973 χριστον
2326 903 2506 954 ἐκεῖνο
2526 900 2763 972 χρηστὸν
2797 900 3114 967 ἀποδύεται,
3145 901 3310 954 αὐτὸν
3337 900 3393 953 δί
3413 896 3662 969 φανερῶς

2084 996 2291 1046 ἐκεῖνον
2317 992 2410 1045 τὸν
2440 993 2827 1062 Διοκλητιανδν
2862 992 3223 1046 ἐπιδείκνυσι.
3253 991 3366 1044 Καὶ
3400 990 3569 1061 δριμύ
3607 1006 3661 1042 τι

2083 1086 2176 1138 καὶ
2213 1086 2443 1154 μανικὸν
2476 1085 2754 1155 ἐμϐλέψας
2775 1084 2854 1155 τῷ
2884 1085 3144 1156 μάρτυρι,
3172 1083 3491 1145 Τοιαύταις,
3529 1081 3660 1151 ἔφη,

2084 1177 2319 1241 θυσίαις,
2351 1172 2394 1230 ὧ
2417 1177 2602 1240 κακῶς
2637 1177 3003 1247 ἀπολλύμενε,
3059 1178 3188 1240 τοὺς
3215 1175 3470 1244 σωτῆρας
3489 1175 3666 1244 ὲ⁸³¹⁶¹ἱ⁴ἴ⁴

2082 1271 2248 1339 γείλω
2278 1274 2503 1341 τιμῆσαι
2538 1269 2695 1333 θεούς
2713 1285 2731 1333 ;
2752 1269 3038 1333 τοιαύταις
3059 1268 3248 1340 χάρισι
3275 1265 3660 1334 δεξιώσασθαις

2096 1362 2235 1416 Ἀλλ’
2268 1361 2530 1431 οὐμενοῦν
2563 1362 2664 1414 οὐκ
2712 1363 2807 1413 ἐπὶ
2865 1361 3001 1415 πολὺ
3033 1361 3339 1431 χαιρήσεις,
3399 1357 3520 1410 οὐδὲ
3551 1355 3663 1409 τῶν

2083 1453 2370 1522 ἀηττήτων
2424 1452 2804 1522 καταμωκήσῃ
2850 1450 2987 1505 θεῶν
3010 1468 3025 1483 ο
3066 1450 3167 1522 οὐχ
3203 1449 3346 1503 οὓτω
3377 1448 3498 1512 ταῖς
3529 1462 3664 1515 γοη-

2086 1542 2259 1603 τείαις
2291 1542 2555 1611 ἰσχύσεις.
2582 1543 2724 1611 Πρὸς
2753 1541 2812 1597 ὃν
2845 1543 2873 1595 ὁ
2907 1543 3137 1612 μάρτυς.
3175 1540 3314 1609 μετὰ
3334 1538 3531 1592 πολλοῦ
3563 1536 3660 1591 τοῦ

2085 1634 2357 1701 εὐκόσμου
2420 1635 2514 1686 καὶ
2566 1634 2812 1696 συνετοῦ,
2884 1632 3050 1701 Ἐγὼ,
3087 1628 3262 1697 εἶπεν,
3314 1625 3361 1685 ὧ
3412 1628 3659 1701 βασιλεῦ,

2085 1727 2217 1794 παρ’
2247 1726 2399 1778 οὐδὲν
2440 1726 2735 1795 άλίσκομαι
2786 1725 2981 1795 ψεῦδος
3013 1722 3204 1787 εἰπὼν,
3236 1723 3350 1778 ἀλλ’
3398 1725 3537 1789 ὅπερ
3570 1738 3662 1788 μοι

2084 1820 2343 1887 πρόθεσις
2403 1817 2461 1883 ἐξ
2504 1819 2703 1890 ἀρχῆς.
2753 1819 2911 1872 τοῦτο
2967 1818 3058 1871 καὶ
3106 1819 3187 1881 εἰς
3209 1817 3369 1887 δεῦρο
3398 1813 3663 1885 φυλάξειν

393 1908 660 1976 trusum,
715 1912 776 1963 τὸ
829 1911 885 1964 δέ
913 1913 1030 1963 ἐστι
1061 1911 1138 1981 τῷ
1180 1914 1300 1985 ἐμῷ
1332 1916 1494 1984 μόνον
1530 1913 1813 1980 λατρεύειν
1864 1912 2004 1983 Θεῷ,
2042 1915 2134 1968 καὶ
2166 1915 2311 1983 abte};
2344 1916 2525 1979 ζῶσαν
2570 1914 2731 1981 ἁγίαν
2767 1930 2824 1965 τε
2878 1912 2970 1964 καὶ
2997 1912 3292 1980 εὐάρεστον
3321 1909 3429 1980 (ὡς
3455 1907 3665 1971 Παῦλος

393 2001 423 2048 ὁ
460 2000 599 2063 seu;
628 2004 797 2072 φησι)
828 2006 1163 2076 προσφέρειν
1200 2004 1413 2059 θυσίαν.
1462 2006 1528 2058 Τί
1579 2005 1679 2072 δέ;
1732 2007 1853 2075 οὐχὶ
1898 2004 1993 2058 καὶ
2050 2007 2188 2059 αὐτὰ
2221 2006 2317 2075 βοᾷ
2366 2007 2433 2059 τὰ
2490 2008 2815 2078 πράγματα,
2850 2005 2933 2059 ὅτι
2961 2003 3031 2057 τά
3057 2004 3190 2071 παρ’
3234 2002 3387 2072 ὑμῶν
3426 2016 3668 2071 προσκυ-

394 2093 631 2160 νούμενα
657 2095 830 2165 πλάνη
871 2098 965 2151 καὶ
1009 2098 1203 2167 ψεῦδός
1231 2100 1369 2162 ἐστι,
1407 2100 1502 2153 καὶ
1532 2099 1775 2169 ὀνόματα
1801 2101 1962 2170 μόνον
1992 2102 2333 2171 πραγμάτων
2355 2102 2567 2172 ἐρημαζ

470 2186 634 2242 XXV.
684 2190 877 2244 Omnia
925 2193 1117 2247 deinde
1151 2197 1203 2246 in
1243 2211 1442 2248 vanum
1486 2196 1638 2249 abire
1686 2197 1871 2249 videns
1904 2207 1980 2266 ty-

2163 2196 2288 2252 KE'.
2336 2198 2564 2251 Ἀπείπε
2594 2199 2711 2261 τοῖς
2736 2196 2879 2260 ὅλοις
2906 2197 2937 2249 ὁ
2974 2196 3259 2269 τύραννος,
3292 2197 3386 2249 καὶ
3410 2194 3665 2264 περιττὸν

394 2294 599 2333 latinus
627 2282 900 2349 prioribus
919 2286 1203 2339 tormentis
1222 2287 1479 2340 ulteriora
1510 2287 1749 2354 adjicere
1772 2289 1977 2353 noluit,

401 2373 702 2438 perieulum
757 2375 901 2428 enim
950 2385 1069 2431 erat
1113 2393 1180 2431 ne
1227 2377 1342 2447 ipse
1390 2380 1518 2433 risui
1571 2378 1733 2442 foret,
1778 2389 1983 2450 martyr

393 2472 601 2525 atttem,
662 2464 860 2530 spretis
906 2466 1321 2535 quibuscunquc
1354 2470 1660 2533 tormentis,
1694 2468 1981 2538 gloriosior

393 2554 569 2619 tie-ret,
629 2558 963 2609 sententiam
1001 2569 1194 2613 contra
1242 2575 1365 2615 eum
1422 2560 1544 2613 tulit
1583 2561 1664 2614 sic
1713 2562 1979 2616 dicendo:

391 2644 660 2711 Georgius
698 2662 846 2701 vana:
881 2647 1316 2704 Christianorum
1358 2652 1544 2722 gloriae
1575 2660 1815 2706 sectator
1847 2667 1975 2721 per-

394 2735 564 2795 timx,
625 2738 850 2790 deorum
927 2751 1109 2794 autem
1158 2740 1563 2795 salutiiemrnm
1611 2752 1980 2811 contemptor,

390 2826 484 2892 qui
517 2840 620 2880 nec
666 2828 829 2882 minis
867 2844 967 2884 nec
1012 2830 1297 2898 promissis
1331 2831 1525 2886 cedere
1580 2833 1707 2896 scit,
1750 2815 1860 2886 imo
1891 2833 1981 2900 qui

394 2917 762 2972 Alexandrum
812 2936 1030 2991 quoque
1087 2922 1490 2992 imperatricem
1547 2924 1615 2977 ad
1659 2923 1850 2978 eadem
1889 2924 1985 2975 tle-

395 3008 574 3073 duxit,
612 3025 734 3065 cum
787 3010 889 3066 hac
939 3013 1053 3082 ipsa
1101 3013 1280 3083 capite
1332 3014 1620 3082 plectatur.
1667 3013 1798 3068 Post
1846 3016 1984 3070 hanc

393 3100 742 3166 sententiam,
769 3102 964 3169 quibus
991 3102 1044 3156 id
1076 3103 1398 3171 imperatum
1429 3114 1565 3170 erat,
1596 3118 1691 3159 eos
1722 3119 1974 3171 compre-

395 3187 598 3241 hensos
623 3198 774 3240 extra
809 3191 994 3243 urbem
1022 3192 1086 3244 ad
1114 3192 1361 3260 supplicii
1391 3193 1566 3246 locum
1614 3194 1980 3270 deduxerunt.

395 3275 715 3345 ltnpcrntrix
776 3293 956 3334 autem
1013 3282 1319 3337 Alexandra
1372 3285 1513 3338 viam
1578 3294 1768 3341 tenens
1827 3296 1881 3339 et
1929 3286 1982 3341 in

398 3370 715 3423 memoriam
781 3372 943 3425 Deum
1010 3388 1307 3441 revocans,
1385 3384 1499 3430 tota
1564 3375 1617 3431 in
1693 3377 1983 3446 precibus,

397 3458 452 3512 id
486 3462 629 3528 quod
673 3460 938 3516 labiorum
987 3479 1166 3519 moms
1215 3474 1268 3521 et
1312 3466 1597 3522 oculormn
1649 3482 1871 3524 sursum
1901 3469 1984 3522 di-

396 3552 567 3605 rectio
616 3554 747 3608 satis
790 3555 1126 3620 ittdiCabanl,
1176 3569 1465 3627 antequam
1520 3575 1586 3614 eo
1641 3560 1977 3629 pervenerit,

397 3641 546 3696 illius
578 3643 807 3711 judicio,
830 3647 1201 3713 cujnsjudicia
1232 3651 1481 3721 abyssus,
1512 3650 1660 3705 humi
1683 3661 1976 3721 prostrata,

395 3736 539 3803 piam
570 3739 802 3792 animam
835 3740 1128 3795 exhalavit.

2086 2289 2224 2345 εἶναι
2280 2292 2374 2346 καὶ
2422 2290 2650 2360 ἀνόητον
2680 2290 3056 2360 ἡγησάμενος,
3103 2289 3164 2342 τδ
3199 2290 3294 2343 ἐπὶ
3322 2290 3442 2352 ταῖς
3471 2288 3665 2358 πρώην

2085 2385 2308 2446 πολλαῖς
2336 2384 2430 2437 καὶ
2450 2384 2720 2454 χαλεπαῖς
2749 2383 3045 2455 τιμωρίαις
3079 2383 3161 2437 ἔτι
3190 2383 3289 2438 καὶ
3320 2383 3515 2453 ἐτέρας
3540 2384 3665 2435 ἐπι-

2081 2480 2228 2531 νοεῖν
2259 2475 2630 2546 (κινδυνεύσει
2652 2476 2763 2548 γὰρ
2792 2474 3058 2546 ἄντικρυς
3086 2473 3251 2539 αὐτὸς
3276 2476 3375 2545 μὲν
3396 2473 3663 2545 αἰσχύνην

2082 2570 2268 2637 δελειν
2300 2567 2395 2621 καὶ
2414 2567 2567 2621 οὐδὲν
2594 2566 2782 2622 ἀνύειν
2811 2565 2918 2621 τῶν
2948 2566 3226 2622 κολάσεων
3255 2565 3563 2635 γινομένων
3583 2605 3599 2630 ,
3633 2568 3663 2620 ὁ

2086 2663 2297 2732 μάρτυς
2324 2660 2381 2714 δὲ
2399 2660 2784 2730 λαμπρότερος
2829 2657 3243 2712 ἐπιδείκνυσθαι
3261 2656 3301 2728 ),
3332 2656 3517 2712 δίδωσι
3561 2657 3664 2727 τὴν

2083 2751 2204 2805 κατ’
2233 2749 2396 2803 αὐτοῦ
2426 2749 2607 2818 ψῆφον
2641 2748 2879 2819 είρηκὼς
2908 2747 3052 2801 οὕτω
3079 2763 3092 2779 ·
3137 2747 3440 2817 Γεώργιος,
3508 2746 3537 2799 ὁ
3560 2747 3662 2815 τῆς

2086 2842 2322 2911 ματαίας
2349 2841 2447 2910 μὲν
2465 2839 2572 2892 τῶν
2593 2840 2938 2908 Χριστιανῶν
2957 2839 3116 2909 δόξης
3143 2838 3375 2901 ἔκτοπος
3398 2835 3663 2907 ἐραστὴς,

2080 2933 2190 2985 τῶν
2224 2934 2486 3002 σωτήρων
2525 2933 2582 2984 δέ
2613 2930 2751 2984 θεῶν
2780 2928 3227 3000 καταφρονητὴς,
3252 2929 3348 2982 καὶ
3381 2929 3519 3000 μήτε
3547 2928 3663 2982 δει-

2081 3024 2191 3078 νῶν
2225 3024 2545 3090 ἐπαγωγαῖς
2582 3023 2719 3092 μήτε
2764 3021 2984 3089 ἀγαθῶν
3014 3019 3372 3089 ἐπαγγελίαις
3428 3016 3665 3087 μεταθέ-

2084 3114 2211 3168 σθαι
2241 3115 2658 3177 πεισθε“ις,ἀλλά
2695 3114 2786 3167 καὶ
2818 3113 2918 3185 τὴν
2946 3109 3195 3182 βασιλίδα
3230 3112 3433 3183 μᾶλλον
3478 3107 3664 3174 Ἀλεξ-

2082 3203 2298 3275 άνδρανξ
2324 3205 2876 3274 παρακρουσάμενος,
2919 3205 3011 3259 τδν
3038 3204 3129 3258 διὰ
3157 3203 3345 3272 ξίφους
3382 3204 3479 3256 σὺν
3512 3201 3655 3273 αὐτῇ

2090 3295 2321 3350 θάνατον
2367 3296 2680 3366 ὑποστήτω.
2737 3295 3008 3365 Τοιαύτης
3036 3293 3284 3365 δοθείσης
3316 3294 3415 3357 τῆς
3439 3294 3662 3363 ἀποφά-

2087 3402 2248 3449 σεως,
2272 3388 2319 3439 οἱ
2349 3387 2486 3457 πρὸς
2509 3387 2686 3441 ταῦτα
2709 3387 2978 3441 διακονεῖν
3007 3386 3461 3461 ὑποτεταγμένοι,
3486 3400 3664 3455 παρα-

2085 3477 2346 3541 λαϐόντες
2374 3478 2574 3541 αὐτοὺς
2592 3517 2606 3542 ,
2631 3478 2739 3544 ἔξω
2758 3495 2863 3531 που
2888 3476 2989 3542 τῆς
3014 3476 3244 3540 πόλεως,
3288 3478 3424 3546 πρὸς
3447 3474 3539 3529 τὸν
3560 3475 3664 3545 τῆς

2085 3560 2421 3630 τελειώσεως
2462 3567 2646 3629 τόπον,
2698 3565 2960 3637 ἐχώρουν.
2988 3564 3131 3618 ’Δλλ’
3161 3567 3195 3636 ἡ
3228 3564 3439 3635 βασιλὶς
3478 3563 3663 3629 Ἀλεξ-

2087 3657 2281 3728 άνδρα,
2317 3658 2417 3728 τῆς
2459 3656 2582 3709 ὁδοῦ
2617 3658 2719 3728 μὲν
2748 3658 3005 3727 ἐχομένη,
3025 3655 3161 3710 Θεοῦ
3187 3656 3244 3710 δὲ
3277 3657 3500 3726 μνήμην
3523 3654 3667 3708 κατά

2088 3754 2281 3817 καιρὸν
2307 3749 2628 3818 ποιουμένη,
2657 3748 2749 3800 καὶ
2771 3748 2897 3818 ὅλην
2918 3746 3088 3816 αὐτὴν
3119 3745 3199 3808 είς
3227 3746 3391 3814 εὐχὴν
3416 3741 3665 3813 τρέψασα

396 3833 509 3898 (ὡς
545 3833 580 3904 ἥ
607 3851 665 3887 τε
696 3835 806 3887 τῶν
852 3835 1081 3905 χειλέων
1135 3837 1306 3907 αὐτῆς
1353 3838 1568 3913 κίνησις
1603 3838 1792 3910 ἐδήλου
1847 3845 1944 3895 καὶ
1975 3843 2008 3913 ἡ
2044 3843 2155 3898 τῶν
2205 3841 2502 3912 ὀφθαλμῶν
2550 3845 2631 3905 είς
2685 3841 2916 3913 οὐρανὸν
2963 3839 3193 3910 ἔπαρσις
3210 3838 3252 3910 ),
3309 3836 3415 3908 πρὸ
3446 3836 3539 3890 τοῦ
3571 3834 3666 3890 τὸν

393 3928 560 3981 τόπον
625 3929 980 3993 καταλαϐεῖν,
1030 3931 1127 3985 τοῦ
1179 3931 1384 3997 παντὸς
1429 3935 1716 4003 κρίναντος
1769 3937 2105 4009 ἀπορρήτως
2136 3931 2198 3991 οὗ
2252 3938 2321 3991 τὰ
2355 3940 2599 4010 κρίματα
2646 3936 2880 3999 ἄϐυσσος
2935 3933 3131 4005 πολλὴ,
3179 3930 3665 3986 ἐπικατακλιθεῖσα

393 4027 462 4096 τῇ
486 4027 581 4094 γῇ,
608 4024 706 4093 τὴν
736 4025 897 4093 ἁγίαν
931 4020 1106 4096 αὐτῆς
1129 4026 1312 4097 ἀφῆκε
1338 4027 1540 4099 ψυχήν.

467 4134 914 4205 XXVI.Gergius
964 4150 1150 4205 porro,
1192 4138 1398 4192 Christi
1450 4149 1674 4212 martyr,
1731 4157 1854 4197 cum
1909 4144 1973 4198 ad

2158 4144 2279 4212 KC,"
2291 4182 2306 4198 .
2324 4143 2385 4199 Ὀ
2403 4144 2460 4196 δὲ
2473 4142 2566 4195 τοῦ
2588 4140 2828 4212 Χριστοῦ
2845 4138 3055 4208 μάρτυς
3071 4135 3363 4207 Γεὼργιος,
3392 4134 3492 4204 ἤδη
3526 4131 3664 4203 πρὸς

394 4227 574 4282 locum
596 4227 842 4297 supplicii
866 4228 1226 4298 pervenisset,
1257 4245 1289 4285 a
1316 4232 1742 4289 carniiicibusut
1763 4250 1821 4291 se
1842 4250 1977 4305 pau-

2084 4238 2161 4301 τῷ
2196 4237 2347 4303 τόπῳ
2385 4234 2698 4302 γενόμενος,
2733 4229 2929 4300 μικρὸν
2971 4226 3229 4296 ἀνεθῆναι
3275 4225 3403 4286 τοὺς
3432 4222 3663 4293 δημίους

392 4318 562 4388 iisper
589 4319 898 4375 relaxarent
928 4323 1122 4391 petiit;
1165 4323 1310 4392 quod
1342 4339 1467 4379 cum
1520 4326 1849 4382 obtinuisset
1901 4330 1970 4384 ab

2084 4324 2258 4394 ἠξίου,
2291 4327 2391 4395 τὴν
2415 4321 2737 4376 τελευταίαν
2762 4318 2826 4392 δὴ
2860 4318 3067 4390 ταύτην
3090 4318 3254 4387 χάριν
3286 4314 3417 4385 παρ’
3447 4311 3663 4383 ἐχθρῶν

395 4409 668 4478 hostibus,
709 4412 776 4466 ad
803 4413 1069 4468 orandum
1122 4430 1443 4482 conversus,
1492 4418 1724 4473 sublatis
1772 4421 1973 4475 coelum

2085 4419 2453 4488 αἰτησάμενος
2479 4432 2492 4446 ·
2528 4414 2626 4468 καὶ
2654 4411 2860 4482 ταύτης
2884 4409 3085 4481 τυχὼν,
3121 4409 3201 4472 είς
3250 4408 3416 4478 εὐχήν
3439 4422 3499 4459 τε
3528 4406 3660 4459 ἐαυο

396 4516 590 4557 versus
621 4503 816 4568 oculis,
859 4504 927 4559 Mi
964 4504 1127 4571 Deus,
1159 4507 1225 4562 de
1264 4506 1534 4576 profundo
1568 4510 1748 4566 cordis
1795 4512 1976 4565 excla-

2084 4511 2175 4564 τὸν
2209 4508 2512 4574 συντείνας,
2541 4505 2639 4561 καὶ
2666 4506 2726 4559 τὸ
2751 4504 2915 4576 δμμα
2936 4504 3129 4573 διάρας
3159 4502 3241 4567 είς
3263 4499 3514 4571 οὐρανὸν,
3545 4498 3665 4552 K6-

395 4594 585 4658 mavit,
618 4594 775 4665 cujus
813 4610 933 4649 sum
969 4596 1094 4650 inde
1121 4613 1147 4650 tt
1190 4598 1496 4661 nativitate,
1550 4600 1603 4653 in
1655 4615 1815 4669 quem
1851 4615 1975 4671 spe-

2087 4619 2171 4672 ριε
2202 4605 2230 4656 ὁ
2256 4603 2390 4665 Θεός
2426 4618 2548 4670 μου,
2586 4600 2650 4654 ἐκ
2713 4598 2912 4668 βάθους
2953 4593 3222 4667 ἀνέκραεε
3281 4593 3380 4663 τῆς
3410 4591 3659 4660 καρδίας,

393 4685 535 4751 ravi,
570 4686 654 4740 cui
688 4689 925 4741 conlisus
972 4688 1037 4741 ad
1087 4689 1189 4744 hoc
1235 4704 1321 4744 me
1350 4701 1625 4747 certamen
1654 4693 1889 4757 sccinxt,
1941 4708 1976 4749 ο

2084 4692 2172 4760 ἐφ’
2195 4693 2254 4745 ὃν
2279 4693 2586 4763 ἐπερρίφην
2607 4693 2671 4744 ἐκ
2695 4690 2930 4760 μήτρας,
2958 4688 3044 4757 ἐφ’
3068 4687 3127 4741 ὃν
3150 4687 3377 4757 ἤλπισα,
3397 4684 3484 4753 ἐφ’
3503 4676 3549 4752 ᾧ
3566 4683 3664 4736 καὶ

394 4790 521 4844 spes
541 4777 736 4840 dulcis,
764 4778 1055 4845 promissio
1086 4794 1239 4845 vera,
1274 4792 1587 4837 sanctarum
1610 4798 1763 4838 amor
1786 4784 1974 4840 insons

2084 4782 2372 4855 θαρρήσας
2403 4786 2483 4848 εἰς
2511 4782 2602 4836 τὸν
2629 4781 2814 4851 ἀγῶνα
2836 4781 3026 4836 τοῦτον
3053 4777 3432 4848 ἁπεδυσάμην,
3465 4777 3498 4846 ή
3529 4772 3661 4842 γλυ-

395 4869 725 4934 animarum,
780 4870 935 4938 cujus
990 4872 1311 4942 benignitati
1364 4878 1529 4931 corda
1578 4886 1767 4932 nostra
1800 4878 1973 4932 conli-

2086 4876 2211 4928 κεῖα
2241 4875 2418 4938 ἐλπὶς,
2451 4877 2484 4945 ἡ
2519 4874 2759 4946 ἀψευδὴς
2785 4872 3111 4943 ἐπαγγελία,
3156 4870 3186 4924 ὁ
3216 4871 3326 4925 τῶν
3372 4870 3536 4941 ίερῶν
3557 4869 3666 4939 tim-

396 4959 571 5025 dunt;
596 4961 687 5029 qui
725 4962 895 5016 animi
927 4963 1242 5029 desideriis,
1277 4976 1573 5035 antequam
1595 4968 1972 5037 exprimantur

2084 4967 2192 5037 χῶν
2222 4966 2362 5038 ἔρως
2395 4968 2636 5038 ἀπαθὴς,
2668 4960 2730 5019 οὗ
2761 4967 2857 5020 καὶ
2881 4969 2948 5037 τῇ
2979 4965 3270 5035 ἑτοιμασίᾳ
3287 4962 3396 5016 τῶν
3419 4961 3657 5034 καρδιῶν

394 5049 683 5117 satisiacit,
745 5050 977 5107 fortiﬂca
1033 5067 1119 5109 me
1171 5052 1238 5109 ad
1292 5056 1462 5110 bocce
1495 5067 1773 5113 certamen
1822 5059 1969 5128 quod

2084 5061 2242 5131 ἡμῶν
2275 5059 2532 5130 προσέχει
2570 5059 2630 5112 τὸ
2677 5057 2792 5123 οὓς,
2842 5057 2902 5121 ὃς
2960 5054 3058 5111 καὶ
3087 5055 3194 5124 πρὸ
3226 5054 3335 5109 τῶν
3366 5054 3658 5124 ἡμετέρων

396 5155 496 5211 pro
539 5141 759 5195 nomine
788 5151 883 5197 tuo
914 5159 1204 5214 aggressus
1230 5161 1374 5214 sum,
1421 5156 1477 5201 et
1522 5149 1704 5218 recipe
1735 5149 1969 5203 animam

2084 5153 2352 5222 αἰτήσεων
2403 5150 2503 5221 τὴν
2556 5150 2855 5221 ἐπιθυμίαν
2912 5148 3176 5220 παρέχεις
3223 5147 3332 5201 τῶν
3380 5145 3656 5216 καρδιῶνο

391 5247 596 5297 meanti,
616 5245 673 5288 et
695 5244 885 5289 contra
910 5236 1183 5293 daemones
1206 5240 1384 5295 aerios
1407 5240 1579 5294 malos
1597 5244 1972 5310 praemunitam

2084 5241 2245 5304 αὐτὸς
2279 5258 2346 5311 με
2372 5243 2657 5312 ἐνίσχυσον
2688 5241 2851 5311 μέχρι
2887 5237 3081 5301 τέλους
3106 5239 3200 5293 τδν
3232 5237 3421 5306 ἀγῶνα
3442 5234 3656 5301 τοῦτον,

390 5320 464 5379 iis
510 5338 649 5393 quos
699 5328 766 5380 ab
819 5328 967 5380 omni
1029 5336 1277 5398 tempore
1325 5329 1591 5396 dilexisti,
1653 5332 1974 5388 adnumera;

2084 5333 2140 5387 δν
2176 5335 2319 5404 ὑπὲρ
2344 5332 2443 5402 τῆς
2469 5333 2569 5402 σῆς
2596 5331 2832 5402 ὑπῆλθον
2861 5330 3178 5401 ὁμολογίας,
3212 5329 3532 5397 διενεγκεῖν,
3561 5326 3660 5380 καὶ

395 5414 649 5486 ignosce,
681 5434 889 5488 quaso,
912 5418 1163 5486 Domine,
1189 5436 1309 5492 quae
1336 5437 1433 5492 per
1459 5423 1820 5492 ignorantiam
1847 5438 1977 5480 con-

2084 5425 2378 5499 πρόσδεξαί
2416 5444 2514 5494 μου
2542 5424 2643 5495 τήν
2669 5424 2871 5494 ψυχήν,
2899 5423 2993 5476 καὶ
3031 5422 3313 5492 άνωτέραν
3348 5421 3521 5490 αὐτὴν
3549 5418 3658 5473 τῶν

394 5515 480 5563 trs
525 5525 612 5565 me
652 5508 928 5575 fecerunt,
972 5527 1181 5583 eosque
1224 5515 1319 5582 qui
1366 5525 1419 5569 te
1474 5529 1602 5571 vere
1646 5526 1980 5584 cognoscant

2084 5516 2339 5587 πονηρῶν
2374 5532 2433 5568 τε
2468 5517 2565 5568 καὶ
2617 5513 2821 5584 ἀερίων
2852 5511 3095 5583 φυλάξας
3148 5510 3502 5581 πνευμάτων,
3544 5509 3659 5571 τοῖς

393 5597 587 5669 dignos
619 5602 783 5658 redde
812 5619 830 5670 ;
865 5603 996 5671 quia
1029 5603 1355 5661 benedictus
1377 5620 1437 5660 es
1476 5606 1529 5661 in
1557 5606 1775 5663 saeuiat.

2084 5608 2179 5660 ἀπ’
2206 5606 2399 5669 αἰῶνός
2428 5623 2511 5659 σοι
2544 5605 2948 5676 εύαρεστήσασι
2972 5601 3382 5674 συναρίθμησον
3401 5616 3416 5631 ⁸
3442 5600 3579 5669 ἄφες
3599 5599 3659 5652 δὲ

394 5689 474 5757 τῷ
507 5691 621 5760 λαῷ
661 5692 859 5767 τούτῳ,
909 5698 1176 5762 Δέσποτα,
1219 5700 1323 5753 ὅσα
1351 5701 1491 5755 κατὰ
1521 5700 1746 5771 ἄγνοιαν
1783 5704 1865 5765 εἰς
1911 5702 2010 5771 ἐμὲ
2037 5702 2416 5773 διεπράξαντο,
2450 5705 2545 5757 καὶ
2574 5700 2756 5768 ἀξίους
2802 5700 3001 5764 αὐτοὺς
3035 5699 3135 5770 τῆς
3176 5695 3526 5768 ἐπιγνώσεώς
3555 5711 3654 5750 σου

396 5784 495 5855 τῆς
543 5788 776 5858 ἀληθοῦς
814 5795 1264 5864 παρασκεύασον,
1322 5797 1404 5850 ὅτι
1454 5797 1743 5869 εὐλογητὸς
1793 5798 1840 5852 εἷ
1878 5802 1956 5863 εἰς
1986 5800 2107 5863 τοὺς
2135 5802 2357 5862 αἰῶνας.

650 6016 701 6025 σα.
