4010 6442
375 338 474 402 163

387 470 569 494 ..⁴·-·-··-’·,
455 471 580 494 ...ιβ
604 470 912 491 πψ-ηῇ,
863 487 912 492 _

1533 461 1618 470 ..4-

385 489 435 496 ...
455 487 556 494 μην--

1680 334 1966 394 MENSIS
2007 334 2344 395 Al’ltlLlS.

3523 324 3625 396 ιει

2369 454 2713 467 ψ

2727 454 3626 489 W

582 629 1465 753 ΜΑΡΤΥΡΙΟΝ
1539 627 1842 743 ΤΟΥ
1905 627 2372 742 ΑΓΙΟΥ
2436 621 3412 742 ΑΠΟΣΤΟΛΟΥ

1655 840 1779 895 ΚΑΙ
1815 837 2336 895 ΕΥΔΓΓΕΛΙΣΤΟΥ

923 1005 1638 1144 ΜΑΡΚΟΥ
1715 998 3048 1136 ΑΛΕΞΑΝΔΡΕΙΑΣ.

3245 899 3276 929 υ

1630 1404 2366 1494 MARTYRIUM

772 1631 1454 1785 SANGTI
1573 1625 1842 1782 MA
1865 1629 2165 1780 RCI
2282 1623 3233 1782 APOSTOLI

1640 1897 1743 1956 ΕΤ
1787 1893 2386 1956 EVANGELISTIE.
2807 1922 2816 1931 -

371 2060 568 2124 (Latine
591 2063 718 2125 apud
743 2059 945 2112 Surium
969 2060 1028 2110 ad
1048 2060 1183 2110 diem
1203 2059 1263 2109 25
1286 2057 1486 2122 Aprilis.
1511 2059 1677 2110 Graeca
1701 2070 1835 2106 nunc
1856 2056 2064 2119 primum
2087 2057 2336 2119 prodeunt
2360 2068 2424 2104 ex
2447 2055 2555 2105 cod.
2581 2057 2706 2121 Reg.
2731 2055 2892 2108 Paris.
2916 2056 3027 2118 88l,
3054 2069 3167 2106 saec.
3192 2072 3259 2108 xi.
3285 2057 3420 2109 Eutr.
3451 2056 3624 2125 Pan.)

448 2366 490 2420 Ι.
519 2365 786 2434 Tempore
815 2361 928 2428 illo,
962 2375 1084 2417 cum
1116 2361 1347 2432 apostoli
1384 2377 1478 2430 per
1510 2375 1724 2415 omnem
1757 2360 1943 2413 urbem

2124 2356 2202 2412 A'.
2225 2357 2360 2410 Κατ’
2391 2357 2601 2409 ἐκεῖνον
2623 2355 2713 2409 τὸν
2743 2354 2937 2426 καιρὸν
2963 2354 3071 2408 τῶν
3099 2355 3416 2410 ἀποστόλων
3435 2357 3630 2431 διαμεο

376 2469 644 2514 terrarum
681 2456 910 2523 dispersi
954 2463 1163 2518 essent,
1199 2454 1376 2508 divina
1427 2454 1699 2507 voluntate
1741 2450 1943 2506 factum

373 2557 477 2614 cst,
512 2557 569 2600 ut
603 2545 687 2598 vir
721 2542 1101 2598 sanctissimus
1152 2541 1366 2596 Marcus
1406 2542 1457 2596 in
1501 2541 1720 2612 {Egypti
1770 2541 1944 2610 regio-

372 2655 494 2710 nem
527 2636 721 2690 aditet.
758 2633 1155 2703 Evangelistam
1191 2632 1334 2686 hunc
1357 2646 1498 2696 esse,
1531 2631 1700 2684 sancti
1731 2639 1945 2700 aposto-

372 2730 492 2782 lira:
520 2726 778 2780 Ecclesia:
815 2739 1052 2777 canones
1092 2725 1513 2788 constituerunt,
1545 2735 1610 2775 eo
1649 2723 1792 2789 quod
1831 2720 1944 2789 pri-

375 2834 493 2871 mus
525 2816 712 2884 ipsein
739 2821 852 2867 tota
878 2812 1096 2883 [Egypti
1114 2814 1354 2880 regione,
1379 2811 1570 2882 Lzbya,
1600 2811 1942 2872 Marmarica,

371 2909 690 2962 Atmnonica
737 2913 792 2961 et
826 2904 1130 2973 Pentapoli,
1162 2902 1368 2957 Christi
1418 2902 1768 2972 Evangelium
1804 2903 1946 2971 quod

373 3001 686 3068 scripserat,
715 3009 768 3052 et
819 2998 938 3066 ejus
986 2997 1052 3051 ad
1105 3011 1204 3051 nos
1259 2995 1550 3050 adventum
1607 2993 1943 3064 praedicavit.

374 3092 502 3146 Erat
547 3092 690 3145 enim
739 3098 850 3144 tota
904 3087 993 3141 illa
1042 3086 1191 3156 regio
1226 3085 1539 3139 hominibus
1575 3083 1774 3137 referta
1809 3099 1822 3135 :
1853 3081 1945 3150 qui

374 3200 498 3238 cum
530 3192 714 3238 essent
749 3179 917 3236 corde
948 3178 1329 3234 incircumciso
1353 3188 1406 3231 et
1437 3175 1756 3239 durissimo,
1785 3175 1947 3229 idolis

374 3275 705 3337 serviebant,
747 3273 888 3340 pleni
937 3270 1086 3324 omni
1141 3271 1478 3338 impnritate,
1525 3278 1579 3320 et
1611 3268 1945 3336 impurorum

374 3367 663 3436 spirituum
699 3365 957 3418 cultores.
989 3361 1094 3416 Per
1120 3376 1308 3416 omnes
1339 3361 1481 3414 enim
1528 3363 1689 3414 urbes
1732 3374 1795 3412 ac
1821 3374 1948 3428 pro-

379 3457 606 3521 vincias,
656 3455 853 3524 templa
904 3462 960 3508 et
1008 3451 1157 3506 lucos
1211 3449 1644 3504 constituebant.
1693 3447 1945 3500 Siderum

374 3550 536 3603 etiam
568 3557 757 3602 eventa
791 3555 846 3600 et
874 3546 1097 3614 magicae
1126 3553 1294 3608 artes,
1324 3542 1611 3610 omnisque
1643 3541 1944 3593 daemonum

376 3633 609 3689 facultas
661 3633 801 3702 apud
872 3647 964 3685 eos
1023 3631 1402 3692 exercebatur,
1462 3641 1624 3695 quam
1689 3625 1947 3679 Dominus

2048 2449 2343 2521 ρισθέντων
2382 2447 2524 2502 κατά
2563 2447 2663 2516 τὴν
2707 2449 2894 2500 πᾶσαν
2923 2447 3274 2519 οἰκουμένην,
3305 2449 3467 2520 ἔλαχε
3537 2452 3630 2506 τὸν

2049 2538 2353 2605 ἁγιώτατον
2383 2538 2612 2608 Μάρκον
2640 2538 2698 2589 ὲν
2725 2539 2790 2606 τῇ
2818 2537 2939 2590 κατ’
2966 2537 3242 2605 Αἴγυπτον
3268 2539 3422 2611 χώρᾳ
3453 2539 3629 2595 ἐλθεῖν

2046 2630 2181 2683 θεοῦ
2217 2630 2492 2702 βουλήσει,
2528 2631 2650 2683 ὅθεν
2675 2631 2770 2683 καὶ
2791 2631 3386 2702 εὐαγγελιστὴνάύτὸν
3411 2633 3630 2688 ἐθέσπι-

2049 2742 2147 2776 σαν
2172 2726 2221 2776 οἱ
2249 2725 2512 2794 μακάριοι
2540 2725 2764 2788 κανόνες
2809 2725 2906 2794 τῆς
2946 2723 3109 2792 ἁγίας
3137 2726 3232 2778 καὶ
3261 2725 3629 2796 ἀποστολικῆς

2059 2815 2406 2884 Ἐκκλησίας,
2439 2815 2528 2868 διὰ
2552 2817 2612 2868 τὸ
2641 2815 2858 2886 πρῶτον
2886 2815 3049 2868 αὑτὸν
3077 2819 3132 2868 ἐν
3153 2817 3251 2888 ὅλῃ
3276 2820 3344 2888 τῇ
3367 2819 3628 2890 Αἰγύπτῳ

2048 2905 2224 2976 χώρᾳ,
2259 2905 2434 2977 Λιϐύῃ
2475 2923 2533 2959 τε
2566 2905 2662 2960 καὶ
2696 2907 3066 2977 Μαρμαρικῇ,
3121 2907 3472 2980 ’Δμμανιακῇ
3532 2910 3629 2963 καὶ

2049 2998 2403 3065 [Ιενταπόλεῃ
2445 2997 2684 3069 κηρύξαι
2717 2997 2778 3050 τὸ
2800 2997 3134 3066 Εὖαγγέλιον
3165 2999 3266 3068 τῆς
3295 2999 3392 3053 τοῦ
3419 3001 3627 3072 Κυρίου

2048 3089 2144 3142 καὶ
2176 3090 2431 3159 Σωτῆρος
2464 3089 2620 3160 ἡμῶν
2658 3088 2837 3160 Ἰησοῦ
2877 3089 3115 3160 Χριστοῦ
3164 3091 3481 3162 ἐπιδημίας.
3517 3088 3629 3146 Ἦν

2048 3179 2155 3248 γὰρ
2179 3181 2326 3233 πᾶσα
2357 3183 2388 3250 ἠ
2419 3181 2489 3251 γῆ
2514 3178 2653 3249 αὕτη
2688 3178 3056 3251 ἀπερίτμητοι
3085 3182 3150 3251 τῇ
3181 3181 3381 3252 καρδίᾳ
3410 3183 3505 3236 καὶ
3544 3186 3630 3236 εἱ-

2047 3267 2405 3340 δωλολὰτραι,
2433 3269 2624 3339 μεστοὶ
2654 3271 2835 3339 πάσης
2865 3270 3209 3342 ἀκαθαρσίας
3262 3283 3354 3324 καὶ
3382 3273 3630 3344 πνευμά-

2047 3378 2156 3415 των
2178 3361 2506 3432 ἀκαθάρτων
2543 3361 2805 3416 σεϐασταί
2829 3379 2842 3392 ·
2898 3361 3040 3415 κατά
3073 3363 3256 3416 πᾶσαν
3291 3364 3400 3435 γὰρ
3426 3365 3631 3433 οἰκίαν,

2048 3453 2144 3505 καὶ⁵
2171 3452 2433 3522 ἄμφοδον,
2459 3451 2551 3505 καὶ
2583 3451 2874 3521 ἐπαρχίας,
2901 3451 3102 3518 σηκοὺς
3130 3450 3226 3502 καὶ
3257 3453 3458 3522 τεμένη
3495 3469 3631 3506 κατ-

2049 3541 2412 3604 εσκευάζοντο
2436 3559 2450 3573 ’
2501 3540 2921 3611 ἀποτελέσματά
2961 3555 3044 3604 τε,
3088 3539 3184 3592 καὶ
3215 3545 3488 3610 γοητεῖαι,
3533 3542 3635 3597 καὶ

2052 3633 2204 3688 πᾶσα
2239 3633 2467 3704 δύναμις
2529 3632 2961 3703 ὲγρηγορητική.
3008 3631 3228 3684 Μᾶλλον
3254 3631 3312 3685 δὲ
3340 3633 3633 3704 δσιμονικὶι

372 3724 548 3788 Jesus.
570 3740 692 3778 cum
721 3725 772 3779 in
803 3739 923 3778 eam
956 3723 1231 3789 regionem
1288 3721 1500 3785 ivisset,
1543 3718 1941 3772 dissolvendam

2053 3721 2114 3796 ἦν
2146 3729 2203 3779 ὲν
2231 3727 2437 3788 αὐτοῖς,
2464 3725 2532 3796 ἢν
2567 3725 2909 3794 ἐπιδημήσας
2933 3725 2960 3776 ὁ
2991 3722 3195 3794 Κύριος
3220 3725 3376 3796 ἡμῶν
3425 3727 3635 3798 Ἰησοῦς

374 3830 536 3890 atque
565 3819 909 3874 evertendam
943 3815 1397 3885 praemonstravit.

445 3911 510 3966 ll.
565 3912 699 3965 Cum
764 3912 929 3980 igitur
983 3909 1196 3963 divinus
1235 3906 1571 3975 evangelista
1629 3903 1841 3958 Marcus
1893 3902 1945 3957 in

375 4003 620 4073 Cyrenen
679 4005 867 4054 urbem
923 3999 1235 4067 Pcutapolis
1303 3999 1561 4060 venisset,
1616 4005 1672 4049 et
1727 3995 1950 4050 caeleste

376 4095 578 4148 Christi
624 4107 846 4159 regnum
887 4092 1258 4158 praedicasset,
1292 4098 1346 4140 et
1375 4087 1516 4155 apud
1547 4100 1642 4139 eos
1687 4086 1948 4138 miracula

378 4186 616 4256 ingentia
669 4185 886 4236 fecisset
940 4182 1192 4252 (aegrotos
1242 4181 1386 4235 enim
1423 4179 1658 4244 curavit,
1706 4177 1950 4246 leprosos

381 4275 610 4330 nmndns
651 4273 904 4337 reddidit,
940 4287 1003 4325 ac
1041 4271 1236 4324 divina:
1267 4272 1453 4339 gratim
1505 4269 1672 4323 verbo
1709 4271 1950 4338 impuros

379 4380 432 4422 et
457 4369 664 4421 feroces
689 4366 913 4435 spiritus
936 4363 1142 4429 eiecit),
1162 4363 1314 4414 multi
1339 4376 1436 4431 per
1461 4375 1584 4414 eum
1603 4361 1952 4414 crediderunt

380 4462 436 4514 in
477 4459 760 4511 Dominum
788 4455 968 4510 Jesum
993 4455 1288 4514 Christum,
1308 4464 1362 4506 et
1389 4451 1652 4516 fecerunt,
1677 4461 1732 4504 ut
1761 4465 1948 4504 eorum

384 4549 672 4605 sitmtlacra
698 4548 750 4600 in
782 4555 985 4600 terram
1010 4545 1372 4614 dejiceretttur
1395 4560 1409 4596 :
1435 4543 1524 4611 qni
1551 4551 1606 4596 et
1629 4541 1953 4610 baptismate

385 4639 667 4695 illumiuati
704 4646 831 4691 sunt
880 4638 932 4689 in
988 4636 1205 4690 ﬂamine
1246 4634 1442 4696 l’atris,
1475 4642 1531 4687 et
1559 4631 1700 4692 Filii.
1737 4641 1791 4686 et
1827 4629 1952 4700 Spi-

383 4733 521 4788 ritus
555 4731 750 4797 sancti,
782 4733 977 4783 Amen.
1010 4726 1122 4781 Illic
1153 4727 1320 4795 igitur
1353 4741 1450 4794 per
1480 4734 1728 4779 sanctum
1763 4723 1951 4790 Spiri-

382 4833 491 4876 tum
513 4823 562 4874 ei
590 4821 884 4875 revelatum
910 4819 1030 4880 fuit,
1074 4826 1128 4870 ul
1153 4817 1220 4871 ad
1237 4816 1515 4870 'Pltaritem
1567 4813 1950 4867 Alexandriam

381 4915 575 4972 abiret.
608 4927 661 4967 et
711 4913 905 4966 bullam
962 4910 1059 4962 Dei
1124 4917 1421 4962 sementem
1487 4905 1596 4959 illic
1650 4911 1949 4974 spargeret.

381 5005 567 5074 Itaque
597 5009 786 5062 beatus
835 5001 1164 5070 evangelista
1199 4998 1412 5052 Mat-eus
1443 4998 1509 5050 ad
1540 4997 1796 5059 stadium,
1831 5003 1951 5048 tau-

1975 5053 2023 5116 C

2051 3816 2285 3888 Χριστὸς
2310 3817 2576 3870 κατέλυσε
2613 3818 2709 3869 καὶ
2740 3815 3046 3870 ἀπώλεσεν.

2123 3911 2198 3964 B’.
2233 3909 2339 3962 Τοῦ
2383 3909 2479 3962 οῦν
2531 3909 2820 3962 θεσπεσίου
2877 3909 3269 3977 εὐαγγελιστοῦ
3300 3911 3532 3981 Μάρκου
3573 3911 3636 3964 ὲν

2051 4002 2281 4074 Κυρήνῃ
2308 4002 2406 4071 τῆς
2432 4002 2820 4063 Πενταπὸλεως
2849 4003 3311 4070 καταντήσαντος,
3339 4005 3433 4055 καὶ
3463 4003 3635 4072 λαλή-

2054 4107 2245 4154 σαντος
2277 4091 2443 4143 αὑτοῦ
2475 4091 2568 4144 τον
2594 4091 2691 4158 τῆς
2731 4091 2905 4162 ἀρχῆς
2941 4090 3036 4143 τοῦ
3058 4091 3297 4162 Χριστοῦ
3330 4092 3510 4160 λόγον,
3539 4094 3636 4146 καὶ

2052 4181 2380 4250 ποιήσαντος
2407 4181 2486 4241 είς
2518 4180 2715 4243 αὐτοὺς
2740 4180 2809 4233 τά
2841 4179 3122 4251 παράδοξα
3151 4182 3405 4252 θαύματα
3435 4184 3636 4251 (ἀσθε-

2053 4269 2277 4333 νοῦντας
2309 4270 2672 4339 ἐθεράπευσε,
2701 4270 2934 4341 λεπροὺς
2993 4272 3287 4343 ὲκαθάρισε
3345 4276 3441 4327 καὶ
3470 4274 3634 4329 πνεύ-

2057 4380 2201 4433 ματα
2233 4362 2446 4432 χαλεπὰ
2486 4362 2712 4428 ὲξέὸαλε
2773 4364 2850 4434 τῷ
2887 4363 3031 4436 λόγῳ
3055 4366 3153 4436 τῆς
3187 4367 3453 4438 χάριτος),
3487 4367 3634 4421 πολ-

2054 4456 2136 4507 λοὶ
2195 4454 2589 4518 πιστεύσαντες
2642 4454 2713 4508 δι’
2769 4455 2937 4509 αὐτοῦ
2991 4458 3070 4520 είς
3102 4457 3193 4511 τὸν
3241 4458 3444 4530 Κύριον
3471 4459 3634 4531 ημῶν

2066 4545 2274 4617 Ἰησοῦν
2303 4545 2559 4616 Χριστὸν,
2584 4547 2845 4617 ἐποίησαν
2873 4547 2940 4600 τὰ
2971 4548 3168 4603 εἴδωλα
3197 4551 3380 4604 αὐτῶν
3421 4569 3631 4621 χαμαι-

2057 4637 2210 4709 ριφῆ,
2265 4637 2644 4706 ὲφωτίσθησέιν
2700 4655 2759 4691 τε
2817 4637 3209 4707 βαπτισθέντες
3252 4643 3332 4704 εἰς
3361 4642 3424 4694 τὸ
3453 4641 3629 4712 ὄνομα

2053 4729 2148 4780 τοῦ
2201 4729 2432 4797 Πατρὸς,
2483 4726 2578 4781 τοῦ
2613 4729 2765 4794 Υίοῦ,
2829 4729 3049 4783 καὶτοῦ
3097 4731 3253 4799 ἁγίου
3292 4733 3626 4803 Πνεύματος.

2067 4819 2216 4871 Ἐκεῐ
2246 4815 2342 4872 οὖν
2364 4819 2724 4890 ἀπεκαλύφθη
2747 4820 2898 4890 αύτῷ
2935 4821 3022 4875 διὰ
3051 4822 3146 4875 τοῦ
3179 4823 3334 4890 ἁγίου
3373 4824 3630 4894 Ιινεύμα·

2053 4925 2146 4972 τος
2197 4910 2274 4972 είς
2305 4911 2403 4979 τὴν
2428 4911 2669 4981 Φαρίτην
2711 4912 3122 4982 Ἀλεξάνδρειαν
3169 4915 3495 4968 ἁναπελοείν
3533 4916 3632 4968 καὶ

2055 4999 2116 5052 τὸ
2138 5000 2302 5052 καλὸν
2325 5001 2550 5072 σπέρμα
2573 5001 2668 5055 τοῦ
2691 5001 2828 5056 Θεοῦ
2853 5007 3242 5075 κατασπεῖραι.
3279 5007 3336 5060 '0
3362 5006 3630 5076 μακάριος

380 5111 540 5164 quam
593 5110 886 5161 generosus
931 5103 986 5145 et
1020 5092 1174 5144 fortis
1216 5089 1442 5151 athleta,
1475 5098 1724 5156 prompto
1763 5089 1946 5139 animo

2053 5092 2444 5163 suanehorii,‘
2479 5093 2729 5162 Μάρκος,
2760 5096 2836 5156 ὡς
2864 5097 3110 5159 γενναῖος
3153 5095 3416 5168 ἀθλητὴς,
3442 5099 3536 5150 ἐπὶ
3571 5099 3631 5150 τὸ

377 5189 743 5258 gradiebatur.
780 5187 1021 5251 Cumque
1056 5185 1253 5234 lralrcs
1304 5183 1452 5247 ipsos
1491 5180 1808 5240 salutasset,
1842 5174 1950 5230 Do-

385 5281 583 5343 minus,
607 5278 801 5346 inquit,
831 5292 982 5328 mcus
1002 5276 1132 5328 mihi
1159 5275 1316 5335 dixit,
1337 5285 1392 5325 ttt
1416 5273 1482 5326 ad
1512 5270 1695 5325 urbem
1722 5271 1952 5323 Alexan-

381 5367 554 5419 driam
609 5366 946 5435 proﬁciscar.
996 5363 1214 5417 Fratres
1275 5374 1452 5416 autem
1498 5375 1740 5429 eousque
1801 5362 1947 5414 illum

381 5457 739 5518 deduxerunt,
766 5455 939 5522 quoad
972 5454 1024 5506 in
1055 5454 1328 5518 navigium
1356 5453 1633 5522 ingressus
1658 5460 1759 5504 est.
1786 5450 1950 5504 Cum-

381 5559 487 5614 que
544 5548 698 5613 panis
758 5545 1055 5598 buccellam
1104 5547 1507 5611 degustassent,
1539 5544 1674 5596 bene
1708 5543 1780 5595 illi
1823 5558 1950 5611 pre-

382 5646 587 5692 cautes,
617 5648 846 5702 eumque
872 5634 1219 5696 deducentes,
1243 5635 1322 5687 sic
1351 5635 1602 5688 dicebant
1637 5651 1652 5686 :
1685 5632 1947 5690 Dominus

380 5724 537 5781 Iesus
573 5727 821 5782 Christus
850 5745 1165 5797 prosperum
1198 5729 1362 5782 faciat
1397 5732 1500 5782 iter
1537 5738 1711 5783 tuum.

2054 5185 2286 5252 σκάμμα
2327 5183 2624 5254 προθύμως
2674 5184 2888 5248 ἐϐάδιζε
2951 5184 3044 5238 καὶ
3091 5187 3476 5256 ἀσπασάμενος
3505 5190 3632 5249 τοὺς

2039 5272 2320 5338 ⁴ἀδελφοὺς
2365 5267 2556 5325 εἶπεν·
2617 5273 2678 5325 ’0
2709 5274 2910 5342 Κύριός
2941 5291 3042 5342 μου
3086 5275 3316 5347 ἐλάλησε
3370 5279 3504 5346 πρός
3539 5295 3629 5347 με,

2051 5363 2202 5428 ὅπως
2232 5363 2481 5435 πορευθῶ
2533 5366 2614 5426 είς
2662 5365 2760 5436 τὴν
2803 5365 3200 5437 Ἀλεξανδρέων
3258 5370 3432 5423 πόλιν.
3481 5370 3545 5422 Οἱ
3574 5371 3632 5422 δὲ

2051 5456 2271 5523 ἀδελφοὶ
2309 5457 2700 5526 προσέπεμπον
2729 5458 2891 5511 αὐτὸν
2919 5459 3026 5522 ἕως
3056 5460 3150 5513 τοῦ
3183 5463 3448 5519 εἰσελθεῖν
3469 5464 3631 5514 αὐτὶν

2047 5545 2128 5606 εἰς
2158 5546 2217 5596 τὸ
2246 5546 2430 5596 πλοῖον
2451 5560 2464 5573 ·
2517 5547 2612 5598 καὶ
2642 5547 2972 5616 γευσάμενοι
3017 5550 3210 5619 ψωμὸν
3251 5553 3414 5604 αὑτοῦ
3466 5570 3620 5622 προσ-

2057 5637 2302 5706 έπεμπον
2332 5637 2494 5689 αὐτὴν
2521 5636 2807 5703 λέγοντες·
2845 5640 2904 5694 Ὀ
2937 5641 3136 5712 Κύριος
3170 5643 3374 5714 Ἰησοῦς
3397 5645 3628 5714 Χριστὸς

2058 5727 2311 5780 εύοδώσοι
2340 5727 2438 5797 τὴν
2466 5727 2582 5781 ὁδόν
2609 5743 2725 5780 σου.
