4010 6446
1765 410 2055 469 MENSIS
2095 413 2268 472 ΛΡΝ
2283 411 2406 470 LiS

3615 413 3720 480 172

1978 531 3713 562 -——-——-————-—-——-———————————L————-——_.~—

945 668 1582 757 ΜΑΡΤΥΡΙΟΝ
1657 673 1886 759 ΤΟΥ
1962 674 2302 758 ΑΓΙΟΥ
2375 673 3212 760 ΙΕΡΟΜΑΡΤΥΡΟΣ

1689 851 1898 982 AN
1920 827 2480 987 ΘΙΜΟΥ

1515 1060 2054 1117 ΕΠΙΣΚΟΠΟΥ
2091 1061 2694 1115 ΝΙΚΟΜΗΔΟΥΣ.

1734 1360 2465 1452 MARTYHIUM

727 1567 1411 1726 SANCTl
1525 1566 2524 1722 MARTYRIS
2613 1486 3466 1719 ‘ANTHIMI

1659 1815 2015 1881 EPISCOP]
2064 1812 2532 1877 NICOMEDUE

460 1992 658 2056 (Latine
681 1991 811 2056 apud
853 1991 1055 2043 Surlutn
1098 1989 1159 2038 ad
1219 1987 1354 2038 diem
1377 1987 1434 2037 27
1471 1986 1692 2050 Aprilis;
1722 1986 2029 2096 ,GmcusElt;

2136 1999 2143 2032 ι
2178 1998 2309 2108 nur):e
2328 1983 2537 2048 primum
2575 1982 2742 2029 editur
2763 1993 2823 2030 ex
2845 1981 2953 2030 cod.
3003 1981 3126 2043 Reg.
3161 1979 3313 2030 Paris.
3345 1981 3483 2040 “89,
3508 1993 3622 2030 saec.
3644 1994 3724 2034 ιι.

2139 2062 2249 2096 mi.

2068 2203 2140 2217 α..

535 2315 578 2371 1.
608 2314 742 2380 Quis
770 2311 970 2377 nescit,
996 2325 1158 2381 quam
1194 2309 1422 2380 pulchre
1449 2309 1665 2380 quidem
1698 2309 1803 2366 sita
1836 2310 1907 2365 sit
1933 2310 2029 2366 Ni-

2207 2312 2284 2366 A'.
2311 2310 2408 2374 Τίς
2433 2310 2533 2363 οὐκ
2555 2303 2664 2363 οῐδε
2697 2307 2796 2378 τὴν
2815 2305 3189 2376 Νικομήδους,
3213 2304 3360 2368 ὅπως
3387 2305 3486 2374 μὲν
3514 2303 3730 2368 θέσεως

457 2407 728 2468 comedia,
761 2413 815 2460 et
848 2413 1052 2470 quanta
1081 2402 1152 2456 sit
1177 2403 1293 2471 ejus
1331 2401 1664 2472 magnitudo,
1690 2412 2034 2473 quantusque

459 2500 532 2554 sit
553 2498 669 2568 ejus
694 2495 970 2568 splendor,
1005 2502 1060 2548 et
1089 2504 1290 2562 quanta
1317 2491 1686 2559 pulchritudo,
1717 2502 1771 2546 et
1795 2493 1935 2561 quod
1971 2507 2033 2546 ea

458 2589 532 2645 sit
559 2605 655 2644 arx
678 2586 922 2642 omnium
960 2584 1239 2639 civitatum
1271 2580 1595 2638 Nicomedia.-
1623 2583 1687 2652 (ι’.
1709 2582 2036 2654 Bithyniae)?

460 2682 566 2738 Sed
595 2681 844 2751 quamvis
897 2691 960 2731 ea
1000 2678 1079 2733 sic
1111 2692 1171 2732 se
1200 2674 1418 2741 habeat,
1452 2684 1506 2730 et
1559 2675 1625 2730 ad
1661 2684 1863 2730 tantam
1909 2690 2035 2746 pro-

455 2768 688 2824 cesserit
716 2766 1066 2835 elegantiam,
1101 2780 1201 2819 suo
1231 2776 1412 2819 tamen
1446 2767 1690 2836 germine
1717 2768 1889 2835 magis
1916 2766 2033 2835 glo-

458 2861 656 2923 riatur,
688 2875 850 2928 quam
897 2857 982 2911 his
1015 2857 1289 2911 omnibus.
1329 2856 1403 2910 Ex
1460 2871 1522 2911 ea
1566 2857 1732 2919 enim,
1776 2865 2032 2927 tanquam

457 2965 762 3022 generosus
795 2965 998 3013 ramus,
1048 2949 1229 3003 editus
1262 2957 1345 3002 est
1377 2948 1688 3010 Anthimus,
1741 2948 2036 3018 ﬂoruitque

460 3055 516 3098 et
547 3043 802 3113 pulchros
851 3041 1059 3096 fruczus
1112 3041 1386 3110 produxit.
1421 3039 1556 3095 Nam
1607 3045 1767 3097 modo
1816 3043 2032 3111 quidem

457 3143 776 3190 excesserat
811 3149 877 3186 ex
913 3132 1166 3195 infantia,
1210 3141 1265 3187 et
1295 3131 1348 3186 in
1384 3146 1450 3187 eo
1501 3133 1765 3188 bonorum
1819 3150 2032 3190 morum

456 3226 690 3281 ﬂorebat
713 3226 890 3279 omnis
915 3226 1112 3295 gratia.
1144 3221 1211 3278 Et
1246 3223 1358 3294 jam
1389 3234 1641 3280 evaserat
1692 3226 2030 3294 adolescens,

459 3328 518 3372 et
574 3327 693 3374 erat
749 3317 1120 3387 intelligentiae.
1179 3317 1364 3372 multis
1430 3317 1674 3372 numeris
1730 3318 2030 3374 absolutus.

455 3411 748 3481 Postquam
782 3424 964 3466 autem
997 3411 1051 3465 in
1083 3411 1324 3465 virorum
1361 3426 1651 3465 numerum
1691 3421 1776 3467 est
1803 3411 2028 3478 relatus,

454 3511 511 3558 et
541 3517 632 3558 eos
662 3501 871 3557 fructus
900 3501 1162 3572 percepit,
1196 3502 1286 3572 qui
1317 3502 1600 3557 suntinter
1627 3503 1794 3569 viros,
1818 3514 1871 3559 et
1899 3519 2030 3557 ven-

459 3596 528 3650 tri
559 3596 868 3666 imperavit,
917 3595 1121 3664 irteque
1169 3606 1224 3650 et
1258 3595 1413 3649 carni
1473 3605 1556 3650 est
1609 3598 1940 3660 moderatus,
1977 3605 2029 3649 et

455 3689 788 3741 mundanum
819 3687 969 3740 hunc
1008 3685 1207 3741 fastum
1269 3686 1574 3750 abhorruit,
1620 3693 1732 3741 toto
1791 3697 2032 3755 tempore

453 3777 966 3841 vacahatoratioui,
1001 3788 1055 3831 et
1087 3778 1389 3832 divinarum
1442 3792 1622 3831 rerum
1669 3777 2028 3833 meditationi.

453 3868 680 3923 Matrem
726 3879 906 3924 autem
936 3869 1194 3924 virtutum
1231 3869 1552 3924 charitatem
1581 3869 1822 3924 studiose
1867 3884 2027 3924 exer-

451 3959 582 4015 cuit.
611 3958 684 4013 Se
707 3969 886 4014 autem
925 3960 978 4012 in
1007 3958 1110 4014 hoc
1143 3960 1400 4028 prateiare
1423 3961 1612 4028 gessit,
1639 3961 1782 4030 quod
1812 3960 2032 4031 semper

449 4059 597 4103 esset
624 4050 899 4118 gravitate
937 4049 1215 4117 praeditus,
1239 4060 1294 4106 et
1324 4049 1721 4120 cogitabundus
1753 4062 1808 4106 et
1832 4052 2029 4107 εοηιρίο

454 4151 564 4195 tus.
599 4139 772 4194 Tanta
804 4151 983 4194 autem
1013 4150 1242 4196 ornatus
1290 4150 1410 4194 erat
1449 4140 1775 4207 humilitate,
1811 4151 1869 4195 ut
1898 4143 2030 4197 satis

457 4243 628 4295 esset,
666 4233 715 4286 si
769 4231 853 4285 vel
914 4232 1087 4286 solum
1125 4231 1420 4298 videretur,
1477 4233 1543 4286 ad
1593 4234 2031 4302 compungendas

2064 3660 2106 3718 Β

2135 2419 2195 2456 τε
2230 2403 2326 2455 καὶ
2389 2400 2673 2471 μεγέθους,
2707 2399 2854 2460 ὅπως
2903 2395 2961 2449 δέ
2991 2395 3376 2466 λαμπρότητος
3437 2397 3530 2448 καὶ
3557 2394 3731 2466 ὡρῶν

2137 2496 2250 2565 ἔχει
2290 2494 2384 2548 καὶ
2409 2495 2483 2555 ὼς
2523 2493 2622 2561 τῆς
2677 2490 2918 2545 Βιθυνῶν
2962 2490 3143 2560 πάσης
3169 2488 3378 2552 πόλεως
3415 2488 3731 2559 ἀκρόπολίς

2137 2589 2285 2642 ἐστιν
2319 2584 2482 2654 αὕτη.
2527 2585 2690 2637 am
2733 2584 2829 2637 καὶ
2882 2583 3056 2645 οὕτως
3082 2581 3284 2653 ἔχουσα
3321 2580 3415 2634 καὶ
3446 2585 3526 2642 εἰς
3559 2578 3731 2632 τοῦτο

2136 2679 2311 2745 καλοῦ
2366 2676 2763 2750 προσελθοῦσα,
2824 2677 2901 2746 τῷ
2935 2676 3122 2741 οἰκείῳ
3175 2673 3390 2745 βλαστῷ
3454 2671 3653 2743 μᾶλλον
3686 2673 3727 2744 ἢ

2137 2774 2273 2827 πᾶσι
2315 2771 2528 2833 τούτοις
2556 2769 2883 2839 σεμνύνεται
2908 2787 2921 2801 ο
2965 2767 3169 2836 ταύτης
3221 2766 3326 2836 γὰρ
3352 2767 3379 2818 ὁ
3403 2764 3730 2835 θαυμαστὸς

2140 2863 2403 2932 Ἀνθιμος
2462 2861 2604 2913 κατά
2633 2859 2763 2922 τοὺς
2814 2859 3060 2925 εὐγενεῖς
3089 2857 3318 2918 κλάδους
3361 2855 3585 2926 ἀνεδόθη
3619 2855 3729 2907 καὶ

2137 2955 2337 3025 ἤνθησε
2362 2954 2456 3006 καὶ
2488 2952 2690 3015 καλοὺς
2715 2953 2917 3022 ἤνεγκε
2952 2951 3080 3014 τοὺς
3111 2949 3379 3016 καρπούς.
3423 2949 3581 3018 ’Δρτι
3615 2949 3726 3018 μὲν

2135 3043 2229 3098 οὖν
2255 3046 2356 3117 τὴν
2378 3045 2487 3096 τῶν
2517 3043 2727 3114 νηπίων
2750 3041 2963 3112 ἡλικίαν
2990 3039 3303 3112 ύπερανέϐη
3331 3037 3426 3092 καὶ
3459 3037 3733 3109 χρηστῶν

2136 3137 2285 3206 αὐτῷ
2321 3138 2471 3188 πᾶσα
2526 3135 2691 3205 χάρις
2737 3133 2888 3204 ἠθῶν
2921 3133 3179 3202 ἐπήνθει·
3215 3131 3501 3202 μειράκιόν
3529 3147 3585 3182 τε
3612 3129 3727 3202 ήδη

2135 3227 2381 3296 ἐγεγόνει
2406 3225 2499 3279 καὶ⁵
2534 3225 2703 3296 πολλῇ
2731 3227 2798 3295 τῇ
2833 3225 3050 3278 συνέσει
3078 3223 3447 3294 κατήρτυστο.
3493 3223 3728 3293 Ἐπειίὴ

2133 3321 2189 3373 δὲ
2213 3322 2305 3372 καὶ
2333 3320 2412 3380 είς
2451 3317 2650 3388 ἄνδρας
2675 3317 2968 3388 ἐγράφετο,
3000 3318 3070 3370 τὰ
3103 3317 3163 3369 ἐν
3191 3315 3418 3384 ἀνδράσι
3449 3331 3508 3366 τε
3533 3313 3728 3383 ἀγαθὰ

2134 3404 2463 3476 ἐκαρποῦτο,
2498 3405 2592 3459 καὶ
2615 3405 2854 3474 γαστρὸς
2880 3401 3042 3475 ἦρχε,
3072 3406 3165 3458 καὶ
3195 3403 3371 3475 θυμοῦ
3397 3405 3490 3456 καὶ
3509 3402 3727 3471 σαρκὸς

2133 3497 2378 3567 ἐκράτει,
2397 3496 2498 3566 τὴν
2529 3498 2803 3567 κοσμικὴν
2829 3513 2888 3549 τε
2911 3496 3353 3567 ταύτηνδιέπτυε
3385 3495 3728 3565 φαντασίαν,

2135 3587 2231 3640 καὶ
2261 3586 2455 3656 καιρὸς
2510 3586 2656 3649 ἄπας
2691 3587 2842 3655 αὐτῷ
2871 3587 3006 3658 πρὸς
3055 3589 3221 3658 εὐχῆς
3253 3581 3322 3655 ἦν
3362 3586 3589 3657 ἀσχολίᾳ
3620 3585 3728 3639 καὶ

2135 3678 2244 3732 τῶν
2273 3677 2432 3733 θείων
2465 3680 2687 3752 μελέτῃ.
2721 3680 2833 3751 Τὴν
2869 3683 3052 3750 μέντοι
3082 3680 3191 3735 τῶν
3229 3682 3442 3752 ἀρετῶν
3472 3680 3725 3750 μητέρα,

2136 3770 2235 3842 τὴν
2256 3772 2498 3842 ἀγάπην,
2528 3772 2832 3841 φιλοπόνως
2860 3773 3040 3844 ῆσκει,
3082 3773 3178 3826 καὶ
3202 3773 3262 3825 τὸ
3290 3772 3577 3843 ἀδιάχυτον
3618 3771 3728 3823 καὶ

2137 3865 2268 3933 παρ’
2306 3864 2428 3918 ὅλον
2452 3864 2544 3918 τὸν
2578 3865 2694 3936 βίον
2726 3865 2822 3918 καὶ
2871 3864 3360 3935 μεμεριμνημένον
3395 3863 3515 3934 μεθ’
3543 3864 3728 3933 ὑπερ-

2135 3953 2301 4024 ϐολῆς
2345 3955 2520 4024 τούτῳ
2549 3955 2908 4027 κατώρθωτοο
2938 3955 3036 4009 καὶ
3066 3953 3308 4027 τοσαύτῃ
3355 3952 3619 4008 πάντοθεν
3649 3955 3727 4023 τῇ

2133 4046 2610 4120 ταπεινοφροσύνῃ
2643 4043 2988 4117 ἐκεκόσμητο
3009 4045 3085 4109 ὡς
3123 4044 3310 4100 ίκανδν
3334 4040 3475 4098 εἶναι
3503 4044 3596 4096 καὶ
3622 4044 3729 4112 μό-

2135 4155 2224 4192 νον
2249 4138 2532 4209 δρώμενον
2563 4138 2768 4201 πολλὰς
2799 4137 2910 4190 τῶν
2944 4138 3254 4210 ςιλαρέτων
3285 4135 3581 4201 κατανύξαι
3614 4136 3729 4204 ψυ-

2134 4231 2238 4302 χὰς
2263 4232 2360 4284 καὶ
2385 4232 2467 4294 εἰς
2501 4231 2705 4301 ἀρετῆς
2736 4230 2978 4283 ἐπίδοσιν
3003 4231 3254 4300 ἀγαγεῖν.

449 4325 662 4380 animas
707 4339 919 4392 eorum,
965 4323 1058 4394 qui
1091 4333 1249 4380 erant
1299 4323 1526 4380 studiosi
1558 4325 1795 4394 virtutis,
1842 4334 1897 4381 et
1954 4327 2019 4380 ad
2051 4323 2354 4395 augendam
2389 4324 2668 4377 virtutem.

522 4417 588 4472 ll.
620 4418 890 4485 Quoniam
931 4431 1060 4487 ergo
1093 4418 1184 4487 qui
1233 4423 1315 4475 sic
1347 4419 1510 4474 vitam
1560 4419 1776 4487 agebat,
1837 4430 1892 4473 et
1937 4419 2019 4473 vel

453 4510 693 4568 maxime
730 4510 970 4565 vocalem
995 4523 1300 4578 praeconem
1332 4511 1609 4582 propriam
1650 4509 1886 4565 habebat
1913 4511 2026 4564 vir-

2201 4416 2280 4470 B’.
2322 4413 2542 4484 Ἐπειδὴ
2599 4413 2780 4468 τοίνυν
2811 4414 2954 4469 οὕτω
2987 4413 3238 4486 βιοοῦντα
3275 4415 3366 4469 καὶ
3401 4412 3728 4484 πολυφωνό-

2134 4524 2298 4562 τατον
2322 4506 2422 4578 τὴν
2460 4506 2596 4558 ἰδίαν
2635 4506 2840 4577 ἀρετὴν
2870 4507 3066 4578 ἔχοντα
3096 4509 3341 4579 κήρυκα,
3375 4507 3435 4560 οὐ
3467 4507 3723 4580 κρύπτε-

467 4612 600 4665 tem,
639 4616 741 4654 nec
792 4599 980 4666 celari,
1021 4615 1124 4654 nec
1170 4602 1342 4656 latere
1394 4607 1628 4672 poterat,
1669 4602 1916 4656 evehitur
1962 4599 2029 4656 ad

2136 4599 2263 4652 σθαι
2286 4599 2408 4652 ούδέ
2437 4597 2724 4652 λανθάνειν
2753 4598 2904 4668 ἐξῆν,
2938 4599 3034 4652 καὶ
3059 4599 3150 4652 τὸν
3183 4599 3388 4670 ὑψηλὸν
3421 4599 3518 4669 τῆς
3549 4602 3724 4670 ίερω-

453 4693 725 4748 cxcelsam
781 4691 964 4745 sedem
1015 4691 1332 4756 sacerdotii,
1388 4701 1444 4746 et
1492 4691 1544 4745 in
1583 4693 2029 4761 presbyterorum

2136 4690 2298 4761 σύνης
2340 4688 2549 4759 βαθμὸν
2587 4690 2876 4758 ἀνάγεται,
2933 4691 3031 4744 ἐπὶ
3056 4692 3199 4744 αἰνεῖ
3225 4694 3283 4743 ἐν
3315 4690 3720 4760 πρεσϐυτέρων
3781 4715 3791 4761 ι

457 4741 724 4748 _.__-_--.-__
781 4741 961 4745 --πη
1017 4741 1059 4743 _,
1088 4741 1332 4756 -----__-,
1393 4741 1443 4746 η
1583 4741 2029 4761 ,πηγμννη

451 4785 711 4838 cathedra
740 4780 922 4834 laudat
953 4780 1240 4839 Dominum
1269 4798 1284 4836 :
1322 4795 1445 4835 cum
1477 4793 1654 4837 tamen
1683 4797 1790 4837 non
1813 4794 2029 4853 repente

2136 4741 2482 4852 έιαθέἐρξιτδὶμ
2512 4741 2718 4850 me;
2740 4741 2752 4810 ὲ
2776 4741 2878 4836 .15.;
2902 4741 3720 4852 aoéggg’éiéésos'ttos-J,ioc;
3784 4741 3802 4839 ἱ.

452 4877 519 4933 ad
551 4876 600 4928 id
631 4872 990 4944 pervenisset,
1030 4888 1206 4943 neque
1240 4888 1354 4929 suae
1403 4875 1530 4929 vitae
1570 4876 1895 4943 prooemium
1946 4875 2026 4930 fe-

2136 4877 2420 4946 προοίμιον
2436 4876 2531 4931 τοῦ
2559 4878 2678 4947 βίου
2709 4877 2810 4948 τὴν
2835 4875 3141 4948 ἱερωσύνην
3163 4875 3560 4945 πεποιημένος,
3577 4873 3723 4927 ἀλλὰ

451 4969 620 5025 cisset
639 4965 1006 5024 sacerdotium
1040 4983 1056 5021 :
1089 4969 1182 5021 sed
1211 4981 1337 5021 cum
1372 4982 1434 5021 se
1453 4966 1603 5036 prius
1636 4977 1785 5022 recte
1821 4968 2027 5037 gessis-

453 5067 540 5113 set
569 5059 622 5112 in
671 5059 856 5116 multis
892 5059 1014 5115 aliis
1067 5059 1351 5126 gradibus,
1401 5065 1458 5111 et
1499 5057 1580 5112 eis
1610 5059 2026 5113 convenientem

453 5151 788 5207 exercuisset
817 5152 1098 5214 virtutem,
1127 5158 1183 5205 et
1212 5150 1328 5204 hac
1358 5149 1542 5203 omnia
1585 5150 1837 5204 tulissent
1870 5152 2029 5206 testi-

454 5244 720 5308 monium,
743 5245 886 5312 quod
909 5243 1101 5310 dignus
1123 5248 1269 5296 esset
1299 5239 1693 5309 superioribus,
1731 5242 1811 5296 sic
1835 5256 2029 5295 ascen-

454 5336 535 5390 dit
561 5334 628 5390 ad
662 5348 918 5404 magnam
940 5332 1258 5402 dignitatem
1279 5331 1594 5398 sacerdotii,
1625 5346 1728 5386 non
1763 5332 2025 5387 honorem

449 5439 810 5497 persequens,
838 5439 945 5479 nec
993 5422 1266 5492 arripiens
1303 5441 1316 5477 :
1354 5423 1451 5478 sed
1486 5423 1556 5478 ab
1589 5422 1682 5478 illo
1714 5424 1894 5493 potius
1922 5437 2023 5494 apo

449 5518 775 5584 prehensus,
796 5515 1007 5571 etiamsi
1043 5515 1159 5585 ipse
1180 5529 1240 5570 se
1257 5514 1442 5585 procul
1470 5518 1783 5571 removebat
1806 5529 2026 5588 propter

453 5620 721 5661 smnmam
779 5606 1167 5661 humilitatem.
1205 5606 1410 5660 Deinde
1460 5607 1672 5661 excedit
1712 5609 1927 5677 quidem
1958 5624 2023 5664 ex

447 5696 782 5763 hominibus,
809 5698 901 5768 qui
926 5696 1255 5752 Nicomediae
1275 5706 1404 5753 tunc
1427 5707 1542 5752 erat
1571 5701 1874 5769 cpiscopus.
1899 5703 2026 5756 Erat

449 5797 634 5846 autem
665 5798 886 5859 pastore
922 5790 1082 5845 vidua
1113 5788 1378 5855 Ecclesia,
1413 5800 1467 5845 et
1493 5804 1554 5845 se
1600 5807 1720 5849 esse
1753 5794 2024 5849 desertam

2132 4968 2353 5032 πολλοῖς
2411 4970 2684 5041 πρότερον
2739 4970 2836 5022 καὶ
2867 4969 3048 5032 ἄλλοις
3081 4967 3451 5039 ἐνδιαπρέψας
3480 4965 3722 5036 βαθμοῖς

2132 5062 2541 5133 ἀντιμετρήσας
2588 5078 2648 5113 τε
2681 5063 2864 5124 αὐτοῖς
2895 5060 3063 5127 ἀξίως
3101 5061 3201 5131 τὴν
3245 5061 3449 5130 ἀρετὴν
3489 5059 3582 5112 καὶ
3607 5058 3720 5110 ὑπὸ

2135 5150 2356 5204 πάντων
2385 5150 2594 5203 τούτων
2627 5151 3028 5221 μαρτυρηθεὶς,
3061 5150 3142 5203 ὅτι
3171 5150 3266 5202 καὶ
3291 5150 3397 5202 τῶν
3436 5149 3578 5218 ὑπὲρ
3609 5147 3718 5200 αὐ-

2131 5245 2260 5305 τοὺς
2294 5245 2444 5297 ἐστιν
2463 5243 2636 5308 ἄξιος.
2659 5243 2820 5297 Οὕτω
2858 5242 2954 5296 τοῦ
2994 5242 3238 5313 μεγάλου
3263 5242 3362 5312 τῆς
3413 5241 3720 5312 ἱερωσύνης

2134 5334 2446 5406 ἀξιώματος
2505 5336 2803 5400 ἐπιϐαίνει,
2848 5337 2910 5388 οὐ
2968 5334 3166 5400 διώξας
3223 5333 3322 5406 τὴν
3375 5333 3541 5403 τιμὴν
3592 5333 3718 5386 ούδέ

2133 5429 2410 5498 ἀρπάσας,
2443 5427 2558 5482 ἀλλ’
2586 5427 2679 5481 ὑπ’
2701 5428 2920 5497 ἐκείνης
2958 5427 3156 5497 μᾶλλον
3180 5424 3573 5494 καταληφθεὶς,
3607 5424 3717 5476 κᾶν

2133 5523 2300 5574 εἶκαὶ
2337 5521 2544 5592 σφόδρα
2571 5521 2766 5592 πόρῥω
2818 5521 3012 5574 ἑαυτὸν
3040 5520 3214 5573 ἐποίει
3255 5518 3333 5589 τῷ
3360 5518 3582 5588 μεγέθει
3615 5519 3720 5588 τῆς

2133 5612 2541 5676 ταπεινώσεως.
2572 5607 2704 5664 Εἶτα
2734 5613 2945 5681 οἴχεται
2982 5611 3080 5681 μὲν
3129 5609 3192 5675 ἐξ
3219 5609 3522 5680 ἀνθρώπων
3560 5609 3588 5659 ὁ
3615 5608 3719 5676 τῆς

2136 5702 2493 5772 Νικομηδέων
2524 5702 2835 5773 τηνικαῦτα
2876 5702 3212 5765 ἐπίσκοπον
3241 5701 3475 5770 ἐχήρευε
3503 5697 3561 5750 δέ
3597 5711 3719 5749 ποι-

2137 5794 2350 5865 μένοςή
2387 5793 2688 5865 Ἐκκλησία
2705 5795 2801 5850 καὶ
2826 5793 2923 5866 τὴν
2949 5794 3186 5867 ἐρημίαν
3215 5789 3466 5855 ἐλεεινῶς
3497 5785 3722 5844 ἐπένθει
