4010 6436
291 401 396 469 173

1574 405 1754 469 VITA
1795 407 1859 469 S.
1893 405 2250 468 ANTHIML

3448 407 3556 471 17$

277 519 380 573 καὶ
409 517 504 586 τὴν
532 517 833 586 συμφοράν
863 517 1201 588 άνωδύρετο.
1235 517 1594 589 Νικομηδέων
1625 517 1808 571 τοίνυν
1829 518 1878 571 οί

1990 516 2219 573 deﬂebat
2257 512 2668 582 miserabiliter,
2723 521 2776 570 et
2808 513 3125 586 deplorabat
3164 515 3556 576 calamitatem.

279 613 574 684 πρόκριτοι
611 612 714 664 καὶ
744 608 988 680 μάλιστα
1017 609 1118 677 τῆς
1166 608 1498 680 Ἐκκλησίας
1528 610 1656 664 ὅσον
1687 609 1876 680 τρόφι-

284 723 396 776 μον
451 701 518 774 ἦν
549 704 608 755 τι
659 703 896 772 στυγνὸν
929 703 1108 755 έκεῖνο
1134 701 1229 756 καὶ
1262 702 1462 772 πικρὸν
1491 703 1591 771 τῆς
1638 701 1876 772 ἐρημίας

285 797 461 859 πάθος
495 795 557 848 οὐ
605 795 895 864 φέροντες,
952 793 1214 866 μάρτυρά
1243 810 1304 847 τε
1331 795 1431 864 τῆς
1475 793 1657 847 αὐτῶν
1689 792 1874 862 ψήφου

283 887 349 942 τὸ
378 888 536 941 Θείον
559 887 793 940 ἐκάλουν
817 887 912 939 καὶ
951 885 1164 940 ἐδέοντο
1201 885 1427 957 θερμῶς
1457 886 1876 956 ὲκκαλυςρθῆναι

281 983 528 1048 τούτοις,
556 982 606 1034 εί
635 979 715 1048 τῷ
749 980 872 1049 Θεῷ
899 978 969 1033 τὰ
992 983 1093 1048 τῆς
1121 979 1302 1033 αὐτῶν
1343 979 1571 1051 γνώμης
1600 979 1878 1033 ἀπόδεκτα

281 1076 398 1143 εἴη,
426 1075 527 1128 καὶ
556 1075 607 1126 εί
644 1074 746 1144 τὴν
778 1071 988 1126 ἄνωθεν
1022 1071 1196 1140 ἔχοιεν
1242 1071 1422 1141 ψῆφον
1467 1070 1876 1143 ἐπιμαρτυροῦ-

282 1181 389 1220 σαν
417 1166 516 1218 καὶ
541 1163 714 1233 αὐτὴν
741 1163 838 1216 καὶ
869 1162 1372 1232 συμφθεγγομένην
1424 1163 1503 1231 τῷ
1551 1163 1838 1233 πράγματι
1858 1179 1872 1195 ·

284 1260 386 1312 καὶ
447 1257 560 1311 ίδοῦ
626 1256 742 1326 φῶς
763 1256 926 1324 ’μέγα
972 1257 1067 1309 καὶ
1103 1255 1422 1325 θαυμαστὸν
1479 1256 1748 1326 ἧστραψε,
1779 1261 1876 1309 καὶ

282 1351 442 1418 φωνή
479 1365 567 1412 τις
601 1348 680 1417 τῷ
710 1346 950 1417 ’Δνθίμῳ
987 1347 1111 1400 θεία
1131 1345 1579 1418 προσεμαρτύρει
1604 1386 1620 1411 ,
1654 1347 1750 1400 καὶ
1778 1346 1876 1416 τὴν

281 1442 471 1510 ψῆφον
535 1440 836 1511 ἐπεκύρου,
897 1440 996 1494 καὶ
1036 1441 1116 1501 είς
1149 1439 1323 1509 πέρας
1354 1440 1584 1507 ἀγαγεῖν
1617 1439 1880 1508 προετρέ-

281 1551 442 1589 πετο.
499 1533 560 1588 '0
614 1534 716 1601 μὲν
750 1529 845 1586 οῦν
875 1531 1055 1596 οὕτως
1112 1533 1208 1585 ἐπὶ
1239 1532 1350 1586 τῶν
1375 1532 1576 1586 οἰάκων
1612 1533 1712 1604 τῆς
1753 1533 1878 1586 Ἐκ-

283 1626 526 1696 κὲ.ησὶας
551 1625 868 1690 καθέζεται,
905 1626 1002 1678 καὶ
1031 1626 1124 1676 τὸν
1157 1623 1309 1692 ἄξιον
1337 1627 1365 1678 ό
1399 1624 1589 1694 θρόνος
1622 1625 1876 1693 ἀπολαμ-

276 1718 458 1781 ϐάνει,
490 1717 589 1769 καὶ
620 1717 712 1770 τὸν
741 1719 944 1770 οἰκεῖον
983 1718 1293 1787 ἀναιρεῖται
1327 1717 1532 1785 κόσμον
1577 1718 1611 1786 ὴ
1641 1715 1878 1786 Ἐκκλη-

279 1812 400 1871 σία,
435 1810 535 1862 καὶ
557 1812 660 1879 τὴν
690 1811 997 1880 κατήφειαν
1040 1809 1333 1877 άποτίθησι
1353 1848 1370 1874 ,
1413 1808 1660 1864 τοιούτου
1695 1815 1712 1872 ί
1734 1809 1878 1863 κατὰ

1987 607 2484 664 Nicomediensium
2521 608 2702 677 itaque
2734 607 3033 677 praepositi,
3074 616 3131 664 et
3179 610 3418 665 maxime
3464 617 3557 682 qui

1984 709 2145 756 erant
2174 699 2381 755 alumni
2418 698 2687 766 ecclesiae,
2731 713 2791 755 se
2822 714 2944 756 esse
2977 702 3225 758 desertos
3276 703 3562 775 aegerrime

1986 791 2245 858 terentes,
2283 807 2473 848 omnes
2498 793 2640 848 inter
2673 805 2733 848 se
2753 795 3029 849 communi
3066 794 3324 864 sull'ragio
3365 797 3556 852 decer-

1985 893 2141 950 nunt,
2175 883 2434 938 Antbimo
2457 885 2826 940 mandandum
2853 899 2976 941 esse
2999 885 3392 956 episc0patum.
3420 885 3555 942 Cum

1983 988 2114 1043 ergo
2145 975 2418 1028 venissent
2443 974 2510 1029 ad
2536 974 2845 1040 ecclesiam,
2881 976 3046 1032 Deum
3082 977 3345 1032 vocabant
3370 987 3560 1033 testem

1985 1081 2096 1120 sua:
2120 1065 2424 1130 electionis,
2455 1077 2511 1121 et
2559 1067 2918 1123 vehementer
2950 1068 3236 1138 rogabant,
3273 1079 3330 1123 ut
3361 1071 3442 1125 eis
3472 1086 3562 1124 re-

1981 1154 2278 1220 velaretur,
2316 1171 2384 1209 an
2419 1167 2564 1211 esset
2591 1155 2700 1211 Deo
2730 1167 2954 1228 accepta
2983 1175 3172 1215 eorum
3201 1162 3490 1225 sententia,
3515 1171 3569 1214 τι

1985 1262 2054 1300 an
2077 1247 2344 1301 haberent
2375 1263 2674 1318 supernum
2711 1249 3030 1322 suffragium
3058 1252 3140 1306 eis
3170 1252 3474 1323 sum-agatis
3511 1269 3566 1305 et

1987 1337 2310 1407 asripulans.
2342 1337 2482 1396 Ecce
2512 1350 2690 1395 autem
2742 1341 3107 1397 circutnt'ulsit
3140 1343 3230 1396 lux
3262 1359 3457 1413 magna
3510 1355 3565 1398 et

1986 1428 2326 1484 admirabilis
2367 1445 2382 1483 :
2424 1438 2480 1484 et
2514 1445 2613 1486 vox
2661 1434 2910 1502 quaedam
2941 1434 3203 1490 Anthitne
3237 1436 3359 1490 tulit
3412 1439 3566 1492 testi-

1990 1521 2254 1585 monium,
2293 1527 2347 1574 et
2375 1535 2562 1575 eorum
2598 1525 2946 1580 confirmavit
2976 1527 3322 1595 electionem,
3356 1539 3412 1585 et
3437 1531 3568 1586 hor-

1990 1621 2098 1667 tata
2123 1621 2226 1678 est,
2255 1619 2314 1665 ut
2337 1613 2403 1667 ad
2430 1613 2680 1670 eﬂ‘ectum
2715 1617 3062 1678 deducerent.
3091 1625 3266 1692 Atque
3289 1623 3365 1678 sic
3390 1625 3567 1693 przetl‘

1987 1708 2130 1762 citur
2153 1711 2308 1766 clavo
2329 1717 2563 1782 regendo
2587 1713 2863 1778 Ecclesiae,
2893 1725 2949 1771 et
2969 1716 3127 1771 sedes
3151 1718 3324 1771 virum
3348 1719 3569 1787 dignum

1990 1803 2244 1872 suscipit,
2278 1815 2334 1860 et
2359 1822 2518 1861 suum
2540 1816 2919 1862 ornamentum
2944 1809 3142 1880 accipit
3183 1808 3426 1866 Ecclesia
3470 1830 3485 1866 :
3517 1824 3573 1868 et

277 1901 538 1971 Παῦλον)
563 1900 936 1970 άνεπιλήπτου
971 1901 1139 1968 φάναι
1171 1897 1266 1954 καὶ
1292 1898 1436 1953 οὕτω
1464 1899 1631 1970 σοφοῦ
1656 1900 1752 1953 καὶ
1785 1916 1880 1970 με-

1993 1895 2216 1966 deponit
2250 1897 2551 1964 tristitiam,
2583 1910 2641 1953 ut
2672 1916 2791 1968 qua:
2831 1903 2967 1956 adeo
2998 1905 3080 1972 (ut
3125 1919 3250 1958 cum
3298 1904 3470 1960 Paulo
3493 1909 3576 1962 di-

273 1993 450 2062 γάλου
474 1992 719 2063 τυχοῦσα
753 1991 847 2045 τοῦ
883 1993 1201 2047 ἐπιστάτου.

346 2173 432 2228 Γέ
473 2173 539 2228 '0
585 2175 645 2228 δι
699 2174 842 2228 κατὰ
893 2173 1023 2238 τοὺς
1075 2173 1315 2243 ἀγαθοὺς
1368 2171 1710 2244 κυϐερνήτας
1743 2171 1882 2242 πρὸς

274 2265 442 2320 τοῦτο
475 2266 644 2336 μόνον
672 2267 781 2337 ὅλῳ
813 2266 892 2338 τῷ
920 2265 1186 2337 ὀφθαλμῷ
1212 2265 1361 2336 ἑώρα
1399 2270 1496 2319 καὶ
1529 2265 1881 2336 παρεσκεύα-

279 2375 396 2420 στο,
451 2361 607 2422 ὅπως
641 2375 701 2412 τε
747 2359 839 2412 τὸν
873 2357 1115 2428 χαλεπὸν
1168 2359 1270 2429 τῆς
1321 2358 1577 2422 ἀσεϐείας
1612 2358 1882 2428 κοιμίσειε

279 2449 555 2515 κλύδωνα,
593 2451 690 2502 καὶ
724 2449 876 2512 ὅπως
906 2449 1005 2512 τάς
1034 2448 1142 2501 τῶν
1171 2447 1564 2518 συμπλεόντων
1594 2449 1774 2518 ψυχὰς
1804 2449 1886 2510 είς

280 2542 372 2593 τὸν
426 2541 634 2609 λιμένα
678 2540 772 2593 τοῦ
827 2541 963 2595 Θεοῦ
1021 2540 1432 2610 καθορμίσειεν.
1492 2535 1650 2593 Οἶδεν
1704 2541 1926 2611 ’Ἰνδης⁸

287 2633 454 2687 scim
475 2635 577 2686 καὶ
598 2633 786 2702 Δόμνα
804 2651 821 2665 ⁸
868 2633 1046 2703 Ἴνδης
1076 2635 1285 2696 ἐκεῖνος
1309 2633 1451 2702 ἀνὴρ
1474 2631 1793 2702 Θαυμαστός
1820 2647 1883 2684 τε

287 2729 378 2781 καὶ
405 2729 736 2794 ἀξιέπαινος
760 2745 774 2759 ·
808 2729 974 2784 αὑτὸν
1005 2729 1106 2795 μὲν
1138 2727 1371 2798 βασιλέα
1402 2731 1497 2782 καὶ
1526 2727 1594 2782 τά
1619 2727 1745 2797 περὶ
1779 2726 1880 2798 βα-

285 2819 437 2873 σιλέα
492 2821 678 2874 πάντα
723 2819 1066 2884 καταλιπὼν,
1127 2823 1194 2891 τῇ
1228 2819 1484 2888 εὐσεϐείᾳ
1513 2819 1571 2873 δὲ
1615 2820 1754 2889 μετά
1781 2818 1885 2886 τῆς

278 2911 496 2982 Δόμνης
549 2911 845 2981 προτεθεὶς
897 2912 994 2965 καὶ
1047 2913 1141 2964 τὸν
1195 2912 1376 2965 κοινὸν
1427 2911 1596 2982 ἄμφω
1657 2911 1887 2982 βασιλέα

281 3001 699 3073 πλουτήσαντες
723 3017 738 3032 ·
770 3001 894 3057 οὐδὲ
927 3001 1221 3071 Γλυκέριος
1245 3005 1339 3056 καὶ
1367 3003 1630 3070 Θεόφιλος
1658 3003 1757 3072 τῆς
1789 3001 1883 3055 τοῦ

282 3093 479 3164 ἀνδρὸς
513 3093 648 3164 περὶ
674 3092 773 3164 τὴν
795 3091 1084 3147 εὐσέϐειαν
1114 3093 1353 3163 σπουδῆς
1382 3093 1663 3161 ἄγευστοι,
1701 3091 1884 3144 ἱκανὸν

1985 2001 2104 2042 eam
2133 1987 2186 2057 ι)
2220 1990 2752 2060 irreprehensibiletn
2773 2003 2828 2049 et
2863 1997 2998 2051 adeo
3019 1996 3321 2068 sapientem
3347 2009 3406 2054 et
3451 2016 3572 2055 ma-

1987 2093 2154 2147 gnum
2188 2083 2262 2135 sit
2296 2094 2548 2140 assecuta
2585 2089 2922 2156 praefectum.

2065 2170 2158 2226 ΙΙΙ.
2189 2173 2283 2230 Ille
2305 2186 2513 2244 autem,
2547 2182 2820 2246 quomodo
2847 2180 2973 2236 boni
2997 2183 3418 2254 gubernatores,
3464 2188 3572 2246 hoc

1984 2264 2162 2320 solum
2191 2272 2492 2336 spectabat,
2521 2281 2575 2324 et
2602 2273 2668 2327 ad
2719 2272 2771 2328 id
2819 2289 2880 2330 se
2932 2277 3182 2346 parabat,
3232 2292 3290 2334 ut
3343 2283 3567 2338 sedaret

1984 2371 2178 2428 graves
2203 2357 2402 2415 ﬂuctus
2439 2361 2755 2431 impietatis,
2798 2375 2852 2421 et
2887 2375 2946 2421 ut
2994 2371 3204 2426 animas
3249 2389 3440 2430 eorum
3475 2380 3570 2448 qui

1985 2445 2148 2500 simul
2179 2463 2304 2502 cum
2339 2464 2405 2504 eo
2439 2453 2790 2522 navigabant,
2825 2458 2893 2511 ad
2939 2471 3158 2528 portum
3193 2462 3288 2519 Dei
3323 2445 3570 2523 duceret.

1988 2537 2102 2596 lloc
2130 2541 2280 2596 novit
2309 2542 2467 2599 lndes
2490 2555 2547 2599 et
2567 2544 2796 2606 Domua.
2819 2549 2980 2606 lndes
3012 2555 3100 2608 ille
3129 2555 3213 2610 vir
3234 2559 3573 2618 admirabilis

1987 2641 2043 2688 et
2074 2632 2233 2689 laude
2261 2636 2479 2706 dignus,
2511 2640 2627 2708 qui,
2656 2641 2848 2696 relicto
2878 2643 3211 2714 imperatore
3259 2660 3314 2706 et
3343 2652 3577 2723 impera-

1990 2726 2129 2780 toris
2160 2729 2324 2783 rebus
2361 2732 2638 2797 omnibus,
2673 2747 2796 2788 cum
2844 2735 3058 2792 Domna
3091 2743 3326 2797 accessit
3361 2747 3427 2798 ad
3463 2748 3577 2816 pic-

1991 2827 2178 2886 tatem,
2217 2834 2269 2874 et
2303 2835 2648 2878 communem
2683 2839 2864 2896 regem
2906 2830 3068 2884 ambo
3124 2843 3254 2888 sunt
3311 2843 3571 2895 assecuti.

1997 2907 2184 2978 Neque
2217 2910 2498 2982 Glycerius
2553 2925 2608 2968 et
2660 2915 2995 2986 Theophilus
3053 2921 3274 2979 luerunt
3322 2941 3576 2997 expertes

1990 3002 2156 3091 studii
2189 3002 2348 3070 hujus
2381 3005 2482 3059 viri
2516 3007 2760 3076 pietatis,
2797 3010 2892 3080 qui
2955 3013 3058 3069 hoc
3120 3016 3396 3075 sutﬁciens
3435 3038 3576 3091 prae-

1991 3089 2166 3146 buere
2223 3095 2614 3159 testimonium,
2654 3113 2848 3168 nempe
2900 3112 3128 3158 mortem
3185 3120 3284 3174 pro
3335 3089 3574 3166 Christo.

277 3186 440 3239 τοῦτο
459 3187 773 3256 τεκμήριον
797 3186 892 3238 τὶν
909 3184 1052 3257 ὑπὲρ
1077 3185 1316 3256 Χριστοῦ
1345 3185 1578 3241 θάνατον
1604 3185 1881 3256 παρασχό-

1990 3177 2176 3252 Neque
2223 3183 2330 3238 alia
2387 3184 2674 3241 multitudo
2710 3188 2896 3257 viginti
2928 3192 3179 3258 millium,
3213 3195 3302 3262 qui
3351 3196 3572 3253 fuerunt

283 3296 437 3349 μενοι
462 3295 479 3310 ·
513 3279 644 3333 οὐδὲ
669 3278 886 3346 πληθὺς
911 3276 1050 3349 ἄλλη
1079 3277 1386 3349 δισμυρίων
1413 3278 1500 3332 διὰ
1528 3279 1702 3349 πυρὸς
1732 3277 1881 3348 αὐτῷ

1990 3287 2085 3342 per
2148 3275 2328 3344 ignem
2393 3278 2773 3334 consummati.
2835 3278 3150 3338 Mardonius
3206 3299 3461 3355 quoque,
3517 3301 3574 3344 et

280 3374 375 3428 καὶ
403 3366 560 3426 οὗτοι
592 3371 979 3434 τελειωθέντες
1004 3388 1020 3403 ο
1055 3371 1172 3425 ὅσοι
1201 3388 1264 3423 τε
1293 3371 1422 3441 περὶ
1449 3370 1756 3442 Μαρδόνιον
1789 3371 1882 3425 καὶ

278 3463 620 3534 Μυγδόνιον,
657 3463 861 3534 Πέτρον
888 3462 1097 3516 καὶτὸν
1113 3461 1594 3534 καρτερικώτατον
1630 3463 1882 3533 Ζήνωνα,

278 3558 374 3611 τδν
408 3559 533 3612 ίσον
569 3557 670 3610 καὶ
693 3556 851 3610 αὐτοὶ
883 3555 1026 3627 πρὸς
1080 3556 1322 3624 Χριστὸν
1351 3555 1757 3624 ἐπιδειξάμενοι
1783 3554 1884 3608 πόο

281 3652 395 3716 θον,
427 3653 558 3705 ἱπεὶ
598 3650 675 3721 μὴ
705 3652 801 3704 καὶ
835 3649 936 3720 τῆς
981 3649 1104 3722 ίσης
1135 3649 1367 3713 ἐκείνοις
1419 3649 1711 3720 ἠνέσχοντο
1741 3665 1884 3718 μαρ-

283 3745 478 3815 τυρίας
506 3740 914 3812 ἀπολειφθῆναι
933 3756 948 3771 ⁸
992 3740 1233 3812 τοσαύτη
1277 3739 1380 3806 μὲν
1409 3737 1475 3811 δὴ
1503 3739 1625 3792 τότε
1665 3738 1882 3802 πολλοῖς

281 3843 382 3909 τῆς
403 3835 700 3899 εὐσεϐείας
729 3835 974 3895 ἐπίδοσις
996 3833 1104 3887 ὑπὸ
1131 3832 1229 3886 τοῦ
1265 3829 1585 3901 θαυμαστοῦ
1623 3829 1881 3900 Ἀνθίμου

282 3932 510 3997 ἐγένετο
533 3943 547 3956 ·
593 3925 750 3994 ἄφνω
797 3925 856 3979 δέ
888 3941 972 3987 τις
1000 3922 1213 3995 χειμὼν
1252 3921 1528 3991 ἐγείρεται
1558 3919 1882 3990 χαλεπώτα-

281 4040 394 4085 τος,
418 4020 520 4074 καὶ
540 4018 878 4089 σφοδροτέρα
898 4016 1157 4084 καταιγὶς
1175 4013 1498 4085 ἔμπεσοῦσα
1519 4010 1882 4082 Χριστιανοὺς

282 4115 554 4169 κατέδυσε
585 4113 795 4175 πάντας
820 4127 835 4141 ⁸
863 4105 935 4182 ἦν
965 4110 1068 4180 μὲν
1092 4109 1202 4182 γὰρ
1236 4109 1330 4161 ἐπὶ
1359 4107 1456 4178 τῆς
1483 4105 1660 4178 ἀρχῆς
1701 4105 1882 4173 Meﬁt-

286 4207 507 4278 μιανὸς,
539 4204 801 4274 διωγμῶν
821 4203 880 4258 δὲ
918 4203 947 4256 ό
981 4201 1288 4273 βαρύτατος
1335 4201 1429 4254 ἐπὶ
1454 4199 1597 4270 μέγα
1629 4217 1687 4253 τε
1719 4199 1885 4269 ἤρετο

284 4301 382 4354 καὶ
406 4297 558 4352 κατὰ
590 4296 696 4366 γῆς
726 4295 946 4366 ἀπάσης
977 4293 1178 4366 ἐχώρει
1225 4293 1320 4346 καὶ
1347 4293 1398 4346 οί
1439 4291 1542 4362 μὲν
1570 4291 1884 4362 ἡρευνῶντο

283 4389 665 4461 Χριστιανῶν,
690 4390 743 4440 οί
765 4388 822 4442 δὲ
844 4386 1102 4455 ἔφευγον,
1126 4388 1176 4439 oi
1203 4386 1262 4439 δὲ
1298 4384 1641 4456 ἀνῃροῦντο.-
1658 4383 1732 4436 Τὸ
1756 4382 1884 4454 μένο

254 4501 370 4560 ⁸τοι.
390 4483 497 4552 τῆς
530 4480 820 4543 εὐσεϐείας
842 4479 1003 4542 ἄνθος
1028 4479 1120 4532 τὸν
1153 4478 1419 4549 ’Δνθιμον
1443 4477 1604 4547 δῆλον
1636 4477 1669 4547 ἡ
1710 4476 1880 4547 ἀρετὴ

285 4571 578 4628 κάνταῦθα
602 4573 750 4624 ποιεῖ
771 4569 870 4623 καὶ
923 4567 1192 4641 μηνύεται
1236 4572 1354 4633 τοῖς
1409 4567 1479 4620 τὰ
1531 4565 1881 4638 Χριστιανῶν

286 4665 584 4735 ἰρευνῶσι,
629 4663 723 4716 καὶ
775 4654 956 4725 οὗτος.
982 4663 1012 4716 ὁ
1065 4660 1163 4716 νῦν
1193 4661 1294 4731 μὲν
1334 4663 1394 4714 ἐν
1425 4658 1632 4730 ἱερεῦσι
1664 4660 1863 4730 μέγας,

291 4757 481 4828 μικρῷ
520 4756 582 4811 δὲ
610 4753 838 4826 ὕστερον
869 4753 976 4808 κάν
1000 4755 1114 4816 τοῖς
1139 4755 1436 4824 μάρτυσιν.

358 4855 436 4904 Δθ.
481 4849 547 4902 '0
579 4849 680 4919 μιν
714 4848 823 4918 γὰρ
848 4845 1001 4914 παρά
1037 4863 1147 4900 τινι
1175 4845 1413 4916 διέτριϐε
1450 4843 1613 4918 κώμῃ
1643 4845 1886 4916 σπείρων

1986 3363 2325 3436 Mygdonius,
2358 3377 2412 3421 et
2434 3365 2652 3433 Petrus,
2688 3369 3112 3428 et-fortissimus
3135 3373 3305 3443 Zeno,
3348 3380 3438 3448 qui
3465 3381 3567 3450 ipsi

1985 3473 2208 3529 quoque
2245 3461 2604 3516 ostenderunt
2649 3477 2838 3532 parem
2871 3465 2925 3519 in
2977 3465 3254 3526 Christum
3298 3487 3568 3538 amorem,

1987 3552 2246 3620 quoniam
2285 3566 2388 3605 nec
2428 3567 2457 3605 a
2493 3552 2610 3621 pari
2655 3554 2878 3622 quidem
2931 3557 3311 3616 sustinuerunt
3374 3564 3572 3620 abesse

1985 3645 2273 3715 martyrio.
2313 3643 2792 3716 Tantumquidcm
2846 3650 2900 3702 in
2935 3650 3139 3718 pietate
3173 3653 3571 3710 incrementum

1989 3743 2118 3788 tunc
2141 3734 2295 3789 multi
2339 3747 2677 3806 acceperunt
2712 3738 2780 3793 ab
2804 3737 3066 3796 Anthimo
3095 3742 3424 3800 admirabili.
3459 3746 3572 3802 Re-

1987 3837 2150 3896 pente
2195 3836 2376 3882 autem
2426 3830 2702 3884 excitatur
2751 3839 3046 3900 tempestas
3082 3836 3570 3896 vehementissima

1986 3929 2042 3972 et
2062 3919 2362 3974 saevissima
2395 3921 2628 3989 procella
2663 3921 2876 3978 irruens
2907 3923 2962 3979 in
2990 3925 3352 3996 Christianos,
3378 3947 3572 3988 omnes

1986 4012 2244 4083 perculit.
2277 4011 2414 4066 Nam
2450 4012 2737 4082 imperium
2792 4015 3010 4084 quidem
3058 4018 3344 4077 obtinebat
3397 4023 3572 4080 Maxi-

1988 4105 2205 4160 tnianus
2239 4115 2468 4158 :exorta
2521 4113 2607 4158 est
2638 4112 2820 4159 autem
2855 4106 3183 4175 gravissima
3233 4119 3568 4181 persecutio,

1989 4205 2044 4253 et
2072 4197 2311 4268 pervasit
2338 4196 2391 4251 in
2430 4209 2649 4251 omnem
2687 4203 2888 4252 terram
2912 4215 2926 4252 :
2950 4207 3004 4254 et
3034 4213 3101 4255 ex
3134 4201 3462 4262 Christianis
3481 4209 3573 4262 alii

1989 4290 2206 4362 quidem
2239 4290 2642 4358 quaerebantur,
2675 4290 2764 4344 alii
2792 4306 2923 4346 vero
2947 4292 3441 4354 interﬁciebantur.
3475 4301 3574 4356 At—

1993 4394 2098 4452 que
2123 4378 2311 4434 tlorem
2342 4379 2562 4449 quidem
2595 4380 2839 4449 pietatis,
2864 4381 3209 4450 Anthimum,
3241 4389 3413 4446 virtus
3443 4399 3573 4447 tunc

1991 4475 2126 4527 facit
2146 4470 2494 4526 manifestum
2522 4487 2538 4526 :
2563 4480 2618 4526 et
2635 4471 2907 4527 indicatur
2936 4488 3154 4544 quoque
3180 4477 3286 4533 illis
3307 4480 3398 4548 qui
3421 4495 3576 4551 quas.

1993 4566 2185 4620 rebant
2205 4563 2570 4631 Christianos,
2609 4565 2654 4617 is
2677 4565 2770 4634 qui
2801 4572 2932 4618 tunc
2956 4569 3172 4635 quidem
3197 4582 3318 4626 erat
3341 4589 3574 4642 magnus

1993 4657 2138 4713 inter
2172 4658 2508 4722 sacerdotes,
2534 4657 2697 4726 paulo
2719 4666 2843 4726 post
2870 4666 3050 4714 autem
3066 4660 3230 4716 etiam
3261 4661 3405 4719 inter
3421 4681 3574 4722 mar-

1995 4760 2165 4820 tyres.

2066 4843 2160 4900 ιν.
2244 4842 2386 4899 Nam
2429 4844 2522 4901 ille
2568 4843 2788 4914 quidem
2843 4841 3162 4900 versabatur
3224 4844 3276 4901 in
3335 4850 3572 4917 quodam

284 4961 347 4999 τε
370 4943 452 5014 τῷ
486 4943 636 5012 λόγῳ
683 4941 785 5009 τῆς
831 4940 1092 5010 ἀληθείας
1120 4939 1218 4993 καὶ
1254 4939 1318 4992 τδ
1373 4939 1640 4994 τάλαντον
1661 4937 1762 5008 τῆς
1792 4939 1881 4992 πίε

1997 4951 2154 5005 ροκο,
2187 4938 2465 4992 seminans
2495 4936 2724 4991 verbum
2755 4934 3028 5002 veritatis,
3055 4943 3111 4990 et
3157 4935 3418 4992 talentum
3449 4939 3573 4996 ﬁdei

285 5054 466 5099 στεως
521 5033 1056 5098 πολλαπλασιάζει-ι’
1097 5033 1314 5102 πέμπει
1341 5031 1400 5084 δὲ
1437 5033 1518 5095 είς
1552 5030 1765 5084 εἴκοσιν
1794 5032 1886 5084 ίπ-

284 5131 428 5194 πίας
459 5131 491 5184 δ
523 5125 888 5198 ηαξιμιανδς,
913 5126 1056 5181 ὥστε
1083 5125 1374 5181 συλλαϐεῖν
1400 5123 1591 5178 τοῦτον
1623 5123 1719 5177 καὶ
1751 5124 1888 5197 παρ’

281 5223 451 5276 asta»
475 5220 731 5291 ἀγαγεῖν.
766 5222 833 5276 οι
864 5221 922 5275 δὶ
951 5221 1012 5274 ιν
1047 5222 1117 5292 τῇ
1163 5218 1394 5291 Σημάνῃ
1438 5218 1882 5290 παραγεγονότες

283 5315 491 5386 (τοῦτο
524 5315 636 5385 γὰρ
667 5313 844 5385 ὄνομα
872 5316 939 5385 τῇ
976 5311 1181 5385 κώμῃ)
1217 5311 1614 5382 ἐντυγχάνουσι
1643 5309 1722 5381 τῷ
1763 5310 1880 5362 Ἀν-

278 5410 431 5481 θὶμφ
457 5410 556 5462 καὶ
588 5406 666 5479 μὴ
688 5407 1088 5480 συμϐαλόντες,
1110 5406 1188 5470 ώς
1214 5399 1372 5468 οὗτος
1397 5406 1607 5466 ἐκεῖνος
1634 5404 1662 5456 ὁ
1688 5401 1884 5471 ζητού-

282 5518 447 5569 μενος
481 5503 593 5569 ειη,
635 5499 802 5555 αὐτὸν
836 5498 1102 5569 Ἀνθιμον
1149 5496 1382 5570 ἠρώτων
1430 5495 1556 5567 περὶ
1600 5493 1880 5564 Ἀνθίμου,

279 5597 378 5647 καὶ
404 5595 557 5657 ὅστις
591 5589 748 5657 οὗτος
773 5593 1039 5664 ὑπάρχοι,
1075 5591 1167 5644 καὶ
1189 5591 1326 5645 ὃπου
1353 5587 1626 5660 διατρίϐει
1648 5588 1751 5656 τῆς
1778 5585 1886 5640 κώ-

282 5703 422 5759 μης.
459 5684 523 5738 '0
553 5687 648 5742 καὶ
673 5686 816 5750 τέως
849 5684 952 5755 μὶν
977 5683 1069 5737 ἐπὶ
1107 5682 1286 5749 ξενίαν
1304 5680 1528 5745 τούτους
1555 5677 1886 5752 παραλαϐὼν

355 5853 371 5884 ⁸
408 5851 428 5907 Ι
460 5849 602 5908 Tim.
640 5868 729 5919 ιιι,
760 5851 818 5906 2.

1995 5029 2392 5098 multiplicans.
2419 5027 2584 5083 Hittit
2604 5037 2786 5083 autem
2812 5026 3176 5084 Maximianus
3205 5029 3352 5084 circa
3381 5029 3574 5099 viginti

1993 5119 2230 5188 equites,
2267 5126 2326 5172 ut
2347 5133 2472 5175 eum
2511 5119 3041 5190 comprehenderent
3067 5127 3124 5174 et
3155 5119 3224 5174 ad
3255 5135 3378 5177 eum
3403 5123 3574 5180 addu-~

1943 5222 2206 5269 ecerent.
2241 5212 2328 5268 llli
2383 5221 2564 5268 antem
2616 5226 2738 5266 cum
2797 5208 3087 5266 Semanam
3137 5212 3418 5270 venissent
3471 5216 3578 5286 (est

1991 5304 2138 5359 enim
2189 5304 2294 5359 hoc
2339 5317 2539 5359 nomen
2566 5305 2751 5374 pago),
2785 5299 3067 5358 oll'endnrl‘t
3121 5303 3438 5360 Anthitnum
3473 5312 3578 5361 :‘et

1991 5415 2101 5453 non
2121 5397 2477 5468 conjicientes
2503 5398 2645 5452 bunc
2676 5397 2828 5451 illum
2862 5409 3010 5459 esse,
3040 5409 3204 5464 quem
3239 5396 3573 5465 quaerebant,

1989 5492 2163 5562 ipsum
2191 5492 2511 5546 Anthimum
2540 5490 2808 5560 rogabant
2837 5489 2903 5546 de
2930 5489 3208 5554 Anthimo,
3240 5498 3291 5545 et
3316 5490 3570 5560 quisnam

1988 5585 2041 5644 is,
2063 5592 2232 5650 esset,
2269 5591 2324 5638 et
2352 5582 2571 5638 ubinam
2602 5582 2654 5638 in
2684 5596 2824 5654 pago
2846 5581 3089 5653 degeret.
3137 5579 3230 5637 Ille
3275 5595 3407 5636 vero
3437 5593 3563 5636 cum

1987 5691 2083 5734 eos
2109 5675 2331 5749 quidem
2383 5675 2604 5732 interim
2651 5675 2886 5746 hospitio
2919 5673 3242 5744 accepisset,
3274 5682 3328 5728 et
3359 5673 3440 5728 eis
3472 5687 3569 5742 pu-
