4010 6444
498 373 602 439 BS

1795 389 2079 451 MENSIS
2110 393 2438 457 APRILIS.

3637 408 3737 479 t76

495 508 620 549 nent
648 502 700 547 et
733 491 885 549 fabas
917 492 973 547 in
1005 505 1160 548 (mna
1210 496 1573 565 apposuisset,
1625 509 1680 554 et
1729 515 1826 568 pro
1862 502 2037 558 viribn

2142 550 2147 564 ,
2175 505 2273 558 καὶ
2294 507 2508 562 δεῖπνον
2526 510 2710 576 αὐτοῖς
2743 516 3031 586 παραθεὶς,
3066 519 3230 588 ἀρτον
3252 536 3318 575 τε
3352 522 3449 577 καὶ
3476 528 3749 596 κυάμους,

494 587 800 640 convivium
830 587 1192 651 exhibuisset,
1243 589 1437 644 deinde
1488 605 1549 646 se
1586 608 1711 647 esse
1751 594 2066 650 Antltintntn

494 678 791 731 renuntiat.
824 677 979 744 Quod
1000 678 1218 746 quidem
1246 693 1366 735 cum
1395 680 1468 735 illi
1492 683 1850 747 audivissent,
1875 700 2070 754 prope-

492 771 710 824 modum
742 771 1157 838 obstupuerunt,
1187 780 1241 825 et
1273 786 1373 828 nec
1429 774 1496 828 ad
1546 774 1689 830 illius
1714 777 1932 846 quidem
1975 792 2068 832 ca-

492 872 882 931 nos~poterant
926 865 1162 919 omnino
1212 865 1431 927 intueri,
1488 878 1802 937 reputantes
1847 870 2063 940 quidem

491 969 761 1017 mensam,
794 966 849 1009 et
891 965 1220 1021 eamarn,~et
1268 955 1591 1025 hospitium,
1651 974 1839 1015 rursus
1884 970 2062 1014 autem

486 1050 811 1123 cogitantes,
854 1064 1087 1117 quanam
1127 1056 1194 1106 de
1228 1065 1418 1118 causa,
1450 1060 1502 1105 et
1532 1062 1754 1122 propter
1790 1054 1918 1123 quid
1963 1054 2060 1107 duo

483 1122 624 1193 etnri
656 1149 834 1201 essent
865 1155 989 1194 eum
1012 1142 1077 1194 ad
1110 1139 1520 1207 Maximianum,
1552 1144 1617 1197 ad
1643 1153 1885 1198 extrema
1916 1145 2063 1199 scili-

482 1240 570 1285 cet
602 1230 763 1296 mala,
795 1240 850 1285 et
878 1240 1088 1287 certum
1131 1233 1489 1301 supplicium.
1549 1233 1705 1301 Quod
1734 1235 1952 1305 quidem
2005 1246 2059 1289 et

478 1339 668 1377 eorum
695 1322 892 1377 animis
925 1324 1185 1393 majorem
1206 1322 1469 1378 afferebat
1497 1326 1762 1389 dolorem,
1794 1325 2060 1381 etellicie-

479 1420 597 1479 bat,
625 1426 683 1468 nt
707 1415 847 1483 apud
875 1416 1195 1469 Anthimum
1221 1416 1625 1471 erubescerent.
1660 1416 1770 1471 llac
1797 1418 1863 1472 de
1892 1433 2055 1474 causa

474 1520 600 1561 cum
632 1521 695 1560 os
730 1506 877 1561 illius
912 1506 1210 1559 veridicum
1248 1506 1512 1561 haberent
1540 1508 1663 1577 ejus
1700 1507 1962 1574 indicem,
2000 1520 2057 1564 et

476 1612 543 1651 ex
589 1596 706 1662 ejus
758 1597 939 1667 lingua
976 1595 1342 1667 intelligerent
1392 1612 1515 1653 eunt
1547 1612 1674 1653 esse
1711 1600 2049 1666 Antltimunt,

471 1705 597 1742 enm
624 1690 870 1744 lubenter
897 1688 1262 1750 dimittebant.
1311 1700 1367 1744 et
1395 1701 1454 1744 ut
1499 1691 1800 1757 recederet,
1851 1695 2052 1749 suade-

473 1783 602 1836 bant
638 1782 925 1836 :seiebant
953 1781 1097 1836 enim
1130 1781 1266 1835 nihil
1290 1784 1414 1836 boni
1446 1783 1494 1838 ei
1514 1799 1636 1839 esse
1660 1800 2045 1841 successurum

470 1890 538 1928 ex
565 1889 663 1928 suo
697 1875 925 1945 adventu
958 1874 1025 1928 ad
1059 1874 1475 1931 Maritnianutn.
1533 1875 1701 1934 Nobis
1762 1889 1944 1934 autem
1975 1880 2042 1935 ad
2079 1847 2120 1903 Β

469 1980 739 2033 nostram,
777 1966 1020 2033 aiebant,
1060 1964 1256 2021 sufﬁcit
1288 1967 1682 2035 defensionem,
1727 1971 2042 2025 Anthimum

468 2062 683 2126 quidem
718 2062 945 2114 multum
979 2060 1297 2130 quaesivisse
1325 2076 1420 2130 per
1457 2062 1764 2117 universam
1791 2061 2044 2117 Nicome-

469 2154 638 2218 diam,
676 2168 779 2207 non
806 2154 1052 2223 potuisse
1100 2162 1281 2209 tamen
1318 2169 1440 2209 eum
1492 2155 1755 2210 invenire.
1812 2153 1916 2210 Sed
1947 2155 2040 2224 qui

467 2245 560 2299 llei
598 2255 865 2315 prmeepta
907 2260 1124 2315 semper
1178 2245 1542 2301 meditabatur
1589 2246 1902 2313 Antbimus,
1950 2261 2045 2302 eos

467 2337 696 2392 omnino
726 2326 1028 2390 adhorians
1063 2345 1117 2390 et
1148 2336 1371 2401 docens,
1403 2345 1463 2391 ut
1493 2339 1770 2393 veritatem
1811 2338 2042 2407 loquan-

464 2439 553 2483 tur
584 2435 637 2482 in
673 2429 837 2483 corde
865 2442 986 2491 suo.
1041 2438 1095 2482 et
1148 2443 1248 2483 nec
1281 2429 1403 2484 illos
1455 2439 1674 2500 propter
1731 2431 1907 2502 ipsum
1958 2432 2039 2486 vel

467 2521 601 2575 solis
639 2520 806 2575 labris
856 2520 1087 2574 mentiri
1129 2521 1431 2586 sustinens,
1459 2530 1513 2574 et
1543 2521 1652 2576 alio
1690 2522 1781 2591 qni
1821 2535 2042 2592 propter

460 2611 741 2667 Christum
768 2621 1005 2666 mortem
1045 2611 1264 2676 sitiens,
1311 2627 1418 2665 una
1478 2626 1599 2667 cum
1653 2614 1736 2668 eis
1779 2613 1927 2669 illinc
1954 2624 2040 2670 est

463 2702 759 2778 profectus,
810 2709 864 2757 et
898 2702 1002 2756 iter
1043 2702 1185 2757 lniit.
1254 2701 1386 2758 Cum
1436 2718 1532 2759 eos
1572 2714 1754 2759 autem
1810 2706 2035 2761 multum

460 2805 606 2852 esset
628 2797 946 2850 exhortatus
968 2795 1034 2847 ad
1066 2793 1343 2862 pietatem,
1370 2804 1426 2848 et
1478 2795 1544 2851 de
1577 2793 1774 2852 futuris
1803 2811 1926 2851 eum
1955 2798 2038 2853 eis

462 2887 834 2948 disseruisset,
880 2885 1003 2940 etsi
1033 2885 1158 2955 quid
1183 2885 1263 2940 eis
1311 2885 1504 2940 durum
1558 2896 1613 2941 et
1660 2902 1916 2956 asperum
1970 2903 2036 2943 ex

460 2980 661 3048 pietate
687 2978 884 3041 inerat,
907 2977 959 3030 id
992 2974 1301 3047 levigasset,
1329 2986 1386 3032 et
1423 2977 1851 3047 complanasset,
1874 2991 1924 3036 et
1953 2982 2035 3037 eis

459 3071 654 3124 anima:
693 3083 882 3138 agrum
911 3067 1197 3131 mundum,
1225 3075 1281 3121 et
1306 3067 1370 3121 ad
1401 3068 1618 3137 pictatis
1642 3084 1826 3126 semen
1860 3074 2034 3128 susci-

2172 599 2355 662 καὶώς
2385 598 2499 671 εἶχε
2528 604 2709 673 χειρὸς
2741 607 3140 677 καὶδυνάμεως
3168 614 3447 678 ἑστιάσας,
3482 615 3601 670 εἶτα
3624 620 3759 672 ἑαυ-

2167 687 2260 740 τὸν
2314 685 2455 744 εἶναι
2504 692 2599 745 τὸν
2632 696 2894 764 ’Δνὲιμον
2945 701 3322 768 ἀπαγγέλλει·
3376 706 3513 776 ὅπερ
3551 712 3753 762 ἐκεῖνοι

2168 776 2522 843 ἀκούσαντες,
2557 781 2743 850 ὀλίγου
2785 785 2896 837 δεῖν
2921 788 3275 857 ἐπεπήγεσαν
3318 794 3413 846 καὶ
3443 795 3564 847 οὐδὲ
3599 800 3752 848 tivu-

2167 867 2389 923 ϐλέπειν
2419 874 2500 933 εἰς
2549 873 2650 943 τὴν
2684 876 2904 929 ἐκείνου
2945 877 3140 933 πολιὰν
3179 882 3386 951 ἴσχυον,
3429 885 3752 954 ἀναλογιζό-

2167 975 2318 1027 μενοι
2365 962 2464 1031 μὲν
2511 963 2611 1034 τὴν
2648 966 2954 1035 τράπεζαν,
3003 971 3102 1023 καὶ
3147 972 3206 1025 τὸ
3251 972 3488 1040 δεῖπνον,
3521 979 3617 1030 καὶ
3643 982 3748 1049 τὴν

2166 1050 2367 1113 ξενίαν.
2413 1052 2840 1125 Ἐνθυμούμενοι
2862 1058 2920 1111 δὲ
2956 1060 3140 1123 πάλιν,
3179 1063 3304 1115 ὅτου
3340 1066 3505 1119 ἕνεκα
3538 1069 3631 1121 καὶ
3657 1071 3748 1138 ἐφ’
3793 1126 3800 1138 ,

2161 1141 2270 1212 ὅτῳ
2297 1144 2546 1213 μέλλοιεν
2571 1146 2736 1200 αὐτὸν
2767 1149 2921 1220 παρά
2943 1152 3291 1223 Μαξιμιανδν
3308 1158 3560 1225 ἀγαγεῖν,
3584 1160 3754 1231 δῆλον
3796 1146 3819 1237 ἠ

2161 1235 2402 1299 πάντως,
2433 1234 2510 1298 ὼς
2562 1238 2655 1289 ἐπὶ
2686 1242 2877 1302 κακοῖς
2914 1242 3166 1311 ἐσχάτοις
3197 1245 3292 1298 καὶ
3330 1248 3749 1322 ὁμολογουμένῃ
3809 1234 3819 1268 έ

2162 1326 2435 1397 τιμωρίᾳ’
2465 1328 2494 1380 ὃ
2527 1328 2591 1400 δὴ
2625 1331 2729 1383 acab
2754 1332 2959 1399 μᾶλλον
2988 1334 3180 1391 ἐλύπει
3208 1354 3268 1390 τε
3295 1340 3476 1393 αὐτῶν
3501 1345 3601 1405 τὰς
3636 1345 3748 1413 ψυ-

2157 1420 2258 1487 χὰς
2282 1420 2538 1490 καὶπρὸς
2572 1422 2663 1474 τὸν
2719 1424 2982 1494 Ἀνθιμον
3018 1427 3202 1493 αἰδοῦς
3231 1432 3523 1487 ἀνεπίπλα.
3556 1435 3745 1507 Ταύτῃ

2156 1524 2239 1561 τοι
2271 1510 2367 1561 καὶ
2405 1515 2654 1582 μηνυτὴν
2681 1517 2775 1568 τοῦ
2799 1516 2996 1586 ἀνδρὸς
3026 1517 3232 1590 ἀψευδῆ
3259 1522 3318 1576 τὸ
3341 1524 3554 1577 ἐκείνου
3584 1527 3746 1596 ἔχον-

2154 1616 2245 1662 τες
2274 1603 2452 1672 στόμα
2494 1605 2590 1657 καὶ
2619 1604 2696 1669 ὡς
2726 1607 2890 1669 αὐτὸς
2924 1609 3185 1681 ’Δνθιμος
3217 1614 3304 1683 εἴη
3335 1618 3486 1686 παρὰ
3515 1619 3615 1689 τῆς
3641 1620 3750 1673 αὐ-

2152 1692 2245 1746 τοῦ
2277 1695 2525 1767 γλώττης
2557 1699 2942 1769 μανθάνοντες,
3000 1704 3155 1787 ὅμως
3209 1708 3442 1776 ἠφίεσάν
3487 1728 3545 1764 τε
3573 1715 3745 1767 αὐτὸν

2151 1788 2369 1851 ἑκόντες
2401 1791 2498 1843 καλ⁵
2530 1792 2838 1865 ὑποχωρεῖν
2872 1796 3272 1865 προετρέποντο
3291 1816 3307 1830 °
3346 1802 3569 1871 ἧδεισαν
3601 1806 3739 1876 γὰρ,

2146 1877 2223 1941 ὡς
2272 1881 2426 1933 οὐδὲν
2466 1882 2708 1951 χρηστὸν
2764 1885 2864 1954 τῆς
2896 1887 3047 1958 παρὰ
3094 1889 3446 1958 Μαξιμιανοῦ
3497 1895 3741 1962 ἀφίξεως

2146 1972 2464 2026 ἀπολαύσω.
2504 1975 2664 2044 Ἡμῖν
2684 1975 2739 2028 δὲ
2769 1977 3008 2048 ἀπόχρη,
3038 1979 3272 2047 ἔφασαν,
3302 1985 3385 2046 είς
3411 1984 3739 2053 ἀπολογίαν,

2142 2062 2204 2115 τὸ
2235 2063 2407 2117 πολλά
2439 2066 2540 2134 μὲν
2569 2068 2661 2119 τὸν
2687 2068 2951 2139 Ἀνθιμον
2974 2074 3076 2125 ἀνά
3111 2073 3212 2143 τὴν
3236 2075 3597 2147 Νικομηδέων
3622 2083 3740 2134 πᾶ-

2145 2171 2244 2208 σαν
2281 2156 2539 2228 ζητῆσαι,
2571 2160 2720 2231 ὅμως
2744 2161 2803 2214 δὲ
2842 2165 2917 2234 μὴ
2945 2164 3244 2237 δυνηθῆναι
3278 2170 3554 2241 ἀνευρεῖν.
3580 2173 3737 2226 Ἀλλ’

2143 2249 2177 2318 ἡ
2221 2250 2328 2303 τῶν
2359 2252 2588 2305 ἐντολῶν
2642 2254 2737 2307 τοῦ
2768 2254 2906 2309 Θεοῦ
2938 2258 3161 2329 μελέτη,
3201 2262 3232 2312 6
3264 2262 3411 2332 ἱερὸς
3465 2267 3558 2318 τοῦ
3587 2266 3763 2320 Θεοῦ⁹

2146 2341 2432 2411 Ἀνθιμος,
2465 2343 2646 2398 λαλεῖν
2671 2346 2929 2418 ἀλήθειαν
2957 2352 3015 2401 ἐν
3035 2353 3234 2424 κιρδίᾳ
3259 2355 3469 2422 πάντας
3495 2376 3742 2431 προτρε-

2141 2432 2379 2501 πόμενος
2409 2434 2501 2486 καὶ
2532 2434 2825 2502 διδάσκων,
2850 2439 3083 2504 ἐκείνοις
3126 2445 3263 2512 μηδὲ
3308 2448 3367 2500 ὲν
3397 2450 3584 2517 μόνοις
3612 2456 3740 2513 τοῖς

2138 2524 2343 2592 χείλεσι
2375 2523 2683 2593 ψεύσασθαι
2733 2527 2800 2580 δι’
2846 2529 3010 2581 αὐτὸν
3050 2533 3400 2603 ἀνεχόμενος,
3457 2538 3632 2603 ἄλλως
3671 2544 3736 2597 δὲ

2139 2613 2235 2665 καὶ
2259 2615 2351 2665 τὸν
2387 2615 2528 2684 ὑπὲρ
2584 2617 2824 2687 Χριστοῦ
2874 2619 3046 2689 διψῶν
3098 2622 3346 2692 θάνατον,
3378 2634 3740 2704 συναπῆρετο

2139 2709 2323 2772 αὐτοῖς
2352 2710 2564 2764 ἐκεῖθεν
2597 2713 2693 2765 καὶ
2755 2714 2879 2766 ὁδοῦ
2938 2715 3137 2785 εἴχετο.
3197 2720 3379 2777 Πολλά
3423 2725 3481 2778 δὲ
3512 2729 3738 2795 τούτοις

2139 2800 2277 2869 repit;
2310 2801 2599 2857 εὐσέϐειαν
2620 2807 2963 2875 παραινέσας
2998 2812 3093 2862 καὶ
3120 2813 3384 2883 περὶτῶν
3417 2818 3741 2886 μελλόντων

2134 2890 2425 2956 διεξελθὼν
2462 2896 2556 2948 καὶ
2591 2897 2699 2948 πᾶν
2732 2899 2787 2950 εί
2815 2915 2867 2950 τι
2903 2899 3141 2971 σκληρὸν
3173 2904 3283 2957 ἀπὸ
3316 2907 3416 2975 τῆς
3466 2910 3739 2978 ἀσεϐείας

2136 2984 2319 3048 αὐτοῖς
2353 2986 2385 3059 ἢ
2419 2988 2718 3041 ἀντίτυπον
2767 2991 3069 3063 ὲνυπῆρχε,
3123 2993 3320 3060 λεάνας
3351 3014 3407 3051 τε
3447 3002 3580 3055 αὐτὸ
3626 3007 3733 3059 καὶ

2135 3074 2477 3145 διομαλίσας,
2502 3081 2596 3132 καὶ
2625 3079 2877 3151 καθαρὰν
2900 3084 3084 3148 αὐτοῖς
3105 3087 3205 3157 τὴν
3226 3088 3325 3158 τῆς
3345 3089 3522 3162 ψυχῆς
3553 3094 3730 3165 ἀρου-

458 3161 716 3230 piendum
772 3164 956 3226 aptum
994 3157 1341 3224 reddidisset,
1375 3158 1592 3215 divinas
1622 3162 1773 3229 prius
1807 3162 2027 3217 eil‘nndit

2142 3184 2239 3238 ραν
2272 3169 2368 3220 καὶ
2422 3171 2503 3232 είς
2560 3173 2846 3238 εὐσεϐείας
2913 3179 3117 3246 σπόρον
3167 3157 3490 3251 ἐπιτηδείαν
3538 3157 3734 3255 παρα-

459 3267 648 3319 preces
676 3267 696 3305 ι
723 3250 918 3306 deinde
958 3266 1080 3304 cum
1110 3248 1340 3304 ﬂuvium
1373 3250 1691 3308 oll‘endisset
1738 3254 1791 3309 in
1822 3256 2033 3324 itinere,

466 3361 563 3399 ens
599 3343 861 3412 baptizat,
908 3351 975 3397 ~et
1016 3343 1116 3397 iter
1166 3358 1357 3399 rursus
1387 3356 1623 3413 emptum
1675 3350 2036 3419 persequitur,

460 3438 632 3490 donec
666 3435 810 3489 venit
837 3435 891 3489 in
920 3434 1221 3500 civitatem,
1251 3445 1306 3490 et
1327 3437 1392 3490 ad
1430 3436 1663 3492 tribunal
1703 3443 1913 3510 tyranni
1953 3443 2036 3497 in-

459 3527 722 3596 greditur.
777 3542 921 3597 pone
956 3527 1171 3598 quidem
1205 3543 1397 3583 manus
1453 3530 1690 3586 vinctus.
1744 3532 1837 3588 Sic
1891 3536 2033 3590 enim

459 3631 681 3691 propter
726 3621 983 3690 pietatem
1034 3622 1341 3690 Oportebat,
1399 3632 1651 3692 tanquam
1707 3626 2031 3692 malelieum,

470 3715 589 3770 sisti
627 3726 753 3770 ante
794 3716 1176 3784 imperatorem
1212 3733 1226 3770 :
1262 3724 1500 3771 mentem
1544 3728 1725 3773 autem
1758 3719 1824 3775 ad
1868 3722 2034 3777 celos

456 3807 803 3874 extendebat,
835 3808 977 3862 unde
1006 3806 1075 3864 ad
1123 3822 1189 3863 se
1244 3810 1504 3878 sperabat
1537 3818 1823 3866 venturum
1875 3814 2032 3867 auxi-

456 3901 611 3956 lium.

527 3992 594 4047 Ἴ.
630 3991 827 4049 Volens
880 4008 1009 4063 ergo
1054 4002 1351 4063 imperator
1384 3993 1466 4050 vel
1501 3995 1616 4065 ipso
1664 3997 1780 4053 solo
1813 4009 2031 4069 aSpeetu

453 4084 712 4139 Anthimo
735 4084 1046 4148 ostendere,
1083 4099 1249 4153 quam
1281 4096 1428 4139 esset
1457 4101 1623 4152 grave
1673 4098 1728 4143 et
1773 4089 2029 4145 acerbum

453 4174 703 4228 aditurus
756 4172 1081 4240 periculum,
1133 4182 1189 4226 ut
1243 4188 1365 4227 eum
1426 4176 1611 4230 statim
1668 4176 1718 4230 in
1768 4178 2031 4248 principio

456 4265 729 4318 inveniret
766 4264 1091 4329 molliorem,
1147 4264 1506 4320 instrumenta
1565 4267 1775 4336 publica
1809 4270 1875 4325 ad
1916 4282 2021 4325 tor-

451 4355 728 4426 quendum
764 4363 1104 4424 comparata,
1132 4356 1183 4410 ei
1218 4357 1370 4426 prius
1401 4360 1649 4426 producit
1696 4363 1750 4416 in
1807 4379 2029 4433 conspe-

453 4460 603 4503 ctum
640 4465 653 4501 :
684 4459 739 4503 et
780 4464 903 4503 cum
932 4464 1054 4503 eum
1085 4448 1230 4503 intro
1260 4461 1506 4506 vocasset
1538 4469 1551 4504 :
1578 4451 1655 4506 Tu
1689 4467 1767 4519 es,
1819 4456 2022 4526 inquit,

2142 3261 2435 3323 σκευάσας,
2498 3262 2597 3326 τὰς
2653 3264 2805 3329 θείας
2828 3266 3266 3335 προκαταϐἀλλει
3330 3273 3535 3343 εὐχάς’
3599 3273 3731 3332 εἶτα,

2140 3354 2231 3403 καὶ
2263 3354 2505 3422 ποταμὸν
2539 3357 2595 3408 έν
2625 3359 2690 3427 τῇ
2746 3358 2969 3428 παρόδῳ
2998 3362 3339 3429 καταλαϐὼν,
3365 3366 3588 3423 τούτους
3618 3369 3729 3438 βα-

2137 3443 2318 3507 πτίζει
2349 3445 2569 3517 καὶτῆς
2609 3451 2983 3519 προκειμένης
3019 3454 3203 3523 ἔχεται
3258 3457 3418 3512 πάλιν
3467 3464 3726 3532 πορείας,

2136 3533 2241 3597 ἓως
2271 3536 2363 3589 ἐπὶ
2385 3536 2483 3607 τὴν
2514 3538 2670 3593 πόλιν
2704 3541 2937 3608 ἀφίκετο
2960 3546 3054 3597 καὶ
3082 3545 3143 3598 τὸ
3168 3550 3490 3618 τυραννικδν
3517 3552 3726 3606 εἴσεισι

2138 3618 2312 3689 βῆμα,
2346 3622 2522 3677 ὀπίσω
2558 3626 2657 3696 μὲν
2685 3629 2764 3699 τῷ
2795 3634 2946 3702 χεῖρε
2962 3632 3252 3703 δεδεμένος
3275 3654 3288 3667 ·
3321 3637 3464 3692 οὕτω
3493 3641 3603 3713 γὰρ
3628 3643 3726 3696 διὰ

2135 3712 2236 3783 τὴν
2265 3714 2545 3771 εὐσέϐειαν
2572 3718 2647 3781 tb;
2703 3721 3016 3793 κακοῦργον
3060 3713 3464 3797 ἑμφανισθῆναι
3501 3731 3609 3785 εδει
3637 3734 3727 3802 τῷ

2137 3805 2372 3875 βασιλεῖ,
2396 3809 2478 3873 εἰς
2502 3811 2766 3889 οὐρανοὺς
2788 3815 2844 3869 δὲ
2867 3815 2966 3887 τὴν
2988 3816 3223 3871 διάνοιαν
3254 3822 3569 3889 ἀνατείνων,
3589 3825 3725 3879 ὅθεν

2134 3899 2231 3950 καὶ
2256 3898 2408 3969 ἥξειν
2434 3901 2584 3972 αὐτῷ
2614 3882 2713 3976 τῆν
2744 3882 2999 3977 βοήθειαν
3033 3908 3286 3980 ἧλπιζεν.

2203 3989 2278 4045 Ε’.
2326 3991 2385 4045 Ὀ
2408 3991 2663 4063 βασιλεὺς
2685 3996 2868 4052 τοίνυν
2902 4000 3100 4072 πείρας
3125 4005 3328 4075 πικρὸν
3352 4007 3447 4060 καὶ
3473 4009 3582 4061 ἀπὸ
3615 4010 3723 4080 ψι-

2131 4078 2233 4151 λῆς
2250 4080 2376 4146 θέας
2412 4084 2654 4155 Ἀνθίμῳ
2690 4086 3011 4160 βουλόμενος
3061 4093 3353 4163 ἐπιδεῖξαι,
3383 4099 3532 4163 ὅπως
3560 4078 3720 4174 αὐτῷ

2131 4174 2226 4225 καί
2253 4173 2628 4249 μαλακωτέρῳ
2656 4178 2752 4249 τὴν
2784 4180 3009 4253 πρώτην
3049 4188 3466 4259 προσενεχθείη,
3499 4193 3569 4246 τὰ
3615 4173 3720 4246 κου

2130 4263 2397 4335 λαστιξρια
2435 4269 2704 4339 πρότερον
2728 4272 2820 4325 ὑπ’
2850 4274 2974 4343 ὄψιν
3010 4275 3225 4348 ὄργανα
3261 4281 3499 4352 δημοσία
3523 4286 3719 4354 προτί-

2131 4357 2258 4427 θησι
2297 4360 2412 4413 καὶ.
2450 4361 2612 4414 αὐτὸν
2644 4364 2972 4431 εἰσκαλέσας
2993 4384 3007 4399 ο
3061 4370 3135 4423 Σὺ
3168 4366 3242 4437 εἴ,
3289 4374 3443 4443 φησὶ,
3473 4377 3502 4428 ὁ
3533 4376 3721 4431 ὀπίσω

2130 4449 2226 4503 τοὺ
2262 4450 2561 4521 λεγομένου
2615 4455 2854 4525 Χριστοῦ
2911 4459 3264 4530 πλανώμενος
3309 4466 3573 4537 ’Λνθιμος
3612 4473 3715 4524 καὶ

451 4541 543 4612 qui
579 4552 704 4610 post
729 4541 1034 4604 Christum,
1066 4540 1158 4607 qui
1189 4540 1409 4605 dicitur,
1466 4557 1641 4609 erras,
1688 4543 1978 4602 Anthimus
2010 4567 2024 4603 :

2142 4543 2225 4597 τὸν
2266 4544 2434 4598 πολὺν
2465 4546 2639 4617 ἀφελῆ
2666 4550 2760 4602 καὶ
2792 4549 3013 4606 εὔκολον
3042 4554 3329 4627 ἄνθρωπον
3361 4563 3430 4630 τῇ
3468 4560 3553 4631 {an
3579 4562 3716 4631 περὶ

451 4632 777 4701 facilemque
810 4640 864 4687 et
893 4631 1195 4701 simplicem
1236 4634 1453 4687 turbam
1489 4635 1540 4687 in
1572 4637 1821 4691 eumdem
1853 4640 2024 4694 addu-

449 4722 529 4776 cis
562 4735 825 4785 erroretn,
858 4731 909 4776 et
939 4723 1068 4776 deos
1099 4732 1315 4777 nostros
1349 4724 1848 4782 innumerabilibus
1892 4745 2026 4784 con-

449 4813 691 4868 tumeliis
761 4814 984 4869 alneis?
1032 4815 1127 4870 ille
1173 4826 1351 4871 autem
1406 4831 1472 4871 ex
1525 4833 1682 4886 aequo
1738 4821 1921 4875 ridens
1970 4834 2026 4878 et

447 4890 715 4960 tormenta
767 4906 1066 4976 proposita,
1109 4918 1165 4961 et
1195 4922 1256 4963 ea
1287 4924 1411 4977 qua:
1458 4911 1673 4965 dixerat
1710 4921 1971 4983 tyrannus
2006 4928 2022 4969 :

441 4995 522 5051 Ne
560 4999 625 5051 ad
653 4998 771 5053 haec
806 4999 1050 5068 quidem,
1083 5000 1276 5068 inquit,
1309 5000 1401 5054 tibi
1428 5005 1837 5070 responderem,
1867 5016 2019 5061 certo

441 5089 610 5155 scias,
636 5106 669 5143 ο
703 5092 1020 5161 imperator,
1060 5093 1164 5147 nisi
1203 5093 1336 5147 mihi
1391 5109 1548 5149 sacer
1576 5107 1630 5149 et
1662 5097 1883 5153 divinus
1926 5103 2022 5171 do-

439 5190 560 5239 ctor
593 5180 792 5254 Paulus
817 5185 1189 5252 persuaderet,
1225 5185 1428 5240 docens
1463 5186 1482 5216 ²
1517 5202 1616 5242 nos
1650 5203 1773 5245 esse
1798 5205 2018 5258 paratos

446 5275 671 5330 cuilibet
720 5276 922 5347 petenti
973 5276 1200 5332 reddere
1253 5280 1540 5333 rationem.
1598 5278 1878 5337 Pollicitus
1933 5294 2051 5339 est.

437 5367 584 5420 enim
611 5369 768 5423 nobis
798 5365 945 5422 Deus
974 5367 1088 5423 oris
1125 5370 1474 5438 sapientiam,
1514 5389 1532 5423 r
1571 5374 1654 5426 cui
1685 5389 1791 5427 non
1824 5385 2012 5442 potue-

436 5469 563 5512 runt
591 5459 847 5518 resistere
878 5477 1066 5517 omnes
1099 5464 1270 5517 nostri
1299 5464 1595 5519 adversarii
1632 5465 1673 5521 ³.
1704 5484 1722 5516 ι
1753 5466 1887 5522 Nam
1913 5484 2015 5540 ego

437 5551 655 5616 quidem
704 5553 853 5621 prius
889 5554 965 5608 tui
999 5556 1053 5608 in
1089 5554 1383 5610 simulacra
1436 5560 1661 5625 erroris,
1710 5566 1765 5613 et
1816 5561 1869 5613 in
1914 5576 2011 5618 eos

434 5653 569 5706 quos
598 5641 733 5697 dicis
759 5646 910 5710 deos,
968 5645 1291 5710 datnnabatn
1346 5647 1768 5705 crassitudinem
1806 5667 1823 5709 :
1864 5668 2009 5709 nunc

504 5819 524 5855 ³
549 5816 713 5874 llebr.
747 5835 865 5887 χιιι,
895 5821 987 5889 17;
1023 5822 1041 5878 l
1078 5824 1223 5880 Petr.
1258 5840 1341 5890 tn,
1378 5824 1464 5881 l5.
1543 5828 1563 5860 ³
1595 5827 1729 5885 Luc.
1764 5845 1879 5900 XXI,
1913 5830 2003 5887 t5.

2124 4637 2286 4691 αὐτὸν
2340 4640 2689 4710 ὑπαγόμενος
2732 4645 2917 4717 ἀπάτῃ
2975 4649 3072 4702 καὶ
3126 4653 3328 4722 μυρίαν
3387 4653 3546 4724 ὓϐριν
3593 4657 3713 4710 τῶν

2125 4730 2411 4802 ἡμετέρων
2434 4731 2572 4785 θεῶν
2596 4736 2912 4807 καταχέων;
2958 4738 3018 4793 '0
3048 4742 3106 4795 δὲ
3126 4743 3216 4797 ἐπ’
3250 4745 3373 4816 ίσης
3400 4747 3471 4799 τά
3493 4764 3551 4801 τε
3578 4765 3714 4818 προ-

2124 4823 2353 4894 κείμενα
2375 4825 2586 4896 δργανα
2617 4829 2712 4881 καὶ
2740 4830 2866 4893 τοὺς
2897 4831 2992 4884 τοῦ
3019 4835 3287 4903 τυράννου
3324 4835 3514 4905 λόγους
3538 4839 3706 4907 γελά-

2127 4928 2227 4974 σας
2251 4928 2264 4942 ·
2304 4913 2438 4967 Οὐδὲ
2477 4916 2865 4991 ἀπεκρινάμην
2916 4920 2983 4975 ἀν
3013 4939 3117 4984 σοι.
3146 4926 3303 4994 φησὶ,
3337 4929 3472 4997 πρὸς
3500 4930 3707 4996 ταῦτα,
3752 4954 3765 4961 ’

2125 5002 2255 5067 ῐσθι,
2288 4998 2333 5058 ὧ
2369 5005 2622 5075 βασιλεῦ,
2641 5012 2689 5062 εί
2723 5011 2799 5082 μή
2823 5029 2891 5081 με
2923 5014 2953 5066 ὁ
2980 5014 3248 5083 ίερδς.καὶ
3272 5017 3414 5082 θεῖος
3443 5018 3704 5074 δ.δάσκα-

2122 5094 2212 5160 λος
2244 5095 2429 5150 ἔπειθε
2465 5099 2700 5168 Παῦλος,
2743 5103 3001 5173 ἑτοίμους
3034 5106 3181 5175 ἡμᾶς
3234 5104 3376 5163 εἶναι
3408 5109 3704 5177 διδάσκων,

2124 5190 2291 5243 παντὶ
2323 5191 2402 5262 τῷ
2433 5192 2676 5251 αἰτοῦντι
2714 5194 2873 5264 λόγον
2921 5197 3119 5254 διδόναι
3141 5214 3156 5228 ⁸
3194 5202 3563 5271 ἐπηγγείλατο
3589 5203 3703 5275 γάρ

2123 5283 2256 5352 ἡμῖν
2288 5285 2316 5336 ὁ
2347 5284 2480 5349 θεὸς
2507 5284 2707 5340 διδόναι
2734 5291 2826 5340 καὶ
2855 5288 3032 5359 στόμα
3068 5290 3162 5345 καὶ
3197 5294 3413 5360 σοφίαν,
3514 5295 3579 5346 οὐ
3608 5293 3707 5347 δυο

2121 5377 2379 5446 νήσονται
2415 5379 2732 5450 ἀντιστῆναι
2777 5382 2979 5447 πάντες
3026 5386 3077 5437 oi
3128 5386 3502 5456 ἀντικείμενοι
3541 5390 3699 5457 ἡμῖν.

2130 5468 2218 5532 Ὠς
2250 5466 2427 5539 ἔγωγε
2460 5472 2662 5545 πολλήν
2698 5491 2791 5528 σου
2831 5476 2926 5529 καὶ
2966 5479 3233 5549 πρότερον
3268 5480 3558 5551 παχύτητα
3595 5481 3701 5552 ἠδη
3751 5525 3762 5532 .

2119 5565 2552 5631 καταγινώσκων
2580 5568 2678 5636 τῆς
2699 5569 2827 5639 περὶ
2852 5573 2921 5624 τὰ
2942 5570 3137 5624 εἴδωλα
3165 5573 3374 5644 πλάνης
3404 5573 3528 5636 τούς
3558 5574 3703 5643 ὑμε-

2118 5657 2334 5726 τέρους,
2354 5656 2429 5722 ὡς
2450 5657 2608 5729 ἔφης,
2635 5658 2815 5729 θεοὺς,
2847 5662 2942 5719 νῦν
2966 5664 3189 5721 πλείονά
3218 5682 3311 5720 σου
3344 5667 3435 5720 καὶ
3456 5665 3708 5736 φανερὰν
