4010 6424
543 379 646 444 179

1841 368 2127 432 MENSIS
2169 369 2212 426 Α
2225 369 2502 431 PRILIS.

3699 378 3798 444 180

534 497 687 551 Illinc
715 494 865 549 audit
896 507 1087 548 vocem
1114 505 1239 547 eum
1271 490 1442 560 magis
1472 487 1844 550 roboranlem,
1870 491 1926 536 et
1953 493 2100 548 spon-

2220 479 2406 549 φωνῆς
2435 478 2648 533 ἐκεῖθεν
2668 479 2763 534 ἐπὶ
2786 479 2988 552 μᾶλλον
3015 483 3182 538 αὐτὸν
3203 484 3457 556 ὲνισχυού
3470 504 3561 558 της
3587 486 3796 560 ἀκούει,

533 590 751 642 dentem
813 585 1120 646 victoriam,
1181 591 1237 637 et
1295 578 1518 652 praemia
1578 576 2008 648 promittentem,
2061 581 2114 624 et

534 695 661 734 mox
716 693 934 733 manum
992 676 1323 746 praebentem
1373 689 1497 745 quae
1539 672 1782 740 imponat
1826 680 2109 722 coronam.

533 767 648 828 Vox
680 781 860 827 autem
897 771 1016 842 ejus
1043 770 1286 825 animum
1322 765 1594 823 convertit
1633 763 1699 817 ad
1738 758 2112 829 tranquillita-

531 877 663 930 teut,
712 873 765 919 et
813 863 933 931 ejus
983 862 1190 918 vultum
1255 859 1492 915 reddidit
1548 853 1895 914 alacriorem.
1945 848 2115 904 Porro

529 969 712 1011 autent
768 953 1043 1023 iucundus
1093 969 1310 1025 quoque
1342 951 1565 1024 quidam
1614 947 1865 1004 subrisus
1915 943 2116 1000 insidet

529 1049 648 1116 ejus
703 1047 893 1109 labris,
930 1046 1248 1115 signiﬁcans
1283 1045 1552 1098 internatu
1586 1039 1768 1095 cordis
1803 1033 2114 1106 tranquilli-

530 1143 718 1190 tatem.
752 1133 878 1190 Haec
907 1150 1040 1205 ergo
1070 1136 1260 1190 videns
1293 1131 1676 1195 Maximianus,
1708 1128 1962 1199 stupebat
1988 1126 2112 1194 qni-

528 1231 675 1289 dem,
719 1235 778 1282 ut
809 1236 932 1283 erat
977 1237 1403 1283 consentaneum
1465 1223 1673 1294 (quidni
1723 1223 1866 1276 enim
1925 1228 2112 1286 stupe-

526 1318 700 1389 ret?)‘:
739 1319 820 1375 rei
848 1329 1028 1375 tamen
1067 1319 1478 1385 tletrahebat,et
1503 1332 1622 1372 eam
1649 1315 1876 1368 vocabat
1902 1311 2114 1382 praesti-

525 1414 662 1480 gias,
693 1421 749 1467 et
780 1410 1231 1476 incautationeut,
1264 1419 1319 1465 et
1358 1409 1583 1478 mgabat
1637 1421 1884 1464 causam.
1916 1403 2108 1459 Justus

527 1511 736 1570 autem,
770 1503 932 1567 Sunt,
972 1503 1166 1574 inquit,
1208 1503 1339 1557 mihi
1377 1501 1689 1573 praesentia,
1721 1515 1755 1554 o
1784 1501 2107 1568 imperator,

527 1599 668 1650 bona
701 1597 924 1664 praemia
961 1605 1016 1651 et
1045 1607 1193 1652 certa
1229 1595 1520 1665 promissio
1573 1594 1900 1647 futurorum.
1951 1587 2107 1643 Brevi

528 1687 674 1740 cuitu
728 1688 1046 1742 convincam
1090 1696 1141 1742 te
1173 1688 1375 1740 frustra
1407 1700 1530 1741 esse
1579 1683 1841 1748 inﬂatum,
1873 1690 1928 1735 et
1957 1679 2106 1744 deos,

527 1794 669 1844 quos
729 1780 997 1842 nominas,
1057 1780 1338 1833 ostendam
1405 1774 1527 1832 esse
1588 1773 1842 1829 humanis
1901 1770 2107 1825 viribus

528 1871 685 1940 longe
713 1871 1120 1936 imbecilliores,
1145 1871 1278 1926 adeo
1306 1879 1362 1924 ut
1391 1879 1441 1925 te
1467 1870 1538 1925 sit
1563 1868 1808 1924 subitura
1837 1866 2107 1936 paeniten-

454 2017 462 2026 ,
522 1966 620 2030 tia,
645 1965 787 2035 quod
818 1965 920 2018 mei
951 1965 1144 2019 feceris
1171 1961 1465 2033 periculum
1486 1977 1502 2016 :
1522 1959 1735 2030 etquod
1758 1973 1863 2013 non
1892 1974 1919 2012 a
1952 1956 2110 2011 nobis

522 2057 684 2110 citius
711 2058 1024 2119 recesseris.
1063 2073 1170 2110 non
1202 2055 1319 2111 leve
1352 2054 1432 2109 sis
1453 2055 1708 2108 damnum
1738 2051 2104 2120 iudicaturus.

601 2148 730 2205 VIII.
791 2150 887 2206 His
937 2150 1292 2205 vehementer
1351 2158 1657 2203 commotus
1722 2139 2106 2209 Maximianus,

516 2243 672 2309 jubet
707 2252 1000 2314 martyrem
1033 2251 1164 2297 rotae
1191 2240 1492 2311 alligatum,
1516 2239 1862 2294 continenter
1887 2237 2106 2306 quidem

523 2335 576 2386 in
608 2344 722 2389 rota
755 2333 985 2399 versari,
1015 2334 1155 2404 ignis
1180 2343 1359 2388 autem
1393 2331 1733 2400 lampadibus
1763 2329 1879 2398 ejus
1910 2342 2107 2385 carnes

521 2424 768 2478 consumi
805 2433 857 2479 et
906 2423 1154 2493 eliquari.
1193 2424 1374 2493 Atque
1403 2422 1733 2476 Maximiano
1761 2420 1981 2490 quidem
2037 2417 2106 2472 ad

521 2515 774 2570 tli'eclum
817 2519 999 2570 statim
1033 2517 1297 2571 deductus
1334 2514 1435 2569 fuit
1465 2514 1651 2583 jussus
1689 2531 1702 2568 :
1738 2523 1791 2568 et
1825 2511 2107 2583 lampades

521 2610 573 2661 iu
610 2625 772 2663 manu
808 2610 1072 2664 habentes
1123 2608 1364 2674 lictores,
1391 2615 1746 2661 accesserunt
1780 2605 1845 2660 ad
1897 2616 2104 2676 marty-

522 2719 636 2756 rem
675 2702 764 2774 qui
819 2711 936 2758 crat
983 2711 1246 2758 extensus
1297 2701 1351 2756 in
1405 2710 1564 2768 rota,
1611 2701 1787 2769 ignem
1836 2697 2106 2768 Spirautes

521 2798 698 2858 ignem
756 2794 1022 2860 videntes,
1080 2795 1258 2865 ignem
1313 2793 1552 2849 ferentes
1602 2811 1614 2845 :
1657 2793 1857 2846 animis
1893 2792 1946 2845 iu
1982 2807 2103 2845 cum

519 2884 794 2939 ﬂammam
848 2885 1116 2954 spirantes
1169 2883 1486 2949 ferventius,
1523 2897 1686 2951 quam
1740 2881 1900 2950 ignis,
1942 2895 2103 2951 quem

520 2977 794 3033 habebant
825 2979 877 3032 in
914 2979 1182 3039 manibus,
1220 2992 1285 3032 ac
1318 2977 1706 3046 propemodum
1745 2975 2102 3039 arbitrantes,

518 3087 576 3124 se
609 3070 866 3125 athletam
904 3069 1147 3124 facturos
1197 3084 1323 3124 esse
1366 3076 1539 3123 totum
1575 3067 1911 3122 ﬂammeum.
1946 3065 2106 3121 Post-

2218 571 2316 623 καὶ
2367 571 2465 642 τὴν
2512 573 2669 643 νίκην
2698 573 3126 645 παρεγγυώσης,
3184 579 3281 632 καὶ
3325 578 3397 632 τὰ
3453 579 3662 636 ἔπαθλα
3695 583 3799 637 ὑπ-

2219 664 2602 735 ιτχνουμένης,
2637 667 2730 719 καὶ
2755 667 2880 720 ὅσον
2908 667 3123 722 οὐδέπω
3152 673 3310 740 χεῖρα
3349 671 3649 744 ὀρεγούσης
3683 692 3802 730 στε-

2217 757 2532 827 φανηφόρον
2555 774 2569 788 ’
2606 759 2702 812 καὶ
2733 762 2766 830 ἡ
2797 761 2950 833 φωνὴ
2983 779 3122 834 προς
3151 764 3212 816 τὸ
3239 764 3608 838 εὐθυμότερον
3633 768 3798 823 αὐτοῦ

2214 848 2317 917 τὴν
2369 847 2549 920 ψυχὴν
2589 851 2918 921 μεταϐάλλει
2954 855 3050 908 καὶ
3104 857 3467 930 φαιδρότερον
3523 859 3801 932 διατίθησι

2215 939 2309 993 τοῦ
2336 941 2631 1012 προσώπου
2653 943 2752 1016 τὴν
2785 945 2936 1016 ὥραν
2965 947 3058 1002 καί
3092 965 3146 1001 τι
3198 951 3294 1003 καὶ
3321 950 3583 1022 μειδίαμα
3613 953 3802 1024 χαρίεν

2214 1035 2327 1096 τοῖς
2363 1034 2602 1101 χείλεσιν
2634 1037 2902 1105 ἐφιζάνει,
2938 1039 3038 1111 τὴν
3071 1039 3222 1094 ἔνδον
3249 1041 3348 1111 τῆς
3372 1042 3606 1113 καρδίας
3628 1045 3800 1113 γαλή-

2214 1143 2312 1196 νην
2341 1127 2736 1198 ὑποσημαῖνον.
2775 1131 2964 1186 Ταῦτα
3023 1132 3116 1186 οῦν
3147 1135 3290 1205 ὁρῶν
3331 1135 3677 1207 Μαξιμιανδς
3715 1138 3803 1205 ἑξ-

2213 1221 2511 1290 επλήττετο
2546 1223 2646 1292 μὲν
2676 1223 2866 1296 ὥσπερ
2891 1227 3038 1291 εἰκὸς
3087 1229 3175 1299 (τί
3219 1231 3326 1300 γάρ
3353 1231 3453 1285 οὑκ
3495 1231 3799 1304 ἔμελλεν;)

2213 1313 2428 1382 διέσυρε
2457 1315 2514 1368 δὲ
2538 1317 2688 1386 ὅμως
2713 1317 2774 1368 τὸ
2802 1321 3041 1390 πρᾶγμα
3069 1324 3163 1376 καὶ
3205 1324 3466 1392 γοητείαν
3487 1325 3674 1380 ἐκάλει
3705 1329 3800 1381 καὶ

2211 1407 2310 1474 τὴν
2333 1407 2511 1461 αἰτίαν
2542 1410 2898 1465 ἐπυνθάνετο.
2947 1412 3005 1466 ’0
3035 1413 3092 1466 δὲ
3127 1414 3341 1480 δίκαιος
3366 1432 3380 1447 ο
3415 1417 3651 1488 Χρηστά
3678 1436 3797 1486 μοι,

2213 1497 2341 1567 ἔφη,
2373 1500 2638 1570 προοίμια
2666 1501 2739 1555 τὰ
2767 1503 3038 1574 παρόντα,
3063 1499 3108 1558 ὦ
3139 1505 3384 1574 βασιλεῦ,
3427 1509 3524 1562 καὶ
3557 1510 3799 1580 ἀψευδὴς

2209 1589 2320 1642 τῶν
2350 1589 2654 1659 μελλόντων
2685 1593 2995 1662 ἐπαγγελία
3024 1610 3038 1624 ο
3073 1595 3336 1664 διελέγξω
3385 1597 3494 1668 γάρ
3525 1613 3584 1650 σε
3617 1601 3800 1669 μάτην

2210 1681 2624 1751 ἀναφυσόμενον
2671 1683 2775 1736 οὐκ
2810 1687 2892 1748 εἰς
2926 1686 3145 1756 μακρὰν
3180 1688 3276 1740 καὶ
3334 1686 3514 1753 θεοὺς,
3564 1687 3658 1752 οὓς
3683 1689 3800 1742 όνο-

2217 1770 2430 1838 μάξεις,
2455 1773 2884 1846 ἀσθενεστέρους
2909 1777 3092 1848 πολλῷ
3127 1778 3415 1848 δυνάμεως
3448 1780 3801 1854 ἀνθρωπίνης

2214 1865 2310 1918 καὶ
2338 1867 2539 1931 αὐτοὺς
2573 1868 2847 1936 ἐπιδείξω,
2879 1869 2956 1934 ὠς
2987 1871 3369 1942 μεταμελῆσαι
3404 1889 3489 1925 σοι
3533 1873 3634 1942 τῆς
3663 1872 3800 1940 παρ’

2213 1959 2239 2012 ὲ
2248 1958 2315 2029 μὲ
2341 1959 2537 2028 πείρας
2566 1963 2659 2014 καὶ
2681 1963 2818 2027 ὅλως
2837 1964 2920 2017 ὅτι
2947 1964 3022 2035 μὴ
3049 1964 3245 2020 θᾶττον
3266 1966 3424 2040 ἡμῶν
3446 1967 3797 2040 ἀπηλλάγης.

2214 2051 2419 2122 ζημίαν
2447 2055 2508 2106 οὐ
2541 2056 2641 2126 τὴν
2672 2056 2946 2126 τυχοῦσαν
2973 2061 3179 2128 κρῖναι.

2283 2145 2369 2199 H'.
2400 2145 2625 2211 Τούτοις
2679 2147 3024 2219 όξυκινηθεὶς
3053 2149 3424 2220 Μαξιμιανδς,
3453 2149 3667 2204 κελεύει
3701 2150 3804 2206 ἐπὶ

2210 2236 2408 2309 τροχοῦ
2436 2239 2528 2293 τὸν
2574 2240 2830 2312 μάρτυρα
2881 2242 3224 2310 διαδεθέντα,
3266 2242 3672 2315 συστρέφεσθαι
3697 2244 3802 2314 μὲν

2213 2331 2455 2403 συνεχῶς
2479 2333 2558 2403 τῷ
2582 2336 2785 2408 τροχῷ,
2825 2335 3080 2408 λαμπάσι
3123 2338 3295 2410 πυρὸς
3323 2339 3422 2403 τας
3454 2339 3666 2410 σάρκας
3695 2340 3805 2393 αὐ·-

2209 2423 2304 2476 τοῦ
2354 2427 2838 2484 καταδαπανᾶσθαι
2888 2430 2984 2484 καὶ
3026 2431 3407 2502 διατήκεσθαι.
3466 2430 3806 2502 Μαξιμιανῷ

2213 2516 2314 2586 μὲν
2353 2511 2448 2571 οὖν
2487 2518 2649 2587 ἐρἰὀν
2672 2521 2706 2590 ἡ
2743 2521 3042 2591 πρόσταξις
3073 2519 3142 2594 ἦν
3174 2525 3271 2579 καὶ
3311 2523 3402 2578 διὰ
3429 2523 3612 2595 χειρὸς
3642 2523 3803 2594 ἔχον-

2209 2626 2299 2672 τες
2318 2612 2367 2664 οἱ
2393 2611 2576 2682 δήμιοι
2600 2613 2699 2677 τὰς
2720 2613 3034 2684 λαμπάδας,
3049 2615 3360 2687 προσῄεσαν
3389 2621 3528 2671 κατὰ
3557 2616 3652 2671 τοῦ
3673 2633 3809 2687 τρο-

2210 2704 2308 2774 χοῦ
2345 2706 2631 2777 τεταμένῳ
2659 2705 2738 2777 τῷ
2769 2707 3030 2778 μάρτυρι,
3051 2707 3164 2780 πῦρ
3184 2709 3460 2770 πνέοντες,
3492 2709 3603 2778 πῦρ
3622 2710 3801 2778 ὁρῶ-,ι-

2208 2817 2322 2864 τες,
2354 2799 2467 2870 πῦρ
2491 2801 2770 2870 φέροντες,
2814 2801 2995 2872 πολλῷ
3027 2803 3126 2865 τὰς
3153 2802 3335 2872 ψυχὰς
3361 2803 3453 2856 ἐπ’
3483 2804 3647 2856 αὑτὸν
3703 2803 3802 2857 τοῦ

2209 2894 2268 2946 ὲν
2296 2894 2458 2964 χερσὶ
2487 2894 2658 2963 πυρὸς
2695 2893 3033 2964 θερμότερον
3066 2895 3304 2960 ζέοντες,
3348 2899 3578 2965 μονονοὺ
3621 2897 3805 2966 φλόγα

2208 2986 2298 3038 τὸν
2332 2983 2572 3055 ἀθλητὴν
2599 2985 2824 3053 ποιῆσαι
2850 2985 3114 3054 οἰόμενοι.
3151 2987 3236 3048 Ὠς
3260 2987 3316 3041 δὲ
3349 2987 3446 3058 ἠδη
3475 2987 3570 3040 τοῦ
3599 2989 3802 3058 τροχοῦ

2208 3077 2440 3148 πλησίον
2475 3072 2638 3150 ἦλθον
2681 3076 2762 3150 (ὦ
2818 3077 3145 3148 θαυμαστῆς
3177 3096 3278 3133 σου
3309 3081 3438 3150 περὶ
3473 3080 3565 3134 τὰν
3600 3081 3802 3154 ἄνδρα,

519 3179 681 3233 quam
730 3171 909 3218 autem
953 3163 1064 3234 jam
1101 3171 1368 3217 venerunt
1412 3176 1580 3232 prope
1613 3169 1808 3227 rotam,
1839 3160 1893 3230 (ο
1926 3159 2100 3212 admi-

2208 3168 2436 3239 Χριστὲ,
2463 3170 2753 3238 δυνάμεως
2775 3170 2822 3240 ι)
2855 3171 2986 3238 ἔστη
3018 3171 3119 3242 μὲν
3149 3171 3312 3235 εὐθὺς
3332 3171 3551 3225 ἐκείνου
3573 3171 3675 3242 τῆς
3709 3190 3803 3225 xt-

517 3256 741 3334 raliilem
789 3266 958 3321 tuam,
998 3270 1030 3311 ο
1080 3255 1320 3321 Christe,
1380 3255 1436 3310 in
1501 3270 1624 3310 eum
1676 3253 1977 3319 virtutem),
2009 3250 2101 3306 illa

517 3352 736 3422 quidem
773 3351 1035 3407 continuo
1066 3350 1272 3404 destitit
1317 3349 1524 3404 moveri
1561 3365 1575 3402 :
1619 3347 1690 3402 illi
1722 3362 1850 3402 vero
1899 3346 2104 3401 cadunt

517 3425 571 3497 in
629 3456 852 3508 terram,
899 3451 953 3496 et
1007 3441 1179 3497 ﬂuunt
1237 3441 1516 3512 lampades
1561 3455 1592 3496 e
1645 3440 1916 3502 manibus,
1979 3451 2102 3508 qua

513 3539 718 3593 nullam
779 3553 968 3594 earum
1029 3552 1212 3591 curam
1277 3543 1471 3606 gerunt
1521 3552 1533 3588 :
1583 3543 1638 3589 et
1690 3533 1800 3602 jam
1855 3532 2101 3587 dimissa:

442 3637 444 3639 ’
517 3641 645 3684 stitit
671 3645 873 3694 vacttze,
897 3628 1056 3684 veluti
1081 3628 1314 3697 quodam
1339 3641 1538 3698 sopore
1559 3641 1652 3681 eas
1678 3625 2096 3695 torpefaciente.

513 3723 921 3793 Propter'hacc
992 3722 1072 3777 ira
1142 3721 1387 3791 percitus
1458 3723 1792 3792 imperator,
1862 3727 2100 3774 tortores

510 3817 880 3872 inseetalmttr
963 3815 1312 3881 maledictis,
1364 3823 1419 3870 et
1471 3814 1868 3870 criminabatur
1949 3811 2095 3882 quod

503 3909 656 3975 jussa
717 3907 941 3978 exsequi
992 3907 1349 3977 negligerent.
1395 3915 1450 3961 et
1501 3905 1855 3975 praesentium
1910 3917 2094 3958 rerum

511 4017 698 4056 curam
747 4015 964 4055 omnem
997 3999 1320 4067 abjicerent.
1354 3997 1420 4054 Et
1449 4017 1463 4054 :
1500 3998 1808 4065 Quomodo,
1855 3998 2095 4060 (licebat,

510 4111 575 4146 oo
598 4092 824 4146 venistis
853 4092 1113 4154 audacias,
1142 4101 1202 4144 ut
1223 4107 1319 4146 vos
1344 4101 1492 4146 tanta
1525 4091 1789 4146 invaserit
1818 4091 2094 4154 socordia,

508 4195 566 4239 et
597 4185 757 4239 istum
801 4193 988 4238 nostro
1022 4185 1253 4252 imperio
1284 4185 1656 4255 praetuleritis,
1689 4183 1825 4239 adeo
1887 4195 1946 4238 ut
1995 4198 2096 4238 no-e

507 4291 622 4334 stra
679 4279 896 4346 quidem
947 4277 1100 4346 jussa
1161 4277 1492 4346 reliqueritis
1555 4278 1893 4346 imperfecta,
1943 4275 2092 4330 humi

509 4379 689 4424 autem
743 4367 1128 4432 accubueritis,
1159 4379 1217 4423 ut
1250 4378 1305 4424 et
1338 4369 1636 4438 vobisipsis
1683 4368 2091 4440 gratilicemini,

505 4477 562 4520 et
594 4464 780 4517 labore
809 4463 1054 4518 defessos
1090 4462 1390 4518 recreetis?
1418 4461 1598 4529 Videt,
1628 4461 2089 4533 quemadmodum

2213 3267 2457 3333 νήσεωςο
2515 3265 2565 3317 οἱ
2620 3263 2677 3316 δὲ
2720 3264 2862 3318 κατὰ
2897 3265 3002 3334 γῆς
3023 3265 3286 3318 πίπτουσι
3337 3267 3432 3319 καὶ
3463 3266 3804 3337 ὑπορρέουσι

2209 3357 2320 3410 τῶν
2354 3355 2557 3427 χειρῶν
2608 3356 2663 3409 αἱ
2710 3356 2996 3426 λαμπάδες
3022 3372 3036 3388 ·
3092 3357 3148 3410 αἱ
3178 3357 3234 3410 δὲ
3277 3359 3460 3427 χεῖρες
3499 3355 3804 3425 ἀμελοῦσιν

2211 3449 2394 3504 αὐτῶν
2428 3455 2524 3503 κα)⁹
2553 3448 2754 3520 ἔρημοι
2786 3449 2887 3520 ἥδη
2917 3451 3195 3520 ἀφεῖνται,
3227 3448 3418 3520 ὥσπερ
3453 3448 3624 3502 ὕπνου
3647 3448 3804 3512 τινὸς

2209 3543 2381 3605 αὐτὰς
2406 3541 2986 3612 καταρῤαθυμοῦντος.
3024 3543 3149 3596 Ἐπὶ
3175 3541 3391 3606 τούτοις
3417 3541 3560 3613 ὀργὴ
3581 3541 3804 3612 λαμϐά-

2209 3653 2288 3690 νει
2318 3635 2410 3690 τὸν
2441 3635 2666 3706 βασιλέα
2691 3636 2787 3689 καὶ
2813 3636 3001 3696 κακῶς
3027 3635 3183 3704 ἔλεγε
3211 3635 3342 3698 τοὺς
3389 3634 3642 3706 δημίους,
3676 3635 3798 3688 61t-

2209 3729 2420 3800 γωρίαν
2449 3747 2510 3782 τε
2545 3730 2731 3793 αὐτοῖς
2753 3729 2862 3782 τῶν
2884 3727 3237 3800 προστάξεων
3268 3726 3515 3781 ἐνεκάλει
3548 3728 3636 3780 καὶ
3656 3727 3804 3795 άμε-

2206 3821 2358 3874 λειαν
2389 3819 2498 3873 τῶν
2540 3821 2598 3873 ὲν
2642 3820 2804 3892 χερσὶ
2855 3819 3158 3889 φροντίδων
3189 3817 3284 3872 καί
3311 3834 3324 3849 ³
3373 3819 3498 3880 Πῶς
3527 3820 3606 3881 εὶς
3634 3816 3804 3871 τοῦτο

2206 3912 2439 3982 τόλμης,
2497 3911 2708 3979 ἔλεγεν,
2749 3913 2906 3979 ὑμεῖς
2936 3911 3153 3981 ἤλθετε,
3192 3910 3274 3964 ὅτι
3330 3911 3425 3964 καὶ
3457 3912 3616 3973 ὄκνος
3648 3904 3802 3964 εἶλεν

2209 4004 2354 4072 ὑμᾶς
2386 4005 2482 4056 καὶ
2501 3986 2697 4056 ⁶τοῦτον
2725 4003 2820 4056 τοῦ
2845 4002 3118 4072 ἡμετέρου
3145 4003 3573 4071 προστάγματος
3601 4001 3800 4056 ιθεσθε

2209 4095 2629 4166 προτιμότερον,
2663 4095 2738 4157 ὡς
2770 4095 3003 4165 ἡμιτελῆ
3043 4097 3142 4164 μὶν
3181 4094 3252 4149 τὰ
3281 4093 3643 4168 ὲπιταχθέντα
3685 4111 3803 4148 καθ

2206 4189 2478 4253 ταλιπεῖν,
2520 4189 2917 4260 κατακλιθῆναι
2944 4188 3002 4242 δὲ
3039 4188 3118 4259 τῷ
3163 4189 3372 4256 ἐδάφει,
3413 4190 3502 4242 ἶνα
3538 4189 3630 4242 καὶ
3659 4189 3802 4242 ἐαυ-

2201 4285 2319 4346 τοίς
2366 4300 2419 4336 τι
2457 4282 2761 4353 χαρίσησθε
2812 4283 2909 4336 καὶ
2960 4282 3344 4352 πεπονηκότας
3397 4282 3461 4334 ἐκ
3494 4279 3586 4333 τοῦ
3618 4281 3801 4333 κόπου

2203 4372 2642 4444 διαναπαύσητες
2717 4373 2881 4445 Ὁρᾷς
2926 4372 3003 4436 ὡς
3055 4373 3176 4426 οὐδὲ
3225 4372 3520 4426 ἀναλαϐεῖν
3563 4372 3802 4436 ἑαυτοὺς

2197 4465 2457 4520 δύνανται
2509 4466 2629 4520 οὐδὲ
2683 4465 2996 4537 χρήσασθαι
3065 4468 3188 4530 ταῖς
3244 4467 3432 4536 χερσὶν
3488 4467 3570 4529 εἰς
3625 4464 3797 4531 δέον;

507 4571 575 4610 ne
603 4556 816 4624 scipsos
846 4555 1064 4624 quidem
1102 4554 1316 4623 possint
1348 4553 1660 4621 restituere,
1696 4567 1873 4624 neque
1908 4553 2086 4608 mani-

2207 4559 2411 4628 άγνοῶν
2435 4562 2462 4614 ὁ
2503 4560 2757 4630 μάταιος,
2791 4560 2874 4613 ὅτι
2919 4558 3044 4612 θεία
3071 4559 3302 4628 δύναμις
3343 4559 3570 4611 ἔσϐεσεν
3607 4558 3797 4612 αὐτῶν

501 4651 606 4705 bus
637 4650 711 4705 uti
750 4649 817 4705 ad
839 4651 889 4705 id
913 4650 1054 4718 quod
1081 4659 1162 4706 est
1190 4663 1326 4716 opus
1364 4667 1378 4703 :
1411 4649 1504 4704 sed
1531 4649 1814 4720 ignorabat
1837 4647 2088 4716 stolidus,

504 4744 744 4799 divinam
803 4744 1088 4809 virtutem,
1145 4760 1255 4818 non
1317 4753 1500 4813 autem
1559 4743 1890 4809 socordiam,
1946 4743 2092 4798 vires

502 4853 692 4892 eorum
748 4838 1098 4894 cxstinxisse.
1163 4837 1241 4892 Illi
1295 4845 1476 4893 autem
1527 4857 1539 4893 :
1585 4835 1702 4890 Non
1756 4835 1830 4890 ita
1888 4850 1977 4891 res
2030 4851 2090 4890 se

501 4932 726 5000 habent,
779 4947 813 4987 ο
861 4933 1176 5001 imperator,
1235 4933 1654 5001 responderunt,
1713 4944 1889 5000 neque
1949 4930 2087 4984 tardi

503 5039 692 5078 sum-us
727 5026 780 5078 in
821 5024 928 5081 tuis
950 5023 1122 5092 jussis
1154 5023 1558 5093 exsequendis:
1591 5022 1753 5088 absit,
1788 5031 1846 5078 ut
1878 5031 2088 5076 tantum

506 5117 841 5172 insaniamus
897 5135 912 5172 :
973 5132 1154 5188 neque
1217 5116 1486 5172 cessimus
1547 5116 1849 5180 socordiae,
1911 5129 2090 5186 neque

505 5223 698 5264 manus
758 5216 968 5263 nostrae
1015 5223 1212 5278 magno
1256 5206 1485 5263 defessae
1541 5217 1671 5263 sunt
1721 5206 1908 5262 labore
1945 5223 1959 5260 :
1995 5205 2089 5262 sed

502 5303 761 5359 terribilis
807 5303 1055 5372 quaedam
1101 5302 1242 5358 visio
1293 5317 1394 5357 nos
1442 5302 1521 5357 sic
1567 5301 1770 5370 all'ecit,
1823 5317 1946 5372 quae
1987 5315 2089 5356 nos

502 5395 651 5450 humi
683 5395 904 5464 dejecil,
945 5404 1000 5450 et
1048 5410 1240 5449 manus
1270 5402 1486 5450 nostras
1519 5395 1772 5451 dissolvit
1812 5412 1827 5448 :
1873 5402 1931 5450 et
1972 5393 2086 5463 jam

500 5505 692 5544 sumus
713 5489 976 5544 membris
996 5487 1266 5553 dissoluti,
1283 5498 1339 5543 et
1357 5488 1530 5544 ell'ecti
1553 5488 1778 5545 omnino
1801 5486 2083 5543 imbecilli.

502 5581 637 5638 Tres
665 5584 809 5636 enim
833 5581 960 5648 viri,
990 5590 1212 5652 aspectu
1241 5580 1461 5652 quidem
1491 5581 1732 5646 candidi,
1760 5589 1816 5634 et
1838 5580 2089 5636 candidis

502 5675 677 5730 induti
748 5675 1012 5743 vestibus,
1064 5676 1247 5745 specie
1312 5683 1495 5730 autem
1564 5674 1862 5739 terribiles,
1927 5673 2087 5729 nobis

503 5777 851 5834 apparentes,
891 5777 1046 5823 torve
1100 5769 1150 5824 in
1185 5783 1282 5824 nos
1314 5781 1368 5823 ct
1412 5769 1668 5822 ferociter
1699 5776 2030 5838 aspexeruut
2070 5786 2080 5819 :

501 5867 557 5914 et
595 5858 734 5930 ignis
763 5860 854 5931 qui
889 5869 1006 5916 erat
1031 5861 1083 5918 in
1126 5860 1397 5928 manibus,
1429 5876 1494 5917 ex
1529 5861 1871 5932 lampadibus
1900 5864 2083 5918 statim

2195 4652 2295 4722 τὴν
2327 4653 2500 4723 ἰσχὺν,
2524 4653 2641 4706 ἀλλ’
2665 4652 2791 4723 οὐχὶ
2813 4652 2993 4716 δκνος.
3018 4653 3083 4706 υἱ
3103 4653 3161 4706 δέ
3182 4669 3199 4684 ο
3228 4651 3437 4716 Ταῦτα,
3462 4644 3508 4705 ὧ
3536 4651 3791 4723 βασιλεῦ,

2195 4748 2582 4816 ἀπεκρίναντο,
2614 4746 2736 4800 οὐδὲ
2773 4746 2996 4817 βραδεῖς
3025 4747 3156 4815 περὶ
3184 4747 3285 4809 τὰς
3317 4746 3418 4808 σὰς
3457 4745 3794 4818 προστάξεις

2196 4841 2378 4910 ἡμεῖς,
2404 4840 2526 4894 οὐδὲ
2553 4839 2662 4894 ἀπὸ
2690 4839 2780 4893 τοῦ
2811 4838 3010 4893 πολλοῦ
3041 4841 3215 4893 κόπου
3249 4838 3462 4909 ἔκαμον
3499 4839 3557 4892 αἱ
3600 4841 3792 4908 χεῖρες

2192 4937 2346 5004 ἡμῖν,
2377 4933 2511 4988 ἀλλὰ
2539 4934 2749 5006 φοϐερά
2776 4952 2860 4999 τις
2905 4934 3028 5003 ὄψις
3071 4933 3216 4988 οὕτω
3245 4934 3500 5003 διέθηκεν
3534 4935 3684 5002 ἡμᾶς
3716 4934 3788 5001 τῇ

2194 5032 2263 5098 γῇ
2299 5025 2852 5097 προσκαταϐαλοῦσα,
2885 5025 2983 5080 καὶ
3004 5026 3320 5096 παρείμεθα
3343 5026 3443 5088 τὰς
3471 5026 3654 5090 δεξιὰς
3687 5025 3792 5078 καλ

2193 5117 2536 5186 ἐκλελύμεθα
2564 5117 2666 5188 ἥδη
2697 5118 2792 5172 καὶ
2840 5115 2901 5169 τὸ
2933 5116 3056 5170 ὅλον
3095 5117 3276 5172 άτονοι
3311 5114 3744 5184 καθεστήκαμεν
3768 5129 3784 5143 ·

2193 5213 2342 5281 τρεῖς
2398 5209 2508 5281 γὰρ
2563 5209 2778 5281 ἄνδρες,
2811 5210 2999 5263 λευκοὶ
3040 5209 3142 5278 μὲν
3175 5209 3274 5278 τὴν
3307 5207 3458 5271 θέαν,
3506 5207 3697 5259 λευκοὶ
3723 5205 3789 5260 δὲ

2191 5302 2292 5370 τὴν
2319 5302 2611 5372 ἀναϐολὴν,
2646 5303 2873 5373 φοϐεροὶ
2911 5300 2973 5354 τὸ
3031 5297 3197 5364 εἶδος,
3226 5298 3594 5369 ἐπιφανέντες
3621 5298 3786 5366 ἡμῖν,

2194 5395 2393 5465 πικρόν
2427 5412 2486 5448 τε
2523 5397 2602 5458 εἰς
2632 5396 2780 5464 ἡμᾶς
2807 5397 2900 5447 καὶ
2929 5393 3124 5464 ἄγριον
3170 5389 3312 5446 εἶδον
3341 5390 3522 5445 καὶτὸ
3553 5387 3647 5442 ἐπὶ
3670 5387 3789 5441 τῶν

2191 5488 2392 5559 χειρῶν
2451 5487 2562 5559 πῦρ
2607 5486 2732 5540 καθ’
2773 5484 2932 5556 ἡμῶν
2977 5484 3144 5548 εὐθὺς
3164 5483 3274 5537 άπὸ
3309 5481 3420 5538 τῶν
3475 5479 3789 5550 λαμπάδων

2193 5581 2384 5635 ἔπνει·
2445 5579 2641 5632 ἔπειτα
2700 5576 3066 5640 κελεύσαντες
3132 5575 3446 5632 ἀποστῆναι
3516 5573 3784 5641 Ἀνθίμου

2193 5673 2537 5743 (θεράποντα
2565 5672 2622 5724 δὲ
2643 5668 2782 5724 Θεοῦ
2810 5669 3000 5723 τοῦτον
3034 5669 3306 5737 ἐκάλουν)
3340 5666 3788 5721 καταϐάλλουσιν

2193 5769 2339 5836 ἡμᾶς
2371 5765 2466 5818 καὶ
2497 5763 2673 5825 οὕτως
2704 5762 3018 5827 αὑτίκα,ὡς
3047 5763 3203 5833 ὁρᾷς,
3239 5762 3586 5816 διατιθεῖσιν.
3613 5751 3787 5812 Οὗτοι

2197 5865 2295 5933 μὲν
2320 5861 2414 5916 οῦν
2449 5859 2701 5932 ἀλλήλοις
2732 5858 3039 5928 διελέγοντο
3068 5858 3262 5910 ταῦτα.
