4010 6450
1102 266 1139 301 '2"

433 329 565 415 “133

1781 341 2081 403 ’MENSIS
2112 342 2249 402 MAI
2262 344 2358 404 US
2415 348 2429 355 ’

3619 340 3718 406 184

454 443 550 512 qui
580 457 694 499 non
723 452 900 514 potest
928 446 1314 515 comprehendi
1346 463 1360 501 :
1392 448 1487 503 sed
1515 450 1678 507 etiam
1704 452 2028 507 sacriﬁcavit
2060 499 2066 509 .

2138 456 2236 508 καὶ
2286 456 2697 529 ἀπερίληπτος·
2752 459 2891 513 ἀλλὰ
2934 459 3033 513 καὶ
3089 458 3285 513 ιαυτδν
3315 460 3547 515 τέθυκεν
3578 460 3719 531 ὑπὲρ

457 535 694 604 seipsum
741 551 842 606 pro
883 537 1116 599 ovibus;
1149 546 1202 593 et
1234 537 1291 592 in
1323 553 1543 597 crucem
1590 553 1768 610 actus,
1796 553 2028 599 mortem

422 693 429 700 _
452 622 714 691 suscepit,
732 632 786 678 et
809 622 895 678 die
923 624 1082 679 tertio
1109 626 1432 692 resurrexit,
1458 637 1514 683 et
1538 627 1590 682 in
1614 629 1810 686 coelum
1838 647 2028 687 rursus

418 784 431 792 _
454 713 721 779 ascendit,
742 728 829 773 me
852 728 1069 786 quoque
1094 717 1257 772 simul
1285 718 1543 784 evehens,
1576 722 1668 789 qui
1701 720 1850 775 illinc
1879 722 2028 778 ceci-

424 806 641 869 derant
711 816 933 876 propter
1008 808 1451 867 inobedlentiam.
1519 812 1692 883 Hujus
1752 829 1874 869 sum
1926 829 2027 884 ego

418 968 427 977 .
453 895 734 961 sacerdos,
764 906 818 951 et
842 897 892 954 ei
916 898 1187 969 meipsum
1212 903 1381 958 statui
1407 902 1604 959 oll'erre
1630 906 1885 961 hostiam.
1920 907 2029 962 Res
2072 904 2077 907 ⁷

454 996 632 1040 autem
688 997 903 1057 vestrae,
950 1000 1005 1044 et
1050 1003 1376 1060 vestrorum,
1420 1004 1480 1049 ut
1529 996 1732 1065 dicitis,
1778 998 2023 1067 deorum,

452 1078 628 1147 dignae
679 1091 808 1136 sunt
859 1091 1020 1138 nocte
1069 1093 1125 1138 et
1179 1087 1416 1156 angulis,
1454 1095 1509 1144 et
1558 1103 1677 1158 quae
1739 1090 2028 1160 lugeantur

454 1169 632 1237 potius
656 1181 878 1241 propter
905 1173 1186 1232 interitum
1209 1186 1264 1232 et
1286 1177 1651 1235 calamitatem
1675 1196 1836 1251 quam
1862 1196 2025 1253 appe-

418 1249 428 1333 ξ
454 1268 638 1314 tantur
660 1262 977 1320 maledictis.

418 1344 425 1433 ί
522 1348 639 1407 XII.
675 1348 771 1411 His
797 1354 866 1408 ita
901 1356 1140 1425 percitus
1166 1357 1483 1429 imperator,
1513 1361 1665 1433 jubet
1700 1377 2023 1433 generosum

420 1432 768 1507 :Anthimum
802 1445 922 1500 duci
956 1446 1024 1500 ad
1054 1457 1308 1504 mortem.
1342 1450 1569 1508 Ducitur
1619 1432 1747 1525 ergo
1798 1456 2020 1519 athleta,

424 1544 546 1609 uspe
592 1528 895 1587 futurorum
930 1534 1137 1594 habens
1172 1537 1441 1608 vigentem
1493 1541 1754 1598 laetitiam.
1787 1544 1855 1598 Et
1898 1560 2021 1599 cum

450 1623 791 1690 pervenisset
842 1628 909 1685 ad
968 1627 1168 1695 locum,
1217 1630 1271 1686 in
1325 1648 1434 1704 quo
1482 1645 1602 1690 erat
1646 1652 1742 1705 per
1793 1649 2022 1695 mortem

416 1702 814 1797 lperventurus
847 1718 912 1771 ad
951 1718 1116 1773 vitam
1168 1721 1263 1792 (2),
1297 1702 1367 1779 ad
1406 1702 1737 1794 precandum
1781 1738 2024 1800 tempore

2137 546 2246 600 τῶν
2277 551 2595 620 προϐάτων,
2652 559 2750 608 καὶ
2784 552 3028 624 σταυροῦ
3063 552 3287 621 γεύεται
3313 555 3409 608 καὶ
3458 554 3720 623 θανάτου,

2136 638 2233 693 καὶ
2277 643 2578 712 τριήμερος
2613 645 2925 714 ἀνίσταται,
2974 646 3073 700 καὶ
3106 646 3189 709 εἰς
3216 647 3486 717 οὐρανοὺς
3540 647 3721 702 ἄνεισι

2135 731 2319 812 πάλιν²
2351 736 2745 805 συναναφέρων
2795 754 2864 806 με
2895 739 2989 791 τὸν
3027 737 3242 792 ἐκεῖθεν
3290 738 3381 793 διὰ
3410 738 3511 810 τὴν
3536 758 3722 811 παρα-

2134 823 2266 893 κοὴν
2321 825 2689 879 πεπτωκότα*
2730 826 2923 881 τούτου
2989 829 3172 899 ἱερεὺς
3222 827 3336 897 ἐγὼ
3387 828 3485 885 καὶ
3536 830 3719 901 τούτῳ

2134 920 2506 987 προσαγαγεῖν
2524 919 2763 989 ἐμαυτὸν
2798 918 2992 974 Θυσίαν
3014 922 3336 992 προῄρημαι
3356 936 3375 955 ο
3403 920 3474 974 τὰ
3500 921 3557 975 δὲ
3581 921 3721 991 ὑμέ-

2133 1023 2267 1074 τερα
2288 1007 2381 1060 καὶ
2411 1007 2522 1060 τῶν
2554 1008 2859 1078 ὑμετέρων,
2885 1008 2962 1071 ὥς
2987 1026 3148 1077 φατε,
3175 1008 3334 1072 Θεῶν,
3368 1008 3567 1072 νυκτὸς
3592 1007 3725 1073 ἄξια

2133 1102 2226 1154 καὶ
2256 1100 2457 1168 γωνίας
2490 1100 2841 1171 θρηνούμενα
2895 1100 2984 1154 διὰ
3032 1100 3136 1170 τὴν
3163 1099 3446 1155 ἀπώλειαν
3494 1102 3589 1155 καὶ
3618 1100 3723 1171 τὴν

2110 1193 2426 1264 κσυμφορὲιν
2451 1193 2653 1263 μᾶλλον
2675 1193 2708 1264 ἦ
2741 1192 3150 1264 λοιδορούμενα.

2203 1346 2303 1401 lB’.
2359 1347 2587 1410 Τούτοις
2633 1349 2949 1420 ὑπερζέσας
2998 1349 3077 1422 τῷ
3135 1349 3295 1421 θυμῷ
3346 1350 3721 1423 Μαξιμιανδς,

2133 1438 2347 1493 κελεύει
2366 1441 2458 1493 τὸν
2485 1443 2735 1510 γενναῖον
2761 1442 3026 1512 Ἀνθιμον
3058 1444 3160 1513 τὴν
3188 1443 3282 1497 ἐπὶ
3312 1442 3545 1496 θάνατον
3582 1443 3722 1510 ἄγε-

2134 1532 2292 1585 σθαιο
2330 1533 2525 1599 ἄγεται
2550 1533 2781 1588 τοίνυνό
2820 1533 3067 1606 ἀθλητὴς
3116 1534 3539 1605 ὲνακμάζουοαν
3566 1533 3723 1604 αὐτῷ

2130 1623 2196 1692 τῇ
2221 1620 2329 1675 τῶν
2364 1621 2670 1691 μελλόντων
2702 1622 3015 1696 ἐπαγγελίᾳ
3045 1624 3186 1694 ἔχων
3211 1624 3311 1695 τὴν
3344 1624 3542 1695 ἡδονήν
3570 1640 3584 1655 ο
3618 1623 3725 1677 καὶ

2131 1712 2223 1763 τὸν
2253 1712 2416 1764 τόπον
2450 1712 2794 1776 καταλαϐὼν,
2833 1714 2892 1766 ὲν
2944 1706 2989 1783 ᾧ
3045 1712 3133 1769 διὰ
3166 1713 3275 1783 τοῦ,
3307 1711 3541 1767 θανάτου
3574 1712 3725 1782 πρὸς

418 1805 617 1899 ‘petito
656 1816 709 1862 et
757 1802 1015 1878 accepto,
1047 1826 1168 1866 cum
1213 1804 1489 1883 postremo
1535 1827 1684 1873 esset
1741 1811 2066 1888 precatus,l

2134 1802 2220 1874 τὴν
2260 1801 2407 1873 ζωὴν
2458 1801 2652 1873 ἔμελλε
2697 1802 2973 1872 διαϐῆναι,
3039 1804 3236 1874 καιρὸν
3285 1803 3368 1868 είς
3405 1803 3725 1874 προσευχὴν

446 1905 499 1950 et
531 1895 698 1953 Deum
728 1900 1017 1971 allocutus,
1043 1905 1089 1958 ei
1120 1907 1337 1961 beatum
1367 1908 1497 1964 illud
1527 1919 1691 1980 caput
1712 1921 2026 1982 amputatur

452 1987 610 2044 tertio
635 1993 837 2047 mensis
880 1994 1238 2063 Septembris.
1276 1995 1510 2068 Vespere
1543 2011 1722 2057 autem
1752 2004 2024 2060 acceden~

414 2066 534 2132 'tes
582 2081 804 2149 quidam
865 2084 1073 2152 ﬁdeles,
1122 2102 1243 2142 cum
1292 2066 1587 2159 pretiosum
1632 2109 1828 2165 corpus
1881 2097 2025 2152 illius

416 2168 425 2171 ’
452 2171 824 2241 sustulissent,
851 2188 1147 2248 sancteque
1169 2192 1224 2235 et
1246 2181 1544 2241 honoriﬁce
1562 2189 2023 2255 composuissent,

414 2259 506 2313 ‘in
549 2261 666 2331 ipso
710 2263 853 2336 loco,
893 2267 945 2321 in
999 2283 1106 2340 quo
1165 2270 1264 2327 fuit
1314 2286 1747 2343 consummatus,
1798 2279 2025 2349 pulchre

449 2354 748 2423 deponunt,
772 2356 1052 2416 laudantes
1082 2361 1321 2428 Patrem,
1350 2375 1404 2429 et
1432 2365 1651 2434 Filium,
1679 2378 1736 2423 et
1758 2368 2020 2437 Spiritum

419 2449 720 2516 ’sanctum,
753 2465 913 2507 unam
945 2451 1286 2513 divinitatem
1316 2467 1370 2513 et
1414 2474 1674 2529 regnum;
1710 2461 1796 2515 cui
1843 2464 2024 2520 omnis

415 2536 644 2623 ~gloria,
693 2541 869 2596 honor
918 2553 974 2598 et
1027 2546 1275 2605 adoratio
1322 2548 1377 2607 in
1420 2550 1615 2605 sarcula
1674 2553 2019 2611 saeculorum.

413 2632 419 2642 ‘
449 2628 642 2684 Amen.

2126 1895 2377 1966 αἰτήσας,
2410 1896 2507 1949 καὶ
2536 1894 2740 1957 λαϐὼν,
2769 1898 2863 1953 καὶ
2892 1897 2961 1950 τὰ
2987 1896 3280 1951 τελευταῖα
3331 1896 3723 1968 προσευξάμεσ

2126 2003 2215 2048 νος
2245 1986 2339 2040 καὶ
2369 1986 2671 2058 διαλεχθεὶς
2700 1986 2779 2058 τῷ
2829 1986 2971 2060 Θεῷ,
3026 1987 3128 2059 τὴν
3163 1989 3443 2059 μακαρίαν
3494 1988 3725 2058 ἐκείνην

2125 2078 2372 2149 κεφαλὴν
2404 2080 2743 2150 ἀφαιρεῖται,
2795 2080 2958 2153 τρίτῃ
2983 2078 3076 2133 τοῦ
3106 2079 3485 2151 Σεπτεμὸρίου
3519 2081 3722 2151 μηνός.

2136 2171 2407 2240 Ἐσπέρας
2425 2170 2481 2224 δέ
2510 2189 2656 2235 τινες
2687 2172 3123 2243 παραγενόμενοι
3148 2173 3257 2226 τῶν
3275 2170 3505 2234 πιστῶν,
3532 2170 3630 2226 καὶ
3653 2172 3724 2224 τὸ

2128 2262 2340 2318 ἐκείνου
2363 2263 2524 2334 σῶμα
2544 2263 2605 2315 τὸ
2626 2264 2808 2331 τίμιον
2825 2264 3160 2333 ἀνελόμενοι,
3175 2264 3272 2316 καὶ
3289 2262 3451 2325 ὁσίως
3465 2262 3559 2314 καὶ
3574 2261 3729 2332 λαμ-

2128 2355 2281 2425 πρῶς
2302 2354 2770 2423 περιστείλαντες,
2792 2354 2923 2425 παρ’
2946 2355 3109 2408 αὐτὸν
3129 2354 3221 2408 τὸν
3247 2357 3348 2424 τῆς
3377 2353 3728 2417 τελειώσεως

2130 2449 2294 2503 τόπον
2322 2445 2648 2517 διαπρεπῶς
2672 2448 2815 2515 ἄγαν
2844 2446 3227 2511 κατατιθέασι,
3252 2443 3571 2513 δοξάζοντες
3600 2447 3724 2498 Πα-

2131 2537 2287 2611 τέρα,
2345 2538 2440 2594 καὶ
2478 2538 2629 2602 Υίὺν,
2681 2541 2775 2592 καὶ
2808 2537 3034 2608 Πνεῦμα
3066 2537 3245 2605 ἆγιον,
3273 2537 3374 2607 τὴν
3409 2537 3538 2607 μίαν
3565 2535 3725 2589 θειό-

2130 2645 2272 2699 τητα
2317 2626 2413 2682 καὶ
2465 2626 2768 2705 βασιλείαν,
2856 2627 3058 2697 πρέπει
3090 2628 3241 2681 πᾶσα
3270 2626 3419 2693 δόξα,
3450 2627 3585 2697 τιμὴ
3616 2626 3724 2680 καὶ

2134 2719 2508 2791 προσκύνησις
2538 2721 2617 2783 είς
2648 2720 2776 2784 τοὺς
2810 2719 3015 2786 αἰῶνας
3049 2720 3160 2774 τῶν
3188 2719 3423 2775 αἰώνων.
3477 2718 3679 2790 ’Δμήν.

410 2904 417 2915 .
522 2834 600 2905 (:2)
634 2835 763 2892 Vide
807 2838 1006 2896 Euseb.
1058 2841 1204 2897 Hist.
1250 2843 1452 2901 Eccles.
1505 2848 1599 2904 lib.
1645 2867 1766 2915 mi,
1799 2868 1847 2906 c.
1876 2854 1929 2918 6,
1972 2864 2023 2909 et
2064 2854 2262 2913 Baron.
2294 2872 2385 2913 an.
2417 2858 2561 2913 302.

472 2990 3712 3041 mm

1285 3200 2068 3385 MENSIS
2217 3199 2896 3391 MAIUS

853 3672 1032 3785 DE
1124 3674 1691 3798 SANCTO
1772 3686 2436 3802 PHILIPPO
2525 3689 3273 3812 APOSTOLO

1456 3903 1794 3963 MARTYIKE
1834 3909 2203 3973 IIIERAPOLI
2243 3917 2314 3973 IN
2345 3916 2675 3978 PHRYGIA.

776 4045 917 4105 (Maii
933 4049 1017 4100 die
1041 4052 1082 4101 ι.
1108 4057 1231 4110 Acta
1253 4057 1544 4110 Sanctorum
1570 4061 1798 4114 Bolland.
1825 4067 1936 4117 Maii
1962 4074 2081 4119 tom.
2117 4070 2158 4132 Ι,
2182 4088 2233 4136 p.
2257 4073 2283 4122 7
2308 4072 2513 4137 Latine;
2537 4077 2705 4127 Graec
2737 4091 2788 4139 p.
2811 4077 2923 4138 755,
2947 4089 3010 4127 ex
3036 4079 3145 4128 cod.
3180 4078 3318 4142 Vat.)

2039 4244 2112 4255 _

516 4357 568 4411 ἱ.
610 4358 859 4416 Celebris
900 4370 992 4459 est
1043 4366 1106 4418 ad
1166 4364 1437 4424 Kalendas
1489 4368 1617 4427 Maii
1667 4378 1928 4433 memoria
1978 4379 2038 4436 S.
2083 4380 2313 4453 Philippi
2375 4382 2605 4455 apostoli
2658 4386 2714 4441 in
2768 4387 3168 4459 antiquissimis
3218 4386 3400 4447 Fastis
3450 4389 3694 4446 Latinis-

412 4452 815 4555 ’Pervetustum
868 4453 1236 4530 Martyrologii
1282 4461 1699 4539 Hicronymiani
1753 4476 2147 4545 apographum,
2188 4492 2217 4531 a
2262 4452 2425 4533 mille
2454 4493 2623 4548 prope
2671 4482 2834 4537 annis
2885 4452 3194 4555 exaratum,
3246 4502 3355 4555 quo
3407 4487 3477 4542 ab
3527 4488 3691 4541 initio

412 4543 616 4612 Inperis
648 4555 708 4599 ut
742 4556 927 4604 nostro
960 4551 1042 4604 usi
1078 4565 1286 4622 sumus,
1311 4558 1568 4626 quodque
1602 4543 2094 4632 Epteriiacensibus
2129 4577 2184 4621 ut
2217 4583 2377 4623 suum
2411 4570 2755 4638 exigentibus
2794 4572 3148 4642 reddidimus,
3191 4574 3355 4632 habet
3405 4578 3694 4646 praeﬁxum

433 4634 732 4694 indicnlnm
765 4641 829 4695 de
848 4642 998 4699 festis
1028 4648 1395 4715 apostolorum
1415 4652 1624 4719 diebus,
1655 4664 1709 4710 et
1744 4655 2030 4715 referenda
2063 4662 2129 4715 ad
2164 4660 2432 4717 Kalendas
2462 4634 2583 4717 Maii
2619 4663 2723 4719 ista
2750 4664 2994 4735 suggerit
3026 4685 3041 4722 :
3078 4686 3097 4720 σ
3134 4634 3343 4724 l‘iatalis
3371 4634 3428 4728 Su.
3452 4668 3691 4738 Philippi

410 4729 684 4795 apostoli,
715 4731 767 4785 in
799 4734 1023 4790 civitate
1064 4736 1337 4809 Hierapoli
1386 4745 1678 4812 provinciae
1720 4747 1882 4803 Asiae.
1920 4768 1938 4802 ι
1972 4750 2171 4806 Verum
2210 4752 2264 4806 in
2296 4760 2546 4807 contextu
2577 4752 2948 4829 Martyrologii
2986 4759 3053 4814 ad
3084 4757 3358 4814 Kalendas
3389 4757 3511 4812 Maii
3566 4761 3687 4817 haec

410 4819 605 4876 'solum
648 4822 900 4893 leguntur
937 4845 951 4880 :
995 4847 1014 4879 ι
1055 4828 1260 4887 Natalis
1288 4844 1598 4891 sanctorum
1633 4841 2000 4913 apostolorum
2032 4842 2263 4913 Philippi
2288 4854 2344 4899 et
2366 4841 2572 4899 Jacobi.
2611 4865 2630 4898 ι
2664 4819 2734 4901 1η⁷
2757 4819 3068 4920 οροιξτοριιο
3096 4850 3415 4909 Corbeiensi
3452 4854 3685 4915 Parisiis

414 4918 630 5017 "excuso
687 4912 933 4983 ejusdem
966 4916 1336 5017 Plartyrologii
1377 4923 1783 5003 Hieronymiani
1820 4932 1892 4987 ita
1925 4933 2164 4988 habetur
2214 4912 2227 4989 ι
2264 4954 2283 4988 ι
2313 4934 2370 4990 In
2423 4936 2554 4991 Asia
2590 4912 3008 5009 Hierapoli-Si
3061 4943 3297 5017 Philippi
3348 4948 3578 5016 apostoli
3620 4912 3689 5006 et

405 4998 639 5058 "iacobi.
678 5020 704 5058 ι
744 5006 819 5061 De
860 5006 919 5061 S.
958 5006 1184 5076 Iacobo,
1236 5013 1329 5080 qui
1377 5030 1482 5071 non
1526 4998 1735 5087 spectat
1793 5022 1861 5076 ad
1910 5019 2266 5092 Hierapolim,
2320 5043 2444 5082 mox
2499 4998 3031 5103 seorsim'agemus.
3081 4998 3297 5092 Similia

431 5098 700 5151 habentur
721 5097 778 5153 in
806 5102 1206 5171 antiquioribus
1239 5104 1416 5163 Fastis
1446 5124 1578 5165 mss.
1608 5127 1745 5181 quos
1774 5129 1878 5168 non
1905 5123 1989 5170 est
2017 5130 2197 5187 opera:
2229 5119 2468 5189 pretium
2523 5122 2789 5181 indicare.
2820 5097 3158 5183 lienerabilis
3186 5129 3327 5185 Beda
3357 5132 3411 5187 in
3439 5097 3682 5201 genuino

430 5205 532 5244 suo
581 5188 991 5264 Martyrologio,
1022 5197 1167 5265 quod
1203 5206 1329 5252 ante
1384 5208 1587 5254 tomum
1632 5207 1930 5260 secundum
1972 5188 2245 5265 Actorum
2274 5211 2453 5268 Martii
2488 5228 2556 5271 ex
2601 5212 2726 5271 octo
2768 5218 3010 5287 antiquis
3062 5224 3339 5279 codicibus
3383 5188 3677 5292 edidimus,

408 5284 534 5337 ista
569 5284 761 5340 scribit
798 5304 813 5340 :
857 5304 877 5338 ι
919 5288 976 5342 In
1014 5287 1287 5361 Hierapoli
1319 5290 1551 5383 Philippi
1587 5299 1838 5365 apostoli,
1875 5311 1928 5356 et
1962 5301 2147 5359 Jacobi
2182 5307 2410 5376 apostoli
2439 5307 2625 5363 fratris
2659 5284 2954 5368 Domini.)
2987 5313 3150 5373 Addit
3186 5314 3383 5372 Florus
3414 5333 3429 5370 :
3467 5334 3487 5369 ι
3522 5284 3681 5383 ρηο-ἰ

406 5386 547 5428 -rum
576 5375 780 5444 primus
808 5377 859 5431 in
888 5378 1014 5433 Asia
1047 5379 1103 5434 in
1131 5381 1350 5437 civitate
1400 5382 1668 5456 Hierapoli
1699 5390 1999 5474 provinciae
2035 5375 2280 5467 Phrygiae
2297 5412 2490 5467 passus
2518 5410 2624 5464 est,
2660 5400 2842 5472 ibique
2889 5417 3009 5459 cum
3048 5403 3259 5462 ﬁliabus
3311 5410 3425 5464 suis
3455 5375 3678 5479 requie-

417 5468 550 5521 “scit.
585 5485 604 5520 ι
640 5467 914 5536 Βςὼοοιιε,
947 5480 1105 5527 actate
1140 5474 1440 5541 proximus,
1475 5477 1553 5532 sic
1584 5464 1777 5536 set-ibit
1814 5501 1828 5537 :
1867 5502 1885 5536 ι
1921 5484 1976 5539 ln
2012 5464 2545 5563 Hierapoli—Philippi
2583 5464 2839 5561 apostoli,
2876 5495 2967 5565 qui
2998 5494 3380 5554 Ebionitarum
3413 5464 3671 5560 hmrcsim

420 5560 702 5627 exstinxit,
737 5575 792 5619 et
824 5564 1028 5632 quievit
1074 5565 1125 5619 in
1159 5580 1309 5634 pace.
1352 5586 1371 5617 ›
1416 5567 1696 5630 Usnardus
1726 5577 1932 5648 scripto
1978 5583 2253 5650 man-lavit
2284 5585 2400 5638 haec
2439 5560 2604 5640 verba
2642 5605 2655 5641 :
2692 5608 2715 5641 ι
2767 5587 2962 5644 Natale
3019 5592 3383 5659 apostolorum
3438 5594 3673 5665 Philippi

420 5660 472 5704 et
510 5649 722 5715 Jacobi,
755 5672 819 5709 ex
858 5655 1054 5724 quibus
1101 5654 1379 5729 Philippus
1432 5672 1714 5734 postquam
1768 5671 2043 5741 Scythiam
2110 5676 2173 5731 ad
2223 5678 2380 5733 tidem
2433 5678 2630 5736 Christi
2686 5684 3063 5750 convertisset,
3112 5685 3253 5757 apud
3309 5685 3668 5759 Hierapolim,

423 5745 561 5801 Asizc
592 5747 887 5816 civitatem,
924 5751 1157 5823 glorioso
1188 5757 1292 5810 line
1328 5759 1553 5828 quievit.
1602 5781 1619 5813 ι
