2005 3228
145 186 204 218 135
685 190 777 220 VII‘A
798 191 829 221 S.
850 190 1026 221 PHILIPPI
1045 191 1243 222 APOSTOLI.
1718 194 1791 229 ’18s

181 244 211 270 2.
221 242 281 271 Atio
296 243 524 278 archiepiscopus
534 243 710 277 Viennensis,
721 245 748 272 in
760 245 853 273 libello
868 246 906 274 De
917 247 1106 280 festivitatibus
1117 252 1270 274 certatorum
1284 246 1478 282 apostolorum,
1490 248 1541 275 hoc
1551 248 1669 284 elogium
1685 247 1791 275 edidit:

139 300 157 316 η
180 288 288 317 Natalis
305 289 448 317 beatorum
473 291 659 323 apostolorum
683 291 799 326 Philippi
816 297 844 320 et
863 292 984 321 Jacobi‘:
999 300 1034 321 ex
1056 294 1156 328 quibus
1178 294 1331 328 Philippus,
1347 301 1408 321 cum
1434 300 1502 328 pene
1518 294 1657 330 Scythiam
1673 301 1790 321 conver-

141 337 237 368 tisset,
256 335 429 369 diaeonlbos,
444 335 612 371 presbyteris
631 342 659 364 et
681 338 818 373 episcopis
834 339 869 366 ibi
887 340 1056 370 constitutis.
1073 347 1202 367 reversus
1216 345 1259 368 est
1273 340 1307 368 ad
1323 341 1428 374 Asiam,
1441 341 1486 368 ubi
1503 342 1632 370 continua
1652 341 1788 375 praedica-

143 384 225 410 tione
238 390 288 417 per
303 383 407 419 aliquot
424 392 513 413 annos
529 386 674 418 insistens,
688 385 903 414 multitudinem
932 380 1091 421 populorum
1110 386 1231 419 Christo,
1255 387 1396 416 laboribus
1419 388 1471 422 piis
1492 396 1600 424 semper
1622 389 1788 422 inserviens,

141 430 275 458 lucratus
288 435 332 457 est
348 439 355 458 :
371 431 475 466 quique
491 432 563 466 apud
579 431 745 465 Hierapolim
762 432 833 460 Asiae
848 433 986 460 civitatem
1002 433 1131 460 dormivit
1147 440 1209 460 cum
1225 433 1347 468 patribus
1361 434 1428 467 suis,
1443 434 1524 462 beato
1549 434 1603 462 line
1623 434 1756 469 sepultus.
1776 446 1786 463 ι

140 477 211 505 Bac
228 478 290 505 Ado
303 486 310 512 ;
325 478 427 514 quibus
444 479 520 506 addit
538 478 672 506 Notkerus
688 488 694 505 :
718 489 727 504 ι
747 479 885 506 Exstincto
909 480 1005 506 haeresi
1031 480 1229 512 Ebiouitarnm,
1245 480 1290 514 qui
1311 480 1448 507 Citl‘islllm
1465 480 1556 508 Jesum
1582 486 1644 508 ante
1660 482 1788 509 Incurua-

141 525 230 553 tionis
247 529 355 562 tempus
371 526 457 553 fuisse
477 527 623 561 negabant.
644 536 653 552 ι
673 527 701 553 ln
717 526 852 553 hodierno
870 526 1065 561 lilartyrologio
1086 526 1208 552 Romano
1233 527 1370 553 adduntur
1387 528 1514 554 nonnulla
1532 528 1564 554 de
1579 528 1638 561 ejus
1655 530 1787 564 martyrio

136 571 188 599 Itis
204 572 298 599 verbis
315 581 324 599 :
341 582 352 598 ε
370 571 474 600 Natalis
495 573 636 600 beatorum
656 574 842 607 apostolorum
866 573 980 606 Philippi
1001 577 1027 599 et
1050 572 1154 604 Jacobi,
1171 580 1203 599 ex
1221 573 1320 606 quibus
1342 572 1494 607 Philippus,
1514 579 1656 607 postquam
1676 583 1784 602 omnem

136 618 202 646 fere
229 616 373 656 Scythiam
390 619 424 645 ad
449 620 529 646 ﬁdem
545 620 647 646 Christi
667 621 857 651 convertisset,
880 621 950 654 apud
968 620 1131 654 Hierapolim
1147 620 1217 646 Asitc
1235 620 1383 651 civitatem,
1403 621 1477 647 cruci
1489 622 1594 653 allisns,
1607 626 1634 648 ct
1653 623 1785 656 lapidibus

141 665 274 698 obtutus,
291 665 412 701 glorioso
429 666 483 693 fine
499 667 613 702 quievit.
633 676 642 693 ι
660 667 723 695 Hmc
736 668 784 700 ibi,
801 668 899 702 quibus
913 668 1010 694 similia
1026 668 1052 694 in
1071 676 1119 695 suo
1134 667 1325 703 Mat'tyrologio
1345 670 1428 694 tradit
1443 668 1608 701 Galesinins,
1623 670 1657 697 At
1671 670 1783 697 Mauro-

140 713 221 748 lycns
240 713 385 747 aliquanto
404 713 482 748 plura
500 715 679 745 interserens,
697 724 706 740 t
726 715 832 747 Natale,
848 715 946 749 inquit,
967 716 1106 742 beatorum
1124 716 1307 749 apostolorum
1331 715 1447 750 Philippi
1465 721 1493 743 et
1508 715 1611 748 Jacobi,
1627 725 1660 744 ex
1683 719 1784 751 quibus

135 755 455 795 ηἷῐῖιῖρῖξῖβοέιιιῖιεῐι]
474 760 612 797 Scythiam
627 762 659 788 ad
675 761 753 788 fidem
769 761 870 789 Christi
888 763 1031 794 convertit,
1047 762 1091 789 ubi
1112 762 1218 795 dejecto
1233 761 1328 789 Martis
1344 763 1492 789 simulacro
1510 768 1637 790 erexerat
1660 771 1782 795 crucem,

141 811 172 834 ει
191 814 362 835 venenosum
377 807 527 835 draconem
544 808 756 839 exterminarat;
779 809 848 843 apud
869 808 1033 842 Hierapolim
1056 809 1193 836 civitatem
1209 809 1280 835 Asia:
1305 809 1422 843 gloriOso
1450 809 1503 836 fine
1524 809 1649 843 quievit:
1669 810 1724 836 sive
1749 812 1781 836 ab

139 851 277 880 Ebionitis
291 855 366 882 cruci
383 853 478 881 afﬁxus
494 860 520 881 et
534 855 667 890 lapidatus
682 856 809 883 occubuit
825 864 831 882 :
845 855 921 890 juxta
936 863 1016 890 quem
1041 857 1101 883 dure
1124 856 1184 882 filice
1213 857 1273 890 ejus
1291 857 1411 891 virgines
1437 857 1575 884 tumulata:
1602 863 1678 889 sttnt;
1703 859 1782 885 tertia

139 898 242 932 Ephesi
255 900 342 936 jacet.
361 910 370 926 ι
387 899 449 928 Haec
466 900 636 937 Maurolycus
656 911 662 930 :
680 907 779 936 prreter
795 911 855 937 qua:
870 902 1064 929 Constantinus
1077 901 1195 930 Felit-ins
1211 903 1337 929 nonnulla
1356 904 1451 930 miscet
1471 911 1502 930 ex
1523 903 1598 930 Actis
1620 903 1734 936 Grmcis,
1748 905 1780 931 de

136 946 242 981 quibus
258 954 321 975 mox
336 955 464 982 agemus.

172 993 201 1019 3.
220 992 336 1021 Yocatio
354 994 468 1030 Philippi
496 996 528 1022 ad
546 997 725 1030 apostolatum
746 997 884 1023 nonnullis
904 997 986 1024 etiam
1005 996 1092 1023 Fastis
1112 997 1144 1022 ad
1160 997 1194 1023 ‘28
1223 996 1364 1023 Februarii
1387 996 1532 1024 eset-ibitur
1551 1006 1557 1023 :
1590 997 1636 1024 sed
1670 1003 1720 1024 .sta
1749 1005 1782 1025 ει

136 1051 144 1071 ι
165 1039 212 1067 die
228 1039 292 1067 Maii
307 1040 388 1069 latius
401 1042 557 1070 deducenda
580 1043 665 1075 fuere,
678 1048 708 1070 ιιι
730 1044 771 1069 via
789 1049 957 1070 sterneretur
974 1044 1006 1069 ad
1029 1049 1088 1070 acta
1108 1043 1213 1074 Latina,
1230 1043 1315 1076 primo
1330 1044 1389 1071 loco
1407 1044 1506 1076 danda,
1521 1044 1547 1070 in
1565 1044 1664 1078 quibus
1687 1045 1778 1070 omnia

136 1084 329 1118 continentur,
346 1095 406 1122 qua
420 1089 445 1114 in
460 1089 551 1116 citatis
568 1089 770 1124 Martyrulogiis
785 1090 964 1125 attinguntnr.
980 1090 1079 1116 Eadem
1092 1090 1159 1116 Acta
1178 1090 1309 1116 habemus
1324 1090 1350 1116 in
1373 1090 1458 1117 tribus
1474 1091 1626 1117 illustribus
1643 1092 1783 1118 codicibus

137 1132 253 1164 nostris,
269 1141 387 1168 quorum
404 1135 504 1169 aliquis
522 1142 585 1163 ante
601 1138 773 1172 octingentos
789 1145 873 1164 annos
892 1137 996 1163 videtur
1012 1143 1151 1163 exoratus.
1170 1137 1303 1164 Prtcterca
1319 1138 1474 1172 accepimus
1486 1138 1581 1165 eadem
1600 1138 1734 1172 descripta
1748 1146 1781 1165 cx

138 1179 256 1207 vetustis
273 1181 416 1208 codicibus
442 1182 599 1210 Trevircnsi
620 1184 648 1210 S.
668 1183 790 1217 Martini,
810 1184 908 1217 duplici
926 1183 1124 1210 Andomarensi
1143 1183 1272 1210 Ecclesia:
1296 1184 1471 1215 cathedralis,
1494 1183 1670 1219 Ultrajectitm
1690 1186 1780 1211 cccle-

138 1225 185 1252 δίε
205 1225 238 1254 S.
258 1226 422 1263 Salvatoris,
443 1228 566 1256 Romano
583 1232 729 1258 cardinalis
746 1231 863 1258 Buronii.
885 1230 1043 1258 invenimus
1067 1232 1123 1266 ipsa
1141 1231 1221 1257 ctiam
1243 1231 1270 1257 in
1296 1232 1383 1257 tribus
1408 1232 1508 1264 regina:
1536 1230 1639 1258 Snecite
1668 1231 1782 1265 signatis

140 1280 258 1305 numero
271 1274 318 1307 8|,
335 1275 390 1302 482
406 1283 434 1302 et
450 1276 531 1309 1604,
552 1277 698 1305 Parisiensi
714 1278 863 1305 cardinalis
878 1277 1020 1309 Mazarini,
1042 1278 1176 1305 Duaccnsi
1195 1278 1350 1304 monasterii
1366 1278 1561 1311 Aquicinctini,
1576 1278 1724 1304 Bodcccnsi
1752 1278 1779 1304 in

145 1316 326 1355 Westphalia,
342 1326 371 1355 et
390 1321 417 1348 in
432 1322 530 1350 codice
543 1331 593 1350 ms.
614 1324 756 1358 llO>PililiiS
773 1324 802 1351 ε,
818 1324 921 1350 Νίσυιυὶ
937 1332 1018 1359 prope
1030 1324 1128 1351 Cosam
1145 1333 1151 1350 :
1169 1332 1255 1358 neque
1274 1324 1306 1350 ab
1323 1324 1365 1351 bis
1385 1324 1494 1350 diversa
1512 1328 1586 1356 sunt,
1605 1331 1665 1357 quze
1686 1323 1781 1350 habuit

141 1371 234 1394 auctor
248 1367 374 1407 historia:
393 1369 426 1396 de
442 1369 632 1397 Translatione
648 1371 750 1397 brachii
772 1371 800 1397 S.
819 1370 931 1404 Philippi
960 1369 1136 1397 Flomntiattt.
1155 1370 1321 1404 Legendarin
1340 1371 1361 1397 si
1388 1370 1511 1397 libuisset
1535 1375 1677 1402 excutere,
1703 1371 1778 1404 plura

137 1422 282 1449 possemus
296 1415 421 1444 indicare
435 1417 571 1452 exempla.
584 1417 636 1445 Sed
653 1418 678 1444 in
695 1418 791 1451 primis
807 1417 991 1444 memorabilis
1003 1423 1044 1444 cst
1056 1418 1134 1444 nobis
1147 1419 1242 1444 eadem
1257 1418 1323 1443 Acta
1338 1418 1480 1444 continens
1496 1418 1579 1444 codex
1596 1427 1668 1453 ρει-γι
1681 1424 1779 1451 tnstns,

136 1462 281 1495 quadratis
305 1462 459 1490 litterarum
476 1463 604 1491 ductibus
620 1470 648 1492 et
666 1465 824 1492 discrimine
843 1465 1074 1499 diphthongorum
1093 1470 1175 1498 atque
1199 1466 1331 1492 vocalium
1361 1470 1488 1492 accurate
1506 1472 1612 1492 servato
1638 1474 1777 1500 exoratus,

135 1509 182 1543 qui
208 1508 276 1536 olim
305 1510 436 1544 pertinuit
462 1511 496 1537 ad
524 1511 718 1537 monasterium
748 1511 797 1537 SS.
821 1510 892 1537 Petri
919 1517 945 1537 et
973 1510 1049 1538 Pauli
1070 1512 1096 1537 in
1117 1510 1298 1546 Wisscnburg
1326 1511 1453 1538 diaeresis
1475 1512 1624 1546 Spirensis,
1652 1522 1722 1541 nunc
1739 1520 1781 1541 est

135 1557 303 1592 amplissimi
319 1558 432 1585 baronis
448 1557 558 1591 Blnmii,
578 1558 678 1592 smpius
702 1566 715 1583 a
734 1558 812 1584 nobis
830 1558 986 1589 memorati,
1005 1558 1039 1585 ob
1065 1563 1200 1585 vetustum
1219 1558 1402 1594 Mattyrologii
1429 1559 1634 1595 llierouymiuni
1663 1570 1780 1596 apogra-

134 1605 232 1639 phum,
258 1605 332 1640 quod
359 1605 417 1641 ipse
431 1614 464 1633 ex
495 1606 589 1634 eodem
614 1606 779 1632 monasterio
798 1610 936 1639 acceptum
956 1613 1005 1639 pro
1021 1613 1069 1633 sua
1099 1606 1269 1633 humanitate
1296 1607 1518 1634 communicavit.
1539 1607 1575 1633 Ex
1599 1609 1649 1635 hoc
1673 1614 1780 1635 vetusto

133 1649 231 1678 codice
247 1650 317 1678 Acta
335 1649 468 1678 virtutum
487 1656 513 1678 et
529 1651 686 1686 passionum
704 1655 861 1677 sanctorum
884 1651 986 1678 Christi
1004 1651 1201 1687 apostolorum,
1216 1652 1365 1680 Reinoldus
1381 1654 1508 1686 Debuitts,
1525 1654 1665 1682 societatis
1680 1661 1779 1683 nostra:

133 1697 176 1724 vir
194 1697 334 1731 eruditus,
349 1697 487 1734 descripta
503 1700 579 1727 nobis
598 1700 762 1727 transmisit.

166 1745 196 1772 4.
214 1745 370 1780 Prmligitur
394 1747 458 1774 huic
483 1747 570 1774 codici
598 1756 608 1773 ι
632 1747 747 1782 epistola
765 1747 910 1780 Melitonis,
939 1758 948 1774 ι
970 1748 1031 1776 aliis
1053 1747 1157 1782 Molliti,
1182 1758 1190 1774 t
1219 1749 1339 1784 episcopi
1363 1749 1549 1781 Laodicensis,
1574 1751 1607 1776 ad
1634 1750 1778 1777 universos

131 1791 278 1826 episcopos
295 1796 322 1819 et
337 1791 476 1820 Ecclesias
488 1793 702 1827 Catholicornm,
719 1795 751 1820 de
768 1795 884 1829 quodam
902 1794 1013 1826 Lcucio,
1028 1796 1072 1829 qui
1091 1796 1271 1830 quorumdam
1288 1797 1372 1822 Actus
1387 1796 1573 1827 apostolortttn
1590 1796 1746 1830 scripserat.
1766 1806 1774 1821 ι

131 1837 215 1866 Notat
230 1838 306 1866 hunc
321 1838 412 1867 Mclito
438 1840 564 1868 falsitatis
582 1841 669 1873 titulo,
695 1842 865 1875 potissimum
882 1842 944 1876 quin
961 1842 1039 1875 dixit,
1069 1851 1077 1867 ι
1095 1850 1141 1869 eos
1160 1842 1287 1869 docuisse
1305 1842 1357 1868 dno
1381 1841 1515 1876 principia
1535 1842 1597 1868 boni
1613 1847 1639 1868 et
1659 1841 1732 1874 ntali,
1750 1847 1778 1869 et

134 1886 204 1913 bona
219 1893 235 1912 ιι
254 1885 329 1914 bono
350 1891 377 1913 et
402 1887 474 1914 mala
491 1895 504 1914 a
525 1888 595 1916 malo
620 1888 776 1916 substitisse
803 1888 946 1923 principio.
967 1898 975 1914 ι
1003 1889 1102 1915 Eadem
1124 1889 1241 1923 epistola
1267 1888 1416 1924 praeﬁgit!”
1439 1894 1501 1914 ante
1522 1888 1588 1914 Actu
1615 1888 1643 1915 S.
1665 1889 1777 1916 Joannis

133 1933 309 1969 svangelistat
319 1934 391 1969 apud
407 1934 595 1963 Florentinnm
610 1937 642 1963 ad
661 1935 886 1970 .llurtyrologinm
906 1935 1160 1971 llieronytniamnn.
1182 1936 1281 1963 Mentio
1299 1936 1422 1971 prro-dicti
1441 1936 1545 1969 Leneii,
1562 1937 1621 1964 aliis
1652 1936 1774 1969 Leontii,

131 1979 243 2007 videtur
264 1980 323 2008 ﬁeri
348 1981 373 2008 in
399 1980 530 2009 Tractatu
557 1982 593 2008 De
615 1983 669 2017 ﬁde
696 1983 749 2009 sive
772 1983 804 2008 de
823 1982 933 2008 L'nitate
953 1982 1093 2010 Trinitatis
1118 1989 1210 2009 contra
1242 1983 1414 2015 Manio/uvas,
1439 1984 1485 2018 qui
1512 1990 1585 2011 lOlllU
1603 1984 1636 2011 Vl
1657 1984 1775 2018 Opernm

130 2027 161 2055 S.
187 2026 339 2062 Augustini
366 2029 526 2056 continetur
547 2036 555 2055 :
578 2037 671 2056 verum
701 2037 754 2056 non
783 2029 897 2056 babetttr
921 2030 947 2056 in
974 2030 1225 2056 Retractatiouilnts
1248 2029 1316 2064 ejus,
1337 2038 1423 2064 neque
1445 2031 1471 2056 in
1492 2029 1614 2057 intlicnlo
1641 2031 1775 2064 Possitlii;

130 2074 291 2107 asseritqne
304 2073 446 2109 Philippus
469 2074 561 2103 Labbe
578 2075 616 2102 De
632 2075 814 2110 Scriptoribus
834 2077 1033 2109 ecclesiasticis,
1055 2086 1063 2102 t
1083 2077 1200 2104 ericisse
1221 2077 1396 2104 Sirtttondnm
1415 2077 1440 2103 in
1456 2077 1573 2104 Historia
1592 2078 1776 2105 Przedcstina-

133 2118 208 2147 tiaoa
222 2127 258 2148 ex
271 2119 324 2148 ﬁde
337 2129 405 2149 mss.
427 2123 564 2156 codicum,
584 2124 720 2158 prrecipnc
738 2124 927 2156 Corbeiensis,
947 2125 1018 2158 quod
1034 2125 1071 2151 sit
1088 2124 1182 2152 Etodii
1198 2125 1317 2160 episcopi
1336 2125 1490 2156 Uzalcnsis.
1509 2136 1519 2152 ›
1539 2135 1564 2152 ιιι
1582 2126 1774 2153 Proconsulnri

131 2166 277 2200 provincia
298 2167 401 2202 Africa,
421 2170 454 2196 ad
471 2177 551 2204 quem
568 2175 678 2198 exstant
693 2171 774 2197 variae
791 2170 820 2197 S.
835 2171 980 2206 Augustini
1003 2171 1125 2206 epistolae
1145 2180 1151 2197 :
1170 2176 1198 2197 ιιι
1215 2171 1256 2198 vel
1276 2176 1338 2199 tunc
1364 2177 1427 2199 ante
1447 2172 1582 2200 indicatus
1605 2172 1696 2200 Melite
1717 2172 1776 2199 sive

131 2212 255 2240 Mellitus
269 2214 414 2250 episcopus
431 2217 532 2244 vixisse
548 2217 683 2244 videatur.

163 2259 196 2289 5.
214 2259 288 2288 Sunt
311 2261 368 2288 bac
390 2261 575 2296 apostolorum
597 2266 657 2289 acta
673 2262 847 2296 postmodum
871 2263 946 2290 varie
967 2266 1058 2295 aucta,
1074 2266 1101 2289 et
1115 2262 1166 2289 sub
1181 2263 1292 2290 nomine
1307 2263 1410 2296 Abdita,
1430 2263 1586 2300 Babyloniae
1601 2266 1722 2300 episcopi
1741 2267 1775 2293 ab

133 2307 269 2343 apostolis
290 2308 420 2342 ordinati,
436 2309 537 2344 saepius
559 2317 675 2342 recusa;
693 2310 772 2345 quasi
795 2318 826 2337 ea
849 2318 883 2338 ex
907 2309 1041 2337 Hebraica
1066 2309 1092 2336 in
1118 2308 1240 2336 Graecam
1265 2309 1388 2344 linguam
1417 2311 1604 2338 transtulisset
1623 2311 1774 2346 discipulus

133 2355 228 2383 Abdia
248 2353 408 2389 Eutropius.
424 2360 453 2382 et
473 2355 537 2383 hinc
551 2356 576 2383 in
592 2354 717 2383 Latinam
741 2357 857 2384 vertisse
875 2364 904 2384 se
928 2357 1003 2383 dicat
1024 2356 1113 2384 Julius
1133 2356 1287 2389 Africanus,
1310 2359 1356 2391 qui
1381 2358 1461 2385 tertio
1489 2358 1589 2385 saeculo
1602 2358 1694 2384 ﬂoruit
1722 2359 1773 2386 sub

132 2401 347 2436 imperatoribus
369 2401 545 2438 lleliogabalo
558 2408 585 2430 et.
600 2403 756 2430 Alexandro
771 2403 920 2431 Mammaea:
934 2404 1000 2431 filio.
1012 2404 1147 2430 Baronius
1165 2405 1191 2430 in
1210 2404 1281 2431 notis
1302 2403 1335 2430 ad
1351 2404 1423 2431 hmtc
1436 2404 1522 2436 diem,
1540 2414 1548 2430 ι
1569 2405 1656 2438 Licet,
1674 2404 1772 2439 inquit,

131 2449 289 2485 apocrypha
307 2455 472 2478 censeantur
486 2450 544 2478 hate
564 2452 614 2478 sub
640 2451 750 2479 numine
772 2452 877 2481 Abtlire.
893 2459 956 2478 vera
978 2456 1069 2478 tamen
1089 2451 1222 2478 nonnulla
1237 2452 1274 2478 ibi
1291 2459 1352 2479 esse
1379 2453 1443 2479 mihi
1463 2452 1543 2480 facile
1566 2455 1718 2487 persuadeo
1735 2463 1741 2480 :
1761 2463 1770 2480 ›

132 2497 252 2524 maxime
263 2497 375 2531 quando
387 2497 497 2525 aliunde
507 2505 540 2525 ea
552 2498 618 2526 Acta
636 2503 677 2534 (ut
691 2499 735 2526 hic
747 2500 780 2526 de
794 2499 822 2526 S.
837 2499 983 2533 Philippo),
999 2499 1066 2527 satis
1080 2500 1241 2533 probantur.
1255 2499 1370 2525 Exstant
1382 2499 1478 2525 eadem
1492 2507 1591 2526 excusa
1606 2508 1678 2526 anno
1693 2501 1773 2533 155i,

131 2543 204 2572 inter
219 2542 375 2578 Bapsodias
390 2543 526 2579 Anonymi
551 2544 698 2572 Pltilalctbi
716 2544 876 2579 Ensebiani,
892 2546 920 2572 itt
942 2544 1028 2579 Vitas,
1045 2545 1175 2573 miracula
1203 2546 1400 2582 passionesque
1419 2547 1604 2580 apostolorum
1633 2554 1647 2573 a
1668 2546 1774 2577 Fredc,

130 2592 190 2619 rico
214 2589 323 2618 Nausea
346 2589 498 2618 collectas:
514 2596 542 2618 et
564 2591 590 2617 in
615 2591 750 2626 plerisqtte
768 2592 866 2618 hortttn
891 2598 945 2618 non
969 2592 1069 2626 legitur
1093 2591 1164 2626 quod
1186 2591 1326 2626 Philippus
1344 2601 1354 2617 ‹
1369 2592 1442 2619 cruci
1460 2591 1557 2619 affixus
1579 2597 1607 2619 et
1633 2592 1770 2627 lapidibus

130 2639 252 2666 Obrutus
267 2638 360 2666 fuerit.
379 2647 390 2664 ν
412 2636 512 2665 Verum
530 2633 633 2665 inserta
649 2643 714 2666 sunt
728 2638 770 2665 illa
786 2639 869 2665 verba
883 2638 954 2672 apud
970 2637 1098 2665 Joninum
1119 2637 1316 2668 lliombritimn,
1331 2638 1357 2664 in
1373 2638 1542 2672 Legendario
1562 2644 1625 2666 ante
1641 2639 1772 2667 ducentos

130 2692 221 2713 annos
237 2690 341 2712 excuso
357 2684 444 2711 :itcnt
461 2685 489 2711 in
503 2683 643 2711 Breviario
659 2685 781 2712 Romano
795 2684 860 2711 anni
877 2684 949 2711 152?.
964 2690 1047 2719 atque
1064 2692 1096 2712 eo
1115 2684 1187 2718 quod
1201 2684 1277 2718 jussu
1294 2683 1369 2710 Pauli
1388 2691 1462 2718 papae
1477 2683 1511 2711 lli
1522 2693 1537 2711 a
1550 2685 1689 2712 cardinan
1705 2685 1772 2718 Qui-

130 2731 236 2767 gnunio
257 2730 414 2758 ordinatqu
434 2737 461 2760 et
485 2731 525 2758 Pii
541 2730 563 2759 V
577 2730 654 2765 jussu
682 2737 776 2765 postea
796 2731 898 2758 editum
927 2731 1059 2758 hactenus
1084 2735 1253 2761 asservntttr,
1279 2730 1342 2757 licet
1360 2731 1386 2757 in
1406 2731 1480 2758 hisce
1496 2731 1563 2758 Acta
1591 2731 1697 2766 integra
1716 2738 1770 2758 non

129 2781 240 2809 dentur,
262 2782 294 2805 ut
314 2778 341 2805 in
359 2778 506 2813 antiquiori
524 2777 674 2806 Breviario.
692 2778 769 2804 Prior
791 2785 854 2812 pars
875 2779 1005 2804 Actorum
1029 2777 1139 2812 integra
1161 2777 1275 2804 ltabetnr
1292 2776 1317 2804 in
1333 2777 1474 2804 Brevtario
1489 2777 1553 2804 anui
1568 2777 1648 2809 “70,
1664 2778 1731 2806 1490
1743 2783 1771 2804 ct

129 2825 304 2859 5equeutitttn
326 2825 374 2852 :in
393 2832 479 2860 eaque
492 2829 570 2860 parte
587 2825 764 2852 continentur
778 2824 821 2851 illa
842 2832 901 2858 qua:
920 2825 982 2851 inde
999 2824 1172 2858 blattrolyt-tts
1192 2831 1272 2857 supra
1297 2824 1408 2851 tradidit
1427 2824 1459 2851 dc
1473 2833 1482 2850 t
1501 2831 1637 2851 vcncnoso
1651 2825 1769 2851 dracOue

101 2865 106 2875 λ
130 2871 325 2904 extenuiuato,
346 2882 355 2899 ι
377 2877 425 2900 aut
438 2872 530 2900 forsan
550 2872 661 2899 diabolo
675 2872 726 2899 sub
751 2872 812 2899 tctri
836 2872 950 2898 tuonstti
977 2872 1074 2905 figura.
1097 2871 1200 2898 Similia
1230 2871 1328 2898 habent
1356 2871 1450 2899 i'ott‘lls
1471 2873 1503 2899 de
1524 2871 1663 2899 Natalibus
1685 2872 1730 2899 lib.
1745 2880 1770 2899 tv

130 2918 266 2956 Catalagi,
284 2925 344 2956 cap.
370 2916 587 2955 I07,'i’ltilippus
602 2918 745 2948 Ferrarius
763 2919 799 2947 Dc
816 2919 913 2947 sanctis
934 2919 1034 2952 lla/ia',
1050 2923 1076 2945 ct
1097 2918 1187 2953 ]Yilll'cs
1204 2918 1260 2946 alii.
