4010 6436
450 403 556 467 195

1749 389 2034 452 MENSIS
2075 386 2338 449 MAIUS.

3595 379 3696 446 196

510 512 582 568 x.
608 509 734 567 Haec
759 517 815 566 et
839 507 925 564 his
953 506 1104 578 plura
1130 501 1388 558 divinitus
1409 499 1689 572 apostolus
1718 499 2021 554 disserebat

2197 494 2256 550 ι’.
2287 491 2473 549 Ταῦτα
2496 491 2588 546 καὶ
2615 491 2783 547 πλείω
2805 493 3012 548 τούτων
3037 492 3145 565 [δία
3172 493 3268 546 καὶ
3293 495 3447 566 κοινῇ
3473 498 3706 565 συνειρὼ

449 606 665 679 publice
698 617 761 656 ac
791 601 1073 671 privatim.
1106 597 1162 651 Si
1196 608 1338 664 quos
1372 608 1502 647 vero
1545 609 1657 664 prae
1693 593 1908 648 caeteris
1945 592 2027 644 vi-

441 701 607 755 debat
636 695 920 762 suscipere
949 689 1176 744 verbum
1210 685 1359 751 lidci,
1390 699 1488 741 eos
1525 684 1850 738 admovebat
1878 696 2030 752 rege-

445 790 750 847 nerationis
807 782 1001 839 lumini
1057 779 1157 851 (7),
1201 787 1259 834 et
1310 777 1368 832 in
1425 777 1673 832 ordinem
1733 777 2031 846 recipiebat

443 880 840 939 sacerdotalem
875 875 1226 942 faciebatque
1273 873 1512 926 animata
1561 869 1768 926 Christi
1810 867 2029 938 templa.

444 973 526 1028 Ita
588 971 817 1026 feliciter
851 965 1282 1038 progredientem
1309 963 1598 1035 veritatem
1630 961 1885 1015 inimicus
1916 959 2032 1026 ejus

444 1065 659 1125 videns,
688 1059 944 1115 cohibere
993 1071 1053 1113 se
1099 1071 1204 1110 non
1237 1055 1414 1124 potuit
1438 1054 1568 1124 quin
1607 1053 1654 1108 ei
1683 1053 2034 1108 insidiaretur

447 1162 610 1224 atque
638 1151 1016 1207 oll‘endiculnm
1044 1149 1330 1219 obiiceret.
1358 1148 1448 1201 Eis
1483 1147 1668 1216 itaque
1697 1147 1788 1216 qui
1826 1155 1954 1200 tunc
1979 1147 2032 1199 in

449 1247 672 1301 civitate
718 1245 926 1314 primas
967 1242 1226 1296 tenebant
1282 1254 1402 1294 sese
1432 1239 1738 1305 insinuans,
1765 1240 2036 1309 ipsorum-

448 1353 558 1409 que
615 1335 1039 1406 indignationem
1062 1333 1206 1387 velut
1232 1335 1409 1403 ignem
1438 1334 1768 1397 accendens,
1799 1333 2033 1401 primum

451 1428 834 1498 comprehendi
888 1426 958 1480 ab
980 1425 1059 1480 eis
1111 1424 1419 1493 Philippum
1451 1424 1601 1492 fecit,
1634 1423 2034 1478 multitudinem

451 1523 507 1576 in
538 1537 661 1577 eum
692 1519 872 1574 subito
910 1531 1284 1581 commovens,
1334 1527 1443 1569 tum
1473 1517 1521 1570 ei
1566 1515 1827 1586 quidquid
1863 1516 2038 1584 pctuit

453 1613 741 1668 molestum
796 1619 960 1680 atque
997 1608 1215 1665 exitiale
1237 1609 1438 1663 intulit.
1465 1606 1601 1662 Nam
1619 1607 1708 1676 qui
1739 1621 1862 1661 eum
1888 1619 2039 1661 com-

453 1705 856 1774 prehenderant
896 1703 1030 1756 duro
1075 1700 1413 1755 incluserunt
1462 1698 1698 1764 carceri,
1741 1697 2038 1767 duriusque

453 1796 768 1850 ceciderunt
796 1807 861 1848 ac
889 1791 1258 1862 ﬂagellarunt;
1286 1789 1483 1846 deinde
1518 1789 1740 1846 funibus
1770 1803 1869 1860 per
1903 1789 2040 1844 talos

454 1887 696 1958 trajectis
725 1886 803 1958 (8)
829 1885 1230 1957 suspenderunt
1254 1884 1309 1938 in
1347 1882 1535 1938 altum.

527 2161 621 2218 Xl.
653 2160 723 2216 Et
769 2161 876 2216 hoc
931 2159 1153 2230 quidem
1210 2159 1520 2231 signiﬁcare
1569 2165 1784 2230 poterat
1834 2167 2038 2216 statum

459 2255 651 2320 animi,
681 2262 883 2309 rectam
913 2253 979 2307 ad
1021 2267 1258 2323 superna
1306 2253 1448 2306 viam
1482 2251 1718 2307 tenentis
1757 2269 1772 2305 :
1817 2266 1926 2306 non
1969 2252 2042 2306 ita

461 2357 643 2401 tamen
691 2359 814 2400 cum
855 2343 1062 2399 dimisit
1115 2343 1414 2410 Dominus;
1467 2345 1561 2400 sed
1607 2343 1865 2414 quoniam
1913 2355 2044 2400 tunc

461 2436 723 2508 temporis
779 2436 999 2492 divinus
1070 2436 1352 2506 apostolus
1406 2434 1837 2492 Bartliolomaaus
1879 2437 2040 2491 etiam

457 2529 730 2599 Hierapoli
771 2537 910 2594 erat,
947 2542 1055 2583 una
1088 2541 1210 2582 cum
1262 2528 1382 2598 ipso
1429 2525 1783 2598 Evangelium
1829 2542 2043 2583 annun-

461 2621 622 2685 tians,
651 2619 920 2689 passionis
943 2633 1069 2673 eum
1095 2629 1408 2674 consortem
1433 2633 1554 2673 esse
1581 2619 1750 2674 voluit
1778 2627 1836 2674 ut
1865 2619 2046 2675 fuerat

462 2711 884 2780 praedicationis.
905 2710 1000 2765 Illo
1015 2724 1168 2780 ergo,
1195 2720 1255 2764 ut
1277 2710 1538 2776 diximus,
1571 2725 1836 2781 suspenso
1859 2726 1891 2766 e
1919 2711 2044 2766 talis

461 2805 612 2860 cruci
669 2803 942 2860 addicitur
1012 2803 1442 2859 Bartholomarus
1505 2804 1606 2876 (9).
1660 2803 1834 2860 Soror
1879 2805 2044 2859 etiam

461 2893 758 2948 Mariamne
791 2892 927 2965 (10),
961 2906 1188 2963 corpore
1219 2901 1275 2947 et
1301 2893 1487 2948 animo
1515 2893 1688 2963 virgo,
1720 2907 1900 2962 neque
1929 2906 2044 2946 nia-

462 2987 547 3054 gis
601 2994 794 3040 natura
844 2985 999 3039 fratri
1049 2983 1341 3052 conjuncta
1388 2999 1550 3054 quam
1603 2985 1808 3049 animo,
1859 2984 2050 3038 aderat

463 3076 692 3145 patienti
723 3075 994 3145 Philippo,
1022 3088 1143 3128 cum
1174 3088 1392 3145 quoque
1421 3074 1731 3144 patiebatur
1779 3087 1841 3128 ac
1883 3074 2052 3129 susti-

2129 588 2158 640 ὁ
2196 587 2340 651 θεῖος
2369 587 2699 649 ἀπόστολος·
2726 588 2819 650 οὓς
2840 588 2897 641 δὲ
2921 587 3025 657 ἥδη
3055 587 3162 640 τῶν
3193 587 3367 640 ἄλλων
3396 587 3596 658 μᾶλλον
3619 587 3709 641 δε-

2130 680 2378 748 χομένων
2405 678 2497 732 τὸν
2521 678 2681 746 λόγον
2710 679 2810 747 τῆς
2842 678 3100 742 πίστεως,
3137 676 3218 748 τῷ
3251 679 3350 749 τῆς
3383 677 3713 747 παλιγγενε⁸

2134 772 2257 833 σίας
2285 769 2510 832 τούτους
2532 776 2778 840 προσῆγε
2825 770 2986 837 φωτὶ,
3019 770 3114 821 καὶ
3158 767 3239 838 τῷ
3267 769 3378 821 τῶν
3408 769 3712 840 ἀρχιερέων

2133 862 2396 930 κατέλεγε
2423 862 2685 931 τάγματι,
2728 862 2824 916 καλ⁸
2857 861 3021 924 ναοὺς
3070 853 3458 932 ἐψυχωμένους
3488 863 3712 932 Χριστῷ

2135 955 2232 1007 καὶ
2266 953 2456 1020 ἁγίους
2517 955 2828 1024 ἀνήγειρεν.
2883 952 3045 1006 Οὕτω
3077 955 3199 1007 κατ’
3250 954 3381 1007 εὐθὺ
3430 956 3717 1024 χωροῦσαν

2135 1042 2277 1112 ὁρῶν
2321 1042 2425 1112 τὴν
2465 1040 2728 1112 ἀλήθειαν
2769 1043 2798 1094 ὁ
2826 1043 3001 1113 ταύτῃ
3035 1041 3347 1112 βασκαίνων
3363 1044 3580 1114 ἐχθρδς,
3613 1044 3717 1096 οὐκ

2137 1134 2344 1188 ἀνεκτά
2404 1136 2664 1198 ἐποιεῖτο,
2721 1137 2770 1186 εί
2803 1135 2879 1204 μὴ
2921 1137 3116 1203 σφάλοι
3173 1153 3233 1189 τε
3265 1137 3467 1200 αὐτῶν,
3495 1135 3716 1190 καὶτοῦ

2137 1225 2329 1296 πρόσω
2366 1226 2715 1280 διακωλύσοι.
2762 1226 3046 1280 Ἐντεῦθεν
3075 1230 3201 1288 τοὺς
3229 1229 3352 1281 τότε
3387 1228 3586 1298 καιροῦ
3618 1230 3724 1290 τὰς

2134 1322 2236 1388 τῆς
2285 1322 2496 1384 πόλεως
2537 1326 2824 1392 μετιόντας
2849 1321 3027 1392 ἀρχὰς
3066 1321 3339 1384 ὑπελθὼν,
3366 1326 3461 1374 καὶ
3486 1318 3574 1376 οἶα
3604 1322 3723 1391 πῦρ

2138 1412 2444 1481 ἀναφλέξας
2499 1415 2684 1478 αὐτοῖς
2735 1413 2796 1466 τὸ
2833 1413 3159 1485 ζηλότυπον,
3215 1414 3590 1485 συλληφθῆναι
3619 1415 3725 1485 μὲν

2140 1505 2234 1558 ὑπ’
2265 1506 2448 1559 αὐτων
2497 1507 2912 1578 παρασκευάζει
2964 1506 3058 1560 τὸν
3087 1507 3378 1572 Φίλιππον,
3417 1507 3618 1578 συχνὴν
3655 1508 3726 1560 ὲκ

2141 1593 2236 1648 τοῦ
2279 1596 2547 1664 αἰφνιδίου
2572 1597 2694 1649 κατ’
2725 1595 2892 1650 αὐτοῦ
2937 1599 3099 1668 χεῖρα
3144 1598 3399 1666 κινήσας,
3436 1599 3635 1664 ἐπάγει
3665 1597 3728 1650 δὲ

2140 1686 2300 1741 τοῦτο
2331 1689 2441 1742 πᾶν
2471 1689 2525 1741 εῐ
2541 1706 2591 1740 τι
2623 1687 2873 1760 λυπηρὸν
2901 1691 2998 1741 καὶ
3029 1688 3294 1759 ὀλέθριον.
3323 1691 3728 1742 Κατατίθενται

2146 1778 2247 1848 μὲν
2279 1781 2389 1848 γὰρ
2419 1783 2470 1834 οι
2529 1780 2884 1842 συλλαϐόντες
2944 1781 3108 1834 αὑτὸν
3157 1780 3370 1850 πικρῶς
3415 1782 3472 1833 ὲν
3507 1783 3730 1852 εἱρκτῇ,

2069 1879 2110 1934 Β
2147 1873 2480 1943 πικρότερον
2506 1875 2565 1928 δὲ
2593 1873 2923 1942 μαστιγοῦσι
2960 1872 3058 1925 καὶ
3092 1871 3367 1938 παίουσιν,
3423 1869 3542 1927 εἶτα
3579 1891 3736 1942 σχοι-

2147 1965 2280 2027 νίοις
2331 1964 2442 2018 τῶν
2485 1964 2850 2036 ἀστραγάλων
2904 1964 3227 2035 ἐξάψαντες,
3291 1967 3386 2018 ἐπὶ
3443 1967 3735 2038 μετεώρου

2144 2057 2286 2110 κατά
2315 2055 2564 2128 κεφαλῆς
2595 2058 2698 2111 ἀνα
2707 2057 2897 2128 ρτῶσι.

2216 2147 2320 2203 lA'.
2353 2149 2428 2202 Τὸ
2449 2150 2505 2203 δὲ
2536 2151 2647 2220 ἀρα
2678 2151 2778 2220 τὴν
2806 2149 2891 2203 ἐπ’
2916 2149 3047 2204 εὐθὺ
3075 2149 3213 2222 πρὸς
3241 2149 3308 2203 τὰ
3336 2151 3450 2205 ἀνω
3483 2151 3576 2205 τοῦ
3604 2151 3739 2206 νοοῦ

2145 2241 2375 2314 πορείαν
2406 2242 2482 2306 ὡς
2505 2243 2568 2296 τὸ
2593 2244 2744 2308 εἰκὸς
2778 2243 3126 2314 ὑπεσήμαινε
3150 2259 3166 2274 ⁸
3204 2243 3312 2298 κᾶν
3352 2245 3452 2299 οὐκ
3477 2246 3557 2308 είς
3580 2245 3744 2316 ἐσχα-

2145 2350 2250 2389 τον⁴
2272 2334 2492 2404 ἀφῆκεν
2525 2335 2691 2388 αὐτὸν
2721 2337 2750 2388 ὁ
2783 2334 2985 2406 Κύριος
3009 2335 3406 2407 ἀπαράκλητον
3425 2353 3442 2369 ο
3463 2338 3578 2390 ἀλλ’
3606 2339 3742 2391 ἐπεὶ

2145 2425 2270 2480 κατ’
2322 2429 2501 2481 έκεῖνο
2543 2425 2638 2480 τοῦ
2697 2427 2892 2498 χρόνου
2953 2428 3048 2481 καὶ
3081 2427 3486 2499 Βαρθολομαῖος
3527 2431 3556 2482 ό
3588 2429 3744 2494 θεῖος

2146 2518 2450 2583 ἀπόστολος
2477 2519 2738 2591 συνεπιδη
2748 2519 2866 2591 μῶν
2891 2515 2962 2591 ἦν
2987 2519 3161 2591 τούτῳ
3180 2523 3245 2590 τῇ
3281 2520 3603 2590 Ἱεραπόλει,
3639 2525 3748 2577 καὶ

2149 2611 2651 2679 συγκαταγγέλλων
2681 2613 2742 2664 τὸ
2769 2611 3128 2680 Εὑαγγέλιον,
3185 2611 3380 2683 ὥσπερ
3412 2613 3477 2682 δὴ
3514 2613 3608 2666 τοῦ
3640 2633 3747 2686 κη·

2151 2703 2457 2772 ρύγματος,
2487 2701 2632 2756 οὕτω
2655 2702 2752 2756 καὶ
2777 2703 2873 2756 τοῦ
2909 2702 3118 2766 πάθους
3147 2702 3297 2773 αὐτῷ
3315 2707 3601 2757 κοινωνεῖ·
3631 2709 3744 2758 κά-

2148 2793 2334 2846 κείνου
2368 2794 2479 2846 τῶν
2526 2795 2912 2864 ἀστραγάλων,
2943 2794 3017 2858 ὡς
3067 2794 3300 2864 ἔφημεν,
3335 2796 3746 2866 ἀναρτηθέντος

2153 2887 2388 2956 σταυρὸν
2410 2885 2574 2949 αὐτὸς
2603 2886 3023 2958 κατακρίνεται.
3075 2888 3188 2941 Καὶ
3216 2889 3248 2958 ή
3293 2888 3498 2960 ἀδελφὴ
3522 2890 3579 2942 δὲ
3613 2891 3751 2944 Μα-

2155 2977 2383 3047 ριάμνη,
2425 2979 2459 3047 ἡ
2489 2976 2656 3048 μηδὲν
2676 2972 2843 3048 ἦττον
2873 2979 2973 3048 μία
3004 2978 3103 3051 τὴν
3127 2981 3289 3051 φύσιν
3317 2981 3349 3052 ἢ
3377 2982 3475 3053 τὴν
3505 2981 3750 3053 γνώμην

2152 3069 2325 3139 αὐτῷ,
2388 3071 2420 3140 ἡ
2463 3072 2558 3123 καὶ
2615 3071 2676 3124 τὸ
2718 3071 2880 3142 σῶμα
2940 3073 3212 3144 παρθένος
3263 3076 3358 3128 καὶ
3391 3074 3489 3146 τὴν
3537 3075 3752 3147 ψυχὴν,

465 3167 627 3219 nebat
649 3165 977 3220 cruciatum.
1014 3165 1147 3219 Dum
1194 3175 1376 3220 autem
1420 3166 1538 3221 bare
1578 3165 1791 3232 ﬁerent,
1825 3166 2046 3238 contigit

2156 3162 2339 3231 παρῆν
2366 3162 2466 3230 μὲν
2494 3161 2762 3234 πάσχοντι
2793 3164 3048 3235 Φιλίππῳ
3070 3165 3148 3236 τῷ
3193 3166 3434 3237 ἀδελφῷ,
3461 3169 3522 3221 τὸ
3554 3169 3612 3221 δὲ
3638 3172 3758 3223 πά·

467 3270 557 3309 res
583 3255 806 3308 omnino
835 3269 974 3308 nova
1004 3268 1020 3308 :
1049 3269 1316 3310 concussa
1339 3255 1482 3310 enim
1509 3264 1656 3311 terra
1679 3265 1733 3311 et
1760 3265 2046 3312 tremorem

2157 3253 2250 3316 θος
2277 3252 2352 3317 ὡς
2377 3249 2492 3308 οἶόν
2525 3272 2585 3308 τε
2615 3257 2684 3325 τῇ
2720 3258 3048 3328 προαιρέσει
3077 3259 3461 3327 συνεφείλκετο
3487 3261 3580 3314 καὶ
3614 3276 3755 3313 συν-

465 3347 749 3402 insolitum
785 3348 1049 3416 patiente,
1083 3356 1405 3402 cunctorum
1429 3347 1632 3404 animis
1660 3349 1905 3404 incubuit
1942 3347 2056 3404 for-

468 3440 740 3511 mido,qui
764 3440 1150 3495 oblectationis
1173 3454 1337 3494 causa
1366 3440 1432 3495 ad
1464 3440 1832 3512 spectaculum
1859 3455 2058 3496 conve-

471 3541 688 3586 nerant.
718 3531 1068 3587 Subvertitur
1093 3532 1339 3587 funditus
1380 3532 1533 3588 locus
1574 3534 1777 3600 omnis,
1813 3544 1975 3604 atque
1999 3533 2056 3589 in

467 3624 792 3694 profundum
844 3622 897 3678 in
937 3625 1297 3695 conspicuum
1344 3625 1581 3681 dehiscit
1624 3625 1832 3684 :simul
1871 3636 2051 3681 autem

467 3718 860 3774 absorbebatur
879 3716 1134 3788 populus,
1156 3726 1379 3787 eratque
1401 3718 1454 3773 in
1477 3716 1716 3788 periculo
1733 3717 2055 3772 miserrimae

470 3809 813 3882 perditionis.

539 4087 659 4144 ιιι.
713 4087 848 4143 Cum
905 4088 1076 4157 igitur
1124 4103 1317 4144 omnes
1367 4089 1832 4160 obstupescereut,
1883 4104 2058 4158 neque

468 4179 759 4234 consilium
790 4179 956 4233 ullum
981 4181 1114 4234 utile
1138 4173 1480 4250 expedirent;
1509 4181 1888 4246 tandem,licet
1908 4196 2054 4246 sero,

466 4280 810 4342 agnoverunt
841 4272 1136 4326 vindictam
1166 4287 1226 4327 se
1252 4273 1524 4327 sustinere
1556 4274 1808 4343 supplicii
1831 4282 1887 4329 et
1915 4274 2057 4344 inju-

466 4366 565 4419 ria:
613 4362 866 4433 Philippo
914 4363 1101 4430 illata,
1152 4379 1385 4435 eumque
1429 4365 1853 4423 circumstantes
1893 4382 2054 4423 suum

2161 3347 2475 3417 εμερίζετο.
2507 3349 2598 3402 Ἐν
2649 3349 2760 3421 ὅσῳ
2783 3350 2842 3403 δὲ
2893 3351 3071 3404 ταῦτα
3101 3351 3428 3418 ἐπράττετο,
3454 3353 3667 3420 γίνεταί
3697 3372 3758 3408 τι

2159 3441 2397 3510 πρᾶγμα
2446 3439 2657 3505 καινὸν,
2717 3442 2927 3495 σείεται
2985 3443 3085 3514 μὲν
3137 3443 3399 3514 ἐξαίφνης
3452 3447 3484 3515 ή
3531 3448 3602 3514 γῆ
3649 3449 3758 3500 καὶ

2157 3532 2406 3602 ἀσυνήθη
2461 3532 2652 3588 κλόνον
2712 3534 3028 3604 ὑφίσταται,
3067 3535 3233 3604 φόϐος
3259 3537 3316 3590 δὲ
3356 3539 3476 3600 ταῖς
3517 3537 3756 3591 ἐκείνων

2154 3626 2418 3690 διανοίαις
2455 3625 2778 3698 ἐνέσκηψεν,
2812 3629 2928 3682 ὅσοι
2961 3627 3154 3700 τέρψιν
3183 3629 3467 3683 ἐποιοῦντο
3485 3631 3578 3682 καὶ
3615 3627 3760 3682 θέα-

2157 3736 2286 3792 τρον
2317 3721 2390 3773 τὰ
2455 3721 2733 3790 ὁρώμενα,
2790 3722 2861 3792 (ε)
2921 3721 3262 3792 διαδομεῖται
3323 3722 3470 3786 ἅπας
3507 3723 3537 3776 ό
3571 3721 3762 3794 χῶρος

2157 3813 2388 3875 ἐκεῖνος,
2412 3814 2506 3866 καὶ
2555 3817 2634 3876 εἰς
2686 3812 2848 3882 βάθος
2903 3813 3096 3885 κατῄει
3131 3815 3471 3884 ἀσυμφακὲς,
3512 3832 3766 3882 συγκατο

2157 3907 2365 3957 εσπᾶτο
2406 3906 2462 3958 δὲ
2501 3905 2578 3975 τῷ
2621 3906 2828 3975 ἐδάφει,
2861 3908 2955 3959 καὶ
2989 3907 3098 3969 πᾶς
3134 3907 3164 3960 ὁ
3198 3907 3346 3972 λαὸς,
3375 3911 3468 3960 καὶ
3500 3907 3761 3964 οἴκτιστα

2133 4017 2136 4019 λ
2159 3997 2582 4067 παραπολέσθαι
2613 3997 3067 4053 διεκινδύνευσεν.

2239 4089 2340 4145 IB'.
2390 4091 2694 4161 Ἀμηχανία
2720 4091 2905 4146 τοίνυν
2931 4094 3024 4146 ἐπὶ
3061 4092 3137 4164 τῷ
3169 4093 3324 4165 κακῷ
3365 4095 3576 4158 πάντας
3606 4087 3760 4166 εἶχε,

2157 4183 2253 4236 καὶ
2282 4184 2362 4246 είς
2391 4184 2594 4253 ἄπορον
2619 4182 2802 4245 αὐτοῖς
2822 4184 3137 4252 περιίστατο
3165 4185 3235 4240 τά
3259 4186 3621 4258 βουλεύματα’
3644 4189 3758 4259 ὀψὲ

2157 4275 2287 4345 γοῦν
2311 4278 2408 4330 καὶ
2434 4279 2533 4329 σὺν
2562 4278 2740 4346 χρόνῳ
2765 4275 3110 4347 αἰσθόμενοι,
3142 4277 3218 4342 ὡς
3247 4280 3346 4348 τῆς
3376 4281 3457 4343 είς
3479 4281 3762 4333 Φίλιππον

2157 4368 2430 4437 τιμωρίας
2467 4369 2562 4420 καὶ
2585 4366 2796 4437 ὕϐρεως
2829 4369 2928 4438 τὴν
2961 4369 3120 4438 δίκην
3175 4370 3426 4425 ἐντεῦθεν
3455 4371 3766 4443 ὑπέχουσι,

467 4453 819 4525 appellabant
866 4456 1217 4522 salvatorem,
1249 4467 1414 4522 atque
1472 4458 1738 4528 rogabant
1774 4461 2046 4516 dexteram

2160 4462 2520 4533 περιστάντες
2570 4461 2763 4515 τοῦτον
2813 4463 3040 4533 σωτῆρα
3070 4463 3398 4528 ἐπεσοῶντο,
3435 4467 3528 4518 καὶ
3567 4466 3766 4530 δεξιὰν

465 4549 552 4600 eis
584 4560 739 4600 suam
771 4547 1101 4617 porrigeret,
1129 4561 1306 4617 neque
1330 4546 1632 4618 despiceret
1652 4549 1863 4606 animas
1891 4550 2046 4621 ipsius

2169 4555 2476 4609 ὑποτείνειν
2495 4551 2634 4624 πρὸς
2670 4551 2950 4606 ἀνάσωσιν
2973 4552 3161 4624 ᾔτουν,
3186 4553 3320 4625 μηδὲ
3343 4555 3767 4625 καταπροέσθαι

404 4677 408 4679 μ
466 4637 640 4692 solius
687 4650 851 4693 causa
915 4637 1313 4708 periclitantes.
1362 4636 1629 4694 Narratur
1673 4651 1856 4696 autem
1911 4646 2046 4712 quod

2164 4645 2368 4716 ψυχὰς,
2395 4644 2488 4697 επὶ
2516 4644 2664 4714 μόνῳ
2693 4643 3032 4708 σαλευούσας
3066 4645 3237 4716 αὐτῷ.
3271 4645 3509 4713 Λέγεται
3539 4645 3599 4698 δὲ
3625 4647 3770 4702 τού·

469 4745 596 4787 cum
625 4729 702 4785 ita
735 4728 1057 4785 insisterent
1087 4729 1363 4798 precibus,
1397 4729 1678 4800 multaque
1717 4732 2046 4787 miserationi

2165 4753 2277 4791 των
2302 4736 2447 4792 οὕτω
2471 4739 2592 4800 ταῖς
2615 4737 2834 4808 δεήσεσι
2859 4738 3305 4808 προσκειμένων,
3329 4740 3426 4790 καὶ
3458 4737 3630 4791 πολλά
3659 4741 3770 4794 ἐπὶ

467 4823 874 4878 commovenda:
932 4822 1125 4877 idonea
1181 4821 1456 4886 dicerent,
1504 4837 1682 4891 neque
1729 4824 1799 4878 ab
1851 4825 2046 4879 orandc

2169 4828 2308 4898 ὲλέῳ
2339 4827 2634 4896 λεγόντων,
2666 4829 2762 4882 καὶ
2793 4829 2894 4882 οὐκ
2924 4829 3208 4894 ἀνιέντων,
3239 4829 3333 4882 τὸν
3359 4829 3769 4900 Ἰησοῦν,άνω-

470 4922 776 4979 cessarent,
829 4911 1089 4966 misertus
1149 4925 1339 4968 eorum
1395 4927 1517 4984 quae
1585 4913 1788 4969 ﬁebant
1848 4914 2046 4983 Jesus,

2173 4916 2266 4972 θεν
2286 4913 2381 4981 οὖς
2404 4918 2794 4991 φιλάνθρωπον
2826 4919 3193 4974 ὐποκλίναντα
3227 4922 3322 4975 καὶ
3359 4921 3422 4974 τὸ
3469 4921 3772 4991 γινόμενον

544 5044 626 5116 t7)
675 5043 736 5100 In
769 5043 989 5116 Menaeis
1017 5044 1222 5101 Graecis
1249 5044 1446 5116 dicitur
1481 5061 1496 5101 :
1538 5061 1558 5098 ι
1593 5046 1869 5103 Conversa
1903 5048 2064 5106 Nica-

476 5115 625 5189 noris
651 5115 997 5189 proconsulis
1025 5129 1182 5178 uxor,
1207 5125 1264 5189 _et
1295 5115 1526 5189 {Stacbys
1548 5119 1741 5189 donius
1775 5135 1802 5171 a
1833 5134 2064 5189 procon-

473 5185 592 5256 sule
613 5183 667 5239 ei
691 5186 1124 5256 populoincens'a
1159 5201 1180 5237 ι
1205 5185 1260 5240 In
1278 5186 1398 5239 aliis
1419 5183 1623 5240 Graecis
1647 5187 1802 5244 MSS.
1820 5183 2019 5245 dicitur
2046 5207 2061 5245 :

479 5274 502 5330 ς
560 5254 806 5330 Stactiy's
855 5256 1011 5330 valde
1065 5258 1216 5309 dives
1274 5266 1330 5309 et
1389 5257 1540 5311 urbis
1585 5260 1910 5330 primarius,
1967 5263 2060 5330 qui

473 5326 652 5380 fuerat
682 5325 842 5397 annis
863 5325 952 5378 -ιο
984 5340 1184 5397 caicus,
1216 5334 1271 5381 et
1304 5341 1332 5378 a
1356 5335 1548 5397 sancto
1583 5325 1831 5397 Philippo
1865 5325 2061 5383 illumi-

473 5407 658 5452 natus.
695 5413 715 5448 ι
770 5396 851 5469 itu
915 5397 1056 5469 idem
1119 5394 1350 5469 Stachys
1408 5396 1602 5469 factus
1648 5394 1810 5452 fuerit
1868 5409 2057 5469 postea

471 5469 762 5535 cpiscopus
791 5466 1142 5535 Byzantinus,
1175 5475 1233 5520 ut
1262 5466 1467 5518 Menaea
1505 5467 1727 5533 addunt,
1777 5466 2058 5524 examina-

475 5537 621 5590 bitur
655 5534 722 5590 ad
756 5534 1134 5597 5l'0ctobris,
1168 5549 1276 5604 quo
1304 5536 1524 5604 colitur.

545 5607 623 5676 (8)
687 5606 900 5660 Citatus
955 5602 1243 5661 Nicetas':
1306 5621 1324 5656 ι
1388 5602 1665 5661 Funiculis
1714 5622 1744 5661 θ
1794 5608 2064 5666 calcancis

2170 5055 2441 5179 ginctum,
2476 5055 2530 5110 in
2564 5056 2782 5112 sublimi
2811 5071 2970 5114 verso
2998 5055 3051 5112 in
3087 5067 3288 5112 terram
3320 5061 3496 5130 capite
3527 5075 3768 5132 suspen-

2211 5137 2326 5179 ltltl.
2369 5142 2389 5177 ι

2211 5137 2326 5179 ltltl.
2369 5142 2389 5177 ι

2242 5195 2320 5271 (_9)
2337 5194 2540 5271 Eadem
2563 5196 2630 5271 d_e
2656 5204 2848 5271 sancto
2871 5197 3267 5271 Bartholomtco
3307 5200 3471 5257 habet
3503 5199 3759 5271 Nicetas;

2169 5275 2224 5318 et
2257 5265 2548 5345 in_Vita___S.
2583 5267 2958 5345 Bartliolornaci
2988 5267 3282 5345 Joscph_us,
3305 5274 3486 5326 forsan
3519 5265 3769 5345 Hymltu;

2168 5337 2423 5409 graphus.
2447 5336 2762 5409 illustranda
2787 5342 2850 5391 ad
2869 5339 2940 5392 24
2977 5336 3226 5409 Augusti.

2244 5407 2357 5477 (10)
2419 5407 2631 5480 ίὶόιίιυι·
2692 5411 2750 5463 5.
2811 5407 3130 5480 Mariatnna,
3185 5410 3386 5468 Nicetzc
3442 5411 3630 5480 Maria,
3697 5415 3768 5469 l7

2169 5471 2479 5599 ﬁniturum,
2510 5483 2577 5532 ad
2610 5492 2772 5548 quem
2802 5479 2943 5534 diem
2975 5479 3094 5551 ejus
3116 5471 3249 5536 Acta
3279 5499 3310 5537 e
3336 5487 3505 5539 variis
3532 5471 3767 5541 collecta

2205 5559 2258 5598 et
2279 5562 2439 5599 unus.

2205 5559 2439 5602 edimus.

549 5746 619 5816 (ε)
653 5748 1016 5816 Διαδονεῖται,
1069 5751 1286 5822 corrigo
1345 5751 1706 5822 διιδομεῑται,
1741 5765 1796 5810 ut
1847 5757 1890 5812 si
1963 5774 2045 5813 co:

481 5827 633 5870 verto
667 5834 697 5870 ιι
734 5818 1119 5875 fumlantculis.

2160 5771 2323 5816 suum
2367 5777 2393 5814 a
2465 5762 2664 5834 δορέω,
2731 5775 2784 5818 et
2846 5767 3181 5824 tantumdem
3222 5769 3399 5824 valeat
3437 5779 3598 5841 atque
3629 5769 3770 5826 sub-
