4010 6438
457 389 567 459 199

1793 386 2079 447 MENSIS
2119 386 2380 446 MAIUS.

629 559 3036 587 W

3623 374 3741 439 200

1757 717 2169 807 YIIOMN
2178 717 2424 807 ΗΜΛ

1038 918 1304 1044 ΕΙΣ
1381 913 1729 1046 ΤΟΝ
1805 909 2328 1047 ΑΓΙΟΝ
2407 911 3144 1044 ΙΑΚΩΒΟΝ

1554 1128 1974 1182 ΛΠΟΣΤΟΛΟΝ
2015 1127 2137 1181 ΚΑΙ
2177 1127 2629 1182 ΑΔΕΛΦΟΘΕΟΝ

2071 1311 2142 1325 ﬂ

1620 1463 2580 1558 COMMENTARIUS

661 1688 822 1812 IN
907 1682 1653 1815 SANCTUM
1748 1684 2481 1814 JACOBUM
2576 1682 3538 1814 APOSTOLUM

1670 1929 1775 1991 ET
1806 1929 2192 1993 FRATREM
2235 1929 2527 1991 DOMINI

1233 2103 1376 2166 (Acta
1403 2103 1697 2154 Sanctorum
1739 2099 1957 2152 Bolland.
1991 2101 2052 2150 ad
2088 2101 2220 2150 diem
2249 2101 2266 2148 l
2299 2099 2429 2160 Maii,
2455 2099 2627 2149 Graece
2655 2102 2708 2147 et
2729 2098 2959 2162 Latine.)

1917 2404 2310 2462 PROLOGUS.

532 2532 573 2586 1.
621 2532 765 2588 Nihil
801 2543 882 2588 est
931 2532 1048 2587 viro
1083 2535 1223 2589 bono
1267 2542 1323 2588 et
1357 2533 1576 2587 virtutis
1624 2530 1851 2585 amatori
1900 2517 2092 2598 atque}

2228 2528 2306 2584 A’.
2336 2530 2448 2600 Οὐχ
2478 2529 2650 2592 οὕτως
2687 2527 2784 2598 ἡδύ
2813 2544 2864 2579 τι
2895 2525 2972 2596 τῷ
3007 2525 3286 2595 φιλαρέτῳ
3331 2527 3424 2580 καὶ
3450 2525 3596 2598 κόρῳ
3630 2544 3750 2597 μη-

455 2627 776 2696 jucundum,
803 2634 856 2679 et
881 2627 1022 2694 quod
1052 2624 1199 2679 nulla
1232 2627 1410 2681 minus
1435 2625 1688 2678 satietate
1715 2622 2047 2684 offendatur,

2153 2625 2264 2676 δενὶ
2288 2623 2686 2694 λυμαινόμενον
2711 2621 2785 2683 ὼς
2817 2621 3007 2689 μνήμη
3033 2619 3246 2672 δικαίου
3272 2635 3286 2649 ’
3330 2621 3426 2672 καὶ
3459 2621 3662 2688 μᾶλλον
3691 2624 3756 2674 et

461 2729 628 2788 atque
687 2717 819 2786 justi
883 2718 1162 2782 memoria,
1214 2727 1270 2771 et
1326 2716 1585 2779 maxime,
1638 2716 1682 2770 si
1737 2729 1928 2782 passus
1979 2713 2052 2766 sit

2162 2718 2242 2771 διὰ
2288 2717 2528 2786 Χριστὸν
2579 2715 2846 2776 παθόντος
2899 2713 3233 2782 κατέστηκε.
3294 2713 3402 2766 Καὶ
3445 2713 3555 2784 γὰρ
3601 2713 3749 2784 αὕτη

462 2820 687 2880 proliter
716 2811 1018 2864 Christum.
1049 2808 1124 2864 Ea
1157 2811 1302 2862 enim
1343 2809 1492 2862 illum
1528 2810 1702 2876 magis
1741 2809 1943 2861 excitat
1982 2806 2050 2859 ad

464 2903 732 2967 iustitiam,
763 2918 922 2968 quam
951 2917 1141 2956 aurum
1196 2902 1438 2970 pecunia:
1477 2910 1769 2962 amatores,
1805 2908 1860 2953 et
1905 2913 2054 2966 qum-

463 3009 680 3061 cnnque
729 3002 856 3046 sunt
898 2995 1010 3046 visu
1059 2993 1397 3047 delectabilia
1432 3007 1694 3046 novarum
1749 3005 1927 3044 rerum
1959 3004 2055 3042 cu.

465 3086 640 3155 pidos.
671 3084 824 3137 Adde
855 3084 996 3150 quod
1026 3084 1138 3152 ipsa
1165 3084 1294 3152 justi
1332 3084 1590 3137 memoria
1624 3095 1731 3136 non
1766 3081 1941 3136 solum
1969 3089 2056 3134 est

459 3176 722 3244 jucunda,
775 3177 869 3230 sed
910 3177 1072 3230 etiam
1109 3175 1264 3230 valde
1314 3175 1495 3242 utilis;
1528 3190 1651 3229 cum
1684 3173 1916 3242 aliquem
1951 3171 2054 3226 zeli

438 3277 522 3322 .et
567 3268 926 3321 temulationis
975 3267 1254 3321 stimulum
1311 3267 1569 3321 immittat
1617 3265 1835 3327 animis,
1885 3275 1939 3318 et
1988 3265 2055 3318 ad

467 3359 668 3414 similia
698 3359 1061 3428 aggredienda
1097 3359 1318 3414 excitet.
1347 3358 1591 3428 Agedum
1627 3372 1757 3426 ergo
1788 3371 1886 3410 nos
1917 3371 2054 3425 quo-

467 3466 572 3520 que
613 3465 864 3520 maguum
898 3449 1160 3505 Jacobutn
1198 3452 1252 3504 ln
1293 3450 1526 3504 medium
1568 3449 1904 3504 adducentes
1941 3448 2056 3518 (qui

469 3558 594 3596 vere
643 3553 723 3594 est
757 3542 950 3597 Justus
981 3552 1036 3596 et
1078 3542 1412 3606 nominatur,
1446 3553 1500 3596 et
1533 3550 1591 3595 ιιι
1635 3541 1838 3596 Christi
1891 3540 2058 3595 frater

469 3644 762 3688 vocaretur
785 3634 984 3688 eximie
1017 3644 1101 3689 est
1131 3637 1412 3701 assecuus)
1445 3650 1789 3688 communem
1808 3649 1875 3688 ex
1896 3634 2059 3687 rebus

468 3726 612 3780 illius
683 3729 974 3781 utilitatem
1056 3729 1338 3796 capiamus
1396 3739 1449 3782 et
1508 3728 1856 3796 voluptatem.
1921 3725 2055 3779 Nam

467 3817 595 3870 licet
624 3819 773 3871 multi
807 3819 919 3883 alii,
949 3819 1040 3888 qui
1071 3820 1122 3873 in
1151 3819 1524 3873 ecclesiastica
1557 3818 1848 3872 scribenda
1882 3819 2056 3871 histo-

471 3909 547 3962 ria
579 3911 816 3963 studium
845 3921 1166 3978 posuerunt,
1201 3913 1266 3965 de
1299 3914 1399 3965 hoc
1422 3911 1570 3981 justo
1603 3913 1965 3978 narraverint,
2005 3921 2058 3966 et
2087 3885 2134 3945 Β

469 4009 594 4053 ante
627 4017 818 4055 omnes
871 4001 1206 4072 Ilegcsippus
1247 4013 1301 4056 et
1343 4002 1591 4056 Clemens
1627 4019 1641 4055 :
1690 4019 1919 4070 quorum
1973 4004 2062 4058 ille

468 4093 685 4162 quidem
714 4094 766 4146 iu
801 4094 990 4161 quinto
1029 4109 1128 4147 suo
1169 4092 1326 4158 libro,
1358 4094 1446 4148 hic
1481 4105 1659 4146 autem
1693 4093 1743 4146 in
1781 4105 1932 4146 sexta
1962 4109 2060 4146 ea-

470 4197 615 4245 rum,
670 4198 790 4252 quze
839 4192 1110 4237 vocantur
1162 4182 1558 4254 llypotyposes,
1589 4183 1846 4237 nonnulla
1888 4200 1953 4238 ex
1996 4186 2061 4240 iis

471 4290 592 4344 qum
619 4277 685 4328 ab
717 4276 834 4343 ipso
861 4284 1011 4344 gesta
1043 4288 1193 4338 sunt,
1225 4285 1586 4337 assuntentes,
1625 4276 1858 4342 posteris
1890 4277 2061 4329 tradi-

475 4368 655 4421 derint
688 4384 704 4425 :
743 4382 900 4421 nemo
931 4375 1108 4422 tamen
1138 4383 1197 4423 se
1238 4369 1484 4422 extendit
1522 4371 1586 4421 ad
1633 4369 1837 4434 Omnia,
1887 4383 2060 4436 neque

477 4457 756 4510 contendit
781 4458 847 4509 de
872 4472 936 4511 eo
961 4458 1141 4512 dicere
1173 4459 1507 4525 singulatim.
1539 4456 1714 4513 Causa
1745 4471 1924 4510 autem
1952 4469 2054 4525 est,

477 4546 620 4614 quod
654 4562 758 4600 non
794 4546 896 4599 fuit
936 4561 1123 4600 eorum
1175 4549 1480 4601 institutum
1515 4549 1580 4600 de
1622 4550 1736 4615 ipso
1777 4547 2055 4614 scribere;

403 4639 415 4653 '
480 4636 575 4691 sed
615 4647 735 4691 erat
778 4638 995 4707 quidem
1039 4640 1118 4694 eis
1172 4639 1314 4694 aliud
1377 4641 1708 4708 propositum
1770 4657 2058 4709 argumen-

2157 2810 2358 2864 πλείων
2422 2810 2618 2878 ἐκείνῳ
2658 2808 2689 2876 ἢ
2751 2807 2954 2876 χρυσὸς
3007 2807 3120 2869 τοῖς
3151 2806 3606 2877 φιλοχρημάτοις,
3647 2808 3752 2860 καὶ

2155 2905 2255 2957 ὅσα
2283 2901 2383 2973 τὴν
2420 2901 2571 2970 ὥραν
2595 2901 2728 2970 ἡδέα
2763 2900 2891 2962 τοὺς
2928 2901 3006 2968 (α)
3060 2899 3410 2966 φιλοκαίνους
3436 2902 3516 2964 είς
3542 2901 3750 2969 εὐφροα

2159 2993 2326 3063 σύνην
2363 2992 2694 3064 παρακαλεῖ.
2733 2991 2887 3044 Ἐπεὶ
2914 2987 3008 3044 οὖν
3055 2991 3153 3060 οὐχ
3182 2992 3334 3058 ἡδεῖα
3383 2992 3542 3060 μόνον
3581 2993 3613 3061 ἠ
3644 2991 3752 3044 τοῦ

2156 3085 2369 3139 δικαίου
2418 3087 2628 3155 μνήμη,
2681 3083 2818 3136 ἀλλὰ
2873 3083 2967 3136 καὶ
2997 3085 3118 3136 λίαν
3161 3085 3461 3153 ὠφέλιμος,
3490 3085 3652 3155 ζήλου
3689 3101 3747 3137 τι

2160 3177 2388 3245 κέντρον
2426 3179 2545 3238 ταῖς
2567 3175 2768 3244 ψυχαῖς
2797 3176 3024 3240 ὲνιεῖσα,
3049 3175 3146 3228 καὶ
3170 3175 3279 3227 τῶν
3311 3176 3441 3228 ἰσων
3471 3176 3756 3229 ἅπτεσθαι·

2159 3267 2542 3338 διεγείρουσα·
2591 3266 2725 3335 φέρε
2788 3265 2852 3335 δὴ
2883 3268 2977 3318 καὶ
3013 3267 3175 3335 ἡμεῖς
3223 3266 3316 3318 τὸν
3350 3268 3525 3334 μέγαν
3551 3266 3748 3320 τοῦτον

2173 3360 2433 3414 Ἰάκιυὸον
2484 3360 2564 3422 είς
2615 3361 2781 3427 μέσον
2809 3359 3129 3427 προθέντες,
3161 3359 3253 3411 τὸν
3281 3359 3499 3428 ἀληθῶς
3533 3359 3748 3412 δίκαιον

2160 3454 2291 3506 ὄντα
2311 3469 2370 3506 τε
2399 3453 2490 3505 καὶ
2519 3452 2922 3522 ὀνομαζόμενον
2943 3467 2957 3480 ·
2993 3453 3051 3514 ὃς
3084 3451 3180 3504 καὶ
3217 3452 3276 3504 τὸ
3301 3451 3529 3520 ἀδελφὸς
3559 3453 3750 3504 καλεῖ-

2163 3547 2288 3601 σθαι
2311 3546 2548 3616 Χριστοῦ
2573 3545 2943 3615 διαφερόντως
2975 3545 3348 3616 πεπλούτηκε,
3384 3545 3572 3614 κοινὴν
3599 3544 3759 3610 ἀγρέο·

2160 3640 2313 3692 λειαν
2368 3639 2438 3690 τὰ
2489 3639 2701 3691 ἐκείνου
2739 3638 2835 3690 καὶ
2864 3638 3064 3708 ἡδονὴν
3095 3637 3482 3707 ποιησώμεθα.
3526 3637 3762 3700 Πολλοῖς·

2165 3733 2264 3802 μὲν
2295 3730 2404 3802 γὰρ
2429 3732 2522 3784 καὶ
2549 3731 2729 3793 ἄλλοις
2756 3730 2968 3801 ὑπῆρξε
3006 3731 3116 3782 τῶν
3143 3733 3272 3801 περὶ
3321 3731 3418 3798 τὴν
3450 3731 3752 3800 ἐκκλησια-

2165 3821 2356 3891 στικὴν
2427 3821 2666 3892 ἱστορίαν
2724 3820 3144 3875 ἐσπουδακότων
3196 3821 3325 3890 περὶ
3387 3819 3481 3873 τοῦ
3533 3820 3748 3872 δικαίου

2163 3917 2354 3970 τούτου
2376 3916 2688 3981 διεξελθεῖν,
2739 3918 2834 3969 καὶ
2885 3915 2990 3984 πρό
3020 3932 3083 3983 γε
3135 3914 3353 3967 πάντων
3413 3913 3750 3984 Ἡγησίππῳ

2165 4009 2260 4061 καὶ
2316 4008 2611 4076 Κλήμεντι,
2674 4001 2749 4059 ὦν
2779 4009 2806 4060 ὁ
2841 4007 2939 4075 μὲν
2978 4005 3036 4058 έν
3072 4023 3134 4074 γε
3175 4005 3253 4074 τῷ
3311 4005 3547 4074 πέμπτῳ
3580 4003 3749 4056 αξιτοῦ

2164 4100 2542 4170 ὑπομνήματι,
2569 4101 2597 4152 ὁ
2633 4099 2690 4152 δὲ
2738 4101 2794 4150 ὲν
2816 4103 2881 4166 τῇ
2913 4099 3046 4169 ἕκτῃ
3083 4098 3194 4150 τῶν
3235 4097 3585 4166 καλουμένων
3615 4098 3750 4149 ὑπο-

2163 4191 2487 4254 τυπὼεεων,
2515 4189 2633 4244 ἔνια
2665 4190 2774 4242 τῶν
2806 4189 2957 4259 αὑτῴ
3000 4189 3416 4260 πεπραγμένων
3444 4186 3754 4241 ἀπολαϐόν-

2163 4291 2273 4346 τες·
2317 4283 2622 4353 παρέδοσαν
2680 4285 2792 4344 τοῖς
2847 4283 2925 4345 εἰς
2970 4283 3236 4352 ὕστερον·
3298 4281 3416 4334 ἀλλ’
3467 4281 3642 4342 οὐδεὶς
3666 4282 3750 4342 εἰς

2163 4376 2381 4430 ἅπαντα
2442 4375 2688 4442 καθῆκεν
2725 4375 2937 4439 ἑαυτὸν,
2971 4374 3093 4428 οὐδὲ
3123 4375 3189 4428 τὰ
3218 4374 3356 4429 κατὰ
3387 4374 3553 4444 μέρος
3574 4375 3750 4425 εἰπεῖν

2161 4467 2612 4537 ἐφιλοτιμήσατο.
2665 4467 2738 4520 Τὸ
2800 4467 2857 4522 δὲ
2912 4470 3109 4534 αἴτιον,
3142 4470 3226 4522 ὅτι
3255 4468 3328 4538 μὴ
3357 4468 3412 4520 δὲ
3438 4468 3529 4520 τὸν
3577 4467 3750 4536 ἄνδρα

2163 4561 2368 4614 σκοπὸν
2397 4559 2582 4612 ἔθεντο
2603 4576 2618 4590 ·
2643 4560 2758 4613 ἀλλ’
2791 4561 2954 4631 ἑτέρα
2979 4563 3078 4631 μὲν
3107 4561 3186 4632 τῷ
3215 4563 3354 4631 λόγῳ
3375 4561 3630 4624 ὑπόθεσις
3654 4557 3749 4631 ἦν,

2158 4655 2208 4704 οἱ
2243 4653 2295 4704 δὲ
2327 4652 2386 4704 ἐν
2410 4651 2488 4720 τῷ
2516 4653 2675 4723 μέρει
2702 4651 2798 4705 τοῦ
2844 4654 3039 4726 ἀνδρὸς
3071 4655 3403 4725 ἐμέμνηυτο,
3451 4654 3546 4708 καὶ
3575 4652 3752 4709 ταῦτα

479 4739 592 4781 tum
641 4749 654 4784 :
701 4731 754 4783 in
799 4741 954 4799 parte
1003 4743 1208 4800 autem,
1253 4749 1373 4788 cum
1422 4734 1492 4788 ita
1541 4735 1851 4795 accidisset,
1910 4734 2052 4788 illius

2162 4745 2225 4816 δὴ
2252 4745 2358 4796 ἀπὸ
2379 4743 2472 4798 τοῦ
2503 4746 2864 4815 παρήκοντος.

479 4823 862 4878 meminerunt.

1950 4985 2180 5042 CAPUT
2247 5027 2264 5044 .

1299 5101 1510 5170 Patria,
1557 5103 1780 5174 epistola
1825 5108 2026 5176 scripta
2061 5118 2108 5160 et
2149 5105 2441 5160 elncidata.
2475 5108 2610 5162 Alia:
2645 5110 2888 5164 virtutes.

560 5239 624 5294 Il.
658 5238 858 5294 Iacobo
903 5254 1033 5303 ergo
1081 5240 1266 5296 divino
1305 5244 1476 5311 patria
1525 5243 1625 5298 fuit
1661 5243 1868 5312 Iudaea,
1916 5257 2069 5318 pater

2247 5249 2321 5303 B'.
2362 5250 2601 5317 Ἰακώϐῳ
2622 5251 2802 5304 τοίνυν
2829 5251 2907 5323 τῷ
2946 5253 3096 5326 οεῑῳ,
3122 5256 3318 5326 πατρὶς
3347 5254 3600 5326 Ἰουδαία,
3644 5279 3754 5316 πα-
3824 5261 3833 5275 “

481 5331 680 5400 Joseplt
726 5331 827 5400 (l),
859 5345 950 5400 qut
986 5342 1206 5401 propter
1254 5332 1516 5402 insignem
1572 5334 1825 5389 virtutem
1866 5346 1920 5390 et
1950 5354 2064 5392 mo-

2172 5342 2276 5412 τὴρ
2313 5341 2534 5412 Ἰωσὴφ,
2558 5343 2614 5405 ὃς
2639 5343 2727 5396 διά
2759 5361 2817 5396 τε
2845 5347 2903 5398 τὸ
2935 5347 3034 5412 τῆς
3060 5349 3261 5419 ἀρετῆς
3293 5351 3500 5421 περιὸν,
3545 5354 3638 5406 καὶ
3661 5355 3756 5408 διὰ

486 5438 606 5477 rum
635 5423 952 5490 bonitatem,
982 5422 1080 5477 fuit
1108 5439 1339 5494 sponsus
1365 5425 1622 5497 Virginis,
1645 5444 1763 5498 qua:
1788 5429 2070 5485 Dominum

2179 5435 2279 5504 τὴν
2304 5435 2413 5486 τῶν
2453 5435 2670 5506 τρόπων
2695 5439 3063 5511 χρηστότητα,
3111 5444 3175 5512 τῇ
3199 5443 3290 5495 τὸν
3311 5444 3544 5515 Χριστὸν
3590 5447 3756 5517 ἡμῶν

567 5562 644 5635 (ι)
679 5562 826 5617 lianc
854 5565 1158 5632 aliquorum
1192 5562 1503 5618 Graecorum
1538 5566 1862 5620 sententiam
1904 5582 2068 5635 supra

495 5637 805 5700 rejecimus,
862 5637 1306 5704 osteutlimusque
1349 5635 1519 5689 fuisse
1578 5637 1745 5690 lilium
1793 5638 2066 5704 Clcopltm,

497 5707 590 5770 qui
624 5703 919 5756 Stzt'llttdlltll
952 5704 1162 5772 aliquos
1189 5703 1302 5758 erat
1333 5707 1461 5760 dicti
1510 5705 1568 5759 ὃ.
1603 5705 1822 5776 Iosephi
1873 5703 2062 5773 frater,

2182 5573 2263 5624 vel
2287 5573 2479 5625 saltent
2519 5577 2748 5627 maritus
2792 5573 2997 5640 Mariae,
3042 5587 3181 5631 naue
3207 5596 3270 5633 ex
3302 5582 3464 5634 amita
3507 5582 3586 5634 vel
3635 5600 3757 5639 ma-

2179 5651 2378 5696 tertera
2411 5642 2675 5712 Deipartn,
2713 5646 2941 5716 ideoque
2971 5649 3126 5704 dictae
3160 5648 3328 5705 Soror
3360 5651 3570 5708 Maria’.

574 5819 649 5891 (ιι)
699 5822 1028 5888 Φιλοκὰλους
1096 5825 1310 5882 videtur
1368 5828 1565 5899 lrgissc
1638 5832 1907 5901 interpres
1955 5849 2063 5903 quo

2171 5850 2430 5906 pomauus
2462 5853 2592 5893 usus
2625 5839 2676 5893 in
2711 5853 2812 5892 ms.
2841 5837 3065 5894 \cneto.
