4010 6438
414 391 527 452 203

1759 381 2044 443 MENSIS
2086 379 2349 441 MAIUS.

3582 372 3709 438 204

407 502 979 577 φινωιετηιίιιοηάυιης
1015 501 1266 572 protinus
1308 499 1476 563 enim,
1512 506 1587 564 et,
1621 505 1678 549 nt
1709 495 1932 558 dicitur,
1982 511 2009 548 a

2133 510 2205 546 ται
2232 491 2338 563 γὰρ
2381 490 2545 554 εὐθὺς
2573 489 2682 544 ἀπὸ
2709 489 2977 560 γραμμῆς
3010 488 3106 542 τοῦ
3154 489 3316 558 ἀγίου
3343 486 3406 544 τὸ
3441 489 3660 561 μέτριον
3695 501 3719 523 ⁶

403 598 755 665 carceribus,
789 595 1128 668 signiﬁcatur
1159 592 1334 648 sancti
1373 589 1663 646 modestia.
1701 585 1794 643 Sic
1825 599 2008 641 autem

426 693 693 747 habet‘:
744 708 762 741 ι
808 687 1042 742 Jacobus
1094 686 1185 741 Dei
1242 693 1296 741 et
1350 682 1560 739 Domini
1616 679 1746 736 Jesu
1807 677 2010 734 Christi

422 799 636 849 servus,
684 779 967 837 duodecim
1028 777 1295 842 tribubus,
1349 790 1472 846 qua:
1508 783 1637 830 sunt
1687 773 1739 828 itt
1791 773 2011 842 disper-

422 877 598 938 sione,
663 881 917 927 sa.ulem.
975 889 994 924 ι
1051 869 1185 924 Nam
1251 883 1375 923 cum
1427 869 1476 923 ei
1532 867 1718 922 liceret
1774 864 2012 935 seipsum

421 977 615 1018 vocare
649 961 978 1030 apestolnm,
1011 970 1108 1013 aut
1140 959 1482 1028 episcopum,
1515 967 1608 1010 aut
1654 957 1800 1025 quod
1839 954 2014 1024 majus

400 1067 522 1118 -εει,
556 1055 778 1108 fratrem
817 1054 1055 1116 Demini,
1089 1053 1293 1123 quibus
1323 1049 1638 1105 nominibus
1666 1049 1841 1118 ipsum
1874 1063 2015 1115 quo-

414 1162 522 1212 que
552 1143 756 1199 Paulus
790 1143 1117 1213 significavit
1151 1143 1402 1197 scribens
1429 1140 1494 1195 ad
1527 1139 1747 1195 Galatas
1770 1141 1790 1171 ⁸
1817 1177 1834 1204 ,
1867 1139 2016 1192 vide-

419 1251 503 1292 tur
557 1237 810 1292 delectari
846 1233 1252 1300 humilioribus;
1283 1249 1343 1288 se
1385 1248 1507 1286 esse
1558 1247 1776 1287 servum
1812 1229 2017 1284 Christi

421 1331 510 1384 Dei
535 1330 815 1401 signiﬁcat
842 1329 1091 1383 tribubus
1113 1326 1351 1393 lsraelis,
1371 1325 1455 1380 vel
1483 1327 1717 1379 maxime
1737 1322 2014 1394 preprium

419 1422 669 1493 magistri
728 1422 940 1493 insigne
993 1422 1199 1476 habens
1245 1421 1697 1485 moderationem,
1727 1429 1781 1474 et
1811 1434 1874 1473 ea
1910 1419 2015 1473 sibi

425 1519 598 1590 magis
631 1518 878 1590 placens,
902 1533 1067 1588 quam
1097 1517 1628 1588 episcopatusatque
1659 1514 2020 1570 fraternitatis

408 1614 711 1682 dignitate.

485 1703 560 1759 ν.
600 1705 704 1758 Sed
740 1720 860 1774 age,
893 1703 1176 1768 nonnulla,
1209 1719 1332 1773 quae
1369 1703 1622 1774 leguntur
1663 1702 1716 1757 iu
1754 1700 2017 1770 Epistula,

2116 581 2230 654 ἔχει
2279 583 2336 635 δὲ
2393 580 2568 644 οὕτως
2596 597 2609 611 ·
2650 598 2668 634 ι
2701 579 2958 643 Ἰάκωϐος
2983 579 3120 633 Θεοῦ
3155 581 3252 635 καὶ
3286 580 3492 650 Κυρίου
3529 578 3721 651 Ἰησοῦ

2117 674 2355 748 Χριστοῦ
2392 673 2603 739 δοῦλος,
2642 676 2761 737 ταῖς
2787 673 2997 727 δώδεκα
3037 673 3231 742 φυλαῖς
3264 675 3386 736 ταῖς
3413 675 3472 728 ὲν
3498 677 3561 744 τῇ
3593 674 3721 728 δια-

2117 769 2296 840 σπορᾷ
2348 766 2582 839 χαίρειν.
2626 785 2646 819 ι
2687 765 2838 831 Ἐξδν
2861 766 2974 837 γὰρ
3003 766 3151 834 αὐτῷ
3190 767 3493 823 ἀπόστολον
3523 768 3723 821 καλεῖν

2117 861 2333 926 ἑαυτὸν,
2367 860 2400 932 ἢ
2426 859 2754 924 ἐπίσκοπον,
2790 857 2824 929 ἢ
2850 859 2911 910 τό
2946 875 3008 926 γε
3040 859 3228 928 μεῖζον
3273 861 3452 913 εἰπεῖν
3475 860 3722 930 ἀδελφὸν

2115 951 2211 1005 τοῦ
2241 953 2474 1023 Κυρίου,
2517 945 2599 1014 οἷς
2619 950 2884 1021 ὀνόμασιν
2915 951 3080 1004 αὑτὸν
3109 953 3204 1005 καὶ
3246 951 3459 1016 Παῦλος
3480 954 3724 1022 γράφων

2117 1043 2389 1108 Γαλάταις
2423 1042 2696 1114 ἐδήλωσεν
2732 1059 2745 1074 ο
2795 1043 2822 1094 ὁ
2854 1042 2909 1095 δὲ
2939 1045 3053 1104 τοῖς
3083 1044 3494 1115 ταπεινοτέροις
3524 1045 3728 1112 φαίνε-

2117 1156 2209 1193 ται
2267 1140 2498 1208 χαίρων,
2550 1140 2646 1191 καὶ
2681 1136 2870 1189 δοῦλον
2903 1136 3096 1191 ἑαυτὸν
3151 1136 3392 1206 Χριστοῦ
3449 1137 3542 1190 τοῦ
3571 1133 3722 1190 Θεοῦ

2118 1231 2236 1293 ταῖς
2260 1232 2457 1298 φυλαῖς
2481 1227 2574 1282 τοῦ
2612 1226 2833 1299 Ἰσραὴλ
2867 1223 3008 1280 εἶναι
3054 1228 3317 1297 γνωρίζει
3341 1244 3354 1258 ο
3391 1226 3454 1280 τὸ
3485 1226 3724 1281 ίδιαίτα-

2119 1338 2212 1374 τον
2241 1320 2336 1374 τοῦ
2360 1319 2688 1374 διδασκάλου
2716 1319 3052 1388 παράσημον
3101 1317 3201 1387 τὴν
3238 1317 3725 1388 μετριο·,;ροσύντ,ν

2121 1409 2288 1481 ἔχων,
2349 1411 2444 1464 καὶ
2501 1409 2679 1482 ταύτῃ
2730 1411 3140 1482 σεμνυνόμενος
3183 1408 3452 1480 μᾶλλονῆ
3486 1411 3562 1480 τῷ
3611 1412 3724 1481 τῆς

2121 1503 2434 1574 ἐπισκοπῆς
2469 1503 2564 1558 καὶ
2595 1502 2674 1574 τῷ
2706 1501 3199 1575 τῆίάδελφότητος
3238 1500 3533 1575 ἀξιώματι.
3693 1501 3698 1504 ’

2197 1681 2271 1737 E'.
2315 1683 2458 1736 Ἀλλ’
2491 1683 2643 1746 ὅπως
2669 1681 2786 1736 ἔνια
2816 1681 3043 1736 καὶτῶν
3074 1684 3142 1753 τῇ
3163 1680 3458 1752 Ἐπιστολῇ
3480 1679 3732 1752 φερομέ-

415 1808 688 1866 quantum
747 1797 1087 1860 conceditur,
1143 1809 1558 1865 persequamur,
1609 1809 1707 1864 per
1743 1807 1865 1862 qua:
1907 1793 2022 1846 erit

2133 1795 2229 1830 νων
2259 1778 2401 1830 κατὰ
2431 1778 2493 1829 τὸ
2521 1775 2800 1846 ἐγχωροῦν
2822 1775 3216 1846 διεξέλθωμεν,
3249 1775 3317 1827 δι²
3347 1766 3423 1828 ὧν
3445 1773 3726 1844 εῦληπτεν

431 1843 688 1866 .,.._..._..-
751 1843 1087 1860 ------_--_-,
1143 1843 1558 1865 ,.--_-1
1609 1843 1696 1864 τ--
1749 1843 1861 1862 γ--
1922 1843 1962 1846 -,

431 1889 715 1945 manifesta
772 1889 918 1943 illius
975 1890 1174 1942 mentis
1223 1889 1455 1958 punitas,
1497 1897 1552 1940 et
1602 1895 1861 1940 accurata
1918 1883 2016 1936 do-

2133 1868 2276 1923 Ξσται
2303 1869 2399 1922 καὶ
2427 1870 2530 1940 τῆς
2557 1843 2800 1932 διανοτας
2825 1843 3132 1950 ὲκείνουςέὸ
3156 1867 3401 1940 καθαρὸν
3427 1869 3522 1922 καὶ
3618 1870 3727 1936 τῆς

405 1987 613 2038 ctrina.
651 1982 783 2036 Nam
820 1998 944 2038 cum
994 1979 1187 2036 fuisset
1229 1981 1281 2035 in
1321 1979 1588 2051 principio
1639 1979 1916 2048 Epistulae,
1964 1985 2020 2032 et

417 2075 823 2144 centemplaute
885 2074 1052 2128 animi
1117 2072 1277 2126 oculo
1337 2072 1757 2133 considerasset,
1827 2079 1887 2124 ttt
1937 2079 2022 2125 est

420 2182 785 2238 consequens,
824 2167 964 2236 quod
991 2165 1241 2235 quisquis
1275 2165 1342 2218 ad
1369 2164 1535 2216 Deum
1567 2163 1795 2225 accedit,
1829 2161 2021 2216 incidit

425 2263 477 2315 in
521 2262 851 2315 tentationes
893 2257 1050 2328 (Boni
1089 2258 1234 2312 enim
1269 2256 1598 2327 principium
1639 2264 1694 2309 et
1723 2255 1900 2320 radix,
1936 2261 2022 2308 est

426 2357 564 2410 Deus
602 2371 616 2407 :
656 2355 853 2408 bonmu
904 2361 1107 2414 autem,
1143 2359 1228 2404 est
1260 2350 1432 2404 virtus
1465 2366 1482 2402 ι
1527 2347 1612 2401 via
1659 2356 1865 2410 autem,
1901 2361 2023 2416 qua

425 2446 530 2501 fert
577 2447 642 2500 ad
677 2445 956 2509 virtutem,
993 2450 1086 2497 est
1132 2454 1322 2512 aSpera
1374 2449 1429 2495 et
1459 2439 1716 2503 difﬁcilis,
1756 2448 1810 2495 et
1856 2438 2021 2494 multa

426 2539 588 2594 habet
613 2540 848 2592 adversa
900 2545 1002 2592 :et
1049 2536 1170 2591 ideo
1205 2535 1386 2590 evenit
1435 2534 1681 2598 omnino,
1715 2543 1774 2586 ut
1819 2532 1910 2602 qui
1953 2534 2021 2588 ad

417 2631 592 2688 Deum
621 2632 907 2695 accedunt,
939 2630 989 2684 in
1025 2643 1111 2684 res
1143 2628 1383 2683 incidant
1416 2627 1732 2697 inaequales)
1765 2641 1780 2680 :
1817 2625 2020 2681 exhor-

426 2733 574 2778 tatur
618 2732 838 2777 sanctos
873 2720 940 2775 ad
977 2720 1234 2774 invictam
1272 2720 1590 2791 patientiam
1641 2729 1695 2773 et
1746 2733 2021 2790 nunquam

428 2819 733 2879 cedentem,
765 2815 933 2869 bonos
967 2813 1185 2868 imitans
1216 2828 1506 2883 puerorum
1554 2822 1938 2883 prmeeptores,
1971 2821 2027 2869 et

427 2909 519 2980 qui
549 2907 939 2963 convenienter
973 2905 1177 2975 legibus
1213 2905 1599 2960 decertationis
1631 2905 1814 2959 sciunt
1846 2907 2026 2958 decer-

412 3013 566 3054 ‘tare.
598 2997 739 3053 Dicit
767 2998 910 3052 enim
945 3015 957 3052 :
993 3015 1012 3049 ι
1050 2995 1223 3052 Omne
1252 2997 1508 3066 gaudium
1541 2997 1872 3060 existimate,
1908 2998 2024 3050 fra-

431 3105 544 3146 tres
577 3091 702 3155 mei,
734 3090 950 3154 quando
998 3089 1049 3143 in
1085 3088 1414 3142 tentatioues
1461 3087 1639 3142 varias
1703 3087 2022 3154 incideritis,

2121 1961 2477 2026 διδασκαλίας
2499 1962 2779 2033 ἀκρίϐεια.
2812 1962 2922 2014 Καὶ
2949 1962 3060 2033 γὰρ
3092 1963 3150 2014 ὲν
3173 1965 3236 2032 τῇ
3257 1963 3400 2033 ἀρχῇ
3431 1965 3530 2032 τῆς
3565 1961 3732 2014 Ἐπι-

2125 2057 2322 2128 στολῆς
2352 2056 2650 2126 γενόμενος
2679 2055 2773 2109 καὶ
2821 2056 3107 2125 σκοπήσας
3139 2055 3216 2126 τῷ
3246 2054 3571 2127 θεωρητικῷ
3616 2055 3728 2125 τῆς

2125 2150 2307 2221 ψυχῆς
2342 2148 2635 2218 ὀφθαλμῷ,
2685 2147 2765 2201 ὅτι
2795 2148 2976 2201 πάντα
3004 2147 3068 2218 δὴ
3101 2147 3192 2203 τὸν
3223 2149 3302 2220 τῷ
3336 2148 3458 2220 Θεῷ
3485 2167 3727 2221 προσερ-

2125 2245 2359 2316 χόμενον
2409 2241 2707 2297 ἀκόλουθον
2748 2243 3079 2314 πειρασμοῖς
3129 2242 3484 2313 περιπίπτειν
3538 2244 3728 2316 (ἀρχὴ

2129 2339 2229 2411 μὲν
2263 2336 2371 2410 γάρ
2403 2337 2497 2392 καὶ
2530 2334 2657 2408 ῥίζα
2718 2335 2811 2389 τοῦ
2841 2333 3051 2402 ἀγαθοῦ
3105 2337 3134 2390 ὁ
3167 2335 3321 2403 Θεὸς,
3353 2337 3558 2406 ἀγαθὸν
3602 2339 3658 2392 δὲ
3682 2341 3725 2408 ἠ

2124 2431 2318 2502 ἀρετὴ,
2343 2432 2378 2502 ἡ
2412 2430 2470 2482 δέ
2498 2446 2561 2498 γε
2588 2427 2726 2500 πρὸς
2757 2427 2961 2499 ἀρετὴν
2993 2428 3239 2499 φέρουσα
3277 2432 3508 2500 τραχεῖά
3531 2447 3590 2484 τε
3620 2433 3728 2486 καὶ

2127 2524 2406 2594 προάντης
2432 2522 2525 2574 καὶ
2554 2521 2727 2575 πολλὰ
2762 2520 2831 2575 τά
2860 2519 3222 2590 ἀντικείμενα
3249 2519 3455 2592 ἔχουσα
3474 2538 3488 2549 ·
3513 2523 3605 2578 καὶ
3631 2522 3730 2579 διὰ

2124 2617 2288 2672 τοῦτο
2323 2614 2618 2685 συμϐαίνει
2650 2614 2870 2677 πάντως
2899 2615 3013 2678 τοῖς
3055 2613 3194 2684 πρὸς
3239 2613 3377 2667 Θεὸν
3399 2616 3730 2686 ιρχομένοις

2125 2709 2444 2779 ἀνωμάλοις
2479 2706 2774 2778 πράγμασι
2809 2705 3216 2777 περιπίπτειν)·
3237 2704 3396 2759 τοῦτο
3424 2705 3488 2777 δὴ
3515 2707 3734 2778 σκοπή-

2128 2817 2230 2865 σας
2251 2799 2466 2868 ἀλείφει
2499 2799 2626 2862 τοὺς
2677 2798 2903 2861 πιστοὺς
2938 2798 3074 2868 πρὸς
3104 2798 3388 2868 ὑπομονὴν
3419 2799 3726 2868 ἀνένδοτον,

2125 2897 2254 2958 τοὺς
2279 2893 2480 2964 σοφοὺς
2516 2891 2860 2963 μιμούμενος
2904 2892 3285 2963 παιδοτρίϐας,
3336 2895 3433 2947 καὶ
3465 2895 3608 2948 κατά
3637 2895 3735 2948 νό-

2131 3005 2266 3060 μους
2321 2987 2610 3058 ἀθλήσεως
2669 2984 2854 3049 καλῶς
2917 2984 3222 3055 γυμνάζειν
3282 2987 3733 3056 ἐπισταμένουςο

2129 3080 2266 3151 φησι
2293 3081 2421 3151 γάρ’
2456 3096 2474 3130 ι
2500 3079 2691 3134 Πᾶσαν
2714 3078 2888 3148 χαρὰν
2921 3077 3224 3148 ἡγήσασθε,
3245 3077 3464 3147 ἀδελφοί
3495 3096 3619 3148 μου,
3643 3080 3731 3132 ὅτ’

429 3183 666 3238 scientes
695 3181 836 3249 quod
874 3179 1121 3251 probatio
1154 3178 1274 3234 fldei
1310 3188 1505 3234 vestrae
1543 3178 1858 3246 patientiam
1890 3193 2024 3249 ope-

2133 3172 2196 3226 ἂν
2237 3173 2566 3242 πειρασμοῖς
2615 3169 2953 3242 περιπέσητε
2994 3168 3262 3230 ποικίλοις
3287 3185 3300 3199 ’
3334 3187 3353 3221 ι
3381 3173 3472 3223 καὶ
3497 3172 3528 3240 ἡ
3552 3173 3730 3236 αίτία,

420 3271 668 3343 -ratur(5)
697 3269 1020 3344 :[patientia
1045 3282 1223 3324 autem
1250 3270 1546 3338 perfectum
1567 3285 1701 3339 epus
1726 3270 1944 3337 habeat,
1975 3282 2033 3327 ut

420 3363 488 3416 .in
534 3363 682 3416 nullo
734 3359 1020 3415 deﬁciatis.
1068 3359 1124 3416 Si
1196 3360 1281 3415 cui
1337 3370 1517 3415 autem
1569 3372 1808 3416 vestrum
1876 3363 2033 3418 diest

424 3455 720 3524 sapientia,
756 3463 904 3524 petat
933 3468 962 3505 a
1003 3451 1134 3517 Deo,
1166 3453 1255 3523 qui
1312 3455 1403 3507 dat
1452 3452 1707 3508 omnibus
1755 3453 2030 3520 absolute,

429 3563 622 3606 etnon
671 3549 967 3618 exprobta.
1022 3563 1042 3597 ι
1093 3544 1393 3601 Considera
1449 3553 1653 3611 autem,
1681 3559 1802 3600 cum
1828 3553 2032 3614 quanta

435 3647 693 3696 hortatur
724 3641 1013 3711 sapientia.
1041 3636 1160 3693 Non
1192 3638 1336 3692 enim
1369 3636 1708 3692 solummodo
1738 3637 2032 3701 snsdnere,

441 3741 534 3793 sed
568 3741 730 3794 etiam
762 3735 998 3807 gaudere
1029 3733 1409 3806 ingruentibus
1432 3733 1587 3802 jubet
1612 3733 2034 3800 tentatiouibus;
2075 3749 2178 3791 nec
2208 3735 2383 3791 solum
2453 3739 2714 3808 gaudere,

445 3833 663 3886 iiut-ere.
702 3829 884 3899 Neque
919 3842 1044 3881 vero
1075 3825 1205 3880 dicit
1236 3824 1502 3894 quaslibet
1537 3823 1900 3891 tentationes;
1933 3827 2028 3881 sed
2067 3842 2087 3876 ι

2139 3285 2158 3318 ι
2196 3267 2434 3331 Είδότες,
2466 3265 2625 3336 φησὶ,
2656 3265 2740 3318 ὃτι
2762 3264 2826 3318 τὸ
2859 3265 3106 3336 δοκίμιον
3142 3265 3296 3337 ὑμῶν
3335 3266 3434 3338 τῆς
3489 3268 3730 3330 πίστεως

2133 3358 2413 3431 ὑπομονὴν
2444 3356 2956 3429 κατεργάζεταιμι).
2982 3377 3002 3409 ι
3035 3355 3165 3412 Εἶτα
3181 3358 3241 3411 τὸ
3263 3360 3390 3429 περὶ
3411 3361 3506 3431 τὴν
3543 3361 3734 3415 πίστιν

2132 3451 2510 3522 ἀναμφίλογον
2539 3467 2600 3503 τε
2651 3450 2748 3503 καὶ
2780 3448 3039 3521 σταθερὸν
3100 3449 3458 3520 ὑποτίθησιν·
3502 3469 3521 3502 ι
3558 3451 3730 3520 ’Δνὴρ

2131 3543 2377 3615 δίψυχος,
2400 3543 2600 3612 λέγων,
2661 3543 3043 3606 ἀκατάστατος
3091 3543 3150 3596 ἐν
3202 3542 3409 3604 πάσαις
3437 3544 3555 3606 ταῖς
3581 3542 3728 3605 ὁδοῖς

2133 3638 2324 3694 αὐτοῦ.
2367 3656 2385 3690 ι

2795 3739 2890 3794 ιρὰ
2946 3741 2997 3796 id
3048 3741 3212 3796 etiam
3261 3755 3422 3795 omne
3471 3739 3727 3811 gaudium

2125 3825 2354 3892 Quando
2397 3829 2450 3882 itt
2524 3831 2704 3885 varias
2734 3830 3036 3885 incideritis
3075 3828 3454 3901 tentatioues].
3497 3847 3515 3882 ι
3547 3827 3729 3884 Causa

443 3937 624 3977 autent
672 3931 756 3978 est
799 3938 814 3975 :
853 3939 870 3973 ι
911 3919 1183 3983 Scientes,
1232 3916 1431 3987 inquit,
1479 3916 1624 3988 quod
1675 3919 1923 3987 probatio
1974 3918 2095 3975 fidei
2134 3933 2326 3978 vestrae
2371 3924 2686 3989 patientiam
2737 3934 3014 3994 operatur.
3081 3943 3100 3976 ι
3189 3923 3391 3978 Deinde
3431 3921 3731 3990 subjuugit,

445 4019 496 4070 in
533 4017 635 4071 fide
690 4016 886 4071 debere
933 4029 1052 4068 esse
1092 4014 1422 4077 lirmitatem,
1457 4022 1513 4069 et
1555 4013 1941 4080 constantiam,
2008 4025 2064 4071 et
2103 4017 2301 4072 nullam
2372 4005 3013 4087 dubitatiOnent,dicens
3055 4038 3068 4074 :
3106 4037 3124 4072 ι
3163 4017 3259 4073 Vir
3292 4018 3472 4072 animo
3505 4016 3728 4086 duplex,

446 4122 500 4165 et
535 4110 799 4164 instabilis
836 4109 886 4162 in
920 4106 1170 4160 onmibus
1203 4105 1303 4160 viis
1350 4105 1484 4160 suis.
1518 4123 1537 4157 ι

522 4206 608 4263 γι.
671 4205 824 4272 Quod
890 4213 1073 4258 autem
1140 4212 1322 4273 postea
1381 4201 1536 4268 dicit,
1588 4212 1847 4272 quantam
1912 4219 2036 4258 cum

451 4307 736 4353 venustate
791 4297 949 4349 habet
1003 4296 1165 4349 t-tiam
1202 4292 1660 4362 profunditatem?
1713 4313 1730 4348 ι
1763 4295 2040 4352 Glorietur

452 4393 616 4454 enim,
651 4390 844 4458 inquit,
898 4388 1114 4442 humilis
1169 4388 1386 4457 quidem
1438 4389 1490 4442 in
1542 4404 1639 4443 sua
1685 4389 1971 4445 altitudine
2021 4405 2037 4443 :

453 4484 604 4538 dives
631 4491 809 4543 autem
845 4481 897 4534 in
940 4495 1037 4534 sua
1070 4479 1396 4534 humilitate.
1445 4498 1465 4532 ι
1499 4478 1632 4534 Nam
1684 4497 1806 4536 cum
1838 4482 2039 4536 divitiae

2210 4202 2303 4271 ς’.
2351 4202 2417 4254 Ὅ
2451 4201 2508 4254 δὲ
2549 4201 2691 4271 μετὰ
2711 4199 2884 4256 ταῦτα
2916 4202 3085 4270 λέγει,
3110 4201 3278 4255 πόσον
3314 4200 3428 4271 ἔχει
3461 4200 3600 4272 μετὰ
3629 4202 3730 4272 χά-

2141 4313 2286 4369 ριτος
2312 4299 2407 4351 καὶ
2434 4295 2495 4350 τὸ
2518 4295 2722 4367 βάθος;
2753 4315 2772 4348 ι
2801 4297 3115 4367 Καυχάσθω
3143 4297 3272 4366 γὰρ,
3302 4297 3476 4367 {cp-11,6
3509 4297 3606 4368 μὲν
3636 4315 3734 4352 τα-

2140 4391 2404 4454 πεινδςξὲν
2427 4389 2506 4460 τῷ
2546 4388 2673 4458 ὕψει
2703 4389 2892 4454 αὑτοῦ,
2926 4393 2954 4443 ὁ
2973 4391 3029 4443 δὲ
3061 4389 3322 4454 πλούσιος
3351 4393 3412 4443 ὲν
3447 4394 3512 4463 τῇ
3536 4409 3732 4445 ταπει-

2141 4482 2541 4537 νιῦσειαύτοῦ.»
2565 4481 2718 4535 Ἐπεὶ
2745 4485 2856 4552 γὰρ
2885 4485 2914 4535 ὁ
2937 4482 3037 4552 μὲν
3065 4484 3294 4547 πλοῦτος
3326 4485 3619 4554 ἐπαγωγὸν
3647 4490 3732 4550 εἰς

454 4577 671 4646 quidem
723 4574 963 4629 ailieiant
1009 4571 1073 4626 ad
1114 4572 1448 4643 superbiant,
1505 4584 1796 4642 paupertas
1857 4585 2027 4628 auten:

2146 4574 2490 4640 ἀλαζονείαν,
2527 4575 2561 4646 ἡ
2613 4576 2778 4628 πενία
2827 4575 2886 4628 δὲ
2925 4576 3186 4630 ταπεινὸν
3211 4579 3304 4630 καὶ
3348 4578 3728 4648 μικρόψυχονο

455 4671 520 4723 ad
564 4669 923 4724 humilitatem
960 4677 1014 4721 et
1061 4665 1229 4719 animi
1281 4666 1676 4735 dejectionem;
1729 4668 1814 4722 ille
1849 4677 2037 4722 contra

451 4761 596 4833 jubet
659 4758 870 4822 facere,
926 4756 1145 4813 divitem
1190 4757 1422 4836 quidem
1493 4774 1647 4813 suam
1705 4760 2040 4816 constituere

458 4854 797 4909 altitudinem
828 4852 882 4906 in
921 4851 1179 4906 tnodestis
1205 4851 1548 4917 actionibus;
1581 4868 1873 4923 pauperem
1914 4868 2042 4908 vero

459 4949 561 5002 hoc
580 4947 754 5015 ipsum
773 4943 1413 5014 existimareidignitatem
1443 4959 1547 4998 non
1567 4944 2040 5009 contemnendam,

449 5045 494 5096 si
537 5055 731 5110 magno
761 5048 813 5092 et
848 5037 1065 5091 excelso
1113 5036 1294 5090 animo
1344 5035 1484 5090 ferat
1530 5048 1925 5107 paupertatem.
1961 5039 2039 5092 Ita

451 5135 830 5197 paupertatem
857 5137 912 5182 et
937 5127 1174 5192 divitias,
1205 5141 1328 5196 qua:
1380 5137 1504 5182 sunt
1539 5142 1681 5196 saepe
1718 5129 1898 5182 multis
1928 5145 2043 5182 ma-

449 5221 596 5276 teria
627 5221 693 5276 ad
725 5219 1081 5290 peccandum,
1108 5219 1390 5272 materiam
1422 5218 1582 5272 ellicit
1611 5221 1674 5272 ad
1699 5218 1788 5273 Dei
1815 5221 2039 5274 cultum.

453 5311 663 5368 Deinde
700 5326 887 5366 rursus
931 5326 1054 5366 cum
1106 5311 1291 5375 sciret,
1339 5310 1496 5380 cujus
1543 5312 1750 5380 glorize,
1787 5323 1840 5365 et
1875 5328 2038 5382 quam

451 5405 751 5461 multorum
793 5405 1054 5458 bonorum
1104 5404 1211 5457 sint
1269 5405 1597 5459 tentationes
1644 5407 2040 5460 cont-ilittrit'cs

451 5493 521 5549 iis
571 5496 661 5564 qni
693 5512 751 5550 se
783 5494 996 5549 fortiter
1027 5504 1244 5564 gerunt,
1286 5505 1536 5563 repetens
1571 5495 1699 5548 dicit
1731 5513 1746 5550 :
1787 5515 1804 5546 ι
1843 5494 2040 5550 Beatus

535 5615 551 5644 ¹
584 5613 701 5668 .‘atc.
737 5629 778 5674 ι,
821 5611 841 5663 Δ1
908 5627 1064 5680 seqq.
1168 5612 1188 5641 ¹
1222 5609 1400 5663 Galat.
1431 5624 1471 5675 t,
1511 5608 1597 5663 19.

2143 4669 2352 4730 ἐκεῖνος
2375 4667 2687 4722 τούναντίον
2711 4665 2924 4721 κελεύει
2952 4671 3124 4722 ποιεῖν
3145 4688 3153 4697 σ
3179 4667 3314 4739 ὕψος
3336 4670 3532 4725 ἑαυτοῦ
3557 4673 3727 4725 ποιλ-

2143 4758 2269 4811 σθαι
2302 4758 2364 4812 τὸ
2393 4759 2734 4830 μετριάζειν,
2760 4760 2854 4813 τὸν
2876 4763 3087 4831 πένητα
3115 4761 3174 4815 δὶ
3208 4761 3342 4816 αὐτὸ
3373 4763 3535 4817 τοῦτο
3563 4765 3725 4830 ἀξίω-

2147 4868 2225 4920 μα
2260 4851 2504 4922 νομίζειν
2527 4853 2589 4906 οῦ
2617 4854 2678 4906 τὸ
2707 4851 2892 4921 τυχὸν,
2947 4853 3006 4906 τὸ
3042 4853 3144 4924 τὴν
3178 4853 3374 4907 πενίαν
3409 4855 3597 4924 φέρειν
3629 4874 3729 4922 μεε-

2145 4943 2472 5014 γαλοψύχως
2490 4959 2504 4975 ο
2539 4942 2685 4998 οὕτω
2709 4945 2804 4998 καὶ
2834 4945 3029 4998 πενίαν
3055 4947 3149 5000 καὶ
3181 4947 3433 5009 πλοῦτον,
3455 4948 3582 5000 ὄντα
3610 4964 3639 4999 τ
3658 4951 3724 5010 ,ῖς

2149 5035 2364 5098 πολλοῖς
2397 5035 2658 5100 πολλάκις
2701 5038 2784 5101 είς
2810 5036 3091 5107 ἁμαρτίαν
3115 5079 3131 5105 ,
3177 5037 3312 5109 ὕλην
3350 5042 3430 5098 είς
3459 5039 3594 5091 Θεοῦ
3637 5041 3724 5092 θε-

2147 5128 2381 5197 ραπείαν
2406 5127 2590 5196 τίθησι
2625 5129 2720 5181 καὶ
2742 5128 3052 5200 ἀμφότερα.
3091 5130 3324 5185 Ἔπειτα
3355 5132 3521 5184 πάλιν
3566 5130 3724 5193 είδῦς

2143 5221 2259 5283 οῖας
2272 5221 2452 5291 δόξης,
2470 5223 2612 5275 ὅσων
2637 5223 2858 5290 ἀγαθῶν
2883 5224 3132 5293 πρόξενοι
3151 5226 3264 5289 τοῖς
3289 5223 3647 5296 καρτεροῦσιν
3675 5225 3725 5276 οἱ

2144 5311 2466 5382 πειρασμοὶ,
2493 5311 2991 5382 ὲπαναλαμδάνων,
3024 5332 3042 5365 ι
3068 5313 3382 5384 Μακάριος,
3411 5314 3601 5384 φησιν,
3630 5312 3728 5366 ἄν·

2143 5401 2362 5474 θρωπος
2391 5401 2449 5465 ὃς
2480 5403 2743 5472 ὑπομένει
2774 5403 3101 5473 πειρασμὸν,
3137 5404 3220 5458 ὅτι
3243 5405 3464 5475 δόκιμος
3495 5402 3726 5472 γενόμε-

2141 5512 2251 5558 νος,
2283 5495 2512 5566 λήψεται
2542 5495 2634 5549 τὸν
2667 5495 2931 5566 στέφανον
2966 5497 3064 5567 τῆς
3097 5497 3243 5566 ζωῆς
3265 5515 3281 5530 ο
3323 5517 3343 5551 ι
3380 5498 3457 5568 τῷ
3484 5512 3727 5567 μακαρι-

537 5730 610 5796 (5)
645 5727 776 5793 Qum
821 5727 908 5780 hic
937 5736 1258 5793 sequuntur,
1285 5727 1436 5778 uncis
1470 5726 1701 5788 inclusa,
1733 5722 1931 5779 desunt
1978 5727 2032 5778 in
2067 5733 2252 5780 nostro
2281 5738 2382 5777 ms.
2407 5723 2618 5779 Grmco.

533 5849 602 5915 (ὁ)
631 5845 790 5900 Plura
819 5846 1096 5916 aliquanto
1133 5844 1396 5898 habentur
1428 5846 1480 5900 in
1518 5862 1620 5902 ms.
1655 5844 1879 5914 Veneto,
1913 5861 2034 5916 quae
2076 5846 2193 5899 ride
2222 5846 2272 5898 in
2303 5847 2554 5901 versione
2575 5843 2790 5909 Latina,
2821 5844 2838 5916 [
2880 5844 2898 5916 ]
2929 5847 3084 5899 uncis
3112 5843 3343 5900 iuetusa.
