4010 6436
416 361 521 423 :07
1731 363 1986 423 MENSE:

2092 365 2332 426 MIUS.

3575 375 3687 438 2C8

417 481 737 550 placeamus
766 474 1094 541 hominibus,
1129 487 1303 542 neque
1329 487 1642 544 quaeramus
1673 473 1898 544 gloriam
1935 490 1986 529 ex

2110 476 2348 542 ἐπίλεξιν
2375 477 2664 544 γινόμενον
2705 478 2940 549 ἀναιρεῖ,
2966 479 3233 534 διδάσκων
3269 482 3347 552 μὴ
3380 481 3515 552 πρδς
3548 483 3681 554 ἀρέ-

417 568 750 633 nomiuihus,
771 567 994 622 humilia
1016 577 1071 621 et
1096 567 1306 635 abjecta
1329 565 1632 636 cogitantes
1661 583 1676 622 :
1706 567 1800 621 sed
1823 565 1992 620 Deum

411 662 590 715 solum
632 673 898 720 amemus.
946 664 1000 709 ct
1047 656 1166 725 ejus
1205 655 1348 724 quod
1384 655 1444 710 ﬁt
1487 655 1788 710 habeamus
1816 656 1992 726 ipsum

413 758 768 815 inulaturem,
795 761 849 804 et
879 751 1376 824 remunerationem
1399 749 1468 804 ab
1497 763 1563 803 eo
1587 758 1990 819 exspectemus.

414 849 649 903 incendo
687 860 812 898 vero
846 858 970 896 eum
1005 841 1174 909 legem
1209 840 1434 908 implere
1474 839 1701 907 regiam,
1748 839 1839 908 qui
1871 838 1987 890 dili-

407 942 481 1010 git
514 936 819 1008 proximum
849 933 992 986 sicut
1021 931 1282 999 seipsum,
1318 928 1519 983 oscitat
1551 928 1616 980 a-.l
1647 925 1875 979 fratrum
1909 925 1990 976 di-

411 1035 723 1089 lectionem,
780 1039 845 1077 ex
906 1020 1023 1090 ejus
1080 1019 1172 1087 qui
1228 1019 1398 1087 legem
1461 1016 1659 1070 tulerat
1708 1015 1988 1082 dignitate,

409 1127 588 1179 sciens
617 1122 778 1190 hujus
814 1114 1073 1188 praecepti
1116 1111 1544 1182 magnitudinem
1587 1117 1640 1164 et
1688 1106 1987 1177 pulchritu-

405 1221 587 1275 dinem
616 1234 632 1270 :
665 1227 722 1269 et
755 1211 898 1281 quod
929 1209 1086 1278 plena
1121 1205 1256 1275 lcgis
1284 1203 1622 1274 adimpletio,
1662 1210 1747 1255 est
1771 1198 1989 1254 dilectio

409 1312 461 1364 in
497 1310 846 1377 proximum;
899 1315 950 1358 et
991 1309 1093 1356 hoc
1129 1299 1304 1368 ipsqu
1344 1306 1428 1351 est
1456 1309 1667 1351 summa
1698 1292 1986 1346 bonorum.

479 1578 550 1635 Χ.
601 1574 885 1643 Quomodo
932 1577 1112 1624 autem
1165 1571 1345 1619 movet
1392 1563 1458 1616 ad
1513 1554 1989 1616 miscricordiam?

411 1672 645 1726 'It-rrens
675 1659 1090 1720 immisericordi
1125 1669 1178 1711 et
1211 1655 1532 1719 inevitabili,
1560 1653 1702 1723 quod
1728 1651 1837 1705 illic
1879 1656 1984 1713 est,

407 1764 629 1833 judicio.
670 1778 688 1811 t
728 1756 1020 1817 Iudicium,
1077 1751 1292 1821 inquit,
1335 1749 1453 1803 sine
1503 1745 1871 1799 misericordia
1907 1743 1982 1807 ei,

2100 582 2290 620 σκειαν
2341 565 2492 637 βιοῦν
2521 567 2899 640 ἀνθρωπίνην,
2961 572 3096 642 μηδὲ
3150 572 3251 643 τὴν
3293 574 3352 639 ἐξ
3375 574 3683 646 ἀνθρώπων

2095 657 2375 729 ἐπιζητεῖν
2395 660 2575 725 δόξαν,
2604 661 2917 734 χαμαίζηλα
2941 663 3272 735 φρονοῦντας
3305 667 3398 719 καὶ
3427 667 3679 721 ταπεινάο

2095 750 2232 804 ἀλλὰ
2282 750 2416 804 Θεὸν
2471 752 2632 821 μόνον
2670 755 2867 821 φιλεῖν,
2926 759 3020 810 καὶ
3062 758 3358 826 ἐπαινέτην
3411 758 3558 829 ἔχειν
3584 759 3680 814 τοῦ

2095 845 2409 915 γινομένου,
2447 846 2542 896 καὶ
2571 847 2700 916 παρ’
2729 846 2897 900 αὑτοῦ
2928 848 3027 917 τὴν
3070 849 3344 902 ἀντίδοσιν
3382 851 3681 920 ἀπεκδέχε-

2096 937 2244 992 σθαι.
2283 937 2374 1008 Τῷ
2404 938 2462 991 δὲ
2513 939 2609 992 καὶ
2640 939 2804 1008 νόμον
2831 941 3000 1008 φάναι
3039 940 3317 1011 βασιλικὸν
3367 941 3682 1014 ἐκπληροῦν

2092 1029 2182 1082 τδν
2211 1030 2518 1097 ἀγαπῶντα
2544 1031 2635 1083 τὸν
2667 1029 2895 1101 πλησίον
2925 1031 3000 1095 ὡς
3031 1032 3242 1097 ἑαυτὸν,
3286 1034 3422 1102 πρὸς
3450 1033 3550 1105 τὴν
3574 1033 3684 1087 τῶν

2091 1121 2336 1190 ἀδελφῶν
2365 1122 2588 1190 ἀγάπην
2609 1121 2898 1192 διερεθίζει
2925 1123 3006 1193 τῷ
3034 1123 3307 1194 ἀξιώματι
3334 1123 3430 1177 τοῦ
3455 1124 3679 1194 νομοθε-

2091 1215 2380 1280 τήσαντος,
2413 1213 2513 1282 τῆς
2547 1213 2770 1282 ἐντολῆς
2799 1213 3002 1283 ταύτης
3028 1211 3185 1278 εἰδὼς
3227 1214 3289 1266 τὸ
3321 1215 3552 1283 μέγεθος
3583 1213 3681 1271 καὶ

2091 1304 2153 1356 τὸ
2186 1304 2404 1370 κάλλος,
2434 1305 2528 1357 καὶ
2558 1305 2640 1357 ὅτι
2674 1305 2950 1375 πλήρωμα
2984 1306 3154 1373 νόμου
3185 1307 3218 1376 ἠ
3258 1305 3395 1375 πρὸς
3422 1305 3513 1358 τδν
3545 1305 3680 1377 πλη-

2093 1394 2210 1448 σίον
2233 1395 2445 1466 ἀγάπη,
2473 1398 2567 1448 καὶ
2589 1395 2747 1450 τοῦτο
2772 1397 2837 1468 δὴ
2867 1396 3024 1450 τοῦτο
3049 1396 3158 1450 τῶν
3181 1396 3406 1466 ἀγαθῶν
3428 1399 3491 1450 τὸ
3509 1397 3684 1466 κεφά-

2090 1486 2156 1539 λα
2166 1504 2268 1542 ιον.

2162 1581 2219 1632 l'.
2253 1579 2442 1642 Ὅπως
2477 1579 2532 1633 δὲ
2563 1579 2661 1634 καὶ
2696 1578 2830 1648 πρὸς
2864 1578 3016 1633 ἔλεον
3049 1579 3304 1650 διεγείρει
3333 1596 3349 1646 ;
3397 1579 3560 1634 Μάλα
3593 1597 3683 1635 σο-

2089 1669 2206 1739 φῶς
2229 1670 2497 1723 δυσωπῶν
2524 1670 2602 1741 τῷ
2635 1670 2857 1740 ἁνηλεεῖ
2888 1672 2984 1724 καὶ
3010 1671 3387 1743 ἁπαρακλήτῳ
3417 1673 3514 1742 τῆς
3537 1673 3681 1726 ἐκεῖ·

2091 1762 2183 1815 θεν
2210 1764 2466 1832 κρίσεως.
2513 1782 2530 1814 ι
2562 1762 2811 1816 Ἀνέλεον
2862 1767 2972 1833 γρ
3004 1761 3108 1832 ἔφη
3161 1762 3259 1834 τὴν
3293 1763 3472 1830 κρίσιν
3493 1762 3572 1832 τῷ
3603 1762 3681 1833 μὴ

410 1823 498 1926 ηαξ
531 1872 635 1908 non
667 1853 792 1906 ferit
823 1845 1249 1903 misericordiam
1284 1860 1296 1896 :
1338 1861 1355 1893 ι
1388 1856 1482 1909 per
1517 1839 1615 1892 hoc
1655 1837 1985 1900 concedens,

2093 1861 2381 1924 ποιήσαντι
2401 1854 2549 1908 ἔλεον
2575 1873 2619 1906 ἰ
2655 1856 2746 1908 καὶ
2776 1853 3231 1924 κατακαυχᾶοθαι
3252 1853 3400 1907 ἔλεον
3421 1854 3681 1924 κρίσεως,

411 1963 460 2002 ιιι
498 1943 865 2001 miserit-ordia
894 1939 1155 2010 glorietur
1184 1935 1303 2003 plus
1341 1949 1502 2003 quam
1529 1929 1824 2002 judicium,
1853 1944 1990 1998 qua-

411 2054 568 2094 tenus
613 2038 689 2091 ilh
731 2033 822 2088 dat
863 2029 1168 2085 victoriam.
1201 2029 1339 2097 Quin
1367 2025 1532 2079 etiam
1558 2024 1629 2078 ita
1661 2022 1795 2077 dicit
1828 2023 1986 2075 [idem

408 2150 543 2201 opus
585 2132 783 2186 habere
829 2127 1070 2187 actione,
1120 2123 1260 2177 sicut
1315 2134 1513 2190 corpus
1563 2127 1688 2188 eget
1747 2118 1984 2186 spiritu:

408 2230 611 2291 absque
641 2238 702 2275 ea
723 2229 917 2273 .autem
955 2229 1074 2269 esse
1112 2224 1378 2268 mortuam
1409 2221 1462 2264 et
1496 2211 1767 2272 inutilem,
1793 2217 1848 2259 ut
1879 2221 1985 2260 non

410 2319 750 2372 conﬁdamus
783 2312 836 2364 in
867 2325 930 2363 eo
959 2307 1128 2362 solum
1165 2305 1304 2373 quod
1338 2303 1648 2367 credamus,
1674 2309 1727 2354 et
1752 2301 1988 2354 inaniter

408 2391 724 2480 gloriemur.
763 2403 877 2458 lloe
910 2409 1089 2454 autem
1124 2397 1317 2466 probat
1364 2394 1576 2458 statim,
1620 2393 1898 2448 Abraham
1934 2398 1990 2445 ct

410 2499 562 2553 linab
607 2497 885 2552 adducens
943 2491 996 2545 in
1067 2487 1486 2544 testimonium:
1538 2485 1687 2538 illum
1743 2483 1982 2553 quidem,

406 2590 496 2660 qui
529 2603 648 2641 cum
679 2584 782 2638 (ide
807 2583 954 2636 isaac
983 2594 1195 2649 quoque
1219 2576 1412 2631 obtulit
1441 2593 1456 2640 ;
1493 2578 1633 2628 hanc
1665 2584 1842 2626 autem
1868 2586 1988 2642 qua:

405 2678 771 2749 Speculatores
828 2687 924 2743 per
963 2671 1122 2724 alia'tn
1169 2669 1310 2722 viam
1368 2665 1696 2720 trauSmisit.
1745 2661 1809 2716 Et
1856 2661 1985 2731 quid

403 2783 540 2840 Opus
581 2777 684 2830 est,
715 2776 771 2817 ut
802 2761 1010 2832 singula
1040 2757 1394 2815 enumerem?
1430 2755 1526 2810 Vix
1561 2755 1725 2810 ullam
1760 2764 1987 2826 praeter-

411 2861 560 2917 misit
591 2874 655 2914 ex
691 2855 983 2911 virtutibus
1029 2853 1347 2910 moralibus.
1382 2851 1450 2904 ad
1487 2864 1649 2919 quam
1699 2864 1802 2899 non
1851 2845 1988 2898 inci-

408 2954 605 3010 taverit
645 2953 819 3004 virum
855 2949 1000 3019 pium
1036 2962 1098 3000 ac
1133 2945 1466 3012 refigiosum,
1505 2957 1626 2994 cmn
1659 2941 1824 2994 multa
1859 2954 1986 3008 pro-

410 3047 711 3110 babilitate,
758 3042 930 3110 gratia
975 3053 1039 3092 ac
1079 3035 1444 3106 iucunditate.
1489 3029 1538 3083 ls-
1583 3031 1782 3098 lingua:
1814 3029 1984 3097 legem

2089 1945 2267 2017 τούτῳ
2300 1947 2476 2010 διδοὺς
2507 1947 2650 2016 ἥπερ
2693 1946 2879 2016 ἐκείνη
2918 1947 2990 1998 τὰ
3021 1947 3344 2016 νικητήρια.
3383 1945 3546 1999 una
3585 1945 3682 1999 καὶ

2088 2039 2187 2108 τὴν
2219 2037 2574 2114 πίστινὴοὖτω
2605 2037 2814 2090 δεῖσθαί
2849 2054 2982 2116 φησι
3026 2037 3127 2107 τῆς
3165 2039 3439 2107 πράξεως.
3471 2037 3548 2102 ὡς
3577 2038 3683 2092 δεῖ·

2088 2146 2178 2182 ται
2225 2130 2285 2183 τὸ
2349 2131 2506 2199 σῶμα
2564 2129 2658 2182 τοῦ
2705 2129 3055 2198 πνεύματος·
3108 2129 3316 2197 ταύτης
3397 2130 3453 2184 δὲ
3510 2132 3680 2200 χωρὶς

2089 2224 2294 2293 νεκρὰν
2354 2217 2464 2276 οἷον
2511 2223 2788 2293 ὑπάρχειν
2820 2223 2990 2294 αὐτὴν
3014 2225 3108 2277 καὶ
3139 2225 3400 2293 ἀνόνητον
3422 2242 3435 2256 ·
3476 2226 3562 2280 ἵνα
3603 2226 3680 2299 μὴ

2089 2315 2149 2366 τὸ
2185 2312 2466 2366 πιστεύειν
2492 2316 2657 2384 μόνον
2686 2313 3078 2384 ἑπιθαρρῶμεν
3132 2315 3228 2369 καὶ
3262 2315 3352 2368 διὰ
3397 2316 3558 2387 κενῆς
3585 2318 3682 2384 έγ-

2091 2404 2450 2476 καυχώμεθα.
2510 2407 2623 2459 Καὶ
2684 2407 2863 2458 πείθει
2905 2407 3069 2460 τοῦτο
3119 2407 3317 2476 λέγων,
3373 2407 3537 2472 εὐθὺς
3586 2410 3679 2464 τὸν

2102 2497 2358 2568 Ἀϐραὰμ
2419 2499 2510 2549 καὶ
2562 2497 2659 2568 τὴν
2702 2497 2877 2552 Ῥααό
2916 2500 3188 2569 παράγων
3227 2503 3308 2563 είς
3365 2500 3678 2573 μάρτυρας,

2089 2587 2182 2640 τὸν
2217 2587 2315 2657 μὲν
2347 2589 2486 2658 μετὰ
2510 2587 2609 2655 τῆς
2639 2587 2878 2650 πίστεως
2908 2591 3003 2642 καὶ
3030 2589 3121 2642 τὸν
3160 2589 3348 2645 Ἰσαὰκ
3381 2593 3682 2662 προσενέγ-

2088 2697 2284 2742 κοντα,
2320 2680 2418 2746 τὴν
2451 2680 2505 2732 δὲ
2539 2683 2650 2743 τοῖς
2687 2684 3062 2746 κατασκόποις
3095 2682 3162 2736 δι’
3195 2684 3388 2754 ἑτέρας
3419 2684 3542 2739 ὁδοῦ
3574 2703 3681 2739 πα-

2090 2771 2542 2843 ραπεμφθείσαν.
2575 2773 2683 2826 Καὶ
2719 2772 2771 2824 τί
2803 2791 2872 2842 με
2923 2774 3004 2827 δεῖ
3030 2775 3097 2828 τὰ
3130 2775 3252 2830 καθ’
3293 2777 3526 2833 ἕκαστον
3557 2780 3679 2850 ἀρι-

2088 2865 2346 2934 θμεῖσθαι
2382 2881 2396 2929 ;
2441 2865 2631 2934 σχεδὸν
2663 2866 2772 2937 γὰρ
2800 2867 2920 2920 οὐδὲ
2977 2868 3109 2938 μίαν
3158 2869 3387 2922 ὑπέλιπε
3419 2871 3527 2924 τῶν
3559 2872 3682 2942 ἠθι-

2088 2955 2202 3008 κῶν
2238 2957 2472 3028 ἀρετῶν,
2537 2957 2674 3026 πρὸς
2726 2958 2793 3028 ἣν
2854 2959 2954 3012 ούκ
3007 2961 3232 3030 ἠρέθισε
3270 2961 3363 3015 τδν
3405 2962 3677 3031 φιλόθεον.

2091 3047 2230 3117 μετὰ
2260 3047 2458 3101 πολλοῦ
2489 3047 2584 3100 τοῦ
2623 3047 2854 3102 πιθανοῦ
2895 3052 2990 3104 καὶ
3016 3053 3114 3120 τῆς
3141 3053 3386 3124 χάριτος.
3416 3050 3584 3119 Οὗτος
3605 3059 3676 3129 τῇ

408 3139 574 3200 dedit,
609 3148 664 3190 ut
688 3136 779 3205 qui
811 3143 864 3187 et
893 3133 944 3185 in
978 3141 1219 3198 tempore
1243 3125 1551 3185 tacendum,
1585 3131 1639 3176 et
1663 3120 1716 3174 in
1745 3132 1985 3189 tempore

2092 3140 2312 3213 γλώσσῃ
2337 3141 2540 3212 θεσμὸν
2573 3142 2836 3213 ἐπέθηκε,
2862 3146 3077 3216 σιωπᾷν
3105 3120 3172 3198 τε
3190 3120 3333 3200 κατὰ
3357 3150 3548 3220 καιρὸν
3578 3120 3680 3204 καῖ

404 3230 690 3284 dicendum
719 3234 974 3280 accurate
1005 3221 1248 3275 doceret.
1297 3217 1344 3270 Is
1378 3225 1604 3284 paterae
1635 3213 1790 3266 docet
1831 3213 1986 3278 sequi

406 3322 625 3390 quidem
659 3317 972 3375 veritatem,
1020 3327 1048 3363 a
1098 3309 1236 3363 falso
1266 3317 1445 3361 autem
1490 3302 1782 3356 abstinere.
1819 3299 1989 3355 Porro

406 3420 584 3462 autem
623 3407 860 3474 linguam
904 3414 1120 3471 quoque
1152 3397 1470 3451 maledicam
1515 3406 1566 3446 et
1610 3392 1988 3446 calumniatri-

407 3516 521 3554 cem
548 3498 840 3568 plurinnnn
869 3500 1114 3547 aecus-at.
1146 3487 1211 3542 Et
1243 3488 1309 3542 de
1341 3488 1650 3556 propinquo
1679 3484 1986 3539 clanculum

405 3591 713 3652 detrahere,
752 3585 1038 3640 autetiam
1073 3594 1197 3634 enm
1240 3578 1512 3649 judicare,
1557 3577 1625 3630 ab
1659 3575 1858 3629 animis
1895 3575 1990 3628 ho-

411 3683 611 3736 minum
637 3677 833 3748 .procul
865 3676 1162 3748 propulsat.

478 3771 570 3826 XI.
603 3765 778 3824 Tuum
811 3783 946 3836 opus
976 3776 1083 3826 est.
1125 3779 1156 3817 0
1191 3761 1364 3828 Juste,
1395 3761 1588 3816 divites
1618 3773 1832 3828 quoque
1866 3775 1988 3812 rur-

406 3880 501 3920 sus
526 3875 578 3919 et
603 3876 872 3933 pauperes
901 3861 1195 3914 admouere
1223 3872 1239 3912 :
1294 3855 1413 3908 illos
1440 3853 1681 3922 quidem,
1713 3867 1780 3906 ne
1814 3853 1986 3906 conii-

409 3956 539 4010 dant
577 3956 628 4008 in
661 3953 867 4006 divitiis
901 3966 916 4004 :
953 3951 1053 4004 hos
1075 3960 1279 4012 autem,
1314 3959 1370 4000 ut
1402 3946 1540 4000 mala
1563 3947 1746 4000 [erant
1780 3947 1989 4014 patien-

403 4059 510 4113 ter,
538 4057 593 4099 ut
622 4046 712 4112 qui
742 4043 852 4097 sint
885 4041 1177 4095 tolerantiae
1204 4039 1478 4108 accepturi
1513 4039 1841 4104 mercedem,
1867 4053 1990 4107 qua:

407 4156 513 4193 non
565 4145 741 4205 potest
790 4134 992 4188 auferri
1039 4149 1054 4186 :
1111 4142 1166 4186 et
1221 4131 1327 4186 illis
1384 4130 1601 4199 quidem
1657 4129 1988 4184 inﬁdelitatis

407 4238 790 4300 argumentum
835 4226 1056 4279 divitias
1100 4224 1359 4294 objicere,
1405 4231 1463 4276 ut
1497 4223 1585 4291 qui
1620 4223 1674 4276 in
1708 4221 1788 4276 eis
1814 4221 1987 4276 conii-

408 4325 566 4386 dant,
598 4329 652 4373 et
683 4334 790 4373 non
817 4318 870 4370 in
907 4317 998 4371 Dei
1025 4317 1171 4382 sinu,
1204 4316 1292 4384 qui
1321 4329 1597 4386 nunquam
1630 4314 1982 4382 exhauritur;

409 4413 495 4467 his
533 4424 734 4473 autent,
778 4419 1036 4478 tanquam
1084 4410 1403 4479 prophetam
1453 4409 1804 4474 annuntiare,
1839 4407 1986 4479 quod

2092 3233 2272 3302 λέγειν
2303 3237 2757 3306 ἁκριϐωσάμενος
2779 3253 2792 3266 ο
2820 3230 2976 3300 οὗτος
3007 3239 3106 3306 τῆς
3136 3241 3235 3308 μὲν
3261 3239 3521 3312 ἀληθείας
3553 3241 3677 3313 ἔχε-

2094 3326 2240 3393 σθαι,
2275 3327 2369 3380 τοῦ
2420 3328 2651 3397 ψεύδους
2683 3329 2739 3383 δὲ
2772 3332 2864 3383 καὶ
2896 3331 3026 3400 μίαν
3055 3331 3359 3402 ἀπέχεσθαι
3391 3333 3677 3404 πατρικῶς

2091 3418 2362 3474 διδάσκειο
2415 3423 2476 3474 οὐ
2528 3421 2638 3493 μὴν
2671 3423 2810 3477 ἀλλὰ
2847 3423 3064 3493 καὶτῆς
3099 3425 3392 3495 φιλοψόγου
3428 3426 3677 3499 γλώττης

2092 3510 2188 3563 καὶ
2212 3511 2462 3566 διαϐόλου
2490 3513 2719 3567 πλεῖστα
2745 3519 3062 3585 κατηγορεῖ,
3091 3517 3184 3570 καὶ
3214 3517 3274 3570 τδ
3293 3517 3467 3588 λάθρα
3500 3519 3558 3572 δὲ
3578 3519 3676 3574 τοῦ

2091 3601 2323 3674 πλησίον
2369 3605 2719 3671 καταλαλεῖν,
2753 3609 2785 3679 ἢ
2825 3608 2920 3661 καὶ
2952 3609 3159 3675 κρίνειν
3201 3609 3300 3678 τῆς
3326 3611 3434 3662 τῶν
3458 3608 3675 3684 ἀνθρώ-

2091 3710 2209 3748 πων
2229 3695 2471 3759 διανοίσις
2501 3700 2722 3769 μακρὰν
2748 3699 3074 3756 ἀπωθεῖται.

2162 3786 2261 3841 IA'.
2295 3789 2396 3840 Σδν
2427 3787 2606 3858 ἔργον,
2651 3784 2694 3842 ὦ
2729 3791 2926 3858 δίκαιε,
2978 3793 3074 3847 καὶ
3101 3793 3162 3846 τδ
3208 3792 3485 3860 πλουσίοις
3513 3790 3677 3860 αὖθις

2091 3877 2184 3929 καὶ
2210 3879 2403 3947 πένησι
2431 3880 2786 3950 παραινέσαι,
2812 3883 2940 3944 τοὺς
2978 3883 3071 3935 ἐπὶ
3103 3885 3180 3955 τῷ
3215 3885 3429 3957 πλούτῳ
3465 3887 3543 3959 μὴ
3573 3904 3677 3940 πε-

2091 3965 2360 4032 ποιθέναι,
2385 3972 2509 4032 τοὺς
2528 3969 2584 4021 δὲ
2602 3970 2979 4041 μακροθύμως
3011 3973 3200 4042 φέρειν
3224 3975 3300 4038 ώς
3330 3975 3676 4046 ληψομένους

2093 4057 2284 4123 μισθὸν
2314 4063 2410 4130 τῆς
2453 4061 2735 4131 ὑπομονῆς
2788 4063 3184 4132 ἀναφαίρετον
3246 4068 3522 4132 κάκείνοις
3570 4067 3676 4138 μὲν

2091 4149 2312 4221 ἔλεγχον
2342 4152 2442 4222 τῆς
2486 4155 2745 4218 ἀπιστίας
2797 4157 2891 4208 τὸν
2927 4156 3158 4211 πλοῦτον
3204 4159 3437 4224 τιθέναι,
3465 4159 3562 4215 an
3606 4161 3673 4233 δὴ

2090 4239 2178 4292 ἐπ’
2211 4241 2358 4313 αὐτῷ
2392 4244 2727 4314 θαῤῥήσασι,
2759 4249 2852 4298 καὶ
2881 4247 2958 4317 μὴ
2990 4247 3214 4312 κόλποις
3254 4253 3366 4313 τοῖς
3396 4249 3673 4320 μηδέποτε

2091 4333 2439 4401 κενουμένοις
2467 4350 2478 4363 ·
2534 4336 2647 4396 τοῖς
2676 4334 2733 4387 δὲ
2769 4331 2857 4389 οἷα
2897 4340 3186 4410 προφήτης
3217 4339 3674 4409 εὐαγγελίζεσθαι

2091 4423 2200 4492 πρὸ
2232 4422 2341 4474 τών
2371 4423 2554 4497 θυρῶν
2584 4426 2808 4482 ἑστάναι
2840 4430 2931 4481 τδν
2957 4430 3240 4500 κρίναντα.
3278 4431 3351 4485 Τὸ
3383 4433 3438 4485 δὲ
3475 4432 3550 4505 μὴ
3573 4433 3675 4504 την

406 4519 504 4572 pro
542 4503 746 4558 foribus
791 4511 897 4556 stat
942 4503 987 4556 is
1039 4501 1129 4570 qui
1163 4500 1392 4570 judicat.
1438 4499 1574 4556 Illud
1629 4511 1836 4564 autem,
1876 4515 1983 4556 non

2092 4513 2399 4582 ιπιορκιαν,
2427 4514 2565 4569 ἀλλὰ
2601 4519 2698 4571 και
2738 4519 2902 4572 αὑτὸν
2933 4499 3022 4574 τιν
3073 4522 3235 4593 ὅρκον
3260 4523 3447 4588 ἁπλῶς
3476 4499 3672 4598 ιέτρέ.

406 4595 698 4664 periurium
723 4593 921 4657 solum,
941 4593 1033 4648 sed
1062 4594 1142 4648 vel
1167 4594 1341 4662 ipsum
1364 4593 1584 4646 omnino
1605 4591 1984 4663 jusjurandum

405 4687 661 4740 declinari
704 4686 921 4749 debere,
975 4685 1263 4755 cujusnam
1307 4685 1553 4749 alterius,
1587 4700 1747 4756 quam
1789 4684 1986 4755 lingua

396 4779 562 4844 jttsL'Il
605 4778 772 4832 fuerit
813 4778 1133 4842 admonitio,
1174 4776 1447 4833 dicentis‘
1483 4792 1498 4830 :
1539 4796 1560 4830 ι
1605 4779 1746 4833 Ante
1776 4776 1982 4843 omnia,

403 4869 600 4922 fratresl
638 4869 765 4934 mei,
812 4869 977 4923 nolite
1012 4871 1236 4922 omnino
1276 4869 1490 4938 jurare,
1539 4885 1715 4940 neque
1744 4884 1842 4940 per
1871 4881 1988 4924 co:-

403 4961 540 5024 luzu,
598 4975 772 5030 neque
815 4975 911 5028 per
955 4969 1180 5022 terram,
1214 4973 1387 5030 neque
1420 4960 1587 5015 ullum
1639 4961 1784 5018 aliud
1829 4963 1988 5034 jura-

407 5061 688 5106 mentum:
723 5053 792 5104 sit
835 5061 1016 5106 autem
1053 5065 1315 5115 vestrum,
1347 5052 1511 5108 Certe
1545 5063 1712 5122 certe,
1753 5065 1830 5121 et,
1862 5055 1984 5112 Non

403 5155 534 5203 non,
596 5155 662 5193 ne
711 5140 812 5194 sub
853 5141 1066 5208 judicio
1113 5142 1402 5197 decidatis.
1459 5161 1479 5195 ι
1536 5143 1662 5209 Eos,
1714 5147 1805 5216 qui
1855 5157 1984 5202 sunt

403 5245 595 5283 sereno
629 5240 683 5282 et
731 5230 1027 5299 tranquillo
1059 5233 1265 5297 animo,
1315 5235 1492 5299 docet,
1548 5243 1608 5289 ut
1646 5250 1705 5290 se
1736 5239 1985 5294 muniant

401 5325 690 5388 oratione;
737 5338 852 5387 eos,
898 5323 988 5392 qui
1040 5334 1326 5394 aegrotant,
1357 5327 1559 5382 utoleo
1587 5337 1810 5383 utantur
1853 5346 1978 5386 cum

397 5415 645 5467 oratione
701 5415 1002 5470 sacerdotis
1051 5417 1117 5468 ad
1161 5417 1495 5485 unctionem,
1529 5427 1589 5474 et
1622 5421 1692 5476 .id
1740 5422 1981 5478 habeant

401 5517 500 5570 pro
525 5505 696 5557 morbi
734 5505 1024 5571 medicina,
1069 5517 1255 5577 utpote
1291 5513 1434 5580 quod
1467 5513 1668 5576 Oratio,
1692 5514 1779 5570 cui
1810 5529 1976 5584 opera

400 5589 579 5644 ferunt
607 5596 890 5663 auxilium,
935 5604 1170 5654 maxima
1205 5603 1376 5670 possit
1402 5602 1634 5662 elucere.
1667 5603 1808 5673 Quid
1838 5625 1976 5678 opus

494 5751 515 5780 ⁸
545 5754 656 5808 Jac.
688 5769 739 5820 ν,
776 5757 863 5815 12.

2087 4608 2308 4672 πεσθαι,
2332 4607 2478 4672 τίνος
2510 4607 2678 4681 ἄλλης
2709 4603 2872 4681 η’τῆς
2917 4611 3136 4678 δικαίας
3180 4615 3430 4688 γλώττης
3471 4619 3674 4691 παραί·

2086 4714 2251 4763 νεσις,
2285 4699 2390 4770 πρὸ
2437 4701 2656 4755 πάντων
2709 4700 3011 4774 λεγούσης·
3045 4724 3063 4758 ι
3117 4706 3368 4778 Ἀδελφοί
3424 4727 3550 4780 μου,
3593 4709 3674 4783 μὴ

2084 4786 2315 4859 ὀμνύετε
2367 4788 2529 4857 ὅλως,
2582 4793 2659 4863 μή
2689 4808 2749 4846 τε
2786 4794 2880 4847 τὸν
2910 4796 3162 4868 οὐρανὸν,
3213 4801 3286 4870 μή
3322 4816 3382 4853 τε
3410 4803 3511 4871 τὴν
3540 4801 3670 4873 γῆν,

2087 4880 2162 4952 μή
2195 4894 2253 4932 τε
2286 4879 2452 4935 ἄλλον
2474 4883 2640 4954 ὅρκον
2661 4885 2782 4939 τινά
2804 4901 2818 4916 ο
2847 4885 2993 4941 ἔστω
3019 4888 3074 4942 δὲ
3098 4889 3255 4960 ὑμῶν
3279 4891 3337 4945 τὸ
3370 4890 3483 4946 Ναὶ
3511 4891 3619 4947 Ναί
3647 4909 3664 4926 ·

2080 4971 2176 5024 καὶ
2211 4971 2272 5024 τὸ
2295 4969 2372 5027 οὓ
2407 4974 2518 5026 υῦ·
2554 4975 2642 5029 ἵνα
2668 4977 2744 5047 μὴ
2769 4977 2849 5040 είς
2879 4978 3170 5052 ὑπόκρισιν
3203 4984 3428 5055 πέσητε.
3462 5002 3484 5040 ι
3526 4985 3668 5051 Τοὺς

2079 5062 2457 5134 ὲνθυμοῦντας
2491 5069 2798 5138 ἀσφάλειαν
2825 5071 3036 5126 ἑαυτῶν
3062 5074 3336 5130 ποιεῖσθαι
3361 5077 3463 5148 τὴν
3493 5094 3672 5149 προσ*

2079 5154 2250 5228 ευχὴν
2281 5158 2550 5226 διδάσκει,
2580 5163 2710 5226 τοὺς
2735 5163 3031 5228 νοσοῦντας
3056 5167 3224 5239 ἐλαίῳ
3263 5170 3405 5239 μετᾶ
3426 5186 3671 5241 προσευο

2079 5248 2182 5320 χῆς
2210 5251 2401 5322 ἱερέως
2429 5253 2510 5316 είς
2529 5253 2761 5328 ἀλοιφὴν
2788 5255 3050 5328 χρῆσθαι,
3081 5260 3176 5310 καὶ
3205 5258 3364 5314 τοῦτο
3388 5261 3486 5332 τῆς
3508 5261 3667 5316 νόσου

2090 5345 2267 5396 ποιεῖν
2299 5343 2471 5415 ταμα·
2502 5344 2580 5410 ὡς
2625 5349 2725 5416 τῆς
2753 5348 2924 5419 εὐχῆς
2952 5351 3063 5420 ἄρα
3094 5352 3195 5423 τῆς
3235 5351 3326 5407 διὰ
3352 5352 3463 5409 τῶν
3486 5353 3671 5425 ἔργων

2087 5432 2488 5506 βοηθουμένης,
2517 5437 2766 5509 ὲνεργείν
2793 5441 2863 5494 τὰ
2895 5441 3130 5511 μέγιστα
3155 5442 3481 5514 δυναμένης.
3509 5445 3574 5498 Τί
3608 5445 3671 5500 δὲ

2085 5521 2194 5595 Χρὴ
2213 5522 2284 5578 τὰ
2305 5525 2404 5595 τῆς
2427 5524 2688 5596 γλυκείας
2707 5527 2908 5600 ταύτης
2925 5530 3246 5602 Ἐπιστολῆς
3271 5531 3452 5588 πάντα
3481 5534 3671 5590 διαλα-

2086 5614 2225 5683 ϐεῖν,
2260 5617 2383 5682 ἐξὸν
2415 5619 2768 5694 ἐντυγχάνειν
2795 5623 2936 5695 αὐτῇ
2961 5623 3039 5695 τῷ
3071 5624 3388 5700 βουλομένῳ
3412 5629 3670 5684 κάκεῖθεν
