4010 6446
453 359 563 422 219

1768 355 1933 418 ΜΕΝ
1938 357 2009 418 SI
2017 357 2058 418 Ξ)
2096 357 2362 420 MAlUS.

3605 366 3720 431 220

453 488 601 533 ctum
653 474 757 528 hoc
792 472 953 527 modo
1002 487 1059 527 se
1103 471 1335 526 habuit:
1378 472 1511 526 Cum
1564 471 1780 527 Firmus
1818 471 2032 543 quidam

2154 472 2232 526 ιαὶ
2257 472 2492 543 ἀξίωμα.
2515 473 2595 530 Τά
2615 473 2670 528 δὲ
2701 475 2819 529 κατ’
2844 475 3009 531 αὑτὸν
3031 475 3206 542 οὕτως
3225 478 3338 550 ἔχει
3367 478 3462 534 τὸν
3488 483 3718 552 τρόπον·

455 568 707 625 militaris
731 566 940 622 ordinis
971 575 1114 621 esset
1141 567 1390 618 tribunus
1420 581 1612 620 eorum
1637 565 1727 634 qui
1757 564 2030 622 Romano-

2154 563 2360 633 ινήρμου
2421 563 2567 627 τινος
2623 564 3048 638 ταξιαρχοῦντος
3098 570 3208 621 τῶν
3257 569 3566 640 λεγομένων
3620 575 3720 628 τοῦ

456 675 577 714 rum
615 658 796 726 lingua
829 654 1026 720 Martii,
1067 653 1256 709 Grmce
1291 669 1416 708 vero
1450 656 1660 725 ’Λρειοι
1692 653 2033 720 dicebantur,

455 764 512 804 et
541 754 643 804 sub
676 765 740 804 eo
777 749 993 803 tribuno
1061 748 1309 801 centurio
1349 759 1495 802 esset
1534 749 1785 814 Aeacius,
1822 749 2037 804 Firmus

458 843 573 910 ipse
612 841 851 908 singulos
886 841 1084 894 milites
1143 841 1209 894 ait
1244 855 1303 894 se
1349 841 1647 896 accersitos
1681 843 1941 906 tentabat,
1979 851 2038 897 ut

463 949 623 1002 quem
673 935 915 987 animum
945 933 1171 1002 quisque
1209 934 1453 998 haberet,
1486 935 1720 1002 experiri
1779 951 1842 988 ac
1897 936 2039 989 scire

461 1035 663 1096 posset.
721 1025 969 1094 Cumque
1031 1025 1230 1079 multos
1295 1027 1490 1090 partim
1549 1026 2036 1089 assentationibus,

461 1118 656 1186 partim
689 1117 848 1170 minis
891 1118 956 1170 ad
993 1116 1258 1171 idolorum
1293 1118 1727 1185 superstitionem
1765 1127 1924 1186 atque
1955 1119 2038 1172 iii-

461 1209 679 1264 teritum
726 1209 1018 1271 allexisset,
1044 1217 1394 1278 posteaquam
1431 1208 1632 1262 tribuni
1695 1214 1918 1263 teutatio
1973 1210 2038 1264 ad

461 1301 722 1353 Acacium
756 1301 1022 1370 pervenit,
1081 1311 1210 1354 tunc
1269 1300 1462 1354 beatus
1522 1300 1616 1352 ille
1675 1299 1820 1354 clara
1865 1317 2038 1356 voce:

463 1392 829 1458 Christianus,
857 1393 1061 1460 inquit,
1085 1408 1184 1462 ego
1211 1401 1368 1445 natus
1397 1391 1471 1446 fui
1507 1411 1520 1446 :
1560 1393 1739 1462 itaque
1771 1393 2044 1447 Christia-

473 1499 575 1538 nus
613 1493 666 1536 et
691 1498 834 1547 sum,
875 1493 923 1538 et
958 1499 1076 1546 ero,
1110 1483 1335 1538 Domino
1381 1499 1503 1538 meo
1529 1483 1661 1540 Jesu
1687 1485 1906 1540 Christo
1942 1486 2042 1540 hoc

466 1577 800 1643 approbante
837 1594 852 1630 :
897 1591 1017 1630 nam
1074 1585 1127 1631 et
1161 1592 1226 1630 ex
1268 1577 1604 1645 parentibus,
1637 1587 1688 1632 et
1724 1593 1787 1632 ex
1823 1578 2046 1646 majori-

469 1666 570 1721 hiis
603 1667 931 1723 Christianis
979 1679 1142 1722 natus
1185 1683 1326 1723 sum.
1365 1669 1475 1724 lloc
1510 1683 1631 1724 cum
1667 1667 1758 1723 ille
1789 1669 2040 1732 dixisset,

469 1770 518 1814 et
554 1759 768 1813 Firmus
813 1761 972 1814 tertio
1002 1776 1125 1814 eum
1183 1768 1434 1823 tentaret.
1489 1776 1551 1816 ac
1584 1762 1739 1815 modo
1789 1762 2042 1830 gravibus

469 1851 652 1913 minis.
697 1853 855 1906 modo
895 1852 1178 1919 promissis
1207 1852 1519 1922 ingentibus
1543 1861 1844 1920 promptam
1873 1851 2040 1905 animi

471 1940 808 1995 alacritatem
841 1950 894 1996 et
923 1941 1042 2007 ejus
1076 1944 1439 1997 constantiam
1471 1941 1776 2010 debilitare,
1805 1952 1860 1996 et
1892 1942 2041 1996 illum

471 2031 539 2085 ad
569 2047 627 2084 se
656 2033 875 2086 trahere
915 2041 1226 2096 conaretur,
1265 2033 1336 2086 ita
1369 2043 1626 2088 constans
1656 2043 1710 2086 et
1743 2033 2044 2088 immobilis

473 2124 526 2178 in
560 2121 758 2178 Christi
797 2124 1138 2178 confessione
1175 2126 1366 2178 beatus
1401 2123 1490 2178 ille
1522 2124 1779 2194 perstitit,
1812 2132 1870 2177 ut
1896 2125 2047 2178 dein-

474 2229 602 2281 ceps
643 2211 863 2267 Firmus
903 2221 1128 2267 coactus
1159 2214 1340 2278 fuerit,
1379 2223 1536 2282 prout
1569 2213 1749 2268 edicto
1779 2213 1928 2282 regio
1953 2212 2044 2280 ju-

471 2305 720 2369 bebatur,
778 2305 954 2358 virum
1009 2316 1255 2360 sanctum
1303 2306 1560 2360 Acacium
1607 2304 1838 2360 vinculis
1883 2305 2044 2359 astri-

475 2403 640 2455 Ctuni,
692 2397 756 2446 ad
803 2394 1084 2449 Bibianum
1117 2397 1402 2465 quemdam
1444 2397 1680 2462 mittere,
1733 2399 1823 2467 qui
1870 2398 2032 2452 totius

473 2486 746 2541 exercitus
781 2487 1067 2556 imperium
1107 2488 1544 2542 administrabat.

548 2573 634 2630 Ill.
670 2577 799 2629 Cum
835 2578 998 2648 igitur
1032 2579 1118 2632 hic
1149 2593 1245 2647 pro
1289 2577 1543 2632 trihttnali
1602 2578 1837 2639 sederet,
1871 2586 1923 2628 et
1956 2591 2050 2631 eos

471 2664 904 2734 interrogaturus
925 2679 1094 2733 esset,
1122 2669 1211 2737 qui
1248 2667 1339 2722 Dei
1375 2667 1782 2724 confessionem
1821 2667 2047 2738 proﬁte-

473 2756 692 2819 bantur,
721 2759 1030 2814 Antoninus
1061 2760 1235 2812 scriba
1258 2760 1322 2812 ad
1347 2760 1630 2814 Bibianum
1660 2761 1774 2813 hare
1808 2759 2046 2814 detulit:

473 2846 654 2902 Pridie
696 2849 859 2915 huius
894 2850 1023 2912 diei,
1054 2849 1280 2903 Bibiane
1331 2865 1554 2919 praases,
1588 2850 1801 2905 Firmus
1835 2866 2047 2918 eorum,

473 2941 565 3009 qni
615 2940 790 2996 Martii
817 2943 1096 3007 dicuntur,
1135 2944 1466 2996 tribunatum
1509 2959 1725 3013 gerens,
1787 2944 2048 2998 Acacium

476 3034 855 3088 centurionem
887 3033 1125 3086 vinetum
1172 3033 1318 3087 misit
1379 3035 1443 3086 ad
1495 3043 1817 3101 potestatein
1875 3045 2048 3098 tuam,

474 3125 675 3194 quippe
709 3125 802 3193 qui
838 3125 1183 3179 dominorum
1242 3137 1548 3180 noetrorum
1609 3136 1663 3181 et
1723 3127 2046 3182 invictarum
2079 3139 2123 3199 ς

475 3223 841 3288 Augustorum
874 3221 1056 3274 edicto
1087 3235 1281 3290 parere
1315 3221 1569 3287 noluerit,
1609 3237 1673 3275 eo
1714 3225 1855 3292 quod
1885 3223 2046 3278 Chri-

475 3309 778 3364 stianorum
814 3311 1124 3382 religionem
1155 3324 1431 3380 sequatur.
1491 3312 1784 3382 Diligenter
1835 3329 2050 3384 quoque

477 3415 699 3453 causam
732 3401 902 3469 ipsius
933 3402 999 3455 ad
1032 3409 1083 3456 te
1113 3403 1348 3468 scripsit.
1395 3400 1652 3456 Biliianus
1687 3412 1812 3458 tunc
1859 3404 1995 3457 dixit
2030 3421 2044 3457 :

473 3489 814 3557 Recitentur,
848 3508 967 3560 quze
991 3494 1056 3545 ad
1085 3510 1170 3546 me
1197 3495 1395 3560 scripta
1430 3503 1553 3546 sunt
1580 3494 1646 3545 ah
1693 3495 1900 3561 optimo
1933 3497 2048 3549 viro

474 3582 656 3638 Firmo
695 3585 936 3638 tribuno.
988 3583 1229 3638 Recitata
1267 3597 1446 3636 autem
1483 3594 1632 3643 sunt.
1683 3601 1804 3652 quae
1845 3587 2044 3656 scripta

472 3683 632 3728 etant
675 3676 726 3729 in
777 3674 914 3728 hanc
942 3677 1287 3730 sententiam.
1328 3675 1552 3730 Flam-us
1579 3675 1792 3730 Firmus
1820 3678 2048 3732 Bibiauo

473 3767 594 3817 ditci
621 3765 846 3819 salutem
883 3785 895 3818 :
931 3767 1193 3821 Acacium
1257 3768 1631 3820 centurionem
1676 3766 1776 3822 sub
1826 3784 1910 3820 me
1951 3770 2045 3822 tri-

477 3856 623 3909 liuuo
664 3855 1012 3918 militantem,
1043 3859 1382 3925 multumque
1417 3873 1446 3912 a
1474 3858 1630 3912 nobis
1676 3861 1872 3928 partim
1931 3861 2048 3916 ille-

474 3946 672 4006 cebris,
702 3948 896 4014 partim
939 3949 1242 4014 promissis,
1278 3951 1472 4017 partim
1517 3949 1678 4001 etiam
1725 3951 1885 4002 minis
1923 3967 2047 4018 pro-

471 4048 740 4097 Vucatum,
773 4046 830 4088 ut
855 4052 882 4087 a
912 4036 1350 4090 Christianorum
1381 4048 1526 4091 secta
1561 4039 1888 4101 discederet,
1922 4058 2044 4093 cum

471 4139 532 4179 se
558 4123 928 4178 Christianum
961 4142 1082 4182 esse
1133 4138 1496 4195 asseveraret,
1531 4139 1587 4183 et
1629 4131 1679 4181 in
1733 4145 1794 4183 ea
1833 4133 2046 4186 confes-

472 4216 625 4270 sione
673 4228 990 4270 constanter
1043 4232 1404 4285 permaneret,
1473 4235 1572 4289 ego
1624 4221 1948 4276 invictarum
1983 4240 2046 4280 ac

473 4307 924 4376 triumphantium
1006 4312 1391 4378 imperatorqu
1475 4323 1788 4368 nostrorum
1874 4315 2044 4385 jussis

469 4400 752 4463 ohedicns,
793 4402 942 4471 illum
992 4401 1229 4454 riui-tum
1273 4404 1339 4456 ad
1394 4413 1446 4458 te
1493 4405 1634 4468 misi,
1673 4407 1762 4474 qui
1801 4418 2042 4462 tormen-

2139 654 2375 725 ἀριθμοῦ
2406 655 2541 708 κατά
2575 656 2674 725 μὲν
2695 656 2794 727 τήν
2823 657 2932 710 τῶν
2960 659 3250 729 Ῥωμαίων
3284 661 3526 728 γλῶτταν
3556 665 3723 732 Map-

2142 746 2342 814 τησίων
2401 747 2772 816 καλουμένων,
2831 750 2972 803 κατά
3029 751 3083 804 δὲ
3135 752 3232 823 τήν
3281 753 3389 806 τῶν
3446 753 3726 826 Ἑλλήνων

2155 839 2399 908 Ἀρείων,
2456 845 2885 910 στρατευομένου
2929 842 2985 896 δὲ
3033 843 3198 897 αὑτοῦ
3239 843 3316 916 τῷ
3345 846 3565 918 ἀριθμῷ
3599 864 3696 900 κεν

2140 933 2421 1002 τυρίωνος,
2454 933 2549 987 καὶ
2572 933 2805 988 ἕκαστον
2839 934 2947 988 τῶν
2983 938 3332 1007 στρατιωτῶν
3374 940 3687 1004 προσκαὶου
3707 970 3724 979 -

2146 1023 2308 1091 μένου
2342 1023 2436 1076 τοῦ
2475 1025 2726 1095 Φήρμου,
2756 1024 2849 1076 καὶ
2888 1026 3235 1096 πειρωμένου
3267 1029 3334 1079 τὰ
3366 1027 3465 1094 τῆς
3489 1029 3726 1097 γνώμης

2144 1115 2396 1174 ἑκάστου.
2431 1115 2524 1169 καὶ
2551 1115 2777 1178 πολλοὺς
2806 1116 2872 1170 τὰ
2915 1117 3016 1186 μὲν
3049 1117 3385 1182 κολακείαις,
3426 1120 3491 1172 τὰ
3515 1120 3570 1172 δὲ
3621 1122 3728 1173 καὶ

2143 1206 2395 1270 ἀπειλαῖς
2426 1205 2771 1271 δελεάζοντος
2796 1209 2873 1270 εἰς
2907 1209 3008 1277 τὴν
3038 1207 3338 1276 ἀπώλειαν,
3366 1210 3440 1274 ὡς
3481 1212 3728 1280 ἔφθασεν

2145 1297 2238 1348 καὶ
2285 1298 2365 1360 εἰς
2421 1296 2579 1350 αὐτὸν
2614 1299 2647 1366 ή
2705 1301 2871 1367 πεῖρα
2923 1298 3017 1352 τοῦ
3047 1299 3329 1370 ἄρχοντος,
3357 1303 3659 1371 ἀνέκραγεν
3695 1305 3729 1356 ό

2144 1389 2431 1457 Μακάριος
2476 1391 2625 1458 φωνῇ
2688 1389 2899 1461 μεγάλῃ
2951 1390 3336 1460 λέγωνοἙγὼ
3395 1395 3734 1463 Χριστιανὸς

2145 1479 2465 1550 ἐγεννήθην,
2528 1482 2623 1534 καὶ
2661 1481 2800 1550 εἰμὶ,
2850 1482 2946 1534 καὶ
2999 1481 3216 1552 ἔσομαι,
3251 1484 3345 1536 τοῦ
3378 1487 3583 1556 Κυρίου
3617 1504 3730 1556 μου

2157 1569 2332 1640 Ἰησοῦ
2350 1572 2586 1643 Χριστοῦ
2618 1573 2779 1626 τοῦτο
2805 1575 3316 1644 παρακελευομένου
3343 1578 3436 1631 καὶ
3458 1577 3736 1644 θέλοντί-,ς’

2149 1664 2243 1716 καὶ
2280 1665 2388 1733 γὰρ
2429 1663 2523 1718 καὶ
2583 1664 2787 1733 γονέων
2849 1665 2945 1720 καὶ
2979 1667 3174 1734 γένους
3211 1669 3539 1740 Χριστιανοῦ
3570 1675 3689 1741 ειμι
3718 1687 3734 1701 ⁸

2147 1755 2305 1808 τοῦτο
2338 1752 2433 1809 οὖν
2471 1751 2660 1823 τρίτον
2697 1757 3013 1827 ἀπόπειραν
3044 1761 3372 1829 ποιουμένου
3433 1762 3526 1815 τοῦ
3579 1764 3740 1832 Ψήρ-

2151 1862 2252 1914 μου
2286 1844 2378 1899 καὶ
2416 1847 2547 1898 ποτὲ
2584 1846 2683 1916 μὲν
2714 1847 2912 1918 ἀπειλῇ
2953 1848 3170 1919 βαρείᾳ,
3215 1853 3343 1904 ποτε
3373 1851 3428 1906 δὲ
3483 1853 3739 1921 μείζοσιν

2147 1935 2508 2004 ὑποσχέσεσιν
2540 1936 2848 2006 ὲκμαλάξαι
2883 1938 3048 1992 αὑτοῦ
3078 1942 3137 1992 τὸ
3163 1942 3446 2011 πρόθυμον
3472 1942 3736 2011 βουλομέ-

2146 2041 2238 2076 νου
2288 2025 2384 2078 καὶ
2436 2026 2768 2093 ὲξέλκοντος,
2805 2027 3021 2095 ἔμεινεν
3061 2030 3358 2095 ἀσάλευτος
3384 2033 3410 2084 ό
3444 2033 3740 2103 Μακάριος

2146 2117 2211 2186 τῇ
2241 2115 2523 2188 ὁμολογίᾳ,
2574 2116 2649 2182 ὡς
2679 2117 2868 2172 λοιπὸν
2918 2122 3336 2190 ἀναγκασθῆναι
3384 2123 3478 2176 τὸν
3506 2125 3741 2196 Φῆρμοεσ

2148 2207 2241 2257 καὶ
2301 2205 2446 2260 κατά
2497 2210 2556 2260 τὸ
2616 2208 2950 2279 πρόσταγμα
3012 2212 3072 2264 τὸ
3105 2211 3388 2282 βασιλικὸν
3445 2215 3742 2284 δεδεμένον

2150 2299 2463 2352 ἀποστεῖλαι
2500 2301 2592 2352 τὸν
2621 2302 2774 2368 ἅγιον
2811 2302 3064 2355 Ἀκάκιον
3101 2305 3338 2374 Βιϐιανῷ
3393 2323 3500 2358 τινι
3532 2305 3608 2378 τῷ
3647 2308 3740 2360 δι-

2150 2385 2339 2440 έποντι
2367 2387 2466 2459 τὴν
2499 2388 2729 2442 καθόλου
2770 2391 2860 2443 τοῦ
2897 2391 3125 2462 στρατοῦ
3167 2394 3344 2460 ἀξίαν.

2223 2563 2296 2619 l".
2334 2564 2534 2618 Τούτου
2565 2565 2658 2620 οὑν
2690 2565 3047 2630 καθεσθέντος
3093 2567 3202 2637 πρὸ
3236 2566 3327 2620 τοῦ
3359 2563 3604 2638 βήματος
3639 2571 3744 2622 καὶ

2151 2658 2495 2728 ὲπερὺτησιν
2552 2658 2845 2728 μέλλοντος
2906 2659 3180 2711 ποιεῖσθαι
3233 2657 3341 2710 τῶν
3375 2661 3454 2721 εἰς
3482 2657 3572 2712 τὸν
3601 2659 3745 2714 Θεὸν

2151 2748 2248 2818 τὴν
2265 2748 2556 2816 ὁμολογίαν
2583 2750 2917 2818 ἐσχηκότων,
2955 2750 3269 2812 Ἀντωνῖνος
3301 2749 3744 2820 κομενταρήσιης

2152 2841 2412 2912 ἀναφέρει
2453 2841 2528 2911 τῷ
2583 2842 2821 2912 Βιϐιανῷ
2870 2843 3079 2911 λέγων·
3144 2843 3314 2914 Κύριέ
3360 2861 3484 2914 μου,
3517 2848 3582 2914 τῇ
3610 2844 3742 2914 χθὲς

2153 2931 2337 3002 ἡμέρῃ.
2384 2933 2606 3002 Φῆρμος
2635 2935 2662 2986 ό
2698 2932 2983 3003 τριϐοὑνος
3033 2933 3141 2986 τῶν
3167 2933 3477 3003 λεγομένοιν
3506 2937 3743 3006 Μαρτη-

2157 3023 2285 3075 σίων
2343 3024 2597 3076 Ἀκάκιόν
2649 3040 2772 3077 τινα
2812 3024 3154 3096 στρατιώτην
3183 3026 3313 3080 ὅντα
3340 3026 3433 3079 τοῦ
3465 3029 3743 3098 νουμέρου

2155 3111 2321 3164 αὐτοῦ
2351 3111 2571 3180 δέσμιον
2603 3112 2971 3183 παρέπεμψεν
3009 3114 3144 3184 πρὸς
3183 3116 3283 3184 τήν
3316 3116 3415 3186 σὴν
3461 3116 3743 3185 ἐξουσίαν,

2158 3202 2232 3264 ὡς
2260 3205 2334 3276 μὴ
2366 3204 2697 3275 βουληθέντα
2724 3201 2865 3270 εἶξαι
2895 3205 2971 3277 τῷ
3003 3209 3387 3276 προστάγματι
3415 3209 3522 3261 τῶν
3541 3209 3742 3262 δεσπο-

2157 3293 2267 3348 τῶν
2300 3295 2456 3366 ήμῶν
2505 3296 2612 3348 τῶν
2648 3296 2938 3366 ἀηττήτων
2995 3298 3348 3364 Δὺγούστων,
3401 3301 3467 3369 τῇ
3520 3299 3577 3351 δὲ
3625 3299 3743 3352 τῶν

2158 3384 2498 3456 Χριστιανῶν
2527 3384 2794 3458 θρησκείᾳ
2819 3385 3302 3449 ὲξακολουθοῦντα.
3325 3387 3570 3457 ἀκρϐὦς
3601 3389 3737 3459 γρά-

2157 3477 2262 3548 ψας
2295 3477 2389 3532 καὶ
2422 3478 2523 3548 τὴν
2573 3477 2755 3532 αἰτίαν
2809 3475 2976 3531 αὐτοῦ
3008 3480 3073 3548 τῇ
3131 3480 3196 3547 σῇ
3258 3480 3449 3549 ἀρετῇ.
3489 3478 3741 3544 Βιϐιαν’ς

2157 3565 2339 3622 εἶπενο
2394 3568 2820 3638 Ἀναγνωσθήτω
2853 3566 3118 3637 πρότερον
3139 3568 3206 3620 τά
3233 3569 3513 3637 γραφέντα
3537 3571 3601 3638 τῇ
3627 3569 3740 3640 ἐμῇ

2159 3659 2482 3714 καθοσιώσει
2515 3659 2668 3730 παρά
2697 3659 2790 3713 τοῦ
2828 3659 3017 3729 κυρίου
3051 3676 3156 3730 μου
3187 3662 3279 3712 καὶ
3313 3662 3570 3730 ἐναρέτου
3592 3661 3740 3732 Ψήρ-

2159 3774 2260 3826 μου
2283 3754 2374 3809 τοῦ
2405 3734 2701 3824 ταξιάρχου
2723 3770 2735 3784 ·
2765 3753 2858 3804 καὶ
2894 3751 3140 3820 παρευθὺ
3175 3753 3518 3823 ἀνεγνώσθη.
3550 3750 3656 3806 Ἦν
3678 3754 3741 3807 δὲ

2155 3849 2224 3900 τα
2256 3848 2538 3916 γραφέντα
2590 3843 2848 3898 τοιαῦτα·
2901 3844 3134 3907 Φλάϐιος
3190 3844 3420 3915 Φῆρμος
3465 3843 3542 3912 τῷ
3594 3849 3743 3899 κατὰ

2158 3942 2337 3993 πάντα
2402 3956 2494 4008 μοι
2556 3936 2839 4007 σεϐασμίῳ
2893 3935 3135 4006 Βιϐιανῷ
3183 3935 3430 4007 χαίρειν·
3484 3935 3743 3989 Ἀκὰκιον

2156 4029 2495 4099 στρατιώτην
2514 4027 2607 4081 τοῦ
2642 4026 2878 4099 ἀριθμοῦ
2905 4026 3246 4097 τυγχάνοντα
3271 4025 3366 4079 τοῦ
3388 4027 3480 4080 ὑπ’
3511 4025 3612 4094 ἐμὲ
3639 4041 3738 4077 πο-

2154 4121 2220 4173 λὰ
2256 4121 2386 4190 παρ’
2413 4121 2570 4192 ἡμῶν
2587 4121 2746 4174 τοῦτο
2763 4121 2858 4192 μὲν
2903 4120 3218 4184 κολακείαις
3263 4119 3358 4172 καὶ
3395 4117 3728 4188 ὑποσχέσεσι

2155 4213 2562 4282 προτραπέντα,
2605 4210 2764 4264 τοῦτο
2791 4211 2848 4265 δὲ
2884 4213 2978 4265 καὶ
3007 4212 3261 4273 ἀπειλαῖς
3297 4210 3742 4280 ὑπομνησθέντα,

2157 4303 2486 4371 Χριστιανὸν
2517 4302 2574 4354 δὲ
2598 4301 2789 4354 ἑαυτὸν
2818 4301 3052 4369 λέγοντα
3084 4301 3179 4353 καὶ
3207 4299 3444 4362 ἀκὴν-Τις
3471 4300 3600 4368 περὶ
3616 4297 3739 4353 τού·

2152 4412 2246 4448 του
2305 4393 2521 4464 ἔχοντα,
2573 4387 2894 4464 πληρῶντδ
2927 4392 3262 4464 πρόσταγμα
3311 4393 3420 4444 τῶν
3449 4391 3744 4460 ἀηττήτων

474 4492 543 4546 tis
572 4505 634 4545 ac
665 4491 943 4560 suppliciis
974 4493 1166 4562 subjici
1220 4495 1402 4559 debet,
1431 4505 1485 4548 ut
1517 4496 1724 4566 legibus
1759 4499 1888 4568 ipsis
1913 4500 2044 4554 obc-

2155 4487 2531 4560 τροπαιούχων
2561 4485 2829 4556 βασιλέων
2858 4485 3039 4556 ήμῶν,
3079 4483 3384 4537 ἀπέστειλα
3421 4483 3644 4553 δέσμιον
3670 4487 3740 4554 τῇ

469 4582 602 4636 diat.

542 4847 630 4906 IV.
660 4846 770 4900 Hac
803 4849 1026 4917 epistola
1064 4838 1311 4912 reci-tata,
1350 4847 1605 4903 Bihianns
1637 4850 1772 4903 dixit
1809 4867 1822 4904 :
1856 4851 2045 4908 Addit-

468 4950 626 4996 catur
670 4942 921 5004 Aeacius,
976 4958 1136 5009 quem
1205 4941 1456 4996 tribunus
1511 4943 1663 4996 dicit.
1706 4942 1880 4997 Adest
1935 4945 2045 5012 ille,

470 5037 668 5102 inquit,
697 5037 1000 5090 Antoninus
1021 5038 1543 5090 Commentariorum
1571 5038 1876 5106 praefectus.
1909 5041 2048 5093 Ara-

470 5127 590 5180 cius
650 5142 777 5179 vero
806 5137 932 5180 tunc
961 5129 1068 5182 illic
1103 5129 1254 5181 stetit
1309 5128 1505 5182 ridenti
1565 5129 1713 5180 vultu
1751 5147 1764 5182 :
1798 5146 1918 5198 qua:
1961 5147 2047 5183 res

471 5219 710 5273 futurum
744 5221 862 5288 ejus
899 5222 998 5275 viri
1044 5222 1296 5292 gaudium
1333 5223 1616 5292 ﬁgurabat.
1674 5221 1838 5275 iudex
1882 5224 2047 5292 igitur

473 5312 547 5365 illi
581 5311 718 5365 dixit
765 5312 1088 5378 :Quodnam
1140 5315 1238 5367 tibi
1297 5331 1492 5367 nomen
1547 5317 1677 5369 est?
1744 5318 2042 5388 lli-spondit

470 5405 560 5459 ille
607 5421 622 5458 :
661 5405 906 5473 Optaliile
939 5418 992 5459 et
1025 5407 1153 5459 mihi
1188 5416 1241 5459 et
1275 5407 1368 5460 toti
1427 5408 1608 5475 generi
1666 5424 1787 5463 meo
1846 5426 2040 5463 nomen

470 5507 554 5552 est
594 5512 622 5550 a
657 5496 874 5552 Christo
907 5499 1206 5551 derivatum
1243 5517 1254 5552 :
1290 5500 1416 5551 illud
1444 5515 1588 5560 vero.
1648 5515 1754 5568 quo
1813 5501 2046 5556 humano

475 5602 572 5638 usu
604 5588 863 5654 appellor,
899 5589 1132 5643 Aeacius
1183 5601 1288 5642 est.
1326 5591 1402 5642 Ad
1433 5589 1545 5643 hzec
1584 5590 1752 5644 Judex
1790 5611 1801 5643 :
1839 5591 2042 5658 Quare,

477 5677 670 5743 inquit,
727 5679 955 5734 Aeacius
997 5685 1344 5743 nominatus,
1394 5691 1445 5732 ut
1507 5682 1616 5750 ipse
1668 5683 1821 5744 ι’ἶιίς,
1876 5683 2046 5738 mal-is

477 5779 619 5817 ιιιιιιι·
653 5785 732 5829 νς,
761 5785 863 5822 non
905 5769 1165 5824 obediens
1222 5772 1306 5825 cili
1345 5773 1414 5825 tis
1462 5774 1896 5841 imperaturum?
1936 5773 2044 5828 llnc

2157 4583 2221 4648 σῇ
2260 4579 2605 4649 στερρότητι,
2641 4576 2930 4645 ὀφείλοντα
2963 4575 3183 4643 πρῶτον
3231 4575 3600 4646 ἐρωτηθῆναι,
3637 4569 3744 4627 εἶθ’

2151 4669 2322 4734 οὕτως
2353 4669 2644 4740 στρέϐλαις
2683 4668 3065 4737 ὑποϐληθῆναι
3107 4671 3202 4721 καὶ
3239 4667 3558 4738 τιμωρίαις,
3582 4669 3738 4732 ὅπως

2093 4785 2099 4791 ί
2151 4763 2268 4832 εἴξῃ
2301 4765 2415 4825 τοῖς
2441 4761 2548 4814 τῶν
2573 4761 3002 4832 αὐτοκρατόρων
3033 4761 3241 4829 νόμοις.

2222 4860 2294 4910 Δ¹.
2343 4855 2815 4925 Ἀναγνωσθείσης
2851 4855 2907 4908 δὲ
2947 4855 3046 4924 τῆς
3100 4854 3419 4924 ἐπιστολῆς,
3480 4853 3739 4915 Βιϐιανὸς

2151 4949 2333 5016 λέγει’
2375 4949 2695 5019 Εἰσαχθήτω
2753 4947 3009 5011 ’Λκάκιος
3055 4948 3085 5000 ό
3139 4949 3233 5000 καὶ
3272 4945 3737 5016 ἔπιζητούμενος.

2165 5043 2480 5104 Ἀντωνῖνος
2535 5041 2970 5112 κομενταρήσιος
3022 5041 3203 5109 λέγει·
3240 5040 3507 5110 Ἕστηκε,
3547 5039 3739 5110 κύριε.

2154 5134 2379 5197 Σταθεὶς
2433 5134 2489 5187 δὲ
2530 5136 2558 5187 ὁ
2591 5134 2866 5204 μακάριος
2911 5133 3169 5194 Ἀκάκιος
3227 5133 3332 5203 πρὸ
3367 5131 3460 5184 τοῦ
3489 5130 3738 5202 βήματος

2154 5223 2434 5288 Βιϐιανοῦ,
2468 5219 2613 5294 εἶχεν
2667 5225 2726 5276 τὸ
2762 5223 3056 5291 πρόσωπον
3090 5221 3282 5292 ὥσπερ
3322 5222 3475 5293 ῥόδον
3508 5221 3736 5292 μειδιῶν

2154 5318 2248 5370 καὶ
2281 5316 2571 5376 ἀνθοῦντα.
2607 5315 2708 5386 ’ήδη
2737 5315 3258 5386 προεικονιζόμενος
3289 5314 3388 5386 τὴν
3421 5314 3598 5385 χαρὰν
3634 5314 3739 5384 τὴν

2160 5410 2462 5477 μέλλουσαν
2476 5408 2639 5462 αὑτὸν
2660 5407 3022 5478 διαδέχεσθαι.
3038 5408 3200 5478 Λέγει
3221 5406 3367 5476 αὐτῷ
3389 5410 3415 5459 ό
3444 5406 3732 5476 δικαστής

2154 5502 2249 5564 Τίς
2291 5500 2578 5565 καλεῖσαις
2625 5500 2682 5553 '0
2706 5499 2856 5567 ἆγιος
2895 5499 3151 5562 Ἀκάκιος
3173 5496 3346 5553 εἶπεψ
3380 5498 3455 5552 ΤΣ,
3479 5499 3734 5553 ποθεινὸν

2151 5594 2320 5662 ὄνομα
2356 5593 2478 5662 ἐμοί
2503 5609 2560 5646 τε
2590 5594 2683 5646 καὶ
2734 5592 2895 5645 παντὶ
3035 5593 3179 5660 γένει
3220 5611 3318 5663 μου
3359 5590 3731 5660 Χριστιανός·

2155 5681 2214 5733 τὸ
2243 5680 2297 5732 δὲ
2325 5681 2420 5749 τῆς
2466 5681 2716 5751 χρήσεως
2769 5683 2866 5752 τῆς
2908 5683 3041 5753 πρὸς
3072 5681 3393 5754 ἀνθρώπους
3448 5681 3732 5742 Ἀκάκιος.

2167 5773 2223 5822 '0
2279 5772 2538 5841 δικαστὴς
2592 5769 2773 5828 εἶπεν
2813 5776 2918 5830 Καὶ
2957 5776 3045 5828 διὰ
3100 5777 3170 5841 τί,
3237 5778 3421 5847 ςησὶν,
3471 5775 3741 5835 ’Ᾱκάκιος
