4010 6492
425 427 539 493 22')

1737 424 2027 489 MENSIS
2067 422 2336 484 MAlUS.

3585 420 3694 485 ιρι

429 549 633 610 potest,
667 540 715 596 si
747 550 833 597 est
857 539 1001 596 Dens
1032 554 1154 596 vere
1191 549 1408 612 potens.
1464 539 1543 596 Es
1579 539 1684 595 hoc
1729 538 1871 610 ipso,
1919 535 2002 590 in-

2123 530 2224 599 ςός;
2270 531 2329 587 '0
2357 531 2514 602 ἆγιος
2565 532 2822 599 ’Δκὰκιος
2841 529 2998 589 εἶπεν
3019 551 3036 567 ·
3080 535 3175 589 Ἐκ
3205 537 3397 590 τούτου
3420 535 3528 606 γὰρ
3553 536 3693 608 μᾶλα

427 629 547 697 quit
593 629 868 694 Aeacius,
896 645 1049 688 emn.
1101 645 1164 683 ac
1217 631 1340 699 ejus
1379 629 1676 684 bonitatem
1719 637 1768 682 et
1815 637 2005 696 poten-

430 720 562 772 tiam
590 733 920 786 cognoscere
949 730 1123 787 potes,
1163 723 1305 789 quod
1337 737 1458 774 cum
1497 721 1709 789 injuriae
1734 721 1808 776 illi
1843 723 1998 788 fiant,

433 823 540 862 non
581 810 764 863 statim
796 824 985 876 lamas
1012 811 1166 865 vobis
1205 811 1393 878 refert,
1430 815 1524 868 sed
1570 813 1776 869 diutius
1804 829 2000 887 exspe-

430 907 562 960 ctat,
595 908 654 951 ut
691 914 785 952 vos
816 899 1039 955 Graecos
1082 902 1361 970 pmuiteat,
1392 902 1485 972 qui
1519 904 1724 958 cultum
1759 913 1813 958 et
1843 919 2006 959 vene-

432 992 702 1046 rationem
738 990 847 1044 Deo
875 1001 1287 1064 congruentem,
1310 995 1644 1050 daemonibus
1663 995 1893 1053 all'ertis.
1923 998 2004 1052 Ad

394 1087 397 1089 ’
435 1081 551 1136 btet:
580 1091 636 1134 et
667 1096 978 1145 servorum,
1013 1084 1105 1151 qui
1142 1083 1190 1138 ei
1224 1084 1364 1153 grati
1397 1093 1548 1147 sunt,
1585 1086 1905 1141 electionem
1941 1100 2006 1143 ac

433 1187 779 1242 progressum
823 1180 925 1228 hoc
958 1174 1116 1229 modo
1143 1175 1471 1244 compellere
1500 1176 1635 1230 vult.
1685 1178 1876 1246 itaque
1907 1177 2008 1233 bac

435 1264 776 1332 providentia
811 1265 1005 1320 utitur.
1035 1265 1167 1319 Nam
1201 1267 1245 1320 si
1277 1267 1462 1322 statim
1489 1270 1640 1323 vobis
1679 1284 1896 1339 poenam
1926 1272 2008 1324 iu-

437 1353 582 1409 ferre
620 1353 801 1421 vellet,
830 1367 885 1411 et
916 1371 1008 1411 vos
1043 1358 1143 1428 ipsi
1183 1359 1234 1412 iu
1266 1369 1583 1428 perpetuum
1614 1362 1930 1429 periissetis,
1953 1371 2009 1419 et

435 1445 604 1511 ipsius
636 1447 779 1500 servi
808 1447 1076 1503 manifesti
1110 1465 1217 1504 non
1244 1449 1475 1514 fierent;
1517 1453 1647 1522 quin
1685 1453 1850 1507 etiam
1882 1469 2008 1524 gra-

435 1538 524 1590 tire
553 1537 724 1605 ipsius
755 1541 996 1607 potentia
1046 1541 1222 1596 otiosa
1251 1547 1664 1610 permansisset.
1719 1544 2008 1611 Quomodo

430 1630 580 1682 enim
617 1629 882 1686 Dominus
915 1645 1100 1686 noster
1124 1634 1359 1702 gloriose
1410 1635 1620 1688 laudari
1653 1647 1856 1706 posset,
1905 1638 2007 1692 nisi

431 1721 690 1774 diuturna
719 1721 772 1775 in
812 1724 1011 1776 vestris
1067 1724 1366 1778 sceleribus
1409 1728 1694 1791 puniendis
1753 1729 2006 1796 patientia

436 1812 714 1866 uteretur?
743 1813 899 1868 Nunc
930 1829 1056 1866 vero
1107 1816 1220 1869 bac
1271 1818 1340 1869 ita
1375 1816 1486 1869 fieri
1519 1817 1802 1885 permittit,
1845 1831 1902 1873 ut
1954 1829 2009 1874 et

435 1919 556 1968 vos,
583 1904 673 1973 qui
729 1921 833 1958 non
879 1905 1218 1975 resipiscitis,
1250 1908 1342 1961 sed
1373 1910 1684 1963 diuturnam
1723 1911 1891 1978 ipsius
1927 1929 2012 1982 pa-

435 1996 681 2050 tientiam
714 2007 1053 2066 respuentcs,
1079 1999 1132 2052 in
1157 2009 1333 2053 vestra
1358 1999 1558 2053 srvitia
1597 2002 1916 2067 persistitis,
1951 2015 2005 2058 et

437 2087 508 2142 ab
542 2101 608 2141 eo
644 2087 813 2156 magis
844 2090 1125 2157 longisque
1175 2089 1561 2156 desciscentes,
1615 2094 1679 2145 ad
1729 2092 2008 2148 interitum

437 2181 768 2246 properatis,
827 2189 1006 2232 vestra
1055 2178 1208 2247 culpa
1258 2181 1723 2247 centletnnctnini,
1779 2192 1836 2238 et
1890 2199 2008 2250 nos,

439 2268 532 2332 qui
560 2267 680 2336 ejus
724 2269 1010 2338 imperium
1044 2271 1387 2339 agnovimus,
1439 2284 1702 2342 perpetuo
1748 2289 1869 2328 cum
1923 2276 2014 2330 illo

439 2359 709 2413 vivamus.
735 2362 873 2427 Quin
895 2363 1060 2416 etiam
1089 2363 1260 2430 ipsius
1297 2361 1466 2430 gloria
1491 2364 1542 2416 in
1569 2364 1674 2418 illis
1701 2365 2014 2422 hominibus

440 2449 784 2504 manifestior
814 2454 924 2517 fiet,
951 2453 1041 2522 qui
1071 2452 1274 2508 scelera
1307 2468 1403 2508 sua
1425 2467 1898 2524 recognoscentes,
1934 2457 2015 2512 ri-

441 2547 550 2592 tam
592 2541 1023 2597 emendarerint.

515 2629 627 2685 ΥΠ.
664 2630 817 2685 Tunc
852 2631 1146 2691 Bibianus:
1186 2633 1423 2689 Litteras
1449 2637 1631 2692 forsan
1664 2638 2014 2704 didicisti,ob

441 2721 606 2791 idque
644 2725 722 2776 sic
771 2723 973 2778 diserte
1019 2727 1338 2793 respondes.
1372 2727 1505 2782 Nam
1562 2746 1654 2799 per
1689 2732 1820 2785 deos
1871 2732 2014 2801 ipsos

443 2828 754 2868 sermonem
814 2815 1009 2869 rationi
1049 2828 1476 2873 consentaneum
1520 2821 1777 2888 habuisti,
1829 2832 1882 2876 ut
1919 2824 2016 2878 llo-

448 2903 654 2956 miuutn
692 2905 922 2959 salutem
954 2906 1056 2962 sub
1093 2909 1181 2961 Dei
1227 2910 1466 2976 potentia
1518 2926 1641 2966 esse
1671 2914 2012 2971 ostenderes.

451 2996 528 3051 Ex
552 2998 654 3052 hoc
681 2998 821 3068 ipso,
862 3001 1034 3069 inquit
1073 3000 1324 3070 Aeacius,
1362 3004 1453 3060 Dei
1493 3006 1735 3062 omnium
1769 3007 2016 3065 domina-

445 3088 581 3141 toris
615 3091 910 3157 potentiam
943 3102 997 3145 et
1031 3093 1261 3162 gratiam
1313 3112 1610 3166 agnoscere
1665 3111 1839 3170 potes,
1873 3103 2017 3173 quod

2103 623 2215 689 λον,
2241 625 2493 690 δικαστὰ,
2518 625 2758 694 ὀφείλεις
2791 626 3060 698 γνωρίσαι
3092 629 3278 687 αὐτὸν.
3309 632 3402 681 καὶ
3425 627 3522 699 τὴν
3553 628 3698 696 ἀγα-

2104 715 2304 786 θότητα
2332 714 2522 780 αὑτοῦ,
2555 717 2651 770 καὶ
2675 715 2773 788 τὴν
2795 715 3052 787 δύναμιν,
3083 718 3166 771 ὅτι
3207 718 3299 772 καί⁵
3331 717 3698 788 ὑϐριζόμενος

2103 805 2204 858 οὐκ
2237 805 2441 870 εὐθέως
2475 807 2904 862 ἀνταποδίδωσιν
2935 811 3066 879 ἡμῖν
3086 847 3103 873 ,
3132 809 3489 879 ἐκδεχόμενος
3530 811 3696 880 ὑμῶν

2102 896 2213 950 τῶν
2257 895 2529 967 Ἑλλήνων
2574 899 2676 968 τὴν
2713 897 3006 968 μετάνοιαν
3058 902 3154 954 καὶ
3186 901 3550 971 ἐπιστροφὴν,
3579 902 3696 954 τῶν

2103 987 2165 1041 τὸ
2187 986 2334 1058 αύτῷ
2361 990 2570 1058 πρέπον
2607 989 2773 1053 σέϐας
2807 992 2922 1054 τοῖς
2959 990 3183 1061 δαίμοσι
3229 993 3694 1062 προσφερόντων·

2105 1079 2187 1132 ἔτι
2237 1079 2296 1133 δὲ
2350 1081 2448 1134 καὶ
2504 1081 2613 1133 τῶν
2646 1081 3094 1153 εύαρεστούντων
3139 1083 3288 1153 αὐτῷ
3329 1083 3532 1137 δούλων
3586 1083 3697 1154 τὴν

2106 1171 2340 1241 έκλογὴν
2366 1172 2462 1225 καὶ
2496 1172 2783 1244 προκοπὴν
2820 1173 3148 1244 βουλόμενος
3181 1176 3484 1242 ἐκτελέσαι,
3511 1175 3698 1240 οὕτως

2105 1261 2487 1333 ᾠκονόμησεν.
2523 1263 2586 1316 El
2617 1264 2726 1334 γὰρ
2761 1263 3024 1333 ἠϐούλετο
3072 1265 3273 1328 εὐθέως
3300 1266 3431 1336 ὑμῖν
3456 1266 3700 1319 ἀποδοῦ-

2107 1373 2197 1410 ναι
2226 1357 2322 1409 καὶ
2350 1357 2491 1426 ὑμᾶς
2516 1357 2855 1411 ἀπόλλυσθαι
2880 1358 3137 1423 αίωνίως,
3170 1363 3263 1412 καὶ
3299 1361 3350 1413 οἱ
3383 1360 3562 1414 δοῦλοι
3591 1360 3701 1413 αύ-

2107 1445 2200 1500 τοῦ
2227 1447 2329 1499 οὐκ
2381 1446 2621 1514 ἐγίνοντο
2664 1448 2910 1516 φανεροὶ,
2963 1447 3100 1501 ἀλλὰ
3145 1450 3237 1502 καὶ
3276 1447 3563 1519 ἡδύναμις
3591 1448 3705 1517 τῆς

2108 1533 2335 1604 χάριτος
2369 1533 2536 1586 αὑτοῦ
2576 1535 2722 1605 ἀργὴ
2762 1535 3028 1606 διέμενεν.
3066 1538 3173 1592 Καὶ
3205 1538 3323 1600 πῶς
3363 1533 3511 1608 εἶχεν
3538 1539 3707 1606 δοξα-

2111 1625 2303 1694 σθῆναι
2355 1627 2384 1678 ό
2438 1626 2643 1696 Κύριος
2681 1627 2836 1696 ἡμῶν
2893 1627 3102 1697 Ἰησοῦς
3133 1630 3397 1700 Χριστὸς,
3431 1633 3477 1683 εί
3512 1633 3584 1701 μὴ
3622 1626 3704 1702 ἧν

2110 1717 2470 1787 μακρόθυμος
2504 1718 2596 1770 ἐπὶ
2625 1719 2744 1781 ταῖς
2775 1720 3062 1788 πονηρίαις
3095 1720 3287 1789 ὑμῶν;
3325 1722 3440 1775 Νῦν
3470 1721 3525 1776 δὲ
3559 1740 3704 1789 συγο

2109 1811 2280 1878 χωρεῖ
2305 1807 2480 1861 ταῦτα
2511 1809 2687 1873 οὕτως
2722 1811 2999 1878 γενέσθαι,
3036 1812 3123 1866 ἵνα
3153 1813 3247 1866 καὶ
3289 1813 3447 1882 ὑμεῖς
3473 1815 3586 1868 ὅσοι
3631 1813 3706 1867 οὔ

2116 1904 2452 1970 μετανοεῖτε,
2478 1901 2614 1955 ἀλλὰ
2647 1903 3101 1968 καταπτύσαντες
3126 1906 3226 1974 τῆς
3255 1907 3454 1976 ἀνοχῆς
3478 1908 3572 1960 καὶ
3599 1908 3710 1976 τῆς

2117 1991 2499 2063 μακροθυμίας
2518 1993 2684 2047 αὐτοῦ
2741 1994 3009 2064 ἐμμένετε
3049 1997 3114 2066 τῇ
3142 1996 3387 2064 ὠμότητι
3423 1996 3575 2064 ὑμῶν
3604 1998 3710 2050 καλ⁵

2113 2088 2178 2155 τῇ
2203 2085 2502 2138 ἀποστὰσει
2523 2086 2622 2154 τῆς
2669 2087 2943 2151 ἀπωλείας
2976 2089 3426 2158 αύτοκατάκριτοι
3456 2088 3708 2160 γίνησθε,

2114 2178 2210 2230 καὶ
2239 2178 2399 2246 ἡμεῖς
2453 2178 2511 2231 δὲ
2556 2180 2623 2232 ἐκ
2676 2179 2992 2250 προθέσεως
3027 2181 3128 2250 τὴν
3167 2181 3490 2235 δεσποτείαν
3529 2180 3710 2234 αὑτοῦ

2114 2266 2446 2334 ἐπιγνόντες,
2470 2268 2724 2339 ζήσωμεν
2745 2270 2930 2334 stato;
2962 2273 3059 2323 σὺν
3087 2271 3260 2337 αὐτῷ,
3315 2272 3407 2325 καὶ
3439 2272 3618 2341 ἠδόξα
3644 2272 3713 2326 δὲ

2116 2356 2282 2410 αὐτοῦ
2331 2360 2620 2430 φανερωθῇ
2655 2359 2745 2415 διὰ
2797 2360 2907 2413 τῶν
2942 2361 3353 2431 μετανοούντων
3397 2362 3713 2434 ἀνθρώπων

2118 2451 2214 2504 καὶ
2233 2453 2636 2525 διορθουμένων
2663 2455 2752 2508 τὸν
2782 2455 2995 2508 ἑαυτῶν
3028 2453 3166 2526 βίον.

2193 2631 2266 2688 Ζ’.
2304 2631 2550 2697 Βιϐιανίις
2603 2628 2795 2688 εἶπεν
2846 2637 3094 2703 Ἀκᾲκιε,
3134 2637 3337 2709 ἔμαθες
3369 2640 3710 2710 γράμματα,

2116 2726 2196 2779 ὅτι
2227 2723 2399 2786 οὕτως
2418 2726 2699 2794 πρδσόχως
2716 2727 2988 2799 ἀποκρίνῃ
3007 2744 3024 2760 ο
3053 2730 3130 2798 μὰ
3148 2729 3274 2792 τοὺς
3307 2730 3463 2795 θεοὺς
3489 2731 3712 2801 ἐνδεχόφ»

2120 2834 2280 2888 μενον
2305 2817 2461 2884 λόγον
2493 2814 2673 2881 εἴπας,
2703 2820 2826 2872 ὅσον
2873 2819 2933 2872 τδ
2968 2821 3062 2874 ὑπ’
3095 2822 3344 2888 ἐξουσίαν
3373 2819 3511 2877 εἶναι
3565 2823 3710 2879 Θεοῦ

2119 2912 2350 2981 τὴντῶν
2385 2910 2689 2980 ἀνθρώπων
2747 2913 3048 2982 σωτηρίαν.
3118 2913 3176 2966 '0
3229 2915 3385 2982 ἅγιος
3447 2915 3710 2982 Ἀκὰκιος

2119 2999 2308 3058 εἶπενο
2355 3003 2445 3059 Ἕν
2474 3004 2647 3074 τούτῳ
2679 3003 2786 3077 γὰρ
2823 3005 3049 3076 μᾶλλον,
3109 2997 3153 3059 ὧ
3190 3006 3443 3073 δικαστὰ,
3468 3008 3714 3077 ὀφείλεις

2123 3094 2386 3164 γνωρίσαι
2425 3095 2525 3164 τὴν
2575 3095 2807 3165 δύναμιν
2839 3097 2934 3149 καὶ⁵
2968 3097 3068 3168 τὴν
3109 3099 3270 3167 χάριν
3319 3098 3413 3152 τοῦ
3437 3098 3572 3152 Θεοῦ
3609 3099 3710 3153 τοῦ

445 3194 568 3233 cum
607 3196 712 3234 non
745 3183 1028 3237 didicerim
1093 3185 1303 3243 litteras
1351 3189 1493 3254 illas,
1529 3207 1650 3260 qua:
1682 3195 1838 3250 vobis
1864 3195 2017 3250 valde

2124 3188 2339 3240 πάντων
2363 3189 2394 3256 ἡ
2403 3186 2520 3256 μῶν
2546 3187 2837 3250 Δεσπότου,
2863 3187 2943 3239 ὅτι
2974 3188 3048 3256 μὴ
3074 3187 3340 3258 μαθόντος
3364 3189 3430 3242 τὰ
3445 3189 3711 3244 δοκοῦντα

446 3269 713 3336 optabiles
740 3271 1012 3335 videntur,
1046 3274 1150 3328 nisi
1195 3284 1403 3332 tantum
1436 3295 1602 3348 pauca
1655 3286 1900 3351 quaedam
1951 3287 2018 3341 ad

448 3358 756 3412 divinarmu
807 3360 1134 3418 Litterarum
1187 3366 1477 3422 lectionem
1521 3374 1849 3436 necessaria,
1907 3375 2022 3445 ipse

451 3449 593 3504 Deus
617 3467 714 3519 pro
746 3454 903 3509 nobis
936 3456 1340 3512 miserabilibus
1363 3462 1476 3514 suis
1499 3465 1675 3518 servis
1711 3468 2020 3532 respondet,

449 3540 690 3612 facitque
731 3554 793 3598 ut
817 3547 885 3600 ab
915 3548 1170 3604 omnibus
1216 3550 1546 3615 hominibus,
1597 3558 1726 3624 quin
1763 3557 1925 3611 etiam
1967 3569 2024 3614 ut

447 3643 504 3687 et
532 3648 561 3686 ιι
596 3635 746 3689 vobis
771 3636 922 3703 ipsis,
972 3641 1061 3709 qui
1093 3643 1290 3696 eruditi
1339 3645 1493 3709 estis,
1527 3645 1835 3703 laudemur.
1882 3649 2020 3703 Nam

450 3729 602 3783 etab
642 3730 799 3785 initio
830 3747 953 3786 cum
993 3733 1418 3802 dispensationis
1463 3735 1658 3790 divina!
1700 3740 1835 3806 opus
1866 3740 2026 3808 perli-

449 3831 617 3888 ceret,
646 3831 702 3878 et
743 3839 896 3878 suum
931 3825 1095 3893 ipsius
1134 3842 1352 3896 regnum
1390 3827 1507 3881 orbi
1560 3837 1828 3882 terrarum
1885 3845 2023 3896 prae-

451 3914 737 3969 dicandum
769 3927 1012 3979 curaret,
1048 3934 1151 3972 non
1182 3919 1500 3974 hominibus
1529 3935 1726 3987 genere
1755 3931 1842 3974 aut
1880 3921 2028 3974 divi-

453 4007 564 4073 tiis,
587 4009 912 4064 orationisve
931 4022 1025 4064 aut
1043 4011 1342 4065 litterarutn
1370 4011 1626 4066 facultate
1651 4015 2030 4076 praestantibus

455 4101 520 4151 ad
553 4099 835 4169 Evangelii
881 4102 961 4155 sui
997 4103 1454 4172 prtedieatiouetn,
1486 4105 1578 4156 sed
1599 4105 1956 4172 piscatoribus
1975 4116 2032 4160 et

455 4188 780 4257 publicanis,
818 4206 878 4245 ac
909 4195 1237 4262 pauperibus
1263 4193 1591 4264 quibusdam
1625 4210 1755 4249 usus
1781 4207 1884 4250 est.
1914 4196 2030 4253 lloc

453 4289 637 4333 autem
675 4280 823 4347 fecit,
855 4295 911 4335 ut
940 4284 1056 4352 ejus
1089 4287 1349 4354 potentia,
1384 4301 1504 4354 qua:
1543 4297 1782 4341 mentem
1814 4304 2030 4343 omnem

453 4384 769 4438 exsuperat,
810 4386 1254 4442 cognosceretur,
1289 4388 1476 4432 sancto
1515 4393 1580 4433 ac
1625 4379 1805 4434 divino
1827 4380 2034 4450 Spiritu

455 4466 573 4531 ejus
627 4467 915 4535 discipulus
957 4469 1266 4533 adjttvanit‘.

2122 3279 2252 3349 ύμῖν
2286 3278 2732 3349 περισπούδαστα
2775 3278 3104 3348 γράμματα,
3153 3280 3202 3331 εί
3237 3279 3314 3349 μὴ
3355 3280 3517 3348 μόνον
3547 3280 3712 3349 ὀλίγα

2123 3373 2256 3439 πρὸς
2279 3370 2378 3437 τὴν
2409 3369 2719 3434 ἀνάγνωσιν
2750 3368 2858 3421 τῶν
2889 3368 3050 3420 θείων
3081 3367 3117 3420 Γ
3124 3368 3336 3437 ραφῶν,
3365 3369 3529 3433 αὐτὸς
3562 3370 3714 3442 ὑπὲρ

2122 3460 2280 3530 ἡμῶν
2308 3460 2415 3511 τῶν
2443 3458 2696 3511 ἐλεεινῶν
2757 3458 2958 3512 δούλων
2991 3458 3159 3513 αὑτοῦ
3195 3447 3456 3529 ἁπολογεί
3503 3479 3563 3514 τε
3612 3465 3714 3516 καὶ

2125 3556 2269 3604 ποιεί
2324 3551 2428 3603 ὑπὸ
2494 3551 2714 3605 πάντων
2771 3551 3096 3621 ἀνθρώπων,
3135 3551 3272 3605 ἀλλὰ
3315 3555 3409 3608 καὶ
3440 3554 3526 3624 ὑφ’
3552 3554 3716 3624 ὑμῶν

2125 3641 2234 3696 τῶν
2260 3642 2713 3713 πεπαιδευμένων
2741 3643 3085 3698 ἐπαινεῖσθαι
3106 3661 3118 3674 '
3153 3648 3249 3700 καὶ
3279 3648 3387 3717 γὰρ
3414 3649 3508 3700 ἀπ’
3529 3648 3714 3718 ἀρχῆς

2126 3734 2354 3803 πληρῶν
2380 3734 2478 3800 τὴν
2507 3735 2821 3804 οἰκονομίαν
2847 3735 2940 3788 καὶ
2979 3735 3190 3805 μέλλων
3227 3736 3524 3808 κηρύσσειν
3543 3741 3598 3792 ἐν
3628 3738 3715 3810 τῷ

2128 3824 2321 3892 κόσμῳ
2352 3823 2450 3891 τὴν
2499 3822 2697 3876 ἑαυτοῦ
2733 3823 3034 3893 βασιλείαν,
3067 3826 3168 3878 οὐκ
3190 3826 3460 3897 ἐχρήσατο
3500 3828 3718 3899 ἀνθρώ-

2130 3931 2250 3977 ποις
2282 3914 2314 3985 ῆ
2349 3915 2519 3982 γένει,
2559 3913 2592 3984 ἢ
2621 3913 2860 3985 πλούτῳ,
2893 3914 2924 3985 ἢ
2954 3914 3121 3985 λόγῳ,
3155 3914 3188 3986 ἢ
3222 3917 3518 3987 γράμμασι
3545 3918 3715 3973 δυναο

2129 4010 2240 4066 τοῖς
2271 4008 2406 4074 πρὸς
2439 4003 2501 4057 τὸ
2536 4005 2800 4075 κήρυγμα
2830 4003 2925 4058 τοῦ
2973 4005 3331 4073 Εὑαγγελίου,
3355 4007 3468 4060 ἀλλ’
3503 4008 3717 4064 ἁλιεῦσι

2133 4097 2228 4150 καὶ
2258 4094 2540 4158 τελώναις,
2581 4097 2678 4149 καὶ
2703 4095 3076 4158 παντελῶςέν
3098 4103 3344 4167 πτωχαϊς
3374 4099 3718 4169 περιουσίαις

2132 4188 2428 4259 δχρήσατο,
2484 4188 2656 4242 Τοῦτο
2685 4188 2742 4242 δὲ
2797 4188 3054 4254 ἐποίησεν
3082 4190 3112 4242 ὀ
3145 4190 3528 4262 φιλάνθρωπος
3557 4191 3716 4259 Θεὸς,

2135 4279 2217 4332 ἵνα
2250 4281 2282 4348 ὴ
2315 4279 2732 4349 ὑπερϐάλλουσα
2759 4281 2938 4335 πάντα
2965 4281 3090 4334 νοῦν
3115 4281 3347 4351 δύναμις
3372 4281 3538 4336 αὐτοῦ
3575 4300 3719 4351 γνω-

2136 4373 2320 4444 ρισθῇ,
2361 4371 2455 4425 τοῦ
2489 4371 2633 4425 θείου
2657 4373 2750 4425 καὶ
2771 4371 2929 4441 ἁγίου
2963 4372 3284 4443 Πνεύματος
3313 4376 3372 4428 έν
3404 4377 3539 4429 πᾶσι
3585 4392 3717 4430 συν-

2137 4465 2425 4536 εργοῦντος
2445 4463 2652 4527 αὐτοῖς.

532 4555 662 4610 Vlll.
695 4557 821 4613 Post
855 4559 1146 4628 inecjudex
1174 4580 1186 4616 :
1213 4560 1483 4618 Omittens
1515 4579 1635 4634 ego,
1659 4567 1801 4636 quod
1824 4583 2015 4639 opporo

2198 4558 2280 4612 H'.
2327 4557 2386 4610 ὐ
2439 4557 2699 4628 δικαστὴς
2732 4551 2929 4611 εἶπεν
2980 4556 3125 4626 Ἐγὼ
3153 4558 3322 4622 ἐάσας
3375 4558 3436 4611 τὸ
3481 4557 3719 4629 καίριον,

454 4654 586 4701 tunc
619 4649 746 4702 mihi
802 4648 1108 4705 faciendum
1141 4662 1246 4717 est,
1309 4662 1486 4709 tecum
1525 4672 1722 4726 nugor,
1757 4658 1850 4726 qui
1897 4660 2026 4714 talia

459 4744 706 4798 disseris.
740 4743 817 4798 Tu
849 4746 958 4800 seis
1009 4745 1399 4815 imperatorum
1430 4749 1601 4803 edicta
1634 4752 1779 4805 omni
1822 4761 2032 4808 terrore

461 4834 612 4901 plena
637 4835 789 4890 vobis
817 4839 1092 4906 proposita
1134 4854 1276 4903 esse,
1313 4849 1369 4892 ut
1395 4855 1490 4895 vos
1526 4841 1816 4898 Christiani
1849 4844 2029 4898 bentl-

463 4941 561 4980 ncs
593 4928 671 4982 vel
698 4929 1042 4995 sacrificetis,
1082 4946 1136 4986 et
1164 4933 1294 4986 deos
1344 4934 1490 5003 ipsos
1521 4935 1734 4998 colatis,
1761 4935 1816 4989 in
1853 4937 2034 4991 omni-

463 5017 566 5072 bus
597 5019 758 5075 rebus
791 5037 886 5076 vos
915 5022 1022 5076 illis
1053 5022 1402 5092 ειΙΙιῘῐίξῖθιιιθϐ
1439 5035 1602 5092 atque
1650 5041 1717 5081 eo
1749 5029 1910 5082 modo
1935 5027 2037 5082 bo-

465 5123 626 5163 nores
701 5112 770 5165 ab
848 5115 952 5167 illis
1015 5117 1308 5184 reportctis
1359 5135 1382 5170 :.
1435 5118 1538 5181 vel,
1607 5118 1651 5172 si
1721 5119 2034 5176 sacrificare

466 5201 772 5268 nolueritis,
807 5206 1267 5271 condemuemini,
1321 5218 1374 5262 et
1425 5209 1706 5280 surpliciis
1745 5225 1811 5264 ac
1861 5211 2035 5279 ptenis

464 5294 848 5365 subjiciamini.
904 5296 1074 5353 Velim
1128 5299 1294 5370 igitur
1335 5301 1507 5366 dit-as,
1561 5318 1688 5355 num
1743 5302 1851 5357 diis
1903 5303 2036 5372 ipsis

465 5387 760 5452 sacrificos,
793 5399 847 5442 et
875 5388 1080 5456 legibus
1111 5392 1477 5460 obtemperes,
1511 5408 1578 5445 an
1609 5404 1661 5448 te
1689 5395 1739 5446 id
1762 5391 2034 5448 facturum

469 5493 651 5547 neges.
687 5479 987 5549 Respondit
1018 5484 1288 5538 Aeacius:
1315 5483 1470 5554 S;epc
1497 5493 1553 5538 et
1583 5501 1608 5536 λι
1646 5485 1828 5540 Firmo
1865 5487 2036 5540 inter-

471 5583 708 5641 rogatus.
739 5575 1107 5631 Christianum
1135 5592 1220 5632 me
1247 5592 1368 5632 esse
1398 5575 1683 5634 confessus
1713 5595 1855 5633 smn.
1882 5577 2034 5644 Quod

476 5677 610 5730 ergo
644 5665 778 5729 dixi,
835 5667 1030 5721 iterum
1072 5668 1216 5733 dico,
1274 5685 1359 5725 me
1393 5671 1767 5727 Christianum
1815 5687 1955 5737 esse,
1985 5683 2040 5725 et

477 5753 704 5821 impuris
734 5757 1070 5814 daemonibus
1118 5776 1224 5816 non
1279 5764 1609 5820 sacrificare.
1679 5764 1809 5832 Ege,
1863 5764 2039 5834 inquit

473 5841 656 5911 index.
699 5847 860 5901 etiam
901 5834 1042 5906 nunc
1081 5862 1292 5907 aetatem
1322 5853 1476 5908 istam
1503 5864 1645 5909 tuam
1671 5856 2037 5910 miserit-ordia

2129 4649 2206 4712 ὡς
2226 4651 2397 4704 είπεῖν
2418 4647 2570 4718 ληρῶ
2597 4649 2736 4719 μετὰ
2761 4648 2856 4703 σοῦ
2886 4649 3114 4703 τοιαῦτα
3134 4649 3540 4721 διαλεγόμενος
3567 4645 3720 4714 οἶδας

2131 4743 2208 4808 δὲ,
2233 4744 2310 4797 ὅτι
2346 4741 2548 4804 παντὸς
2579 4741 2747 4810 φόϐου
2778 4743 2911 4812 ἡμῖν
2956 4743 3075 4796 ἐστι
3105 4741 3348 4813 γέμοντα
3372 4743 3440 4796 τὰ
3472 4743 3719 4811 προστά-

2131 4851 2324 4906 γματα
2350 4835 2454 4887 τῶν
2487 4833 2930 4905 αὐτοκρατόρων,
2956 4833 3099 4886 ὥστε
3122 4833 3156 4903 ἦ
3189 4833 3416 4897 θύοντας
3434 4835 3529 4888 καὶ
3553 4833 3723 4904 θερα-

2139 4925 2406 4988 πεύοντας
2428 4926 2556 4989 τοὺς
2583 4924 2740 4989 θεοὺς
2772 4925 2919 4996 ὑμᾶς
2955 4925 3082 4986 τοὺς
3104 4925 3472 4997 Χριστιανοὺς
3502 4927 3561 4978 έν
3585 4927 3722 4978 πᾶσί

2138 5034 2200 5072 τε
2239 5017 2516 5089 ὑπηκόους
2553 5018 2754 5081 αότοὺς
2825 5017 3160 5086 γενομένους
3205 5015 3302 5072 καὶ
3354 5017 3523 5086 τιμὰς
3585 5017 3723 5085 παρ’

2134 5109 2313 5164 αὐτῶν
2343 5109 2691 5179 κομίζεσθαι,
2720 5111 2846 5172 τοὺς
2875 5110 2932 5163 δὲ
2969 5109 3042 5179 μὴ
3087 5109 3319 5172 θύοντας
3352 5109 3723 5179 τιμωρεῖσθαι

2137 5201 2281 5256 κατὰ
2297 5201 2516 5272 κράτος.
2536 5201 2695 5265 Θύεις
2725 5200 2818 5255 οὖν
2842 5203 2955 5264 τοῖς
2979 5201 3123 5262 θεοῖς
3147 5200 3244 5254 καλ⁸
3272 5198 3588 5270 πειθαρχεῖς
3608 5201 3725 5262 τοῖς

2133 5299 2324 5369 νόμοις
2350 5299 2460 5352 τῶν
2495 5297 2784 5368 βασιλέων,
2816 5297 2848 5367 ἢ
2873 5297 3056 5366 ἀκμὴν
3086 5297 3430 5365 ἀντιλέγεις;
3480 5297 3537 5348 Ὀ
3564 5295 3726 5364 am;

2149 5393 2404 5457 Ἀκάκιος
2436 5387 2625 5446 εἶπεν
2685 5392 2796 5444 Καὶ
2829 5392 2924 5445 ἐπὶ
2954 5392 3180 5462 Φήρμον
3211 5391 3474 5454 πολλάκις
3509 5393 3728 5457 ἐπερωη

2138 5486 2346 5556 τηθεὶς,
2369 5485 2693 5556 ὡμολόγησα
2710 5484 3035 5552 Χριστιανὸν
3053 5483 3244 5536 ἑαυτὸν
3265 5479 3423 5550 εἶναι,
3449 5483 3542 5535 καὶ
3561 5483 3728 5537 πάλιν

2140 5577 2283 5645 λέγω
2312 5579 2393 5631 ὅτι
2420 5577 2741 5646 Χριστιανός
2769 5575 2908 5642 εἰμι,
2939 5577 3034 5629 καὶ
3066 5575 3127 5628 οὗ
3158 5575 3272 5628 θύω
3299 5575 3553 5644 δαίμοσιν
3582 5575 3728 5628 ἀκα-

2142 5669 2366 5741 θάρτοις
2398 5669 2550 5724 ποτέ.
2600 5672 2667 5723 '0
2707 5667 2970 5738 δικαστὴς
3001 5663 3153 5721 εἶπεν
3176 5685 3188 5698 ο
3241 5666 3384 5734 Ἐγὼ
3419 5666 3498 5719 ἔτι
3531 5667 3592 5729 τὸ
3621 5665 3728 5733 τῆς

2143 5762 2358 5832 ἡλικίας
2395 5779 2486 5815 σου
2518 5761 2718 5831 μέτρον
2747 5760 3031 5831 οίκτείρω’
3073 5759 3185 5828 όρῶ
3217 5759 3323 5829 γάρ
3357 5775 3414 5809 σε
3451 5756 3527 5826 μὴ
3557 5755 3726 5808 πλέον

2145 5853 2318 5906 εἴκοσι
2339 5853 2428 5906 xz".
2461 5861 2499 5904 ε’
2537 5853 2672 5906 ἐτῶν
2699 5852 2826 5907 ὄντα
2850 5868 2861 5881 ·
2888 5852 3020 5906 ἀλλὰ
3056 5851 3146 5904 καὶ
3172 5849 3230 5902 si;
3262 5850 3349 5902 τοῦ
3388 5845 3723 5915 στρατιώτου
