  <div class='ocr_page' id='page_1' title='image "/cluster/home/n/w/nwhite01/storage/ocr_20150623/115:no.2/coo.31924054870195/121.png"; bbox 0 0 4010 6482; ppageno 0'>
   <div class='ocr_carea' id='block_1_1' title="bbox 419 402 524 466">
    <p class='ocr_par' dir='ltr' id='par_1_1' title="bbox 419 402 524 466">
     <span class='ocr_line' id='line_1_1' title="bbox 419 402 524 466; baseline 0.019 -2"><span class='ocrx_word' id='word_1_1' title='bbox 419 402 524 466; x_wconf 70' lang='lat'><strong>221</strong></span> 
     </span>
    </p>
   </div>
   <div class='ocr_carea' id='block_1_2' title="bbox 1753 402 2346 465">
    <p class='ocr_par' dir='ltr' id='par_1_2' title="bbox 1753 402 2346 465">
     <span class='ocr_line' id='line_1_2' title="bbox 1753 402 2346 465; baseline 0.005 -3"><span class='ocrx_word' id='word_1_2' title='bbox 1753 402 1911 462; x_wconf 77' lang='grc' dir='ltr'><strong>ΜΕΝ</strong></span> <span class='ocrx_word' id='word_1_3' title='bbox 1932 402 2037 461; x_wconf 63' lang='lat' dir='ltr'><strong>~3IS</strong></span> <span class='ocrx_word' id='word_1_4' title='bbox 2075 403 2178 462; x_wconf 80' lang='lat' dir='ltr'><strong>MA</strong></span> <span class='ocrx_word' id='word_1_5' title='bbox 2195 404 2210 462; x_wconf 91' lang='lat' dir='ltr'><strong>I</strong></span> <span class='ocrx_word' id='word_1_6' title='bbox 2227 403 2346 465; x_wconf 88' lang='lat' dir='ltr'><strong>US.</strong></span> 
     </span>
    </p>
   </div>
   <div class='ocr_carea' id='block_1_3' title="bbox 3599 399 3708 466">
    <p class='ocr_par' dir='ltr' id='par_1_3' title="bbox 3599 399 3708 466">
     <span class='ocr_line' id='line_1_3' title="bbox 3599 399 3708 466; baseline 0.037 -4"><span class='ocrx_word' id='word_1_7' title='bbox 3599 399 3708 466; x_wconf 77' lang='grc'><strong>228</strong></span> 
     </span>
    </p>
   </div>
   <div class='ocr_carea' id='block_1_4' title="bbox 419 512 2016 586">
    <p class='ocr_par' dir='ltr' id='par_1_4' title="bbox 419 513 2001 586">
     <span class='ocr_line' id='line_1_4' title="bbox 419 513 2001 586; baseline -0.003 -15"><span class='ocrx_word' id='word_1_8' title='bbox 419 516 538 571; x_wconf 78' lang='lat' dir='ltr'><strong>ﬂeri</strong></span> <span class='ocrx_word' id='word_1_9' title='bbox 601 531 705 570; x_wconf 79' lang='lat' dir='ltr'><strong>nou</strong></span> <span class='ocrx_word' id='word_1_10' title='bbox 740 525 941 586; x_wconf 81' lang='lat' dir='ltr'><strong>potest,</strong></span> <span class='ocrx_word' id='word_1_11' title='bbox 967 527 1022 569; x_wconf 90' lang='lat' dir='ltr'><strong>ut</strong></span> <span class='ocrx_word' id='word_1_12' title='bbox 1085 518 1174 568; x_wconf 86' lang='lat' dir='ltr'><strong>tali</strong></span> <span class='ocrx_word' id='word_1_13' title='bbox 1235 514 1520 583; x_wconf 75' lang='lat' dir='ltr'><strong>qnn&#39;sliutti</strong></span> <span class='ocrx_word' id='word_1_14' title='bbox 1583 513 1881 580; x_wconf 60' lang='grc' dir='ltr'>διιιῇοιιυς,</span> <span class='ocrx_word' id='word_1_15' title='bbox 1921 515 2001 568; x_wconf 92' lang='lat' dir='ltr'><strong>sic</strong></span> 
     </span>
    </p>
   </div>
   <div class='ocr_carea' id='block_1_5' title="bbox 2125 512 3706 586">
    <p class='ocr_par' dir='ltr' id='par_1_5' title="bbox 2125 512 3706 586">
     <span class='ocr_line' id='line_1_5' title="bbox 2125 512 3706 586; baseline 0.002 -21"><span class='ocrx_word' id='word_1_16' title='bbox 2125 514 2498 582; x_wconf 76' lang='grc' dir='ltr'>ῑικαστηρίου.</span> <span class='ocrx_word' id='word_1_17' title='bbox 2534 514 2643 566; x_wconf 76' lang='grc' dir='ltr'><strong>Καὶ</strong></span> <span class='ocrx_word' id='word_1_18' title='bbox 2677 514 2952 583; x_wconf 80' lang='grc' dir='ltr'>θυμωθεὶς</span> <span class='ocrx_word' id='word_1_19' title='bbox 2987 515 3016 569; x_wconf 81' lang='grc' dir='ltr'><strong>ὁ</strong></span> <span class='ocrx_word' id='word_1_20' title='bbox 3042 515 3226 586; x_wconf 82' lang='grc' dir='ltr'>ἄρχων</span> <span class='ocrx_word' id='word_1_21' title='bbox 3256 514 3394 586; x_wconf 76' lang='grc' dir='ltr'>πρὸς</span> <span class='ocrx_word' id='word_1_22' title='bbox 3426 512 3525 586; x_wconf 72' lang='grc' dir='ltr'><strong>τὴν</strong></span> <span class='ocrx_word' id='word_1_23' title='bbox 3549 515 3706 580; x_wconf 81' lang='grc' dir='ltr'><strong>τάξιν</strong></span> 
     </span>
    </p>
   </div>
   <div class='ocr_carea' id='block_1_6' title="bbox 418 603 2007 678">
    <p class='ocr_par' dir='ltr' id='par_1_6' title="bbox 418 603 2007 678">
     <span class='ocr_line' id='line_1_6' title="bbox 418 603 2007 678; baseline -0.002 -17"><span class='ocrx_word' id='word_1_24' title='bbox 418 608 638 672; x_wconf 80' lang='lat' dir='ltr'><strong>redeas,</strong></span> <span class='ocrx_word' id='word_1_25' title='bbox 695 607 963 678; x_wconf 91' lang='lat' dir='ltr'><strong>judicium</strong></span> <span class='ocrx_word' id='word_1_26' title='bbox 1020 617 1262 659; x_wconf 85' lang='lat' dir='ltr'><strong>nostrum</strong></span> <span class='ocrx_word' id='word_1_27' title='bbox 1302 603 1556 658; x_wconf 76' lang='lat' dir='ltr'><strong>illudens.</strong></span> <span class='ocrx_word' id='word_1_28' title='bbox 1615 603 1767 658; x_wconf 85' lang='lat' dir='ltr'><strong>Tunc</strong></span> <span class='ocrx_word' id='word_1_29' title='bbox 1800 617 2007 674; x_wconf 71' lang='lat' dir='ltr'><strong>praeses</strong></span> 
     </span>
    </p>
   </div>
   <div class='ocr_carea' id='block_1_7' title="bbox 421 695 2002 768">
    <p class='ocr_par' dir='ltr' id='par_1_7' title="bbox 421 695 2002 768">
     <span class='ocr_line' id='line_1_7' title="bbox 421 695 2002 768; baseline -0.003 -15"><span class='ocrx_word' id='word_1_30' title='bbox 421 703 603 754; x_wconf 79' lang='lat' dir='ltr'><strong>lurore</strong></span> <span class='ocrx_word' id='word_1_31' title='bbox 629 699 893 768; x_wconf 75' lang='lat' dir='ltr'><strong>percitus,</strong></span> <span class='ocrx_word' id='word_1_32' title='bbox 927 709 980 752; x_wconf 90' lang='lat' dir='ltr'><strong>et</strong></span> <span class='ocrx_word' id='word_1_33' title='bbox 1003 700 1283 752; x_wconf 85' lang='lat' dir='ltr'><strong>cohortem</strong></span> <span class='ocrx_word' id='word_1_34' title='bbox 1311 696 1509 751; x_wconf 78' lang='lat' dir='ltr'><strong>aﬂ‘atus</strong></span> <span class='ocrx_word' id='word_1_35' title='bbox 1534 714 1547 750; x_wconf 91' lang='lat'><strong>:</strong></span> <span class='ocrx_word' id='word_1_36' title='bbox 1576 696 1773 766; x_wconf 73' lang='lat' dir='ltr'><strong>Figite,</strong></span> <span class='ocrx_word' id='word_1_37' title='bbox 1801 695 2002 764; x_wconf 88' lang='lat' dir='ltr'><strong>inquit,</strong></span> 
     </span>
    </p>
   </div>
   <div class='ocr_carea' id='block_1_8' title="bbox 418 790 2024 860">
    <p class='ocr_par' dir='ltr' id='par_1_8' title="bbox 418 790 2024 860">
     <span class='ocr_line' id='line_1_8' title="bbox 418 790 2024 860; baseline -0.001 -15"><span class='ocrx_word' id='word_1_38' title='bbox 418 800 654 860; x_wconf 81' lang='lat' dir='ltr'><strong>quatuor</strong></span> <span class='ocrx_word' id='word_1_39' title='bbox 684 800 887 853; x_wconf 76' lang='lat' dir='ltr'><strong>vectes,</strong></span> <span class='ocrx_word' id='word_1_40' title='bbox 910 800 967 845; x_wconf 89' lang='lat' dir='ltr'><strong>et</strong></span> <span class='ocrx_word' id='word_1_41' title='bbox 989 791 1042 843; x_wconf 94' lang='lat' dir='ltr'><strong>iu</strong></span> <span class='ocrx_word' id='word_1_42' title='bbox 1083 791 1190 845; x_wconf 89' lang='lat' dir='ltr'><strong>illis</strong></span> <span class='ocrx_word' id='word_1_43' title='bbox 1223 791 1482 845; x_wconf 80' lang='lat' dir='ltr'><strong>Acacium</strong></span> <span class='ocrx_word' id='word_1_44' title='bbox 1516 790 1757 860; x_wconf 78' lang='lat' dir='ltr'><strong>alligato,</strong></span> <span class='ocrx_word' id='word_1_45' title='bbox 1789 791 2024 844; x_wconf 84' lang='lat' dir='ltr'><strong>crudis-&#39;</strong></span> 
     </span>
    </p>
   </div>
   <div class='ocr_carea' id='block_1_9' title="bbox 419 882 2006 954">
    <p class='ocr_par' dir='ltr' id='par_1_9' title="bbox 419 882 2006 954">
     <span class='ocr_line' id='line_1_9' title="bbox 419 882 2006 954; baseline -0.001 -18"><span class='ocrx_word' id='word_1_46' title='bbox 419 898 524 951; x_wconf 89' lang='lat' dir='ltr'><strong>que</strong></span> <span class='ocrx_word' id='word_1_47' title='bbox 555 885 738 938; x_wconf 78' lang='lat' dir='ltr'><strong>nervis</strong></span> <span class='ocrx_word' id='word_1_48' title='bbox 768 883 941 954; x_wconf 85' lang='lat' dir='ltr'><strong>ipsius</strong></span> <span class='ocrx_word' id='word_1_49' title='bbox 992 893 1143 952; x_wconf 82' lang='lat' dir='ltr'><strong>terga</strong></span> <span class='ocrx_word' id='word_1_50' title='bbox 1190 893 1247 936; x_wconf 90' lang='lat' dir='ltr'><strong>et</strong></span> <span class='ocrx_word' id='word_1_51' title='bbox 1279 891 1527 937; x_wconf 81' lang='lat' dir='ltr'><strong>ventrem</strong></span> <span class='ocrx_word' id='word_1_52' title='bbox 1585 882 1893 943; x_wconf 74' lang='lat' dir='ltr'><strong>verberate,</strong></span> <span class='ocrx_word' id='word_1_53' title='bbox 1949 891 2006 935; x_wconf 92' lang='lat' dir='ltr'><strong>ut</strong></span> 
     </span>
    </p>
   </div>
   <div class='ocr_carea' id='block_1_10' title="bbox 417 972 2002 1044">
    <p class='ocr_par' dir='ltr' id='par_1_10' title="bbox 417 972 2002 1044">
     <span class='ocr_line' id='line_1_10' title="bbox 417 972 2002 1044; baseline -0.001 -17"><span class='ocrx_word' id='word_1_54' title='bbox 417 975 598 1029; x_wconf 91' lang='lat' dir='ltr'><strong>discat</strong></span> <span class='ocrx_word' id='word_1_55' title='bbox 651 975 776 1029; x_wconf 87' lang='lat' dir='ltr'><strong>talia</strong></span> <span class='ocrx_word' id='word_1_56' title='bbox 819 991 929 1029; x_wconf 92' lang='lat' dir='ltr'><strong>non</strong></span> <span class='ocrx_word' id='word_1_57' title='bbox 991 975 1204 1044; x_wconf 75' lang='lat' dir='ltr'><strong>nugari.</strong></span> <span class='ocrx_word' id='word_1_58' title='bbox 1253 989 1431 1044; x_wconf 79' lang='lat' dir='ltr'><strong>neque</strong></span> <span class='ocrx_word' id='word_1_59' title='bbox 1489 984 1641 1044; x_wconf 87' lang='lat' dir='ltr'><strong>putet</strong></span> <span class='ocrx_word' id='word_1_60' title='bbox 1684 988 1744 1028; x_wconf 87' lang='lat' dir='ltr'><strong>se</strong></span> <span class='ocrx_word' id='word_1_61' title='bbox 1797 972 2002 1039; x_wconf 89' lang='lat' dir='ltr'><strong>aliquid</strong></span> 
     </span>
    </p>
   </div>
   <div class='ocr_carea' id='block_1_11' title="bbox 419 1065 2014 1134">
    <p class='ocr_par' dir='ltr' id='par_1_11' title="bbox 419 1065 2014 1134">
     <span class='ocr_line' id='line_1_11' title="bbox 419 1065 2014 1134; baseline -0.001 -15"><span class='ocrx_word' id='word_1_62' title='bbox 419 1067 740 1130; x_wconf 72' lang='lat' dir='ltr'><strong>scire,oum</strong></span> <span class='ocrx_word' id='word_1_63' title='bbox 794 1068 928 1123; x_wconf 91' lang='lat' dir='ltr'><strong>nihil</strong></span> <span class='ocrx_word' id='word_1_64' title='bbox 983 1068 1143 1123; x_wconf 79' lang='lat' dir='ltr'><strong>sciat.</strong></span> <span class='ocrx_word' id='word_1_65' title='bbox 1183 1065 1472 1122; x_wconf 79' lang='lat' dir='ltr'><strong>Videamus</strong></span> <span class='ocrx_word' id='word_1_66' title='bbox 1530 1081 1598 1120; x_wconf 84' lang='lat' dir='ltr'><strong>au</strong></span> <span class='ocrx_word' id='word_1_67' title='bbox 1652 1066 1821 1134; x_wconf 84' lang='lat' dir='ltr'><strong>ipsius</strong></span> <span class='ocrx_word' id='word_1_68' title='bbox 1872 1065 2014 1118; x_wconf 85' lang='lat' dir='ltr'><strong>Deus</strong></span> 
     </span>
    </p>
   </div>
   <div class='ocr_carea' id='block_1_12' title="bbox 418 1159 2009 1230">
    <p class='ocr_par' dir='ltr' id='par_1_12' title="bbox 418 1159 2009 1230">
     <span class='ocr_line' id='line_1_12' title="bbox 418 1159 2009 1230; baseline -0.003 -18"><span class='ocrx_word' id='word_1_69' title='bbox 418 1161 682 1214; x_wconf 77' lang='lat' dir='ltr'><strong>auxilium</strong></span> <span class='ocrx_word' id='word_1_70' title='bbox 719 1160 769 1214; x_wconf 87' lang='lat' dir='ltr'><strong>ei</strong></span> <span class='ocrx_word' id='word_1_71' title='bbox 807 1159 1023 1222; x_wconf 55' lang='lat' dir='ltr'><strong>atterat,</strong></span> <span class='ocrx_word' id='word_1_72' title='bbox 1091 1161 1318 1230; x_wconf 83' lang='lat' dir='ltr'><strong>ejusque</strong></span> <span class='ocrx_word' id='word_1_73' title='bbox 1367 1173 1521 1213; x_wconf 87' lang='lat' dir='ltr'><strong>meus</strong></span> <span class='ocrx_word' id='word_1_74' title='bbox 1575 1173 1638 1212; x_wconf 84' lang='lat' dir='ltr'><strong>ac</strong></span> <span class='ocrx_word' id='word_1_75' title='bbox 1673 1159 2009 1227; x_wconf 87' lang='lat' dir='ltr'><strong>propositum</strong></span> 
     </span>
    </p>
   </div>
   <div class='ocr_carea' id='block_1_13' title="bbox 417 1248 2007 1321">
    <p class='ocr_par' dir='ltr' id='par_1_13' title="bbox 417 1248 2007 1321">
     <span class='ocr_line' id='line_1_13' title="bbox 417 1248 2007 1321; baseline 0.001 -19"><span class='ocrx_word' id='word_1_76' title='bbox 417 1267 582 1321; x_wconf 83' lang='lat' dir='ltr'><strong>quam</strong></span> <span class='ocrx_word' id='word_1_77' title='bbox 622 1253 836 1306; x_wconf 79' lang='lat' dir='ltr'><strong>[irinum</strong></span> <span class='ocrx_word' id='word_1_78' title='bbox 868 1263 922 1306; x_wconf 92' lang='lat' dir='ltr'><strong>et</strong></span> <span class='ocrx_word' id='word_1_79' title='bbox 963 1252 1302 1306; x_wconf 87' lang='lat' dir='ltr'><strong>immutabile</strong></span> <span class='ocrx_word' id='word_1_80' title='bbox 1340 1251 1434 1316; x_wconf 84' lang='lat' dir='ltr'><strong>sit,</strong></span> <span class='ocrx_word' id='word_1_81' title='bbox 1469 1250 1840 1318; x_wconf 72' lang='lat' dir='ltr'><strong>experiamur.</strong></span> <span class='ocrx_word' id='word_1_82' title='bbox 1873 1248 2007 1304; x_wconf 89' lang='lat' dir='ltr'><strong>Cum</strong></span> 
     </span>
    </p>
   </div>
   <div class='ocr_carea' id='block_1_14' title="bbox 423 1343 2004 1413">
    <p class='ocr_par' dir='ltr' id='par_1_14' title="bbox 423 1343 2004 1413">
     <span class='ocr_line' id='line_1_14' title="bbox 423 1343 2004 1413; baseline -0.002 -17"><span class='ocrx_word' id='word_1_83' title='bbox 423 1347 586 1412; x_wconf 75' lang='lat' dir='ltr'><strong>igitur</strong></span> <span class='ocrx_word' id='word_1_84' title='bbox 651 1346 884 1400; x_wconf 78' lang='lat' dir='ltr'><strong>Aeacius</strong></span> <span class='ocrx_word' id='word_1_85' title='bbox 914 1345 967 1399; x_wconf 88' lang='lat' dir='ltr'><strong>in</strong></span> <span class='ocrx_word' id='word_1_86' title='bbox 1003 1345 1110 1400; x_wconf 86' lang='lat' dir='ltr'><strong>illis</strong></span> <span class='ocrx_word' id='word_1_87' title='bbox 1161 1343 1406 1399; x_wconf 73' lang='lat' dir='ltr'><strong>vectibus</strong></span> <span class='ocrx_word' id='word_1_88' title='bbox 1437 1344 1690 1413; x_wconf 81' lang='lat' dir='ltr'><strong>alligatus</strong></span> <span class='ocrx_word' id='word_1_89' title='bbox 1735 1354 1906 1408; x_wconf 80' lang='lat' dir='ltr'><strong>esset,</strong></span> <span class='ocrx_word' id='word_1_90' title='bbox 1949 1353 2004 1395; x_wconf 88' lang='lat' dir='ltr'><strong>et</strong></span> 
     </span>
    </p>
   </div>
   <div class='ocr_carea' id='block_1_15' title="bbox 2110 607 3712 679">
    <p class='ocr_par' dir='ltr' id='par_1_15' title="bbox 2110 607 3712 679">
     <span class='ocr_line' id='line_1_15' title="bbox 2110 607 3712 679; baseline 0.001 -20"><span class='ocrx_word' id='word_1_91' title='bbox 2110 607 2300 673; x_wconf 79' lang='grc' dir='ltr'>λέγει’</span> <span class='ocrx_word' id='word_1_92' title='bbox 2357 607 2574 677; x_wconf 81' lang='grc' dir='ltr'>Πήξατε</span> <span class='ocrx_word' id='word_1_93' title='bbox 2606 608 2886 678; x_wconf 80' lang='grc' dir='ltr'>τέσσαρας</span> <span class='ocrx_word' id='word_1_94' title='bbox 2941 607 3148 672; x_wconf 85' lang='grc' dir='ltr'><strong>πάλους</strong></span> <span class='ocrx_word' id='word_1_95' title='bbox 3176 609 3236 662; x_wconf 69' lang='grc' dir='ltr'>ἐν</span> <span class='ocrx_word' id='word_1_96' title='bbox 3258 611 3324 679; x_wconf 82' lang='grc' dir='ltr'>τῇ</span> <span class='ocrx_word' id='word_1_97' title='bbox 3352 610 3422 679; x_wconf 79' lang='grc' dir='ltr'><strong>γῇ</strong></span> <span class='ocrx_word' id='word_1_98' title='bbox 3459 609 3554 661; x_wconf 71' lang='grc' dir='ltr'>καὶ</span> <span class='ocrx_word' id='word_1_99' title='bbox 3588 611 3712 662; x_wconf 84' lang='grc' dir='ltr'>ἐκεῖ</span> 
     </span>
    </p>
   </div>
   <div class='ocr_carea' id='block_1_16' title="bbox 2109 700 3708 773">
    <p class='ocr_par' dir='ltr' id='par_1_16' title="bbox 2109 700 3708 773">
     <span class='ocr_line' id='line_1_16' title="bbox 2109 700 3708 773; baseline 0.001 -19"><span class='ocrx_word' id='word_1_100' title='bbox 2109 700 2438 769; x_wconf 70' lang='grc' dir='ltr'><strong>ἐνδήσαντες</strong></span> <span class='ocrx_word' id='word_1_101' title='bbox 2501 700 2689 765; x_wconf 76' lang='grc' dir='ltr'>αὐτὸν,</span> <span class='ocrx_word' id='word_1_102' title='bbox 2741 717 2958 771; x_wconf 87' lang='grc' dir='ltr'>νευροις</span> <span class='ocrx_word' id='word_1_103' title='bbox 2993 701 3168 770; x_wconf 84' lang='grc' dir='ltr'>ὠμοῖς</span> <span class='ocrx_word' id='word_1_104' title='bbox 3217 702 3502 771; x_wconf 84' lang='grc' dir='ltr'>χρήσασθε</span> <span class='ocrx_word' id='word_1_105' title='bbox 3554 701 3708 773; x_wconf 76' lang='grc' dir='ltr'>αὐτῷ</span> 
     </span>
    </p>
   </div>
   <div class='ocr_carea' id='block_1_17' title="bbox 2108 791 3712 865">
    <p class='ocr_par' dir='ltr' id='par_1_17' title="bbox 2108 791 3712 865">
     <span class='ocr_line' id='line_1_17' title="bbox 2108 791 3712 865; baseline 0.001 -20"><span class='ocrx_word' id='word_1_106' title='bbox 2108 792 2233 845; x_wconf 82' lang='grc' dir='ltr'>καθ’</span> <span class='ocrx_word' id='word_1_107' title='bbox 2265 793 2506 862; x_wconf 80' lang='grc' dir='ltr'>ἑκάτερα</span> <span class='ocrx_word' id='word_1_108' title='bbox 2540 792 2682 864; x_wconf 82' lang='grc' dir='ltr'>μέρη</span> <span class='ocrx_word' id='word_1_109' title='bbox 2715 791 2886 846; x_wconf 81' lang='grc' dir='ltr'>νώτου</span> <span class='ocrx_word' id='word_1_110' title='bbox 2915 793 3010 846; x_wconf 63' lang='grc' dir='ltr'><strong>καὶ⁵</strong></span> <span class='ocrx_word' id='word_1_111' title='bbox 3036 791 3269 858; x_wconf 81' lang='grc' dir='ltr'>κοιλίας,</span> <span class='ocrx_word' id='word_1_112' title='bbox 3313 794 3401 846; x_wconf 84' lang='grc' dir='ltr'>ῐνα</span> <span class='ocrx_word' id='word_1_113' title='bbox 3451 794 3597 865; x_wconf 82' lang='grc' dir='ltr'>μάθῃ</span> <span class='ocrx_word' id='word_1_114' title='bbox 3631 795 3712 864; x_wconf 78' lang='grc' dir='ltr'>μὴ</span> 
     </span>
    </p>
   </div>
   <div class='ocr_carea' id='block_1_18' title="bbox 2110 881 3713 953">
    <p class='ocr_par' dir='ltr' id='par_1_18' title="bbox 2110 881 3713 953">
     <span class='ocr_line' id='line_1_18' title="bbox 2110 881 3713 953; baseline 0.001 -20"><span class='ocrx_word' id='word_1_115' title='bbox 2110 882 2375 951; x_wconf 88' lang='grc' dir='ltr'>φλυαρεῖν</span> <span class='ocrx_word' id='word_1_116' title='bbox 2401 881 2636 936; x_wconf 83' lang='grc' dir='ltr'>τοσαῦτα</span> <span class='ocrx_word' id='word_1_117' title='bbox 2668 885 2763 936; x_wconf 75' lang='grc' dir='ltr'>καὶ</span> <span class='ocrx_word' id='word_1_118' title='bbox 2795 884 3042 953; x_wconf 75' lang='grc' dir='ltr'>νομίζειν</span> <span class='ocrx_word' id='word_1_119' title='bbox 3073 884 3274 937; x_wconf 75' lang='grc' dir='ltr'>εἰδέναι</span> <span class='ocrx_word' id='word_1_120' title='bbox 3298 901 3370 947; x_wconf 84' lang='grc' dir='ltr'><strong>τι,</strong></span> <span class='ocrx_word' id='word_1_121' title='bbox 3401 883 3567 953; x_wconf 78' lang='grc' dir='ltr'>μηδὲν</span> <span class='ocrx_word' id='word_1_122' title='bbox 3585 887 3713 938; x_wconf 75' lang='grc' dir='ltr'>επι-</span> 
     </span>
    </p>
   </div>
   <div class='ocr_carea' id='block_1_19' title="bbox 2109 973 3714 1045">
    <p class='ocr_par' dir='ltr' id='par_1_19' title="bbox 2109 973 3714 1045">
     <span class='ocr_line' id='line_1_19' title="bbox 2109 973 3714 1045; baseline 0 -19"><span class='ocrx_word' id='word_1_123' title='bbox 2109 975 2398 1044; x_wconf 85' lang='grc' dir='ltr'>στάμενος.</span> <span class='ocrx_word' id='word_1_124' title='bbox 2429 973 2688 1037; x_wconf 85' lang='grc' dir='ltr'>Δεθὲντος</span> <span class='ocrx_word' id='word_1_125' title='bbox 2709 975 2767 1028; x_wconf 87' lang='grc' dir='ltr'>δὲ</span> <span class='ocrx_word' id='word_1_126' title='bbox 2797 975 2966 1028; x_wconf 77' lang='grc' dir='ltr'>αὐτοῦ</span> <span class='ocrx_word' id='word_1_127' title='bbox 2993 975 3051 1027; x_wconf 78' lang='grc' dir='ltr'>ἐν</span> <span class='ocrx_word' id='word_1_128' title='bbox 3072 976 3186 1038; x_wconf 84' lang='grc' dir='ltr'>τοῖς</span> <span class='ocrx_word' id='word_1_129' title='bbox 3212 977 3482 1045; x_wconf 84' lang='grc' dir='ltr'>τέσσαρσι</span> <span class='ocrx_word' id='word_1_130' title='bbox 3516 976 3714 1041; x_wconf 88' lang='grc' dir='ltr'>πάλοις</span> 
     </span>
    </p>
   </div>
   <div class='ocr_carea' id='block_1_20' title="bbox 2114 1066 3713 1143">
    <p class='ocr_par' dir='ltr' id='par_1_20' title="bbox 2114 1066 3713 1143">
     <span class='ocr_line' id='line_1_20' title="bbox 2114 1066 3713 1143; baseline 0.001 -23"><span class='ocrx_word' id='word_1_131' title='bbox 2114 1067 2209 1120; x_wconf 68' lang='grc' dir='ltr'>καὶ</span> <span class='ocrx_word' id='word_1_132' title='bbox 2240 1066 2646 1136; x_wconf 74' lang='grc' dir='ltr'>μαστιζομένου</span> <span class='ocrx_word' id='word_1_133' title='bbox 2681 1067 2932 1136; x_wconf 76' lang='grc' dir='ltr'><strong>σφοδρῶς</strong></span> <span class='ocrx_word' id='word_1_134' title='bbox 2981 1068 3104 1122; x_wconf 86' lang='grc' dir='ltr'>καθ’</span> <span class='ocrx_word' id='word_1_135' title='bbox 3133 1068 3372 1143; x_wconf 80' lang='grc' dir='ltr'>ἑκάτερα</span> <span class='ocrx_word' id='word_1_136' title='bbox 3433 1069 3577 1140; x_wconf 78' lang='grc' dir='ltr'>μέρη</span> <span class='ocrx_word' id='word_1_137' title='bbox 3610 1069 3713 1122; x_wconf 83' lang='grc' dir='ltr'><strong>τοῦ</strong></span> 
     </span>
    </p>
   </div>
   <div class='ocr_carea' id='block_1_21' title="bbox 2113 1158 3716 1231">
    <p class='ocr_par' dir='ltr' id='par_1_21' title="bbox 2113 1158 3716 1231">
     <span class='ocr_line' id='line_1_21' title="bbox 2113 1158 3716 1231; baseline 0.001 -18"><span class='ocrx_word' id='word_1_138' title='bbox 2113 1160 2389 1230; x_wconf 82' lang='grc' dir='ltr'>σώματος,</span> <span class='ocrx_word' id='word_1_139' title='bbox 2416 1159 2556 1227; x_wconf 82' lang='grc' dir='ltr'>αὕτη</span> <span class='ocrx_word' id='word_1_140' title='bbox 2588 1160 2726 1230; x_wconf 83' lang='grc' dir='ltr'>μόνη</span> <span class='ocrx_word' id='word_1_141' title='bbox 2752 1161 2972 1228; x_wconf 79' lang='grc' dir='ltr'>ἐγένετο</span> <span class='ocrx_word' id='word_1_142' title='bbox 3001 1159 3133 1230; x_wconf 85' lang='grc' dir='ltr'>παρ’</span> <span class='ocrx_word' id='word_1_143' title='bbox 3174 1158 3339 1212; x_wconf 79' lang='grc' dir='ltr'>αὑτοῦ</span> <span class='ocrx_word' id='word_1_144' title='bbox 3371 1161 3524 1224; x_wconf 73' lang='grc' dir='ltr'>φωνὴ</span> <span class='ocrx_word' id='word_1_145' title='bbox 3547 1173 3562 1189; x_wconf 80' lang='grc'><strong><em>⁸</em></strong></span> <span class='ocrx_word' id='word_1_146' title='bbox 3599 1161 3716 1231; x_wconf 78' lang='grc' dir='ltr'><strong>’1η-</strong></span> 
     </span>
    </p>
   </div>
   <div class='ocr_carea' id='block_1_22' title="bbox 2112 1247 3713 1320">
    <p class='ocr_par' dir='ltr' id='par_1_22' title="bbox 2112 1247 3713 1320">
     <span class='ocr_line' id='line_1_22' title="bbox 2112 1247 3713 1320; baseline 0.001 -18"><span class='ocrx_word' id='word_1_147' title='bbox 2112 1249 2209 1302; x_wconf 77' lang='grc' dir='ltr'>οοῦ</span> <span class='ocrx_word' id='word_1_148' title='bbox 2248 1249 2474 1320; x_wconf 73' lang='grc' dir='ltr'>Χριστὲ,</span> <span class='ocrx_word' id='word_1_149' title='bbox 2537 1248 2725 1320; x_wconf 80' lang='grc' dir='ltr'>βοήθει</span> <span class='ocrx_word' id='word_1_150' title='bbox 2771 1267 2884 1317; x_wconf 84' lang='grc' dir='ltr'>μοι,</span> <span class='ocrx_word' id='word_1_151' title='bbox 2920 1249 3000 1320; x_wconf 85' lang='grc' dir='ltr'>τῷ</span> <span class='ocrx_word' id='word_1_152' title='bbox 3055 1248 3305 1318; x_wconf 80' lang='grc' dir='ltr'><strong>ταπεινῷ</strong></span> <span class='ocrx_word' id='word_1_153' title='bbox 3357 1247 3531 1318; x_wconf 86' lang='grc' dir='ltr'>δούλῳ</span> <span class='ocrx_word' id='word_1_154' title='bbox 3577 1252 3713 1303; x_wconf 73' lang='lat' dir='ltr'><strong>sou!</strong></span> 
     </span>
    </p>
   </div>
   <div class='ocr_carea' id='block_1_23' title="bbox 2113 1339 2991 1412">
    <p class='ocr_par' dir='ltr' id='par_1_23' title="bbox 2113 1339 2991 1412">
     <span class='ocr_line' id='line_1_23' title="bbox 2113 1339 2991 1412; baseline 0.002 -20"><span class='ocrx_word' id='word_1_155' title='bbox 2113 1339 2308 1410; x_wconf 77' lang='grc' dir='ltr'>Κύριε,</span> <span class='ocrx_word' id='word_1_156' title='bbox 2343 1342 2416 1411; x_wconf 79' lang='grc' dir='ltr'>μή</span> <span class='ocrx_word' id='word_1_157' title='bbox 2450 1359 2518 1411; x_wconf 89' lang='grc' dir='ltr'><strong>με</strong></span> <span class='ocrx_word' id='word_1_158' title='bbox 2551 1341 2991 1412; x_wconf 80' lang='grc' dir='ltr'>ἐγκαταλείπῃςί</span> 
     </span>
    </p>
   </div>
   <div class='ocr_carea' id='block_1_24' title="bbox 419 1419 3719 1510">
    <p class='ocr_par' dir='ltr' id='par_1_24' title="bbox 419 1419 3719 1510">
     <span class='ocr_line' id='line_1_24' title="bbox 419 1419 3719 1510; baseline -0.001 -18"><span class='ocrx_word' id='word_1_159' title='bbox 419 1439 538 1506; x_wconf 86' lang='lat' dir='ltr'><strong>ejus</strong></span> <span class='ocrx_word' id='word_1_160' title='bbox 599 1450 751 1510; x_wconf 73' lang='lat' dir='ltr'><strong>terga</strong></span> <span class='ocrx_word' id='word_1_161' title='bbox 809 1442 1053 1510; x_wconf 86' lang='lat' dir='ltr'><strong>undique</strong></span> <span class='ocrx_word' id='word_1_162' title='bbox 1108 1439 1566 1504; x_wconf 63' lang='lat' dir='ltr'><strong>verberarentur,</strong></span> <span class='ocrx_word' id='word_1_163' title='bbox 1621 1437 1765 1493; x_wconf 87' lang='lat' dir='ltr'><strong>hanc</strong></span> <span class='ocrx_word' id='word_1_164' title='bbox 1830 1440 2002 1492; x_wconf 84' lang='lat' dir='ltr'><strong>solam</strong></span> <span class='ocrx_word' id='word_1_165' title='bbox 2080 1450 2266 1492; x_wconf 63' lang='lat' dir='ltr'><strong>vorem</strong></span> <span class='ocrx_word' id='word_1_166' title='bbox 2325 1437 2415 1490; x_wconf 91' lang='lat' dir='ltr'><strong>ille</strong></span> <span class='ocrx_word' id='word_1_167' title='bbox 2463 1437 2747 1490; x_wconf 85' lang='lat' dir='ltr'><strong>emittebat</strong></span> <span class='ocrx_word' id='word_1_168' title='bbox 2790 1452 2804 1489; x_wconf 87' lang='lat'><strong>:</strong></span> <span class='ocrx_word' id='word_1_169' title='bbox 2845 1435 3084 1502; x_wconf 74' lang='lat' dir='ltr'><strong>Christe,</strong></span> <span class='ocrx_word' id='word_1_170' title='bbox 3141 1450 3297 1505; x_wconf 84' lang='lat' dir='ltr'><strong>opem</strong></span> <span class='ocrx_word' id='word_1_171' title='bbox 3348 1437 3494 1493; x_wconf 82' lang='lat' dir='ltr'><strong>feras</strong></span> <span class='ocrx_word' id='word_1_172' title='bbox 3580 1419 3719 1490; x_wconf 86' lang='lat' dir='ltr'><strong>mihi</strong></span> 
     </span>
    </p>
   </div>
   <div class='ocr_carea' id='block_1_25' title="bbox 420 1529 2142 1598">
    <p class='ocr_par' dir='ltr' id='par_1_25' title="bbox 420 1529 2142 1598">
     <span class='ocr_line' id='line_1_25' title="bbox 420 1529 2142 1598; baseline -0.003 -12"><span class='ocrx_word' id='word_1_173' title='bbox 420 1532 612 1587; x_wconf 86' lang='lat' dir='ltr'><strong>humili</strong></span> <span class='ocrx_word' id='word_1_174' title='bbox 648 1546 808 1587; x_wconf 78' lang='lat' dir='ltr'><strong>servo</strong></span> <span class='ocrx_word' id='word_1_175' title='bbox 849 1541 987 1593; x_wconf 82' lang='lat' dir='ltr'><strong>tuo;</strong></span> <span class='ocrx_word' id='word_1_176' title='bbox 1023 1532 1246 1586; x_wconf 81' lang='lat' dir='ltr'><strong>Domine</strong></span> <span class='ocrx_word' id='word_1_177' title='bbox 1277 1530 1440 1596; x_wconf 84' lang='lat' dir='ltr'><strong>Deus,</strong></span> <span class='ocrx_word' id='word_1_178' title='bbox 1508 1544 1577 1584; x_wconf 90' lang='lat' dir='ltr'><strong>ne</strong></span> <span class='ocrx_word' id='word_1_179' title='bbox 1628 1544 1716 1584; x_wconf 86' lang='lat' dir='ltr'><strong>me</strong></span> <span class='ocrx_word' id='word_1_180' title='bbox 1771 1529 2142 1598; x_wconf 79' lang='lat' dir='ltr'><strong>derelinquas.</strong></span> 
     </span>
    </p>
   </div>
   <div class='ocr_carea' id='block_1_26' title="bbox 492 1621 2002 1680">
    <p class='ocr_par' dir='ltr' id='par_1_26' title="bbox 492 1621 2002 1680">
     <span class='ocr_line' id='line_1_26' title="bbox 492 1621 2002 1680; baseline -0.005 0"><span class='ocrx_word' id='word_1_181' title='bbox 492 1625 584 1680; x_wconf 74' lang='lat' dir='ltr'><strong>XI.</strong></span> <span class='ocrx_word' id='word_1_182' title='bbox 617 1625 750 1679; x_wconf 80' lang='lat' dir='ltr'><strong>Cum</strong></span> <span class='ocrx_word' id='word_1_183' title='bbox 779 1639 908 1679; x_wconf 88' lang='lat' dir='ltr'><strong>vero</strong></span> <span class='ocrx_word' id='word_1_184' title='bbox 940 1638 1035 1680; x_wconf 80' lang='lat' dir='ltr'><strong>sex</strong></span> <span class='ocrx_word' id='word_1_185' title='bbox 1072 1623 1365 1677; x_wconf 76' lang='lat' dir='ltr'><strong>carnifices</strong></span> <span class='ocrx_word' id='word_1_186' title='bbox 1406 1622 1648 1676; x_wconf 78' lang='lat' dir='ltr'><strong>vicissim</strong></span> <span class='ocrx_word' id='word_1_187' title='bbox 1693 1621 1840 1675; x_wconf 92' lang='lat' dir='ltr'><strong>illum</strong></span> <span class='ocrx_word' id='word_1_188' title='bbox 1878 1635 2002 1673; x_wconf 83' lang='lat' dir='ltr'><strong>vcr-</strong></span> 
     </span>
    </p>
   </div>
   <div class='ocr_carea' id='block_1_27' title="bbox 425 1713 2004 1787">
    <p class='ocr_par' dir='ltr' id='par_1_27' title="bbox 425 1713 2004 1787">
     <span class='ocr_line' id='line_1_27' title="bbox 425 1713 2004 1787; baseline -0.003 -16"><span class='ocrx_word' id='word_1_189' title='bbox 425 1717 702 1780; x_wconf 75' lang='lat' dir='ltr'><strong>het&#39;areut,</strong></span> <span class='ocrx_word' id='word_1_190' title='bbox 725 1727 787 1771; x_wconf 88' lang='lat' dir='ltr'><strong>et</strong></span> <span class='ocrx_word' id='word_1_191' title='bbox 818 1717 938 1787; x_wconf 77' lang='lat' dir='ltr'><strong>ejus</strong></span> <span class='ocrx_word' id='word_1_192' title='bbox 971 1718 1198 1787; x_wconf 79' lang='lat' dir='ltr'><strong>sanguis</strong></span> <span class='ocrx_word' id='word_1_193' title='bbox 1238 1717 1292 1770; x_wconf 91' lang='lat' dir='ltr'><strong>iu</strong></span> <span class='ocrx_word' id='word_1_194' title='bbox 1331 1725 1532 1769; x_wconf 85' lang='lat' dir='ltr'><strong>terram</strong></span> <span class='ocrx_word' id='word_1_195' title='bbox 1558 1715 1772 1769; x_wconf 81' lang='lat' dir='ltr'><strong>abunde</strong></span> <span class='ocrx_word' id='word_1_196' title='bbox 1802 1713 2004 1768; x_wconf 74' lang='lat' dir='ltr'><strong>diﬂ‘uu—</strong></span> 
     </span>
    </p>
   </div>
   <div class='ocr_carea' id='block_1_28' title="bbox 423 1804 2004 1876">
    <p class='ocr_par' dir='ltr' id='par_1_28' title="bbox 423 1804 2004 1876">
     <span class='ocr_line' id='line_1_28' title="bbox 423 1804 2004 1876; baseline -0.001 -17"><span class='ocrx_word' id='word_1_197' title='bbox 423 1807 664 1872; x_wconf 80' lang='lat' dir='ltr'><strong>deretur,</strong></span> <span class='ocrx_word' id='word_1_198' title='bbox 707 1814 986 1876; x_wconf 80' lang='lat' dir='ltr'><strong>totumque</strong></span> <span class='ocrx_word' id='word_1_199' title='bbox 1029 1819 1232 1874; x_wconf 85' lang='lat' dir='ltr'><strong>corpus</strong></span> <span class='ocrx_word' id='word_1_200' title='bbox 1269 1805 1583 1860; x_wconf 84' lang='lat' dir='ltr'><strong>vulneribus</strong></span> <span class='ocrx_word' id='word_1_201' title='bbox 1636 1804 2004 1860; x_wconf 74' lang='lat' dir='ltr'><strong>acerbissimis</strong></span> 
     </span>
    </p>
   </div>
   <div class='ocr_carea' id='block_1_29' title="bbox 2187 1616 3720 1692">
    <p class='ocr_par' dir='ltr' id='par_1_29' title="bbox 2187 1616 3720 1692">
     <span class='ocr_line' id='line_1_29' title="bbox 2187 1616 3720 1692; baseline 0.002 -20"><span class='ocrx_word' id='word_1_202' title='bbox 2187 1616 2291 1672; x_wconf 52' lang='grc' dir='ltr'><strong>ΙΝ.</strong></span> <span class='ocrx_word' id='word_1_203' title='bbox 2319 1619 2430 1672; x_wconf 64' lang='grc' dir='ltr'><strong>Καὶ</strong></span> <span class='ocrx_word' id='word_1_204' title='bbox 2462 1617 2810 1688; x_wconf 72' lang='grc' dir='ltr'>άλλαγέντων</span> <span class='ocrx_word' id='word_1_205' title='bbox 2837 1619 2926 1673; x_wconf 77' lang='grc' dir='ltr'><strong>ἐπ’</strong></span> <span class='ocrx_word' id='word_1_206' title='bbox 2960 1619 3112 1690; x_wconf 73' lang='grc' dir='ltr'>αὐτῷ</span> <span class='ocrx_word' id='word_1_207' title='bbox 3136 1621 3196 1686; x_wconf 80' lang='grc' dir='ltr'><strong>ἒξ</strong></span> <span class='ocrx_word' id='word_1_208' title='bbox 3235 1622 3449 1692; x_wconf 76' lang='grc' dir='ltr'>δημίων</span> <span class='ocrx_word' id='word_1_209' title='bbox 3480 1621 3589 1676; x_wconf 81' lang='grc' dir='ltr'><strong>τῶν</strong></span> <span class='ocrx_word' id='word_1_210' title='bbox 3615 1620 3720 1676; x_wconf 71' lang='grc' dir='ltr'><strong>καὶ</strong></span> 
     </span>
    </p>
   </div>
   <div class='ocr_carea' id='block_1_30' title="bbox 2111 1712 3717 1785">
    <p class='ocr_par' dir='ltr' id='par_1_30' title="bbox 2111 1712 3717 1785">
     <span class='ocr_line' id='line_1_30' title="bbox 2111 1712 3717 1785; baseline 0.002 -21"><span class='ocrx_word' id='word_1_211' title='bbox 2111 1713 2429 1765; x_wconf 77' lang='grc' dir='ltr'><strong>τυπτόντων</strong></span> <span class='ocrx_word' id='word_1_212' title='bbox 2482 1712 2668 1776; x_wconf 84' lang='grc' dir='ltr'>αὑτὸν,</span> <span class='ocrx_word' id='word_1_213' title='bbox 2722 1714 2817 1767; x_wconf 77' lang='grc' dir='ltr'>καὶ</span> <span class='ocrx_word' id='word_1_214' title='bbox 2851 1713 2945 1765; x_wconf 80' lang='grc' dir='ltr'>τοῦ</span> <span class='ocrx_word' id='word_1_215' title='bbox 2998 1713 3232 1784; x_wconf 74' lang='grc' dir='ltr'>αἵματος</span> <span class='ocrx_word' id='word_1_216' title='bbox 3273 1713 3441 1767; x_wconf 82' lang='grc' dir='ltr'>αὑτοῦ</span> <span class='ocrx_word' id='word_1_217' title='bbox 3475 1717 3573 1785; x_wconf 79' lang='grc' dir='ltr'><strong>τὴν</strong></span> <span class='ocrx_word' id='word_1_218' title='bbox 3601 1714 3717 1785; x_wconf 82' lang='grc' dir='ltr'>γῆν</span> 
     </span>
    </p>
   </div>
   <div class='ocr_carea' id='block_1_31' title="bbox 2113 1801 3724 1875">
    <p class='ocr_par' dir='ltr' id='par_1_31' title="bbox 2113 1801 3724 1875">
     <span class='ocr_line' id='line_1_31' title="bbox 2113 1801 3724 1875; baseline 0.003 -22"><span class='ocrx_word' id='word_1_219' title='bbox 2113 1801 2540 1872; x_wconf 81' lang='grc' dir='ltr'>πληρώσαντος,</span> <span class='ocrx_word' id='word_1_220' title='bbox 2579 1803 2679 1856; x_wconf 74' lang='grc' dir='ltr'><strong>καὶ</strong></span> <span class='ocrx_word' id='word_1_221' title='bbox 2707 1803 2831 1856; x_wconf 79' lang='grc' dir='ltr'>ὅλου</span> <span class='ocrx_word' id='word_1_222' title='bbox 2850 1803 2944 1856; x_wconf 81' lang='grc' dir='ltr'><strong>τοῦ</strong></span> <span class='ocrx_word' id='word_1_223' title='bbox 2972 1803 3225 1873; x_wconf 79' lang='grc' dir='ltr'>σώματος</span> <span class='ocrx_word' id='word_1_224' title='bbox 3244 1805 3410 1858; x_wconf 76' lang='grc' dir='ltr'>αὑτοῦ</span> <span class='ocrx_word' id='word_1_225' title='bbox 3457 1807 3724 1875; x_wconf 75' lang='grc' dir='ltr'><strong>χαλεπῶς</strong></span> 
     </span>
    </p>
   </div>
   <div class='ocr_carea' id='block_1_32' title="bbox 425 1894 2016 1970">
    <p class='ocr_par' dir='ltr' id='par_1_32' title="bbox 425 1897 2007 1970">
     <span class='ocr_line' id='line_1_32' title="bbox 425 1897 2007 1970; baseline 0.001 -19"><span class='ocrx_word' id='word_1_226' title='bbox 425 1897 684 1951; x_wconf 82' lang='lat' dir='ltr'><strong>laniatum</strong></span> <span class='ocrx_word' id='word_1_227' title='bbox 722 1907 889 1962; x_wconf 87' lang='lat' dir='ltr'><strong>esset,</strong></span> <span class='ocrx_word' id='word_1_228' title='bbox 940 1898 1106 1967; x_wconf 76' lang='lat' dir='ltr'><strong>judex</strong></span> <span class='ocrx_word' id='word_1_229' title='bbox 1165 1902 1281 1970; x_wconf 89' lang='lat' dir='ltr'><strong>ipse</strong></span> <span class='ocrx_word' id='word_1_230' title='bbox 1335 1915 1458 1953; x_wconf 90' lang='lat' dir='ltr'><strong>cum</strong></span> <span class='ocrx_word' id='word_1_231' title='bbox 1494 1899 1835 1953; x_wconf 83' lang='lat' dir='ltr'><strong>miserabiles</strong></span> <span class='ocrx_word' id='word_1_232' title='bbox 1887 1897 2007 1952; x_wconf 83' lang='lat' dir='ltr'><strong>illas</strong></span> 
     </span>
    </p>
   </div>
   <div class='ocr_carea' id='block_1_33' title="bbox 2125 1894 3720 1970">
    <p class='ocr_par' dir='ltr' id='par_1_33' title="bbox 2125 1894 3720 1968">
     <span class='ocr_line' id='line_1_33' title="bbox 2125 1894 3720 1968; baseline 0.002 -21"><span class='ocrx_word' id='word_1_233' title='bbox 2125 1894 2465 1958; x_wconf 78' lang='grc' dir='ltr'>Βιατεθέντος</span> <span class='ocrx_word' id='word_1_234' title='bbox 2523 1898 2637 1958; x_wconf 81' lang='grc' dir='ltr'>τοῖς</span> <span class='ocrx_word' id='word_1_235' title='bbox 2676 1895 3012 1965; x_wconf 77' lang='grc' dir='ltr'><strong>τραύμασιν,</strong></span> <span class='ocrx_word' id='word_1_236' title='bbox 3071 1898 3100 1949; x_wconf 83' lang='grc' dir='ltr'>ὁ</span> <span class='ocrx_word' id='word_1_237' title='bbox 3157 1897 3421 1968; x_wconf 79' lang='grc' dir='ltr'>δικαστὴς</span> <span class='ocrx_word' id='word_1_238' title='bbox 3460 1897 3602 1967; x_wconf 78' lang='grc' dir='ltr'>ὀρῶν</span> <span class='ocrx_word' id='word_1_239' title='bbox 3650 1894 3720 1950; x_wconf 78' lang='grc' dir='ltr'>τὸ</span> 
     </span>
    </p>
   </div>
   <div class='ocr_carea' id='block_1_34' title="bbox 425 1988 2009 2062">
    <p class='ocr_par' dir='ltr' id='par_1_34' title="bbox 425 1988 2009 2062">
     <span class='ocr_line' id='line_1_34' title="bbox 425 1988 2009 2062; baseline 0.001 -21"><span class='ocrx_word' id='word_1_240' title='bbox 425 1988 610 2059; x_wconf 75' lang='lat' dir='ltr'><strong>plagas</strong></span> <span class='ocrx_word' id='word_1_241' title='bbox 643 1988 872 2055; x_wconf 79' lang='lat' dir='ltr'><strong>videret,</strong></span> <span class='ocrx_word' id='word_1_242' title='bbox 904 2000 962 2046; x_wconf 88' lang='lat' dir='ltr'><strong>et</strong></span> <span class='ocrx_word' id='word_1_243' title='bbox 1001 1993 1260 2062; x_wconf 77' lang='lat' dir='ltr'><strong>martyris</strong></span> <span class='ocrx_word' id='word_1_244' title='bbox 1289 1999 1528 2046; x_wconf 90' lang='lat' dir='ltr'><strong>mentem</strong></span> <span class='ocrx_word' id='word_1_245' title='bbox 1564 2005 1629 2044; x_wconf 83' lang='lat' dir='ltr'><strong>ac</strong></span> <span class='ocrx_word' id='word_1_246' title='bbox 1678 1991 2009 2045; x_wconf 82' lang='lat' dir='ltr'><strong>voluntatem</strong></span> 
     </span>
    </p>
   </div>
   <div class='ocr_carea' id='block_1_35' title="bbox 424 2082 2010 2151">
    <p class='ocr_par' dir='ltr' id='par_1_35' title="bbox 424 2082 2010 2151">
     <span class='ocr_line' id='line_1_35' title="bbox 424 2082 2010 2151; baseline -0.001 -16"><span class='ocrx_word' id='word_1_247' title='bbox 424 2090 768 2136; x_wconf 83' lang='lat' dir='ltr'><strong>constantem</strong></span> <span class='ocrx_word' id='word_1_248' title='bbox 801 2090 968 2151; x_wconf 85' lang='lat' dir='ltr'><strong>atque</strong></span> <span class='ocrx_word' id='word_1_249' title='bbox 1012 2083 1345 2138; x_wconf 83' lang='lat' dir='ltr'><strong>immobilem</strong></span> <span class='ocrx_word' id='word_1_250' title='bbox 1371 2097 1496 2138; x_wconf 87' lang='lat' dir='ltr'><strong>esse</strong></span> <span class='ocrx_word' id='word_1_251' title='bbox 1515 2082 2010 2136; x_wconf 81' lang='lat' dir='ltr'><strong>animadverteret:</strong></span> 
     </span>
    </p>
   </div>
   <div class='ocr_carea' id='block_1_36' title="bbox 424 2171 2012 2243">
    <p class='ocr_par' dir='ltr' id='par_1_36' title="bbox 424 2171 2012 2243">
     <span class='ocr_line' id='line_1_36' title="bbox 424 2171 2012 2243; baseline -0.001 -15"><span class='ocrx_word' id='word_1_252' title='bbox 424 2171 588 2239; x_wconf 80' lang='lat' dir='ltr'><strong>Num,</strong></span> <span class='ocrx_word' id='word_1_253' title='bbox 641 2175 841 2243; x_wconf 89' lang='lat' dir='ltr'><strong>inquit,</strong></span> <span class='ocrx_word' id='word_1_254' title='bbox 876 2190 1020 2230; x_wconf 91' lang='lat' dir='ltr'><strong>nunc</strong></span> <span class='ocrx_word' id='word_1_255' title='bbox 1054 2174 1433 2230; x_wconf 77' lang='lat' dir='ltr'><strong>saeriilcabis?</strong></span> <span class='ocrx_word' id='word_1_256' title='bbox 1467 2172 1617 2229; x_wconf 89' lang='lat' dir='ltr'><strong>Itane</strong></span> <span class='ocrx_word' id='word_1_257' title='bbox 1671 2175 1839 2230; x_wconf 86' lang='lat' dir='ltr'><strong>miser</strong></span> <span class='ocrx_word' id='word_1_258' title='bbox 1884 2174 2012 2239; x_wconf 82' lang='lat' dir='ltr'><strong>dici,</strong></span> 
     </span>
    </p>
   </div>
   <div class='ocr_carea' id='block_1_37' title="bbox 423 2269 2012 2339">
    <p class='ocr_par' dir='ltr' id='par_1_37' title="bbox 423 2269 2012 2339">
     <span class='ocr_line' id='line_1_37' title="bbox 423 2269 2012 2339; baseline 0.004 -20"><span class='ocrx_word' id='word_1_259' title='bbox 423 2282 588 2338; x_wconf 77' lang='lat' dir='ltr'><strong>quam</strong></span> <span class='ocrx_word' id='word_1_260' title='bbox 619 2270 830 2324; x_wconf 85' lang='lat' dir='ltr'><strong>amicus</strong></span> <span class='ocrx_word' id='word_1_261' title='bbox 867 2269 1260 2339; x_wconf 80' lang='lat' dir='ltr'><strong>imperatorum</strong></span> <span class='ocrx_word' id='word_1_262' title='bbox 1294 2285 1416 2325; x_wconf 88' lang='lat' dir='ltr'><strong>esse</strong></span> <span class='ocrx_word' id='word_1_263' title='bbox 1443 2269 1682 2324; x_wconf 77' lang='lat' dir='ltr'><strong>maluisti</strong></span> <span class='ocrx_word' id='word_1_264' title='bbox 1709 2269 1734 2322; x_wconf 70' lang='grc' dir='ltr'>τ</span> <span class='ocrx_word' id='word_1_265' title='bbox 1766 2270 1848 2324; x_wconf 86' lang='lat' dir='ltr'><strong>Ad</strong></span> <span class='ocrx_word' id='word_1_266' title='bbox 1896 2271 2012 2325; x_wconf 74' lang='lat' dir='ltr'><strong>lucc</strong></span> 
     </span>
    </p>
   </div>
   <div class='ocr_carea' id='block_1_38' title="bbox 424 2361 2014 2434">
    <p class='ocr_par' dir='ltr' id='par_1_38' title="bbox 424 2361 2014 2434">
     <span class='ocr_line' id='line_1_38' title="bbox 424 2361 2014 2434; baseline 0.002 -18"><span class='ocrx_word' id='word_1_267' title='bbox 424 2361 562 2416; x_wconf 77' lang='lat' dir='ltr'><strong>dixit</strong></span> <span class='ocrx_word' id='word_1_268' title='bbox 595 2362 884 2419; x_wconf 81' lang='lat' dir='ltr'><strong>Aeacius:</strong></span> <span class='ocrx_word' id='word_1_269' title='bbox 923 2361 1278 2433; x_wconf 76' lang='lat' dir='ltr'><strong>Nequaquam</strong></span> <span class='ocrx_word' id='word_1_270' title='bbox 1339 2379 1440 2434; x_wconf 81' lang='lat' dir='ltr'><strong>ego</strong></span> <span class='ocrx_word' id='word_1_271' title='bbox 1485 2362 1740 2419; x_wconf 80' lang='lat' dir='ltr'><strong>sacriﬁco</strong></span> <span class='ocrx_word' id='word_1_272' title='bbox 1783 2381 1798 2417; x_wconf 88' lang='lat'><strong>:</strong></span> <span class='ocrx_word' id='word_1_273' title='bbox 1839 2364 2014 2419; x_wconf 87' lang='lat' dir='ltr'><strong>habeo</strong></span> 
     </span>
    </p>
   </div>
   <div class='ocr_carea' id='block_1_39' title="bbox 424 2452 2012 2526">
    <p class='ocr_par' dir='ltr' id='par_1_39' title="bbox 424 2452 2012 2526">
     <span class='ocr_line' id='line_1_39' title="bbox 424 2452 2012 2526; baseline 0.003 -20"><span class='ocrx_word' id='word_1_274' title='bbox 424 2453 568 2506; x_wconf 84' lang='lat' dir='ltr'><strong>enim</strong></span> <span class='ocrx_word' id='word_1_275' title='bbox 601 2452 886 2508; x_wconf 89' lang='lat' dir='ltr'><strong>Dominum</strong></span> <span class='ocrx_word' id='word_1_276' title='bbox 926 2471 1104 2510; x_wconf 89' lang='lat' dir='ltr'><strong>meum</strong></span> <span class='ocrx_word' id='word_1_277' title='bbox 1153 2453 1340 2510; x_wconf 66' lang='lat' dir='ltr'><strong>Iesum</strong></span> <span class='ocrx_word' id='word_1_278' title='bbox 1375 2456 1654 2510; x_wconf 80' lang='lat' dir='ltr'><strong>Christum</strong></span> <span class='ocrx_word' id='word_1_279' title='bbox 1687 2471 1843 2526; x_wconf 82' lang='lat' dir='ltr'><strong>Opem</strong></span> <span class='ocrx_word' id='word_1_280' title='bbox 1881 2457 2012 2511; x_wconf 91' lang='lat' dir='ltr'><strong>mihi</strong></span> 
     </span>
    </p>
   </div>
   <div class='ocr_carea' id='block_1_40' title="bbox 426 2547 2009 2616">
    <p class='ocr_par' dir='ltr' id='par_1_40' title="bbox 426 2547 2009 2616">
     <span class='ocr_line' id='line_1_40' title="bbox 426 2547 2009 2616; baseline 0.001 -16"><span class='ocrx_word' id='word_1_281' title='bbox 426 2547 730 2614; x_wconf 80' lang='lat' dir='ltr'><strong>ferentem;</strong></span> <span class='ocrx_word' id='word_1_282' title='bbox 769 2549 952 2616; x_wconf 84' lang='lat' dir='ltr'><strong>itaque</strong></span> <span class='ocrx_word' id='word_1_283' title='bbox 989 2548 1110 2603; x_wconf 86' lang='lat' dir='ltr'><strong>istis</strong></span> <span class='ocrx_word' id='word_1_284' title='bbox 1143 2549 1254 2603; x_wconf 88' lang='lat' dir='ltr'><strong>tuis</strong></span> <span class='ocrx_word' id='word_1_285' title='bbox 1285 2549 1616 2604; x_wconf 83' lang='lat' dir='ltr'><strong>cruciatibus</strong></span> <span class='ocrx_word' id='word_1_286' title='bbox 1647 2549 2009 2605; x_wconf 89' lang='lat' dir='ltr'><strong>robustiorem</strong></span> 
     </span>
    </p>
   </div>
   <div class='ocr_carea' id='block_1_41' title="bbox 424 2641 2008 2708">
    <p class='ocr_par' dir='ltr' id='par_1_41' title="bbox 424 2641 2008 2708">
     <span class='ocr_line' id='line_1_41' title="bbox 424 2641 2008 2708; baseline 0.003 -16"><span class='ocrx_word' id='word_1_287' title='bbox 424 2656 486 2692; x_wconf 88' lang='lat' dir='ltr'><strong>ac</strong></span> <span class='ocrx_word' id='word_1_288' title='bbox 518 2642 906 2708; x_wconf 80' lang='lat' dir='ltr'><strong>promptiorem</strong></span> <span class='ocrx_word' id='word_1_289' title='bbox 944 2658 1029 2696; x_wconf 89' lang='lat' dir='ltr'><strong>me</strong></span> <span class='ocrx_word' id='word_1_290' title='bbox 1059 2641 1365 2700; x_wconf 51' lang='lat' dir='ltr'><strong>reddidisti.</strong></span> <span class='ocrx_word' id='word_1_291' title='bbox 1399 2643 1677 2697; x_wconf 81' lang='lat' dir='ltr'><strong>Hactenus</strong></span> <span class='ocrx_word' id='word_1_292' title='bbox 1710 2643 1856 2696; x_wconf 87' lang='lat' dir='ltr'><strong>enim</strong></span> <span class='ocrx_word' id='word_1_293' title='bbox 1890 2650 2008 2696; x_wconf 86' lang='lat' dir='ltr'><strong>lor-</strong></span> 
     </span>
    </p>
   </div>
   <div class='ocr_carea' id='block_1_42' title="bbox 425 2733 2015 2804">
    <p class='ocr_par' dir='ltr' id='par_1_42' title="bbox 425 2733 2015 2804">
     <span class='ocr_line' id='line_1_42' title="bbox 425 2733 2015 2804; baseline 0.003 -20"><span class='ocrx_word' id='word_1_294' title='bbox 425 2746 734 2787; x_wconf 89' lang='lat' dir='ltr'><strong>memo:um</strong></span> <span class='ocrx_word' id='word_1_295' title='bbox 775 2735 1138 2802; x_wconf 72' lang='lat' dir='ltr'><strong>exspectatio,</strong></span> <span class='ocrx_word' id='word_1_296' title='bbox 1174 2735 1352 2803; x_wconf 86' lang='lat' dir='ltr'><strong>aliqua</strong></span> <span class='ocrx_word' id='word_1_297' title='bbox 1379 2748 1442 2788; x_wconf 84' lang='lat' dir='ltr'><strong>ex</strong></span> <span class='ocrx_word' id='word_1_298' title='bbox 1477 2743 1630 2804; x_wconf 89' lang='lat' dir='ltr'><strong>parte</strong></span> <span class='ocrx_word' id='word_1_299' title='bbox 1655 2733 2015 2804; x_wconf 79' lang='lat' dir='ltr'><strong>cegilatioues</strong></span> 
     </span>
    </p>
   </div>
   <div class='ocr_carea' id='block_1_43' title="bbox 427 2824 2014 2892">
    <p class='ocr_par' dir='ltr' id='par_1_43' title="bbox 427 2824 2014 2892">
     <span class='ocr_line' id='line_1_43' title="bbox 427 2824 2014 2892; baseline 0.003 -17"><span class='ocrx_word' id='word_1_300' title='bbox 427 2837 576 2876; x_wconf 82' lang='lat' dir='ltr'><strong>meas</strong></span> <span class='ocrx_word' id='word_1_301' title='bbox 607 2824 962 2892; x_wconf 82' lang='lat' dir='ltr'><strong>perturbabat</strong></span> <span class='ocrx_word' id='word_1_302' title='bbox 997 2841 1011 2878; x_wconf 89' lang='lat'><strong>:</strong></span> <span class='ocrx_word' id='word_1_303' title='bbox 1041 2839 1164 2878; x_wconf 89' lang='lat' dir='ltr'><strong>cum</strong></span> <span class='ocrx_word' id='word_1_304' title='bbox 1197 2840 1327 2879; x_wconf 83' lang='lat' dir='ltr'><strong>vero</strong></span> <span class='ocrx_word' id='word_1_305' title='bbox 1375 2828 1460 2879; x_wconf 89' lang='lat' dir='ltr'><strong>vis</strong></span> <span class='ocrx_word' id='word_1_306' title='bbox 1495 2826 1644 2878; x_wconf 84' lang='lat' dir='ltr'><strong>illata</strong></span> <span class='ocrx_word' id='word_1_307' title='bbox 1675 2835 1782 2888; x_wconf 85' lang='lat' dir='ltr'><strong>est,</strong></span> <span class='ocrx_word' id='word_1_308' title='bbox 1813 2837 1864 2879; x_wconf 89' lang='lat' dir='ltr'><strong>et</strong></span> <span class='ocrx_word' id='word_1_309' title='bbox 1899 2826 2014 2880; x_wconf 76' lang='lat' dir='ltr'><strong>hzee</strong></span> 
     </span>
    </p>
   </div>
   <div class='ocr_carea' id='block_1_44' title="bbox 429 2913 2012 2985">
    <p class='ocr_par' dir='ltr' id='par_1_44' title="bbox 429 2913 2012 2985">
     <span class='ocr_line' id='line_1_44' title="bbox 429 2913 2012 2985; baseline 0.001 -19"><span class='ocrx_word' id='word_1_310' title='bbox 429 2915 539 2984; x_wconf 87' lang='lat' dir='ltr'><strong>pati</strong></span> <span class='ocrx_word' id='word_1_311' title='bbox 603 2916 766 2984; x_wconf 79' lang='lat' dir='ltr'><strong>coepi,</strong></span> <span class='ocrx_word' id='word_1_312' title='bbox 803 2930 901 2984; x_wconf 87' lang='lat' dir='ltr'><strong>per</strong></span> <span class='ocrx_word' id='word_1_313' title='bbox 948 2913 1134 2970; x_wconf 81' lang='lat' dir='ltr'><strong>Jcsum</strong></span> <span class='ocrx_word' id='word_1_314' title='bbox 1185 2915 1468 2970; x_wconf 83' lang='lat' dir='ltr'><strong>Chrismm</strong></span> <span class='ocrx_word' id='word_1_315' title='bbox 1538 2916 1667 2969; x_wconf 91' lang='lat' dir='ltr'><strong>mihi</strong></span> <span class='ocrx_word' id='word_1_316' title='bbox 1722 2917 2012 2985; x_wconf 86' lang='lat' dir='ltr'><strong>potentiam</strong></span> 
     </span>
    </p>
   </div>
   <div class='ocr_carea' id='block_1_45' title="bbox 430 3006 2012 3076">
    <p class='ocr_par' dir='ltr' id='par_1_45' title="bbox 430 3006 2012 3076">
     <span class='ocr_line' id='line_1_45' title="bbox 430 3006 2012 3076; baseline 0.001 -17"><span class='ocrx_word' id='word_1_317' title='bbox 430 3019 835 3076; x_wconf 72' lang='lat' dir='ltr'><strong>suggerentem,</strong></span> <span class='ocrx_word' id='word_1_318' title='bbox 865 3007 1278 3061; x_wconf 82' lang='lat' dir='ltr'><strong>robustissimus</strong></span> <span class='ocrx_word' id='word_1_319' title='bbox 1306 3007 1482 3061; x_wconf 79' lang='lat' dir='ltr'><strong>factus</strong></span> <span class='ocrx_word' id='word_1_320' title='bbox 1511 3023 1652 3068; x_wconf 83' lang='lat' dir='ltr'><strong>sum,</strong></span> <span class='ocrx_word' id='word_1_321' title='bbox 1673 3016 1724 3060; x_wconf 87' lang='lat' dir='ltr'><strong>et</strong></span> <span class='ocrx_word' id='word_1_322' title='bbox 1743 3006 1807 3060; x_wconf 87' lang='lat' dir='ltr'><strong>ad</strong></span> <span class='ocrx_word' id='word_1_323' title='bbox 1834 3007 2012 3060; x_wconf 77' lang='lat' dir='ltr'><strong>ninnia</strong></span> 
     </span>
    </p>
   </div>
   <div class='ocr_carea' id='block_1_46' title="bbox 431 3097 2016 3168">
    <p class='ocr_par' dir='ltr' id='par_1_46' title="bbox 431 3097 2016 3168">
     <span class='ocr_line' id='line_1_46' title="bbox 431 3097 2016 3168; baseline 0.002 -20"><span class='ocrx_word' id='word_1_324' title='bbox 431 3106 702 3150; x_wconf 85' lang='lat' dir='ltr'><strong>tormenta</strong></span> <span class='ocrx_word' id='word_1_325' title='bbox 737 3098 1085 3166; x_wconf 85' lang='lat' dir='ltr'><strong>suscipienda</strong></span> <span class='ocrx_word' id='word_1_326' title='bbox 1124 3097 1527 3168; x_wconf 82' lang='lat' dir='ltr'><strong>paratissinms,</strong></span> <span class='ocrx_word' id='word_1_327' title='bbox 1567 3098 1678 3151; x_wconf 85' lang='lat' dir='ltr'><strong>Deo</strong></span> <span class='ocrx_word' id='word_1_328' title='bbox 1730 3098 1849 3166; x_wconf 87' lang='lat' dir='ltr'><strong>ipso</strong></span> <span class='ocrx_word' id='word_1_329' title='bbox 1897 3098 2016 3151; x_wconf 89' lang='lat' dir='ltr'><strong>sine</strong></span> 
     </span>
    </p>
   </div>
   <div class='ocr_carea' id='block_1_47' title="bbox 429 3187 2011 3260">
    <p class='ocr_par' dir='ltr' id='par_1_47' title="bbox 429 3187 2011 3260">
     <span class='ocr_line' id='line_1_47' title="bbox 429 3187 2011 3260; baseline 0.002 -22"><span class='ocrx_word' id='word_1_330' title='bbox 429 3187 769 3243; x_wconf 85' lang='lat' dir='ltr'><strong>dubitatione</strong></span> <span class='ocrx_word' id='word_1_331' title='bbox 830 3189 1006 3256; x_wconf 82' lang='lat' dir='ltr'><strong>aliqua</strong></span> <span class='ocrx_word' id='word_1_332' title='bbox 1063 3192 1321 3245; x_wconf 78' lang='lat' dir='ltr'><strong>conlisus.</strong></span> <span class='ocrx_word' id='word_1_333' title='bbox 1392 3189 1529 3243; x_wconf 82' lang='lat' dir='ltr'><strong>Tum</strong></span> <span class='ocrx_word' id='word_1_334' title='bbox 1592 3190 1760 3260; x_wconf 77' lang='lat' dir='ltr'><strong>jndex</strong></span> <span class='ocrx_word' id='word_1_335' title='bbox 1818 3207 1833 3244; x_wconf 88' lang='lat'><strong>:</strong></span> <span class='ocrx_word' id='word_1_336' title='bbox 1883 3189 2011 3252; x_wconf 86' lang='lat' dir='ltr'><strong>Ista,</strong></span> 
     </span>
    </p>
   </div>
   <div class='ocr_carea' id='block_1_48' title="bbox 2116 1987 3716 2059">
    <p class='ocr_par' dir='ltr' id='par_1_48' title="bbox 2116 1987 3716 2059">
     <span class='ocr_line' id='line_1_48' title="bbox 2116 1987 3716 2059; baseline 0.003 -20"><span class='ocrx_word' id='word_1_337' title='bbox 2116 1989 2290 2051; x_wconf 72' lang='grc' dir='ltr'>πάθος</span> <span class='ocrx_word' id='word_1_338' title='bbox 2329 1987 2565 2040; x_wconf 75' lang='grc' dir='ltr'>ἐλεεινὸν</span> <span class='ocrx_word' id='word_1_339' title='bbox 2593 1989 2968 2058; x_wconf 80' lang='grc' dir='ltr'><strong>γεγενημένον</strong></span> <span class='ocrx_word' id='word_1_340' title='bbox 3025 1989 3121 2042; x_wconf 81' lang='grc' dir='ltr'>καὶ</span> <span class='ocrx_word' id='word_1_341' title='bbox 3173 1991 3266 2042; x_wconf 76' lang='grc' dir='ltr'><strong>τὸν</strong></span> <span class='ocrx_word' id='word_1_342' title='bbox 3319 1988 3583 2059; x_wconf 75' lang='grc' dir='ltr'>λογισμὸν</span> <span class='ocrx_word' id='word_1_343' title='bbox 3612 1988 3716 2043; x_wconf 73' lang='grc' dir='ltr'>τοῦ</span> 
     </span>
    </p>
   </div>
   <div class='ocr_carea' id='block_1_49' title="bbox 2113 2081 3714 2151">
    <p class='ocr_par' dir='ltr' id='par_1_49' title="bbox 2113 2081 3714 2151">
     <span class='ocr_line' id='line_1_49' title="bbox 2113 2081 3714 2151; baseline 0.002 -19"><span class='ocrx_word' id='word_1_344' title='bbox 2113 2081 2402 2151; x_wconf 83' lang='grc' dir='ltr'>μάρτυρος</span> <span class='ocrx_word' id='word_1_345' title='bbox 2460 2081 2873 2150; x_wconf 77' lang='grc' dir='ltr'><strong>ἀμετακίνητον</strong></span> <span class='ocrx_word' id='word_1_346' title='bbox 2909 2081 3059 2147; x_wconf 78' lang='grc' dir='ltr'>ὄντα,</span> <span class='ocrx_word' id='word_1_347' title='bbox 3111 2081 3262 2150; x_wconf 80' lang='grc' dir='ltr'>λέγει</span> <span class='ocrx_word' id='word_1_348' title='bbox 3323 2083 3461 2149; x_wconf 73' lang='grc' dir='ltr'>πρὸς</span> <span class='ocrx_word' id='word_1_349' title='bbox 3499 2081 3714 2134; x_wconf 80' lang='grc' dir='ltr'>αὐτόν’</span> 
     </span>
    </p>
   </div>
   <div class='ocr_carea' id='block_1_50' title="bbox 2111 2171 3720 2242">
    <p class='ocr_par' dir='ltr' id='par_1_50' title="bbox 2111 2171 3720 2242">
     <span class='ocr_line' id='line_1_50' title="bbox 2111 2171 3720 2242; baseline 0.002 -20"><span class='ocrx_word' id='word_1_350' title='bbox 2111 2171 2296 2236; x_wconf 83' lang='grc' dir='ltr'>Θύεις,</span> <span class='ocrx_word' id='word_1_351' title='bbox 2333 2171 2582 2238; x_wconf 64' lang='grc' dir='ltr'>’Δκάκιεν</span> <span class='ocrx_word' id='word_1_352' title='bbox 2644 2171 2677 2241; x_wconf 76' lang='grc' dir='ltr'>ἢ</span> <span class='ocrx_word' id='word_1_353' title='bbox 2719 2171 2906 2242; x_wconf 80' lang='grc' dir='ltr'>ἀκμὴν</span> <span class='ocrx_word' id='word_1_354' title='bbox 2952 2173 3296 2240; x_wconf 77' lang='grc' dir='ltr'>άντιλέγειςς</span> <span class='ocrx_word' id='word_1_355' title='bbox 3333 2172 3399 2225; x_wconf 79' lang='grc' dir='ltr'>σὺ</span> <span class='ocrx_word' id='word_1_356' title='bbox 3445 2173 3554 2241; x_wconf 78' lang='grc' dir='ltr'>γὰρ</span> <span class='ocrx_word' id='word_1_357' title='bbox 3593 2172 3720 2242; x_wconf 75' lang='grc' dir='ltr'>ἥλω</span> 
     </span>
    </p>
   </div>
   <div class='ocr_carea' id='block_1_51' title="bbox 2117 2262 3721 2334">
    <p class='ocr_par' dir='ltr' id='par_1_51' title="bbox 2117 2262 3721 2334">
     <span class='ocr_line' id='line_1_51' title="bbox 2117 2262 3721 2334; baseline 0.001 -18"><span class='ocrx_word' id='word_1_358' title='bbox 2117 2263 2305 2327; x_wconf 77' lang='grc' dir='ltr'>ἄθλιος</span> <span class='ocrx_word' id='word_1_359' title='bbox 2355 2262 2559 2334; x_wconf 80' lang='grc' dir='ltr'>μᾶλλον</span> <span class='ocrx_word' id='word_1_360' title='bbox 2601 2263 2837 2331; x_wconf 79' lang='grc' dir='ltr'>φανῆναι</span> <span class='ocrx_word' id='word_1_361' title='bbox 2871 2263 2904 2334; x_wconf 80' lang='grc' dir='ltr'>ἢ</span> <span class='ocrx_word' id='word_1_362' title='bbox 2950 2263 3102 2332; x_wconf 79' lang='grc' dir='ltr'>φίλος</span> <span class='ocrx_word' id='word_1_363' title='bbox 3131 2263 3386 2331; x_wconf 77' lang='grc' dir='ltr'>γενέσθαι</span> <span class='ocrx_word' id='word_1_364' title='bbox 3415 2264 3523 2317; x_wconf 85' lang='grc' dir='ltr'>τῶν</span> <span class='ocrx_word' id='word_1_365' title='bbox 3557 2265 3721 2334; x_wconf 81' lang='grc' dir='ltr'>βασι-</span> 
     </span>
    </p>
   </div>
   <div class='ocr_carea' id='block_1_52' title="bbox 2113 2353 3720 2426">
    <p class='ocr_par' dir='ltr' id='par_1_52' title="bbox 2113 2353 3720 2426">
     <span class='ocr_line' id='line_1_52' title="bbox 2113 2353 3720 2426; baseline 0.002 -20"><span class='ocrx_word' id='word_1_366' title='bbox 2113 2354 2274 2408; x_wconf 70' lang='grc' dir='ltr'>λέων.</span> <span class='ocrx_word' id='word_1_367' title='bbox 2317 2355 2375 2408; x_wconf 84' lang='grc' dir='ltr'><strong>ὐ</strong></span> <span class='ocrx_word' id='word_1_368' title='bbox 2411 2355 2570 2422; x_wconf 80' lang='grc' dir='ltr'>ἆγιος</span> <span class='ocrx_word' id='word_1_369' title='bbox 2618 2354 2877 2417; x_wconf 82' lang='grc' dir='ltr'>Ἀκάκιος</span> <span class='ocrx_word' id='word_1_370' title='bbox 2908 2353 3095 2420; x_wconf 81' lang='grc' dir='ltr'>λέγει·</span> <span class='ocrx_word' id='word_1_371' title='bbox 3139 2355 3213 2408; x_wconf 71' lang='grc' dir='ltr'><strong>Οὐ</strong></span> <span class='ocrx_word' id='word_1_372' title='bbox 3259 2353 3374 2408; x_wconf 83' lang='grc' dir='ltr'>θύω</span> <span class='ocrx_word' id='word_1_373' title='bbox 3397 2355 3564 2408; x_wconf 70' lang='grc' dir='ltr'>ποτε·</span> <span class='ocrx_word' id='word_1_374' title='bbox 3597 2353 3720 2426; x_wconf 75' lang='grc' dir='ltr'>ἔχω</span> 
     </span>
    </p>
   </div>
   <div class='ocr_carea' id='block_1_53' title="bbox 2115 2445 3722 2519">
    <p class='ocr_par' dir='ltr' id='par_1_53' title="bbox 2115 2445 3722 2519">
     <span class='ocr_line' id='line_1_53' title="bbox 2115 2445 3722 2519; baseline 0.002 -21"><span class='ocrx_word' id='word_1_375' title='bbox 2115 2449 2224 2519; x_wconf 72' lang='grc' dir='ltr'><strong>γάρ</strong></span> <span class='ocrx_word' id='word_1_376' title='bbox 2245 2447 2339 2500; x_wconf 74' lang='grc' dir='ltr'><strong>τὸν</strong></span> <span class='ocrx_word' id='word_1_377' title='bbox 2370 2446 2578 2518; x_wconf 76' lang='grc' dir='ltr'>Κύριον</span> <span class='ocrx_word' id='word_1_378' title='bbox 2616 2463 2719 2518; x_wconf 92' lang='grc' dir='ltr'><strong>μου</strong></span> <span class='ocrx_word' id='word_1_379' title='bbox 2757 2445 2968 2515; x_wconf 78' lang='grc' dir='ltr'><strong>Ἰησοῦν</strong></span> <span class='ocrx_word' id='word_1_380' title='bbox 2997 2447 3238 2518; x_wconf 77' lang='grc' dir='ltr'>Χριστὸν</span> <span class='ocrx_word' id='word_1_381' title='bbox 3277 2447 3369 2500; x_wconf 80' lang='grc' dir='ltr'>τὸν</span> <span class='ocrx_word' id='word_1_382' title='bbox 3403 2446 3722 2518; x_wconf 72' lang='grc' dir='ltr'>βοηθοῦντά</span> 
     </span>
    </p>
   </div>
   <div class='ocr_carea' id='block_1_54' title="bbox 2119 2538 3724 2610">
    <p class='ocr_par' dir='ltr' id='par_1_54' title="bbox 2119 2538 3724 2610">
     <span class='ocr_line' id='line_1_54' title="bbox 2119 2538 3724 2610; baseline 0.002 -19"><span class='ocrx_word' id='word_1_383' title='bbox 2119 2555 2214 2610; x_wconf 85' lang='grc' dir='ltr'>μοι</span> <span class='ocrx_word' id='word_1_384' title='bbox 2249 2539 2371 2593; x_wconf 70' lang='grc' dir='ltr'><strong>ἀει*</strong></span> <span class='ocrx_word' id='word_1_385' title='bbox 2395 2540 2496 2608; x_wconf 77' lang='grc' dir='ltr'><strong>ἐμὲ</strong></span> <span class='ocrx_word' id='word_1_386' title='bbox 2525 2538 2636 2610; x_wconf 85' lang='grc' dir='ltr'><strong>γάρ</strong></span> <span class='ocrx_word' id='word_1_387' title='bbox 2678 2541 2743 2593; x_wconf 82' lang='grc' dir='ltr'><strong>ὲκ</strong></span> <span class='ocrx_word' id='word_1_388' title='bbox 2772 2538 2884 2592; x_wconf 86' lang='grc' dir='ltr'><strong>τῶν</strong></span> <span class='ocrx_word' id='word_1_389' title='bbox 2914 2539 3168 2610; x_wconf 82' lang='grc' dir='ltr'><strong>βασάνων</strong></span> <span class='ocrx_word' id='word_1_390' title='bbox 3203 2555 3297 2592; x_wconf 88' lang='grc' dir='ltr'><strong>σου</strong></span> <span class='ocrx_word' id='word_1_391' title='bbox 3327 2539 3534 2593; x_wconf 84' lang='grc' dir='ltr'>τούτων</span> <span class='ocrx_word' id='word_1_392' title='bbox 3561 2540 3724 2610; x_wconf 80' lang='grc' dir='ltr'>ισχυ-</span> 
     </span>
    </p>
   </div>
   <div class='ocr_carea' id='block_1_55' title="bbox 2118 2627 3718 2700">
    <p class='ocr_par' dir='ltr' id='par_1_55' title="bbox 2118 2627 3718 2700">
     <span class='ocr_line' id='line_1_55' title="bbox 2118 2627 3718 2700; baseline 0.004 -20"><span class='ocrx_word' id='word_1_393' title='bbox 2118 2627 2362 2700; x_wconf 83' lang='grc' dir='ltr'>ρώτερον</span> <span class='ocrx_word' id='word_1_394' title='bbox 2426 2629 2629 2700; x_wconf 81' lang='grc' dir='ltr'>μᾶλλον</span> <span class='ocrx_word' id='word_1_395' title='bbox 2677 2631 2772 2682; x_wconf 78' lang='grc' dir='ltr'><strong>καὶ</strong></span> <span class='ocrx_word' id='word_1_396' title='bbox 2819 2629 3266 2699; x_wconf 58' lang='grc' dir='ltr'>θαρσαλεώτερον</span> <span class='ocrx_word' id='word_1_397' title='bbox 3321 2631 3718 2694; x_wconf 73' lang='grc' dir='ltr'>κατέστησας·</span> 
     </span>
    </p>
   </div>
   <div class='ocr_carea' id='block_1_56' title="bbox 2113 2720 3720 2794">
    <p class='ocr_par' dir='ltr' id='par_1_56' title="bbox 2113 2720 3720 2794">
     <span class='ocr_line' id='line_1_56' title="bbox 2113 2720 3720 2794; baseline 0.003 -22"><span class='ocrx_word' id='word_1_398' title='bbox 2113 2720 2220 2783; x_wconf 68' lang='grc' dir='ltr'>ἕως</span> <span class='ocrx_word' id='word_1_399' title='bbox 2246 2725 2355 2792; x_wconf 73' lang='grc' dir='ltr'><strong>γάρ</strong></span> <span class='ocrx_word' id='word_1_400' title='bbox 2383 2721 2510 2792; x_wconf 82' lang='grc' dir='ltr'>ἄρτι</span> <span class='ocrx_word' id='word_1_401' title='bbox 2540 2722 2573 2791; x_wconf 80' lang='grc' dir='ltr'><strong>ή</strong></span> <span class='ocrx_word' id='word_1_402' title='bbox 2608 2723 2909 2790; x_wconf 78' lang='grc' dir='ltr'><strong>προσδοκία</strong></span> <span class='ocrx_word' id='word_1_403' title='bbox 2937 2725 3046 2776; x_wconf 81' lang='grc' dir='ltr'>τῶν</span> <span class='ocrx_word' id='word_1_404' title='bbox 3090 2723 3284 2775; x_wconf 86' lang='grc' dir='ltr'>δεινῶν</span> <span class='ocrx_word' id='word_1_405' title='bbox 3325 2724 3431 2776; x_wconf 72' lang='grc' dir='ltr'>κᾶν</span> <span class='ocrx_word' id='word_1_406' title='bbox 3458 2725 3518 2776; x_wconf 78' lang='grc' dir='ltr'>ὲν</span> <span class='ocrx_word' id='word_1_407' title='bbox 3551 2725 3720 2794; x_wconf 81' lang='grc' dir='ltr'>μέρει</span> 
     </span>
    </p>
   </div>
   <div class='ocr_carea' id='block_1_57' title="bbox 2115 2814 3722 2888">
    <p class='ocr_par' dir='ltr' id='par_1_57' title="bbox 2115 2814 3722 2888">
     <span class='ocr_line' id='line_1_57' title="bbox 2115 2814 3722 2888; baseline 0.002 -22"><span class='ocrx_word' id='word_1_408' title='bbox 2115 2815 2204 2866; x_wconf 77' lang='grc' dir='ltr'><strong>τὸ.</strong></span> <span class='ocrx_word' id='word_1_409' title='bbox 2231 2814 2496 2882; x_wconf 87' lang='grc' dir='ltr'>λογισμόν</span> <span class='ocrx_word' id='word_1_410' title='bbox 2557 2831 2659 2884; x_wconf 91' lang='grc' dir='ltr'><strong>μου</strong></span> <span class='ocrx_word' id='word_1_411' title='bbox 2707 2815 3036 2885; x_wconf 67' lang='grc' dir='ltr'>ἐτάραττεν,</span> <span class='ocrx_word' id='word_1_412' title='bbox 3079 2815 3350 2886; x_wconf 78' lang='grc' dir='ltr'><strong>γενομένη</strong></span> <span class='ocrx_word' id='word_1_413' title='bbox 3400 2815 3722 2888; x_wconf 73' lang='grc' dir='ltr'>δὲήπεῖρα</span> 
     </span>
    </p>
   </div>
   <div class='ocr_carea' id='block_1_58' title="bbox 2115 2905 3720 2979">
    <p class='ocr_par' dir='ltr' id='par_1_58' title="bbox 2115 2905 3720 2979">
     <span class='ocr_line' id='line_1_58' title="bbox 2115 2905 3720 2979; baseline 0.004 -22"><span class='ocrx_word' id='word_1_414' title='bbox 2115 2905 2208 2958; x_wconf 81' lang='grc' dir='ltr'><strong>τοῦ</strong></span> <span class='ocrx_word' id='word_1_415' title='bbox 2243 2907 2454 2968; x_wconf 80' lang='grc' dir='ltr'>πάθους</span> <span class='ocrx_word' id='word_1_416' title='bbox 2478 2907 2570 2959; x_wconf 83' lang='grc' dir='ltr'>καὶ</span> <span class='ocrx_word' id='word_1_417' title='bbox 2621 2907 2910 2976; x_wconf 72' lang='grc' dir='ltr'><strong>ἐνεχθεῖσα</strong></span> <span class='ocrx_word' id='word_1_418' title='bbox 2961 2908 3050 2960; x_wconf 86' lang='grc' dir='ltr'><strong>διά</strong></span> <span class='ocrx_word' id='word_1_419' title='bbox 3080 2909 3173 2961; x_wconf 84' lang='grc' dir='ltr'><strong>τὸν</strong></span> <span class='ocrx_word' id='word_1_420' title='bbox 3209 2907 3617 2979; x_wconf 78' lang='grc' dir='ltr'>ὲνδυναμοῦντά</span> <span class='ocrx_word' id='word_1_421' title='bbox 3645 2926 3720 2979; x_wconf 83' lang='grc' dir='ltr'><strong>με</strong></span> 
     </span>
    </p>
   </div>
   <div class='ocr_carea' id='block_1_59' title="bbox 2119 2999 3723 3070">
    <p class='ocr_par' dir='ltr' id='par_1_59' title="bbox 2119 2999 3723 3070">
     <span class='ocr_line' id='line_1_59' title="bbox 2119 2999 3723 3070; baseline 0.002 -18"><span class='ocrx_word' id='word_1_422' title='bbox 2119 3000 2326 3070; x_wconf 54' lang='grc' dir='ltr'>Κύρων</span> <span class='ocrx_word' id='word_1_423' title='bbox 2398 2999 2612 3069; x_wconf 76' lang='grc' dir='ltr'>Ἰησοῦν</span> <span class='ocrx_word' id='word_1_424' title='bbox 2653 3001 2910 3067; x_wconf 71' lang='grc' dir='ltr'>Χριστδν,</span> <span class='ocrx_word' id='word_1_425' title='bbox 2967 2999 3177 3070; x_wconf 74' lang='grc' dir='ltr'>σφόδρα</span> <span class='ocrx_word' id='word_1_426' title='bbox 3213 3017 3280 3070; x_wconf 86' lang='grc' dir='ltr'><strong>με</strong></span> <span class='ocrx_word' id='word_1_427' title='bbox 3310 3001 3723 3067; x_wconf 81' lang='grc' dir='ltr'>γενναιώτατον</span> 
     </span>
    </p>
   </div>
   <div class='ocr_carea' id='block_1_60' title="bbox 2119 3092 3721 3162">
    <p class='ocr_par' dir='ltr' id='par_1_60' title="bbox 2119 3092 3721 3162">
     <span class='ocr_line' id='line_1_60' title="bbox 2119 3092 3721 3162; baseline 0 -17"><span class='ocrx_word' id='word_1_428' title='bbox 2119 3095 2377 3162; x_wconf 74' lang='grc' dir='ltr'>ἐποίησεν</span> <span class='ocrx_word' id='word_1_429' title='bbox 2420 3092 2557 3161; x_wconf 69' lang='grc' dir='ltr'>πρὸς</span> <span class='ocrx_word' id='word_1_430' title='bbox 2605 3093 2788 3145; x_wconf 81' lang='grc' dir='ltr'>πᾶσαν</span> <span class='ocrx_word' id='word_1_431' title='bbox 2821 3093 3098 3161; x_wconf 80' lang='grc' dir='ltr'>τιμωρίαν</span> <span class='ocrx_word' id='word_1_432' title='bbox 3152 3096 3530 3147; x_wconf 73' lang='grc' dir='ltr'>πιστεύσαντα</span> <span class='ocrx_word' id='word_1_433' title='bbox 3559 3093 3721 3146; x_wconf 76' lang='grc' dir='ltr'>ἀδια-</span> 
     </span>
    </p>
   </div>
   <div class='ocr_carea' id='block_1_61' title="bbox 2121 3181 3724 3254">
    <p class='ocr_par' dir='ltr' id='par_1_61' title="bbox 2121 3181 3724 3254">
     <span class='ocr_line' id='line_1_61' title="bbox 2121 3181 3724 3254; baseline 0.001 -18"><span class='ocrx_word' id='word_1_434' title='bbox 2121 3187 2325 3253; x_wconf 75' lang='grc' dir='ltr'>κρίτως</span> <span class='ocrx_word' id='word_1_435' title='bbox 2383 3182 2461 3254; x_wconf 85' lang='grc' dir='ltr'><strong>τῷ</strong></span> <span class='ocrx_word' id='word_1_436' title='bbox 2495 3183 2638 3254; x_wconf 85' lang='grc' dir='ltr'>Θεῷ.</span> <span class='ocrx_word' id='word_1_437' title='bbox 2685 3181 2743 3235; x_wconf 86' lang='grc' dir='ltr'>Ὀ</span> <span class='ocrx_word' id='word_1_438' title='bbox 2777 3182 3043 3254; x_wconf 84' lang='grc' dir='ltr'>δικαστὴς</span> <span class='ocrx_word' id='word_1_439' title='bbox 3092 3181 3286 3237; x_wconf 72' lang='grc' dir='ltr'>εἶπεν·</span> <span class='ocrx_word' id='word_1_440' title='bbox 3359 3185 3580 3254; x_wconf 76' lang='grc' dir='ltr'>Ἐπειδὴ</span> <span class='ocrx_word' id='word_1_441' title='bbox 3616 3185 3724 3249; x_wconf 75' lang='grc' dir='ltr'>τὰς</span> 
     </span>
    </p>
   </div>
   <div class='ocr_carea' id='block_1_62' title="bbox 432 3273 2016 3348">
    <p class='ocr_par' dir='ltr' id='par_1_62' title="bbox 432 3279 2011 3348">
     <span class='ocr_line' id='line_1_62' title="bbox 432 3279 2011 3348; baseline 0.002 -18"><span class='ocrx_word' id='word_1_442' title='bbox 432 3279 630 3347; x_wconf 83' lang='lat' dir='ltr'><strong>inquit,</strong></span> <span class='ocrx_word' id='word_1_443' title='bbox 665 3279 830 3342; x_wconf 88' lang='lat' dir='ltr'><strong>dicis,</strong></span> <span class='ocrx_word' id='word_1_444' title='bbox 865 3279 1125 3348; x_wconf 90' lang='lat' dir='ltr'><strong>quoniam</strong></span> <span class='ocrx_word' id='word_1_445' title='bbox 1183 3280 1388 3346; x_wconf 88' lang='lat' dir='ltr'><strong>majora</strong></span> <span class='ocrx_word' id='word_1_446' title='bbox 1439 3291 1711 3334; x_wconf 70' lang='lat' dir='ltr'><strong>tormenta</strong></span> <span class='ocrx_word' id='word_1_447' title='bbox 1763 3281 1858 3334; x_wconf 89' lang='lat' dir='ltr'><strong>tibi</strong></span> <span class='ocrx_word' id='word_1_448' title='bbox 1909 3296 2011 3334; x_wconf 91' lang='lat' dir='ltr'><strong>nou</strong></span> 
     </span>
    </p>
   </div>
   <div class='ocr_carea' id='block_1_63' title="bbox 2125 3273 3723 3348">
    <p class='ocr_par' dir='ltr' id='par_1_63' title="bbox 2125 3273 3723 3348">
     <span class='ocr_line' id='line_1_63' title="bbox 2125 3273 3723 3348; baseline 0.003 -24"><span class='ocrx_word' id='word_1_449' title='bbox 2125 3273 2378 3343; x_wconf 65' lang='grc' dir='ltr'>μειζωνάς</span> <span class='ocrx_word' id='word_1_450' title='bbox 2437 3290 2519 3326; x_wconf 89' lang='grc' dir='ltr'>σοι</span> <span class='ocrx_word' id='word_1_451' title='bbox 2569 3274 2847 3345; x_wconf 80' lang='grc' dir='ltr'>τιμωρίας</span> <span class='ocrx_word' id='word_1_452' title='bbox 2888 3274 3149 3327; x_wconf 73' lang='grc' dir='ltr'>οὐδέποτε</span> <span class='ocrx_word' id='word_1_453' title='bbox 3201 3277 3507 3348; x_wconf 77' lang='grc' dir='ltr'>ἐπήγαγον,</span> <span class='ocrx_word' id='word_1_454' title='bbox 3540 3274 3723 3329; x_wconf 81' lang='grc' dir='ltr'>ταῦτα</span> 
     </span>
    </p>
   </div>
   <div class='ocr_carea' id='block_1_64' title="bbox 433 3371 2012 3442">
    <p class='ocr_par' dir='ltr' id='par_1_64' title="bbox 433 3371 2012 3442">
     <span class='ocr_line' id='line_1_64' title="bbox 433 3371 2012 3442; baseline 0.004 -18"><span class='ocrx_word' id='word_1_455' title='bbox 433 3371 613 3425; x_wconf 81' lang='lat' dir='ltr'><strong>Intuli.</strong></span> <span class='ocrx_word' id='word_1_456' title='bbox 664 3373 769 3425; x_wconf 80' lang='lat' dir='ltr'><strong>Sed</strong></span> <span class='ocrx_word' id='word_1_457' title='bbox 800 3388 902 3442; x_wconf 82' lang='lat' dir='ltr'><strong>ego</strong></span> <span class='ocrx_word' id='word_1_458' title='bbox 943 3375 1305 3427; x_wconf 83' lang='lat' dir='ltr'><strong>temeritatem</strong></span> <span class='ocrx_word' id='word_1_459' title='bbox 1360 3374 1516 3427; x_wconf 89' lang='lat' dir='ltr'><strong>istam</strong></span> <span class='ocrx_word' id='word_1_460' title='bbox 1559 3384 1702 3427; x_wconf 90' lang='lat' dir='ltr'><strong>tuam</strong></span> <span class='ocrx_word' id='word_1_461' title='bbox 1737 3373 2012 3442; x_wconf 80' lang='lat' dir='ltr'><strong>dejiciaiu.</strong></span> 
     </span>
    </p>
   </div>
   <div class='ocr_carea' id='block_1_65' title="bbox 433 3465 2016 3535">
    <p class='ocr_par' dir='ltr' id='par_1_65' title="bbox 433 3465 2016 3535">
     <span class='ocr_line' id='line_1_65' title="bbox 433 3465 2016 3535; baseline 0.002 -18"><span class='ocrx_word' id='word_1_462' title='bbox 433 3465 508 3518; x_wconf 65' lang='lat' dir='ltr'><strong>lio</strong></span> <span class='ocrx_word' id='word_1_463' title='bbox 540 3466 706 3526; x_wconf 82' lang='lat' dir='ltr'><strong>enim,</strong></span> <span class='ocrx_word' id='word_1_464' title='bbox 739 3468 882 3534; x_wconf 86' lang='lat' dir='ltr'><strong>quod</strong></span> <span class='ocrx_word' id='word_1_465' title='bbox 927 3467 1193 3520; x_wconf 74' lang='lat' dir='ltr'><strong>hactenus</strong></span> <span class='ocrx_word' id='word_1_466' title='bbox 1229 3467 1323 3519; x_wconf 76' lang='lat' dir='ltr'><strong>tibi</strong></span> <span class='ocrx_word' id='word_1_467' title='bbox 1361 3469 1600 3535; x_wconf 67' lang='lat' dir='ltr'><strong>peperci,</strong></span> <span class='ocrx_word' id='word_1_468' title='bbox 1648 3469 1930 3530; x_wconf 85' lang='lat' dir='ltr'><strong>audacem.</strong></span> <span class='ocrx_word' id='word_1_469' title='bbox 1959 3476 2016 3521; x_wconf 91' lang='lat' dir='ltr'><strong>ut</strong></span> 
     </span>
    </p>
   </div>
   <div class='ocr_carea' id='block_1_66' title="bbox 341 3557 2016 3634">
    <p class='ocr_par' dir='ltr' id='par_1_66' title="bbox 341 3557 2016 3634">
     <span class='ocr_line' id='line_1_66' title="bbox 341 3557 2016 3634; baseline 0.002 -24"><span class='ocrx_word' id='word_1_470' title='bbox 341 3623 353 3634; x_wconf 45' lang='lat'><strong><em>.</em></strong></span> <span class='ocrx_word' id='word_1_471' title='bbox 433 3557 592 3619; x_wconf 85' lang='lat' dir='ltr'><strong>dicis,</strong></span> <span class='ocrx_word' id='word_1_472' title='bbox 634 3567 684 3610; x_wconf 81' lang='lat' dir='ltr'><strong>te</strong></span> <span class='ocrx_word' id='word_1_473' title='bbox 725 3559 957 3611; x_wconf 88' lang='lat' dir='ltr'><strong>reddidi.</strong></span> <span class='ocrx_word' id='word_1_474' title='bbox 994 3557 1092 3611; x_wconf 88' lang='lat' dir='ltr'><strong>Cui</strong></span> <span class='ocrx_word' id='word_1_475' title='bbox 1117 3559 1351 3613; x_wconf 81' lang='lat' dir='ltr'><strong>Aeacius</strong></span> <span class='ocrx_word' id='word_1_476' title='bbox 1384 3557 1527 3614; x_wconf 85' lang='lat' dir='ltr'><strong>:Fac</strong></span> <span class='ocrx_word' id='word_1_477' title='bbox 1557 3561 1841 3615; x_wconf 82' lang='lat' dir='ltr'><strong>celerrime</strong></span> <span class='ocrx_word' id='word_1_478' title='bbox 1863 3560 2016 3629; x_wconf 66' lang='lat' dir='ltr'><strong>quid.</strong></span> 
     </span>
    </p>
   </div>
   <div class='ocr_carea' id='block_1_67' title="bbox 431 3647 2014 3721">
    <p class='ocr_par' dir='ltr' id='par_1_67' title="bbox 431 3647 2014 3721">
     <span class='ocr_line' id='line_1_67' title="bbox 431 3647 2014 3721; baseline 0.003 -23"><span class='ocrx_word' id='word_1_479' title='bbox 431 3647 560 3714; x_wconf 86' lang='lat' dir='ltr'><strong>quid</strong></span> <span class='ocrx_word' id='word_1_480' title='bbox 598 3647 695 3704; x_wconf 73' lang='lat' dir='ltr'><strong>vis.</strong></span> <span class='ocrx_word' id='word_1_481' title='bbox 732 3647 879 3714; x_wconf 82' lang='lat' dir='ltr'><strong>Quos</strong></span> <span class='ocrx_word' id='word_1_482' title='bbox 911 3651 1054 3703; x_wconf 89' lang='lat' dir='ltr'><strong>enim</strong></span> <span class='ocrx_word' id='word_1_483' title='bbox 1086 3650 1370 3704; x_wconf 88' lang='lat' dir='ltr'><strong>cruciatus</strong></span> <span class='ocrx_word' id='word_1_484' title='bbox 1405 3651 1534 3703; x_wconf 88' lang='lat' dir='ltr'><strong>mihi</strong></span> <span class='ocrx_word' id='word_1_485' title='bbox 1567 3650 1762 3721; x_wconf 73' lang='lat' dir='ltr'><strong>all‘crre</strong></span> <span class='ocrx_word' id='word_1_486' title='bbox 1786 3653 2014 3719; x_wconf 71' lang='lat' dir='ltr'><strong>cogitas,</strong></span> 
     </span>
    </p>
   </div>
   <div class='ocr_carea' id='block_1_68' title="bbox 435 3739 2018 3812">
    <p class='ocr_par' dir='ltr' id='par_1_68' title="bbox 435 3739 2018 3812">
     <span class='ocr_line' id='line_1_68' title="bbox 435 3739 2018 3812; baseline 0.003 -20"><span class='ocrx_word' id='word_1_487' title='bbox 435 3739 512 3792; x_wconf 93' lang='lat' dir='ltr'><strong>illi</strong></span> <span class='ocrx_word' id='word_1_488' title='bbox 566 3739 857 3794; x_wconf 88' lang='lat' dir='ltr'><strong>utilitatem</strong></span> <span class='ocrx_word' id='word_1_489' title='bbox 901 3742 1033 3795; x_wconf 91' lang='lat' dir='ltr'><strong>mihi</strong></span> <span class='ocrx_word' id='word_1_490' title='bbox 1072 3740 1298 3797; x_wconf 82' lang='lat' dir='ltr'><strong>aﬂ&#39;ereut</strong></span> <span class='ocrx_word' id='word_1_491' title='bbox 1339 3759 1354 3796; x_wconf 89' lang='lat'><strong>:</strong></span> <span class='ocrx_word' id='word_1_492' title='bbox 1402 3752 1456 3796; x_wconf 87' lang='lat' dir='ltr'><strong>et</strong></span> <span class='ocrx_word' id='word_1_493' title='bbox 1498 3759 1606 3810; x_wconf 89' lang='lat' dir='ltr'><strong>quo</strong></span> <span class='ocrx_word' id='word_1_494' title='bbox 1657 3744 1859 3812; x_wconf 84' lang='lat' dir='ltr'><strong>majora</strong></span> <span class='ocrx_word' id='word_1_495' title='bbox 1907 3755 2018 3797; x_wconf 88' lang='lat' dir='ltr'><strong>tor-</strong></span> 
     </span>
    </p>
   </div>
   <div class='ocr_carea' id='block_1_69' title="bbox 435 3833 2017 3905">
    <p class='ocr_par' dir='ltr' id='par_1_69' title="bbox 435 3833 2017 3905">
     <span class='ocr_line' id='line_1_69' title="bbox 435 3833 2017 3905; baseline 0.003 -20"><span class='ocrx_word' id='word_1_496' title='bbox 435 3842 616 3886; x_wconf 81' lang='lat' dir='ltr'><strong>menta</strong></span> <span class='ocrx_word' id='word_1_497' title='bbox 661 3833 970 3899; x_wconf 86' lang='lat' dir='ltr'><strong>adhibebis,</strong></span> <span class='ocrx_word' id='word_1_498' title='bbox 1009 3849 1075 3888; x_wconf 90' lang='lat' dir='ltr'><strong>co</strong></span> <span class='ocrx_word' id='word_1_499' title='bbox 1104 3833 1367 3904; x_wconf 87' lang='lat' dir='ltr'><strong>tuajorcm</strong></span> <span class='ocrx_word' id='word_1_500' title='bbox 1401 3834 1615 3889; x_wconf 86' lang='lat' dir='ltr'><strong>Domini</strong></span> <span class='ocrx_word' id='word_1_501' title='bbox 1654 3837 1757 3889; x_wconf 84' lang='lat' dir='ltr'><strong>mei</strong></span> <span class='ocrx_word' id='word_1_502' title='bbox 1786 3837 2017 3905; x_wconf 75' lang='lat' dir='ltr'><strong>gratiam</strong></span> 
     </span>
    </p>
   </div>
   <div class='ocr_carea' id='block_1_70' title="bbox 435 3923 2015 3997">
    <p class='ocr_par' dir='ltr' id='par_1_70' title="bbox 435 3923 2015 3997">
     <span class='ocr_line' id='line_1_70' title="bbox 435 3923 2015 3997; baseline 0.004 -21"><span class='ocrx_word' id='word_1_503' title='bbox 435 3923 641 3976; x_wconf 79' lang='lat' dir='ltr'><strong>invitus</strong></span> <span class='ocrx_word' id='word_1_504' title='bbox 691 3923 825 3977; x_wconf 90' lang='lat' dir='ltr'><strong>mihi</strong></span> <span class='ocrx_word' id='word_1_505' title='bbox 857 3925 1199 3980; x_wconf 84' lang='lat' dir='ltr'><strong>conciliabis.</strong></span> <span class='ocrx_word' id='word_1_506' title='bbox 1231 3923 1377 3987; x_wconf 66' lang='lat' dir='ltr'><strong>Haec,</strong></span> <span class='ocrx_word' id='word_1_507' title='bbox 1416 3927 1590 3996; x_wconf 75' lang='lat' dir='ltr'><strong>inquit</strong></span> <span class='ocrx_word' id='word_1_508' title='bbox 1613 3927 1799 3997; x_wconf 77' lang='lat' dir='ltr'><strong>judex,</strong></span> <span class='ocrx_word' id='word_1_509' title='bbox 1828 3928 2015 3997; x_wconf 79' lang='lat' dir='ltr'><strong>loque-</strong></span> 
     </span>
    </p>
   </div>
   <div class='ocr_carea' id='block_1_71' title="bbox 436 4015 2018 4083">
    <p class='ocr_par' dir='ltr' id='par_1_71' title="bbox 436 4015 2018 4083">
     <span class='ocr_line' id='line_1_71' title="bbox 436 4015 2018 4083; baseline 0.003 -15"><span class='ocrx_word' id='word_1_510' title='bbox 436 4015 533 4080; x_wconf 81' lang='lat' dir='ltr'><strong>ris,</strong></span> <span class='ocrx_word' id='word_1_511' title='bbox 557 4016 818 4083; x_wconf 87' lang='lat' dir='ltr'><strong>quoniam</strong></span> <span class='ocrx_word' id='word_1_512' title='bbox 849 4031 1052 4083; x_wconf 84' lang='lat' dir='ltr'><strong>corpus</strong></span> <span class='ocrx_word' id='word_1_513' title='bbox 1082 4025 1230 4069; x_wconf 91' lang='lat' dir='ltr'><strong>tuum</strong></span> <span class='ocrx_word' id='word_1_514' title='bbox 1261 4018 1499 4070; x_wconf 83' lang='lat' dir='ltr'><strong>nandum</strong></span> <span class='ocrx_word' id='word_1_515' title='bbox 1525 4019 1849 4072; x_wconf 77' lang='lat' dir='ltr'><strong>verberibus</strong></span> <span class='ocrx_word' id='word_1_516' title='bbox 1876 4020 2018 4073; x_wconf 86' lang='lat' dir='ltr'><strong>lace-</strong></span> 
     </span>
    </p>
   </div>
   <div class='ocr_carea' id='block_1_72' title="bbox 439 4106 2015 4178">
    <p class='ocr_par' dir='ltr' id='par_1_72' title="bbox 439 4106 2015 4178">
     <span class='ocr_line' id='line_1_72' title="bbox 439 4106 2015 4178; baseline 0.006 -19"><span class='ocrx_word' id='word_1_517' title='bbox 439 4119 616 4159; x_wconf 87' lang='lat' dir='ltr'><strong>ratum</strong></span> <span class='ocrx_word' id='word_1_518' title='bbox 651 4119 758 4160; x_wconf 74' lang='grc' dir='ltr'>εει.</span> <span class='ocrx_word' id='word_1_519' title='bbox 815 4106 952 4160; x_wconf 87' lang='grc' dir='ltr'>Τιιιιι</span> <span class='ocrx_word' id='word_1_520' title='bbox 1014 4109 1251 4162; x_wconf 79' lang='lat' dir='ltr'><strong>Aeacius</strong></span> <span class='ocrx_word' id='word_1_521' title='bbox 1301 4107 1466 4166; x_wconf 74' lang='lat' dir='ltr'><strong>:Jam</strong></span> <span class='ocrx_word' id='word_1_522' title='bbox 1516 4112 1649 4174; x_wconf 70' lang='lat' dir='ltr'><strong>dixi,</strong></span> <span class='ocrx_word' id='word_1_523' title='bbox 1696 4123 1748 4165; x_wconf 87' lang='lat' dir='ltr'><strong>ul</strong></span> <span class='ocrx_word' id='word_1_524' title='bbox 1787 4111 2015 4178; x_wconf 75' lang='lat' dir='ltr'><strong>faceres,</strong></span> 
     </span>
    </p>
   </div>
   <div class='ocr_carea' id='block_1_73' title="bbox 436 4196 2018 4270">
    <p class='ocr_par' dir='ltr' id='par_1_73' title="bbox 436 4196 2018 4270">
     <span class='ocr_line' id='line_1_73' title="bbox 436 4196 2018 4270; baseline 0.006 -22"><span class='ocrx_word' id='word_1_525' title='bbox 436 4196 698 4266; x_wconf 82' lang='lat' dir='ltr'><strong>quidquid</strong></span> <span class='ocrx_word' id='word_1_526' title='bbox 723 4198 823 4259; x_wconf 84' lang='lat' dir='ltr'><strong>vis,</strong></span> <span class='ocrx_word' id='word_1_527' title='bbox 846 4213 952 4251; x_wconf 89' lang='lat' dir='ltr'><strong>non</strong></span> <span class='ocrx_word' id='word_1_528' title='bbox 970 4199 1114 4252; x_wconf 86' lang='lat' dir='ltr'><strong>enim</strong></span> <span class='ocrx_word' id='word_1_529' title='bbox 1147 4199 1373 4270; x_wconf 82' lang='lat' dir='ltr'><strong>impuris</strong></span> <span class='ocrx_word' id='word_1_530' title='bbox 1395 4203 1727 4255; x_wconf 62' lang='lat' dir='ltr'><strong>dariuonibus</strong></span> <span class='ocrx_word' id='word_1_531' title='bbox 1747 4203 2018 4268; x_wconf 84' lang='lat' dir='ltr'><strong>sacriﬁco,</strong></span> 
     </span>
    </p>
   </div>
   <div class='ocr_carea' id='block_1_74' title="bbox 438 4290 2018 4360">
    <p class='ocr_par' dir='ltr' id='par_1_74' title="bbox 438 4290 2018 4360">
     <span class='ocr_line' id='line_1_74' title="bbox 438 4290 2018 4360; baseline 0.004 -17"><span class='ocrx_word' id='word_1_532' title='bbox 438 4301 615 4356; x_wconf 87' lang='lat' dir='ltr'><strong>neque</strong></span> <span class='ocrx_word' id='word_1_533' title='bbox 649 4290 913 4343; x_wconf 81' lang='lat' dir='ltr'><strong>voluntati</strong></span> <span class='ocrx_word' id='word_1_534' title='bbox 940 4298 1072 4353; x_wconf 68' lang='lat' dir='ltr'><strong>tum,</strong></span> <span class='ocrx_word' id='word_1_535' title='bbox 1100 4300 1193 4344; x_wconf 88' lang='lat' dir='ltr'><strong>aut</strong></span> <span class='ocrx_word' id='word_1_536' title='bbox 1222 4291 1394 4360; x_wconf 84' lang='lat' dir='ltr'><strong>patris</strong></span> <span class='ocrx_word' id='word_1_537' title='bbox 1440 4293 1514 4346; x_wconf 86' lang='lat' dir='ltr'><strong>tui</strong></span> <span class='ocrx_word' id='word_1_538' title='bbox 1549 4292 1767 4348; x_wconf 72' lang='lat' dir='ltr'><strong>Sataum</strong></span> <span class='ocrx_word' id='word_1_539' title='bbox 1813 4310 2018 4349; x_wconf 91' lang='lat' dir='ltr'><strong>morem</strong></span> 
     </span>
    </p>
   </div>
   <div class='ocr_carea' id='block_1_75' title="bbox 438 4375 2022 4446">
    <p class='ocr_par' dir='ltr' id='par_1_75' title="bbox 438 4375 2022 4446">
     <span class='ocr_line' id='line_1_75' title="bbox 438 4375 2022 4446; baseline 0.008 -18"><span class='ocrx_word' id='word_1_540' title='bbox 438 4392 588 4446; x_wconf 58' lang='lat' dir='ltr'><strong>gero.</strong></span> <span class='ocrx_word' id='word_1_541' title='bbox 625 4375 717 4430; x_wconf 88' lang='lat' dir='ltr'><strong>llis</strong></span> <span class='ocrx_word' id='word_1_542' title='bbox 745 4378 967 4441; x_wconf 87' lang='lat' dir='ltr'><strong>auditis,</strong></span> <span class='ocrx_word' id='word_1_543' title='bbox 1002 4378 1166 4446; x_wconf 77' lang='lat' dir='ltr'><strong>judex</strong></span> <span class='ocrx_word' id='word_1_544' title='bbox 1200 4393 1507 4435; x_wconf 88' lang='lat' dir='ltr'><strong>commotus</strong></span> <span class='ocrx_word' id='word_1_545' title='bbox 1529 4383 1665 4436; x_wconf 77' lang='lat' dir='ltr'><strong>dixit</strong></span> <span class='ocrx_word' id='word_1_546' title='bbox 1693 4399 1707 4437; x_wconf 89' lang='lat'>:</span> <span class='ocrx_word' id='word_1_547' title='bbox 1745 4381 2022 4441; x_wconf 84' lang='lat' dir='ltr'><strong>Plumbcis</strong></span> 
     </span>
    </p>
   </div>
   <div class='ocr_carea' id='block_1_76' title="bbox 438 4470 2022 4539">
    <p class='ocr_par' dir='ltr' id='par_1_76' title="bbox 438 4470 2022 4539">
     <span class='ocr_line' id='line_1_76' title="bbox 438 4470 2022 4539; baseline 0.007 -17"><span class='ocrx_word' id='word_1_548' title='bbox 438 4470 657 4522; x_wconf 76' lang='lat' dir='ltr'><strong>laminis</strong></span> <span class='ocrx_word' id='word_1_549' title='bbox 688 4470 810 4539; x_wconf 88' lang='lat' dir='ltr'><strong>ejus</strong></span> <span class='ocrx_word' id='word_1_550' title='bbox 867 4470 1118 4524; x_wconf 79' lang='lat' dir='ltr'><strong>maxillas</strong></span> <span class='ocrx_word' id='word_1_551' title='bbox 1165 4473 1502 4537; x_wconf 88' lang='lat' dir='ltr'><strong>contundite,</strong></span> <span class='ocrx_word' id='word_1_552' title='bbox 1562 4491 1628 4529; x_wconf 83' lang='lat' dir='ltr'><strong>ne</strong></span> <span class='ocrx_word' id='word_1_553' title='bbox 1691 4479 1791 4531; x_wconf 84' lang='lat' dir='ltr'><strong>iste</strong></span> <span class='ocrx_word' id='word_1_554' title='bbox 1838 4488 2022 4534; x_wconf 88' lang='lat' dir='ltr'><strong>nostra</strong></span> 
     </span>
    </p>
   </div>
   <div class='ocr_carea' id='block_1_77' title="bbox 439 4563 2024 4631">
    <p class='ocr_par' dir='ltr' id='par_1_77' title="bbox 439 4563 2024 4631">
     <span class='ocr_line' id='line_1_77' title="bbox 439 4563 2024 4631; baseline 0.006 -16"><span class='ocrx_word' id='word_1_555' title='bbox 439 4563 692 4615; x_wconf 85' lang='lat' dir='ltr'><strong>diuturna</strong></span> <span class='ocrx_word' id='word_1_556' title='bbox 741 4563 793 4614; x_wconf 90' lang='lat' dir='ltr'><strong>in</strong></span> <span class='ocrx_word' id='word_1_557' title='bbox 823 4575 946 4615; x_wconf 88' lang='lat' dir='ltr'><strong>eum</strong></span> <span class='ocrx_word' id='word_1_558' title='bbox 982 4564 1246 4631; x_wconf 86' lang='lat' dir='ltr'><strong>patientia</strong></span> <span class='ocrx_word' id='word_1_559' title='bbox 1289 4567 1586 4620; x_wconf 84' lang='lat' dir='ltr'><strong>temerario</strong></span> <span class='ocrx_word' id='word_1_560' title='bbox 1619 4568 1778 4622; x_wconf 89' lang='lat' dir='ltr'><strong>modo</strong></span> <span class='ocrx_word' id='word_1_561' title='bbox 1833 4571 2024 4624; x_wconf 77' lang='lat' dir='ltr'><strong>abuta-</strong></span> 
     </span>
    </p>
   </div>
   <div class='ocr_carea' id='block_1_78' title="bbox 441 4655 2024 4731">
    <p class='ocr_par' dir='ltr' id='par_1_78' title="bbox 441 4655 2024 4731">
     <span class='ocr_line' id='line_1_78' title="bbox 441 4655 2024 4731; baseline 0.005 -21"><span class='ocrx_word' id='word_1_562' title='bbox 441 4666 552 4710; x_wconf 89' lang='lat' dir='ltr'><strong>tur.</strong></span> <span class='ocrx_word' id='word_1_563' title='bbox 582 4655 707 4709; x_wconf 86' lang='lat' dir='ltr'><strong>Post</strong></span> <span class='ocrx_word' id='word_1_564' title='bbox 735 4655 848 4709; x_wconf 73' lang='lat' dir='ltr'><strong>haec</strong></span> <span class='ocrx_word' id='word_1_565' title='bbox 880 4657 1117 4712; x_wconf 79' lang='lat' dir='ltr'><strong>Aeacius</strong></span> <span class='ocrx_word' id='word_1_566' title='bbox 1170 4673 1185 4710; x_wconf 88' lang='lat'><strong>:</strong></span> <span class='ocrx_word' id='word_1_567' title='bbox 1242 4657 1318 4710; x_wconf 86' lang='lat' dir='ltr'><strong>Eu</strong></span> <span class='ocrx_word' id='word_1_568' title='bbox 1352 4656 1552 4713; x_wconf 80' lang='lat' dir='ltr'><strong>factum</strong></span> <span class='ocrx_word' id='word_1_569' title='bbox 1589 4672 1690 4725; x_wconf 76' lang='grc' dir='ltr'>εει,</span> <span class='ocrx_word' id='word_1_570' title='bbox 1753 4663 1892 4731; x_wconf 86' lang='lat' dir='ltr'><strong>quod</strong></span> <span class='ocrx_word' id='word_1_571' title='bbox 1933 4678 2024 4718; x_wconf 83' lang='lat' dir='ltr'><strong>vo-</strong></span> 
     </span>
    </p>
   </div>
   <div class='ocr_carea' id='block_1_79' title="bbox 442 4747 2024 4820">
    <p class='ocr_par' dir='ltr' id='par_1_79' title="bbox 442 4747 2024 4820">
     <span class='ocr_line' id='line_1_79' title="bbox 442 4747 2024 4820; baseline 0.008 -22"><span class='ocrx_word' id='word_1_572' title='bbox 442 4747 610 4808; x_wconf 87' lang='lat' dir='ltr'><strong>luisti,</strong></span> <span class='ocrx_word' id='word_1_573' title='bbox 633 4762 806 4817; x_wconf 86' lang='lat' dir='ltr'><strong>ueque</strong></span> <span class='ocrx_word' id='word_1_574' title='bbox 822 4748 1112 4817; x_wconf 85' lang='lat' dir='ltr'><strong>quidquam</strong></span> <span class='ocrx_word' id='word_1_575' title='bbox 1143 4748 1375 4817; x_wconf 73' lang='lat' dir='ltr'><strong>amplius</strong></span> <span class='ocrx_word' id='word_1_576' title='bbox 1400 4751 1676 4817; x_wconf 81' lang='lat' dir='ltr'><strong>proiecisti</strong></span> <span class='ocrx_word' id='word_1_577' title='bbox 1704 4769 1720 4820; x_wconf 90' lang='lat'><strong>;</strong></span> <span class='ocrx_word' id='word_1_578' title='bbox 1745 4770 1848 4808; x_wconf 89' lang='lat' dir='ltr'><strong>non</strong></span> <span class='ocrx_word' id='word_1_579' title='bbox 1879 4757 2024 4810; x_wconf 89' lang='lat' dir='ltr'><strong>enim</strong></span> 
     </span>
    </p>
   </div>
   <div class='ocr_carea' id='block_1_80' title="bbox 444 4841 2027 4901">
    <p class='ocr_par' dir='ltr' id='par_1_80' title="bbox 444 4841 2027 4901">
     <span class='ocr_line' id='line_1_80' title="bbox 444 4841 2027 4901; baseline 0.006 -10"><span class='ocrx_word' id='word_1_580' title='bbox 444 4841 599 4892; x_wconf 81' lang='lat' dir='ltr'><strong>mala:</strong></span> <span class='ocrx_word' id='word_1_581' title='bbox 627 4852 774 4896; x_wconf 85' lang='lat' dir='ltr'><strong>artes</strong></span> <span class='ocrx_word' id='word_1_582' title='bbox 804 4850 907 4895; x_wconf 78' lang='lat' dir='ltr'><strong>tua:</strong></span> <span class='ocrx_word' id='word_1_583' title='bbox 943 4857 1120 4894; x_wconf 87' lang='lat' dir='ltr'><strong>meam</strong></span> <span class='ocrx_word' id='word_1_584' title='bbox 1155 4843 1206 4895; x_wconf 88' lang='lat' dir='ltr'><strong>in</strong></span> <span class='ocrx_word' id='word_1_585' title='bbox 1241 4843 1519 4896; x_wconf 83' lang='lat' dir='ltr'><strong>Christum</strong></span> <span class='ocrx_word' id='word_1_586' title='bbox 1575 4845 1898 4900; x_wconf 87' lang='lat' dir='ltr'><strong>charitatem</strong></span> <span class='ocrx_word' id='word_1_587' title='bbox 1931 4863 2027 4901; x_wconf 81' lang='lat' dir='ltr'><strong>su—</strong></span> 
     </span>
    </p>
   </div>
   <div class='ocr_carea' id='block_1_81' title="bbox 445 4931 2029 5004">
    <p class='ocr_par' dir='ltr' id='par_1_81' title="bbox 445 4931 2029 5004">
     <span class='ocr_line' id='line_1_81' title="bbox 445 4931 2029 5004; baseline 0.007 -21"><span class='ocrx_word' id='word_1_588' title='bbox 445 4933 730 4999; x_wconf 76' lang='lat' dir='ltr'><strong>perabuut.</strong></span> <span class='ocrx_word' id='word_1_589' title='bbox 763 4931 1043 4998; x_wconf 77' lang='lat' dir='ltr'><strong>Sacrilica,</strong></span> <span class='ocrx_word' id='word_1_590' title='bbox 1079 4935 1258 5001; x_wconf 88' lang='lat' dir='ltr'><strong>inquit</strong></span> <span class='ocrx_word' id='word_1_591' title='bbox 1285 4935 1474 5004; x_wconf 78' lang='lat' dir='ltr'><strong>jndex,</strong></span> <span class='ocrx_word' id='word_1_592' title='bbox 1507 4948 1557 4991; x_wconf 86' lang='lat' dir='ltr'><strong>et</strong></span> <span class='ocrx_word' id='word_1_593' title='bbox 1595 4941 1664 4992; x_wconf 83' lang='lat' dir='ltr'><strong>ab</strong></span> <span class='ocrx_word' id='word_1_594' title='bbox 1693 4939 2029 4995; x_wconf 87' lang='lat' dir='ltr'><strong>imminenti-</strong></span> 
     </span>
    </p>
   </div>
   <div class='ocr_carea' id='block_1_82' title="bbox 447 5025 2052 5100">
    <p class='ocr_par' dir='ltr' id='par_1_82' title="bbox 447 5025 2052 5100">
     <span class='ocr_line' id='line_1_82' title="bbox 447 5025 2052 5100; baseline 0.004 -21"><span class='ocrx_word' id='word_1_595' title='bbox 447 5027 546 5079; x_wconf 86' lang='lat' dir='ltr'><strong>hus</strong></span> <span class='ocrx_word' id='word_1_596' title='bbox 580 5026 802 5096; x_wconf 79' lang='lat' dir='ltr'><strong>reliquis</strong></span> <span class='ocrx_word' id='word_1_597' title='bbox 859 5027 1147 5081; x_wconf 85' lang='lat' dir='ltr'><strong>tormentis</strong></span> <span class='ocrx_word' id='word_1_598' title='bbox 1200 5027 1336 5081; x_wconf 89' lang='lat' dir='ltr'><strong>liber</strong></span> <span class='ocrx_word' id='word_1_599' title='bbox 1372 5039 1516 5084; x_wconf 78' lang='lat' dir='ltr'><strong>esto.</strong></span> <span class='ocrx_word' id='word_1_600' title='bbox 1550 5028 1849 5100; x_wconf 73' lang='lat' dir='ltr'><strong>Respoirdit</strong></span> <span class='ocrx_word' id='word_1_601' title='bbox 1892 5025 2052 5086; x_wconf 47' lang='lat' dir='ltr'><strong>Aea?</strong></span> 
     </span>
    </p>
   </div>
   <div class='ocr_carea' id='block_1_83' title="bbox 445 5117 2027 5189">
    <p class='ocr_par' dir='ltr' id='par_1_83' title="bbox 445 5117 2027 5189">
     <span class='ocr_line' id='line_1_83' title="bbox 445 5117 2027 5189; baseline 0.004 -18"><span class='ocrx_word' id='word_1_602' title='bbox 445 5118 568 5173; x_wconf 89' lang='lat' dir='ltr'><strong>cius</strong></span> <span class='ocrx_word' id='word_1_603' title='bbox 612 5136 626 5172; x_wconf 92' lang='lat'><strong>:</strong></span> <span class='ocrx_word' id='word_1_604' title='bbox 661 5118 946 5189; x_wconf 73' lang='lat' dir='ltr'><strong>Nunquam</strong></span> <span class='ocrx_word' id='word_1_605' title='bbox 975 5117 1060 5189; x_wconf 90' lang='lat' dir='ltr'><strong>(ut</strong></span> <span class='ocrx_word' id='word_1_606' title='bbox 1081 5118 1216 5188; x_wconf 75' lang='lat' dir='ltr'><strong>dixi)</strong></span> <span class='ocrx_word' id='word_1_607' title='bbox 1241 5119 1567 5175; x_wconf 76' lang='lat' dir='ltr'><strong>sacriﬁcabo</strong></span> <span class='ocrx_word' id='word_1_608' title='bbox 1601 5140 1616 5176; x_wconf 89' lang='lat'>:</span> <span class='ocrx_word' id='word_1_609' title='bbox 1652 5131 1853 5176; x_wconf 84' lang='lat' dir='ltr'><strong>tantum</strong></span> <span class='ocrx_word' id='word_1_610' title='bbox 1885 5124 2027 5178; x_wconf 88' lang='lat' dir='ltr'><strong>enim</strong></span> 
     </span>
    </p>
   </div>
   <div class='ocr_carea' id='block_1_84' title="bbox 448 5211 2032 5285">
    <p class='ocr_par' dir='ltr' id='par_1_84' title="bbox 448 5211 2032 5285">
     <span class='ocr_line' id='line_1_84' title="bbox 448 5211 2032 5285; baseline 0.003 -19"><span class='ocrx_word' id='word_1_611' title='bbox 448 5211 797 5267; x_wconf 86' lang='lat' dir='ltr'><strong>imminentes</strong></span> <span class='ocrx_word' id='word_1_612' title='bbox 843 5215 1123 5269; x_wconf 85' lang='lat' dir='ltr'><strong>cruciatus</strong></span> <span class='ocrx_word' id='word_1_613' title='bbox 1172 5215 1436 5282; x_wconf 86' lang='lat' dir='ltr'><strong>despicio,</strong></span> <span class='ocrx_word' id='word_1_614' title='bbox 1487 5225 1751 5285; x_wconf 85' lang='lat' dir='ltr'><strong>quantum</strong></span> <span class='ocrx_word' id='word_1_615' title='bbox 1792 5226 1848 5270; x_wconf 86' lang='lat' dir='ltr'><strong>et</strong></span> <span class='ocrx_word' id='word_1_616' title='bbox 1878 5227 2032 5271; x_wconf 81' lang='lat' dir='ltr'><strong>aute-</strong></span> 
     </span>
    </p>
   </div>
   <div class='ocr_carea' id='block_1_85' title="bbox 446 5302 2029 5398">
    <p class='ocr_par' dir='ltr' id='par_1_85' title="bbox 446 5302 2029 5398">
     <span class='ocr_line' id='line_1_85' title="bbox 446 5302 2029 5398; baseline 0.003 -44"><span class='ocrx_word' id='word_1_617' title='bbox 446 5303 705 5398; x_wconf 64' lang='lat' dir='ltr'><strong>cedcntes</strong></span> <span class='ocrx_word' id='word_1_618' title='bbox 759 5319 863 5358; x_wconf 80' lang='lat' dir='ltr'><strong>non</strong></span> <span class='ocrx_word' id='word_1_619' title='bbox 905 5302 1116 5370; x_wconf 74' lang='lat' dir='ltr'><strong>curavi,</strong></span> <span class='ocrx_word' id='word_1_620' title='bbox 1152 5305 1261 5359; x_wconf 85' lang='lat' dir='ltr'><strong>Deo</strong></span> <span class='ocrx_word' id='word_1_621' title='bbox 1299 5305 1418 5373; x_wconf 87' lang='lat' dir='ltr'><strong>ipso</strong></span> <span class='ocrx_word' id='word_1_622' title='bbox 1454 5307 1584 5358; x_wconf 91' lang='lat' dir='ltr'><strong>mihi</strong></span> <span class='ocrx_word' id='word_1_623' title='bbox 1632 5308 1844 5362; x_wconf 84' lang='lat' dir='ltr'><strong>animos</strong></span> <span class='ocrx_word' id='word_1_624' title='bbox 1904 5324 2029 5379; x_wconf 74' lang='lat' dir='ltr'><strong>sug-</strong></span> 
     </span>
    </p>
   </div>
   <div class='ocr_carea' id='block_1_86' title="bbox 449 5406 694 5467">
    <p class='ocr_par' dir='ltr' id='par_1_86' title="bbox 449 5406 694 5467">
     <span class='ocr_line' id='line_1_86' title="bbox 449 5406 694 5467; baseline 0.004 -19"><span class='ocrx_word' id='word_1_625' title='bbox 449 5406 694 5467; x_wconf 73' lang='lat' dir='ltr'><strong>gerente.</strong></span> 
     </span>
    </p>
   </div>
   <div class='ocr_carea' id='block_1_87' title="bbox 521 5575 2034 5646">
    <p class='ocr_par' dir='ltr' id='par_1_87' title="bbox 521 5575 2034 5646">
     <span class='ocr_line' id='line_1_87' title="bbox 521 5575 2034 5646; baseline 0.004 -16"><span class='ocrx_word' id='word_1_626' title='bbox 521 5575 634 5630; x_wconf 74' lang='lat' dir='ltr'><strong>XII.</strong></span> <span class='ocrx_word' id='word_1_627' title='bbox 666 5578 746 5630; x_wconf 84' lang='lat' dir='ltr'><strong>Ad</strong></span> <span class='ocrx_word' id='word_1_628' title='bbox 779 5577 895 5631; x_wconf 67' lang='lat' dir='ltr'><strong>hmc</strong></span> <span class='ocrx_word' id='word_1_629' title='bbox 920 5576 1082 5646; x_wconf 76' lang='lat' dir='ltr'><strong>jnch</strong></span> <span class='ocrx_word' id='word_1_630' title='bbox 1121 5593 1134 5629; x_wconf 92' lang='lat'><strong>:</strong></span> <span class='ocrx_word' id='word_1_631' title='bbox 1168 5578 1469 5641; x_wconf 79' lang='lat' dir='ltr'><strong>Quomodo,</strong></span> <span class='ocrx_word' id='word_1_632' title='bbox 1507 5579 1705 5645; x_wconf 87' lang='lat' dir='ltr'><strong>inquit,</strong></span> <span class='ocrx_word' id='word_1_633' title='bbox 1760 5589 1813 5632; x_wconf 93' lang='lat' dir='ltr'><strong>tu</strong></span> <span class='ocrx_word' id='word_1_634' title='bbox 1875 5581 2034 5636; x_wconf 81' lang='lat' dir='ltr'><strong>miles</strong></span> 
     </span>
    </p>
   </div>
   <div class='ocr_carea' id='block_1_88' title="bbox 454 5671 2033 5741">
    <p class='ocr_par' dir='ltr' id='par_1_88' title="bbox 454 5671 2033 5741">
     <span class='ocr_line' id='line_1_88' title="bbox 454 5671 2033 5741; baseline 0.001 -17"><span class='ocrx_word' id='word_1_635' title='bbox 454 5683 618 5740; x_wconf 81' lang='lat' dir='ltr'><strong>atque</strong></span> <span class='ocrx_word' id='word_1_636' title='bbox 644 5671 957 5736; x_wconf 84' lang='lat' dir='ltr'><strong>illiteratus,</strong></span> <span class='ocrx_word' id='word_1_637' title='bbox 999 5674 1069 5724; x_wconf 90' lang='lat' dir='ltr'><strong>ita</strong></span> <span class='ocrx_word' id='word_1_638' title='bbox 1112 5688 1330 5729; x_wconf 88' lang='lat' dir='ltr'><strong>causam</strong></span> <span class='ocrx_word' id='word_1_639' title='bbox 1367 5686 1514 5728; x_wconf 87' lang='lat' dir='ltr'><strong>tuam</strong></span> <span class='ocrx_word' id='word_1_640' title='bbox 1551 5673 1702 5741; x_wconf 74' lang='lat' dir='ltr'><strong>agis?</strong></span> <span class='ocrx_word' id='word_1_641' title='bbox 1731 5671 1833 5726; x_wconf 89' lang='lat' dir='ltr'><strong>Cui</strong></span> <span class='ocrx_word' id='word_1_642' title='bbox 1892 5675 2033 5727; x_wconf 81' lang='lat' dir='ltr'><strong>Aca-</strong></span> 
     </span>
    </p>
   </div>
   <div class='ocr_carea' id='block_1_89' title="bbox 456 5765 2037 5837">
    <p class='ocr_par' dir='ltr' id='par_1_89' title="bbox 456 5765 2037 5837">
     <span class='ocr_line' id='line_1_89' title="bbox 456 5765 2037 5837; baseline 0.001 -20"><span class='ocrx_word' id='word_1_643' title='bbox 456 5765 572 5819; x_wconf 76' lang='lat' dir='ltr'><strong>cius</strong></span> <span class='ocrx_word' id='word_1_644' title='bbox 605 5783 621 5820; x_wconf 88' lang='lat'><strong>:</strong></span> <span class='ocrx_word' id='word_1_645' title='bbox 659 5767 890 5820; x_wconf 77' lang='lat' dir='ltr'><strong>Putasne</strong></span> <span class='ocrx_word' id='word_1_646' title='bbox 926 5769 1143 5837; x_wconf 85' lang='lat' dir='ltr'><strong>propria</strong></span> <span class='ocrx_word' id='word_1_647' title='bbox 1183 5769 1377 5821; x_wconf 82' lang='lat' dir='ltr'><strong>virtute</strong></span> <span class='ocrx_word' id='word_1_648' title='bbox 1414 5783 1511 5822; x_wconf 89' lang='lat' dir='ltr'><strong>uos</strong></span> <span class='ocrx_word' id='word_1_649' title='bbox 1538 5769 1648 5822; x_wconf 68' lang='lat' dir='ltr'><strong>lucc</strong></span> <span class='ocrx_word' id='word_1_650' title='bbox 1673 5765 2037 5836; x_wconf 76' lang='lat' dir='ltr'><strong>respondere?</strong></span> 
     </span>
    </p>
   </div>
   <div class='ocr_carea' id='block_1_90' title="bbox 462 5854 2038 5929">
    <p class='ocr_par' dir='ltr' id='par_1_90' title="bbox 462 5854 2038 5929">
     <span class='ocr_line' id='line_1_90' title="bbox 462 5854 2038 5929; baseline 0.002 -18"><span class='ocrx_word' id='word_1_651' title='bbox 462 5854 706 5924; x_wconf 72' lang='lat' dir='ltr'><strong>Minitne,</strong></span> <span class='ocrx_word' id='word_1_652' title='bbox 747 5860 984 5927; x_wconf 85' lang='lat' dir='ltr'><strong>inquam,</strong></span> <span class='ocrx_word' id='word_1_653' title='bbox 1021 5875 1119 5916; x_wconf 90' lang='lat' dir='ltr'><strong>nos</strong></span> <span class='ocrx_word' id='word_1_654' title='bbox 1151 5860 1266 5917; x_wconf 66' lang='lat' dir='ltr'><strong>haec</strong></span> <span class='ocrx_word' id='word_1_655' title='bbox 1298 5861 1547 5928; x_wconf 74' lang='lat' dir='ltr'><strong>fat-iuius,</strong></span> <span class='ocrx_word' id='word_1_656' title='bbox 1575 5861 1670 5916; x_wconf 84' lang='lat' dir='ltr'><strong>sed</strong></span> <span class='ocrx_word' id='word_1_657' title='bbox 1718 5859 1952 5929; x_wconf 87' lang='lat' dir='ltr'><strong>locuples</strong></span> <span class='ocrx_word' id='word_1_658' title='bbox 1985 5869 2038 5915; x_wconf 87' lang='lat' dir='ltr'><strong>et</strong></span> 
     </span>
    </p>
   </div>
   <div class='ocr_carea' id='block_1_91' title="bbox 2120 3365 3723 3438">
    <p class='ocr_par' dir='ltr' id='par_1_91' title="bbox 2120 3365 3723 3438">
     <span class='ocr_line' id='line_1_91' title="bbox 2120 3365 3723 3438; baseline 0.002 -19"><span class='ocrx_word' id='word_1_659' title='bbox 2120 3367 2340 3434; x_wconf 76' lang='grc' dir='ltr'>λέγεις’</span> <span class='ocrx_word' id='word_1_660' title='bbox 2380 3365 2491 3435; x_wconf 81' lang='grc' dir='ltr'><strong>ἐγὼ</strong></span> <span class='ocrx_word' id='word_1_661' title='bbox 2535 3382 2628 3419; x_wconf 88' lang='grc' dir='ltr'><strong>σου</strong></span> <span class='ocrx_word' id='word_1_662' title='bbox 2665 3367 2724 3419; x_wconf 72' lang='grc' dir='ltr'>τὸ</span> <span class='ocrx_word' id='word_1_663' title='bbox 2754 3366 2954 3436; x_wconf 75' lang='grc' dir='ltr'>θράσος</span> <span class='ocrx_word' id='word_1_664' title='bbox 2990 3368 3243 3438; x_wconf 82' lang='grc' dir='ltr'>καθαιρῶ</span> <span class='ocrx_word' id='word_1_665' title='bbox 3286 3369 3446 3422; x_wconf 75' lang='grc' dir='ltr'>τοῦτο</span> <span class='ocrx_word' id='word_1_666' title='bbox 3470 3386 3483 3402; x_wconf 88' lang='grc'><strong>·</strong></span> <span class='ocrx_word' id='word_1_667' title='bbox 3521 3369 3723 3437; x_wconf 77' lang='grc' dir='ltr'>φεισά-</span> 
     </span>
    </p>
   </div>
   <div class='ocr_carea' id='block_1_92' title="bbox 2123 3459 3717 3534">
    <p class='ocr_par' dir='ltr' id='par_1_92' title="bbox 2123 3459 3717 3534">
     <span class='ocr_line' id='line_1_92' title="bbox 2123 3459 3717 3534; baseline 0.004 -25"><span class='ocrx_word' id='word_1_668' title='bbox 2123 3476 2280 3528; x_wconf 65' lang='grc' dir='ltr'>μενος</span> <span class='ocrx_word' id='word_1_669' title='bbox 2314 3460 2425 3528; x_wconf 74' lang='grc' dir='ltr'><strong>γάρ</strong></span> <span class='ocrx_word' id='word_1_670' title='bbox 2447 3475 2565 3520; x_wconf 82' lang='grc' dir='ltr'>σου,</span> <span class='ocrx_word' id='word_1_671' title='bbox 2593 3459 2896 3529; x_wconf 85' lang='grc' dir='ltr'>θαρσαλέον</span> <span class='ocrx_word' id='word_1_672' title='bbox 2929 3477 3011 3524; x_wconf 88' lang='grc' dir='ltr'><strong>σε,</strong></span> <span class='ocrx_word' id='word_1_673' title='bbox 3039 3460 3116 3524; x_wconf 84' lang='grc' dir='ltr'><strong>ὡς</strong></span> <span class='ocrx_word' id='word_1_674' title='bbox 3171 3461 3375 3530; x_wconf 74' lang='grc' dir='ltr'>λέγεις,</span> <span class='ocrx_word' id='word_1_675' title='bbox 3412 3463 3717 3534; x_wconf 75' lang='grc' dir='ltr'>πεποίηκα.</span> 
     </span>
    </p>
   </div>
   <div class='ocr_carea' id='block_1_93' title="bbox 2137 3549 3716 3626">
    <p class='ocr_par' dir='ltr' id='par_1_93' title="bbox 2137 3549 3716 3626">
     <span class='ocr_line' id='line_1_93' title="bbox 2137 3549 3716 3626; baseline 0.003 -22"><span class='ocrx_word' id='word_1_676' title='bbox 2137 3551 2196 3604; x_wconf 82' lang='grc' dir='ltr'><strong>ὐ</strong></span> <span class='ocrx_word' id='word_1_677' title='bbox 2221 3551 2377 3618; x_wconf 76' lang='grc' dir='ltr'>ἅγιος</span> <span class='ocrx_word' id='word_1_678' title='bbox 2417 3550 2672 3612; x_wconf 80' lang='grc' dir='ltr'>Ἀκάκιος</span> <span class='ocrx_word' id='word_1_679' title='bbox 2700 3549 2887 3620; x_wconf 80' lang='grc' dir='ltr'>λέγει’</span> <span class='ocrx_word' id='word_1_680' title='bbox 2930 3553 3078 3606; x_wconf 77' lang='grc' dir='ltr'>ιιοίει</span> <span class='ocrx_word' id='word_1_681' title='bbox 3108 3553 3423 3626; x_wconf 71' lang='grc' dir='ltr'>διάστάχους</span> <span class='ocrx_word' id='word_1_682' title='bbox 3456 3555 3484 3608; x_wconf 82' lang='grc' dir='ltr'>ὃ</span> <span class='ocrx_word' id='word_1_683' title='bbox 3516 3555 3716 3620; x_wconf 77' lang='grc' dir='ltr'>θέλεις·</span> 
     </span>
    </p>
   </div>
   <div class='ocr_carea' id='block_1_94' title="bbox 2119 3642 3723 3716">
    <p class='ocr_par' dir='ltr' id='par_1_94' title="bbox 2119 3642 3723 3716">
     <span class='ocr_line' id='line_1_94' title="bbox 2119 3642 3723 3716; baseline 0.004 -20"><span class='ocrx_word' id='word_1_684' title='bbox 2119 3642 2183 3707; x_wconf 79' lang='grc' dir='ltr'>ἃς</span> <span class='ocrx_word' id='word_1_685' title='bbox 2211 3647 2319 3714; x_wconf 65' lang='grc' dir='ltr'>γὰρ</span> <span class='ocrx_word' id='word_1_686' title='bbox 2349 3645 2593 3712; x_wconf 76' lang='grc' dir='ltr'>νομίζεις</span> <span class='ocrx_word' id='word_1_687' title='bbox 2624 3646 2901 3714; x_wconf 81' lang='grc' dir='ltr'>βασάνους</span> <span class='ocrx_word' id='word_1_688' title='bbox 2934 3662 3024 3714; x_wconf 90' lang='grc' dir='ltr'><strong>μοι</strong></span> <span class='ocrx_word' id='word_1_689' title='bbox 3049 3645 3303 3714; x_wconf 78' lang='grc' dir='ltr'>ἐπάγειν,</span> <span class='ocrx_word' id='word_1_690' title='bbox 3331 3648 3416 3710; x_wconf 75' lang='grc' dir='ltr'>εἰς</span> <span class='ocrx_word' id='word_1_691' title='bbox 3445 3646 3723 3716; x_wconf 83' lang='grc' dir='ltr'>ὠφέλειάν</span> 
     </span>
    </p>
   </div>
   <div class='ocr_carea' id='block_1_95' title="bbox 2122 3738 3718 3810">
    <p class='ocr_par' dir='ltr' id='par_1_95' title="bbox 2122 3738 3718 3810">
     <span class='ocr_line' id='line_1_95' title="bbox 2122 3738 3718 3810; baseline 0.004 -21"><span class='ocrx_word' id='word_1_692' title='bbox 2122 3738 2225 3809; x_wconf 75' lang='grc' dir='ltr'>μού</span> <span class='ocrx_word' id='word_1_693' title='bbox 2255 3739 2395 3791; x_wconf 79' lang='grc' dir='ltr'>εἰσιν</span> <span class='ocrx_word' id='word_1_694' title='bbox 2414 3754 2429 3769; x_wconf 76' lang='grc' dir='ltr'><strong>ο</strong></span> <span class='ocrx_word' id='word_1_695' title='bbox 2460 3740 2553 3792; x_wconf 76' lang='grc' dir='ltr'>καὶ</span> <span class='ocrx_word' id='word_1_696' title='bbox 2577 3741 2704 3792; x_wconf 82' lang='grc' dir='ltr'>ὅσον</span> <span class='ocrx_word' id='word_1_697' title='bbox 2723 3738 2983 3808; x_wconf 81' lang='grc' dir='ltr'>μείζονάς</span> <span class='ocrx_word' id='word_1_698' title='bbox 3014 3755 3104 3810; x_wconf 91' lang='grc' dir='ltr'><strong>μοι</strong></span> <span class='ocrx_word' id='word_1_699' title='bbox 3125 3739 3414 3810; x_wconf 72' lang='grc' dir='ltr'>ἑπιφέρεις</span> <span class='ocrx_word' id='word_1_700' title='bbox 3433 3741 3718 3806; x_wconf 78' lang='grc' dir='ltr'><strong>κολάσεις,</strong></span> 
     </span>
    </p>
   </div>
   <div class='ocr_carea' id='block_1_96' title="bbox 2119 3833 3722 3909">
    <p class='ocr_par' dir='ltr' id='par_1_96' title="bbox 2119 3833 3722 3909">
     <span class='ocr_line' id='line_1_96' title="bbox 2119 3833 3722 3909; baseline 0.005 -24"><span class='ocrx_word' id='word_1_701' title='bbox 2119 3833 2376 3888; x_wconf 71' lang='grc' dir='ltr'>τοσοῦτον</span> <span class='ocrx_word' id='word_1_702' title='bbox 2413 3837 2505 3888; x_wconf 76' lang='grc' dir='ltr'><strong>καὶ</strong></span> <span class='ocrx_word' id='word_1_703' title='bbox 2538 3835 2601 3888; x_wconf 80' lang='grc' dir='ltr'>ὲν</span> <span class='ocrx_word' id='word_1_704' title='bbox 2637 3834 2716 3904; x_wconf 85' lang='grc' dir='ltr'><strong>τῷ</strong></span> <span class='ocrx_word' id='word_1_705' title='bbox 2760 3835 2950 3906; x_wconf 77' lang='grc' dir='ltr'>Κυρίῳ</span> <span class='ocrx_word' id='word_1_706' title='bbox 2997 3836 3158 3906; x_wconf 81' lang='grc' dir='ltr'>χάριν</span> <span class='ocrx_word' id='word_1_707' title='bbox 3206 3836 3358 3890; x_wconf 76' lang='grc' dir='ltr'>ἄκων</span> <span class='ocrx_word' id='word_1_708' title='bbox 3388 3835 3612 3909; x_wconf 77' lang='grc' dir='ltr'>χαρίζῃ.</span> <span class='ocrx_word' id='word_1_709' title='bbox 3655 3838 3722 3892; x_wconf 88' lang='grc' dir='ltr'><strong>Ὀ</strong></span> 
     </span>
    </p>
   </div>
   <div class='ocr_carea' id='block_1_97' title="bbox 2119 3927 3724 4002">
    <p class='ocr_par' dir='ltr' id='par_1_97' title="bbox 2119 3927 3724 4002">
     <span class='ocr_line' id='line_1_97' title="bbox 2119 3927 3724 4002; baseline 0.003 -22"><span class='ocrx_word' id='word_1_710' title='bbox 2119 3927 2384 4000; x_wconf 77' lang='grc' dir='ltr'>δικαστὴς</span> <span class='ocrx_word' id='word_1_711' title='bbox 2429 3929 2618 3998; x_wconf 73' lang='grc' dir='ltr'>λέγει’</span> <span class='ocrx_word' id='word_1_712' title='bbox 2651 3929 2839 3982; x_wconf 83' lang='grc' dir='ltr'>Ταῦτα</span> <span class='ocrx_word' id='word_1_713' title='bbox 2887 3929 3093 3992; x_wconf 83' lang='grc' dir='ltr'>λαλεῖς,</span> <span class='ocrx_word' id='word_1_714' title='bbox 3147 3930 3399 3995; x_wconf 84' lang='grc' dir='ltr'>Ἀκάκιε,</span> <span class='ocrx_word' id='word_1_715' title='bbox 3434 3933 3626 4002; x_wconf 81' lang='grc' dir='ltr'>ἐπειδὴ</span> <span class='ocrx_word' id='word_1_716' title='bbox 3656 3932 3724 3985; x_wconf 82' lang='grc' dir='ltr'>τὸ</span> 
     </span>
    </p>
   </div>
   <div class='ocr_carea' id='block_1_98' title="bbox 2123 4016 3726 4088">
    <p class='ocr_par' dir='ltr' id='par_1_98' title="bbox 2123 4016 3726 4088">
     <span class='ocr_line' id='line_1_98' title="bbox 2123 4016 3726 4088; baseline 0.001 -18"><span class='ocrx_word' id='word_1_717' title='bbox 2123 4017 2284 4086; x_wconf 75' lang='grc' dir='ltr'>σῶμά</span> <span class='ocrx_word' id='word_1_718' title='bbox 2313 4035 2408 4071; x_wconf 91' lang='grc' dir='ltr'><strong>σου</strong></span> <span class='ocrx_word' id='word_1_719' title='bbox 2430 4020 2644 4072; x_wconf 77' lang='grc' dir='ltr'>οὐδέπω</span> <span class='ocrx_word' id='word_1_720' title='bbox 2665 4017 2979 4086; x_wconf 82' lang='grc' dir='ltr'>κατεξάνθη</span> <span class='ocrx_word' id='word_1_721' title='bbox 3000 4019 3114 4081; x_wconf 88' lang='grc' dir='ltr'>τοῖς</span> <span class='ocrx_word' id='word_1_722' title='bbox 3139 4018 3445 4088; x_wconf 80' lang='grc' dir='ltr'>αἰκισμοῖς.</span> <span class='ocrx_word' id='word_1_723' title='bbox 3479 4016 3539 4072; x_wconf 84' lang='lat'><strong>&#39;0</strong></span> <span class='ocrx_word' id='word_1_724' title='bbox 3563 4019 3726 4086; x_wconf 72' lang='grc' dir='ltr'>ἅγιος</span> 
     </span>
    </p>
   </div>
   <div class='ocr_carea' id='block_1_99' title="bbox 2135 4103 3722 4180">
    <p class='ocr_par' dir='ltr' id='par_1_99' title="bbox 2135 4103 3722 4180">
     <span class='ocr_line' id='line_1_99' title="bbox 2135 4103 3722 4180; baseline 0.002 -19"><span class='ocrx_word' id='word_1_725' title='bbox 2135 4107 2394 4172; x_wconf 80' lang='grc' dir='ltr'>Ἀκάκιος</span> <span class='ocrx_word' id='word_1_726' title='bbox 2427 4103 2587 4162; x_wconf 73' lang='grc' dir='ltr'>εἶπεν</span> <span class='ocrx_word' id='word_1_727' title='bbox 2609 4125 2624 4140; x_wconf 79' lang='grc' dir='ltr'><strong>ο</strong></span> <span class='ocrx_word' id='word_1_728' title='bbox 2664 4111 2775 4163; x_wconf 73' lang='grc' dir='ltr'>Καὶ</span> <span class='ocrx_word' id='word_1_729' title='bbox 2797 4109 2900 4179; x_wconf 74' lang='grc' dir='ltr'><strong>ήδη</strong></span> <span class='ocrx_word' id='word_1_730' title='bbox 2934 4126 3016 4161; x_wconf 91' lang='grc' dir='ltr'><strong>σοι</strong></span> <span class='ocrx_word' id='word_1_731' title='bbox 3047 4109 3210 4180; x_wconf 75' lang='grc' dir='ltr'>ἔφην,</span> <span class='ocrx_word' id='word_1_732' title='bbox 3241 4111 3337 4163; x_wconf 80' lang='grc' dir='ltr'>καὶ</span> <span class='ocrx_word' id='word_1_733' title='bbox 3367 4109 3532 4165; x_wconf 83' lang='grc' dir='ltr'>πάλιν</span> <span class='ocrx_word' id='word_1_734' title='bbox 3551 4110 3722 4179; x_wconf 83' lang='grc' dir='ltr'>λέγω,</span> 
     </span>
    </p>
   </div>
   <div class='ocr_carea' id='block_1_100' title="bbox 2125 4201 3725 4273">
    <p class='ocr_par' dir='ltr' id='par_1_100' title="bbox 2125 4201 3725 4273">
     <span class='ocr_line' id='line_1_100' title="bbox 2125 4201 3725 4273; baseline 0.003 -21"><span class='ocrx_word' id='word_1_735' title='bbox 2125 4201 2271 4254; x_wconf 74' lang='grc' dir='ltr'>ποίει</span> <span class='ocrx_word' id='word_1_736' title='bbox 2307 4201 2336 4255; x_wconf 83' lang='grc' dir='ltr'><strong>ὃ</strong></span> <span class='ocrx_word' id='word_1_737' title='bbox 2356 4202 2532 4267; x_wconf 86' lang='grc' dir='ltr'>θέλεις</span> <span class='ocrx_word' id='word_1_738' title='bbox 2557 4220 2570 4234; x_wconf 88' lang='grc'><strong>·</strong></span> <span class='ocrx_word' id='word_1_739' title='bbox 2601 4203 2660 4256; x_wconf 79' lang='grc' dir='ltr'>οὑ</span> <span class='ocrx_word' id='word_1_740' title='bbox 2685 4201 2800 4254; x_wconf 81' lang='grc' dir='ltr'>θύω</span> <span class='ocrx_word' id='word_1_741' title='bbox 2827 4202 2935 4273; x_wconf 86' lang='grc' dir='ltr'><strong>γάρ</strong></span> <span class='ocrx_word' id='word_1_742' title='bbox 2962 4203 3188 4270; x_wconf 80' lang='grc' dir='ltr'>δαίμοσι</span> <span class='ocrx_word' id='word_1_743' title='bbox 3215 4202 3575 4272; x_wconf 79' lang='grc' dir='ltr'>ἀκαθάρτοις,</span> <span class='ocrx_word' id='word_1_744' title='bbox 3593 4201 3725 4256; x_wconf 72' lang='grc' dir='ltr'>οὗτε</span> 
     </span>
    </p>
   </div>
   <div class='ocr_carea' id='block_1_101' title="bbox 2128 4293 3724 4366">
    <p class='ocr_par' dir='ltr' id='par_1_101' title="bbox 2128 4293 3724 4366">
     <span class='ocr_line' id='line_1_101' title="bbox 2128 4293 3724 4366; baseline 0.003 -22"><span class='ocrx_word' id='word_1_745' title='bbox 2128 4294 2236 4363; x_wconf 79' lang='grc' dir='ltr'>μὴν</span> <span class='ocrx_word' id='word_1_746' title='bbox 2267 4295 2406 4348; x_wconf 87' lang='grc' dir='ltr'>ποιῶ</span> <span class='ocrx_word' id='word_1_747' title='bbox 2439 4295 2500 4347; x_wconf 87' lang='grc' dir='ltr'><strong>τδ</strong></span> <span class='ocrx_word' id='word_1_748' title='bbox 2532 4293 2750 4366; x_wconf 81' lang='grc' dir='ltr'>θέλημά</span> <span class='ocrx_word' id='word_1_749' title='bbox 2771 4311 2889 4361; x_wconf 90' lang='grc' dir='ltr'>σου,</span> <span class='ocrx_word' id='word_1_750' title='bbox 2917 4294 3042 4348; x_wconf 76' lang='grc' dir='ltr'>οὐδὲ</span> <span class='ocrx_word' id='word_1_751' title='bbox 3076 4294 3170 4349; x_wconf 79' lang='grc' dir='ltr'><strong>τοῦ</strong></span> <span class='ocrx_word' id='word_1_752' title='bbox 3215 4297 3425 4363; x_wconf 79' lang='grc' dir='ltr'>πατρός</span> <span class='ocrx_word' id='word_1_753' title='bbox 3469 4312 3586 4362; x_wconf 87' lang='grc' dir='ltr'>σου,</span> <span class='ocrx_word' id='word_1_754' title='bbox 3622 4295 3724 4349; x_wconf 74' lang='grc' dir='ltr'>τοῦ</span> 
     </span>
    </p>
   </div>
   <div class='ocr_carea' id='block_1_102' title="bbox 2127 4384 3727 4459">
    <p class='ocr_par' dir='ltr' id='par_1_102' title="bbox 2127 4384 3727 4459">
     <span class='ocr_line' id='line_1_102' title="bbox 2127 4384 3727 4459; baseline 0.002 -19"><span class='ocrx_word' id='word_1_755' title='bbox 2127 4387 2365 4441; x_wconf 81' lang='grc' dir='ltr'><strong>Σατανᾶ.</strong></span> <span class='ocrx_word' id='word_1_756' title='bbox 2401 4385 2461 4440; x_wconf 84' lang='lat'><strong>&#39;0</strong></span> <span class='ocrx_word' id='word_1_757' title='bbox 2486 4387 2752 4459; x_wconf 77' lang='grc' dir='ltr'>δικαστὴς</span> <span class='ocrx_word' id='word_1_758' title='bbox 2776 4384 2931 4442; x_wconf 69' lang='grc' dir='ltr'>εἶπεν</span> <span class='ocrx_word' id='word_1_759' title='bbox 2955 4404 2969 4419; x_wconf 89' lang='grc'><strong>·</strong></span> <span class='ocrx_word' id='word_1_760' title='bbox 2994 4388 3242 4442; x_wconf 84' lang='grc' dir='ltr'>Θλάσατε</span> <span class='ocrx_word' id='word_1_761' title='bbox 3271 4389 3439 4443; x_wconf 75' lang='grc' dir='ltr'>αὑτοῦ</span> <span class='ocrx_word' id='word_1_762' title='bbox 3473 4391 3570 4454; x_wconf 78' lang='grc' dir='ltr'><strong>τάς</strong></span> <span class='ocrx_word' id='word_1_763' title='bbox 3603 4406 3727 4443; x_wconf 90' lang='grc' dir='ltr'>σια-</span> 
     </span>
    </p>
   </div>
   <div class='ocr_carea' id='block_1_103' title="bbox 2125 4475 3727 4554">
    <p class='ocr_par' dir='ltr' id='par_1_103' title="bbox 2125 4475 3727 4554">
     <span class='ocr_line' id='line_1_103' title="bbox 2125 4475 3727 4554; baseline 0.003 -24"><span class='ocrx_word' id='word_1_764' title='bbox 2125 4475 2308 4548; x_wconf 86' lang='grc' dir='ltr'>γῶνας</span> <span class='ocrx_word' id='word_1_765' title='bbox 2326 4478 2627 4549; x_wconf 76' lang='grc' dir='ltr'>μολιϐδίσιν</span> <span class='ocrx_word' id='word_1_766' title='bbox 2650 4519 2665 4546; x_wconf 92' lang='grc'><strong>,</strong></span> <span class='ocrx_word' id='word_1_767' title='bbox 2693 4480 2780 4534; x_wconf 74' lang='grc' dir='ltr'>ἵνα</span> <span class='ocrx_word' id='word_1_768' title='bbox 2804 4479 2880 4552; x_wconf 75' lang='grc' dir='ltr'>μὴ</span> <span class='ocrx_word' id='word_1_769' title='bbox 2899 4480 3345 4552; x_wconf 77' lang='grc' dir='ltr'>άπαυθαδὶζηται</span> <span class='ocrx_word' id='word_1_770' title='bbox 3375 4484 3442 4554; x_wconf 79' lang='grc' dir='ltr'><strong>τῇ</strong></span> <span class='ocrx_word' id='word_1_771' title='bbox 3472 4481 3727 4553; x_wconf 77' lang='grc' dir='ltr'>ἡμετέρᾳ</span> 
     </span>
    </p>
   </div>
   <div class='ocr_carea' id='block_1_104' title="bbox 2128 4572 3726 4646">
    <p class='ocr_par' dir='ltr' id='par_1_104' title="bbox 2128 4572 3726 4646">
     <span class='ocr_line' id='line_1_104' title="bbox 2128 4572 3726 4646; baseline 0.003 -22"><span class='ocrx_word' id='word_1_772' title='bbox 2128 4572 2218 4625; x_wconf 72' lang='grc' dir='ltr'><strong>ἐπ’</strong></span> <span class='ocrx_word' id='word_1_773' title='bbox 2244 4572 2397 4644; x_wconf 83' lang='grc' dir='ltr'><strong>αὐτῷ</strong></span> <span class='ocrx_word' id='word_1_774' title='bbox 2424 4572 2803 4646; x_wconf 71' lang='grc' dir='ltr'>μακροθυμίᾳ.</span> <span class='ocrx_word' id='word_1_775' title='bbox 2852 4575 2963 4628; x_wconf 74' lang='grc' dir='ltr'><strong>Καὶ</strong></span> <span class='ocrx_word' id='word_1_776' title='bbox 2991 4573 3187 4629; x_wconf 81' lang='grc' dir='ltr'>τούτου</span> <span class='ocrx_word' id='word_1_777' title='bbox 3227 4577 3284 4629; x_wconf 74' lang='grc' dir='ltr'>ἐν</span> <span class='ocrx_word' id='word_1_778' title='bbox 3312 4576 3468 4646; x_wconf 87' lang='grc' dir='ltr'>τάχει</span> <span class='ocrx_word' id='word_1_779' title='bbox 3492 4576 3726 4645; x_wconf 77' lang='grc' dir='ltr'>γενομέ-</span> 
     </span>
    </p>
   </div>
   <div class='ocr_carea' id='block_1_105' title="bbox 2130 4661 3726 4739">
    <p class='ocr_par' dir='ltr' id='par_1_105' title="bbox 2130 4661 3726 4739">
     <span class='ocr_line' id='line_1_105' title="bbox 2130 4661 3726 4739; baseline 0.003 -21"><span class='ocrx_word' id='word_1_780' title='bbox 2130 4681 2247 4732; x_wconf 92' lang='grc' dir='ltr'>νου,</span> <span class='ocrx_word' id='word_1_781' title='bbox 2284 4665 2488 4733; x_wconf 76' lang='grc' dir='ltr'>ὁᾶγιος</span> <span class='ocrx_word' id='word_1_782' title='bbox 2536 4667 2796 4730; x_wconf 78' lang='grc' dir='ltr'>Ἀκάκιος</span> <span class='ocrx_word' id='word_1_783' title='bbox 2844 4661 3003 4720; x_wconf 75' lang='grc' dir='ltr'>εἶπεν</span> <span class='ocrx_word' id='word_1_784' title='bbox 3033 4682 3046 4697; x_wconf 89' lang='grc'>·</span> <span class='ocrx_word' id='word_1_785' title='bbox 3089 4668 3197 4723; x_wconf 82' lang='grc' dir='ltr'>Ἴδε</span> <span class='ocrx_word' id='word_1_786' title='bbox 3232 4669 3328 4722; x_wconf 79' lang='grc' dir='ltr'>καὶ</span> <span class='ocrx_word' id='word_1_787' title='bbox 3367 4671 3425 4721; x_wconf 81' lang='grc' dir='ltr'>ὲν</span> <span class='ocrx_word' id='word_1_788' title='bbox 3479 4668 3656 4739; x_wconf 75' lang='grc' dir='ltr'>τούτῳ</span> <span class='ocrx_word' id='word_1_789' title='bbox 3693 4667 3726 4722; x_wconf 81' lang='grc' dir='ltr'><strong>δ</strong></span> 
     </span>
    </p>
   </div>
   <div class='ocr_carea' id='block_1_106' title="bbox 2131 4755 3728 4828">
    <p class='ocr_par' dir='ltr' id='par_1_106' title="bbox 2131 4755 3728 4828">
     <span class='ocr_line' id='line_1_106' title="bbox 2131 4755 3728 4828; baseline 0.004 -21"><span class='ocrx_word' id='word_1_790' title='bbox 2131 4755 2430 4825; x_wconf 64' lang='grc' dir='ltr'>ἠθέλησεν,</span> <span class='ocrx_word' id='word_1_791' title='bbox 2457 4757 2744 4827; x_wconf 76' lang='grc' dir='ltr'>ἐποίησας,</span> <span class='ocrx_word' id='word_1_792' title='bbox 2781 4757 3038 4828; x_wconf 83' lang='grc' dir='ltr'>τύραννε,</span> <span class='ocrx_word' id='word_1_793' title='bbox 3074 4760 3168 4813; x_wconf 67' lang='grc' dir='ltr'><strong>καλ⁵</strong></span> <span class='ocrx_word' id='word_1_794' title='bbox 3198 4759 3355 4813; x_wconf 77' lang='grc' dir='ltr'>οὐδὲν</span> <span class='ocrx_word' id='word_1_795' title='bbox 3377 4759 3542 4812; x_wconf 76' lang='grc' dir='ltr'>πλέον</span> <span class='ocrx_word' id='word_1_796' title='bbox 3571 4757 3728 4828; x_wconf 79' lang='grc' dir='ltr'><strong>ὠφέο</strong></span> 
     </span>
    </p>
   </div>
   <div class='ocr_carea' id='block_1_107' title="bbox 2130 4849 3729 4923">
    <p class='ocr_par' dir='ltr' id='par_1_107' title="bbox 2130 4849 3729 4923">
     <span class='ocr_line' id='line_1_107' title="bbox 2130 4849 3729 4923; baseline 0.001 -22"><span class='ocrx_word' id='word_1_797' title='bbox 2130 4849 2340 4919; x_wconf 80' lang='grc' dir='ltr'>λησαςο</span> <span class='ocrx_word' id='word_1_798' title='bbox 2395 4849 2457 4902; x_wconf 78' lang='grc' dir='ltr'><strong>οὐ</strong></span> <span class='ocrx_word' id='word_1_799' title='bbox 2492 4850 2602 4920; x_wconf 86' lang='grc' dir='ltr'><strong>γάρ</strong></span> <span class='ocrx_word' id='word_1_800' title='bbox 2636 4851 2958 4922; x_wconf 82' lang='grc' dir='ltr'>νικήσουσιν</span> <span class='ocrx_word' id='word_1_801' title='bbox 3015 4853 3071 4905; x_wconf 73' lang='grc' dir='ltr'>αἱ</span> <span class='ocrx_word' id='word_1_802' title='bbox 3105 4851 3464 4923; x_wconf 78' lang='grc' dir='ltr'>κακοτεχνίαι</span> <span class='ocrx_word' id='word_1_803' title='bbox 3491 4867 3587 4904; x_wconf 92' lang='grc' dir='ltr'><strong>σου</strong></span> <span class='ocrx_word' id='word_1_804' title='bbox 3622 4849 3729 4923; x_wconf 77' lang='grc' dir='ltr'>τὴν</span> 
     </span>
    </p>
   </div>
   <div class='ocr_carea' id='block_1_108' title="bbox 2133 4938 3730 5014">
    <p class='ocr_par' dir='ltr' id='par_1_108' title="bbox 2133 4938 3730 5014">
     <span class='ocr_line' id='line_1_108' title="bbox 2133 4938 3730 5014; baseline 0.002 -20"><span class='ocrx_word' id='word_1_805' title='bbox 2133 4943 2215 5003; x_wconf 78' lang='lat' dir='ltr'><strong>sl;</strong></span> <span class='ocrx_word' id='word_1_806' title='bbox 2239 4941 2482 5013; x_wconf 74' lang='grc' dir='ltr'>Χριστόν</span> <span class='ocrx_word' id='word_1_807' title='bbox 2512 4959 2615 5012; x_wconf 85' lang='grc' dir='ltr'><strong>μου</strong></span> <span class='ocrx_word' id='word_1_808' title='bbox 2644 4943 2894 5010; x_wconf 83' lang='grc' dir='ltr'>ἀγάπην.</span> <span class='ocrx_word' id='word_1_809' title='bbox 2934 4941 2996 4995; x_wconf 88' lang='lat'><strong>&#39;0</strong></span> <span class='ocrx_word' id='word_1_810' title='bbox 3025 4942 3290 5014; x_wconf 80' lang='grc' dir='ltr'>δικαστὴς</span> <span class='ocrx_word' id='word_1_811' title='bbox 3319 4938 3505 4996; x_wconf 84' lang='grc' dir='ltr'>εἶπεν·</span> <span class='ocrx_word' id='word_1_812' title='bbox 3548 4940 3730 4997; x_wconf 81' lang='grc' dir='ltr'>Θῦσον</span> 
     </span>
    </p>
   </div>
   <div class='ocr_carea' id='block_1_109' title="bbox 2131 5033 3726 5104">
    <p class='ocr_par' dir='ltr' id='par_1_109' title="bbox 2131 5033 3726 5104">
     <span class='ocr_line' id='line_1_109' title="bbox 2131 5033 3726 5104; baseline 0 -17"><span class='ocrx_word' id='word_1_813' title='bbox 2131 5034 2320 5087; x_wconf 74' lang='grc' dir='ltr'>λοιπὸν</span> <span class='ocrx_word' id='word_1_814' title='bbox 2355 5035 2450 5087; x_wconf 57' lang='grc' dir='ltr'><strong>καὶ⁵</strong></span> <span class='ocrx_word' id='word_1_815' title='bbox 2475 5033 2828 5104; x_wconf 81' lang='grc' dir='ltr'>ἀπαλλάγηθι</span> <span class='ocrx_word' id='word_1_816' title='bbox 2869 5033 2980 5087; x_wconf 86' lang='grc' dir='ltr'><strong>τῶν</strong></span> <span class='ocrx_word' id='word_1_817' title='bbox 3013 5034 3299 5104; x_wconf 85' lang='grc' dir='ltr'>μενουσῶν</span> <span class='ocrx_word' id='word_1_818' title='bbox 3336 5051 3396 5086; x_wconf 88' lang='grc' dir='ltr'><strong>σε</strong></span> <span class='ocrx_word' id='word_1_819' title='bbox 3441 5033 3726 5104; x_wconf 83' lang='grc' dir='ltr'>βασάνων.</span> 
     </span>
    </p>
   </div>
   <div class='ocr_carea' id='block_1_110' title="bbox 2145 5123 3728 5195">
    <p class='ocr_par' dir='ltr' id='par_1_110' title="bbox 2145 5123 3728 5195">
     <span class='ocr_line' id='line_1_110' title="bbox 2145 5123 3728 5195; baseline 0 -15"><span class='ocrx_word' id='word_1_820' title='bbox 2145 5125 2203 5180; x_wconf 84' lang='lat'><strong>&#39;0</strong></span> <span class='ocrx_word' id='word_1_821' title='bbox 2232 5127 2390 5194; x_wconf 75' lang='grc' dir='ltr'>ἅγιος</span> <span class='ocrx_word' id='word_1_822' title='bbox 2457 5126 2714 5189; x_wconf 78' lang='grc' dir='ltr'>Ἀκάκιος</span> <span class='ocrx_word' id='word_1_823' title='bbox 2763 5125 2954 5195; x_wconf 81' lang='grc' dir='ltr'>λέγει’</span> <span class='ocrx_word' id='word_1_824' title='bbox 3015 5123 3187 5180; x_wconf 79' lang='grc' dir='ltr'>Εῐπόν</span> <span class='ocrx_word' id='word_1_825' title='bbox 3222 5143 3329 5192; x_wconf 90' lang='grc' dir='ltr'>σοι,</span> <span class='ocrx_word' id='word_1_826' title='bbox 3377 5125 3424 5180; x_wconf 81' lang='grc' dir='ltr'>ὦ</span> <span class='ocrx_word' id='word_1_827' title='bbox 3465 5125 3728 5192; x_wconf 70' lang='grc' dir='ltr'>δικαστά,</span> 
     </span>
    </p>
   </div>
   <div class='ocr_carea' id='block_1_111' title="bbox 2134 5215 3728 5288">
    <p class='ocr_par' dir='ltr' id='par_1_111' title="bbox 2134 5215 3728 5288">
     <span class='ocr_line' id='line_1_111' title="bbox 2134 5215 3728 5288; baseline 0.001 -16"><span class='ocrx_word' id='word_1_828' title='bbox 2134 5218 2423 5282; x_wconf 83' lang='grc' dir='ltr'>πολλάκις,</span> <span class='ocrx_word' id='word_1_829' title='bbox 2455 5217 2538 5271; x_wconf 80' lang='grc' dir='ltr'><strong>ὅτι</strong></span> <span class='ocrx_word' id='word_1_830' title='bbox 2589 5217 2652 5270; x_wconf 80' lang='grc' dir='ltr'>οὐ</span> <span class='ocrx_word' id='word_1_831' title='bbox 2687 5216 2802 5271; x_wconf 75' lang='grc' dir='ltr'>θύω</span> <span class='ocrx_word' id='word_1_832' title='bbox 2847 5217 3071 5288; x_wconf 72' lang='grc' dir='ltr'>δαίμοσι</span> <span class='ocrx_word' id='word_1_833' title='bbox 3127 5233 3262 5270; x_wconf 80' lang='grc' dir='ltr'>ποτε</span> <span class='ocrx_word' id='word_1_834' title='bbox 3283 5231 3297 5246; x_wconf 87' lang='grc'><strong>·</strong></span> <span class='ocrx_word' id='word_1_835' title='bbox 3327 5215 3583 5270; x_wconf 82' lang='grc' dir='ltr'>τοσοῦτον</span> <span class='ocrx_word' id='word_1_836' title='bbox 3613 5218 3728 5288; x_wconf 52' lang='grc' dir='ltr'><strong>γὰρ</strong></span> 
     </span>
    </p>
   </div>
   <div class='ocr_carea' id='block_1_112' title="bbox 2135 5305 3718 5378">
    <p class='ocr_par' dir='ltr' id='par_1_112' title="bbox 2135 5305 3718 5378">
     <span class='ocr_line' id='line_1_112' title="bbox 2135 5305 3718 5378; baseline 0.003 -17"><span class='ocrx_word' id='word_1_837' title='bbox 2135 5309 2245 5361; x_wconf 85' lang='grc' dir='ltr'>τῶν</span> <span class='ocrx_word' id='word_1_838' title='bbox 2298 5308 2614 5378; x_wconf 83' lang='grc' dir='ltr'>μελλουσῶν</span> <span class='ocrx_word' id='word_1_839' title='bbox 2650 5309 2904 5377; x_wconf 82' lang='grc' dir='ltr'>βασάνων</span> <span class='ocrx_word' id='word_1_840' title='bbox 2936 5310 3282 5374; x_wconf 80' lang='grc' dir='ltr'>κατέπτυσα,</span> <span class='ocrx_word' id='word_1_841' title='bbox 3311 5311 3436 5363; x_wconf 74' lang='grc' dir='ltr'>ὅσον</span> <span class='ocrx_word' id='word_1_842' title='bbox 3471 5311 3568 5362; x_wconf 80' lang='grc' dir='ltr'>καὶ</span> <span class='ocrx_word' id='word_1_843' title='bbox 3612 5305 3718 5374; x_wconf 62' lang='grc' dir='ltr'><strong>τῷ(</strong></span> 
     </span>
    </p>
   </div>
   <div class='ocr_carea' id='block_1_113' title="bbox 2136 5401 3704 5472">
    <p class='ocr_par' dir='ltr' id='par_1_113' title="bbox 2136 5401 3704 5472">
     <span class='ocr_line' id='line_1_113' title="bbox 2136 5401 3704 5472; baseline 0.001 -20"><span class='ocrx_word' id='word_1_844' title='bbox 2136 5401 2236 5471; x_wconf 76' lang='grc' dir='ltr'><strong>ἤδη</strong></span> <span class='ocrx_word' id='word_1_845' title='bbox 2262 5401 2657 5470; x_wconf 77' lang='grc' dir='ltr'>προλαὸουσῶν</span> <span class='ocrx_word' id='word_1_846' title='bbox 2679 5401 2778 5453; x_wconf 77' lang='grc' dir='ltr'><strong>οὐκ</strong></span> <span class='ocrx_word' id='word_1_847' title='bbox 2806 5401 3123 5468; x_wconf 62' lang='grc' dir='ltr'>ἐφρόντισα,</span> <span class='ocrx_word' id='word_1_848' title='bbox 3161 5401 3253 5454; x_wconf 75' lang='grc' dir='ltr'><strong>τοῦ</strong></span> <span class='ocrx_word' id='word_1_849' title='bbox 3289 5401 3426 5454; x_wconf 76' lang='grc' dir='ltr'>Θεοῦ</span> <span class='ocrx_word' id='word_1_850' title='bbox 3455 5419 3559 5472; x_wconf 89' lang='grc' dir='ltr'><strong>μου</strong></span> <span class='ocrx_word' id='word_1_851' title='bbox 3586 5405 3704 5472; x_wconf 78' lang='grc' dir='ltr'>χορ-</span> 
     </span>
    </p>
   </div>
   <div class='ocr_carea' id='block_1_114' title="bbox 2143 5492 2916 5562">
    <p class='ocr_par' dir='ltr' id='par_1_114' title="bbox 2143 5492 2916 5562">
     <span class='ocr_line' id='line_1_114' title="bbox 2143 5492 2916 5562; baseline -0.001 -18"><span class='ocrx_word' id='word_1_852' title='bbox 2143 5492 2407 5562; x_wconf 73' lang='grc' dir='ltr'>ηγοῦντος</span> <span class='ocrx_word' id='word_1_853' title='bbox 2441 5509 2530 5560; x_wconf 78' lang='grc' dir='ltr'><strong>μοι</strong></span> <span class='ocrx_word' id='word_1_854' title='bbox 2561 5492 2660 5562; x_wconf 75' lang='grc' dir='ltr'>τὴν</span> <span class='ocrx_word' id='word_1_855' title='bbox 2687 5493 2916 5562; x_wconf 75' lang='grc' dir='ltr'>δύναμιν</span> 
     </span>
    </p>
   </div>
   <div class='ocr_carea' id='block_1_115' title="bbox 2210 5580 3729 5656">
    <p class='ocr_par' dir='ltr' id='par_1_115' title="bbox 2210 5580 3729 5656">
     <span class='ocr_line' id='line_1_115' title="bbox 2210 5580 3729 5656; baseline 0.002 -20"><span class='ocrx_word' id='word_1_856' title='bbox 2210 5582 2315 5641; x_wconf 83' lang='lat' dir='ltr'><strong>IB&#39;.</strong></span> <span class='ocrx_word' id='word_1_857' title='bbox 2361 5583 2422 5639; x_wconf 89' lang='grc' dir='ltr'>Ὀ</span> <span class='ocrx_word' id='word_1_858' title='bbox 2447 5585 2714 5653; x_wconf 74' lang='grc' dir='ltr'>δικαστὴς</span> <span class='ocrx_word' id='word_1_859' title='bbox 2745 5580 2796 5637; x_wconf 74' lang='grc' dir='ltr'><strong>εἷ</strong></span> <span class='ocrx_word' id='word_1_860' title='bbox 2811 5603 2900 5636; x_wconf 71' lang='grc' dir='ltr'><strong>τεν</strong></span> <span class='ocrx_word' id='word_1_861' title='bbox 2923 5601 2934 5614; x_wconf 91' lang='grc'><strong>·</strong></span> <span class='ocrx_word' id='word_1_862' title='bbox 2979 5586 3102 5648; x_wconf 77' lang='grc' dir='ltr'>Πῶς</span> <span class='ocrx_word' id='word_1_863' title='bbox 3136 5603 3482 5656; x_wconf 72' lang='grc' dir='ltr'>στρατιωτης</span> <span class='ocrx_word' id='word_1_864' title='bbox 3522 5585 3596 5639; x_wconf 81' lang='grc' dir='ltr'>ὣν</span> <span class='ocrx_word' id='word_1_865' title='bbox 3630 5587 3729 5640; x_wconf 69' lang='grc' dir='ltr'>καὶ</span> 
     </span>
    </p>
   </div>
   <div class='ocr_carea' id='block_1_116' title="bbox 2139 5677 3729 5749">
    <p class='ocr_par' dir='ltr' id='par_1_116' title="bbox 2139 5677 3729 5749">
     <span class='ocr_line' id='line_1_116' title="bbox 2139 5677 3729 5749; baseline 0 -18"><span class='ocrx_word' id='word_1_866' title='bbox 2139 5679 2530 5748; x_wconf 71' lang='grc' dir='ltr'>ἀγράμματος,</span> <span class='ocrx_word' id='word_1_867' title='bbox 2583 5677 2831 5740; x_wconf 81' lang='grc' dir='ltr'>Ἀκάκιε,</span> <span class='ocrx_word' id='word_1_868' title='bbox 2859 5677 3032 5740; x_wconf 77' lang='grc' dir='ltr'>οὕτως</span> <span class='ocrx_word' id='word_1_869' title='bbox 3080 5681 3314 5746; x_wconf 74' lang='grc' dir='ltr'>ἑτοίμως</span> <span class='ocrx_word' id='word_1_870' title='bbox 3351 5679 3729 5749; x_wconf 75' lang='grc' dir='ltr'>ἀπολογῆσαι;</span> 
     </span>
    </p>
   </div>
   <div class='ocr_carea' id='block_1_117' title="bbox 2151 5765 3732 5839">
    <p class='ocr_par' dir='ltr' id='par_1_117' title="bbox 2151 5765 3732 5839">
     <span class='ocr_line' id='line_1_117' title="bbox 2151 5765 3732 5839; baseline 0.035 -34"><span class='ocrx_word' id='word_1_871' title='bbox 2151 5770 2209 5822; x_wconf 77' lang='grc' dir='ltr'>ὀ</span> <span class='ocrx_word' id='word_1_872' title='bbox 2273 5769 2429 5836; x_wconf 70' lang='grc' dir='ltr'>ἅγιος</span> <span class='ocrx_word' id='word_1_873' title='bbox 2497 5767 2756 5831; x_wconf 79' lang='grc' dir='ltr'>Ἀκάκιος</span> <span class='ocrx_word' id='word_1_874' title='bbox 2809 5765 2998 5822; x_wconf 76' lang='grc' dir='ltr'>εἶπενο</span> <span class='ocrx_word' id='word_1_875' title='bbox 3032 5770 3095 5820; x_wconf 75' lang='grc' dir='ltr'>Τί</span> <span class='ocrx_word' id='word_1_876' title='bbox 3133 5771 3270 5838; x_wconf 72' lang='grc' dir='ltr'><strong>γάρῖ</strong></span> <span class='ocrx_word' id='word_1_877' title='bbox 3305 5771 3548 5839; x_wconf 57' lang='grc' dir='ltr'><strong>νομίζείς</strong></span> <span class='ocrx_word' id='word_1_878' title='bbox 3580 5773 3732 5838; x_wconf 56' lang='grc' dir='ltr'><strong>ἡμᾶς</strong></span> 
     </span>
    </p>
   </div>
   <div class='ocr_carea' id='block_1_118' title="bbox 2142 5860 3729 5934">
    <p class='ocr_par' dir='ltr' id='par_1_118' title="bbox 2142 5860 3729 5934">
     <span class='ocr_line' id='line_1_118' title="bbox 2142 5860 3729 5934; baseline -0.001 -19"><span class='ocrx_word' id='word_1_879' title='bbox 2142 5861 2528 5930; x_wconf 76' lang='grc' dir='ltr'>ἀπολογεῖσθαι</span> <span class='ocrx_word' id='word_1_880' title='bbox 2558 5860 2615 5925; x_wconf 79' lang='grc' dir='ltr'><strong>ἐξ</strong></span> <span class='ocrx_word' id='word_1_881' title='bbox 2650 5861 2789 5925; x_wconf 78' lang='grc' dir='ltr'>ἰδίας</span> <span class='ocrx_word' id='word_1_882' title='bbox 2822 5861 3066 5930; x_wconf 57' lang='grc' dir='ltr'>σκέψεως</span> <span class='ocrx_word' id='word_1_883' title='bbox 3112 5861 3144 5934; x_wconf 66' lang='grc' dir='ltr'><strong>ἢ</strong></span> <span class='ocrx_word' id='word_1_884' title='bbox 3179 5863 3506 5932; x_wconf 68' lang='grc' dir='ltr'>ρ.αθήεεω;;</span> <span class='ocrx_word' id='word_1_885' title='bbox 3551 5863 3689 5931; x_wconf 66' lang='grc' dir='ltr'><strong>Οἰδχῖ</strong></span> <span class='ocrx_word' id='word_1_886' title='bbox 3715 5879 3729 5890; x_wconf 93' lang='grc'><strong>·</strong></span> 
     </span>
    </p>
   </div>
  </div>
