4010 6440
1369 365 1544 427 V'ITA
1590 366 1648 428 S.
1685 364 1936 426 ACACII
1980 367 2464 431 CAPPADOCIS.

3425 376 3534 440 “230

255 476 400 532 ἀλλὰ
430 476 491 530 τδ
519 475 772 530 πλούσιον
798 477 894 532 καὶ
915 477 1074 546 ἅγιον
1097 477 1324 550 Πνεῦμα
1345 479 1440 532 τοῦ
1458 478 1594 533 Θεοῦ
1622 459 1850 550 χορηγεῖ

1960 494 2177 538 sanctus
2233 483 2324 539 Dei
2363 485 2602 555 Spiritus
2637 488 2809 542 servis
2834 488 2945 543 suis
2972 489 3196 544 liberam
3230 495 3534 549 orationem

256 570 375 632 τοῖς
405 569 616 632 δούλοις
640 569 804 623 αὑτοῦ
831 571 928 641 τὴν
957 571 1159 643 πολλὴν
1190 573 1282 628 καὶ
1297 572 1533 642 ἄφθονον
1563 573 1658 626 τοῦ
1683 573 1845 642 λόγου

258 658 590 730 παρρησίαν
643 659 742 714 καὶ⁵
771 661 872 726 τὴν
916 660 1224 732 ὑπομονὴν.
1250 661 1435 726 καθὼς
1472 664 1570 719 καὶ
1601 666 1628 717 ὀ
1653 664 1847 734 Σωτὴρ

255 749 530 817 ἐδίδαξεν,
570 749 893 822 προσειπὼν
942 752 1056 816 τοῖς
1103 751 1379 824 μαθηταῖς
1407 751 1610 807 αὑτοῦ·
1670 770 1690 806 ‹
1730 755 1846 807 Ὄτ’

254 839 349 904 ἂν,
405 844 568 913 φησὶ,
625 843 994 914 παραδίδωσιν
1039 845 1184 915 ὑμᾶς
1238 846 1352 908 τοῖς
1385 844 1615 916 ἄρχουσι
1663 846 1754 900 διὰ
1788 846 1849 900 τὸ

253 932 442 1002 ὄνομα
485 951 614 1004 μου,
659 935 738 1006 μὴ
773 936 1179 1007 μεριμνήσητε,
1211 937 1330 1001 πῶς
1383 937 1417 1010 ἢ
1449 939 1502 990 τί
1532 937 1807 1008 λαλήσητε
1829 953 1844 970 ⁸

253 1025 555 1096 δοθήσεται
597 1029 706 1100 γὰρ
730 1029 859 1098 ὑμῖν
878 1031 936 1081 ἐν
959 1029 1146 1104 ἐκείνῃ
1179 1032 1246 1100 τῇ
1293 1029 1413 1103 ὥρᾳ
1444 1031 1506 1086 τὸ
1529 1032 1582 1086 τί
1611 1033 1805 1103 εἴπητε
1829 1050 1844 1065 ο

253 1117 320 1170 οῦ
354 1119 470 1189 γὰρ
525 1121 682 1190 ὑμεῖς
729 1121 856 1173 ἔστε
894 1121 945 1174 οι
977 1120 1289 1189 λαλοῦντες,
1345 1121 1484 1176 ἀλλὰ
1528 1124 1590 1177 τὸ
1621 1123 1848 1194 Πνεῦμα

251 1208 353 1264 τοῦ
397 1212 616 1282 Πατρὸς
655 1211 809 1282 ὑμῶν
837 1213 898 1266 τὸ
923 1212 1122 1268 λαλοῦν
1148 1215 1208 1266 ἐν
1231 1214 1382 1284 ὑμῖν.
1424 1214 1710 1278 ’Δντώνιος
1751 1232 1848 1270 κο-

259 1306 636 1375 μενταρήσιος
661 1305 810 1374 λέγει
847 1304 924 1376 τῷ
970 1306 1111 1378 ἁγίῳ
1156 1305 1431 1378 μάρτυριο
1487 1307 1552 1361 Τι
1592 1307 1844 1378 ὠφελεῖς,

257 1393 436 1460 ἄθλιε,
476 1396 710 1450 τοιαῦτα
769 1398 1120 1469 νουθετηθεὶς
1173 1401 1269 1452 καὶ
1315 1400 1392 1471 μὴ
1450 1402 1716 1467 πεισθεὶς,
1749 1403 1848 1456 ἐὰν

261 1484 494 1557 ὕστερον
530 1489 674 1557 μετά
701 1489 955 1560 βασάνων
987 1488 1310 1562 βαρυτέρων
1334 1491 1569 1562 ποιήσῃς
1590 1493 1652 1545 τὸ
1674 1494 1846 1562 πρόσ-

256 1592 449 1647 ταγμα
506 1579 620 1632 τῶν
662 1580 971 1651 βασιλέών;
1028 1581 1088 1635 Ὀ
1143 1581 1301 1652 ἅγιος
1363 1583 1618 1646 Ἀκάκιος
1668 1578 1844 1638 εἶπενο

259 1669 514 1739 ’Υπαγεῑ
551 1671 882 1743 νουθέτησον
939 1675 1198 1740 σεαυτὸν,
1250 1673 1606 1746 ταλαίπωρει
1649 1675 1710 1729 Ei
1737 1678 1847 1748 γὰρ

1901 634 1908 642 ,
1954 585 2004 629 et
2038 576 2353 644 patientiam
2399 579 2732 649 suppeditat,
2761 581 2865 637 illis
2913 583 3219 652 providens,
3276 592 3530 656 quemad-

1956 669 2172 720 modum
2211 668 2464 724 8.ι1νίιιοι’
2495 672 2611 741 ipse
2642 673 2938 744 discipulos
2981 690 3110 731 suos
3157 681 3363 748 docuit,
3413 697 3532 736 cum

1958 759 2038 812 sic
2073 759 2211 813 dixit
2257 777 2323 812 :r
2386 762 2614 827 Quando
2676 781 2770 820 vos
2825 769 3147 823 tradiderim
3197 772 3533 844 principibus

1955 861 2180 920 propter
2233 867 2428 908 llOlI-ell
2459 869 2660 920 meum,
2698 872 2765 911 ne
2791 860 3005 916 solliciti
3037 864 3180 930 sitis,
3239 873 3533 934 quomodo,

1956 954 2050 995 aut
2107 945 2232 1012 quid
2279 944 2572 1014 loquamini
2606 966 2622 1004 :
2655 950 2874 1006 dabitur
2924 955 3070 1008 enim
3127 957 3279 1011 vobis
3337 959 3388 1012 in
3447 960 3536 1013 illa

1957 1035 2110 1102 hora,
2142 1037 2272 1106 quid
2304 1040 2499 1095 dicatis
2533 1060 2549 1096 ;
2585 1057 2688 1096 non
2720 1044 2863 1100 enim
2905 1062 2999 1102 vos
3046 1049 3197 1114 estis,
3232 1053 3322 1121 qui
3358 1053 3534 1122 loqui-

1957 1127 2111 1191 mini,
2147 1128 2240 1183 sed
2291 1127 2528 1196 Spiritus
2561 1131 2740 1190 Putris
2796 1139 2986 1203 vestri,
3039 1143 3130 1210 qui
3186 1142 3422 1214 loquitur
3482 1148 3533 1204 iu

1955 1218 2107 1274 vobis
2145 1220 2186 1274 ¹.
2220 1237 2239 1272 ›
2277 1222 2586 1280 Antoninus
2637 1227 2815 1283 scriba
2855 1231 2994 1283 dixit
3019 1244 3214 1288 sancto
3257 1237 3482 1306 martyri
3517 1256 3532 1292 :

1958 1309 2022 1367 Et
2052 1328 2299 1382 qnsenam
2339 1316 2453 1380 tibi,
2494 1319 2678 1383 miser,
2733 1322 2941 1378 utilitas
2976 1323 3152 1380 futura
3204 1338 3308 1394 est,
3368 1329 3413 1384 si
3464 1331 3532 1385 de

1958 1406 2157 1462 talibus
2211 1409 2375 1464 rebus
2429 1413 2740 1470 admonitus
2792 1418 3107 1484 persuaderi
3171 1436 3274 1476 non
3327 1424 3428 1487 vis,
3467 1439 3532 1480 ac

1955 1513 2138 1568 postea
2162 1503 2501 1570 gravioribus
2524 1507 2808 1561 tormentis
2826 1509 3111 1576 adductus,
3145 1512 3530 1583 imperatorum

1954 1591 2132 1646 edicto
2161 1596 2418 1662 parebis?
2448 1597 2569 1662 Abi,
2601 1607 2656 1653 et
2694 1609 2746 1654 te
2779 1601 2954 1668 ipsum
3008 1605 3324 1672 admoneas,
3359 1607 3535 1677 inquit

1954 1681 2205 1746 Aeacius,
2236 1700 2362 1740 nam
2387 1688 2432 1742 si
2457 1704 2631 1758 neque
2659 1692 2943 1759 praesidem
2980 1692 3176 1762 ipsum,
3225 1712 3402 1766 neque
3434 1698 3536 1751 nti-

255 1763 352 1817 τοῦ
405 1764 674 1836 ἄρχοντός
710 1785 804 1821 σου
833 1769 929 1821 καὶ
957 1768 1068 1822 τῶν
1121 1769 1366 1826 ἀπειλῶν
1418 1771 1583 1825 αὐτοῦ
1616 1773 1710 1826 καὶ
1738 1773 1847 1825 τῶν

1960 1790 2052 1828 nas
2076 1775 2244 1840 illius,
2282 1792 2460 1846 neque
2489 1781 2770 1836 cruciatus
2813 1782 2864 1836 in
2927 1797 3012 1837 me
3051 1783 3251 1850 illatos,
3285 1763 3378 1840 Dei
3433 1802 3538 1856 0pc

254 1855 666 1929 ιπενεχθεισῶν
695 1875 786 1931 μοι
813 1859 906 1913 ὑπ’
939 1859 1107 1915 αὑτοῦ
1139 1860 1394 1933 βασάνων
1423 1864 1525 1916 οὐκ
1546 1863 1846 1935 ἐφρόντισα

1960 1869 2171 1936 adjutus
2217 1870 2428 1934 curati,
2480 1883 2710 1941 putasne
2764 1889 2851 1928 me
2887 1875 3045 1928 talem
3096 1890 3217 1930 esse
3244 1877 3334 1946 qui
3365 1887 3416 1932 te
3445 1893 3536 1932 au-

254 1953 449 2023 χάριτι
474 1955 569 2008 τοῦ
600 1954 738 2010 θεοῦ
773 1973 899 2028 μου,
927 1957 1022 2012 σοῦ
1059 1957 1168 2029 ἔχω
1193 1959 1462 2025 ἀκοῦσαι;
1496 1961 1556 2015 '0
1587 1962 1850 2030 δικαστὴς

255 2045 444 2116 λέγει’
490 2049 751 2104 Ἀκάκιον
783 2054 872 2106 τὸν
902 2053 1282 2108 ἀκαθοσέωτον
1314 2055 1658 2126 στρατιώτην
1689 2057 1850 2126 γενό-

257 2147 427 2218 μενόν
453 2164 611 2212 ποτε,
640 2149 746 2202 ὑπὸ
769 2149 1020 2221 ἁσφαλὴν
1046 2152 1294 2221 φρουρὰν
1326 2152 1425 2222 τὴν
1447 2151 1736 2221 ὲνδοτέραν
1767 2154 1850 2214 εἰς

255 2239 386 2307 τρια
424 2241 752 2311 κεντήματα
800 2242 896 2294 τοῦ
928 2241 1089 2306 ξύλου
1129 2242 1408 2313 βαλόντες,
1471 2244 1730 2319 περιθετε
1769 2247 1848 2301 σι-

259 2328 402 2399 δηρα
425 2331 603 2402 βαρέα
634 2334 778 2387 κατά
800 2334 894 2388 τοῦ
923 2336 1203 2406 τραχήλου
1228 2336 1322 2390 καὶ
1357 2336 1499 2391 κατά
1525 2337 1729 2400 παντὸς
1754 2341 1848 2392 τοῦ

266 2423 542 2492 σώματος,
583 2425 1030 2496 τηρηθησόμενόν
1059 2444 1152 2496 μοι
1174 2431 1239 2499 τῇ
1269 2428 1395 2499 ἑξῆς
1425 2429 1702 2500 δικασίμῳ
1728 2445 1742 2459 ⁸
1774 2431 1851 2502 μὴ

267 2513 491 2584 ὁρᾶσθαι
517 2516 576 2568 δὲ
607 2517 773 2570 αὑτὸν
824 2519 930 2572 ὑπὸ
961 2519 1066 2573 τῶν
1097 2521 1367 2576 συνὲθνων
1393 2523 1852 2594 συγχωρούμενον

275 2605 516 2673 καθόλου,
545 2609 622 2680 μή
647 2625 778 2662 ποτε
803 2611 1245 2682 μακαριζόμενος
1267 2612 1361 2666 ὑπ’
1384 2614 1588 2677 αὐτῶν,
1617 2613 1851 2668 εὐτονώο

277 2713 426 2768 τέρος
449 2702 585 2770 ἡμῖν
617 2702 756 2772 πρὸς
786 2705 888 2774 τὴν
919 2703 1225 2774 μέλλουσαν
1252 2707 1535 2777 ἐξαίτησιν
1566 2707 1793 2778 εὑρεθῆ.

333 2790 430 2844 ιτν.
472 2795 581 2845 Καὶ
612 2794 840 2865 ἀπήχθη
867 2797 896 2848 ὁ
922 2798 1194 2868 μακάριος
1219 2800 1278 2851 ἐν
1305 2801 1371 2869 τῇ
1392 2801 1610 2870 φρουρᾷ
1641 2801 1850 2870 χαίρων

260 2883 356 2937 ἕπε
386 2902 446 2938 τε
479 2889 547 2956 τῇ
575 2887 932 2962 παρελθούσῃ
960 2891 1306 2963 ἐπερωτήσει
1331 2893 1426 2946 καὶ
1459 2894 1555 2946 ἐπὶ
1583 2895 1692 2946 τῶν
1716 2893 1850 2964 μελ-

258 2976 464 3030 λόντων
499 2982 725 3047 ἀγαθῶν
760 2981 1036 3052 ἀπολήψει
1071 2986 1225 3054 παρά
1254 2985 1349 3038 τοῦ
1387 2985 1656 3055 ἀψευδοῦς
1687 2987 1848 3040 Θεοῦ·

258 3069 359 3122 καὶ
389 3070 653 3142 ἐποίησεν
685 3073 744 3124 ὲν
777 3075 843 3142 τῇ
882 3075 1100 3147 φυλακῇ
1130 3077 1228 3144 τῆς
1289 3077 1576 3146 Πειρινθου
1631 3079 1851 3149 ἡμέρας

257 3165 426 3219 ἑπτά.
467 3167 720 3233 Ἐγένετο
748 3168 806 3221 δὲ
836 3170 929 3222 τὸν
957 3171 1214 3225 Β.6ιανὺν
1248 3174 1561 3242 γράμματα
1590 3173 1850 3237 δέξασθαι

257 3259 420 3326 παρά
454 3260 704 3313 Λικινίου
764 3261 862 3315 τοῦ
923 3265 1170 3333 ἐπάρχου
1206 3264 1298 3317 τοῦ
1352 3265 1648 3337 προλαὸεἰν
1686 3267 1850 3320 αὑτὸν

255 3356 341 3416 εἰς
375 3355 439 3408 τὸ
465 3355 794 3418 Βυζάντιον·
841 3357 1136 3411 ἐκέλευσεν
1166 3358 1224 3412 δὲ
1258 3361 1354 3413 καὶ
1401 3361 1528 3422 τοὺς
1561 3360 1852 3431 δεσμώτας

255 3448 637 3517 ἀκολουθῆσαι
668 3450 843 3520 αὐτῷ.
892 3450 950 3504 Ὀ
1001 3449 1095 3506 οὖν
1127 3452 1400 3523 μακάριος
1425 3456 1646 3522 ’μάρτυς
1690 3453 1854 3507 Ἀκά-

251 3558 379 3604 atro;
413 3543 508 3594 καὶ
544 3542 620 3613 τῷ
657 3545 811 3616 ὄγκῳ
855 3544 966 3598 τῶν
987 3547 1323 3617 τραυμάτων
1354 3545 1698 3616 τρυχόμενος
1756 3546 1854 3600 καὶ

253 3632 340 3702 τῷ
364 3634 519 3702 πόνῳ
548 3633 642 3686 τοῦ
677 3639 934 3705 σώματος
976 3637 1504 3710 στενοχωρούμενος,
1554 3637 1632 3691 ἔτι
1666 3638 1723 3692 δὲ
1759 3639 1853 3692 καὶ

253 3725 342 3798 τῷ
371 3727 580 3790 πλήθει
607 3727 718 3781 τῶν
746 3729 988 3800 σιδήρων
1021 3728 1414 3800 βαρυνόμενος,
1449 3730 1542 3782 καὶ
1572 3734 1639 3801 τῇ
1665 3731 1855 3801 ἐφήξει

254 3821 370 3874 τῶν
397 3819 616 3891 δημίων
637 3822 746 3874 τῖεν
770 3823 828 3874 ἐν
853 3823 918 3893 τῇ
950 3823 1055 3893 6δῴ
1079 3823 1626 3894 ταλαιπωρούμενος,
1657 3827 1754 3879 καὶ
1775 3825 1855 3898 τῷ

257 3909 504 3980 καμάτῳ
531 3909 633 3978 τῆς
669 3911 898 3982 πορείας
927 3913 1268 3982 ϐλιόόμενος,
1303 3915 1398 3967 καὶ
1449 3918 1516 3986 τῇ
1544 3916 1726 3986 ἐνδείᾳ
1745 3919 1856 3972 τῶν

258 4001 455 4053 σιτίων
497 4003 998 4072 ἐκλιμπανόμενος,
1048 4003 1144 4055 και¹
1191 4001 1270 4071 τῷ
1313 4002 1390 4075 μὴ
1449 4006 1857 4075 συγχωρεῖσθαι

253 4109 386 4147 τινα
415 4096 527 4146 τῶν
556 4096 820 4163 γνωστῶν
850 4096 1124 4150 συνὲθνων
1154 4096 1289 4169 όρᾷν
1315 4096 1480 4150 αὐτὸν
1503 4101 1638 4169 πρὸς
1669 4100 1728 4152 τὸ
1756 4099 1857 4171 ζῇν

257 4183 456 4239 λοιπὸν
505 4186 972 4258 ὲξαπορούμενος,
1027 4187 1546 4242 ἐπακολουθούντων
1605 4192 1700 4242 καὶ
1747 4190 1859 4244 τῶν

257 4282 364 4333 σὺν
399 4279 553 4349 αὐτῷ
577 4279 874 4350 δεσμωτῶν
899 4283 957 4334 ἐν
987 4283 1054 4349 τῇ
1079 4280 1184 4351 ὁδῷ
1215 4281 1310 4334 καὶ
1345 4280 1454 4334 τῶν
1505 4285 1858 4351 κατεπειγόν-

259 4386 377 4425 των
401 4371 607 4434 αὐτοὺς
638 4369 876 4442 δημίων,
937 4368 1139 4441 ηὔξατο
1167 4371 1247 4443 τῷ
1269 4371 1412 4441 Θεῷ,
1445 4371 1686 4436 ἀξιώσας
1727 4375 1863 4444 πρό-

263 4476 432 4532 τερον
459 4463 593 4526 τοὺς
619 4461 876 4534 δημίους,
911 4463 1335 4536 συγχωρηθῆναι
1368 4466 1519 4538 αὐτῷ
1557 4465 1821 4531 εῦξασοαι
1843 4482 1857 4498 ο

1955 1961 2141 2016 diam?
2170 1960 2303 2016 Tum
2331 1964 2495 2032 jndex
2529 1967 2794 2022 tuiniStris
2824 1967 2960 2022 dixit
2987 1984 3001 2020 :
3027 1967 3282 2023 Acacium
3308 1969 3533 2040 impium

1956 2055 2228 2112 hominem
2259 2057 2389 2112 olim
2425 2060 2674 2124 militem,
2713 2062 2766 2115 in
2798 2077 3018 2116 carcere
3072 2063 3330 2117 interiore
3359 2065 3535 2117 tribus

1953 2146 2114 2216 lignis
2144 2149 2421 2218 alligatum
2453 2152 2745 2216 custodite,
2778 2161 2831 2206 et
2875 2153 3133 2222 gravibus
3162 2155 3369 2208 catenis
3415 2154 3536 2223 ejus

1953 2241 2151 2295 collum
2182 2256 2247 2296 ac
2298 2250 2468 2298 totum
2499 2258 2699 2310 corpus
2725 2244 3077 2310 circumdate,
3112 2245 3390 2316 sequentis
3428 2246 3533 2301 diei

1948 2338 2154 2408 judicio
2186 2343 2574 2394 reservandum
2607 2357 2623 2396 :
2661 2355 2836 2410 neque
2879 2357 2908 2394 a
2940 2355 3053 2396 suae
3082 2342 3260 2410 gentis
3298 2340 3536 2396 homini-

1955 2428 2056 2482 bus
2077 2427 2226 2482 illum
2256 2428 2424 2484 videri
2449 2431 2744 2498 permittite
2765 2470 2780 2497 ,
2817 2445 2884 2485 ne
2908 2429 3048 2484 forte
3081 2431 3152 2486 ab
3181 2432 3313 2501 ipsis
3345 2431 3535 2485 beatus

1955 2523 2304 2590 praedicetur,
2358 2532 2411 2576 et
2445 2523 2512 2578 ad
2550 2521 2761 2578 futuras
2814 2524 3140 2593 quaestiones
3199 2525 3537 2578 constantior

1956 2612 2288 2666 inveniatur.

2030 2792 2166 2847 Xlll.
2201 2791 2403 2849 Ductus
2441 2795 2604 2864 igitur
2629 2793 2941 2850 fuitbeatus
2975 2796 3208 2852 Aeacius
3247 2798 3300 2852 in
3341 2813 3533 2854 carce-

1956 2902 2094 2950 rem,
2152 2897 2264 2942 tum
2319 2890 2592 2957 praeterita
2641 2886 2985 2945 confessione
3037 2905 3200 2959 quam
3256 2895 3534 2960 professus

1955 2977 2156 3043 fuerat,
2189 2991 2298 3034 tum
2330 2979 2526 3035 futuris
2553 2981 2734 3047 bonis,
2772 2997 2892 3051 quae
2920 2998 2949 3036 a
2979 2981 3088 3037 Deo
3120 2997 3252 3038 vero
3280 2995 3534 3054 acceptu-

1956 3087 2049 3127 rus
2080 3081 2222 3137 erat,
2274 3072 2430 3127 valde
2480 3073 2635 3129 littus
2667 3091 2684 3129 :
2720 3074 3032 3144 mansitque
3107 3075 3161 3128 itt
3205 3090 3428 3131 carcere
3479 3078 3531 3130 iu

1959 3167 2091 3222 urbe
2121 3164 2384 3222 Perintho
2413 3177 2620 3238 septem
2651 3167 2789 3226 dies.
2825 3166 3034 3222 Interea
3082 3165 3337 3225 Bibianus
3373 3185 3533 3225 acce-

1957 3259 2037 3328 pit
2065 3258 2278 3314 litteras
2309 3274 2339 3313 a
2372 3257 2654 3325 Flaccino,
2689 3267 2748 3315 ut
2776 3257 3099 3330 Byzantium
3123 3276 3182 3316 se
3212 3261 3482 3318 conferret
3519 3281 3533 3317 :

1952 3353 2116 3423 jussit
2147 3363 2330 3408 autem
2355 3361 2410 3408 et
2433 3369 2527 3409 eos
2565 3353 2658 3424 qui
2691 3365 2847 3408 erant
2889 3353 2941 3408 in
2975 3369 3214 3421 carcere,
3255 3355 3403 3409 illum
3449 3371 3537 3410 se-

1960 3445 2076 3516 qui.
2111 3444 2310 3501 Beatus
2341 3445 2505 3512 igitur
2529 3457 2736 3517 martyr
2761 3448 3014 3511 Aeacius,
3043 3458 3098 3502 et
3138 3448 3420 3503 vulnerum
3447 3459 3536 3502 tu-

1958 3552 2130 3602 more,
2165 3547 2221 3592 et
2244 3537 2489 3606 corporis
2521 3537 2707 3593 labore
2734 3537 2990 3605 aﬂlictus,
3039 3538 3107 3594 ad
3163 3538 3276 3593 haec
3329 3551 3384 3593 et
3431 3541 3539 3596 iliis

1962 3630 2142 3684 multis
2178 3629 2375 3684 ferreis
2409 3630 2618 3684 catenis
2671 3639 2947 3699 gravatus,
2988 3631 3330 3699 militumque
3363 3633 3413 3686 in
3450 3633 3536 3685 via

1961 3722 2268 3792 urgentium
2305 3722 2733 3790 importunitate,
2774 3731 2828 3776 et
2855 3721 3067 3777 itineris
3105 3722 3445 3788 lassitudine,
3474 3739 3539 3778 ac

1959 3817 2204 3871 ciborum
2228 3815 2431 3885 inopia,
2467 3814 2701 3885 denique
2726 3823 2973 3869 notorum
3007 3815 3310 3881 hominmn,
3344 3830 3376 3870 e
3408 3817 3538 3885 qui-

1959 3905 2060 3956 bus
2097 3903 2370 3958 neiuinetn
2404 3903 2587 3958 videre
2615 3903 3056 3973 permittebatur,
3102 3905 3347 3959 absentia
3383 3906 3537 3959 valde

1962 4009 2219 4057 tumrens,
2257 4003 2311 4048 et
2345 3994 2411 4048 de
2464 3993 2572 4047 vita
2615 3994 2730 4063 ipsa
2778 3994 3103 4063 desperans,
3159 4009 3281 4049 cum
3343 4007 3396 4051 et
3443 3995 3536 4050 alii

1960 4089 2128 4143 vincti
2156 4103 2280 4142 eum
2331 4095 2716 4156 sequerentur,
2748 4097 2801 4142 et
2830 4087 3116 4142 carniﬁces
3140 4095 3418 4156 urgerent,
3447 4102 3514 4155 pe

1963 4184 2047 4236 tiit
2079 4199 2108 4236 a
2146 4181 2525 4245 carniﬁcibus,
2585 4191 2642 4236 ut
2693 4180 2888 4237 orandi
2939 4179 3034 4236 Dei
3086 4189 3409 4250 potestatem
3463 4181 3536 4235 illi

1961 4274 2224 4328 facerent.
2257 4272 2393 4327 Cum
2430 4273 2594 4342 igitur
2637 4273 2871 4342 quodam
2904 4270 3105 4325 inloco
3147 4272 3414 4336 stetisset,
3463 4270 3538 4326 ita

1963 4365 2132 4421 Deum
2171 4374 2423 4434 precatus
2454 4374 2539 4421 est
2568 4383 2582 4419 :
2623 4364 2807 4420 Gloria
2840 4366 2911 4421 sit
2946 4365 3066 4430 tibi,
3103 4364 3270 4431 Deus,
3303 4364 3395 4434 qui
3441 4377 3540 4434 pro

1966 4469 2056 4511 tua
2103 4456 2390 4513 clementia
2419 4456 2471 4509 iu
2511 4469 2606 4510 eos
2637 4454 3040 4510 misericordem
3089 4463 3139 4508 te
3173 4452 3404 4523 prmbes,
3447 4449 3538 4520 qui

264 4556 366 4609 καὶ
397 4553 626 4619 σταθεὶς
657 4557 717 4609 ἐν
750 4555 904 4628 τόπῳ
923 4559 1050 4622 τινὶ,
1083 4555 1292 4627 ηὔξατο
1330 4559 1467 4627 πρὸς
1526 4559 1730 4631 Κύριον
1768 4563 1851 4614 καὶ

1967 4551 2198 4620 diligunt
2226 4564 2418 4605 nomen
2445 4558 2593 4604 tuum
2640 4547 2872 4614 :gloria,
2905 4547 3148 4616 inquam,
3179 4545 3273 4600 tibi
3310 4545 3401 4606 sit,
3446 4543 3538 4613 qui

265 4643 465 4702 εἶπεν·
505 4643 650 4712 Δόξα
679 4663 784 4711 σοι,
831 4649 861 4702 ό
912 4649 1054 4702 κατά
1087 4649 1146 4703 τὸ
1184 4648 1321 4702 πολὺ
1363 4649 1510 4715 ἔλεός
1549 4668 1644 4705 σου
1687 4652 1859 4706 ποιῶν

265 4739 366 4797 καὶ
401 4740 477 4794 τὰ
535 4739 668 4810 ῑλὲη
727 4757 827 4796 σου
862 4740 1002 4812 μετά
1047 4741 1157 4794 τῶν
1189 4741 1536 4808 ἀγαπώντων
1572 4744 1634 4796 τὸ
1682 4744 1856 4816 ὅνομά

269 4847 366 4885 σου
388 4847 406 4862 ’
427 4830 562 4896 δόξα
585 4845 690 4896 σοι,
709 4829 794 4902 τῷ
822 4834 918 4884 καὶ
942 4830 1042 4901 εμὲ
1074 4830 1168 4883 τὸν
1197 4831 1312 4902 ἀμα
1324 4832 1527 4903 ρτωλὸν
1561 4834 1856 4890 κ;.λέσαντι

269 4927 352 4988 εις
389 4923 490 4976 τὸν
535 4923 740 4993 κλῆρον
763 4921 992 4976 τοῦτον·
1027 4922 1154 4986 δόξα
1186 4940 1292 4990 σοι,
1349 4924 1549 4995 Ἰησοῦ,
1580 4923 1656 4996 τῷ
1691 4926 1856 4979 εἰδότι

271 5022 374 5088 τὴν
427 5013 726 5086 ἀσθένειαν
777 5013 880 5085 τῆς
931 5015 1134 5085 σαρκὸς
1178 5015 1341 5086 ἡμῶν
1377 5017 1475 5069 καὶ
1495 5016 1638 5068 δόντι
1678 5033 1769 5086 μοι
1803 5018 1862 5070 ὲν

271 5112 398 5174 ταις
435 5105 696 5184 βασάνοις
734 5107 842 5178 τὴν
891 5105 1193 5180 ὑπομονήν.
1262 5106 1418 5161 Ἐπεὶ
1469 5107 1563 5160 οὖν
1613 5107 1861 5178 βλέπεις,

270 5201 452 5274 Κύριε
479 5217 610 5272 μου,
639 5198 825 5256 πολλὰ
869 5202 940 5256 τὰ
1003 5199 1298 5270 συνέχοντα
1329 5217 1398 5272 με
1445 5202 1589 5256 κακὰ
1637 5203 1733 5255 καὶ
1766 5201 1860 5256 τοῦ

271 5295 501 5367 μόλλειν
524 5294 844 5366 ἐκδημῆσαι
865 5292 967 5363 τὴν
987 5293 1169 5365 ψυχήν
1197 5311 1301 5363 μου
1329 5294 1439 5347 ἀπὸ
1467 5293 1562 5347 τοῦ
1586 5292 1860 5364 σώματος,

271 5390 438 5455 αὐτὸς
465 5389 580 5455 οὖν,
611 5391 863 5442 Δέσποτα
895 5385 1091 5456 Κύριε,
1127 5385 1450 5440 ἀπόστειλον
1473 5385 1706 5455 ἄγγελον
1730 5390 1866 5458 πρός

276 5501 345 5554 με
386 5482 708 5555 ῐαματικδν,
745 5477 978 5548 ἱώμενόν
1015 5496 1082 5549 με
1110 5478 1219 5532 ἀπὸ
1251 5479 1360 5533 τῶν
1391 5481 1766 5549 περιεχουσῶν
1796 5497 1864 5550 με

185 5589 206 5610 ⁹
273 5579 480 5634 ὀδυνῶν
512 5579 609 5631 καὶ
639 5573 930 5644 ἀναγκῶν,
950 5578 1046 5626 καὶ
1080 5573 1338 5626 κέλευσον
1362 5572 1771 5643 καταξιωθῆναί
1795 5590 1864 5643 με

273 5676 374 5745 ιῖιρ
403 5672 605 5743 δήποτε
638 5668 832 5742 τρόπῳ
867 5669 1028 5736 μόνον
1060 5666 1335 5736 ἀποφάσει
1362 5665 1620 5721 δικαστοῦ
1649 5667 1866 5720 τελειω-

313 5857 334 5889 ·
363 5852 552 5912 ﬂanti.
590 5869 646 5922 ς,
676 5853 765 5907 t9.

1967 4653 2022 4701 et
2058 4659 2144 4699 me
2179 4645 2232 4699 in
2267 4643 2503 4714 peccatis
2535 4641 2830 4704 viventem,
2867 4641 2934 4694 ad
2963 4641 3102 4693 hanc
3151 4645 3355 4692 sortem
3395 4645 3539 4688 tuam

1969 4731 2176 4788 vocasti
2205 4733 2407 4802 :gtoria
2437 4730 2557 4796 tibi,
2580 4727 2851 4798 Jesuyqui
2886 4737 3083 4783 nostra:
3109 4725 3290 4782 carnis
3318 4724 3543 4780 iulirmi-

1971 4837 2137 4882 tatem
2169 4826 2396 4890 novisti,
2426 4835 2478 4880 et
2511 4835 2570 4879 ut
2618 4832 2884 4876 tormenta
2921 4820 3138 4876 fortiter
3174 4818 3396 4882 ferrem,
3448 4832 3544 4888 pa-

1971 4918 2216 4976 tientiam
2253 4917 2384 4972 mihi
2412 4915 2712 4987 pmbuisti.
2741 4914 3008 4980 Quoniam
3046 4912 3211 4984 igitur
3259 4911 3432 4976 vides,
3468 4908 3540 4963 mi

1967 5011 2212 5074 Domine,
2241 5009 2425 5065 multis
2458 5007 2613 5062 malis
2639 5022 2725 5062 me
2750 5019 3092 5076 oppressum,
3140 5003 3212 5057 ita
3259 5009 3320 5056 ut
3361 5001 3542 5055 anima

1969 5106 2082 5174 ipsa
2113 5119 2144 5158 e
2173 5115 2401 5172 corpore
2447 5114 2568 5156 meo
2609 5113 2901 5154 excessura
2961 5097 3227 5161 videatur,
3289 5103 3343 5150 tu
3407 5094 3540 5163 ipse,

1971 5197 2219 5264 Domine,
2251 5198 2404 5250 mitte
2434 5192 2710 5264 angelum,
2743 5193 2834 5261 qui
2871 5204 2957 5244 me
2985 5200 3161 5252 curet,
3199 5198 3254 5244 et
3285 5189 3353 5243 ab
3375 5203 3544 5256 angu-

1975 5291 2118 5354 stiis,
2143 5287 2338 5360 quibus
2360 5286 2661 5356 opprimor,
2691 5298 2776 5337 me
2796 5291 2946 5337 sanet
2973 5297 2990 5348 ;
3025 5297 3090 5336 ac
3125 5280 3262 5336 velis
3283 5280 3413 5333 mihi
3443 5280 3542 5332 hoc

1967 5382 2288 5444 concedere,
2318 5389 2371 5432 ut
2396 5391 2719 5449 quacunque
2747 5375 2978 5438 ratione,
3011 5371 3168 5427 tnodo
3193 5370 3399 5440 judicis
3417 5385 3542 5423 sen-

1970 5473 2138 5528 tentia
2179 5473 2461 5527 decretum
2490 5469 2584 5534 sit,
2612 5466 2930 5537 martyrium
2960 5462 3288 5532 compleant,
3318 5470 3374 5514 et
3401 5460 3541 5528 apud

1970 5581 2020 5625 te
2057 5568 2182 5623 sim.
2213 5565 2350 5621 Cum
2392 5566 2464 5619 ita
2499 5564 2666 5618 Deum
2703 5567 2908 5622 oraret,
2934 5572 3036 5612 vos
3069 5569 3102 5612 e
3129 5555 3272 5608 nube
3310 5555 3542 5607 demissa

1968 5671 2053 5720 est
2088 5661 2227 5731 (erat
2251 5659 2396 5714 enim
2433 5670 2528 5713 acr
2575 5655 2690 5725 ipse
2737 5649 2971 5710 nubibus
3004 5647 3306 5718 contectus)
3341 5663 3357 5702 :
3394 5643 3543 5711 Esto,
