  <div class='ocr_page' id='page_1' title='image "/cluster/home/n/w/nwhite01/storage/ocr_20150623/115:no.2/coo.31924054870195/125.png"; bbox 0 0 4010 6466; ppageno 0'>
   <div class='ocr_carea' id='block_1_1' title="bbox 452 354 572 423">
    <p class='ocr_par' dir='ltr' id='par_1_1' title="bbox 452 354 572 423">
     <span class='ocr_line' id='line_1_1' title="bbox 452 354 572 423; baseline -0.008 0"><span class='ocrx_word' id='word_1_1' title='bbox 452 354 572 423; x_wconf 70' lang='grc' dir='ltr'><strong>-Ξ35</strong></span> 
     </span>
    </p>
   </div>
   <div class='ocr_carea' id='block_1_2' title="bbox 1775 362 2372 425">
    <p class='ocr_par' dir='ltr' id='par_1_2' title="bbox 1775 362 2372 425">
     <span class='ocr_line' id='line_1_2' title="bbox 1775 362 2372 425; baseline 0.005 -4"><span class='ocrx_word' id='word_1_2' title='bbox 1775 362 2060 423; x_wconf 75' lang='lat' dir='ltr'><strong>MENSIS</strong></span> <span class='ocrx_word' id='word_1_3' title='bbox 2106 364 2372 425; x_wconf 74' lang='lat' dir='ltr'><strong>MAIUS.</strong></span> 
     </span>
    </p>
   </div>
   <div class='ocr_carea' id='block_1_3' title="bbox 3606 356 3727 421">
    <p class='ocr_par' dir='ltr' id='par_1_3' title="bbox 3606 356 3727 421">
     <span class='ocr_line' id='line_1_3' title="bbox 3606 356 3727 421; baseline 0 -1"><span class='ocrx_word' id='word_1_4' title='bbox 3606 356 3727 421; x_wconf 77' lang='lat'><strong>2&#39;36</strong></span> 
     </span>
    </p>
   </div>
   <div class='ocr_carea' id='block_1_4' title="bbox 448 452 2047 545">
    <p class='ocr_par' dir='ltr' id='par_1_4' title="bbox 448 452 2039 543">
     <span class='ocr_line' id='line_1_4' title="bbox 448 452 2039 543; baseline -0.001 -15"><span class='ocrx_word' id='word_1_5' title='bbox 448 452 639 528; x_wconf 61' lang='lat' dir='ltr'><strong>incum</strong></span> <span class='ocrx_word' id='word_1_6' title='bbox 672 478 873 543; x_wconf 73' lang='lat' dir='ltr'><strong>praesto</strong></span> <span class='ocrx_word' id='word_1_7' title='bbox 900 476 985 526; x_wconf 86' lang='lat' dir='ltr'><strong>est</strong></span> <span class='ocrx_word' id='word_1_8' title='bbox 1014 483 1028 525; x_wconf 91' lang='lat'><strong>:</strong></span> <span class='ocrx_word' id='word_1_9' title='bbox 1061 476 1383 542; x_wconf 84' lang='lat' dir='ltr'><strong>potestatem</strong></span> <span class='ocrx_word' id='word_1_10' title='bbox 1414 472 1583 528; x_wconf 87' lang='lat' dir='ltr'><strong>habes</strong></span> <span class='ocrx_word' id='word_1_11' title='bbox 1608 491 1621 528; x_wconf 88' lang='lat'><strong>:</strong></span> <span class='ocrx_word' id='word_1_12' title='bbox 1656 487 1840 543; x_wconf 72' lang='lat' dir='ltr'><strong>qumso</strong></span> <span class='ocrx_word' id='word_1_13' title='bbox 1870 468 2039 527; x_wconf 81' lang='lat' dir='ltr'><strong>facias</strong></span> 
     </span>
    </p>
   </div>
   <div class='ocr_carea' id='block_1_5' title="bbox 2151 452 3740 545">
    <p class='ocr_par' dir='ltr' id='par_1_5' title="bbox 2151 464 3740 545">
     <span class='ocr_line' id='line_1_5' title="bbox 2151 464 3740 545; baseline -0.001 -19"><span class='ocrx_word' id='word_1_14' title='bbox 2151 464 2349 544; x_wconf 77' lang='grc' dir='ltr'><strong>ροῦμεν</strong></span> <span class='ocrx_word' id='word_1_15' title='bbox 2379 471 2488 542; x_wconf 81' lang='grc' dir='ltr'><strong>γὰρ</strong></span> <span class='ocrx_word' id='word_1_16' title='bbox 2514 470 2832 537; x_wconf 76' lang='grc' dir='ltr'><strong>πλειστάκις</strong></span> <span class='ocrx_word' id='word_1_17' title='bbox 2863 469 3395 545; x_wconf 68' lang='grc' dir='ltr'>λαμπροφοροῦντάς</span> <span class='ocrx_word' id='word_1_18' title='bbox 3418 487 3590 537; x_wconf 88' lang='grc' dir='ltr'>τινας,</span> <span class='ocrx_word' id='word_1_19' title='bbox 3617 467 3740 525; x_wconf 80' lang='grc' dir='ltr'>ώσ-</span> 
     </span>
    </p>
   </div>
   <div class='ocr_carea' id='block_1_6' title="bbox 461 559 2035 635">
    <p class='ocr_par' dir='ltr' id='par_1_6' title="bbox 461 559 2035 635">
     <span class='ocr_line' id='line_1_6' title="bbox 461 559 2035 635; baseline 0.002 -20"><span class='ocrx_word' id='word_1_20' title='bbox 461 562 726 634; x_wconf 87' lang='lat' dir='ltr'><strong>quidquid</strong></span> <span class='ocrx_word' id='word_1_21' title='bbox 791 563 894 616; x_wconf 81' lang='lat' dir='ltr'><strong>vis.</strong></span> <span class='ocrx_word' id='word_1_22' title='bbox 959 559 1290 617; x_wconf 80' lang='lat' dir='ltr'><strong>Videbamus</strong></span> <span class='ocrx_word' id='word_1_23' title='bbox 1330 564 1473 617; x_wconf 89' lang='lat' dir='ltr'><strong>enim</strong></span> <span class='ocrx_word' id='word_1_24' title='bbox 1527 566 1723 633; x_wconf 63' lang='lat' dir='ltr'><strong>saepius</strong></span> <span class='ocrx_word' id='word_1_25' title='bbox 1776 565 2035 635; x_wconf 89' lang='lat' dir='ltr'><strong>quosdam</strong></span> 
     </span>
    </p>
   </div>
   <div class='ocr_carea' id='block_1_7' title="bbox 444 654 2037 727">
    <p class='ocr_par' dir='ltr' id='par_1_7' title="bbox 444 654 2037 727">
     <span class='ocr_line' id='line_1_7' title="bbox 444 654 2037 727; baseline 0.004 -20"><span class='ocrx_word' id='word_1_26' title='bbox 444 660 613 711; x_wconf 81' lang='lat' dir='ltr'><strong>‘veste</strong></span> <span class='ocrx_word' id='word_1_27' title='bbox 662 654 941 725; x_wconf 78' lang='lat' dir='ltr'><strong>Splendida</strong></span> <span class='ocrx_word' id='word_1_28' title='bbox 1000 663 1222 711; x_wconf 86' lang='lat' dir='ltr'><strong>ornatos</strong></span> <span class='ocrx_word' id='word_1_29' title='bbox 1279 658 1504 723; x_wconf 89' lang='lat' dir='ltr'><strong>milites,</strong></span> <span class='ocrx_word' id='word_1_30' title='bbox 1534 658 1779 727; x_wconf 86' lang='lat' dir='ltr'><strong>aliosque</strong></span> <span class='ocrx_word' id='word_1_31' title='bbox 1815 658 2037 713; x_wconf 84' lang='lat' dir='ltr'><strong>urbanis</strong></span> 
     </span>
    </p>
   </div>
   <div class='ocr_carea' id='block_1_8' title="bbox 454 746 2035 816">
    <p class='ocr_par' dir='ltr' id='par_1_8' title="bbox 454 746 2035 816">
     <span class='ocr_line' id='line_1_8' title="bbox 454 746 2035 816; baseline 0.002 -16"><span class='ocrx_word' id='word_1_32' title='bbox 454 749 611 810; x_wconf 81' lang='lat' dir='ltr'><strong>‘viris,</strong></span> <span class='ocrx_word' id='word_1_33' title='bbox 664 749 798 801; x_wconf 89' lang='lat' dir='ltr'><strong>alios</strong></span> <span class='ocrx_word' id='word_1_34' title='bbox 842 746 1011 801; x_wconf 82' lang='lat' dir='ltr'><strong>Medis</strong></span> <span class='ocrx_word' id='word_1_35' title='bbox 1051 747 1375 816; x_wconf 85' lang='lat' dir='ltr'><strong>quibusdam</strong></span> <span class='ocrx_word' id='word_1_36' title='bbox 1419 749 1627 803; x_wconf 84' lang='lat' dir='ltr'><strong>similes</strong></span> <span class='ocrx_word' id='word_1_37' title='bbox 1684 764 1805 803; x_wconf 84' lang='lat' dir='ltr'><strong>esse</strong></span> <span class='ocrx_word' id='word_1_38' title='bbox 1848 763 2035 803; x_wconf 87' lang='lat' dir='ltr'><strong>cense-</strong></span> 
     </span>
    </p>
   </div>
   <div class='ocr_carea' id='block_1_9' title="bbox 452 838 2039 912">
    <p class='ocr_par' dir='ltr' id='par_1_9' title="bbox 452 838 2039 912">
     <span class='ocr_line' id='line_1_9' title="bbox 452 838 2039 912; baseline 0.001 -19"><span class='ocrx_word' id='word_1_39' title='bbox 452 839 671 905; x_wconf 82' lang='lat' dir='ltr'><strong>batnus,</strong></span> <span class='ocrx_word' id='word_1_40' title='bbox 708 838 798 908; x_wconf 90' lang='lat' dir='ltr'><strong>qui</strong></span> <span class='ocrx_word' id='word_1_41' title='bbox 841 854 945 894; x_wconf 91' lang='lat' dir='ltr'><strong>una</strong></span> <span class='ocrx_word' id='word_1_42' title='bbox 979 855 1101 895; x_wconf 87' lang='lat' dir='ltr'><strong>cum</strong></span> <span class='ocrx_word' id='word_1_43' title='bbox 1133 841 1251 909; x_wconf 90' lang='lat' dir='ltr'><strong>ipso</strong></span> <span class='ocrx_word' id='word_1_44' title='bbox 1275 840 1658 906; x_wconf 90' lang='lat' dir='ltr'><strong>versabantur,</strong></span> <span class='ocrx_word' id='word_1_45' title='bbox 1690 841 1890 912; x_wconf 82' lang='lat' dir='ltr'><strong>quique</strong></span> <span class='ocrx_word' id='word_1_46' title='bbox 1919 841 2039 912; x_wconf 85' lang='lat' dir='ltr'><strong>ejus</strong></span> 
     </span>
    </p>
   </div>
   <div class='ocr_carea' id='block_1_10' title="bbox 443 931 2041 1003">
    <p class='ocr_par' dir='ltr' id='par_1_10' title="bbox 443 931 2041 1003">
     <span class='ocr_line' id='line_1_10' title="bbox 443 931 2041 1003; baseline 0.002 -20"><span class='ocrx_word' id='word_1_47' title='bbox 443 931 680 985; x_wconf 79' lang='lat' dir='ltr'><strong>&#39;vulnera</strong></span> <span class='ocrx_word' id='word_1_48' title='bbox 711 932 1001 998; x_wconf 87' lang='lat' dir='ltr'><strong>curabant,</strong></span> <span class='ocrx_word' id='word_1_49' title='bbox 1037 942 1093 986; x_wconf 87' lang='lat' dir='ltr'><strong>et</strong></span> <span class='ocrx_word' id='word_1_50' title='bbox 1127 931 1417 1002; x_wconf 77' lang='lat' dir='ltr'><strong>diligenter</strong></span> <span class='ocrx_word' id='word_1_51' title='bbox 1448 933 1858 1003; x_wconf 86' lang='lat' dir='ltr'><strong>abstergebant,</strong></span> <span class='ocrx_word' id='word_1_52' title='bbox 1902 932 2041 986; x_wconf 92' lang='lat' dir='ltr'><strong>mul-</strong></span> 
     </span>
    </p>
   </div>
   <div class='ocr_carea' id='block_1_11' title="bbox 464 1020 2037 1092">
    <p class='ocr_par' dir='ltr' id='par_1_11' title="bbox 464 1020 2037 1092">
     <span class='ocr_line' id='line_1_11' title="bbox 464 1020 2037 1092; baseline 0.003 -19"><span class='ocrx_word' id='word_1_53' title='bbox 464 1023 642 1091; x_wconf 88' lang='lat' dir='ltr'><strong>tisque</strong></span> <span class='ocrx_word' id='word_1_54' title='bbox 673 1022 891 1077; x_wconf 88' lang='lat' dir='ltr'><strong>cibariis</strong></span> <span class='ocrx_word' id='word_1_55' title='bbox 926 1020 1245 1092; x_wconf 75' lang='lat' dir='ltr'><strong>propositis,</strong></span> <span class='ocrx_word' id='word_1_56' title='bbox 1274 1038 1378 1076; x_wconf 89' lang='lat' dir='ltr'><strong>una</strong></span> <span class='ocrx_word' id='word_1_57' title='bbox 1404 1038 1529 1078; x_wconf 89' lang='lat' dir='ltr'><strong>cum</strong></span> <span class='ocrx_word' id='word_1_58' title='bbox 1561 1038 1627 1078; x_wconf 89' lang='lat' dir='ltr'><strong>eo</strong></span> <span class='ocrx_word' id='word_1_59' title='bbox 1656 1022 2037 1079; x_wconf 84' lang='lat' dir='ltr'><strong>vescebantur.</strong></span> 
     </span>
    </p>
   </div>
   <div class='ocr_carea' id='block_1_12' title="bbox 447 1111 2039 1184">
    <p class='ocr_par' dir='ltr' id='par_1_12' title="bbox 447 1111 2039 1184">
     <span class='ocr_line' id='line_1_12' title="bbox 447 1111 2039 1184; baseline 0.001 -16"><span class='ocrx_word' id='word_1_60' title='bbox 447 1111 592 1168; x_wconf 68' lang='lat' dir='ltr'><strong>&#39;liaec</strong></span> <span class='ocrx_word' id='word_1_61' title='bbox 624 1114 808 1168; x_wconf 88' lang='lat' dir='ltr'><strong>omnia</strong></span> <span class='ocrx_word' id='word_1_62' title='bbox 867 1113 1143 1180; x_wconf 82' lang='lat' dir='ltr'><strong>homines,</strong></span> <span class='ocrx_word' id='word_1_63' title='bbox 1204 1114 1295 1184; x_wconf 88' lang='lat' dir='ltr'><strong>qui</strong></span> <span class='ocrx_word' id='word_1_64' title='bbox 1348 1130 1415 1170; x_wconf 81' lang='lat' dir='ltr'><strong>ex</strong></span> <span class='ocrx_word' id='word_1_65' title='bbox 1474 1115 1611 1170; x_wconf 84' lang='lat' dir='ltr'><strong>urbe</strong></span> <span class='ocrx_word' id='word_1_66' title='bbox 1643 1113 1906 1171; x_wconf 88' lang='lat' dir='ltr'><strong>Perintho</strong></span> <span class='ocrx_word' id='word_1_67' title='bbox 1935 1130 2039 1170; x_wconf 90' lang='lat' dir='ltr'><strong>una</strong></span> 
     </span>
    </p>
   </div>
   <div class='ocr_carea' id='block_1_13' title="bbox 462 1207 2038 1273">
    <p class='ocr_par' dir='ltr' id='par_1_13' title="bbox 462 1207 2038 1273">
     <span class='ocr_line' id='line_1_13' title="bbox 462 1207 2038 1273; baseline 0.002 -14"><span class='ocrx_word' id='word_1_68' title='bbox 462 1222 587 1261; x_wconf 87' lang='lat' dir='ltr'><strong>eum</strong></span> <span class='ocrx_word' id='word_1_69' title='bbox 615 1221 681 1262; x_wconf 90' lang='lat' dir='ltr'><strong>eo</strong></span> <span class='ocrx_word' id='word_1_70' title='bbox 715 1207 883 1261; x_wconf 86' lang='lat' dir='ltr'><strong>vincti</strong></span> <span class='ocrx_word' id='word_1_71' title='bbox 919 1207 1068 1262; x_wconf 90' lang='lat' dir='ltr'><strong>ducti</strong></span> <span class='ocrx_word' id='word_1_72' title='bbox 1103 1216 1251 1273; x_wconf 90' lang='lat' dir='ltr'><strong>sunt,</strong></span> <span class='ocrx_word' id='word_1_73' title='bbox 1285 1217 1395 1262; x_wconf 92' lang='lat' dir='ltr'><strong>tum</strong></span> <span class='ocrx_word' id='word_1_74' title='bbox 1432 1207 1486 1262; x_wconf 91' lang='lat' dir='ltr'><strong>in</strong></span> <span class='ocrx_word' id='word_1_75' title='bbox 1517 1209 1626 1273; x_wconf 89' lang='lat' dir='ltr'><strong>via,</strong></span> <span class='ocrx_word' id='word_1_76' title='bbox 1655 1217 1767 1263; x_wconf 90' lang='lat' dir='ltr'><strong>tum</strong></span> <span class='ocrx_word' id='word_1_77' title='bbox 1805 1208 1891 1264; x_wconf 87' lang='lat' dir='ltr'><strong>hic</strong></span> <span class='ocrx_word' id='word_1_78' title='bbox 1914 1224 2038 1264; x_wconf 88' lang='lat' dir='ltr'><strong>cum</strong></span> 
     </span>
    </p>
   </div>
   <div class='ocr_carea' id='block_1_14' title="bbox 462 1298 2039 1370">
    <p class='ocr_par' dir='ltr' id='par_1_14' title="bbox 462 1298 2039 1370">
     <span class='ocr_line' id='line_1_14' title="bbox 462 1298 2039 1370; baseline -0.001 -18"><span class='ocrx_word' id='word_1_79' title='bbox 462 1299 661 1367; x_wconf 60' lang='lat' dir='ltr'><strong>saepius</strong></span> <span class='ocrx_word' id='word_1_80' title='bbox 704 1298 992 1364; x_wconf 76' lang='lat' dir='ltr'><strong>vidissent,</strong></span> <span class='ocrx_word' id='word_1_81' title='bbox 1023 1299 1155 1354; x_wconf 89' lang='lat' dir='ltr'><strong>mihi</strong></span> <span class='ocrx_word' id='word_1_82' title='bbox 1185 1298 1487 1354; x_wconf 88' lang='lat' dir='ltr'><strong>retulerunt</strong></span> <span class='ocrx_word' id='word_1_83' title='bbox 1526 1315 1542 1356; x_wconf 88' lang='lat'><strong>:</strong></span> <span class='ocrx_word' id='word_1_84' title='bbox 1575 1299 1650 1354; x_wconf 87' lang='lat' dir='ltr'><strong>ita</strong></span> <span class='ocrx_word' id='word_1_85' title='bbox 1684 1310 1744 1353; x_wconf 89' lang='lat' dir='ltr'><strong>ut</strong></span> <span class='ocrx_word' id='word_1_86' title='bbox 1765 1314 1886 1370; x_wconf 93' lang='lat' dir='ltr'><strong>ego,</strong></span> <span class='ocrx_word' id='word_1_87' title='bbox 1918 1313 2039 1353; x_wconf 88' lang='lat' dir='ltr'><strong>cum</strong></span> 
     </span>
    </p>
   </div>
   <div class='ocr_carea' id='block_1_15' title="bbox 464 1390 2044 1459">
    <p class='ocr_par' dir='ltr' id='par_1_15' title="bbox 464 1390 2044 1459">
     <span class='ocr_line' id='line_1_15' title="bbox 464 1390 2044 1459; baseline 0.003 -17"><span class='ocrx_word' id='word_1_88' title='bbox 464 1390 596 1459; x_wconf 82' lang='lat' dir='ltr'><strong>ipsis</strong></span> <span class='ocrx_word' id='word_1_89' title='bbox 633 1404 739 1444; x_wconf 87' lang='lat' dir='ltr'><strong>non</strong></span> <span class='ocrx_word' id='word_1_90' title='bbox 774 1390 1080 1456; x_wconf 88' lang='lat' dir='ltr'><strong>crederem,</strong></span> <span class='ocrx_word' id='word_1_91' title='bbox 1113 1399 1167 1445; x_wconf 88' lang='lat' dir='ltr'><strong>et</strong></span> <span class='ocrx_word' id='word_1_92' title='bbox 1199 1406 1386 1446; x_wconf 87' lang='lat' dir='ltr'><strong>verum</strong></span> <span class='ocrx_word' id='word_1_93' title='bbox 1412 1391 1558 1446; x_wconf 90' lang='lat' dir='ltr'><strong>seire</strong></span> <span class='ocrx_word' id='word_1_94' title='bbox 1586 1404 1866 1459; x_wconf 87' lang='lat' dir='ltr'><strong>cuperem,</strong></span> <span class='ocrx_word' id='word_1_95' title='bbox 1906 1391 2044 1446; x_wconf 89' lang='lat' dir='ltr'><strong>meis</strong></span> 
     </span>
    </p>
   </div>
   <div class='ocr_carea' id='block_1_16' title="bbox 450 1480 2040 1553">
    <p class='ocr_par' dir='ltr' id='par_1_16' title="bbox 450 1480 2040 1553">
     <span class='ocr_line' id='line_1_16' title="bbox 450 1480 2040 1553; baseline 0.001 -19"><span class='ocrx_word' id='word_1_96' title='bbox 450 1481 634 1536; x_wconf 84' lang='lat' dir='ltr'><strong>oculis</strong></span> <span class='ocrx_word' id='word_1_97' title='bbox 669 1480 867 1537; x_wconf 88' lang='lat' dir='ltr'><strong>videns</strong></span> <span class='ocrx_word' id='word_1_98' title='bbox 891 1484 948 1537; x_wconf 84' lang='lat' dir='ltr'><strong>id</strong></span> <span class='ocrx_word' id='word_1_99' title='bbox 983 1483 1350 1553; x_wconf 80' lang='lat' dir='ltr'><strong>cognoverim.</strong></span> <span class='ocrx_word' id='word_1_100' title='bbox 1377 1482 1448 1536; x_wconf 86' lang='lat' dir='ltr'><strong>At</strong></span> <span class='ocrx_word' id='word_1_101' title='bbox 1470 1482 1515 1538; x_wconf 87' lang='lat' dir='ltr'><strong>si</strong></span> <span class='ocrx_word' id='word_1_102' title='bbox 1539 1483 1757 1552; x_wconf 85' lang='lat' dir='ltr'><strong>quando</strong></span> <span class='ocrx_word' id='word_1_103' title='bbox 1797 1490 2040 1551; x_wconf 87' lang='lat' dir='ltr'><strong>repente,</strong></span> 
     </span>
    </p>
   </div>
   <div class='ocr_carea' id='block_1_17' title="bbox 476 1571 2045 1642">
    <p class='ocr_par' dir='ltr' id='par_1_17' title="bbox 476 1571 2045 1642">
     <span class='ocr_line' id='line_1_17' title="bbox 476 1571 2045 1642; baseline -0.001 -16"><span class='ocrx_word' id='word_1_104' title='bbox 476 1590 600 1626; x_wconf 82' lang='lat' dir='ltr'><strong>cum</strong></span> <span class='ocrx_word' id='word_1_105' title='bbox 646 1572 759 1626; x_wconf 74' lang='lat' dir='ltr'><strong>haec</strong></span> <span class='ocrx_word' id='word_1_106' title='bbox 784 1580 1111 1641; x_wconf 76' lang='lat' dir='ltr'><strong>spectarem,</strong></span> <span class='ocrx_word' id='word_1_107' title='bbox 1147 1571 1353 1642; x_wconf 78' lang='lat' dir='ltr'><strong>ingredi</strong></span> <span class='ocrx_word' id='word_1_108' title='bbox 1381 1573 1446 1625; x_wconf 87' lang='lat' dir='ltr'><strong>ad</strong></span> <span class='ocrx_word' id='word_1_109' title='bbox 1477 1586 1601 1628; x_wconf 90' lang='lat' dir='ltr'><strong>eum</strong></span> <span class='ocrx_word' id='word_1_110' title='bbox 1637 1571 1950 1639; x_wconf 82' lang='lat' dir='ltr'><strong>voluissem,</strong></span> <span class='ocrx_word' id='word_1_111' title='bbox 1989 1581 2045 1626; x_wconf 87' lang='lat' dir='ltr'><strong>et</strong></span> 
     </span>
    </p>
   </div>
   <div class='ocr_carea' id='block_1_18' title="bbox 465 1660 2045 1730">
    <p class='ocr_par' dir='ltr' id='par_1_18' title="bbox 465 1660 2045 1730">
     <span class='ocr_line' id='line_1_18' title="bbox 465 1660 2045 1730; baseline 0.004 -19"><span class='ocrx_word' id='word_1_112' title='bbox 465 1662 531 1714; x_wconf 82' lang='lat' dir='ltr'><strong>ui)</strong></span> <span class='ocrx_word' id='word_1_113' title='bbox 559 1662 667 1716; x_wconf 84' lang='lat' dir='ltr'><strong>illis</strong></span> <span class='ocrx_word' id='word_1_114' title='bbox 699 1676 944 1730; x_wconf 80' lang='lat' dir='ltr'><strong>quaerere</strong></span> <span class='ocrx_word' id='word_1_115' title='bbox 988 1660 1258 1716; x_wconf 87' lang='lat' dir='ltr'><strong>undenam</strong></span> <span class='ocrx_word' id='word_1_116' title='bbox 1292 1661 1421 1715; x_wconf 89' lang='lat' dir='ltr'><strong>illuc</strong></span> <span class='ocrx_word' id='word_1_117' title='bbox 1448 1662 1677 1730; x_wconf 85' lang='lat' dir='ltr'><strong>ingressi</strong></span> <span class='ocrx_word' id='word_1_118' title='bbox 1707 1673 1916 1729; x_wconf 89' lang='lat' dir='ltr'><strong>essent,</strong></span> <span class='ocrx_word' id='word_1_119' title='bbox 1950 1674 2045 1717; x_wconf 90' lang='lat' dir='ltr'><strong>aut</strong></span> 
     </span>
    </p>
   </div>
   <div class='ocr_carea' id='block_1_19' title="bbox 464 1750 2039 1823">
    <p class='ocr_par' dir='ltr' id='par_1_19' title="bbox 464 1750 2039 1823">
     <span class='ocr_line' id='line_1_19' title="bbox 464 1750 2039 1823; baseline 0.004 -20"><span class='ocrx_word' id='word_1_120' title='bbox 464 1754 686 1819; x_wconf 83' lang='lat' dir='ltr'><strong>quinam</strong></span> <span class='ocrx_word' id='word_1_121' title='bbox 723 1750 904 1806; x_wconf 76' lang='lat' dir='ltr'><strong>forent</strong></span> <span class='ocrx_word' id='word_1_122' title='bbox 954 1752 1053 1819; x_wconf 92' lang='lat' dir='ltr'><strong>illi,</strong></span> <span class='ocrx_word' id='word_1_123' title='bbox 1092 1767 1228 1821; x_wconf 89' lang='lat' dir='ltr'><strong>quos</strong></span> <span class='ocrx_word' id='word_1_124' title='bbox 1260 1766 1365 1805; x_wconf 88' lang='lat' dir='ltr'><strong>una</strong></span> <span class='ocrx_word' id='word_1_125' title='bbox 1418 1766 1541 1808; x_wconf 90' lang='lat' dir='ltr'><strong>cum</strong></span> <span class='ocrx_word' id='word_1_126' title='bbox 1593 1753 1711 1823; x_wconf 88' lang='lat' dir='ltr'><strong>ipso</strong></span> <span class='ocrx_word' id='word_1_127' title='bbox 1764 1755 2039 1823; x_wconf 81' lang='lat' dir='ltr'><strong>vidissent,</strong></span> 
     </span>
    </p>
   </div>
   <div class='ocr_carea' id='block_1_20' title="bbox 2142 560 3737 635">
    <p class='ocr_par' dir='ltr' id='par_1_20' title="bbox 2142 560 3737 635">
     <span class='ocr_line' id='line_1_20' title="bbox 2142 560 3737 635; baseline 0.001 -22"><span class='ocrx_word' id='word_1_128' title='bbox 2142 577 2249 631; x_wconf 90' lang='grc' dir='ltr'><strong>περ</strong></span> <span class='ocrx_word' id='word_1_129' title='bbox 2281 560 2647 632; x_wconf 84' lang='grc' dir='ltr'>στρατιώτας,</span> <span class='ocrx_word' id='word_1_130' title='bbox 2682 564 2779 617; x_wconf 73' lang='grc' dir='ltr'><strong>καὶ</strong></span> <span class='ocrx_word' id='word_1_131' title='bbox 2815 562 3004 627; x_wconf 79' lang='grc' dir='ltr'>ἄλλους</span> <span class='ocrx_word' id='word_1_132' title='bbox 3034 563 3111 626; x_wconf 87' lang='grc' dir='ltr'>ὡς</span> <span class='ocrx_word' id='word_1_133' title='bbox 3152 564 3569 635; x_wconf 72' lang='grc' dir='ltr'>σχολαστικοίις,</span> <span class='ocrx_word' id='word_1_134' title='bbox 3624 563 3737 617; x_wconf 73' lang='grc' dir='ltr'>καὶ</span> 
     </span>
    </p>
   </div>
   <div class='ocr_carea' id='block_1_21' title="bbox 2141 651 3737 725">
    <p class='ocr_par' dir='ltr' id='par_1_21' title="bbox 2141 651 3737 725">
     <span class='ocr_line' id='line_1_21' title="bbox 2141 651 3737 725; baseline 0.003 -21"><span class='ocrx_word' id='word_1_135' title='bbox 2141 652 2363 722; x_wconf 78' lang='grc' dir='ltr'>ἐτέρους</span> <span class='ocrx_word' id='word_1_136' title='bbox 2384 653 2460 717; x_wconf 84' lang='grc' dir='ltr'>ὡς</span> <span class='ocrx_word' id='word_1_137' title='bbox 2492 655 2710 724; x_wconf 75' lang='grc' dir='ltr'>ἰατροὺς</span> <span class='ocrx_word' id='word_1_138' title='bbox 2736 651 2875 707; x_wconf 79' lang='grc' dir='ltr'>εἶναι</span> <span class='ocrx_word' id='word_1_139' title='bbox 2893 655 3240 725; x_wconf 75' lang='grc' dir='ltr'>ἐνομίζομεν,</span> <span class='ocrx_word' id='word_1_140' title='bbox 3265 655 3529 719; x_wconf 80' lang='grc' dir='ltr'><strong>συνόντας</strong></span> <span class='ocrx_word' id='word_1_141' title='bbox 3552 656 3616 709; x_wconf 83' lang='grc' dir='ltr'>αὖ</span> <span class='ocrx_word' id='word_1_142' title='bbox 3626 654 3737 725; x_wconf 80' lang='grc' dir='ltr'>τῷ,</span> 
     </span>
    </p>
   </div>
   <div class='ocr_carea' id='block_1_22' title="bbox 2139 744 3738 817">
    <p class='ocr_par' dir='ltr' id='par_1_22' title="bbox 2139 744 3738 817">
     <span class='ocr_line' id='line_1_22' title="bbox 2139 744 3738 817; baseline 0.001 -20"><span class='ocrx_word' id='word_1_143' title='bbox 2139 744 2237 798; x_wconf 73' lang='grc' dir='ltr'><strong>καὶ</strong></span> <span class='ocrx_word' id='word_1_144' title='bbox 2282 745 2776 815; x_wconf 68' lang='grc' dir='ltr'><strong>ἐπιμελουμένους,</strong></span> <span class='ocrx_word' id='word_1_145' title='bbox 2813 748 2907 800; x_wconf 78' lang='grc' dir='ltr'>καὶ</span> <span class='ocrx_word' id='word_1_146' title='bbox 2960 746 3037 817; x_wconf 83' lang='grc' dir='ltr'>τῷ</span> <span class='ocrx_word' id='word_1_147' title='bbox 3097 745 3252 799; x_wconf 86' lang='grc' dir='ltr'>ὖδατι</span> <span class='ocrx_word' id='word_1_148' title='bbox 3289 746 3738 808; x_wconf 73' lang='grc' dir='ltr'>καταντλοῦντας</span> 
     </span>
    </p>
   </div>
   <div class='ocr_carea' id='block_1_23' title="bbox 2139 834 3733 908">
    <p class='ocr_par' dir='ltr' id='par_1_23' title="bbox 2139 834 3733 908">
     <span class='ocr_line' id='line_1_23' title="bbox 2139 834 3733 908; baseline 0.001 -20"><span class='ocrx_word' id='word_1_149' title='bbox 2139 834 2211 889; x_wconf 83' lang='grc' dir='ltr'>τὰ</span> <span class='ocrx_word' id='word_1_150' title='bbox 2241 836 2536 906; x_wconf 88' lang='grc' dir='ltr'>τραύματα</span> <span class='ocrx_word' id='word_1_151' title='bbox 2577 836 2767 900; x_wconf 79' lang='grc' dir='ltr'>αὑτοῦ,</span> <span class='ocrx_word' id='word_1_152' title='bbox 2791 837 2907 908; x_wconf 76' lang='grc' dir='ltr'><strong>ἅμα</strong></span> <span class='ocrx_word' id='word_1_153' title='bbox 2930 837 2987 890; x_wconf 83' lang='grc' dir='ltr'>δὲ</span> <span class='ocrx_word' id='word_1_154' title='bbox 3018 838 3114 891; x_wconf 74' lang='grc' dir='ltr'>καὶ</span> <span class='ocrx_word' id='word_1_155' title='bbox 3138 837 3520 901; x_wconf 79' lang='grc' dir='ltr'><strong>συνεσθίοντας</strong></span> <span class='ocrx_word' id='word_1_156' title='bbox 3554 837 3733 907; x_wconf 77' lang='grc' dir='ltr'>αὐτῷ,</span> 
     </span>
    </p>
   </div>
   <div class='ocr_carea' id='block_1_24' title="bbox 2139 926 3737 1000">
    <p class='ocr_par' dir='ltr' id='par_1_24' title="bbox 2139 926 3737 1000">
     <span class='ocr_line' id='line_1_24' title="bbox 2139 926 3737 1000; baseline 0.001 -19"><span class='ocrx_word' id='word_1_157' title='bbox 2139 926 2355 981; x_wconf 81' lang='grc' dir='ltr'>πολλῶν</span> <span class='ocrx_word' id='word_1_158' title='bbox 2428 929 2652 996; x_wconf 80' lang='grc' dir='ltr'><strong>ἀγαθῶν</strong></span> <span class='ocrx_word' id='word_1_159' title='bbox 2723 931 3110 1000; x_wconf 74' lang='grc' dir='ltr'><strong>προκειμένων</strong></span> <span class='ocrx_word' id='word_1_160' title='bbox 3163 932 3371 995; x_wconf 75' lang='grc' dir='ltr'>αὐτοῖς.</span> <span class='ocrx_word' id='word_1_161' title='bbox 3436 929 3622 984; x_wconf 80' lang='grc' dir='ltr'>Ταῦτα</span> <span class='ocrx_word' id='word_1_162' title='bbox 3670 930 3737 982; x_wconf 76' lang='grc' dir='ltr'>δὲ</span> 
     </span>
    </p>
   </div>
   <div class='ocr_carea' id='block_1_25' title="bbox 2141 1023 3739 1097">
    <p class='ocr_par' dir='ltr' id='par_1_25' title="bbox 2141 1023 3739 1097">
     <span class='ocr_line' id='line_1_25' title="bbox 2141 1023 3739 1097; baseline 0 -21"><span class='ocrx_word' id='word_1_163' title='bbox 2141 1023 2323 1079; x_wconf 82' lang='grc' dir='ltr'>πάντα</span> <span class='ocrx_word' id='word_1_164' title='bbox 2383 1026 2480 1078; x_wconf 73' lang='grc' dir='ltr'>καὶ</span> <span class='ocrx_word' id='word_1_165' title='bbox 2529 1025 2581 1078; x_wconf 70' lang='grc' dir='ltr'>οἱ</span> <span class='ocrx_word' id='word_1_166' title='bbox 2623 1024 2836 1094; x_wconf 80' lang='grc' dir='ltr'>δέσμιοι</span> <span class='ocrx_word' id='word_1_167' title='bbox 2865 1024 2974 1078; x_wconf 71' lang='grc' dir='ltr'><strong>ἀπὸ</strong></span> <span class='ocrx_word' id='word_1_168' title='bbox 3004 1025 3104 1097; x_wconf 80' lang='grc' dir='ltr'>τῆς</span> <span class='ocrx_word' id='word_1_169' title='bbox 3139 1024 3406 1096; x_wconf 80' lang='grc' dir='ltr'>Περίνθου</span> <span class='ocrx_word' id='word_1_170' title='bbox 3438 1026 3739 1095; x_wconf 81' lang='grc' dir='ltr'>ἐρχόμενοι</span> 
     </span>
    </p>
   </div>
   <div class='ocr_carea' id='block_1_26' title="bbox 2144 1108 3735 1186">
    <p class='ocr_par' dir='ltr' id='par_1_26' title="bbox 2144 1108 3735 1186">
     <span class='ocr_line' id='line_1_26' title="bbox 2144 1108 3735 1186; baseline 0.002 -21"><span class='ocrx_word' id='word_1_171' title='bbox 2144 1115 2264 1183; x_wconf 84' lang='grc' dir='ltr'>μετ’</span> <span class='ocrx_word' id='word_1_172' title='bbox 2295 1113 2460 1167; x_wconf 79' lang='grc' dir='ltr'>αὐτοῦ</span> <span class='ocrx_word' id='word_1_173' title='bbox 2514 1114 2716 1178; x_wconf 72' lang='grc' dir='ltr'>ἰδόντες</span> <span class='ocrx_word' id='word_1_174' title='bbox 2773 1115 2869 1169; x_wconf 81' lang='grc' dir='ltr'><strong>καὶ</strong></span> <span class='ocrx_word' id='word_1_175' title='bbox 2896 1108 2998 1169; x_wconf 75' lang='grc' dir='ltr'>ὧδε</span> <span class='ocrx_word' id='word_1_176' title='bbox 3059 1114 3382 1178; x_wconf 63' lang='grc' dir='ltr'>πλειστάκις</span> <span class='ocrx_word' id='word_1_177' title='bbox 3412 1115 3735 1186; x_wconf 70' lang='grc' dir='ltr'>ἀνήνεγκᾱν</span> 
     </span>
    </p>
   </div>
   <div class='ocr_carea' id='block_1_27' title="bbox 2145 1204 3739 1280">
    <p class='ocr_par' dir='ltr' id='par_1_27' title="bbox 2145 1204 3739 1280">
     <span class='ocr_line' id='line_1_27' title="bbox 2145 1204 3739 1280; baseline 0.001 -23"><span class='ocrx_word' id='word_1_178' title='bbox 2145 1221 2259 1275; x_wconf 85' lang='grc' dir='ltr'>μοι,</span> <span class='ocrx_word' id='word_1_179' title='bbox 2291 1204 2437 1259; x_wconf 83' lang='grc' dir='ltr'>ὥστε</span> <span class='ocrx_word' id='word_1_180' title='bbox 2463 1204 2557 1259; x_wconf 81' lang='grc' dir='ltr'>καὶ</span> <span class='ocrx_word' id='word_1_181' title='bbox 2588 1206 2689 1276; x_wconf 74' lang='grc' dir='ltr'><strong>ἐμὲ</strong></span> <span class='ocrx_word' id='word_1_182' title='bbox 2721 1208 2921 1277; x_wconf 77' lang='grc' dir='ltr'>αὑτοψὶ</span> <span class='ocrx_word' id='word_1_183' title='bbox 2960 1208 3252 1280; x_wconf 80' lang='grc' dir='ltr'>πεισθῆναι</span> <span class='ocrx_word' id='word_1_184' title='bbox 3299 1206 3374 1279; x_wconf 79' lang='grc' dir='ltr'>μὴ</span> <span class='ocrx_word' id='word_1_185' title='bbox 3398 1207 3739 1261; x_wconf 80' lang='grc' dir='ltr'><strong>πιστεύοντα</strong></span> 
     </span>
    </p>
   </div>
   <div class='ocr_carea' id='block_1_28' title="bbox 2143 1299 3742 1372">
    <p class='ocr_par' dir='ltr' id='par_1_28' title="bbox 2143 1299 3742 1372">
     <span class='ocr_line' id='line_1_28' title="bbox 2143 1299 3742 1372; baseline 0.001 -22"><span class='ocrx_word' id='word_1_186' title='bbox 2143 1299 2349 1361; x_wconf 78' lang='grc' dir='ltr'>αὐτοῖς.</span> <span class='ocrx_word' id='word_1_187' title='bbox 2394 1300 2458 1354; x_wconf 62' lang='lat' dir='ltr'><strong>Et</strong></span> <span class='ocrx_word' id='word_1_188' title='bbox 2496 1315 2627 1352; x_wconf 79' lang='grc' dir='ltr'>ποτε</span> <span class='ocrx_word' id='word_1_189' title='bbox 2650 1299 2707 1353; x_wconf 79' lang='grc' dir='ltr'>δὲ</span> <span class='ocrx_word' id='word_1_190' title='bbox 2737 1300 2961 1366; x_wconf 76' lang='grc' dir='ltr'><strong>ἀνοίξας</strong></span> <span class='ocrx_word' id='word_1_191' title='bbox 3017 1300 3117 1372; x_wconf 83' lang='grc' dir='ltr'>τὴν</span> <span class='ocrx_word' id='word_1_192' title='bbox 3167 1302 3413 1370; x_wconf 82' lang='grc' dir='ltr'>κατῆναν</span> <span class='ocrx_word' id='word_1_193' title='bbox 3461 1300 3742 1353; x_wconf 72' lang='grc' dir='ltr'><strong>εἰσελθεῖν</strong></span> 
     </span>
    </p>
   </div>
   <div class='ocr_carea' id='block_1_29' title="bbox 2142 1389 3739 1463">
    <p class='ocr_par' dir='ltr' id='par_1_29' title="bbox 2142 1389 3739 1463">
     <span class='ocr_line' id='line_1_29' title="bbox 2142 1389 3739 1463; baseline 0.001 -21"><span class='ocrx_word' id='word_1_194' title='bbox 2142 1389 2478 1462; x_wconf 73' lang='grc' dir='ltr'>ἠϐουλήθην,</span> <span class='ocrx_word' id='word_1_195' title='bbox 2529 1391 2817 1459; x_wconf 78' lang='grc' dir='ltr'><strong>αἰφνιδίως</strong></span> <span class='ocrx_word' id='word_1_196' title='bbox 2872 1393 3099 1463; x_wconf 84' lang='grc' dir='ltr'>θεωρῶν</span> <span class='ocrx_word' id='word_1_197' title='bbox 3123 1393 3317 1458; x_wconf 84' lang='grc' dir='ltr'>ταῦτα,</span> <span class='ocrx_word' id='word_1_198' title='bbox 3375 1390 3739 1462; x_wconf 77' lang='grc' dir='ltr'>ἐπερωτῆσαι</span> 
     </span>
    </p>
   </div>
   <div class='ocr_carea' id='block_1_30' title="bbox 2143 1482 3741 1557">
    <p class='ocr_par' dir='ltr' id='par_1_30' title="bbox 2143 1482 3741 1557">
     <span class='ocr_line' id='line_1_30' title="bbox 2143 1482 3741 1557; baseline -0.001 -21"><span class='ocrx_word' id='word_1_199' title='bbox 2143 1483 2341 1545; x_wconf 69' lang='grc' dir='ltr'>αὐτοὺς</span> <span class='ocrx_word' id='word_1_200' title='bbox 2384 1482 2696 1553; x_wconf 76' lang='grc' dir='ltr'>βουληθεὶς,</span> <span class='ocrx_word' id='word_1_201' title='bbox 2725 1483 2893 1538; x_wconf 83' lang='grc' dir='ltr'>πόθεν</span> <span class='ocrx_word' id='word_1_202' title='bbox 2920 1484 3031 1555; x_wconf 82' lang='grc' dir='ltr'>ἄρα</span> <span class='ocrx_word' id='word_1_203' title='bbox 3059 1484 3310 1557; x_wconf 71' lang='grc' dir='ltr'>εἰσῆλθον</span> <span class='ocrx_word' id='word_1_204' title='bbox 3341 1485 3374 1555; x_wconf 70' lang='grc' dir='ltr'>ἢ</span> <span class='ocrx_word' id='word_1_205' title='bbox 3414 1485 3563 1548; x_wconf 82' lang='grc' dir='ltr'>τινες</span> <span class='ocrx_word' id='word_1_206' title='bbox 3587 1483 3741 1538; x_wconf 74' lang='grc' dir='ltr'>εἰσὶν</span> 
     </span>
    </p>
   </div>
   <div class='ocr_carea' id='block_1_31' title="bbox 2144 1573 3740 1646">
    <p class='ocr_par' dir='ltr' id='par_1_31' title="bbox 2144 1573 3740 1646">
     <span class='ocr_line' id='line_1_31' title="bbox 2144 1573 3740 1646; baseline 0.001 -19"><span class='ocrx_word' id='word_1_207' title='bbox 2144 1576 2347 1629; x_wconf 76' lang='grc' dir='ltr'>ἐκεῖνοι</span> <span class='ocrx_word' id='word_1_208' title='bbox 2374 1575 2476 1638; x_wconf 81' lang='grc' dir='ltr'><strong>οὓς</strong></span> <span class='ocrx_word' id='word_1_209' title='bbox 2507 1573 2739 1628; x_wconf 75' lang='grc' dir='ltr'>ἔϐλεπον</span> <span class='ocrx_word' id='word_1_210' title='bbox 2776 1575 2896 1646; x_wconf 87' lang='grc' dir='ltr'>μετ’</span> <span class='ocrx_word' id='word_1_211' title='bbox 2925 1575 3115 1642; x_wconf 78' lang='grc' dir='ltr'>αὑτοῦ,</span> <span class='ocrx_word' id='word_1_212' title='bbox 3148 1574 3409 1628; x_wconf 87' lang='grc' dir='ltr'>είσελθὼν</span> <span class='ocrx_word' id='word_1_213' title='bbox 3433 1575 3490 1629; x_wconf 78' lang='grc' dir='ltr'>δὲ</span> <span class='ocrx_word' id='word_1_214' title='bbox 3525 1574 3740 1630; x_wconf 83' lang='grc' dir='ltr'>πολλά-</span> 
     </span>
    </p>
   </div>
   <div class='ocr_carea' id='block_1_32' title="bbox 2143 1665 3743 1739">
    <p class='ocr_par' dir='ltr' id='par_1_32' title="bbox 2143 1665 3743 1739">
     <span class='ocr_line' id='line_1_32' title="bbox 2143 1665 3743 1739; baseline 0.003 -20"><span class='ocrx_word' id='word_1_215' title='bbox 2143 1675 2231 1729; x_wconf 72' lang='grc' dir='ltr'><strong>κις</strong></span> <span class='ocrx_word' id='word_1_216' title='bbox 2267 1666 2405 1735; x_wconf 79' lang='grc' dir='ltr'>πρὸς</span> <span class='ocrx_word' id='word_1_217' title='bbox 2433 1666 2621 1729; x_wconf 79' lang='grc' dir='ltr'>αὐτὸν,</span> <span class='ocrx_word' id='word_1_218' title='bbox 2649 1666 2840 1720; x_wconf 69' lang='grc' dir='ltr'>οὐδένα</span> <span class='ocrx_word' id='word_1_219' title='bbox 2868 1665 2929 1732; x_wconf 74' lang='grc' dir='ltr'><strong>ἐξ</strong></span> <span class='ocrx_word' id='word_1_220' title='bbox 2958 1667 3140 1721; x_wconf 82' lang='grc' dir='ltr'>αὐτῶν</span> <span class='ocrx_word' id='word_1_221' title='bbox 3165 1666 3424 1739; x_wconf 73' lang='grc' dir='ltr'>εὕρισκον</span> <span class='ocrx_word' id='word_1_222' title='bbox 3464 1669 3586 1722; x_wconf 69' lang='grc' dir='ltr'><strong>οὐδὲ</strong></span> <span class='ocrx_word' id='word_1_223' title='bbox 3619 1669 3743 1724; x_wconf 82' lang='grc' dir='ltr'>τῶν</span> 
     </span>
    </p>
   </div>
   <div class='ocr_carea' id='block_1_33' title="bbox 2146 1758 3743 1831">
    <p class='ocr_par' dir='ltr' id='par_1_33' title="bbox 2146 1758 3743 1831">
     <span class='ocr_line' id='line_1_33' title="bbox 2146 1758 3743 1831; baseline 0.003 -21"><span class='ocrx_word' id='word_1_224' title='bbox 2146 1758 2527 1828; x_wconf 72' lang='grc' dir='ltr'>προκειμένων</span> <span class='ocrx_word' id='word_1_225' title='bbox 2570 1760 2757 1823; x_wconf 80' lang='grc' dir='ltr'>αὐτοῖς</span> <span class='ocrx_word' id='word_1_226' title='bbox 2797 1758 3040 1828; x_wconf 78' lang='grc' dir='ltr'>ἀγαθῶν,</span> <span class='ocrx_word' id='word_1_227' title='bbox 3080 1758 3218 1813; x_wconf 81' lang='grc' dir='ltr'>ἀλλὰ</span> <span class='ocrx_word' id='word_1_228' title='bbox 3249 1759 3439 1813; x_wconf 69' lang='grc' dir='ltr'>τοῦτον</span> <span class='ocrx_word' id='word_1_229' title='bbox 3475 1760 3636 1831; x_wconf 88' lang='grc' dir='ltr'>μόνον</span> <span class='ocrx_word' id='word_1_230' title='bbox 3674 1760 3743 1814; x_wconf 71' lang='grc' dir='ltr'>ἓν</span> 
     </span>
    </p>
   </div>
   <div class='ocr_carea' id='block_1_34' title="bbox 462 1819 2047 1922">
    <p class='ocr_par' dir='ltr' id='par_1_34' title="bbox 462 1844 2041 1914">
     <span class='ocr_line' id='line_1_34' title="bbox 462 1844 2041 1914; baseline 0.003 -18"><span class='ocrx_word' id='word_1_231' title='bbox 462 1845 660 1913; x_wconf 67' lang='lat' dir='ltr'><strong>smpius</strong></span> <span class='ocrx_word' id='word_1_232' title='bbox 682 1845 889 1899; x_wconf 90' lang='lat' dir='ltr'><strong>adeum</strong></span> <span class='ocrx_word' id='word_1_233' title='bbox 922 1844 1219 1912; x_wconf 75' lang='lat' dir='ltr'><strong>ingressus,</strong></span> <span class='ocrx_word' id='word_1_234' title='bbox 1250 1857 1425 1912; x_wconf 88' lang='lat' dir='ltr'><strong>neque</strong></span> <span class='ocrx_word' id='word_1_235' title='bbox 1454 1858 1780 1914; x_wconf 88' lang='lat' dir='ltr'><strong>quemquam</strong></span> <span class='ocrx_word' id='word_1_236' title='bbox 1806 1845 2041 1909; x_wconf 88' lang='lat' dir='ltr'><strong>illorum,</strong></span> 
     </span>
    </p>
   </div>
   <div class='ocr_carea' id='block_1_35' title="bbox 2151 1819 3745 1922">
    <p class='ocr_par' dir='ltr' id='par_1_35' title="bbox 2151 1819 3745 1922">
     <span class='ocr_line' id='line_1_35' title="bbox 2151 1819 3745 1922; baseline 0.003 -20"><span class='ocrx_word' id='word_1_237' title='bbox 2151 1819 2224 1917; x_wconf 65' lang='grc' dir='ltr'>τίς,</span> <span class='ocrx_word' id='word_1_238' title='bbox 2258 1819 2400 1920; x_wconf 72' lang='grc' dir='ltr'>ξύλῳ</span> <span class='ocrx_word' id='word_1_239' title='bbox 2430 1819 3067 1922; x_wconf 24' lang='grc' dir='ltr'>τεταμένονγεύγόμενόν</span> <span class='ocrx_word' id='word_1_240' title='bbox 3096 1869 3154 1906; x_wconf 89' lang='grc' dir='ltr'><strong>τε</strong></span> <span class='ocrx_word' id='word_1_241' title='bbox 3187 1853 3282 1906; x_wconf 76' lang='grc' dir='ltr'><strong>καὶ</strong></span> <span class='ocrx_word' id='word_1_242' title='bbox 3323 1819 3614 1920; x_wconf 71' lang='grc' dir='ltr'>δοξάέοντα</span> <span class='ocrx_word' id='word_1_243' title='bbox 3640 1851 3745 1907; x_wconf 78' lang='grc' dir='ltr'><strong>τδν</strong></span> 
     </span>
    </p>
   </div>
   <div class='ocr_carea' id='block_1_36' title="bbox 466 1934 2042 2004">
    <p class='ocr_par' dir='ltr' id='par_1_36' title="bbox 466 1934 2042 2004">
     <span class='ocr_line' id='line_1_36' title="bbox 466 1934 2042 2004; baseline 0.003 -16"><span class='ocrx_word' id='word_1_244' title='bbox 466 1950 640 2004; x_wconf 77' lang='lat' dir='ltr'><strong>neque</strong></span> <span class='ocrx_word' id='word_1_245' title='bbox 666 1935 959 2004; x_wconf 89' lang='lat' dir='ltr'><strong>quidquam</strong></span> <span class='ocrx_word' id='word_1_246' title='bbox 988 1949 1018 1989; x_wconf 90' lang='lat' dir='ltr'><strong>e</strong></span> <span class='ocrx_word' id='word_1_247' title='bbox 1049 1934 1272 1990; x_wconf 81' lang='lat' dir='ltr'><strong>cibariis</strong></span> <span class='ocrx_word' id='word_1_248' title='bbox 1311 1934 1419 1989; x_wconf 88' lang='lat' dir='ltr'><strong>illis</strong></span> <span class='ocrx_word' id='word_1_249' title='bbox 1453 1934 1727 2001; x_wconf 86' lang='lat' dir='ltr'><strong>videbam,</strong></span> <span class='ocrx_word' id='word_1_250' title='bbox 1759 1938 1853 1991; x_wconf 83' lang='lat' dir='ltr'><strong>sed</strong></span> <span class='ocrx_word' id='word_1_251' title='bbox 1896 1940 2042 1993; x_wconf 87' lang='lat' dir='ltr'><strong>hunc</strong></span> 
     </span>
    </p>
   </div>
   <div class='ocr_carea' id='block_1_37' title="bbox 2145 1941 3456 2016">
    <p class='ocr_par' dir='ltr' id='par_1_37' title="bbox 2145 1941 3456 2016">
     <span class='ocr_line' id='line_1_37' title="bbox 2145 1941 3456 2016; baseline 0.006 -23"><span class='ocrx_word' id='word_1_252' title='bbox 2145 1941 2281 1995; x_wconf 77' lang='grc' dir='ltr'>Θ;δν</span> <span class='ocrx_word' id='word_1_253' title='bbox 2314 1942 2500 2008; x_wconf 70' lang='grc' dir='ltr'>αὐτοῦ,</span> <span class='ocrx_word' id='word_1_254' title='bbox 2535 1944 2622 1997; x_wconf 81' lang='grc' dir='ltr'><strong>ὅτε</strong></span> <span class='ocrx_word' id='word_1_255' title='bbox 2644 1945 2701 1998; x_wconf 80' lang='grc' dir='ltr'>δὲ</span> <span class='ocrx_word' id='word_1_256' title='bbox 2727 1946 2821 1999; x_wconf 72' lang='grc' dir='ltr'><strong>καὶ</strong></span> <span class='ocrx_word' id='word_1_257' title='bbox 2850 1944 3005 2016; x_wconf 72' lang='grc' dir='ltr'>ὕπνῳ</span> <span class='ocrx_word' id='word_1_258' title='bbox 3035 1947 3456 2015; x_wconf 70' lang='grc' dir='ltr'>κατακείμενον.</span> 
     </span>
    </p>
   </div>
   <div class='ocr_carea' id='block_1_38' title="bbox 466 2024 3749 2107">
    <p class='ocr_par' dir='ltr' id='par_1_38' title="bbox 466 2024 3749 2107">
     <span class='ocr_line' id='line_1_38' title="bbox 466 2024 3749 2107; baseline 0.004 -25"><span class='ocrx_word' id='word_1_259' title='bbox 466 2029 639 2082; x_wconf 86' lang='lat' dir='ltr'><strong>solum</strong></span> <span class='ocrx_word' id='word_1_260' title='bbox 674 2028 819 2099; x_wconf 82' lang='lat' dir='ltr'><strong>ligno</strong></span> <span class='ocrx_word' id='word_1_261' title='bbox 850 2027 1149 2097; x_wconf 75' lang='lat' dir='ltr'><strong>alligatum,</strong></span> <span class='ocrx_word' id='word_1_262' title='bbox 1180 2041 1371 2098; x_wconf 79' lang='lat' dir='ltr'><strong>preces</strong></span> <span class='ocrx_word' id='word_1_263' title='bbox 1392 2028 1459 2082; x_wconf 91' lang='lat' dir='ltr'><strong>ad</strong></span> <span class='ocrx_word' id='word_1_264' title='bbox 1493 2028 1661 2082; x_wconf 84' lang='lat' dir='ltr'><strong>Deum</strong></span> <span class='ocrx_word' id='word_1_265' title='bbox 1699 2024 2039 2093; x_wconf 80' lang='lat' dir='ltr'><strong>fundentem,</strong></span> <span class='ocrx_word' id='word_1_266' title='bbox 2084 2040 2139 2087; x_wconf 88' lang='lat' dir='ltr'><strong>et</strong></span> <span class='ocrx_word' id='word_1_267' title='bbox 2181 2034 2421 2090; x_wconf 84' lang='lat' dir='ltr'><strong>divinam</strong></span> <span class='ocrx_word' id='word_1_268' title='bbox 2460 2035 2689 2107; x_wconf 79' lang='lat' dir='ltr'><strong>gloriam</strong></span> <span class='ocrx_word' id='word_1_269' title='bbox 2722 2037 3057 2104; x_wconf 89' lang='lat' dir='ltr'><strong>laudantem,</strong></span> <span class='ocrx_word' id='word_1_270' title='bbox 3088 2038 3355 2094; x_wconf 87' lang='lat' dir='ltr'><strong>interdum</strong></span> <span class='ocrx_word' id='word_1_271' title='bbox 3423 2052 3554 2094; x_wconf 84' lang='lat' dir='ltr'><strong>vero</strong></span> <span class='ocrx_word' id='word_1_272' title='bbox 3607 2039 3749 2096; x_wconf 78' lang='lat' dir='ltr'><strong>dor-</strong></span> 
     </span>
    </p>
   </div>
   <div class='ocr_carea' id='block_1_39' title="bbox 468 2123 749 2177">
    <p class='ocr_par' dir='ltr' id='par_1_39' title="bbox 468 2123 749 2177">
     <span class='ocr_line' id='line_1_39' title="bbox 468 2123 749 2177; baseline 0.007 -2"><span class='ocrx_word' id='word_1_273' title='bbox 468 2123 749 2177; x_wconf 88' lang='lat' dir='ltr'><strong>mientcm.</strong></span> 
     </span>
    </p>
   </div>
   <div class='ocr_carea' id='block_1_40' title="bbox 537 2211 2040 2282">
    <p class='ocr_par' dir='ltr' id='par_1_40' title="bbox 537 2211 2040 2282">
     <span class='ocr_line' id='line_1_40' title="bbox 537 2211 2040 2282; baseline 0.003 -16"><span class='ocrx_word' id='word_1_274' title='bbox 537 2211 723 2267; x_wconf 77' lang='lat' dir='ltr'><strong>XVIII.</strong></span> <span class='ocrx_word' id='word_1_275' title='bbox 753 2211 891 2268; x_wconf 86' lang='lat' dir='ltr'><strong>Tum</strong></span> <span class='ocrx_word' id='word_1_276' title='bbox 920 2213 1088 2281; x_wconf 69' lang='lat' dir='ltr'><strong>iudex</strong></span> <span class='ocrx_word' id='word_1_277' title='bbox 1128 2228 1142 2268; x_wconf 88' lang='lat'><strong>:</strong></span> <span class='ocrx_word' id='word_1_278' title='bbox 1191 2211 1480 2281; x_wconf 81' lang='lat' dir='ltr'><strong>Pecunias,</strong></span> <span class='ocrx_word' id='word_1_279' title='bbox 1524 2214 1718 2282; x_wconf 85' lang='lat' dir='ltr'><strong>inquit,</strong></span> <span class='ocrx_word' id='word_1_280' title='bbox 1752 2214 1819 2270; x_wconf 87' lang='lat' dir='ltr'><strong>ab</strong></span> <span class='ocrx_word' id='word_1_281' title='bbox 1857 2216 2040 2272; x_wconf 84' lang='lat' dir='ltr'><strong>Acacii</strong></span> 
     </span>
    </p>
   </div>
   <div class='ocr_carea' id='block_1_41' title="bbox 467 2305 2045 2377">
    <p class='ocr_par' dir='ltr' id='par_1_41' title="bbox 467 2305 2045 2377">
     <span class='ocr_line' id='line_1_41' title="bbox 467 2305 2045 2377; baseline 0.001 -17"><span class='ocrx_word' id='word_1_282' title='bbox 467 2305 873 2362; x_wconf 87' lang='lat' dir='ltr'><strong>contribulibus</strong></span> <span class='ocrx_word' id='word_1_283' title='bbox 914 2307 1197 2377; x_wconf 84' lang='lat' dir='ltr'><strong>aecepisti,</strong></span> <span class='ocrx_word' id='word_1_284' title='bbox 1233 2309 1302 2363; x_wconf 89' lang='lat' dir='ltr'><strong>ob</strong></span> <span class='ocrx_word' id='word_1_285' title='bbox 1345 2308 1503 2377; x_wconf 88' lang='lat' dir='ltr'><strong>quue</strong></span> <span class='ocrx_word' id='word_1_286' title='bbox 1526 2307 1789 2376; x_wconf 84' lang='lat' dir='ltr'><strong>judicium</strong></span> <span class='ocrx_word' id='word_1_287' title='bbox 1820 2308 1899 2364; x_wconf 88' lang='lat' dir='ltr'><strong>vis</strong></span> <span class='ocrx_word' id='word_1_288' title='bbox 1931 2311 2045 2364; x_wconf 92' lang='lat' dir='ltr'><strong>elu-</strong></span> 
     </span>
    </p>
   </div>
   <div class='ocr_carea' id='block_1_42' title="bbox 466 2398 2047 2475">
    <p class='ocr_par' dir='ltr' id='par_1_42' title="bbox 466 2398 2047 2475">
     <span class='ocr_line' id='line_1_42' title="bbox 466 2398 2047 2475; baseline 0.004 -22"><span class='ocrx_word' id='word_1_289' title='bbox 466 2401 617 2454; x_wconf 86' lang='lat' dir='ltr'><strong>dere.</strong></span> <span class='ocrx_word' id='word_1_290' title='bbox 654 2399 731 2454; x_wconf 85' lang='lat' dir='ltr'><strong>Ac</strong></span> <span class='ocrx_word' id='word_1_291' title='bbox 763 2398 945 2453; x_wconf 83' lang='lat' dir='ltr'><strong>statim</strong></span> <span class='ocrx_word' id='word_1_292' title='bbox 1002 2400 1185 2455; x_wconf 80' lang='lat' dir='ltr'><strong>furore</strong></span> <span class='ocrx_word' id='word_1_293' title='bbox 1240 2403 1502 2471; x_wconf 82' lang='lat' dir='ltr'><strong>percitus,</strong></span> <span class='ocrx_word' id='word_1_294' title='bbox 1557 2402 1825 2471; x_wconf 84' lang='lat' dir='ltr'><strong>plumbeis</strong></span> <span class='ocrx_word' id='word_1_295' title='bbox 1881 2404 2047 2475; x_wconf 79' lang='lat' dir='ltr'><strong>virgis</strong></span> 
     </span>
    </p>
   </div>
   <div class='ocr_carea' id='block_1_43' title="bbox 466 2491 2048 2563">
    <p class='ocr_par' dir='ltr' id='par_1_43' title="bbox 466 2491 2048 2563">
     <span class='ocr_line' id='line_1_43' title="bbox 466 2491 2048 2563; baseline 0.006 -18"><span class='ocrx_word' id='word_1_296' title='bbox 466 2493 583 2561; x_wconf 82' lang='lat' dir='ltr'><strong>cjus</strong></span> <span class='ocrx_word' id='word_1_297' title='bbox 615 2503 762 2559; x_wconf 80' lang='lat' dir='ltr'><strong>terga</strong></span> <span class='ocrx_word' id='word_1_298' title='bbox 790 2492 997 2561; x_wconf 85' lang='lat' dir='ltr'><strong>pulsari</strong></span> <span class='ocrx_word' id='word_1_299' title='bbox 1022 2491 1202 2561; x_wconf 88' lang='lat' dir='ltr'><strong>jussit.</strong></span> <span class='ocrx_word' id='word_1_300' title='bbox 1242 2493 1382 2559; x_wconf 88' lang='lat' dir='ltr'><strong>Quin</strong></span> <span class='ocrx_word' id='word_1_301' title='bbox 1415 2509 1537 2548; x_wconf 91' lang='lat' dir='ltr'><strong>cum</strong></span> <span class='ocrx_word' id='word_1_302' title='bbox 1569 2496 1924 2563; x_wconf 84' lang='lat' dir='ltr'><strong>cruciaretur,</strong></span> <span class='ocrx_word' id='word_1_303' title='bbox 1958 2504 2048 2554; x_wconf 86' lang='lat' dir='ltr'><strong>vo-</strong></span> 
     </span>
    </p>
   </div>
   <div class='ocr_carea' id='block_1_44' title="bbox 467 2581 2045 2652">
    <p class='ocr_par' dir='ltr' id='par_1_44' title="bbox 467 2581 2045 2652">
     <span class='ocr_line' id='line_1_44' title="bbox 467 2581 2045 2652; baseline 0.003 -16"><span class='ocrx_word' id='word_1_304' title='bbox 467 2585 704 2637; x_wconf 78' lang='lat' dir='ltr'><strong>ciferans</strong></span> <span class='ocrx_word' id='word_1_305' title='bbox 728 2583 940 2637; x_wconf 82' lang='lat' dir='ltr'><strong>dicebat</strong></span> <span class='ocrx_word' id='word_1_306' title='bbox 974 2599 988 2636; x_wconf 90' lang='lat'><strong>:</strong></span> <span class='ocrx_word' id='word_1_307' title='bbox 1021 2581 1237 2648; x_wconf 67' lang='lat' dir='ltr'><strong>Quaeso,</strong></span> <span class='ocrx_word' id='word_1_308' title='bbox 1286 2583 1476 2652; x_wconf 79' lang='lat' dir='ltr'><strong>judex,</strong></span> <span class='ocrx_word' id='word_1_309' title='bbox 1518 2593 1574 2638; x_wconf 91' lang='lat' dir='ltr'><strong>ut</strong></span> <span class='ocrx_word' id='word_1_310' title='bbox 1608 2585 1652 2641; x_wconf 90' lang='lat' dir='ltr'><strong>si</strong></span> <span class='ocrx_word' id='word_1_311' title='bbox 1677 2601 1764 2640; x_wconf 90' lang='lat' dir='ltr'><strong>res</strong></span> <span class='ocrx_word' id='word_1_312' title='bbox 1795 2588 1956 2642; x_wconf 82' lang='lat' dir='ltr'><strong>aliter</strong></span> <span class='ocrx_word' id='word_1_313' title='bbox 1985 2603 2045 2641; x_wconf 87' lang='lat' dir='ltr'><strong>se</strong></span> 
     </span>
    </p>
   </div>
   <div class='ocr_carea' id='block_1_45' title="bbox 467 2674 2045 2743">
    <p class='ocr_par' dir='ltr' id='par_1_45' title="bbox 467 2674 2045 2743">
     <span class='ocr_line' id='line_1_45' title="bbox 467 2674 2045 2743; baseline 0.003 -15"><span class='ocrx_word' id='word_1_314' title='bbox 467 2675 649 2740; x_wconf 82' lang='lat' dir='ltr'><strong>habet,</strong></span> <span class='ocrx_word' id='word_1_315' title='bbox 677 2688 837 2743; x_wconf 88' lang='lat' dir='ltr'><strong>quam</strong></span> <span class='ocrx_word' id='word_1_316' title='bbox 881 2674 1014 2737; x_wconf 77' lang='lat' dir='ltr'><strong>d.xi,</strong></span> <span class='ocrx_word' id='word_1_317' title='bbox 1055 2688 1141 2729; x_wconf 92' lang='lat' dir='ltr'><strong>me</strong></span> <span class='ocrx_word' id='word_1_318' title='bbox 1188 2675 1504 2731; x_wconf 76' lang='lat' dir='ltr'><strong>iuteriicias.</strong></span> <span class='ocrx_word' id='word_1_319' title='bbox 1535 2675 1668 2730; x_wconf 84' lang='lat' dir='ltr'><strong>Tum</strong></span> <span class='ocrx_word' id='word_1_320' title='bbox 1698 2678 1787 2733; x_wconf 90' lang='lat' dir='ltr'><strong>ille</strong></span> <span class='ocrx_word' id='word_1_321' title='bbox 1816 2697 1830 2733; x_wconf 91' lang='lat'><strong>:</strong></span> <span class='ocrx_word' id='word_1_322' title='bbox 1864 2675 2045 2733; x_wconf 76' lang='lat' dir='ltr'><strong>Vene-</strong></span> 
     </span>
    </p>
   </div>
   <div class='ocr_carea' id='block_1_46' title="bbox 468 2767 2042 2840">
    <p class='ocr_par' dir='ltr' id='par_1_46' title="bbox 468 2767 2042 2840">
     <span class='ocr_line' id='line_1_46' title="bbox 468 2767 2042 2840; baseline 0.005 -20"><span class='ocrx_word' id='word_1_323' title='bbox 468 2769 628 2821; x_wconf 77' lang='lat' dir='ltr'><strong>ticum</strong></span> <span class='ocrx_word' id='word_1_324' title='bbox 668 2769 831 2837; x_wconf 80' lang='lat' dir='ltr'><strong>igitur</strong></span> <span class='ocrx_word' id='word_1_325' title='bbox 860 2767 1132 2822; x_wconf 86' lang='lat' dir='ltr'><strong>hominem</strong></span> <span class='ocrx_word' id='word_1_326' title='bbox 1174 2767 1317 2822; x_wconf 90' lang='lat' dir='ltr'><strong>hunc</strong></span> <span class='ocrx_word' id='word_1_327' title='bbox 1346 2783 1465 2824; x_wconf 91' lang='lat' dir='ltr'><strong>esse</strong></span> <span class='ocrx_word' id='word_1_328' title='bbox 1492 2768 1727 2825; x_wconf 80' lang='lat' dir='ltr'><strong>amrmes</strong></span> <span class='ocrx_word' id='word_1_329' title='bbox 1754 2784 1889 2840; x_wconf 82' lang='lat' dir='ltr'><strong>Opus</strong></span> <span class='ocrx_word' id='word_1_330' title='bbox 1939 2785 2042 2828; x_wconf 88' lang='lat' dir='ltr'><strong>est.</strong></span> 
     </span>
    </p>
   </div>
   <div class='ocr_carea' id='block_1_47' title="bbox 467 2858 2041 2931">
    <p class='ocr_par' dir='ltr' id='par_1_47' title="bbox 467 2858 2041 2931">
     <span class='ocr_line' id='line_1_47' title="bbox 467 2858 2041 2931; baseline 0.004 -18"><span class='ocrx_word' id='word_1_331' title='bbox 467 2859 563 2914; x_wconf 87' lang='lat' dir='ltr'><strong>Cui</strong></span> <span class='ocrx_word' id='word_1_332' title='bbox 606 2861 848 2914; x_wconf 84' lang='lat' dir='ltr'><strong>carceris</strong></span> <span class='ocrx_word' id='word_1_333' title='bbox 880 2871 1064 2915; x_wconf 90' lang='lat' dir='ltr'><strong>custos</strong></span> <span class='ocrx_word' id='word_1_334' title='bbox 1099 2878 1111 2912; x_wconf 95' lang='lat'>:</span> <span class='ocrx_word' id='word_1_335' title='bbox 1147 2858 1276 2929; x_wconf 74' lang='lat' dir='ltr'><strong>Ego,</strong></span> <span class='ocrx_word' id='word_1_336' title='bbox 1311 2860 1509 2931; x_wconf 85' lang='lat' dir='ltr'><strong>inquit,</strong></span> <span class='ocrx_word' id='word_1_337' title='bbox 1546 2862 1688 2930; x_wconf 86' lang='lat' dir='ltr'><strong>quod</strong></span> <span class='ocrx_word' id='word_1_338' title='bbox 1725 2863 1857 2929; x_wconf 84' lang='lat' dir='ltr'><strong>vidi,</strong></span> <span class='ocrx_word' id='word_1_339' title='bbox 1898 2864 2041 2929; x_wconf 80' lang='lat' dir='ltr'><strong>dico,</strong></span> 
     </span>
    </p>
   </div>
   <div class='ocr_carea' id='block_1_48' title="bbox 469 2951 2046 3022">
    <p class='ocr_par' dir='ltr' id='par_1_48' title="bbox 469 2951 2046 3022">
     <span class='ocr_line' id='line_1_48' title="bbox 469 2951 2046 3022; baseline 0.003 -17"><span class='ocrx_word' id='word_1_340' title='bbox 469 2967 643 3022; x_wconf 87' lang='lat' dir='ltr'><strong>neque</strong></span> <span class='ocrx_word' id='word_1_341' title='bbox 671 2953 808 3017; x_wconf 88' lang='lat' dir='ltr'><strong>scio,</strong></span> <span class='ocrx_word' id='word_1_342' title='bbox 838 2954 1183 3006; x_wconf 83' lang='lat' dir='ltr'><strong>veuelieusne</strong></span> <span class='ocrx_word' id='word_1_343' title='bbox 1224 2951 1320 3015; x_wconf 86' lang='lat' dir='ltr'><strong>sit,</strong></span> <span class='ocrx_word' id='word_1_344' title='bbox 1353 2967 1419 3005; x_wconf 91' lang='lat' dir='ltr'><strong>an</strong></span> <span class='ocrx_word' id='word_1_345' title='bbox 1456 2967 1582 3007; x_wconf 89' lang='lat' dir='ltr'><strong>non.</strong></span> <span class='ocrx_word' id='word_1_346' title='bbox 1618 2951 1745 3009; x_wconf 63' lang='lat' dir='ltr'><strong>Haec</strong></span> <span class='ocrx_word' id='word_1_347' title='bbox 1771 2968 1898 3009; x_wconf 90' lang='lat' dir='ltr'><strong>cum</strong></span> <span class='ocrx_word' id='word_1_348' title='bbox 1923 2955 2046 3009; x_wconf 85' lang='lat' dir='ltr'><strong>bea-</strong></span> 
     </span>
    </p>
   </div>
   <div class='ocr_carea' id='block_1_49' title="bbox 470 3043 2046 3112">
    <p class='ocr_par' dir='ltr' id='par_1_49' title="bbox 470 3043 2046 3112">
     <span class='ocr_line' id='line_1_49' title="bbox 470 3043 2046 3112; baseline 0.003 -16"><span class='ocrx_word' id='word_1_349' title='bbox 470 3057 555 3099; x_wconf 89' lang='lat' dir='ltr'><strong>tus</strong></span> <span class='ocrx_word' id='word_1_350' title='bbox 599 3045 835 3099; x_wconf 85' lang='lat' dir='ltr'><strong>Aeacius</strong></span> <span class='ocrx_word' id='word_1_351' title='bbox 888 3044 1118 3112; x_wconf 85' lang='lat' dir='ltr'><strong>audiret,</strong></span> <span class='ocrx_word' id='word_1_352' title='bbox 1159 3043 1370 3098; x_wconf 87' lang='lat' dir='ltr'><strong>illorum</strong></span> <span class='ocrx_word' id='word_1_353' title='bbox 1422 3044 1708 3099; x_wconf 87' lang='lat' dir='ltr'><strong>stultitiam</strong></span> <span class='ocrx_word' id='word_1_354' title='bbox 1764 3044 2046 3110; x_wconf 82' lang='lat' dir='ltr'><strong>irridebat,</strong></span> 
     </span>
    </p>
   </div>
   <div class='ocr_carea' id='block_1_50' title="bbox 467 3136 2046 3209">
    <p class='ocr_par' dir='ltr' id='par_1_50' title="bbox 467 3136 2046 3209">
     <span class='ocr_line' id='line_1_50' title="bbox 467 3136 2046 3209; baseline 0.004 -21"><span class='ocrx_word' id='word_1_355' title='bbox 467 3140 715 3209; x_wconf 84' lang='lat' dir='ltr'><strong>quamvis</strong></span> <span class='ocrx_word' id='word_1_356' title='bbox 748 3137 938 3193; x_wconf 81' lang='lat' dir='ltr'><strong>fractis</strong></span> <span class='ocrx_word' id='word_1_357' title='bbox 995 3146 1141 3192; x_wconf 87' lang='lat' dir='ltr'><strong>esset</strong></span> <span class='ocrx_word' id='word_1_358' title='bbox 1200 3136 1460 3192; x_wconf 76' lang='lat' dir='ltr'><strong>maxillis.</strong></span> <span class='ocrx_word' id='word_1_359' title='bbox 1496 3138 1683 3207; x_wconf 87' lang='lat' dir='ltr'><strong>itaque</strong></span> <span class='ocrx_word' id='word_1_360' title='bbox 1725 3137 1894 3206; x_wconf 80' lang='lat' dir='ltr'><strong>judex</strong></span> <span class='ocrx_word' id='word_1_361' title='bbox 1931 3138 2046 3209; x_wconf 85' lang='lat' dir='ltr'><strong>ipse</strong></span> 
     </span>
    </p>
   </div>
   <div class='ocr_carea' id='block_1_51' title="bbox 468 3227 2052 3295">
    <p class='ocr_par' dir='ltr' id='par_1_51' title="bbox 468 3227 2052 3295">
     <span class='ocr_line' id='line_1_51' title="bbox 468 3227 2052 3295; baseline 0.001 -11"><span class='ocrx_word' id='word_1_362' title='bbox 468 3245 656 3285; x_wconf 73' lang='lat' dir='ltr'><strong>rursus</strong></span> <span class='ocrx_word' id='word_1_363' title='bbox 689 3229 871 3284; x_wconf 81' lang='lat' dir='ltr'><strong>furore</strong></span> <span class='ocrx_word' id='word_1_364' title='bbox 919 3245 1202 3295; x_wconf 90' lang='lat' dir='ltr'><strong>accensus,</strong></span> <span class='ocrx_word' id='word_1_365' title='bbox 1240 3229 1442 3285; x_wconf 81' lang='lat' dir='ltr'><strong>Acacio</strong></span> <span class='ocrx_word' id='word_1_366' title='bbox 1463 3228 1599 3283; x_wconf 78' lang='lat' dir='ltr'><strong>dixit</strong></span> <span class='ocrx_word' id='word_1_367' title='bbox 1629 3244 1644 3283; x_wconf 92' lang='lat'><strong>:</strong></span> <span class='ocrx_word' id='word_1_368' title='bbox 1677 3227 1832 3285; x_wconf 85' lang='lat' dir='ltr'><strong>Tune</strong></span> <span class='ocrx_word' id='word_1_369' title='bbox 1861 3229 2052 3285; x_wconf 85' lang='lat' dir='ltr'><strong>venisti</strong></span> 
     </span>
    </p>
   </div>
   <div class='ocr_carea' id='block_1_52' title="bbox 483 3319 2057 3390">
    <p class='ocr_par' dir='ltr' id='par_1_52' title="bbox 483 3319 2057 3390">
     <span class='ocr_line' id='line_1_52' title="bbox 483 3319 2057 3390; baseline 0.003 -18"><span class='ocrx_word' id='word_1_370' title='bbox 483 3330 543 3372; x_wconf 87' lang='lat' dir='ltr'><strong>ut</strong></span> <span class='ocrx_word' id='word_1_371' title='bbox 575 3335 672 3373; x_wconf 90' lang='lat' dir='ltr'><strong>nos</strong></span> <span class='ocrx_word' id='word_1_372' title='bbox 700 3319 1000 3386; x_wconf 88' lang='lat' dir='ltr'><strong>derideres,</strong></span> <span class='ocrx_word' id='word_1_373' title='bbox 1033 3320 1319 3390; x_wconf 67' lang='lat' dir='ltr'><strong>praestigiis</strong></span> <span class='ocrx_word' id='word_1_374' title='bbox 1351 3334 1415 3374; x_wconf 89' lang='lat' dir='ltr'><strong>ac</strong></span> <span class='ocrx_word' id='word_1_375' title='bbox 1446 3319 1719 3375; x_wconf 87' lang='lat' dir='ltr'><strong>vencllciis</strong></span> <span class='ocrx_word' id='word_1_376' title='bbox 1749 3320 1853 3375; x_wconf 91' lang='lat' dir='ltr'><strong>tuis</strong></span> <span class='ocrx_word' id='word_1_377' title='bbox 1888 3321 2057 3376; x_wconf 78' lang='lat' dir='ltr'><strong>conii-</strong></span> 
     </span>
    </p>
   </div>
   <div class='ocr_carea' id='block_1_53' title="bbox 466 3409 2045 3481">
    <p class='ocr_par' dir='ltr' id='par_1_53' title="bbox 466 3409 2045 3481">
     <span class='ocr_line' id='line_1_53' title="bbox 466 3409 2045 3481; baseline 0.001 -17"><span class='ocrx_word' id='word_1_378' title='bbox 466 3424 562 3464; x_wconf 88' lang='lat' dir='ltr'><strong>sus</strong></span> <span class='ocrx_word' id='word_1_379' title='bbox 584 3410 610 3464; x_wconf 86' lang='lat'><strong>?</strong></span> <span class='ocrx_word' id='word_1_380' title='bbox 642 3409 775 3479; x_wconf 75' lang='lat' dir='ltr'><strong>Ego,</strong></span> <span class='ocrx_word' id='word_1_381' title='bbox 816 3411 989 3481; x_wconf 83' lang='lat' dir='ltr'><strong>inquit</strong></span> <span class='ocrx_word' id='word_1_382' title='bbox 1019 3411 1278 3477; x_wconf 85' lang='lat' dir='ltr'><strong>Aeacius,</strong></span> <span class='ocrx_word' id='word_1_383' title='bbox 1311 3425 1416 3465; x_wconf 90' lang='lat' dir='ltr'><strong>non</strong></span> <span class='ocrx_word' id='word_1_384' title='bbox 1453 3410 1623 3477; x_wconf 90' lang='lat' dir='ltr'><strong>rideo,</strong></span> <span class='ocrx_word' id='word_1_385' title='bbox 1674 3412 1819 3480; x_wconf 91' lang='lat' dir='ltr'><strong>quod</strong></span> <span class='ocrx_word' id='word_1_386' title='bbox 1862 3426 2045 3467; x_wconf 88' lang='lat' dir='ltr'><strong>vestra</strong></span> 
     </span>
    </p>
   </div>
   <div class='ocr_carea' id='block_1_54' title="bbox 467 3503 2049 3575">
    <p class='ocr_par' dir='ltr' id='par_1_54' title="bbox 467 3503 2049 3575">
     <span class='ocr_line' id='line_1_54' title="bbox 467 3503 2049 3575; baseline 0.004 -20"><span class='ocrx_word' id='word_1_387' title='bbox 467 3504 711 3573; x_wconf 84' lang='lat' dir='ltr'><strong>pernicie</strong></span> <span class='ocrx_word' id='word_1_388' title='bbox 735 3507 996 3575; x_wconf 78' lang='lat' dir='ltr'><strong>gaudeam</strong></span> <span class='ocrx_word' id='word_1_389' title='bbox 1041 3522 1055 3559; x_wconf 90' lang='lat'><strong>:</strong></span> <span class='ocrx_word' id='word_1_390' title='bbox 1090 3503 1202 3560; x_wconf 85' lang='lat' dir='ltr'><strong>imo</strong></span> <span class='ocrx_word' id='word_1_391' title='bbox 1234 3505 1622 3575; x_wconf 85' lang='lat' dir='ltr'><strong>sempiternam</strong></span> <span class='ocrx_word' id='word_1_392' title='bbox 1657 3514 1889 3561; x_wconf 86' lang='lat' dir='ltr'><strong>vestram</strong></span> <span class='ocrx_word' id='word_1_393' title='bbox 1915 3523 2049 3562; x_wconf 83' lang='lat' dir='ltr'><strong>con-</strong></span> 
     </span>
    </p>
   </div>
   <div class='ocr_carea' id='block_1_55' title="bbox 472 3595 2050 3668">
    <p class='ocr_par' dir='ltr' id='par_1_55' title="bbox 472 3595 2050 3668">
     <span class='ocr_line' id='line_1_55' title="bbox 472 3595 2050 3668; baseline 0.003 -20"><span class='ocrx_word' id='word_1_394' title='bbox 472 3596 878 3651; x_wconf 81' lang='lat' dir='ltr'><strong>demuatiouem</strong></span> <span class='ocrx_word' id='word_1_395' title='bbox 945 3595 1172 3651; x_wconf 85' lang='lat' dir='ltr'><strong>multum</strong></span> <span class='ocrx_word' id='word_1_396' title='bbox 1215 3596 1395 3651; x_wconf 86' lang='lat' dir='ltr'><strong>doleo.</strong></span> <span class='ocrx_word' id='word_1_397' title='bbox 1438 3596 1546 3651; x_wconf 78' lang='lat' dir='ltr'><strong>Vos</strong></span> <span class='ocrx_word' id='word_1_398' title='bbox 1589 3609 1769 3652; x_wconf 88' lang='lat' dir='ltr'><strong>autem</strong></span> <span class='ocrx_word' id='word_1_399' title='bbox 1816 3599 1915 3668; x_wconf 85' lang='lat' dir='ltr'><strong>ipsi</strong></span> <span class='ocrx_word' id='word_1_400' title='bbox 1956 3613 2050 3653; x_wconf 84' lang='lat' dir='ltr'><strong>ve-</strong></span> 
     </span>
    </p>
   </div>
   <div class='ocr_carea' id='block_1_56' title="bbox 469 3689 2047 3759">
    <p class='ocr_par' dir='ltr' id='par_1_56' title="bbox 469 3689 2047 3759">
     <span class='ocr_line' id='line_1_56' title="bbox 469 3689 2047 3759; baseline 0.004 -20"><span class='ocrx_word' id='word_1_401' title='bbox 469 3697 641 3743; x_wconf 83' lang='lat' dir='ltr'><strong>stram</strong></span> <span class='ocrx_word' id='word_1_402' title='bbox 670 3691 838 3743; x_wconf 82' lang='lat' dir='ltr'><strong>vitam</strong></span> <span class='ocrx_word' id='word_1_403' title='bbox 874 3689 1136 3754; x_wconf 88' lang='lat' dir='ltr'><strong>irridetis,</strong></span> <span class='ocrx_word' id='word_1_404' title='bbox 1165 3690 1255 3759; x_wconf 87' lang='lat' dir='ltr'><strong>qui</strong></span> <span class='ocrx_word' id='word_1_405' title='bbox 1293 3705 1479 3745; x_wconf 84' lang='lat' dir='ltr'><strong>verum</strong></span> <span class='ocrx_word' id='word_1_406' title='bbox 1538 3689 1688 3744; x_wconf 88' lang='lat' dir='ltr'><strong>illum</strong></span> <span class='ocrx_word' id='word_1_407' title='bbox 1724 3690 1887 3744; x_wconf 88' lang='lat' dir='ltr'><strong>Deum</strong></span> <span class='ocrx_word' id='word_1_408' title='bbox 1921 3692 2047 3745; x_wconf 81' lang='lat' dir='ltr'><strong>coeli</strong></span> 
     </span>
    </p>
   </div>
   <div class='ocr_carea' id='block_1_57' title="bbox 473 3781 2053 3852">
    <p class='ocr_par' dir='ltr' id='par_1_57' title="bbox 473 3781 2053 3852">
     <span class='ocr_line' id='line_1_57' title="bbox 473 3781 2053 3852; baseline 0.003 -20"><span class='ocrx_word' id='word_1_409' title='bbox 473 3791 528 3835; x_wconf 78' lang='lat' dir='ltr'><strong>et</strong></span> <span class='ocrx_word' id='word_1_410' title='bbox 557 3792 740 3847; x_wconf 83' lang='lat' dir='ltr'><strong>terrae,</strong></span> <span class='ocrx_word' id='word_1_411' title='bbox 799 3783 967 3837; x_wconf 88' lang='lat' dir='ltr'><strong>maris</strong></span> <span class='ocrx_word' id='word_1_412' title='bbox 1003 3792 1056 3836; x_wconf 91' lang='lat' dir='ltr'><strong>et</strong></span> <span class='ocrx_word' id='word_1_413' title='bbox 1087 3782 1325 3838; x_wconf 89' lang='lat' dir='ltr'><strong>onmium</strong></span> <span class='ocrx_word' id='word_1_414' title='bbox 1358 3797 1480 3852; x_wconf 72' lang='lat' dir='ltr'><strong>qua:</strong></span> <span class='ocrx_word' id='word_1_415' title='bbox 1511 3781 1564 3836; x_wconf 91' lang='lat' dir='ltr'><strong>in</strong></span> <span class='ocrx_word' id='word_1_416' title='bbox 1600 3782 1680 3837; x_wconf 85' lang='lat' dir='ltr'><strong>eis</strong></span> <span class='ocrx_word' id='word_1_417' title='bbox 1708 3792 1855 3847; x_wconf 90' lang='lat' dir='ltr'><strong>sunt,</strong></span> <span class='ocrx_word' id='word_1_418' title='bbox 1918 3781 2053 3837; x_wconf 78' lang='lat' dir='ltr'><strong>eﬂ‘e-</strong></span> 
     </span>
    </p>
   </div>
   <div class='ocr_carea' id='block_1_58' title="bbox 467 3872 2051 3945">
    <p class='ocr_par' dir='ltr' id='par_1_58' title="bbox 467 3872 2051 3945">
     <span class='ocr_line' id='line_1_58' title="bbox 467 3872 2051 3945; baseline -0.001 -16"><span class='ocrx_word' id='word_1_419' title='bbox 467 3883 673 3929; x_wconf 72' lang='lat' dir='ltr'><strong>ctorem</strong></span> <span class='ocrx_word' id='word_1_420' title='bbox 696 3873 1083 3942; x_wconf 82' lang='lat' dir='ltr'><strong>dereliquistis,</strong></span> <span class='ocrx_word' id='word_1_421' title='bbox 1111 3883 1166 3928; x_wconf 92' lang='lat' dir='ltr'><strong>et</strong></span> <span class='ocrx_word' id='word_1_422' title='bbox 1188 3873 1394 3944; x_wconf 87' lang='lat' dir='ltr'><strong>lapides</strong></span> <span class='ocrx_word' id='word_1_423' title='bbox 1451 3872 1598 3945; x_wconf 86' lang='lat' dir='ltr'><strong>ipsos</strong></span> <span class='ocrx_word' id='word_1_424' title='bbox 1626 3874 1883 3930; x_wconf 83' lang='lat' dir='ltr'><strong>adoratis.</strong></span> <span class='ocrx_word' id='word_1_425' title='bbox 1915 3874 2051 3928; x_wconf 89' lang='lat' dir='ltr'><strong>Tum</strong></span> 
     </span>
    </p>
   </div>
   <div class='ocr_carea' id='block_1_59' title="bbox 465 3963 2053 4036">
    <p class='ocr_par' dir='ltr' id='par_1_59' title="bbox 465 3963 2053 4036">
     <span class='ocr_line' id='line_1_59' title="bbox 465 3963 2053 4036; baseline 0.001 -17"><span class='ocrx_word' id='word_1_426' title='bbox 465 3963 638 4020; x_wconf 78' lang='lat' dir='ltr'><strong>Judex</strong></span> <span class='ocrx_word' id='word_1_427' title='bbox 687 3966 735 4019; x_wconf 92' lang='lat' dir='ltr'><strong>ei</strong></span> <span class='ocrx_word' id='word_1_428' title='bbox 773 3965 908 4020; x_wconf 80' lang='lat' dir='ltr'><strong>dixit</strong></span> <span class='ocrx_word' id='word_1_429' title='bbox 950 3983 965 4020; x_wconf 90' lang='lat'><strong>:</strong></span> <span class='ocrx_word' id='word_1_430' title='bbox 1011 3965 1089 4020; x_wconf 86' lang='lat' dir='ltr'><strong>Ne</strong></span> <span class='ocrx_word' id='word_1_431' title='bbox 1136 3972 1292 4036; x_wconf 87' lang='lat' dir='ltr'><strong>putes</strong></span> <span class='ocrx_word' id='word_1_432' title='bbox 1332 3966 1435 4021; x_wconf 89' lang='lat' dir='ltr'><strong>ista</strong></span> <span class='ocrx_word' id='word_1_433' title='bbox 1475 3975 1566 4020; x_wconf 89' lang='lat' dir='ltr'><strong>tua</strong></span> <span class='ocrx_word' id='word_1_434' title='bbox 1607 3968 1918 4021; x_wconf 86' lang='lat' dir='ltr'><strong>constantia</strong></span> <span class='ocrx_word' id='word_1_435' title='bbox 1966 3980 2053 4021; x_wconf 88' lang='lat' dir='ltr'><strong>me</strong></span> 
     </span>
    </p>
   </div>
   <div class='ocr_carea' id='block_1_60' title="bbox 469 4053 2050 4122">
    <p class='ocr_par' dir='ltr' id='par_1_60' title="bbox 469 4053 2050 4122">
     <span class='ocr_line' id='line_1_60' title="bbox 469 4053 2050 4122; baseline 0.004 -16"><span class='ocrx_word' id='word_1_436' title='bbox 469 4056 671 4109; x_wconf 81' lang='lat' dir='ltr'><strong>victum</strong></span> <span class='ocrx_word' id='word_1_437' title='bbox 705 4054 806 4118; x_wconf 90' lang='lat' dir='ltr'><strong>iri;</strong></span> <span class='ocrx_word' id='word_1_438' title='bbox 839 4071 945 4110; x_wconf 92' lang='lat' dir='ltr'><strong>non</strong></span> <span class='ocrx_word' id='word_1_439' title='bbox 972 4055 1148 4109; x_wconf 89' lang='lat' dir='ltr'><strong>sinam</strong></span> <span class='ocrx_word' id='word_1_440' title='bbox 1180 4066 1232 4111; x_wconf 91' lang='lat' dir='ltr'><strong>te</strong></span> <span class='ocrx_word' id='word_1_441' title='bbox 1261 4056 1464 4122; x_wconf 89' lang='lat' dir='ltr'><strong>vivere,</strong></span> <span class='ocrx_word' id='word_1_442' title='bbox 1490 4056 1590 4111; x_wconf 89' lang='lat' dir='ltr'><strong>nisi</strong></span> <span class='ocrx_word' id='word_1_443' title='bbox 1622 4053 1727 4111; x_wconf 88' lang='lat' dir='ltr'><strong>diis</strong></span> <span class='ocrx_word' id='word_1_444' title='bbox 1754 4057 2050 4121; x_wconf 87' lang='lat' dir='ltr'><strong>sacritices,</strong></span> 
     </span>
    </p>
   </div>
   <div class='ocr_carea' id='block_1_61' title="bbox 466 4147 2051 4216">
    <p class='ocr_par' dir='ltr' id='par_1_61' title="bbox 466 4147 2051 4216">
     <span class='ocr_line' id='line_1_61' title="bbox 466 4147 2051 4216; baseline 0.003 -17"><span class='ocrx_word' id='word_1_445' title='bbox 466 4154 524 4200; x_wconf 89' lang='lat' dir='ltr'><strong>et</strong></span> <span class='ocrx_word' id='word_1_446' title='bbox 583 4147 912 4202; x_wconf 87' lang='lat' dir='ltr'><strong>invictorum</strong></span> <span class='ocrx_word' id='word_1_447' title='bbox 972 4148 1360 4216; x_wconf 88' lang='lat' dir='ltr'><strong>imperatorum</strong></span> <span class='ocrx_word' id='word_1_448' title='bbox 1412 4147 1606 4203; x_wconf 84' lang='lat' dir='ltr'><strong>edictis</strong></span> <span class='ocrx_word' id='word_1_449' title='bbox 1658 4149 1900 4205; x_wconf 89' lang='lat' dir='ltr'><strong>obedias.</strong></span> <span class='ocrx_word' id='word_1_450' title='bbox 1954 4148 2051 4204; x_wconf 82' lang='lat' dir='ltr'><strong>Cui</strong></span> 
     </span>
    </p>
   </div>
   <div class='ocr_carea' id='block_1_62' title="bbox 468 4237 2051 4303">
    <p class='ocr_par' dir='ltr' id='par_1_62' title="bbox 468 4237 2051 4303">
     <span class='ocr_line' id='line_1_62' title="bbox 468 4237 2051 4303; baseline 0.002 -11"><span class='ocrx_word' id='word_1_451' title='bbox 468 4238 705 4293; x_wconf 80' lang='lat' dir='ltr'><strong>Aeacius</strong></span> <span class='ocrx_word' id='word_1_452' title='bbox 769 4255 783 4292; x_wconf 89' lang='lat'><strong>:</strong></span> <span class='ocrx_word' id='word_1_453' title='bbox 847 4237 903 4293; x_wconf 90' lang='lat' dir='ltr'><strong>Si</strong></span> <span class='ocrx_word' id='word_1_454' title='bbox 956 4238 1203 4293; x_wconf 89' lang='lat' dir='ltr'><strong>timerem</strong></span> <span class='ocrx_word' id='word_1_455' title='bbox 1274 4238 1448 4293; x_wconf 86' lang='lat' dir='ltr'><strong>minas</strong></span> <span class='ocrx_word' id='word_1_456' title='bbox 1518 4248 1662 4303; x_wconf 88' lang='lat' dir='ltr'><strong>tuas,</strong></span> <span class='ocrx_word' id='word_1_457' title='bbox 1716 4240 1895 4293; x_wconf 83' lang='lat' dir='ltr'><strong>statim</strong></span> <span class='ocrx_word' id='word_1_458' title='bbox 1958 4239 2051 4295; x_wconf 89' lang='lat' dir='ltr'><strong>tibi</strong></span> 
     </span>
    </p>
   </div>
   <div class='ocr_carea' id='block_1_63' title="bbox 470 4328 2052 4401">
    <p class='ocr_par' dir='ltr' id='par_1_63' title="bbox 470 4328 2052 4401">
     <span class='ocr_line' id='line_1_63' title="bbox 470 4328 2052 4401; baseline 0.001 -17"><span class='ocrx_word' id='word_1_459' title='bbox 470 4329 877 4398; x_wconf 86' lang='lat' dir='ltr'><strong>obtemperans,</strong></span> <span class='ocrx_word' id='word_1_460' title='bbox 926 4329 1175 4385; x_wconf 80' lang='lat' dir='ltr'><strong>fecissem</strong></span> <span class='ocrx_word' id='word_1_461' title='bbox 1227 4332 1369 4400; x_wconf 91' lang='lat' dir='ltr'><strong>quod</strong></span> <span class='ocrx_word' id='word_1_462' title='bbox 1405 4328 1593 4398; x_wconf 76' lang='lat' dir='ltr'><strong>iubes;</strong></span> <span class='ocrx_word' id='word_1_463' title='bbox 1632 4330 1887 4401; x_wconf 85' lang='lat' dir='ltr'><strong>quoniam</strong></span> <span class='ocrx_word' id='word_1_464' title='bbox 1923 4346 2052 4386; x_wconf 92' lang='lat' dir='ltr'><strong>vero</strong></span> 
     </span>
    </p>
   </div>
   <div class='ocr_carea' id='block_1_64' title="bbox 468 4421 2050 4492">
    <p class='ocr_par' dir='ltr' id='par_1_64' title="bbox 468 4421 2050 4492">
     <span class='ocr_line' id='line_1_64' title="bbox 468 4421 2050 4492; baseline 0.003 -18"><span class='ocrx_word' id='word_1_465' title='bbox 468 4423 736 4475; x_wconf 84' lang='lat' dir='ltr'><strong>sententia</strong></span> <span class='ocrx_word' id='word_1_466' title='bbox 767 4438 885 4476; x_wconf 89' lang='lat' dir='ltr'><strong>mea</strong></span> <span class='ocrx_word' id='word_1_467' title='bbox 911 4422 1103 4476; x_wconf 91' lang='lat' dir='ltr'><strong>melior</strong></span> <span class='ocrx_word' id='word_1_468' title='bbox 1123 4433 1227 4488; x_wconf 90' lang='lat' dir='ltr'><strong>est,</strong></span> <span class='ocrx_word' id='word_1_469' title='bbox 1245 4437 1407 4492; x_wconf 88' lang='lat' dir='ltr'><strong>quam</strong></span> <span class='ocrx_word' id='word_1_470' title='bbox 1436 4433 1546 4490; x_wconf 89' lang='lat' dir='ltr'><strong>tua,</strong></span> <span class='ocrx_word' id='word_1_471' title='bbox 1574 4421 2050 4479; x_wconf 75' lang='lat' dir='ltr'><strong>minasistasnihil</strong></span> 
     </span>
    </p>
   </div>
   <div class='ocr_carea' id='block_1_65' title="bbox 470 4510 1188 4580">
    <p class='ocr_par' dir='ltr' id='par_1_65' title="bbox 470 4510 1188 4580">
     <span class='ocr_line' id='line_1_65' title="bbox 470 4510 1188 4580; baseline 0.004 -17"><span class='ocrx_word' id='word_1_472' title='bbox 470 4510 636 4564; x_wconf 90' lang='lat' dir='ltr'><strong>timeo</strong></span> <span class='ocrx_word' id='word_1_473' title='bbox 671 4526 685 4563; x_wconf 91' lang='lat'><strong>:</strong></span> <span class='ocrx_word' id='word_1_474' title='bbox 722 4511 828 4575; x_wconf 78' lang='lat' dir='ltr'><strong>fac,</strong></span> <span class='ocrx_word' id='word_1_475' title='bbox 860 4511 1003 4580; x_wconf 92' lang='lat' dir='ltr'><strong>quod</strong></span> <span class='ocrx_word' id='word_1_476' title='bbox 1040 4512 1188 4566; x_wconf 89' lang='lat' dir='ltr'><strong>libet.</strong></span> 
     </span>
    </p>
   </div>
   <div class='ocr_carea' id='block_1_66' title="bbox 464 4695 2052 4769">
    <p class='ocr_par' dir='ltr' id='par_1_66' title="bbox 464 4695 2052 4769">
     <span class='ocr_line' id='line_1_66' title="bbox 464 4695 2052 4769; baseline 0.004 -21"><span class='ocrx_word' id='word_1_477' title='bbox 464 4695 665 4765; x_wconf 84' lang='lat' dir='ltr'><strong>inquit,</strong></span> <span class='ocrx_word' id='word_1_478' title='bbox 700 4710 766 4748; x_wconf 86' lang='lat' dir='ltr'><strong>an</strong></span> <span class='ocrx_word' id='word_1_479' title='bbox 810 4697 987 4750; x_wconf 85' lang='lat' dir='ltr'><strong>adhuc</strong></span> <span class='ocrx_word' id='word_1_480' title='bbox 1019 4696 1197 4768; x_wconf 79' lang='lat' dir='ltr'><strong>pergis</strong></span> <span class='ocrx_word' id='word_1_481' title='bbox 1245 4697 1525 4752; x_wconf 84' lang='lat' dir='ltr'><strong>insanire?</strong></span> <span class='ocrx_word' id='word_1_482' title='bbox 1566 4697 1868 4769; x_wconf 72' lang='lat' dir='ltr'><strong>Respondit</strong></span> <span class='ocrx_word' id='word_1_483' title='bbox 1909 4700 2052 4756; x_wconf 84' lang='lat' dir='ltr'><strong>Aca-</strong></span> 
     </span>
    </p>
   </div>
   <div class='ocr_carea' id='block_1_67' title="bbox 467 4783 2053 4863">
    <p class='ocr_par' dir='ltr' id='par_1_67' title="bbox 467 4783 2053 4863">
     <span class='ocr_line' id='line_1_67' title="bbox 467 4783 2053 4863; baseline 0.008 -25"><span class='ocrx_word' id='word_1_484' title='bbox 467 4785 583 4840; x_wconf 84' lang='lat' dir='ltr'><strong>cius</strong></span> <span class='ocrx_word' id='word_1_485' title='bbox 620 4804 633 4841; x_wconf 91' lang='lat'><strong>:</strong></span> <span class='ocrx_word' id='word_1_486' title='bbox 673 4783 752 4839; x_wconf 86' lang='lat' dir='ltr'><strong>Tu</strong></span> <span class='ocrx_word' id='word_1_487' title='bbox 808 4793 988 4859; x_wconf 82' lang='lat' dir='ltr'><strong>pergis</strong></span> <span class='ocrx_word' id='word_1_488' title='bbox 1029 4789 1077 4842; x_wconf 92' lang='lat' dir='ltr'><strong>id</strong></span> <span class='ocrx_word' id='word_1_489' title='bbox 1113 4789 1317 4855; x_wconf 80' lang='lat' dir='ltr'><strong>facere,</strong></span> <span class='ocrx_word' id='word_1_490' title='bbox 1349 4792 1440 4860; x_wconf 91' lang='lat' dir='ltr'><strong>qui</strong></span> <span class='ocrx_word' id='word_1_491' title='bbox 1492 4792 1758 4857; x_wconf 89' lang='lat' dir='ltr'><strong>homines,</strong></span> <span class='ocrx_word' id='word_1_492' title='bbox 1793 4809 1821 4846; x_wconf 90' lang='lat' dir='ltr'><strong>a</strong></span> <span class='ocrx_word' id='word_1_493' title='bbox 1853 4793 2053 4863; x_wconf 85' lang='lat' dir='ltr'><strong>quibus</strong></span> 
     </span>
    </p>
   </div>
   <div class='ocr_carea' id='block_1_68' title="bbox 467 4878 2051 4956">
    <p class='ocr_par' dir='ltr' id='par_1_68' title="bbox 467 4878 2051 4956">
     <span class='ocr_line' id='line_1_68' title="bbox 467 4878 2051 4956; baseline 0.006 -25"><span class='ocrx_word' id='word_1_494' title='bbox 467 4878 608 4933; x_wconf 82' lang='lat' dir='ltr'><strong>nihil</strong></span> <span class='ocrx_word' id='word_1_495' title='bbox 642 4881 765 4933; x_wconf 87' lang='lat' dir='ltr'><strong>mali</strong></span> <span class='ocrx_word' id='word_1_496' title='bbox 800 4882 1148 4936; x_wconf 89' lang='lat' dir='ltr'><strong>commissum</strong></span> <span class='ocrx_word' id='word_1_497' title='bbox 1185 4893 1269 4937; x_wconf 83' lang='lat' dir='ltr'><strong>est</strong></span> <span class='ocrx_word' id='word_1_498' title='bbox 1300 4899 1476 4953; x_wconf 85' lang='lat' dir='ltr'><strong>neque</strong></span> <span class='ocrx_word' id='word_1_499' title='bbox 1517 4885 1718 4954; x_wconf 88' lang='lat' dir='ltr'><strong>aliquid</strong></span> <span class='ocrx_word' id='word_1_500' title='bbox 1755 4886 1806 4941; x_wconf 88' lang='lat' dir='ltr'><strong>in</strong></span> <span class='ocrx_word' id='word_1_501' title='bbox 1840 4896 1890 4941; x_wconf 91' lang='lat' dir='ltr'><strong>te</strong></span> <span class='ocrx_word' id='word_1_502' title='bbox 1921 4902 2051 4956; x_wconf 87' lang='lat' dir='ltr'><strong>pec-</strong></span> 
     </span>
    </p>
   </div>
   <div class='ocr_carea' id='block_1_69' title="bbox 464 4968 2052 5039">
    <p class='ocr_par' dir='ltr' id='par_1_69' title="bbox 464 4968 2052 5039">
     <span class='ocr_line' id='line_1_69' title="bbox 464 4968 2052 5039; baseline 0.004 -16"><span class='ocrx_word' id='word_1_503' title='bbox 464 4977 643 5024; x_wconf 89' lang='lat' dir='ltr'><strong>catum</strong></span> <span class='ocrx_word' id='word_1_504' title='bbox 676 4968 794 5036; x_wconf 82' lang='lat' dir='ltr'><strong>l‘uit,</strong></span> <span class='ocrx_word' id='word_1_505' title='bbox 831 4972 910 5026; x_wconf 85' lang='lat' dir='ltr'><strong>sie</strong></span> <span class='ocrx_word' id='word_1_506' title='bbox 936 4971 1136 5039; x_wconf 88' lang='lat' dir='ltr'><strong>injuste</strong></span> <span class='ocrx_word' id='word_1_507' title='bbox 1166 4972 1483 5028; x_wconf 85' lang='lat' dir='ltr'><strong>consumis?</strong></span> <span class='ocrx_word' id='word_1_508' title='bbox 1514 4972 1640 5029; x_wconf 63' lang='lat' dir='ltr'><strong>Haec</strong></span> <span class='ocrx_word' id='word_1_509' title='bbox 1661 4990 1781 5028; x_wconf 86' lang='lat' dir='ltr'><strong>cum</strong></span> <span class='ocrx_word' id='word_1_510' title='bbox 1811 4976 2052 5031; x_wconf 87' lang='lat' dir='ltr'><strong>audisset</strong></span> 
     </span>
    </p>
   </div>
   <div class='ocr_carea' id='block_1_70' title="bbox 455 5063 2049 5141">
    <p class='ocr_par' dir='ltr' id='par_1_70' title="bbox 455 5063 2049 5141">
     <span class='ocr_line' id='line_1_70' title="bbox 455 5063 2049 5141; baseline 0.004 -27"><span class='ocrx_word' id='word_1_511' title='bbox 455 5063 643 5132; x_wconf 76' lang='lat' dir='ltr'><strong>j‘udex,</strong></span> <span class='ocrx_word' id='word_1_512' title='bbox 668 5064 832 5130; x_wconf 75' lang='lat' dir='ltr'><strong>jussit</strong></span> <span class='ocrx_word' id='word_1_513' title='bbox 860 5065 1035 5136; x_wconf 81' lang='lat' dir='ltr'><strong>virgas</strong></span> <span class='ocrx_word' id='word_1_514' title='bbox 1063 5080 1302 5136; x_wconf 87' lang='lat' dir='ltr'><strong>quernas</strong></span> <span class='ocrx_word' id='word_1_515' title='bbox 1332 5064 1540 5129; x_wconf 77' lang='lat' dir='ltr'><strong>aﬂ&#39;erri,</strong></span> <span class='ocrx_word' id='word_1_516' title='bbox 1564 5076 1616 5120; x_wconf 85' lang='lat' dir='ltr'><strong>et</strong></span> <span class='ocrx_word' id='word_1_517' title='bbox 1639 5066 1757 5141; x_wconf 82' lang='lat' dir='ltr'><strong>ejus</strong></span> <span class='ocrx_word' id='word_1_518' title='bbox 1790 5076 1940 5137; x_wconf 81' lang='lat' dir='ltr'><strong>terga</strong></span> <span class='ocrx_word' id='word_1_519' title='bbox 1983 5082 2049 5122; x_wconf 89' lang='lat' dir='ltr'><strong>ac</strong></span> 
     </span>
    </p>
   </div>
   <div class='ocr_carea' id='block_1_71' title="bbox 465 5158 2050 5228">
    <p class='ocr_par' dir='ltr' id='par_1_71' title="bbox 465 5158 2050 5228">
     <span class='ocr_line' id='line_1_71' title="bbox 465 5158 2050 5228; baseline 0.004 -21"><span class='ocrx_word' id='word_1_520' title='bbox 465 5167 708 5210; x_wconf 85' lang='lat' dir='ltr'><strong>ventrem</strong></span> <span class='ocrx_word' id='word_1_521' title='bbox 744 5158 1041 5213; x_wconf 87' lang='lat' dir='ltr'><strong>verberari.</strong></span> <span class='ocrx_word' id='word_1_522' title='bbox 1086 5159 1333 5228; x_wconf 86' lang='lat' dir='ltr'><strong>Cumque</strong></span> <span class='ocrx_word' id='word_1_523' title='bbox 1367 5159 1555 5212; x_wconf 88' lang='lat' dir='ltr'><strong>decem</strong></span> <span class='ocrx_word' id='word_1_524' title='bbox 1592 5158 1842 5214; x_wconf 88' lang='lat' dir='ltr'><strong>homines</strong></span> <span class='ocrx_word' id='word_1_525' title='bbox 1886 5159 2050 5214; x_wconf 87' lang='lat' dir='ltr'><strong>vicis—</strong></span> 
     </span>
    </p>
   </div>
   <div class='ocr_carea' id='block_1_72' title="bbox 461 5248 2046 5322">
    <p class='ocr_par' dir='ltr' id='par_1_72' title="bbox 461 5248 2046 5322">
     <span class='ocr_line' id='line_1_72' title="bbox 461 5248 2046 5322; baseline 0.002 -20"><span class='ocrx_word' id='word_1_526' title='bbox 461 5248 566 5302; x_wconf 82' lang='lat' dir='ltr'><strong>sim</strong></span> <span class='ocrx_word' id='word_1_527' title='bbox 612 5249 799 5303; x_wconf 82' lang='lat' dir='ltr'><strong>Acacii</strong></span> <span class='ocrx_word' id='word_1_528' title='bbox 863 5264 1061 5318; x_wconf 88' lang='lat' dir='ltr'><strong>corpus</strong></span> <span class='ocrx_word' id='word_1_529' title='bbox 1119 5253 1492 5316; x_wconf 89' lang='lat' dir='ltr'><strong>verberarent,</strong></span> <span class='ocrx_word' id='word_1_530' title='bbox 1530 5262 1739 5322; x_wconf 82' lang='lat' dir='ltr'><strong>martyr</strong></span> <span class='ocrx_word' id='word_1_531' title='bbox 1773 5252 1890 5321; x_wconf 88' lang='lat' dir='ltr'><strong>ipse</strong></span> <span class='ocrx_word' id='word_1_532' title='bbox 1934 5262 2046 5306; x_wconf 90' lang='lat' dir='ltr'><strong>tor-</strong></span> 
     </span>
    </p>
   </div>
   <div class='ocr_carea' id='block_1_73' title="bbox 462 5342 2046 5410">
    <p class='ocr_par' dir='ltr' id='par_1_73' title="bbox 462 5342 2046 5410">
     <span class='ocr_line' id='line_1_73' title="bbox 462 5342 2046 5410; baseline 0.001 -14"><span class='ocrx_word' id='word_1_533' title='bbox 462 5343 658 5397; x_wconf 83' lang='lat' dir='ltr'><strong>mentis</strong></span> <span class='ocrx_word' id='word_1_534' title='bbox 718 5342 975 5405; x_wconf 80' lang='lat' dir='ltr'><strong>atllictus,</strong></span> <span class='ocrx_word' id='word_1_535' title='bbox 1031 5343 1108 5397; x_wconf 91' lang='lat' dir='ltr'><strong>sic</strong></span> <span class='ocrx_word' id='word_1_536' title='bbox 1169 5342 1440 5397; x_wconf 80' lang='lat' dir='ltr'><strong>clamabat</strong></span> <span class='ocrx_word' id='word_1_537' title='bbox 1494 5360 1509 5397; x_wconf 90' lang='lat'><strong>:</strong></span> <span class='ocrx_word' id='word_1_538' title='bbox 1561 5343 1801 5409; x_wconf 87' lang='lat' dir='ltr'><strong>Christe,</strong></span> <span class='ocrx_word' id='word_1_539' title='bbox 1855 5342 2046 5410; x_wconf 87' lang='lat' dir='ltr'><strong>adjuva</strong></span> 
     </span>
    </p>
   </div>
   <div class='ocr_carea' id='block_1_74' title="bbox 442 5436 2050 5509">
    <p class='ocr_par' dir='ltr' id='par_1_74' title="bbox 442 5436 2050 5509">
     <span class='ocr_line' id='line_1_74' title="bbox 442 5436 2050 5509; baseline 0.002 -22"><span class='ocrx_word' id='word_1_540' title='bbox 442 5436 720 5489; x_wconf 80' lang='lat' dir='ltr'><strong>humilem</strong></span> <span class='ocrx_word' id='word_1_541' title='bbox 754 5451 970 5490; x_wconf 84' lang='lat' dir='ltr'><strong>servum</strong></span> <span class='ocrx_word' id='word_1_542' title='bbox 1010 5445 1189 5491; x_wconf 89' lang='lat' dir='ltr'><strong>tuum.</strong></span> <span class='ocrx_word' id='word_1_543' title='bbox 1241 5436 1415 5492; x_wconf 84' lang='lat' dir='ltr'><strong>iratus</strong></span> <span class='ocrx_word' id='word_1_544' title='bbox 1447 5448 1625 5491; x_wconf 86' lang='lat' dir='ltr'><strong>autem</strong></span> <span class='ocrx_word' id='word_1_545' title='bbox 1659 5437 1843 5509; x_wconf 76' lang='lat' dir='ltr'><strong>judex,</strong></span> <span class='ocrx_word' id='word_1_546' title='bbox 1887 5437 2050 5507; x_wconf 87' lang='lat' dir='ltr'><strong>jussit</strong></span> 
     </span>
    </p>
   </div>
   <div class='ocr_carea' id='block_1_75' title="bbox 462 5526 2043 5598">
    <p class='ocr_par' dir='ltr' id='par_1_75' title="bbox 462 5526 2043 5598">
     <span class='ocr_line' id='line_1_75' title="bbox 462 5526 2043 5598; baseline 0.006 -26"><span class='ocrx_word' id='word_1_547' title='bbox 462 5528 704 5578; x_wconf 81' lang='lat' dir='ltr'><strong>vent‘rem</strong></span> <span class='ocrx_word' id='word_1_548' title='bbox 766 5526 998 5593; x_wconf 90' lang='lat' dir='ltr'><strong>amplius</strong></span> <span class='ocrx_word' id='word_1_549' title='bbox 1055 5527 1355 5582; x_wconf 87' lang='lat' dir='ltr'><strong>verberari.</strong></span> <span class='ocrx_word' id='word_1_550' title='bbox 1416 5527 1659 5598; x_wconf 87' lang='lat' dir='ltr'><strong>Cumque</strong></span> <span class='ocrx_word' id='word_1_551' title='bbox 1720 5529 1907 5582; x_wconf 89' lang='lat' dir='ltr'><strong>decem</strong></span> <span class='ocrx_word' id='word_1_552' title='bbox 1970 5528 2043 5581; x_wconf 91' lang='lat' dir='ltr'><strong>illi</strong></span> 
     </span>
    </p>
   </div>
   <div class='ocr_carea' id='block_1_76' title="bbox 459 5604 2045 5687">
    <p class='ocr_par' dir='ltr' id='par_1_76' title="bbox 459 5604 2045 5687">
     <span class='ocr_line' id='line_1_76' title="bbox 459 5604 2045 5687; baseline 0.002 -21"><span class='ocrx_word' id='word_1_553' title='bbox 459 5613 705 5670; x_wconf 88' lang='lat' dir='ltr'><strong>homines</strong></span> <span class='ocrx_word' id='word_1_554' title='bbox 754 5617 856 5669; x_wconf 87' lang='lat' dir='ltr'><strong>hoc</strong></span> <span class='ocrx_word' id='word_1_555' title='bbox 904 5604 1270 5679; x_wconf 76' lang='lat' dir='ltr'><strong>fecissent,‘et</strong></span> <span class='ocrx_word' id='word_1_556' title='bbox 1318 5618 1509 5672; x_wconf 88' lang='lat' dir='ltr'><strong>beatus</strong></span> <span class='ocrx_word' id='word_1_557' title='bbox 1556 5626 1763 5687; x_wconf 81' lang='lat' dir='ltr'><strong>martyr</strong></span> <span class='ocrx_word' id='word_1_558' title='bbox 1814 5616 2045 5682; x_wconf 86' lang='lat' dir='ltr'><strong>doleret,</strong></span> 
     </span>
    </p>
   </div>
   <div class='ocr_carea' id='block_1_77' title="bbox 450 5692 2044 5785">
    <p class='ocr_par' dir='ltr' id='par_1_77' title="bbox 450 5692 2044 5785">
     <span class='ocr_line' id='line_1_77' title="bbox 450 5692 2044 5785; baseline 0.006 -32"><span class='ocrx_word' id='word_1_559' title='bbox 450 5696 591 5758; x_wconf 64' lang='lat' dir='ltr'><strong>&#39;voee</strong></span> <span class='ocrx_word' id='word_1_560' title='bbox 630 5722 821 5777; x_wconf 79' lang='lat' dir='ltr'><strong>magna</strong></span> <span class='ocrx_word' id='word_1_561' title='bbox 861 5706 997 5762; x_wconf 79' lang='lat' dir='ltr'><strong>dixit</strong></span> <span class='ocrx_word' id='word_1_562' title='bbox 1034 5710 1051 5763; x_wconf 73' lang='grc' dir='ltr'><strong>ὲ</strong></span> <span class='ocrx_word' id='word_1_563' title='bbox 1090 5692 1329 5785; x_wconf 24' lang='lat' dir='ltr'><strong>[Domine</strong></span> <span class='ocrx_word' id='word_1_564' title='bbox 1383 5706 1510 5765; x_wconf 82' lang='lat' dir='ltr'><strong>Jesu</strong></span> <span class='ocrx_word' id='word_1_565' title='bbox 1566 5708 1800 5773; x_wconf 84' lang='lat' dir='ltr'><strong>Christe,</strong></span> <span class='ocrx_word' id='word_1_566' title='bbox 1849 5710 2044 5779; x_wconf 87' lang='lat' dir='ltr'><strong>adjuva</strong></span> 
     </span>
    </p>
   </div>
   <div class='ocr_carea' id='block_1_78' title="bbox 464 5798 2048 5860">
    <p class='ocr_par' dir='ltr' id='par_1_78' title="bbox 464 5798 2048 5860">
     <span class='ocr_line' id='line_1_78' title="bbox 464 5798 2048 5860; baseline 0.009 -15"><span class='ocrx_word' id='word_1_567' title='bbox 464 5806 679 5849; x_wconf 74' lang='lat' dir='ltr'><strong>servum</strong></span> <span class='ocrx_word' id='word_1_568' title='bbox 714 5806 859 5854; x_wconf 88' lang='lat' dir='ltr'><strong>tnunt</strong></span> <span class='ocrx_word' id='word_1_569' title='bbox 887 5800 1162 5855; x_wconf 83' lang='lat' dir='ltr'><strong>Acacium.</strong></span> <span class='ocrx_word' id='word_1_570' title='bbox 1189 5798 1301 5857; x_wconf 81' lang='lat' dir='ltr'><strong>Hoc</strong></span> <span class='ocrx_word' id='word_1_571' title='bbox 1332 5817 1453 5858; x_wconf 86' lang='lat' dir='ltr'><strong>eum</strong></span> <span class='ocrx_word' id='word_1_572' title='bbox 1490 5803 1557 5859; x_wconf 86' lang='lat' dir='ltr'><strong>ab</strong></span> <span class='ocrx_word' id='word_1_573' title='bbox 1588 5816 1653 5860; x_wconf 87' lang='lat' dir='ltr'><strong>eo</strong></span> <span class='ocrx_word' id='word_1_574' title='bbox 1686 5802 1885 5859; x_wconf 85' lang='lat' dir='ltr'><strong>dictum</strong></span> <span class='ocrx_word' id='word_1_575' title='bbox 1914 5801 2048 5860; x_wconf 77' lang='lat' dir='ltr'><strong>fuis-</strong></span> 
     </span>
    </p>
   </div>
   <div class='ocr_carea' id='block_1_79' title="bbox 2210 2213 3742 2292">
    <p class='ocr_par' dir='ltr' id='par_1_79' title="bbox 2210 2213 3742 2292">
     <span class='ocr_line' id='line_1_79' title="bbox 2210 2213 3742 2292; baseline 0 -20"><span class='ocrx_word' id='word_1_576' title='bbox 2210 2216 2319 2272; x_wconf 78' lang='lat' dir='ltr'><strong>iH&#39;.</strong></span> <span class='ocrx_word' id='word_1_577' title='bbox 2354 2219 2418 2273; x_wconf 86' lang='grc' dir='ltr'>Ὀ</span> <span class='ocrx_word' id='word_1_578' title='bbox 2443 2217 2710 2290; x_wconf 75' lang='grc' dir='ltr'>δικαστὴς</span> <span class='ocrx_word' id='word_1_579' title='bbox 2767 2213 2923 2274; x_wconf 68' lang='grc' dir='ltr'>εἶπεν</span> <span class='ocrx_word' id='word_1_580' title='bbox 2947 2235 2962 2249; x_wconf 74' lang='grc'><strong><em>⁵</em></strong></span> <span class='ocrx_word' id='word_1_581' title='bbox 2994 2220 3067 2273; x_wconf 71' lang='grc' dir='ltr'>Συ</span> <span class='ocrx_word' id='word_1_582' title='bbox 3121 2218 3384 2292; x_wconf 80' lang='grc' dir='ltr'>χρήματα</span> <span class='ocrx_word' id='word_1_583' title='bbox 3427 2221 3581 2292; x_wconf 86' lang='grc' dir='ltr'><strong>παρά</strong></span> <span class='ocrx_word' id='word_1_584' title='bbox 3620 2220 3742 2275; x_wconf 81' lang='grc' dir='ltr'><strong>τῶν</strong></span> 
     </span>
    </p>
   </div>
   <div class='ocr_carea' id='block_1_80' title="bbox 2143 2309 3747 2386">
    <p class='ocr_par' dir='ltr' id='par_1_80' title="bbox 2143 2309 3747 2386">
     <span class='ocr_line' id='line_1_80' title="bbox 2143 2309 3747 2386; baseline 0.002 -22"><span class='ocrx_word' id='word_1_585' title='bbox 2143 2311 2418 2365; x_wconf 84' lang='grc' dir='ltr'>συνέθνων</span> <span class='ocrx_word' id='word_1_586' title='bbox 2453 2311 2619 2366; x_wconf 79' lang='grc' dir='ltr'>αὐτοῦ</span> <span class='ocrx_word' id='word_1_587' title='bbox 2653 2309 2858 2377; x_wconf 88' lang='grc' dir='ltr'>λαϐὼν,</span> <span class='ocrx_word' id='word_1_588' title='bbox 2909 2310 3127 2376; x_wconf 70' lang='grc' dir='ltr'>παίζειν</span> <span class='ocrx_word' id='word_1_589' title='bbox 3158 2312 3336 2376; x_wconf 83' lang='grc' dir='ltr'>θέλεις</span> <span class='ocrx_word' id='word_1_590' title='bbox 3377 2314 3439 2367; x_wconf 81' lang='grc' dir='ltr'>τὸ</span> <span class='ocrx_word' id='word_1_591' title='bbox 3470 2314 3747 2386; x_wconf 75' lang='grc' dir='ltr'>δικαστή-</span> 
     </span>
    </p>
   </div>
   <div class='ocr_carea' id='block_1_81' title="bbox 2144 2404 3747 2478">
    <p class='ocr_par' dir='ltr' id='par_1_81' title="bbox 2144 2404 3747 2478">
     <span class='ocr_line' id='line_1_81' title="bbox 2144 2404 3747 2478; baseline 0.002 -20"><span class='ocrx_word' id='word_1_592' title='bbox 2144 2416 2282 2476; x_wconf 82' lang='grc' dir='ltr'>ριον.</span> <span class='ocrx_word' id='word_1_593' title='bbox 2312 2405 2427 2457; x_wconf 78' lang='grc' dir='ltr'><strong>Καὶ</strong></span> <span class='ocrx_word' id='word_1_594' title='bbox 2464 2404 2745 2474; x_wconf 75' lang='grc' dir='ltr'>θυμωθεὶς</span> <span class='ocrx_word' id='word_1_595' title='bbox 2795 2404 3109 2470; x_wconf 83' lang='grc' dir='ltr'>ἐκέλευσεν,</span> <span class='ocrx_word' id='word_1_596' title='bbox 3172 2407 3552 2476; x_wconf 79' lang='grc' dir='ltr'>καταυχενίοις</span> <span class='ocrx_word' id='word_1_597' title='bbox 3585 2406 3747 2478; x_wconf 72' lang='grc' dir='ltr'>αὐτῷ</span> 
     </span>
    </p>
   </div>
   <div class='ocr_carea' id='block_1_82' title="bbox 2149 2496 3748 2571">
    <p class='ocr_par' dir='ltr' id='par_1_82' title="bbox 2149 2496 3748 2571">
     <span class='ocr_line' id='line_1_82' title="bbox 2149 2496 3748 2571; baseline 0.002 -21"><span class='ocrx_word' id='word_1_598' title='bbox 2149 2496 2426 2566; x_wconf 79' lang='grc' dir='ltr'>μολίϐδεσι</span> <span class='ocrx_word' id='word_1_599' title='bbox 2483 2497 2822 2569; x_wconf 68' lang='grc' dir='ltr'>χρήσασθαι.</span> <span class='ocrx_word' id='word_1_600' title='bbox 2860 2497 2952 2561; x_wconf 80' lang='grc' dir='ltr'>Ὠς</span> <span class='ocrx_word' id='word_1_601' title='bbox 2982 2496 3039 2551; x_wconf 77' lang='grc' dir='ltr'>δὲ</span> <span class='ocrx_word' id='word_1_602' title='bbox 3082 2496 3442 2561; x_wconf 75' lang='grc' dir='ltr'>ἐϐασανίζετο</span> <span class='ocrx_word' id='word_1_603' title='bbox 3482 2500 3510 2552; x_wconf 90' lang='lat'><strong>6</strong></span> <span class='ocrx_word' id='word_1_604' title='bbox 3539 2500 3748 2571; x_wconf 80' lang='grc' dir='ltr'>δεσμο-</span> 
     </span>
    </p>
   </div>
   <div class='ocr_carea' id='block_1_83' title="bbox 2144 2587 3745 2658">
    <p class='ocr_par' dir='ltr' id='par_1_83' title="bbox 2144 2587 3745 2658">
     <span class='ocr_line' id='line_1_83' title="bbox 2144 2587 3745 2658; baseline 0.003 -18"><span class='ocrx_word' id='word_1_605' title='bbox 2144 2587 2341 2658; x_wconf 78' lang='grc' dir='ltr'>φύλαξ,</span> <span class='ocrx_word' id='word_1_606' title='bbox 2374 2589 2503 2641; x_wconf 80' lang='grc' dir='ltr'>ἐϐόα</span> <span class='ocrx_word' id='word_1_607' title='bbox 2535 2589 2630 2643; x_wconf 71' lang='grc' dir='ltr'><strong>καὶ</strong></span> <span class='ocrx_word' id='word_1_608' title='bbox 2655 2587 2843 2656; x_wconf 82' lang='grc' dir='ltr'>ἔλεγεν</span> <span class='ocrx_word' id='word_1_609' title='bbox 2866 2604 2879 2618; x_wconf 84' lang='grc'><strong><em>-</em></strong></span> <span class='ocrx_word' id='word_1_610' title='bbox 2908 2588 3113 2658; x_wconf 86' lang='grc' dir='ltr'>Δέομαί</span> <span class='ocrx_word' id='word_1_611' title='bbox 3135 2604 3253 2654; x_wconf 90' lang='grc' dir='ltr'>σου,</span> <span class='ocrx_word' id='word_1_612' title='bbox 3276 2590 3326 2642; x_wconf 84' lang='grc' dir='ltr'><strong>εί</strong></span> <span class='ocrx_word' id='word_1_613' title='bbox 3356 2588 3534 2653; x_wconf 75' lang='grc' dir='ltr'>ἄλλως</span> <span class='ocrx_word' id='word_1_614' title='bbox 3556 2587 3745 2655; x_wconf 83' lang='grc' dir='ltr'>εἶπον,</span> 
     </span>
    </p>
   </div>
   <div class='ocr_carea' id='block_1_84' title="bbox 2146 2676 3747 2754">
    <p class='ocr_par' dir='ltr' id='par_1_84' title="bbox 2146 2676 3747 2754">
     <span class='ocr_line' id='line_1_84' title="bbox 2146 2676 3747 2754; baseline 0.002 -20"><span class='ocrx_word' id='word_1_615' title='bbox 2146 2681 2473 2735; x_wconf 83' lang='grc' dir='ltr'>ἀπόκτεινόν</span> <span class='ocrx_word' id='word_1_616' title='bbox 2505 2698 2596 2752; x_wconf 90' lang='grc' dir='ltr'>με.</span> <span class='ocrx_word' id='word_1_617' title='bbox 2636 2681 2694 2734; x_wconf 88' lang='lat'><strong>&#39;0</strong></span> <span class='ocrx_word' id='word_1_618' title='bbox 2744 2681 3007 2751; x_wconf 82' lang='grc' dir='ltr'>δικαστὴς</span> <span class='ocrx_word' id='word_1_619' title='bbox 3034 2676 3191 2735; x_wconf 72' lang='grc' dir='ltr'>εἶπεν</span> <span class='ocrx_word' id='word_1_620' title='bbox 3215 2699 3228 2714; x_wconf 90' lang='grc'><strong>·</strong></span> <span class='ocrx_word' id='word_1_621' title='bbox 3280 2682 3393 2736; x_wconf 80' lang='grc' dir='ltr'><strong>ῡύκ</strong></span> <span class='ocrx_word' id='word_1_622' title='bbox 3431 2678 3526 2736; x_wconf 74' lang='grc' dir='ltr'>οὖν</span> <span class='ocrx_word' id='word_1_623' title='bbox 3558 2684 3747 2754; x_wconf 74' lang='grc' dir='ltr'>γόητα</span> 
     </span>
    </p>
   </div>
   <div class='ocr_carea' id='block_1_85' title="bbox 2147 2769 3746 2844">
    <p class='ocr_par' dir='ltr' id='par_1_85' title="bbox 2147 2769 3746 2844">
     <span class='ocr_line' id='line_1_85' title="bbox 2147 2769 3746 2844; baseline 0.001 -17"><span class='ocrx_word' id='word_1_624' title='bbox 2147 2774 2309 2828; x_wconf 79' lang='grc' dir='ltr'>ἀύτὸν</span> <span class='ocrx_word' id='word_1_625' title='bbox 2346 2774 2682 2843; x_wconf 77' lang='grc' dir='ltr'>ἀποφέρεις;</span> <span class='ocrx_word' id='word_1_626' title='bbox 2749 2772 2810 2824; x_wconf 86' lang='lat'><strong>&#39;0</strong></span> <span class='ocrx_word' id='word_1_627' title='bbox 2859 2773 3209 2844; x_wconf 76' lang='grc' dir='ltr'>δεσμοφύλαξ</span> <span class='ocrx_word' id='word_1_628' title='bbox 3254 2769 3450 2827; x_wconf 76' lang='grc' dir='ltr'>εἶπενο</span> <span class='ocrx_word' id='word_1_629' title='bbox 3519 2775 3661 2844; x_wconf 83' lang='grc' dir='ltr'>Ἐγὼ</span> <span class='ocrx_word' id='word_1_630' title='bbox 3714 2776 3746 2829; x_wconf 80' lang='grc' dir='ltr'><strong>ὅ</strong></span> 
     </span>
    </p>
   </div>
   <div class='ocr_carea' id='block_1_86' title="bbox 2148 2859 3744 2937">
    <p class='ocr_par' dir='ltr' id='par_1_86' title="bbox 2148 2859 3744 2937">
     <span class='ocr_line' id='line_1_86' title="bbox 2148 2859 3744 2937; baseline 0.001 -19"><span class='ocrx_word' id='word_1_631' title='bbox 2148 2859 2311 2929; x_wconf 77' lang='grc' dir='ltr'>εἷδον,</span> <span class='ocrx_word' id='word_1_632' title='bbox 2342 2862 2498 2918; x_wconf 75' lang='grc' dir='ltr'>εἷπον</span> <span class='ocrx_word' id='word_1_633' title='bbox 2521 2881 2532 2895; x_wconf 93' lang='grc'><strong>·</strong></span> <span class='ocrx_word' id='word_1_634' title='bbox 2567 2866 2617 2918; x_wconf 89' lang='grc' dir='ltr'><strong>εί</strong></span> <span class='ocrx_word' id='word_1_635' title='bbox 2640 2864 2696 2917; x_wconf 73' lang='grc' dir='ltr'>δὲ</span> <span class='ocrx_word' id='word_1_636' title='bbox 2722 2864 2870 2919; x_wconf 77' lang='grc' dir='ltr'>ἔστιν</span> <span class='ocrx_word' id='word_1_637' title='bbox 2901 2865 3058 2935; x_wconf 78' lang='grc' dir='ltr'>γόης,</span> <span class='ocrx_word' id='word_1_638' title='bbox 3082 2865 3183 2919; x_wconf 78' lang='grc' dir='ltr'>οὐκ</span> <span class='ocrx_word' id='word_1_639' title='bbox 3209 2860 3351 2922; x_wconf 80' lang='grc' dir='ltr'>οἶδα.</span> <span class='ocrx_word' id='word_1_640' title='bbox 3392 2865 3451 2919; x_wconf 87' lang='grc' dir='ltr'><strong>Ὀ</strong></span> <span class='ocrx_word' id='word_1_641' title='bbox 3476 2865 3531 2919; x_wconf 80' lang='grc' dir='ltr'>δὲ</span> <span class='ocrx_word' id='word_1_642' title='bbox 3558 2867 3744 2937; x_wconf 75' lang='grc' dir='ltr'>μακά·</span> 
     </span>
    </p>
   </div>
   <div class='ocr_carea' id='block_1_87' title="bbox 2152 2955 3748 3027">
    <p class='ocr_par' dir='ltr' id='par_1_87' title="bbox 2152 2955 3748 3027">
     <span class='ocr_line' id='line_1_87' title="bbox 2152 2955 3748 3027; baseline 0.002 -18"><span class='ocrx_word' id='word_1_643' title='bbox 2152 2962 2266 3027; x_wconf 79' lang='grc' dir='ltr'>ριος</span> <span class='ocrx_word' id='word_1_644' title='bbox 2302 2957 2560 3020; x_wconf 73' lang='grc' dir='ltr'>’Δκᾶκιος</span> <span class='ocrx_word' id='word_1_645' title='bbox 2595 2955 2769 3020; x_wconf 80' lang='grc' dir='ltr'>ἑστὼς</span> <span class='ocrx_word' id='word_1_646' title='bbox 2793 2958 2887 3009; x_wconf 74' lang='grc' dir='ltr'>καὶ</span> <span class='ocrx_word' id='word_1_647' title='bbox 2912 2956 3132 3011; x_wconf 75' lang='grc' dir='ltr'>ἀκούων</span> <span class='ocrx_word' id='word_1_648' title='bbox 3162 2956 3342 3011; x_wconf 73' lang='grc' dir='ltr'>ταῦτα</span> <span class='ocrx_word' id='word_1_649' title='bbox 3384 2959 3612 3027; x_wconf 70' lang='grc' dir='ltr'>ἐγέλασε</span> <span class='ocrx_word' id='word_1_650' title='bbox 3642 2960 3748 3013; x_wconf 70' lang='grc' dir='ltr'>ἐπὶ</span> 
     </span>
    </p>
   </div>
   <div class='ocr_carea' id='block_1_88' title="bbox 2150 3046 3747 3120">
    <p class='ocr_par' dir='ltr' id='par_1_88' title="bbox 2150 3046 3747 3120">
     <span class='ocr_line' id='line_1_88' title="bbox 2150 3046 3747 3120; baseline 0.003 -20"><span class='ocrx_word' id='word_1_651' title='bbox 2150 3052 2217 3118; x_wconf 79' lang='grc' dir='ltr'>τῇ</span> <span class='ocrx_word' id='word_1_652' title='bbox 2249 3049 2535 3120; x_wconf 71' lang='grc' dir='ltr'>ἀφροσύνῃ</span> <span class='ocrx_word' id='word_1_653' title='bbox 2563 3048 2766 3113; x_wconf 72' lang='grc' dir='ltr'>αὑτῶν,</span> <span class='ocrx_word' id='word_1_654' title='bbox 2795 3048 3074 3103; x_wconf 69' lang='grc' dir='ltr'>καὶτοῦτο</span> <span class='ocrx_word' id='word_1_655' title='bbox 3096 3050 3353 3114; x_wconf 69' lang='grc' dir='ltr'>κλασθεὶς</span> <span class='ocrx_word' id='word_1_656' title='bbox 3383 3052 3508 3115; x_wconf 77' lang='grc' dir='ltr'>τοὺς</span> <span class='ocrx_word' id='word_1_657' title='bbox 3548 3046 3747 3120; x_wconf 84' lang='grc' dir='ltr'>σιαγό-</span> 
     </span>
    </p>
   </div>
   <div class='ocr_carea' id='block_1_89' title="bbox 2153 3138 3749 3212">
    <p class='ocr_par' dir='ltr' id='par_1_89' title="bbox 2153 3138 3749 3212">
     <span class='ocr_line' id='line_1_89' title="bbox 2153 3138 3749 3212; baseline 0.001 -19"><span class='ocrx_word' id='word_1_658' title='bbox 2153 3156 2272 3204; x_wconf 81' lang='grc' dir='ltr'>νας,</span> <span class='ocrx_word' id='word_1_659' title='bbox 2295 3140 2369 3203; x_wconf 82' lang='grc' dir='ltr'>ὡς</span> <span class='ocrx_word' id='word_1_660' title='bbox 2391 3140 2482 3193; x_wconf 75' lang='grc' dir='ltr'><strong>τὸν</strong></span> <span class='ocrx_word' id='word_1_661' title='bbox 2506 3138 2768 3212; x_wconf 78' lang='grc' dir='ltr'>δικαστὴν</span> <span class='ocrx_word' id='word_1_662' title='bbox 2796 3141 2960 3196; x_wconf 84' lang='grc' dir='ltr'>πάλιν</span> <span class='ocrx_word' id='word_1_663' title='bbox 2979 3141 3309 3212; x_wconf 70' lang='grc' dir='ltr'>ὀργισθέντα</span> <span class='ocrx_word' id='word_1_664' title='bbox 3330 3159 3342 3171; x_wconf 74' lang='grc' dir='ltr'>ο</span> <span class='ocrx_word' id='word_1_665' title='bbox 3381 3142 3749 3209; x_wconf 79' lang='grc' dir='ltr'>Καταπαῖξαι</span> 
     </span>
    </p>
   </div>
   <div class='ocr_carea' id='block_1_90' title="bbox 2154 3227 3745 3304">
    <p class='ocr_par' dir='ltr' id='par_1_90' title="bbox 2154 3227 3745 3304">
     <span class='ocr_line' id='line_1_90' title="bbox 2154 3227 3745 3304; baseline 0.003 -20"><span class='ocrx_word' id='word_1_666' title='bbox 2154 3231 2314 3301; x_wconf 81' lang='grc' dir='ltr'>ἡμῶν</span> <span class='ocrx_word' id='word_1_667' title='bbox 2373 3227 2557 3301; x_wconf 82' lang='grc' dir='ltr'>ἦλθες,</span> <span class='ocrx_word' id='word_1_668' title='bbox 2609 3232 2808 3302; x_wconf 77' lang='grc' dir='ltr'>λέγων,</span> <span class='ocrx_word' id='word_1_669' title='bbox 2846 3232 3066 3304; x_wconf 73' lang='grc' dir='ltr'>θάῤῥῶν</span> <span class='ocrx_word' id='word_1_670' title='bbox 3122 3237 3245 3297; x_wconf 82' lang='grc' dir='ltr'>ταῖς</span> <span class='ocrx_word' id='word_1_671' title='bbox 3291 3234 3569 3303; x_wconf 81' lang='grc' dir='ltr'>γοητείαις</span> <span class='ocrx_word' id='word_1_672' title='bbox 3604 3248 3745 3304; x_wconf 69' lang='grc' dir='ltr'>σούς</span> 
     </span>
    </p>
   </div>
   <div class='ocr_carea' id='block_1_91' title="bbox 2167 3322 3747 3396">
    <p class='ocr_par' dir='ltr' id='par_1_91' title="bbox 2167 3322 3747 3396">
     <span class='ocr_line' id='line_1_91' title="bbox 2167 3322 3747 3396; baseline 0.001 -21"><span class='ocrx_word' id='word_1_673' title='bbox 2167 3322 2472 3393; x_wconf 78' lang='grc' dir='ltr'>Ἀπεκρίθη</span> <span class='ocrx_word' id='word_1_674' title='bbox 2534 3323 2825 3389; x_wconf 82' lang='grc' dir='ltr'><strong>Ἀκάκιος⁸</strong></span> <span class='ocrx_word' id='word_1_675' title='bbox 2886 3324 3037 3392; x_wconf 82' lang='grc' dir='ltr'><strong>Ἐγὼ</strong></span> <span class='ocrx_word' id='word_1_676' title='bbox 3063 3325 3162 3396; x_wconf 78' lang='grc' dir='ltr'>μὲν</span> <span class='ocrx_word' id='word_1_677' title='bbox 3209 3326 3270 3379; x_wconf 78' lang='grc' dir='ltr'>ού</span> <span class='ocrx_word' id='word_1_678' title='bbox 3303 3327 3631 3392; x_wconf 79' lang='grc' dir='ltr'>καταπαίζω</span> <span class='ocrx_word' id='word_1_679' title='bbox 3660 3326 3747 3391; x_wconf 70' lang='grc' dir='ltr'>ὡς</span> 
     </span>
    </p>
   </div>
   <div class='ocr_carea' id='block_1_92' title="bbox 2157 3414 3746 3489">
    <p class='ocr_par' dir='ltr' id='par_1_92' title="bbox 2157 3414 3746 3489">
     <span class='ocr_line' id='line_1_92' title="bbox 2157 3414 3746 3489; baseline 0.004 -23"><span class='ocrx_word' id='word_1_680' title='bbox 2157 3414 2460 3487; x_wconf 79' lang='grc' dir='ltr'>ἐπιχαίρων</span> <span class='ocrx_word' id='word_1_681' title='bbox 2491 3417 2557 3486; x_wconf 80' lang='grc' dir='ltr'>τῇ</span> <span class='ocrx_word' id='word_1_682' title='bbox 2583 3416 2833 3489; x_wconf 80' lang='grc' dir='ltr'>ἀπωλείᾳ</span> <span class='ocrx_word' id='word_1_683' title='bbox 2863 3416 3019 3488; x_wconf 81' lang='grc' dir='ltr'>ὑμῶν</span> <span class='ocrx_word' id='word_1_684' title='bbox 3044 3433 3059 3448; x_wconf 87' lang='grc'><strong>·</strong></span> <span class='ocrx_word' id='word_1_685' title='bbox 3107 3418 3246 3471; x_wconf 81' lang='grc' dir='ltr'>ἀλλὰ</span> <span class='ocrx_word' id='word_1_686' title='bbox 3277 3417 3371 3472; x_wconf 57' lang='grc' dir='ltr'>καὶ</span> <span class='ocrx_word' id='word_1_687' title='bbox 3403 3419 3613 3489; x_wconf 80' lang='grc' dir='ltr'>σφόδρα</span> <span class='ocrx_word' id='word_1_688' title='bbox 3642 3416 3746 3472; x_wconf 82' lang='grc' dir='ltr'>λυ-</span> 
     </span>
    </p>
   </div>
   <div class='ocr_carea' id='block_1_93' title="bbox 2156 3506 3746 3581">
    <p class='ocr_par' dir='ltr' id='par_1_93' title="bbox 2156 3506 3746 3581">
     <span class='ocr_line' id='line_1_93' title="bbox 2156 3506 3746 3581; baseline 0.004 -25"><span class='ocrx_word' id='word_1_689' title='bbox 2156 3506 2371 3575; x_wconf 82' lang='grc' dir='ltr'>ποῦμαι</span> <span class='ocrx_word' id='word_1_690' title='bbox 2415 3508 2675 3578; x_wconf 76' lang='grc' dir='ltr'>περὶτῆς</span> <span class='ocrx_word' id='word_1_691' title='bbox 2706 3508 2881 3563; x_wconf 81' lang='grc' dir='ltr'>ἀϊδίου</span> <span class='ocrx_word' id='word_1_692' title='bbox 2916 3507 3072 3578; x_wconf 84' lang='grc' dir='ltr'>ὑμῶν</span> <span class='ocrx_word' id='word_1_693' title='bbox 3102 3509 3357 3581; x_wconf 86' lang='grc' dir='ltr'>κρίσεως.</span> <span class='ocrx_word' id='word_1_694' title='bbox 3414 3509 3645 3573; x_wconf 81' lang='grc' dir='ltr'>Παίζετε</span> <span class='ocrx_word' id='word_1_695' title='bbox 3680 3508 3746 3564; x_wconf 82' lang='grc' dir='ltr'>δὲ</span> 
     </span>
    </p>
   </div>
   <div class='ocr_carea' id='block_1_94' title="bbox 2156 3598 3744 3670">
    <p class='ocr_par' dir='ltr' id='par_1_94' title="bbox 2156 3598 3744 3670">
     <span class='ocr_line' id='line_1_94' title="bbox 2156 3598 3744 3670; baseline 0.002 -18"><span class='ocrx_word' id='word_1_696' title='bbox 2156 3599 2314 3667; x_wconf 80' lang='grc' dir='ltr'>ὑμεῖς</span> <span class='ocrx_word' id='word_1_697' title='bbox 2349 3598 2449 3669; x_wconf 82' lang='grc' dir='ltr'>τὴν</span> <span class='ocrx_word' id='word_1_698' title='bbox 2478 3599 2692 3653; x_wconf 77' lang='grc' dir='ltr'>ἑαυτῶν</span> <span class='ocrx_word' id='word_1_699' title='bbox 2726 3598 2893 3670; x_wconf 75' lang='grc' dir='ltr'>ζωὴν,</span> <span class='ocrx_word' id='word_1_700' title='bbox 2927 3600 3326 3664; x_wconf 84' lang='grc' dir='ltr'>καταλιπόντες</span> <span class='ocrx_word' id='word_1_701' title='bbox 3364 3602 3455 3654; x_wconf 81' lang='grc' dir='ltr'><strong>τὸν</strong></span> <span class='ocrx_word' id='word_1_702' title='bbox 3480 3602 3744 3670; x_wconf 63' lang='grc' dir='ltr'>ἀληθινὸν</span> 
     </span>
    </p>
   </div>
   <div class='ocr_carea' id='block_1_95' title="bbox 2154 3688 3746 3762">
    <p class='ocr_par' dir='ltr' id='par_1_95' title="bbox 2154 3688 3746 3762">
     <span class='ocr_line' id='line_1_95' title="bbox 2154 3688 3746 3762; baseline 0.003 -21"><span class='ocrx_word' id='word_1_703' title='bbox 2154 3688 2309 3755; x_wconf 78' lang='grc' dir='ltr'>Θεὸν,</span> <span class='ocrx_word' id='word_1_704' title='bbox 2342 3691 2433 3744; x_wconf 85' lang='grc' dir='ltr'><strong>τὸν</strong></span> <span class='ocrx_word' id='word_1_705' title='bbox 2466 3690 2772 3761; x_wconf 79' lang='grc' dir='ltr'>ποιήσαντα</span> <span class='ocrx_word' id='word_1_706' title='bbox 2812 3689 2905 3742; x_wconf 87' lang='grc' dir='ltr'><strong>τδν</strong></span> <span class='ocrx_word' id='word_1_707' title='bbox 2937 3691 3191 3762; x_wconf 69' lang='grc' dir='ltr'>οὐρανὸν,</span> <span class='ocrx_word' id='word_1_708' title='bbox 3226 3692 3320 3744; x_wconf 78' lang='grc' dir='ltr'><strong>καὶ</strong></span> <span class='ocrx_word' id='word_1_709' title='bbox 3350 3692 3448 3762; x_wconf 81' lang='grc' dir='ltr'>τὴν</span> <span class='ocrx_word' id='word_1_710' title='bbox 3479 3692 3604 3761; x_wconf 83' lang='grc' dir='ltr'>γῆν,</span> <span class='ocrx_word' id='word_1_711' title='bbox 3640 3694 3746 3746; x_wconf 82' lang='grc' dir='ltr'>καὶ</span> 
     </span>
    </p>
   </div>
   <div class='ocr_carea' id='block_1_96' title="bbox 2154 3782 3747 3853">
    <p class='ocr_par' dir='ltr' id='par_1_96' title="bbox 2154 3782 3747 3853">
     <span class='ocr_line' id='line_1_96' title="bbox 2154 3782 3747 3853; baseline 0.001 -18"><span class='ocrx_word' id='word_1_712' title='bbox 2154 3784 2253 3853; x_wconf 82' lang='grc' dir='ltr'>τὴν</span> <span class='ocrx_word' id='word_1_713' title='bbox 2315 3782 2616 3849; x_wconf 76' lang='grc' dir='ltr'>θάλασσαν,</span> <span class='ocrx_word' id='word_1_714' title='bbox 2657 3785 2753 3837; x_wconf 79' lang='grc' dir='ltr'>καὶ</span> <span class='ocrx_word' id='word_1_715' title='bbox 2788 3784 2965 3838; x_wconf 82' lang='grc' dir='ltr'>πάντα</span> <span class='ocrx_word' id='word_1_716' title='bbox 3015 3783 3084 3837; x_wconf 79' lang='grc' dir='ltr'><strong>τά</strong></span> <span class='ocrx_word' id='word_1_717' title='bbox 3114 3786 3171 3837; x_wconf 72' lang='grc' dir='ltr'>ἐν</span> <span class='ocrx_word' id='word_1_718' title='bbox 3202 3784 3408 3849; x_wconf 74' lang='grc' dir='ltr'>αὐτοῖς,</span> <span class='ocrx_word' id='word_1_719' title='bbox 3440 3785 3535 3837; x_wconf 80' lang='grc' dir='ltr'>καὶ</span> <span class='ocrx_word' id='word_1_720' title='bbox 3566 3783 3747 3849; x_wconf 78' lang='grc' dir='ltr'>λίθοις</span> 
     </span>
    </p>
   </div>
   <div class='ocr_carea' id='block_1_97' title="bbox 2156 3869 3744 3947">
    <p class='ocr_par' dir='ltr' id='par_1_97' title="bbox 2156 3869 3744 3947">
     <span class='ocr_line' id='line_1_97' title="bbox 2156 3869 3744 3947; baseline 0.002 -22"><span class='ocrx_word' id='word_1_721' title='bbox 2156 3874 2615 3944; x_wconf 78' lang='grc' dir='ltr'>προσκυνοῦντες.</span> <span class='ocrx_word' id='word_1_722' title='bbox 2658 3874 2719 3927; x_wconf 87' lang='grc' dir='ltr'>Ὀ</span> <span class='ocrx_word' id='word_1_723' title='bbox 2742 3873 3003 3944; x_wconf 76' lang='grc' dir='ltr'>δικαστής</span> <span class='ocrx_word' id='word_1_724' title='bbox 3043 3869 3236 3927; x_wconf 79' lang='grc' dir='ltr'>εἶπεν·</span> <span class='ocrx_word' id='word_1_725' title='bbox 3285 3873 3379 3946; x_wconf 74' lang='grc' dir='ltr'><strong>Μὴ</strong></span> <span class='ocrx_word' id='word_1_726' title='bbox 3400 3874 3630 3947; x_wconf 81' lang='grc' dir='ltr'>νομίσῃς</span> <span class='ocrx_word' id='word_1_727' title='bbox 3668 3892 3744 3946; x_wconf 86' lang='grc' dir='ltr'><strong>με</strong></span> 
     </span>
    </p>
   </div>
   <div class='ocr_carea' id='block_1_98' title="bbox 2156 3962 3743 4038">
    <p class='ocr_par' dir='ltr' id='par_1_98' title="bbox 2156 3962 3743 4038">
     <span class='ocr_line' id='line_1_98' title="bbox 2156 3962 3743 4038; baseline 0.003 -23"><span class='ocrx_word' id='word_1_728' title='bbox 2156 3964 2376 4033; x_wconf 75' lang='grc' dir='ltr'>νικῆσαι</span> <span class='ocrx_word' id='word_1_729' title='bbox 2405 3965 2470 4035; x_wconf 78' lang='grc' dir='ltr'><strong>τῇ</strong></span> <span class='ocrx_word' id='word_1_730' title='bbox 2502 3962 2720 4035; x_wconf 72' lang='grc' dir='ltr'>εὐτονίᾳ</span> <span class='ocrx_word' id='word_1_731' title='bbox 2770 3979 2865 4016; x_wconf 90' lang='grc' dir='ltr'>σου</span> <span class='ocrx_word' id='word_1_732' title='bbox 2891 3980 2904 3995; x_wconf 75' lang='grc' dir='ltr'>ο</span> <span class='ocrx_word' id='word_1_733' title='bbox 2939 3964 3042 4016; x_wconf 73' lang='grc' dir='ltr'>οὐκ</span> <span class='ocrx_word' id='word_1_734' title='bbox 3092 3964 3167 4018; x_wconf 73' lang='grc' dir='ltr'><strong>ἐῶ</strong></span> <span class='ocrx_word' id='word_1_735' title='bbox 3200 3982 3257 4017; x_wconf 80' lang='grc' dir='ltr'>σε</span> <span class='ocrx_word' id='word_1_736' title='bbox 3291 3964 3478 4035; x_wconf 78' lang='grc' dir='ltr'>ζῆσαι,</span> <span class='ocrx_word' id='word_1_737' title='bbox 3511 3967 3609 4019; x_wconf 76' lang='grc' dir='ltr'>ἐὰν</span> <span class='ocrx_word' id='word_1_738' title='bbox 3659 3969 3743 4038; x_wconf 81' lang='grc' dir='ltr'>μὴ</span> 
     </span>
    </p>
   </div>
   <div class='ocr_carea' id='block_1_99' title="bbox 2155 4048 3747 4125">
    <p class='ocr_par' dir='ltr' id='par_1_99' title="bbox 2155 4048 3747 4125">
     <span class='ocr_line' id='line_1_99' title="bbox 2155 4048 3747 4125; baseline 0.006 -23"><span class='ocrx_word' id='word_1_739' title='bbox 2155 4048 2329 4122; x_wconf 81' lang='grc' dir='ltr'>θύσῃς</span> <span class='ocrx_word' id='word_1_740' title='bbox 2369 4052 2463 4103; x_wconf 72' lang='grc' dir='ltr'>καὶ</span> <span class='ocrx_word' id='word_1_741' title='bbox 2520 4049 2822 4121; x_wconf 78' lang='grc' dir='ltr'>πληρώσῃς</span> <span class='ocrx_word' id='word_1_742' title='bbox 2874 4052 2936 4106; x_wconf 81' lang='grc' dir='ltr'><strong>τὸ</strong></span> <span class='ocrx_word' id='word_1_743' title='bbox 2991 4055 3338 4125; x_wconf 84' lang='grc' dir='ltr'>προσταχθέν</span> <span class='ocrx_word' id='word_1_744' title='bbox 3377 4072 3461 4108; x_wconf 84' lang='grc' dir='ltr'>σοι</span> <span class='ocrx_word' id='word_1_745' title='bbox 3488 4055 3595 4110; x_wconf 78' lang='grc' dir='ltr'>ὑπὸ</span> <span class='ocrx_word' id='word_1_746' title='bbox 3627 4056 3747 4111; x_wconf 82' lang='grc' dir='ltr'><strong>τῶν</strong></span> 
     </span>
    </p>
   </div>
   <div class='ocr_carea' id='block_1_100' title="bbox 2154 4141 3748 4217">
    <p class='ocr_par' dir='ltr' id='par_1_100' title="bbox 2154 4141 3748 4217">
     <span class='ocr_line' id='line_1_100' title="bbox 2154 4141 3748 4217; baseline 0.006 -24"><span class='ocrx_word' id='word_1_747' title='bbox 2154 4141 2438 4211; x_wconf 76' lang='grc' dir='ltr'>ἀηττήτων</span> <span class='ocrx_word' id='word_1_748' title='bbox 2463 4144 2889 4217; x_wconf 85' lang='grc' dir='ltr'>αὐτοκρατόρων</span> <span class='ocrx_word' id='word_1_749' title='bbox 2924 4142 3216 4216; x_wconf 61' lang='grc' dir='ltr'>βασιλέωνέ</span> <span class='ocrx_word' id='word_1_750' title='bbox 3261 4146 3518 4210; x_wconf 79' lang='grc' dir='ltr'>’Δκάκιος</span> <span class='ocrx_word' id='word_1_751' title='bbox 3546 4146 3698 4217; x_wconf 80' lang='grc' dir='ltr'>λέγει</span> <span class='ocrx_word' id='word_1_752' title='bbox 3727 4165 3748 4180; x_wconf 69' lang='grc' dir='ltr'><strong><em>ο</em></strong></span> 
     </span>
    </p>
   </div>
   <div class='ocr_carea' id='block_1_101' title="bbox 2155 4233 3751 4310">
    <p class='ocr_par' dir='ltr' id='par_1_101' title="bbox 2155 4233 3751 4310">
     <span class='ocr_line' id='line_1_101' title="bbox 2155 4233 3751 4310; baseline 0.006 -25"><span class='ocrx_word' id='word_1_753' title='bbox 2155 4233 2218 4286; x_wconf 83' lang='grc' dir='ltr'>Εί</span> <span class='ocrx_word' id='word_1_754' title='bbox 2250 4233 2564 4305; x_wconf 81' lang='grc' dir='ltr'>ἐφοϐούμην</span> <span class='ocrx_word' id='word_1_755' title='bbox 2588 4251 2684 4287; x_wconf 90' lang='grc' dir='ltr'>σου</span> <span class='ocrx_word' id='word_1_756' title='bbox 2707 4235 2805 4298; x_wconf 84' lang='grc' dir='ltr'>τὰς</span> <span class='ocrx_word' id='word_1_757' title='bbox 2827 4234 3085 4302; x_wconf 80' lang='grc' dir='ltr'>ἀπειλὰς,</span> <span class='ocrx_word' id='word_1_758' title='bbox 3116 4237 3227 4290; x_wconf 83' lang='grc' dir='ltr'><strong>ἀπὸ</strong></span> <span class='ocrx_word' id='word_1_759' title='bbox 3272 4238 3497 4310; x_wconf 86' lang='grc' dir='ltr'>πρώτης</span> <span class='ocrx_word' id='word_1_760' title='bbox 3523 4239 3590 4298; x_wconf 83' lang='grc' dir='ltr'>ἂν</span> <span class='ocrx_word' id='word_1_761' title='bbox 3616 4256 3751 4294; x_wconf 85' lang='grc' dir='ltr'>πει-</span> 
     </span>
    </p>
   </div>
   <div class='ocr_carea' id='block_1_102' title="bbox 2155 4323 3747 4401">
    <p class='ocr_par' dir='ltr' id='par_1_102' title="bbox 2155 4323 3747 4401">
     <span class='ocr_line' id='line_1_102' title="bbox 2155 4323 3747 4401; baseline 0.006 -25"><span class='ocrx_word' id='word_1_762' title='bbox 2155 4323 2303 4388; x_wconf 86' lang='grc' dir='ltr'>σθείς</span> <span class='ocrx_word' id='word_1_763' title='bbox 2328 4342 2409 4378; x_wconf 80' lang='grc' dir='ltr'><strong>σοι</strong></span> <span class='ocrx_word' id='word_1_764' title='bbox 2440 4326 2659 4381; x_wconf 66' lang='grc' dir='ltr'>ἐποίουν</span> <span class='ocrx_word' id='word_1_765' title='bbox 2681 4325 2710 4378; x_wconf 84' lang='lat'><strong>6</strong></span> <span class='ocrx_word' id='word_1_766' title='bbox 2743 4324 2922 4394; x_wconf 85' lang='grc' dir='ltr'>λέγεις</span> <span class='ocrx_word' id='word_1_767' title='bbox 2942 4344 2957 4358; x_wconf 88' lang='grc'><strong>·</strong></span> <span class='ocrx_word' id='word_1_768' title='bbox 2993 4327 3183 4399; x_wconf 80' lang='grc' dir='ltr'>ἐπειδὴ</span> <span class='ocrx_word' id='word_1_769' title='bbox 3205 4328 3262 4382; x_wconf 82' lang='grc' dir='ltr'>δὲ</span> <span class='ocrx_word' id='word_1_770' title='bbox 3289 4332 3318 4383; x_wconf 87' lang='lat'><strong>6</strong></span> <span class='ocrx_word' id='word_1_771' title='bbox 3345 4330 3605 4400; x_wconf 86' lang='grc' dir='ltr'>λογισμός</span> <span class='ocrx_word' id='word_1_772' title='bbox 3632 4348 3747 4401; x_wconf 81' lang='grc' dir='ltr'><strong>μου</strong></span> 
     </span>
    </p>
   </div>
   <div class='ocr_carea' id='block_1_103' title="bbox 2155 4417 3749 4492">
    <p class='ocr_par' dir='ltr' id='par_1_103' title="bbox 2155 4417 3749 4492">
     <span class='ocr_line' id='line_1_103' title="bbox 2155 4417 3749 4492; baseline 0.004 -20"><span class='ocrx_word' id='word_1_773' title='bbox 2155 4417 2393 4473; x_wconf 86' lang='grc' dir='ltr'>καλλίων</span> <span class='ocrx_word' id='word_1_774' title='bbox 2417 4435 2511 4473; x_wconf 92' lang='grc' dir='ltr'>σου</span> <span class='ocrx_word' id='word_1_775' title='bbox 2549 4419 2669 4473; x_wconf 77' lang='grc' dir='ltr'>ἐστὶ</span> <span class='ocrx_word' id='word_1_776' title='bbox 2705 4420 2799 4473; x_wconf 83' lang='grc' dir='ltr'><strong>καὶ</strong></span> <span class='ocrx_word' id='word_1_777' title='bbox 2822 4421 2883 4474; x_wconf 79' lang='grc' dir='ltr'>οὐ</span> <span class='ocrx_word' id='word_1_778' title='bbox 2910 4420 3190 4492; x_wconf 80' lang='grc' dir='ltr'>φοϐοῦμαι</span> <span class='ocrx_word' id='word_1_779' title='bbox 3223 4440 3318 4477; x_wconf 90' lang='grc' dir='ltr'><strong>σου</strong></span> <span class='ocrx_word' id='word_1_780' title='bbox 3350 4425 3451 4487; x_wconf 74' lang='grc' dir='ltr'><strong>τὰς</strong></span> <span class='ocrx_word' id='word_1_781' title='bbox 3481 4424 3749 4492; x_wconf 77' lang='grc' dir='ltr'>ἀπειλὰς,</span> 
     </span>
    </p>
   </div>
   <div class='ocr_carea' id='block_1_104' title="bbox 2085 4508 2571 4579">
    <p class='ocr_par' dir='ltr' id='par_1_104' title="bbox 2085 4508 2571 4579">
     <span class='ocr_line' id='line_1_104' title="bbox 2085 4508 2571 4579; baseline 0.004 -16"><span class='ocrx_word' id='word_1_782' title='bbox 2085 4524 2129 4579; x_wconf 79' lang='grc' dir='ltr'><strong>ι)</strong></span> <span class='ocrx_word' id='word_1_783' title='bbox 2160 4509 2301 4563; x_wconf 88' lang='grc' dir='ltr'>ποίει</span> <span class='ocrx_word' id='word_1_784' title='bbox 2325 4509 2354 4562; x_wconf 82' lang='lat'><strong>6</strong></span> <span class='ocrx_word' id='word_1_785' title='bbox 2376 4508 2571 4573; x_wconf 85' lang='grc' dir='ltr'>θέλεις.</span> 
     </span>
    </p>
   </div>
   <div class='ocr_carea' id='block_1_105' title="bbox 538 4599 2129 4676">
    <p class='ocr_par' dir='ltr' id='par_1_105' title="bbox 538 4599 2129 4676">
     <span class='ocr_line' id='line_1_105' title="bbox 538 4599 2129 4676; baseline 0.005 -21"><span class='ocrx_word' id='word_1_786' title='bbox 538 4599 684 4656; x_wconf 76' lang='lat' dir='ltr'><strong>XIX.</strong></span> <span class='ocrx_word' id='word_1_787' title='bbox 720 4601 873 4658; x_wconf 87' lang='lat' dir='ltr'><strong>Tunc</strong></span> <span class='ocrx_word' id='word_1_788' title='bbox 903 4603 1070 4658; x_wconf 80' lang='lat' dir='ltr'><strong>.ludcx</strong></span> <span class='ocrx_word' id='word_1_789' title='bbox 1106 4602 1289 4660; x_wconf 83' lang='lat' dir='ltr'><strong>furore</strong></span> <span class='ocrx_word' id='word_1_790' title='bbox 1336 4605 1576 4673; x_wconf 87' lang='lat' dir='ltr'><strong>percitus</strong></span> <span class='ocrx_word' id='word_1_791' title='bbox 1608 4624 1621 4661; x_wconf 90' lang='lat'><strong>:</strong></span> <span class='ocrx_word' id='word_1_792' title='bbox 1661 4604 2051 4676; x_wconf 77' lang='lat' dir='ltr'><strong>Sacriﬁcasne,</strong></span> <span class='ocrx_word' id='word_1_793' title='bbox 2124 4608 2129 4613; x_wconf 84' lang='grc'><em>’</em></span> 
     </span>
    </p>
   </div>
   <div class='ocr_carea' id='block_1_106' title="bbox 2227 4601 3749 4680">
    <p class='ocr_par' dir='ltr' id='par_1_106' title="bbox 2227 4601 3749 4680">
     <span class='ocr_line' id='line_1_106' title="bbox 2227 4601 3749 4680; baseline 0.004 -23"><span class='ocrx_word' id='word_1_794' title='bbox 2227 4601 2328 4657; x_wconf 76' lang='lat'><strong>18&#39;.</strong></span> <span class='ocrx_word' id='word_1_795' title='bbox 2362 4603 2497 4657; x_wconf 83' lang='grc' dir='ltr'>Τότε</span> <span class='ocrx_word' id='word_1_796' title='bbox 2537 4603 2814 4675; x_wconf 77' lang='grc' dir='ltr'>θυμωθεὶς</span> <span class='ocrx_word' id='word_1_797' title='bbox 2845 4607 2874 4661; x_wconf 96' lang='lat'><strong>6</strong></span> <span class='ocrx_word' id='word_1_798' title='bbox 2910 4607 3176 4680; x_wconf 77' lang='grc' dir='ltr'>δικαστὴς</span> <span class='ocrx_word' id='word_1_799' title='bbox 3208 4607 3395 4677; x_wconf 83' lang='grc' dir='ltr'>λέγει’</span> <span class='ocrx_word' id='word_1_800' title='bbox 3438 4609 3599 4673; x_wconf 88' lang='grc' dir='ltr'>Θύεις</span> <span class='ocrx_word' id='word_1_801' title='bbox 3624 4607 3749 4663; x_wconf 81' lang='grc' dir='ltr'>λοι-</span> 
     </span>
    </p>
   </div>
   <div class='ocr_carea' id='block_1_107' title="bbox 2157 4694 3742 4772">
    <p class='ocr_par' dir='ltr' id='par_1_107' title="bbox 2157 4694 3742 4772">
     <span class='ocr_line' id='line_1_107' title="bbox 2157 4694 3742 4772; baseline 0.005 -25"><span class='ocrx_word' id='word_1_802' title='bbox 2157 4695 2311 4766; x_wconf 80' lang='grc' dir='ltr'>πδνῆ</span> <span class='ocrx_word' id='word_1_803' title='bbox 2345 4694 2426 4748; x_wconf 81' lang='grc' dir='ltr'>ἔτι</span> <span class='ocrx_word' id='word_1_804' title='bbox 2455 4696 2740 4765; x_wconf 82' lang='grc' dir='ltr'>ὲπιμένεις</span> <span class='ocrx_word' id='word_1_805' title='bbox 2773 4701 2839 4769; x_wconf 75' lang='grc' dir='ltr'>τῇ</span> <span class='ocrx_word' id='word_1_806' title='bbox 2876 4700 3061 4772; x_wconf 79' lang='grc' dir='ltr'>μωρίᾳ</span> <span class='ocrx_word' id='word_1_807' title='bbox 3100 4717 3231 4767; x_wconf 85' lang='grc' dir='ltr'>σου;</span> <span class='ocrx_word' id='word_1_808' title='bbox 3273 4702 3529 4765; x_wconf 77' lang='grc' dir='ltr'>Ἀκάκιος</span> <span class='ocrx_word' id='word_1_809' title='bbox 3558 4698 3742 4755; x_wconf 81' lang='grc' dir='ltr'>εἶπεν·</span> 
     </span>
    </p>
   </div>
   <div class='ocr_carea' id='block_1_108' title="bbox 2166 4782 3744 4862">
    <p class='ocr_par' dir='ltr' id='par_1_108' title="bbox 2166 4782 3744 4862">
     <span class='ocr_line' id='line_1_108' title="bbox 2166 4782 3744 4862; baseline 0.006 -26"><span class='ocrx_word' id='word_1_810' title='bbox 2166 4782 2480 4853; x_wconf 83' lang='grc' dir='ltr'>Ἐπιμένεις</span> <span class='ocrx_word' id='word_1_811' title='bbox 2510 4784 2576 4837; x_wconf 83' lang='grc' dir='ltr'>σὺ</span> <span class='ocrx_word' id='word_1_812' title='bbox 2607 4786 2928 4858; x_wconf 83' lang='grc' dir='ltr'>ἀνθρώπους</span> <span class='ocrx_word' id='word_1_813' title='bbox 2959 4790 3129 4861; x_wconf 81' lang='grc' dir='ltr'>μηδὲν</span> <span class='ocrx_word' id='word_1_814' title='bbox 3160 4790 3478 4861; x_wconf 81' lang='grc' dir='ltr'>πράξαντας</span> <span class='ocrx_word' id='word_1_815' title='bbox 3501 4792 3673 4845; x_wconf 81' lang='grc' dir='ltr'>κακὸν</span> <span class='ocrx_word' id='word_1_816' title='bbox 3707 4794 3744 4862; x_wconf 78' lang='grc' dir='ltr'>ἢ</span> 
     </span>
    </p>
   </div>
   <div class='ocr_carea' id='block_1_109' title="bbox 2152 4876 3746 4953">
    <p class='ocr_par' dir='ltr' id='par_1_109' title="bbox 2152 4876 3746 4953">
     <span class='ocr_line' id='line_1_109' title="bbox 2152 4876 3746 4953; baseline 0.008 -24"><span class='ocrx_word' id='word_1_817' title='bbox 2152 4876 2543 4947; x_wconf 81' lang='grc' dir='ltr'>ἀδικήσαντας,</span> <span class='ocrx_word' id='word_1_818' title='bbox 2572 4880 2775 4945; x_wconf 85' lang='grc' dir='ltr'>ἀδίκως</span> <span class='ocrx_word' id='word_1_819' title='bbox 2796 4882 2971 4947; x_wconf 73' lang='grc' dir='ltr'>οὕτως</span> <span class='ocrx_word' id='word_1_820' title='bbox 2997 4884 3345 4953; x_wconf 75' lang='grc' dir='ltr'>ἀναλίσκωνς</span> <span class='ocrx_word' id='word_1_821' title='bbox 3388 4887 3659 4949; x_wconf 75' lang='grc' dir='ltr'>’Δκούσας</span> <span class='ocrx_word' id='word_1_822' title='bbox 3681 4885 3746 4941; x_wconf 74' lang='grc' dir='ltr'><strong>δὲ</strong></span> 
     </span>
    </p>
   </div>
   <div class='ocr_carea' id='block_1_110' title="bbox 2152 4968 3746 5050">
    <p class='ocr_par' dir='ltr' id='par_1_110' title="bbox 2152 4968 3746 5050">
     <span class='ocr_line' id='line_1_110' title="bbox 2152 4968 3746 5050; baseline 0.006 -29"><span class='ocrx_word' id='word_1_823' title='bbox 2152 4968 2325 5022; x_wconf 80' lang='grc' dir='ltr'>ταῦτα</span> <span class='ocrx_word' id='word_1_824' title='bbox 2345 4970 2377 5022; x_wconf 91' lang='lat'><strong>6</strong></span> <span class='ocrx_word' id='word_1_825' title='bbox 2394 4970 2678 5043; x_wconf 77' lang='grc' dir='ltr'>δικαστὴς,</span> <span class='ocrx_word' id='word_1_826' title='bbox 2709 4974 2928 5029; x_wconf 82' lang='grc' dir='ltr'>κελεύει</span> <span class='ocrx_word' id='word_1_827' title='bbox 2958 4977 3223 5047; x_wconf 78' lang='grc' dir='ltr'>μηλεῖνας</span> <span class='ocrx_word' id='word_1_828' title='bbox 3256 4976 3490 5047; x_wconf 78' lang='grc' dir='ltr'>ῥάϐδους</span> <span class='ocrx_word' id='word_1_829' title='bbox 3511 4977 3746 5050; x_wconf 73' lang='grc' dir='ltr'>ἐνεχθῆ-</span> 
     </span>
    </p>
   </div>
   <div class='ocr_carea' id='block_1_111' title="bbox 2152 5062 3744 5139">
    <p class='ocr_par' dir='ltr' id='par_1_111' title="bbox 2152 5062 3744 5139">
     <span class='ocr_line' id='line_1_111' title="bbox 2152 5062 3744 5139; baseline 0.008 -26"><span class='ocrx_word' id='word_1_830' title='bbox 2152 5078 2243 5116; x_wconf 89' lang='grc' dir='ltr'><strong>ναι</strong></span> <span class='ocrx_word' id='word_1_831' title='bbox 2275 5063 2370 5115; x_wconf 72' lang='grc' dir='ltr'><strong>καὶ</strong></span> <span class='ocrx_word' id='word_1_832' title='bbox 2398 5066 2542 5117; x_wconf 87' lang='grc' dir='ltr'><strong>κατά</strong></span> <span class='ocrx_word' id='word_1_833' title='bbox 2574 5062 2670 5118; x_wconf 85' lang='grc' dir='ltr'><strong>τοῦ</strong></span> <span class='ocrx_word' id='word_1_834' title='bbox 2710 5065 2884 5122; x_wconf 85' lang='grc' dir='ltr'>νώτου</span> <span class='ocrx_word' id='word_1_835' title='bbox 2915 5068 3012 5121; x_wconf 77' lang='grc' dir='ltr'><strong>καὶ</strong></span> <span class='ocrx_word' id='word_1_836' title='bbox 3041 5070 3140 5139; x_wconf 85' lang='grc' dir='ltr'>τῆς</span> <span class='ocrx_word' id='word_1_837' title='bbox 3170 5069 3383 5133; x_wconf 85' lang='grc' dir='ltr'>κοιλίας</span> <span class='ocrx_word' id='word_1_838' title='bbox 3431 5069 3744 5126; x_wconf 79' lang='grc' dir='ltr'>τύπτεσθαι</span> 
     </span>
    </p>
   </div>
   <div class='ocr_carea' id='block_1_112' title="bbox 2152 5153 3745 5233">
    <p class='ocr_par' dir='ltr' id='par_1_112' title="bbox 2152 5153 3745 5233">
     <span class='ocr_line' id='line_1_112' title="bbox 2152 5153 3745 5233; baseline 0.006 -26"><span class='ocrx_word' id='word_1_839' title='bbox 2152 5153 2341 5208; x_wconf 84' lang='grc' dir='ltr'>αύτόν.</span> <span class='ocrx_word' id='word_1_840' title='bbox 2405 5155 2780 5227; x_wconf 78' lang='grc' dir='ltr'>’Λλλαγέντων</span> <span class='ocrx_word' id='word_1_841' title='bbox 2801 5160 2859 5213; x_wconf 71' lang='grc' dir='ltr'>δὲ</span> <span class='ocrx_word' id='word_1_842' title='bbox 2911 5160 3046 5214; x_wconf 83' lang='grc' dir='ltr'>δέκα</span> <span class='ocrx_word' id='word_1_843' title='bbox 3082 5160 3394 5233; x_wconf 85' lang='grc' dir='ltr'>ἀνθρώπων</span> <span class='ocrx_word' id='word_1_844' title='bbox 3421 5162 3745 5217; x_wconf 84' lang='grc' dir='ltr'>τυπτόντων</span> 
     </span>
    </p>
   </div>
   <div class='ocr_carea' id='block_1_113' title="bbox 2151 5246 3743 5327">
    <p class='ocr_par' dir='ltr' id='par_1_113' title="bbox 2151 5246 3743 5327">
     <span class='ocr_line' id='line_1_113' title="bbox 2151 5246 3743 5327; baseline 0.006 -28"><span class='ocrx_word' id='word_1_845' title='bbox 2151 5246 2335 5313; x_wconf 77' lang='grc' dir='ltr'>αὑτὸν,</span> <span class='ocrx_word' id='word_1_846' title='bbox 2361 5249 2389 5302; x_wconf 87' lang='lat'><strong>6</strong></span> <span class='ocrx_word' id='word_1_847' title='bbox 2421 5249 2635 5322; x_wconf 84' lang='grc' dir='ltr'>μάρτυς</span> <span class='ocrx_word' id='word_1_848' title='bbox 2660 5252 2720 5304; x_wconf 73' lang='grc' dir='ltr'>ἐν</span> <span class='ocrx_word' id='word_1_849' title='bbox 2750 5253 2871 5315; x_wconf 69' lang='grc' dir='ltr'>ταις</span> <span class='ocrx_word' id='word_1_850' title='bbox 2898 5252 3157 5324; x_wconf 83' lang='grc' dir='ltr'>βασάνοις</span> <span class='ocrx_word' id='word_1_851' title='bbox 3185 5253 3315 5309; x_wconf 74' lang='grc' dir='ltr'>ἐϐόα</span> <span class='ocrx_word' id='word_1_852' title='bbox 3348 5254 3524 5324; x_wconf 84' lang='grc' dir='ltr'>λέγων</span> <span class='ocrx_word' id='word_1_853' title='bbox 3542 5270 3555 5284; x_wconf 93' lang='grc'><strong>·</strong></span> <span class='ocrx_word' id='word_1_854' title='bbox 3594 5256 3743 5327; x_wconf 79' lang='grc' dir='ltr'>Χρι-</span> 
     </span>
    </p>
   </div>
   <div class='ocr_carea' id='block_1_114' title="bbox 2152 5339 3742 5418">
    <p class='ocr_par' dir='ltr' id='par_1_114' title="bbox 2152 5339 3742 5418">
     <span class='ocr_line' id='line_1_114' title="bbox 2152 5339 3742 5418; baseline 0.006 -26"><span class='ocrx_word' id='word_1_855' title='bbox 2152 5340 2263 5406; x_wconf 82' lang='grc' dir='ltr'>στὲ,</span> <span class='ocrx_word' id='word_1_856' title='bbox 2294 5339 2479 5412; x_wconf 85' lang='grc' dir='ltr'>βοήθει</span> <span class='ocrx_word' id='word_1_857' title='bbox 2511 5359 2603 5411; x_wconf 90' lang='grc' dir='ltr'><strong>μοι</strong></span> <span class='ocrx_word' id='word_1_858' title='bbox 2632 5342 2710 5415; x_wconf 85' lang='grc' dir='ltr'>τῷ</span> <span class='ocrx_word' id='word_1_859' title='bbox 2738 5345 2982 5418; x_wconf 84' lang='grc' dir='ltr'>ταπεινῷ</span> <span class='ocrx_word' id='word_1_860' title='bbox 3021 5346 3198 5417; x_wconf 83' lang='grc' dir='ltr'>δούλῳ</span> <span class='ocrx_word' id='word_1_861' title='bbox 3247 5364 3366 5402; x_wconf 91' lang='grc' dir='ltr'>σου.</span> <span class='ocrx_word' id='word_1_862' title='bbox 3402 5348 3512 5401; x_wconf 82' lang='grc' dir='ltr'>Καὶ</span> <span class='ocrx_word' id='word_1_863' title='bbox 3545 5347 3742 5418; x_wconf 86' lang='grc' dir='ltr'>θυμω-</span> 
     </span>
    </p>
   </div>
   <div class='ocr_carea' id='block_1_115' title="bbox 2120 5431 3741 5513">
    <p class='ocr_par' dir='ltr' id='par_1_115' title="bbox 2120 5431 3741 5513">
     <span class='ocr_line' id='line_1_115' title="bbox 2120 5431 3741 5513; baseline 0.006 -28"><span class='ocrx_word' id='word_1_864' title='bbox 2120 5438 2123 5439; x_wconf 66' lang='grc'><strong><em>⁷</em></strong></span> <span class='ocrx_word' id='word_1_865' title='bbox 2150 5431 2265 5498; x_wconf 78' lang='grc' dir='ltr'>θεὶς</span> <span class='ocrx_word' id='word_1_866' title='bbox 2285 5436 2317 5487; x_wconf 87' lang='grc' dir='ltr'><strong>ὀ</strong></span> <span class='ocrx_word' id='word_1_867' title='bbox 2352 5435 2615 5507; x_wconf 80' lang='grc' dir='ltr'>δικαστὴς</span> <span class='ocrx_word' id='word_1_868' title='bbox 2636 5438 2850 5492; x_wconf 86' lang='grc' dir='ltr'>κελεύει</span> <span class='ocrx_word' id='word_1_869' title='bbox 2882 5439 3027 5493; x_wconf 79' lang='grc' dir='ltr'>κατὰ</span> <span class='ocrx_word' id='word_1_870' title='bbox 3046 5442 3145 5513; x_wconf 80' lang='grc' dir='ltr'>τῆς</span> <span class='ocrx_word' id='word_1_871' title='bbox 3180 5440 3396 5507; x_wconf 79' lang='grc' dir='ltr'>κοιλίας</span> <span class='ocrx_word' id='word_1_872' title='bbox 3426 5441 3741 5496; x_wconf 85' lang='grc' dir='ltr'>τύπτεσθαι</span> 
     </span>
    </p>
   </div>
   <div class='ocr_carea' id='block_1_116' title="bbox 2150 5526 3742 5606">
    <p class='ocr_par' dir='ltr' id='par_1_116' title="bbox 2150 5526 3742 5606">
     <span class='ocr_line' id='line_1_116' title="bbox 2150 5526 3742 5606; baseline 0.006 -28"><span class='ocrx_word' id='word_1_873' title='bbox 2150 5526 2332 5581; x_wconf 79' lang='grc' dir='ltr'>αὐτόν.</span> <span class='ocrx_word' id='word_1_874' title='bbox 2379 5528 2785 5599; x_wconf 77' lang='grc' dir='ltr'>’Δλγήσαςδὲὸ</span> <span class='ocrx_word' id='word_1_875' title='bbox 2829 5533 3103 5603; x_wconf 83' lang='grc' dir='ltr'>μακάριος</span> <span class='ocrx_word' id='word_1_876' title='bbox 3135 5535 3402 5606; x_wconf 85' lang='grc' dir='ltr'>ἀνεϐόησε</span> <span class='ocrx_word' id='word_1_877' title='bbox 3438 5538 3590 5606; x_wconf 70' lang='grc' dir='ltr'>πρωνῇ</span> <span class='ocrx_word' id='word_1_878' title='bbox 3631 5552 3742 5606; x_wconf 79' lang='grc' dir='ltr'>με·</span> 
     </span>
    </p>
   </div>
   <div class='ocr_carea' id='block_1_117' title="bbox 2150 5615 3740 5699">
    <p class='ocr_par' dir='ltr' id='par_1_117' title="bbox 2150 5615 3740 5699">
     <span class='ocr_line' id='line_1_117' title="bbox 2150 5615 3740 5699; baseline 0.005 -27"><span class='ocrx_word' id='word_1_879' title='bbox 2150 5618 2315 5691; x_wconf 83' lang='grc' dir='ltr'>γάλῃ,</span> <span class='ocrx_word' id='word_1_880' title='bbox 2345 5621 2441 5673; x_wconf 80' lang='grc' dir='ltr'><strong>καὶ</strong></span> <span class='ocrx_word' id='word_1_881' title='bbox 2489 5615 2678 5675; x_wconf 78' lang='grc' dir='ltr'>εἶπεν·</span> <span class='ocrx_word' id='word_1_882' title='bbox 2732 5622 2908 5693; x_wconf 80' lang='grc' dir='ltr'>Κύριε</span> <span class='ocrx_word' id='word_1_883' title='bbox 2950 5625 3127 5696; x_wconf 81' lang='grc' dir='ltr'>Ἰησοῦ</span> <span class='ocrx_word' id='word_1_884' title='bbox 3160 5627 3387 5698; x_wconf 81' lang='grc' dir='ltr'>Χριστὲ,</span> <span class='ocrx_word' id='word_1_885' title='bbox 3439 5626 3627 5698; x_wconf 83' lang='grc' dir='ltr'>βοήθει</span> <span class='ocrx_word' id='word_1_886' title='bbox 3656 5628 3740 5699; x_wconf 73' lang='grc' dir='ltr'>τῷ</span> 
     </span>
    </p>
   </div>
   <div class='ocr_carea' id='block_1_118' title="bbox 2148 5710 3742 5790">
    <p class='ocr_par' dir='ltr' id='par_1_118' title="bbox 2148 5710 3742 5790">
     <span class='ocr_line' id='line_1_118' title="bbox 2148 5710 3742 5790; baseline 0.007 -28"><span class='ocrx_word' id='word_1_887' title='bbox 2148 5710 2322 5782; x_wconf 85' lang='grc' dir='ltr'>δούλῳ</span> <span class='ocrx_word' id='word_1_888' title='bbox 2361 5727 2455 5765; x_wconf 90' lang='grc' dir='ltr'><strong>σου</strong></span> <span class='ocrx_word' id='word_1_889' title='bbox 2521 5713 2783 5787; x_wconf 81' lang='grc' dir='ltr'>Ἀκακίῳ.</span> <span class='ocrx_word' id='word_1_890' title='bbox 2838 5717 3041 5771; x_wconf 88' lang='grc' dir='ltr'>Τούτου</span> <span class='ocrx_word' id='word_1_891' title='bbox 3101 5719 3365 5790; x_wconf 73' lang='grc' dir='ltr'>ῥηθέντος</span> <span class='ocrx_word' id='word_1_892' title='bbox 3415 5722 3507 5774; x_wconf 82' lang='grc' dir='ltr'>ὑπ’</span> <span class='ocrx_word' id='word_1_893' title='bbox 3540 5720 3742 5789; x_wconf 79' lang='grc' dir='ltr'>αὐτοῦ,</span> 
     </span>
    </p>
   </div>
   <div class='ocr_carea' id='block_1_119' title="bbox 2150 5803 3791 5886">
    <p class='ocr_par' dir='ltr' id='par_1_119' title="bbox 2150 5803 3791 5886">
     <span class='ocr_line' id='line_1_119' title="bbox 2150 5803 3791 5886; baseline 0.003 -27"><span class='ocrx_word' id='word_1_894' title='bbox 2150 5803 2355 5870; x_wconf 78' lang='grc' dir='ltr'>εὐθέως</span> <span class='ocrx_word' id='word_1_895' title='bbox 2385 5804 2541 5880; x_wconf 69' lang='grc' dir='ltr'>φωνὴ</span> <span class='ocrx_word' id='word_1_896' title='bbox 2562 5808 2627 5863; x_wconf 71' lang='grc' dir='ltr'><strong>ἐκ</strong></span> <span class='ocrx_word' id='word_1_897' title='bbox 2656 5808 2750 5864; x_wconf 77' lang='grc' dir='ltr'>τοῦ</span> <span class='ocrx_word' id='word_1_898' title='bbox 2772 5809 3010 5883; x_wconf 80' lang='grc' dir='ltr'>ούρανοῦ</span> <span class='ocrx_word' id='word_1_899' title='bbox 3034 5813 3255 5883; x_wconf 73' lang='grc' dir='ltr'>ἐγένετο</span> <span class='ocrx_word' id='word_1_900' title='bbox 3285 5812 3520 5885; x_wconf 80' lang='grc' dir='ltr'>λέγουσα</span> <span class='ocrx_word' id='word_1_901' title='bbox 3554 5812 3745 5886; x_wconf 69' lang='grc' dir='ltr'><strong>οὓτῷσ</strong></span> <span class='ocrx_word' id='word_1_902' title='bbox 3778 5832 3791 5837; x_wconf 86' lang='grc'><strong>·</strong></span> 
     </span>
    </p>
   </div>
  </div>
