4010 6476
424 424 530 489 251

1726 418 1889 479 ΜΕΝ
1895 418 2012 478 SIS
2044 417 2309 482 MAIUS.

3593 424 3701 495 2,52

422 543 656 597 dolore:
706 549 762 594 et
807 548 997 610 aperte
1040 538 1273 593 ostende
1301 544 1354 591 te
1404 535 1539 590 mihi
1574 548 1733 606 opem
1766 533 1910 588 ferre
1950 530 2010 587 ad

2125 530 2400 600 κουφίζων
2431 550 2499 604 με
2538 532 2638 602 τῆς
2676 532 2893 603 ὀδύνης,
2926 532 3017 587 καὶ
3061 534 3140 597 εἰς
3166 533 3263 603 τὴν
3298 532 3441 587 κατά
3469 533 3563 587 τοῦ
3606 534 3711 589 Σα-

420 631 719 704 parandam
765 629 1052 685 victoriam
1103 626 1369 682 adversus
1425 625 1684 695 Satanam
1740 635 1798 681 et
1862 625 2010 679 hunc

420 724 734 796 praesidem.
785 723 892 778 Pro
944 730 997 777 te
1039 720 1191 777 enim
1245 729 1300 775 et
1349 727 1440 775 tua
1493 718 1691 789 gloria,
1751 727 1813 773 ut
1876 718 2008 780 scis,

422 818 665 873 decerto.
694 814 819 870 Haec
846 813 1009 879 dixit,
1036 821 1092 868 et
1113 820 1336 868 sanctos
1384 811 1550 867 simul
1583 810 1818 880 rogavit,
1866 818 1928 865 ut
1956 810 2009 866 ei

418 924 581 979 opem
616 908 821 962 ferrent
855 906 972 961 suis
1016 904 1275 976 precibus
1304 902 1374 957 ad
1401 903 1862 959 decertationem.
1908 903 2009 963 At-

417 1016 527 1071 que
567 999 644 1052 illi
674 997 897 1068 quidem
916 996 967 1052 ei
995 995 1368 1066 precabantur
1409 994 1698 1050 victoriam
1746 1001 1803 1049 et
1842 992 2007 1049 linem

419 1089 665 1162 martyrii
701 1107 716 1143 :
750 1088 963 1143 exstitit
1004 1096 1189 1141 autem
1223 1094 1354 1140 tunc
1385 1099 1610 1156 quoque
1652 1084 1860 1145 Christi
1896 1086 2010 1139 vir-

418 1184 556 1248 tutis
593 1197 734 1252 opus
772 1182 933 1251 plane
961 1178 1307 1236 admirabile.
1340 1177 1478 1232 Nam
1517 1193 1643 1232 cum
1669 1187 2005 1234 tormentum

412 1274 525 1343 jam
556 1280 699 1327 esset
733 1279 1009 1341 paratum,
1034 1278 1090 1325 et
1123 1268 1438 1323 Bonifacius
1475 1277 1736 1338 tanquam
1780 1267 2004 1337 quidam

419 1373 683 1419 strenuus
727 1362 932 1417 athleta
981 1369 1173 1427 staret,
1218 1370 1543 1430 exspectans
1581 1361 2001 1415 adversarium:

418 1456 515 1519 alii
547 1468 679 1510 vero
710 1464 1007 1525 martyres,
1037 1462 1228 1525 utpote
1262 1469 1374 1507 non
1397 1454 1574 1508 solum
1608 1452 2003 1519 decertatorcs,

420 1547 517 1604 sed
554 1563 749 1603 eorum
779 1546 965 1611 etiam,
1015 1560 1137 1614 quae
1182 1544 1235 1598 in
1278 1544 1383 1598 hoc
1423 1543 1645 1610 ﬁebant,
1685 1560 1842 1599 acres
1878 1560 2005 1617 spe-

421 1646 680 1703 ctatores,
706 1646 762 1690 et
785 1637 958 1705 magis
979 1651 1140 1706 quam
1169 1636 1257 1691 ille
1282 1635 1465 1691 animo
1490 1636 1659 1697 anxii,
1684 1635 1734 1691 ei
1756 1636 2001 1705 quidem,

424 1734 486 1781 ut
539 1726 800 1791 diximus,
855 1725 1017 1781 simul
1060 1733 1423 1795 precarentur
1483 1725 1806 1780 victoriam:
1873 1735 2004 1783 tunc

421 1831 546 1886 qua:
575 1824 694 1870 erat
725 1826 1053 1885 congregata
1095 1816 1282 1885 populi
1329 1816 1647 1882 multitudo,
1696 1826 1752 1872 et
1794 1818 2002 1889 alioqui

2118 625 2259 677 τανᾶ
2310 626 2406 677 καὶ
2440 623 2533 678 τοῦ
2556 625 2819 696 ἄρχοντος
2840 624 2997 679 τοῦδε
3027 624 3184 693 νίκην
3216 642 3310 695 μοι
3342 626 3544 695 φάνηθι
3581 643 3705 679 συν-

2118 716 2408 787 αιρόμενος
2432 734 2444 749 ·
2507 717 2603 771 σοῦ
2665 719 2773 789 γὰρ
2802 719 2995 772 ἕνεκεν
3021 720 3117 771 καὶ
3158 719 3260 788 τῆς
3290 719 3387 788 σῆς
3412 717 3593 787 δόξης,
3630 719 3709 781 ὡς

2117 804 2287 873 οἶδας,
2323 810 2639 881 ύπεραθλῶ.
2675 810 2863 863 Ταῦτα
2905 810 3063 879 ἔλεγε
3086 826 3100 841 ·
3135 809 3228 865 καὶ
3255 809 3362 864 τῶν
3384 811 3558 879 ἀγίων
3585 810 3710 881 ἅμα

2117 898 2325 967 ἐδεῖτο»,
2390 902 2580 971 εύχαῖς
2661 901 2812 972 αὐτῷ
2876 900 3343 971 συνεπιλήψεσθαι
3404 902 3543 972 πρὸς
3599 902 3708 972 τὴν

2115 988 2364 1060 ἄθλησιν.
2418 992 2480 1043 Οἱ
2514 990 2617 1060 μὲν
2667 989 2760 1044 οὖν
2787 990 2936 1061 αύτῷ
2976 992 3079 1059 τήν
3112 1000 3170 1045 τε
3203 991 3362 1062 νίκην
3389 992 3484 1046 καὶ
3514 993 3576 1046 τὸ
3605 992 3708 1046 τοῦ

2118 1082 2423 1152 μαρτυρίου
2453 1082 2608 1147 τέλος
2629 1081 2949 1153 ἐπεύχοντο.
2975 1083 3192 1137 Γίνεται
3224 1083 3281 1139 δὲ
3307 1085 3403 1137 καὶ
3430 1084 3554 1138 τότε
3602 1083 3709 1157 τῆς

2112 1174 2210 1228 τοῦ
2255 1175 2497 1246 Χριστοῦ
2522 1175 2807 1245 δυνάμεως
2838 1175 3007 1243 ἔργον
3032 1175 3503 1246 ἀξιοθαύμαστον.
3544 1178 3707 1231 Ἐπεὶ

2113 1264 2221 1337 γὰρ
2263 1267 2364 1347 ἤδη
2392 1267 2489 1321 καὶ
2515 1268 2548 1337 ἡ
2576 1266 2810 1337 βάσανος
2841 1266 3125 1339 εὐπρεπὴς
3154 1262 3244 1337 ἦν,
3294 1267 3390 1320 καὶ
3422 1267 3450 1319 ὁ
3473 1269 3715 1337 Βονιφά-

2110 1376 2223 1419 τιος
2248 1359 2443 1428 ὥσπερ
2470 1378 2554 1422 τις
2579 1358 2888 1429 παλαιστὴς
2910 1361 3162 1429 γενναῖος
3190 1360 3438 1428 εἱστήκει
3471 1362 3711 1430 περιμέ-

2112 1468 2218 1504 νων
2255 1450 2348 1502 τὸν
2373 1452 2811 1522 ἀνταγωνιστὴν,
2842 1452 2892 1503 ol
2923 1451 3073 1510 ἄλλοι
3098 1452 3154 1505 δὲ
3184 1451 3486 1521 μάρτυρες,
3514 1451 3590 1514 ὡς
3634 1453 3711 1506 ἂν

2111 1540 2211 1603 οὐκ
2234 1541 2537 1608 ἀγωνισταὶ
2568 1540 2752 1611 μόνον,
2787 1540 2929 1596 ἀλλά
2956 1542 3051 1597 καὶ
3081 1540 3190 1599 τῶν
3227 1542 3320 1595 ἐπὶ
3359 1540 3535 1611 τούτῳ
3563 1540 3710 1610 δρω-

2116 1630 2292 1698 μένων
2348 1627 2542 1699 θερμοὶ
2603 1628 2814 1693 θεαταὶ,
2871 1631 2973 1695 καλἰ
3016 1628 3217 1699 μᾶλλον
3247 1629 3280 1700 ἢ
3313 1630 3521 1691 ἐκεῖνος
3557 1629 3708 1695 ἀτω-

2112 1720 2354 1786 νιῶντες,
2384 1721 2483 1794 τὴν
2518 1721 2698 1789 νίκην,
2735 1721 2927 1792 ὥσπερ
2982 1724 3216 1793 ἔφημεν,
3265 1723 3706 1791 συνεπηύχοντο⁶

2112 1813 2232 1885 τότε
2262 1814 2326 1882 δὴ
2354 1814 2413 1866 τὸ
2454 1815 2872 1889 συνειλεγμένον
2896 1816 3121 1884 πλῆθος,
3144 1814 3237 1868 καὶ
3267 1814 3443 1877 ἄλλως
3471 1816 3566 1869 καὶ
3593 1814 3711 1866 τῶν

421 1925 486 1963 ex
516 1908 583 1963 iis
622 1923 745 1979 qua:
800 1916 1225 1978 praecesserant,
1278 1918 1426 1963 mota
1469 1918 1589 1964 erat
1631 1909 2008 1966 misericordia

2117 1904 2499 1976 προλαϐόντων
2540 1906 2682 1959 κατά
2724 1906 2948 1976 μικρὸν,
3020 1906 3182 1959 τοῦτο
3248 1906 3347 1974 μὲν
3388 1905 3524 1976 πρὸς
3580 1905 3712 1967 τοὺς

421 2010 767 2071 martyrum:
825 2000 1027 2070 partim
1073 2008 1258 2053 autem
1309 2015 1453 2068 aegre
1511 2000 1724 2056 ferebat
1781 2002 2005 2057 nimiam

419 2090 677 2163 praesidis
726 2090 1139 2154 crudelitatem,
1189 2100 1245 2145 et
1296 2101 1527 2162 propter
1593 2103 1827 2163 utraque
1891 2095 2008 2150 haec

422 2194 742 2240 sanctorum
776 2183 832 2237 in
860 2182 1029 2237 rebus
1070 2182 1282 2252 asperis
1314 2183 1651 2252 etgravihus
1679 2202 1790 2239 non
1827 2186 2007 2241 solum

423 2274 792 2340 tolerantiam,
835 2271 929 2328 sed
989 2273 1154 2327 etiam
1211 2274 1458 2328 laetitiam
1505 2276 1785 2344 stupebat,
1826 2288 1882 2333 et
1929 2279 2010 2334 sic

420 2366 799 2422 deducebatur
836 2366 906 2420 ad
945 2365 1105 2421 ﬁdem
1160 2367 1216 2419 in
1258 2364 1566 2433 Christum,
1633 2371 1887 2426 universa
1922 2387 2008 2427 re-

423 2469 585 2532 pente
616 2458 779 2513 simul
828 2457 965 2511 tollit
1024 2456 1314 2512 ceiil‘usum
1365 2459 1680 2524 clamorem,
1724 2468 1779 2515 et
1824 2471 2007 2518 mente

419 2559 476 2605 et
509 2564 643 2604 voce
673 2549 1111 2603 consentientem
1140 2565 1152 2601 :
1184 2548 1412 2619 Magnus
1442 2560 1529 2605 est
1568 2551 1714 2605 Deus
1739 2552 2009 2608 Christia-

419 2659 643 2709 norum;
680 2658 911 2713 magnus
945 2657 1004 2698 es
1037 2642 1176 2707 Rex,
1206 2642 1467 2709 Christe;
1501 2658 1694 2699 omnes
1722 2645 1774 2698 in
1805 2656 1857 2698 te
1886 2662 2006 2701 cre-

419 2734 624 2790 dimus.
658 2734 784 2789 Haec
823 2743 883 2790 et
928 2749 1122 2789 omnes
1177 2734 1512 2800 clamabant,
1561 2744 1618 2790 et
1652 2737 1816 2791 simul
1854 2753 2004 2793 aram

422 2827 689 2898 quidem,
748 2841 872 2895 qua:
927 2825 1040 2880 illic
1100 2833 1226 2890 est,
1291 2827 1659 2893 evertebant,
1717 2829 2006 2899 praesidem

419 2926 602 2971 autem
659 2917 938 2986 lapidibus
1007 2916 1361 2986 appetebant.
1431 2915 1525 2971 llle
1584 2934 1743 2985 vero,
1810 2920 2008 2976 timore

419 3007 650 3063 allectus
673 3017 728 3063 et
749 3024 861 3063 suae
884 3011 1009 3065 vita:
1040 3015 1315 3073 metuens,
1346 3018 1408 3062 ut
1433 3009 1529 3080 qui
1573 3016 1792 3065 veniret
1828 3011 1884 3065 in
1913 3026 2010 3081 pe-

423 3099 681 3164 riculum,
724 3116 791 3155 ne
821 3116 947 3155 mox
978 3102 1208 3171 periret,
1237 3099 1362 3174 fuga
1389 3117 1503 3157 suae
1552 3102 1718 3158 saluti
1740 3104 2004 3173 consulit,

421 3193 661 3261 turpiter
687 3193 917 3247 dimisso
953 3193 1192 3247 theatro.

491 3282 585 3337 1X.
643 3282 770 3339 Hmc
814 3284 979 3339 alium
1036 3284 1260 3355 quidem
1307 3284 1560 3356 quamvis
1605 3286 1895 3343 ell'eratum
1946 3298 2004 3344 et

418 3375 757 3444 immanem,
805 3376 886 3431 ira
938 3385 1120 3431 tamen
1172 3377 1540 3447 placabilem,
1601 3380 2005 3449 persuasissent

421 3467 612 3523 eadem
643 3471 869 3533 sentire,
913 3484 1035 3540 quae
1066 3470 1183 3534 alii,
1219 3479 1276 3524 et
1313 3469 1631 3525 effecissent
1654 3478 1714 3525 ut
1742 3472 1810 3525 ad
1840 3471 2005 3526 Chri-

423 3569 569 3615 stum
599 3561 889 3617 accederet
920 3577 935 3616 :
972 3570 1027 3617 at
1053 3577 1163 3616 non
1194 3562 1347 3617 illum
1379 3562 1713 3619 sceleratum
1746 3573 1801 3619 et
1842 3579 2003 3619 exse-

424 3650 716 3705 crandum.
754 3651 861 3707 Sed
890 3660 1101 3706 tantum
1133 3650 1329 3718 abfuit,
1369 3661 1429 3706 ut
1469 3653 1586 3724 ipse
1616 3669 1683 3708 ex
1721 3655 1917 3710 timore
1950 3664 2006 3710 et

424 3759 488 3797 ex
541 3742 644 3798 hac
696 3743 1008 3799 admirabili
1055 3744 1244 3814 populi
1314 3746 1722 3811 consensione,
1765 3746 2006 3816 aliquam

424 3836 699 3905 acceperit
725 3836 1044 3900 utilitatem,
1089 3847 1151 3892 ut
1189 3838 1446 3892 statuerit
1485 3838 1652 3891 etiam
1696 3853 1812 3892 rem
1844 3854 2006 3908 agere

426 3928 620 3996 majori
652 3928 1031 3993 contentione,
1078 3937 1135 3982 et
1170 3927 1251 3982 ira
1299 3944 1429 3982 eum
1479 3928 1770 3992 incitante,
1831 3937 2010 3983 certa—

426 4034 553 4073 men
585 4018 921 4075 instaurare.
955 4019 1113 4075 Mane
1145 4037 1277 4089 ergo
1305 4020 1605 4089 praesidens
1632 4021 1688 4074 in
1720 4021 2008 4088 tribunali,

427 4124 552 4163 cum
583 4119 828 4164 curasset
859 4109 913 4164 in
946 4126 1108 4165 suum
1140 4119 1500 4180 conspectum
1541 4109 1774 4179 produci
1809 4120 2011 4182 marty-

432 4214 569 4264 rem,
604 4208 658 4253 et
694 4200 841 4255 illius
868 4202 1236 4270 exprobrabat
1277 4203 1562 4271 pietatem,
1617 4211 1673 4257 et
1720 4202 1871 4271 quod
1907 4204 2012 4257 Do-

430 4291 613 4344 minus
639 4298 825 4344 noster
846 4290 1037 4346 l'uisset
1074 4293 1393 4360 cruciﬁxus,
1425 4294 1661 4349 ridebat.
1715 4296 1865 4369 Cum
1897 4295 2013 4351 haec

431 4389 617 4435 autem
678 4398 791 4436 non
845 4382 1028 4438 ferens
1082 4395 1309 4457 martyr,
1360 4397 1619 4457 pergeret
1671 4387 2013 4457 gravioribus

432 4473 649 4544 probris
703 4474 945 4529 vicissim
993 4476 1254 4532 insectari
1302 4477 1568 4549 judicem,
1613 4494 1714 4549 pro
1761 4479 1908 4534 veris
1957 4489 2015 4535 et

2114 1996 2402 2064 μάρτυρας
2442 1995 2831 2064 πταινόμενον,
2888 1996 3050 2050 τοῦτο
3083 1996 3141 2049 δὲ
3171 2000 3263 2049 καὶ
3300 1994 3439 2064 πρὸς
3486 1993 3546 2046 τὸ
3581 1992 3711 2045 λίαν

2110 2084 2259 2155 ὠμὸν
2299 2085 2396 2139 τοῦ
2426 2087 2691 2160 ἄρχοντος
2725 2090 3089 2159 δισχεραϊνον,
3121 2089 3216 2142 καὶ
3244 2087 3311 2140 δι’
3341 2088 3509 2157 ἄμφω
3528 2085 3712 2140 ταῦτα

2110 2178 2210 2248 τὴν
2243 2178 2337 2232 ὶπὶ
2369 2181 2484 2241 τοῖς
2530 2178 2727 2241 δεινοῖς
2776 2178 2887 2231 τῶν
2925 2178 3100 2246 ἁγίων
3131 2178 3232 2248 οὐχ
3262 2178 3388 2231 ὅσον
3419 2176 3710 2247 ὑπομονὴν

2110 2280 2250 2335 ἀλλὰ
2271 2279 2365 2333 καὶ
2388 2278 2584 2350 ἡδονὴν
2615 2277 3083 2349 ἐκπληττόμενον,
3123 2277 3219 2331 καὶ
3245 2275 3388 2329 οὓτω
3427 2275 3564 2343 πρὸς
3599 2275 3711 2344 τὴν

2111 2373 2191 2434 είς
2223 2371 2459 2440 Χριστὸν
2502 2370 2604 2441 ἤδη
2629 2368 3139 2441 χειραγωγούμενοι
3196 2369 3404 2432 πίστιν,
3443 2367 3710 2438 αἴρουσιν

2115 2464 2212 2535 μὲν
2240 2465 2391 2532 ἄφνω
2419 2463 2620 2525 πάντες
2645 2461 2775 2532 βοὴν
2798 2460 3077 2531 συμμιγῆ,
3116 2461 3217 2530 μιᾷ
3236 2460 3292 2512 δὲ
3325 2457 3711 2528 ἀνακράζουσι

2111 2556 2306 2628 γνώμῃ
2338 2573 2393 2608 τε
2423 2556 2518 2609 καὶ
2557 2556 2733 2625 φωνῇ,
2760 2553 2951 2621 Μέγας
2982 2554 3010 2605 ὁ
3040 2551 3174 2615 Θεὸς
3198 2551 3305 2604 τῶν
3330 2551 3709 2621 Χριστιανῶνο

2114 2649 2288 2721 μέγας
2314 2642 2383 2714 εἳ,
2412 2647 2616 2719 Χριστὲ
2647 2645 2896 2716 βασιλεῦ,
2917 2646 3119 2708 πάντες
3142 2645 3223 2708 εἰς
3248 2662 3308 2696 σε
3339 2643 3706 2712 πιστεύομεν.

2110 2740 2297 2794 Ταῦτα
2327 2740 2528 2802 πάντες
2554 2755 2612 2792 τε
2637 2734 2965 2809 ἀνέκραξαν,
2990 2736 3084 2789 καὶ
3114 2736 3233 2804 ἅμα
3264 2736 3354 2788 τὸν
3394 2734 3495 2805 μὲν
3517 2736 3709 2789 ἐκεῖσε

2113 2831 2298 2903 βωμὸν
2330 2830 2728 2901 κατέστρεφον,
2760 2829 2850 2883 τὸν
2876 2829 2935 2882 δὲ
2970 2828 3211 2898 ἄρχοντα
3240 2826 3412 2889 λίθοις
3449 2825 3706 2878 ἔϐαλλον·

2111 2925 2168 2988 ὃς
2199 2925 2294 2978 καὶ
2350 2923 2664 2992 κατάφοϐος
2725 2922 2821 2975 καὶ
2878 2920 3135 2991 περιδεὴς
3190 2920 3319 2990 περὶ
3368 2920 3465 2988 τῆς
3500 2915 3710 2970 ἑαυτοῦ

2110 3016 2290 3087 ψυχῆς
2311 3014 2574 3084 γεγονὼς,
2608 3013 2705 3067 καὶΙ
2734 3011 2926 3082 ὥσπερ
2978 3012 3103 3064 ὅσον
3157 3009 3311 3065 οθπω
3368 3010 3714 3063 κινδυνεύων

2113 3105 2482 3171 ἀπολωλέναι,
2516 3105 2668 3173 φυγῇ
2711 3103 2851 3173 μόνῃ
2883 3102 3131 3158 πιστεύει
3156 3102 3256 3174 τὴν
3291 3102 3710 3174 σωτηρίαν,ὲπ’

2033 3223 2077 3278 ο
2116 3198 2351 3270 αἰσχύνῃ
2374 3197 2544 3261 λύσας
2571 3197 2632 3250 τὸ
2664 3196 2916 3267 θέατρον.

2175 3290 2253 3349 Θ’.
2285 3289 2472 3347 Ταῦτα
2518 3288 2574 3344 δὲ
2626 3288 2787 3342 ἄλλον
2852 3288 2953 3359 μὲν
3010 3288 3253 3359 θηριώδη
3302 3287 3431 3340 τινὰ
3459 3285 3552 3340 καὶ
3579 3285 3712 3338 ἀτί-

2109 3386 2332 3450 θασσον,
2360 3382 2502 3450 πλὴν
2540 3380 2763 3452 ἰάσιμον
2781 3380 2881 3451 τὴν
2911 3381 3103 3451 ὀργὴν,
3131 3381 3364 3451 ἐπέσχον
3392 3378 3482 3442 ἂν,
3509 3377 3608 3431 καὶ
3626 3378 3709 3432 τὰ

2107 3479 2251 3536 αὐτὰ
2278 3480 2393 3541 τοῖς
2424 3476 2608 3540 ἄλλοις
2641 3475 2938 3547 φρονῆσαι,
2971 3479 3066 3529 καὶ
3114 3474 3193 3543 τῷ
3218 3473 3440 3544 Χριστῷ
3466 3471 3710 3543 προσελ-

2108 3570 2219 3623 θεῖν
2257 3566 2675 3635 παρεσκεύασεν
2698 3580 2714 3596 °
2747 3564 2864 3619 ἀλλ’
2898 3565 3020 3636 οὐχὶ
3051 3568 3149 3619 καὶ
3176 3570 3269 3619 τὸν
3312 3562 3512 3636 μιαρὸν
3548 3563 3709 3617 ἐκεῖ·

2107 3678 2198 3716 νον
2222 3676 2238 3691 ν
2271 3659 2407 3713 ἀλλά
2438 3658 2693 3711 τοσοῦτον
2725 3658 2963 3727 ἀπέσχεν
2987 3658 3153 3722 αὐτὸς
3190 3656 3498 3711 ἀπόνασθαι
3516 3674 3568 3709 τι
3600 3656 3708 3710 τοῦ

2108 3751 2276 3821 φόϐου
2307 3751 2403 3803 καὶ
2432 3749 2532 3817 τῆς
2565 3747 2879 3818 παραδόξου
2913 3748 3122 3818 ταύτης
3150 3748 3245 3801 τοῦ
3277 3748 3517 3817 πλήθους
3560 3765 3699 3818 συμν

2110 3840 2323 3903 πνοίας,
2384 3840 2509 3891 ὅσον
2541 3837 2685 3906 ἔγνω
2740 3838 2834 3891 καὶ
2866 3837 3311 3907 φιλονεικότερος
3336 3839 3706 3908 καταστῆναι,

2110 3932 2202 3985 καὶ
2234 3929 2585 3997 σπουδάζειν,
2627 3927 2724 3984 ειτε
2773 3929 2868 3981 καὶ
2904 3929 3003 3998 τῆς
3041 3928 3211 3999 ὀργῆς
3249 3929 3410 3981 αὑτὸν
3436 3929 3515 3990 είς
3539 3926 3713 3981 τοῦτο

2111 4023 2554 4094 παροξυνούσης,
2616 4022 2716 4091 τὴν
2745 4015 2918 4092 ἧτταν
2976 4019 3454 4091 ἀναμαχέσασθαι.
3488 4019 3713 4073 Ἔωθεν

2110 4115 2202 4169 οὖν
2230 4114 2326 4167 τοῦ
2355 4114 2603 4184 βήματος
2631 4112 3002 4181 προκαθίσας,
3024 4113 3119 4166 καὶ
3148 4112 3238 4167 ὑπ’
3263 4112 3387 4181 ὄψιν
3415 4111 3564 4179 αύτῷ
3600 4127 3712 4165 πα-

2114 4208 2393 4279 ραστήσας
2425 4206 2517 4260 τὸν
2553 4203 2836 4276 μάρτυρα,
2871 4207 2971 4275 τήν
3022 4221 3084 4260 τε
3138 4204 3425 4261 εὐσέϐειαν
3458 4203 3713 4268 ὠνείδιζε

2112 4298 2211 4368 τὴν
2238 4298 2473 4362 ἐκείνου,
2497 4298 2592 4353 καὶ
2625 4296 2685 4348 τὸ
2717 4295 3097 4364 ἐσταυρῶσθαι
3121 4295 3211 4347 τὸν
3240 4295 3519 4364 Δεσπότην
3544 4292 3711 4363 ήμῶν

2115 4391 2429 4461 ἐχλεύαζεν.
2460 4388 2617 4447 Ἐπεὶ
2643 4389 2699 4442 δὲ
2731 4386 2906 4441 ταῦτα
2939 4389 3014 4458 μὴ
3065 4387 3249 4458 φέρων
3295 4390 3324 4440 ὁ
3358 4387 3570 4456 μάρτυς
3606 4404 3711 4440 πι-

2115 4482 2404 4552 κροτέραις
2441 4480 2633 4550 ὕϐρεσι
2653 4479 2885 4534 διετέλει
2917 4479 3011 4532 τὸν
3034 4479 3299 4550 δικαστὴν
3334 4478 3710 4548 ἀμειϐόμενος

426 4566 590 4637 justis
642 4565 830 4621 verbis
874 4582 1069 4622 rursus
1111 4569 1217 4624 luit
1269 4570 1651 4640 supplicium:
1705 4580 1763 4626 et
1813 4572 2003 4626 statim

2117 4574 2294 4644 δίκην,
2327 4575 2519 4642 ὑπεῖχε
2546 4570 2713 4625 πάλιν
2766 4572 3030 4642 ῥημάτων
3065 4571 3283 4636 ἀληθῶν
3334 4571 3429 4623 καὶ
3451 4569 3708 4623 δικαίων.

432 4656 586 4713 lebes
609 4657 732 4727 pice
761 4659 1001 4729 repletus
1028 4669 1087 4715 et
1116 4660 1273 4715 valde
1302 4677 1568 4717 accensus
1596 4663 1839 4735 suscepit
1869 4679 2015 4717 mar-

434 4756 628 4818 tyrem.
665 4748 775 4804 Sed
813 4764 938 4804 cum
976 4751 1078 4806 hoc
1117 4766 1340 4823 quoque
1383 4751 1560 4816 ﬁeret,
1614 4768 1725 4807 non
1776 4753 2017 4822 neglexit

434 4840 580 4895 Deus
622 4856 690 4896 ex
717 4842 827 4897 alto
856 4841 1036 4898 facere
1066 4853 1329 4900 consueta
1369 4844 1659 4901 miracula.
1697 4845 1837 4900 Nam
1887 4861 2015 4900 cum

434 4935 662 5003 angelus
694 4950 725 4989 e
756 4936 897 4991 caelo
929 4935 1329 4997 descendisset.
1359 4937 1506 4992 illius
1538 4938 1760 5007 quidem
1791 4952 2015 5007 corpus,

435 5024 581 5079 sicut
615 5026 778 5080 etiam
805 5041 1039 5097 corpora
1067 5027 1235 5082 trium
1284 5044 1615 5099 puerorum,
1668 5032 2020 5087 conservavit

437 5115 671 5170 illaesum
699 5135 712 5170 :
743 5116 961 5172 ﬂamma
991 5128 1177 5172 autem
1208 5128 1435 5186 repente
1470 5119 1525 5173 in
1561 5120 1756 5174 orbem
1780 5121 2022 5175 circum-

437 5207 578 5273 fusa,
630 5223 755 5262 cum
810 5209 1266 5278 apprehendisset
1329 5209 1600 5280 quosdam
1666 5226 1734 5265 ex
1801 5212 1869 5266 iis
1924 5212 2019 5282 qui

440 5300 720 5367 astabant,
773 5298 1091 5358 inﬁdelibus
1115 5302 1308 5358 eadem
1347 5302 1475 5358 fecit
1504 5319 1629 5375 quae
1670 5304 1802 5359 olim
1846 5304 2024 5379 Baby-

437 5391 586 5446 lnne.

508 5479 579 5535 Χ.
624 5480 781 5537 Tunc
828 5482 1052 5552 impius,
1089 5483 1290 5539 timens
1335 5483 1559 5555 quidem
1597 5481 1803 5539 Christi
1847 5483 2025 5538 virtu-

440 5580 574 5636 tem,
617 5573 713 5627 sed
760 5589 831 5628 ne
880 5574 961 5629 sic
1004 5575 1228 5644 quidem
1286 5575 1591 5646 quidquam
1630 5575 1699 5630 de
1742 5574 2025 5645 impietate

443 5663 754 5723 remittens.
791 5665 887 5720 sed
921 5673 1184 5736 tanquam
1222 5667 1338 5739 ipse
1374 5684 1596 5739 quoque
1644 5666 1845 5721 mutari
1894 5682 2023 5722 eru-

449 5755 699 5821 bescens,
732 5766 827 5813 aut
858 5758 1095 5829 amplius
1129 5770 1379 5816 sanctum
1421 5760 1610 5815 videre
1664 5761 1876 5827 vivum,
1929 5777 2024 5814 ar-

456 5854 712 5915 guentem
747 5847 976 5904 deorum
1002 5849 1150 5906 illius
1174 5852 1629 5922 imbecillitatem,
1681 5868 1806 5909 eum
1851 5862 2026 5909 morte

2117 4664 2230 4716 Kal.
2257 4663 2424 4733 λέϐης
2453 4661 2683 4726 εὐθέως,
2744 4661 2947 4729 πίσσης
2979 4677 3037 4713 τε
3081 4658 3454 4728 ἀναπλησθεὶς
3481 4658 3575 4710 καὶ
3601 4657 3710 4709 λά-

2120 4753 2267 4824 ϐρως
2308 4754 2596 4817 ὐποκαεὶς,
2653 4752 2742 4805 τὸν
2771 4751 3015 4824 ἀθλητὴν
3064 4750 3377 4819 ὑπεδέχετο..
3417 4747 3579 4813 Ἀλλά
3608 4747 3715 4802 καὶ

2116 4846 2310 4907 τούτου
2341 4847 2406 4917 δὴ
2462 4847 2780 4915 γενομένου,
2840 4844 2973 4908 Θεὸς
3025 4843 3234 4897 ἀνωθεν
3267 4842 3370 4895 οὐκ
3409 4842 3605 4911 ἡμέλει
3637 4841 3716 4895 τὰ

2121 4933 2326 5004 συνήθη
2390 4932 2846 5005 θαυματουργῶν.
2905 4932 3172 5001 Ἀγγελος
3209 4930 3318 5004 γὰρ
3379 4930 3443 5001 ἐξ
3471 4930 3709 5003 οὐρανοῦ

2122 5025 2386 5093 καταϐὰς,
2441 5025 2500 5078 τὸ
2536 5024 2636 5096 μὲν
2688 5024 2898 5078 ἐκείνου
2946 5025 3128 5094 σῶμα,
3157 5024 3348 5096 ὥσπερ
3377 5025 3472 5077 καὶ⁸
3496 5027 3564 5076 τὰ
3598 5026 3715 5077 τῶν

2120 5113 2286 5184 τριῶν
2318 5112 2544 5176 παίδων,
2575 5111 2878 5181 έφύλαττεν
2913 5112 3124 5176 ἀπαθές
3147 5130 3164 5146 ο
3197 5113 3384 5184 κύκλῳ
3417 5113 3475 5167 δὲ
3514 5114 3546 5182 ἡ
3576 5114 3714 5183 φλὸξ

2122 5203 2383 5276 ἐξαπίνης
2424 5204 2811 5277 περιχυθεῖσα,
2868 5204 2960 5270 καί
2994 5222 3149 5267 τινας
3182 5206 3292 5260 τῶν
3343 5206 3713 5274 παρεστώτων

2124 5299 2371 5352 ἀπίστων
2425 5297 2789 5369 διαλαϐοῦσα,
2834 5298 2904 5352 τά
2950 5298 3095 5361 αὐτὰ
3143 5301 3256 5369 τοῖς
3310 5302 3369 5353 ὲν
3428 5297 3718 5353 Βαϐυλῶνι

2126 5390 2294 5445 πάλαι
2322 5388 2567 5459 διέθηκε.

2196 5481 2253 5533 I'.
2289 5479 2425 5532 Τότε
2460 5479 2488 5531 ὀ
2518 5477 2787 5548 δυσσεϐὴς
2816 5478 2915 5549 τὴν
2948 5478 3047 5548 μὲν
3074 5476 3169 5532 τοῦ
3208 5480 3448 5548 Χριστοῦ
3480 5481 3716 5550 δύναμιν

2128 5570 2409 5642 φοϐηθεὶς,
2473 5570 2640 5640 μηδὲν
2668 5569 2724 5622 δὲ
2756 5571 2893 5640 μηδὲ
2923 5570 3067 5625 οὕτω
3124 5573 3223 5641 τῆς
3253 5573 3509 5636 ἀσεϐείας
3540 5576 3716 5640 ἀνεὶς,

2130 5664 2245 5718 ἀλλ’
2286 5663 2477 5734 ὥσπερ
2515 5665 2985 5735 ὲπαισχυνόμενος
3042 5666 3102 5719 τὸ
3136 5668 3246 5744 καὶ.
3283 5668 3444 5731 αὐτὸς
3503 5671 3713 5732 ἐκεῖνος

2136 5756 2562 5829 μεταϐαλέσθαι,
2621 5756 2654 5827 ἦ
2690 5758 2776 5811 τὸν
2813 5760 3003 5825 Ἀγιον
3047 5762 3105 5811 ἑν
3142 5758 3308 5823 ζῶσιν
3331 5761 3465 5832 ὁρᾷν
3499 5761 3576 5813 ἔτι
3613 5763 3717 5831 τῂν

2132 5850 2241 5904 τῶν
2262 5846 2488 5902 ’ἐκείνου
2537 5847 2678 5902 θεῶν
2741 5848 3027 5904 ἀσθένειαν
3066 5838 3435 5920 διελέγχοντα,
3484 5851 3720 5911 θάνατον
