4010 6424
281 378 396 440 253

1516 381 1697 444 VlTA
1736 384 1798 444 s.
1843 350 2262 446 somn-acu.

3369 345 3379 351 ’
3422 342 3528 446 έδι

276 487 444 541 αὑτοῦ
471 487 812 558 κατακρενει,
845 487 1019 553 οὕτως
1060 489 1229 545 εἰπών
1253 508 1265 521 ο
1320 491 1661 560 Βονιφάτιον,
1699 492 1855 562 βασι-

1960 493 2310 554 condemnat,
2345 493 2424 547 sic
2454 491 2646 547 dicens
2678 509 2692 546 :
2721 490 3027 563 Bonifacio,
3058 489 3159 561 qui
3193 506 3301 543 non
3346 490 3531 560 paruit

275 576 416 628 Λέων
448 575 547 646 μὲν
572 576 952 648 ἀπειθήσαντα
977 580 1183 649 νόμοις,
1240 581 1534 651 ἡμετέροις
1574 583 1629 637 δὲ
1677 584 1858 650 λόγοις
1888 580 1893 583 ’

273 668 529 738 οὐδαμῶς
580 669 823 737 εἴξαντα,
886 671 984 724 καὶ
1033 672 1168 740 μηδὲ
1217 673 1378 727 οὖσαι
1434 678 1547 738 τοῖς
1602 676 1857 744 εὐμενέσι

272 757 424 821 θεοῖς
455 756 782 829 θελήσαντα,
812 761 953 816 ἀλλὰ
986 762 1066 832 τῷ
1096 765 1499 834 ὲσταυρωμένῳ
1532 766 1734 835 μᾶλλον
1782 767 1860 829 ὡς

271 850 402 921 Θεῷ
445 850 874 922 προσανέχοντα,
928 854 1069 923 ξίφει
1097 855 1198 927 τὴν
1241 856 1488 927 κεφαλὴν
1514 856 1856 926 ἐκτμηθῆναι

273 941 506 996 κελεύω.
530 944 639 997 Καὶ
652 941 831 1008 οὕτως
848 946 1013 999 αὐτὸν
1030 949 1079 1001 οἱ
1101 947 1391 1020 δορυφόροι
1418 950 1854 1019 παραλαϐόντες,

271 1034 370 1086 τοῦ
394 1035 712 1089 δικαστικοῦ
749 1036 1006 1106 ἐξάγουσι
1055 1038 1318 1111 βήματος.
1363 1041 1425 1097 ’0
1460 1043 1517 1096 δὲ
1549 1043 1857 1107 καλλίνικος

269 1126 366 1179 τοῦ
398 1127 641 1196 Χριστοῦ
675 1129 886 1200 μάρτυς
908 1130 1096 1202 ἔχαιρε
1130 1133 1232 1202 μὲν
1264 1126 1375 1187 οἷον
1405 1135 1506 1188 οὐκ
1540 1137 1635 1189 ἐπὶ
1667 1136 1858 1189 τελευ-

269 1218 375 1288 τὴν
392 1257 411 1283 ,
446 1218 566 1271 ἀλλ’
595 1219 692 1273 ἐπὶ
718 1218 867 1290 ζωὴν
894 1221 1121 1291 μᾶλλον,
1148 1221 1342 1295 ὥσπερ
1362 1225 1469 1294 ἆρα
1492 1228 1587 1281 καὶ
1617 1222 1708 1298 ἦν,
1741 1244 1857 1280 πο-

274 1311 596 1382 ρευὸμενος.
629 1313 811 1384 Βραχὺ
837 1314 894 1368 δὲ
931 1313 1082 1385 αὐτῷ
1100 1315 1344 1369 ἐνδοῦναι
1374 1319 1499 1381 τοὺς
1538 1319 1855 1387 ἀπάγοντας

273 1401 667 1471 αττησάμενος,
700 1404 834 1466 στὰς
883 1405 1021 1476 πρὸς
1073 1405 1337 1470 ἀνατολὰς
1390 1405 1627 1477 ηὖχετοο
1677 1408 1852 1477 Κύριέ

277 1509 403 1563 μου,
428 1492 632 1561 λέγων,
662 1495 757 1547 καὶ
776 1493 902 1560 θεὲ,
931 1493 1067 1565 ταχὺ
1099 1496 1669 1566 προκαταλαόέτωσάν
1695 1515 1765 1567 με
1804 1498 1854 1550 οἱ

272 1584 558 1653 οἰκτιρμοί
607 1601 726 1649 σου,
762 1585 858 1639 καὶ
913 1587 1231 1656 παράστηθί
1260 1604 1351 1656 μοι
1378 1587 1474 1640 καὶ
1508 1587 1603 1642 νῦν
1633 1587 1852 1657 βοηθὸς,

272 1670 362 1723 ἵνα
401 1670 576 1741 μηδέν
608 1688 701 1741 μοι
739 1672 767 1724 ὁ
816 1674 1052 1744 πονηρδις
1083 1675 1334 1744 ἐμποδῶν
1365 1678 1610 1748 γένηται,
1642 1680 1730 1732 διὰ
1756 1680 1854 1742 τὰς

268 1762 330 1812 ὲν
363 1761 657 1830 ἀφροσύνῃ
705 1765 1191 1834 προγεγενημένας
1249 1785 1338 1837 μοι
1371 1770 1679 1839 ἁμαρτίας·
1715 1769 1851 1823 ἀ).λᾶ

268 1854 576 1925 πρόσδεξαι
635 1872 738 1925 μου
772 1856 872 1927 τὴν
899 1858 1077 1929 ψυχὴν
1105 1862 1163 1912 ὲν
1197 1863 1412 1937 εἰρήνῃ,
1446 1863 1539 1915 καὶ
1570 1865 1684 1927 τοῖς
1712 1863 1851 1935 ὑπὲρ

268 1942 367 1998 σοῦ
398 1947 463 1997 τὸ
503 1942 648 2014 αἷμα
677 1946 902 2017 ἐκχέασι
928 1991 945 2015 ,
983 1951 1079 2004 καὶ
1115 1950 1279 2020 μέχρι
1326 1952 1515 2016 τέλους
1542 1952 1639 2022 τὴν
1666 1953 1851 2008 πίστιν

264 2037 664 2108 διατηρήσασι,
697 2039 848 2109 κάμὲ
906 2041 1314 2111 συναρίθμησον
1336 2061 1349 2074 ·
1389 2043 1551 2114 ρύσαι
1578 2044 1636 2097 δὲ
1666 2045 1760 2097 καὶ
1791 2045 1853 2098 τὺ

264 2128 347 2199 τῷ
376 2130 584 2199 αἵματί
611 2147 707 2185 σου
742 2132 1101 2202 περιποιηθὲν
1130 2134 1410 2204 ποίμνιον,
1444 2135 1534 2189 τὸν
1572 2137 1664 2188 σὸν
1696 2134 1851 2203 λαὸν,

270 2219 374 2290 μοῦ
405 2221 646 2290 Χριστὲ,
679 2222 770 2276 τὸν
803 2223 1141 2294 περιούσιον,
1178 2225 1497 2291 δυσσεϐείας
1547 2228 1730 2299 πάσης
1758 2230 1854 2284 καὶ

266 2313 483 2383 πλάνης
510 2313 825 2384 ἑλληνικῆς,
879 2316 964 2369 ὅτι
992 2317 1287 2388 εὐλογητὸς
1339 2314 1392 2371 εἴ
1431 2318 1526 2371 καὶ
1564 2320 1742 2389 μένων
1771 2322 1855 2384 εἰς

268 2405 396 2470 τοὺς
424 2405 663 2469 αιῶνας.
692 2406 876 2459 Ταῦτα
907 2406 1131 2478 ηὔξατο,
1167 2409 1262 2462 καὶ
1292 2410 1389 2478 τὴν
1415 2410 1579 2481 εὐχὴν
1606 2411 1669 2464 τὸ
1700 2411 1873 2479 ξίφος

277 2496 431 2560 εὐθὺς
460 2496 739 2566 διεδέχετο
760 2537 777 2561 ,
810 2498 904 2550 καὶ
921 2497 1020 2568 τὴν
1053 2499 1260 2568 σεπτὴν
1292 2500 1552 2570 ἐτέμνετο
1585 2501 1849 2571 κεφαλήν.

284 2587 706 2659 Θαυμστουργεῖ
731 2588 789 2642 δέ
829 2605 882 2642 τι
919 2587 1199 2643 κάνταῦθα
1230 2589 1384 2653 Θεὸς,
1425 2592 1519 2643 καὶ
1551 2585 1691 2660 αἷμα
1717 2590 1853 2660 ὁμοῦ

284 2678 381 2731 καὶ
414 2677 557 2745 γάλα
600 2678 702 2747 τῆς
738 2676 916 2747 τομῆς
971 2678 1173 2747 ῥυῆναι
1214 2679 1382 2743 ποιεῖ,
1414 2676 1489 2739 ὠς
1520 2676 1582 2729 τδ
1615 2675 1716 2747 μὲν
1752 2676 1855 2744 τῆς

279 2768 501 2836 φύσεως
519 2763 687 2833 εἶναι,
724 2767 785 2821 τδ
810 2767 868 2821 δὲ
899 2770 996 2838 τῆς
1017 2767 1276 2827 εὐσεϐοῦς
1300 2766 1558 2830 πίστεως.
1590 2766 1697 2820 Καὶ
1712 2764 1856 2819 οὕτω

266 2860 338 2915 τὸ
378 2858 570 2927 θαῦμα
608 2859 756 2929 μέγα
808 2858 977 2927 φανὲν
1010 2861 1090 2922 εἰς
1115 2856 1403 2929 ἔκπληξιν,
1459 2857 1644 2929 μεῖζον
1675 2857 1743 2911 ἂν
1774 2859 1855 2921 εἰς

273 2950 568 3019 ὠφέλειαν,
622 2950 830 3020 ἄνδρας
887 2949 997 3002 τῶν
1054 2949 1304 3003 ἀπίστων
1356 2949 1702 3018 πεντήκοντα
1763 2949 1857 3001 καὶ

269 3042 674 3105 πεντακοσίους
696 3041 773 3112 (b)
805 3039 885 3111 τῷ
914 3039 1139 3113 Χριστῷ
1175 3043 1371 3095 πεῖσαν
1401 3038 1737 3108 άκολουθείν,
1758 3040 1856 3094 καὶ

270 3134 374 3204 τὴν
404 3132 697 3206 εἰδωλικὴν
725 3131 932 3202 πλάνην
960 3131 1334 3203 μυσαγθέντας
1350 3131 1660 3187 ἀπολιπεῖν.

340 3407 449 3464 ιΑι.
484 3404 714 3460 Τοιοῦτο
730 3406 1036 3476 Βονιφατῑῳ
1053 3406 1154 3476 τῆς
1174 3404 1322 3474 ζωῆς
1349 3404 1413 3457 τὶ
1447 3404 1621 3475 πέρας
1638 3421 1653 3438 ’
1681 3403 1856 3468 οὕτως

266 3501 330 3553 τὸ
360 3499 492 3567 εικῆ
520 3499 619 3552 καὶ
647 3497 1085 3562 άλλως“ὲπελθδν
1120 3499 1214 3551 καὶ
1234 3497 1548 3569 προρρηθὲν
1575 3497 1667 3550 ὑπ’
1690 3495 1856 3550 αὐτοῦ

268 3592 426 3656 τέλος
453 3592 702 3661 εῐληφεν.
733 3591 794 3646 ΟΞ
817 3589 896 3657 δὲ,
931 3590 1066 3662 πρὸς
1098 3590 1332 3661 ζήτησιν
1374 3591 1569 3658 ἐκείνῳ
1619 3591 1727 3643 τῶν
1748 3589 1858 3641 λει-

270 3684 463 3753 ψάνων
487 3682 1024 3752 συνεκπεμφθῶδτες,
1054 3685 1232 3736 ταῦτα
1269 3682 1367 3751 μὲν
1391 3679 1736 3748 ἀγνοοῦντες,
1768 3698 1859 3733 πει

275 3778 624 3851 ριερχόμενοι
656 3776 713 3828 δὲ
736 3774 841 3829 ἀνά
865 3777 1045 3829 πᾶσαν
1074 3774 1174 3845 τὴν
1205 3775 1383 3837 πόλιν,
1411 3776 1540 3829 ἐπεὶ
1564 3774 1857 3844 ζητοῦντες

271 3871 438 3927 αὐτὸν
467 3870 570 3940 οὐχ
609 3867 890 3934 εὕρισκον,
945 3866 1184 3936 οἰόμενοι
1215 3868 1338 3929 ταῖς
1364 3866 1426 3918 οὐ
1472 3866 1663 3928 καλαῖς
1688 3865 1856 3919 αὐτὸν

272 3962 528 4033 συνήθως
584 3959 909 4031 χαρίζεσθαι
950 3959 1187 4028 ἡδοναῖς,
1228 3959 1410 4011 Ἥπου
1450 3960 1658 4021 ἐκεῖνος
1706 3957 1853 4030 ἄρτι,

272 4056 416 4127 πρὸς
454 4053 686 4115 ἑαυτοὺς
720 4052 927 4121 ἔλεγον,
955 4052 987 4122 ἦ
1017 4054 1236 4126 πάντως
1273 4051 1493 4120 γυναιξὶ⁷
1519 4051 1786 4118 σύνεστιν,
1821 4053 1855 4123 ἢ

271 4152 374 4203 καὶ
411 4144 769 4222 προσεδρεύει
797 4147 984 4218 ποτοῖς
1033 4144 1107 4208 ὡς
1132 4146 1202 4219 τά
1245 4144 1433 4202 πολλὰ.
1476 4142 1660 4198 Ταῖτα
1697 4147 1753 4197 ὲν
1780 4145 1857 4216 νῷ

273 4241 629 4312 στρέφοντες,
660 4238 852 4308 ὥσπερ
886 4238 1112 4307 ἔσχατον
1142 4237 1294 4290 αὐτοὶ
1333 4239 1690 4309 διεσάφησαν,
1732 4257 1858 4292 συν-

269 4332 483 4387 mdia!
530 4348 639 4407 τινι
696 4329 804 4389 τῶν
855 4330 1090 4405 πολιτῶν
1121 4331 1218 4385 τοῦ
1263 4331 1386 4383 τότε
1418 4333 1855 4404 κομενταρησίου

270 4425 603 4494 τυγχάνοντι
656 4422 894 4493 ἀδελφῷ,
954 4422 1048 4495 καὶ
1106 4421 1262 4476 τοῦδε
1289 4423 1767 4495 διαπυνθάνονται,
1804 4424 1861 4477 ετ

1960 584 2181 655 quidem
2207 583 2421 653 legibus
2445 583 2861 653 imperatorum,
2894 582 3077 638 verbis
3107 589 3289 635 autem
3320 580 3531 644 nostris

1960 690 2300 746 nequaquam
2339 673 2524 737 cessit,
2568 683 2625 728 et
2672 673 2781 728 diis
2806 672 3062 749 prapitiis
3110 671 3290 726 noluit
3318 669 3533 724 sacrifi-

1959 781 2108 826 care.
2133 767 2229 825 sed
2258 765 2582 820 crucifixum
2612 763 2796 834 potius
2820 764 3002 818 colere
3039 771 3294 831 tanquam
3323 760 3520 823 Deum,

1954 857 2121 928 iubeo
2149 866 2315 925 caput
2344 869 2475 909 ense
2499 853 2794 924 amputari.
2822 853 2889 907 Et
2918 853 2991 908 ita
3020 866 3145 906 eum
3187 857 3533 919 assumentes

1959 948 2244 1008 satellites,
2277 962 2309 1001 e
2349 946 2601 1016 judiciali
2652 945 2898 1000 educunt
2951 941 3233 997 tribunali.
3285 938 3533 1009 Victoria,

1958 1047 2139 1093 autem
2189 1038 2420 1107 insignis
2471 1035 2675 1093 Christi
2726 1044 2952 1105 martyr,
2994 1033 3268 1103 gaudebat
3301 1030 3532 1101 quidem

1958 1142 2215 1200 tanquam
2268 1145 2379 1184 non
2430 1127 2500 1182 ad
2549 1138 2801 1186 mortem.
2835 1126 2943 1183 .sed
2988 1125 3055 1180 ad
3102 1124 3270 1178 vitam
3323 1120 3535 1191 potius,

1956 1223 2100 1279 sicut
2143 1221 2308 1276 etiam
2359 1236 2550 1275 revera
2605 1219 2678 1273 ita
2727 1218 3009 1282 habebat,
3052 1214 3525 1289 proﬁcisceretur,

1957 1328 2083 1369 cum
2111 1313 2360 1382 petiisset
2387 1311 2457 1365 ab
2487 1310 2557 1364 iis
2598 1309 2691 1379 qui
2740 1309 2922 1379 ipsum
2969 1305 3338 1364 abducebant,
3385 1310 3445 1356 ut
3476 1300 3531 1355 ci

1956 1419 2147 1474 parum
2192 1403 2455 1472 temporis
2507 1399 2894 1463 concederent,
2943 1406 3094 1453 stans
3144 1395 3209 1450 ad
3257 1395 3530 1449 orientem

1957 1503 2212 1564 precatus
2237 1504 2355 1549 est:
2410 1493 2641 1547 Domine
2676 1490 2771 1549 mi.
2811 1490 3027 1553 dicens,
3083 1486 3313 1542 Domine
3361 1483 3528 1545 Deus,

1956 1586 2067 1640 cito
2089 1600 2173 1639 me
2203 1584 2538 1653 praweniant
2568 1581 2949 1637 miserationes
2976 1588 3101 1643 tuac,
3128 1588 3184 1632 et
3210 1590 3357 1630 nunc
3383 1574 3531 1627 adsis

1956 1676 2090 1730 mihi
2139 1676 2377 1745 adjutor,
2433 1689 2501 1727 ne
2557 1672 2694 1728 mihi
2744 1672 3016 1742 malignus
3071 1668 3275 1738 aliquid
3335 1667 3531 1721 atterat

1957 1766 2331 1835 impedimenti
2382 1773 2608 1835 propter
2637 1779 2721 1829 ea,
2752 1778 2873 1833 qua:
2922 1762 2979 1816 in
3036 1759 3349 1830 insipientia
3394 1756 3531 1811 mihi

1955 1866 2354 1927 praecesserunt
2382 1866 2600 1926 peccata
2628 1872 2642 1909 :
2681 1852 2779 1908 scd
2814 1852 3033 1921 suscipe
3062 1851 3301 1905 animam
3350 1862 3531 1900 meam

1953 1947 2008 2001 in
2042 1963 2194 2017 pace,
2224 1958 2280 2002 et
2308 1949 2455 2001 inter
2480 1961 2595 2010 eos,
2641 1945 2735 2016 qui
2785 1959 2886 2014 pro
2929 1950 2979 1997 te
3025 1941 3347 2012 sanguinem
3384 1937 3530 1992 etfu-

1952 2039 2175 2104 dernnt,
2206 2048 2263 2093 et
2288 2038 2449 2093 (idem
2476 2052 2650 2108 usque
2684 2036 2752 2091 ad
2796 2035 2957 2088 ﬁnem
2984 2037 3406 2092 conservarunt,
3444 2042 3533 2081 me

1952 2146 2174 2202 quoque
2208 2131 2533 2185 adnumera.
2569 2128 2766 2183 Libera
2791 2135 2973 2180 autem
3019 2133 3114 2178 tuo
3152 2136 3372 2192 quoque
3408 2133 3534 2187 pre-

1954 2225 2094 2277 tioso
2122 2221 2385 2291 sanguine
2418 2220 2750 2290 acquisitum
2780 2231 3023 2288 gregem,
3060 2223 3214 2268 tuum
3244 2209 3531 2281 p0pulum,

1952 2315 2028 2367 ιιιὶ
2075 2312 2316 2374 Christe,
2368 2310 2733 2382 peculiarem,
2790 2308 2858 2363 ab
2919 2304 3069 2361 omni
3130 2302 3413 2373 impielatc
3476 2313 3535 2354 et

1951 2420 2141 2461 errore
2173 2404 2462 2474 gentilium
2500 2420 2514 2457 :
2569 2403 2831 2471 quoniam
2872 2414 2933 2454 es
2974 2397 3300 2452 benedictus
3327 2404 3383 2449 ct
3419 2407 3534 2446 ma-

1952 2511 2093 2551 nens
2126 2495 2180 2550 in
2203 2495 2425 2550 saecula.
2462 2493 2585 2547 llaec
2615 2499 2698 2547 est
2728 2498 3003 2560 precatus,
3028 2496 3085 2542 et
3116 2501 3309 2556 preces
3345 2478 3539 2537 statim

1952 2587 2103 2643 ensis
2148 2595 2232 2642 est
2279 2594 2633 2647 consecutus,
2684 2596 2750 2639 et,
2785 2588 3132 2651 amputatum
3191 2576 3297 2631 fuit
3366 2581 3535 2643 caput

1954 2679 2349 2734 venerandum.
2383 2676 2534 2731 Facit
2557 2683 2741 2729 autem
2772 2674 2861 2728 hic
2889 2687 3109 2743 quoque
3145 2670 3288 2723 Deus
3309 2664 3535 2736 aliquod

1955 2773 2307 2838 miraculum,
2329 2781 2385 2828 et
2415 2772 2737 2843 sanguinem
2773 2784 2896 2824 cum
2930 2769 3072 2822 lacte
3104 2763 3234 2818 facit
3266 2761 3435 2815 fluere
3465 2773 3536 2812 ex

1953 2867 2182 2922 vulnere
2213 2883 2227 2920 :
2257 2864 2395 2919 adeo
2430 2876 2491 2918 ut
2536 2863 2626 2917 ille
2667 2859 2891 2931 quidem
2945 2865 3095 2914 esset
3141 2863 3373 2912 naturae,
3427 2849 3538 2904 hoc

1953 2972 2090 3013 vero
2114 2958 2218 3027 piae
2248 2955 2415 3010 ﬁdei:
2450 2964 2508 3010 et
2552 2955 2632 3009 sic
2681 2950 3029 3012 miraculum,
3075 2945 3222 3017 quod
3274 2955 3534 3012 magnum

1953 3049 2135 3104 visum
2159 3056 2280 3103 erat
2300 3047 2368 3102 ad
2409 3055 2718 3116 stuporem,
2746 3043 2923 3113 majus
2956 3040 3059 3094 fuit
3090 3037 3157 3092 ad
3194 3035 3489 3090 utilitatem
3517 3048 3531 3085 :

1880 3175 1925 3234 α
1956 3139 2100 3211 quod
2139 3137 2454 3209 quingentis
2492 3146 2549 3191 et
2587 3134 2983 3205 quinquaginta
3040 3128 3175 3182 viris
3221 3123 3539 3179 inﬁdelibus

1959 3232 2257 3302 persuasit,
2301 3239 2360 3285 ut
2400 3228 2685 3285 Christum
2731 3233 3120 3296 sequerentur,
3168 3227 3226 3276 et
3283 3228 3533 3273 errorem

1958 3328 2383 3383 simulacrorum
2418 3325 2802 3380 abominantes
2836 3322 3236 3384 relinquerent.

2028 3419 2122 3474 XI.
2166 3416 2267 3473 ilic
2303 3418 2408 3472 fuit
2444 3418 2625 3472 exitus
2662 3416 2789 3470 vita:
2834 3411 3120 3468 Bonifacii.
3156 3410 3237 3463 ita
3270 3405 3417 3477 quod
3453 3403 3534 3459 illi

1959 3523 2165 3568 temere
2213 3517 2442 3565 venerat
2492 3510 2548 3562 in
2592 3515 2853 3567 mentem,
2903 3505 3117 3574 accepit
3163 3513 3290 3555 eum
3343 3497 3534 3560 tinem,

1957 3618 2120 3673 quem
2161 3602 2278 3671 ipse
2322 3598 2670 3670 praedixerat.
2725 3595 2828 3662 Qui
2855 3605 3038 3649 autem
3080 3608 3204 3648 cum
3270 3605 3339 3646 eo
3382 3588 3536 3643 missi

1957 3694 2175 3750 fuerant
2203 3693 2270 3747 ad
2296 3689 2620 3761 quzerendas
2645 3687 2929 3756 reliquias,
2962 3686 3078 3740 haec
3114 3682 3341 3753 quidem
3381 3680 3538 3751 igno-

1956 3795 2168 3849 rantes,
2206 3792 2377 3837 totam
2420 3795 2555 3835 vero
2592 3779 2874 3834 civitatem
2923 3777 3216 3838 obeuntes,
3270 3773 3534 3842 quoniam

1956 3884 2269 3947 quaerentes
2313 3875 2493 3944 ipsum
2538 3886 2648 3925 non
2698 3867 3075 3931 inveniebant,
3126 3862 3380 3936 putantes
3404 3878 3532 3917 eum

1956 3984 2066 4024 non
2108 3966 2377 4038 pulchris.
2427 3973 2487 4018 ut
2519 3962 2750 4025 solebat,
2807 3974 3032 4029 operam
3067 3959 3201 4011 dare
3242 3952 3537 4024 voluptati-

1956 4061 2107 4115 bus:
2151 4058 2316 4115 Certe
2374 4056 2465 4111 ille
2520 4053 2822 4127 (dicebant
2877 4049 3021 4120 apud
3077 4049 3173 4115 se)
3228 4047 3393 4101 modo
3447 4044 3535 4099 vel

1956 4151 2182 4206 omnino
2226 4149 2337 4204 coit
2390 4145 2741 4209 mulieribus,
2790 4153 2888 4197 aut
2917 4143 2974 4196 in
3020 4140 3087 4196 iis
3110 4139 3248 4195 locis
3298 4137 3533 4201 desidet,

1958 4255 2020 4302 ut
2043 4243 2097 4298 id
2132 4256 2324 4312 magna
2353 4255 2422 4294 ex
2464 4247 2618 4308 parte
2649 4236 2800 4292 facit.
2849 4234 2977 4289 llzec
3004 4233 3190 4287 animo
3229 4238 3534 4293 versantes,

1956 4345 2021 4394 ut
2072 4336 2175 4407 ipsi
2215 4341 2497 4405 postremo
2546 4330 2922 4400 explicarunt,
2970 4335 3275 4382 occurrunt
3314 4322 3532 4379 cuidam

1957 4430 2086 4494 civi,
2118 4428 2212 4499 qui
2245 4434 2365 4482 erat
2396 4424 2568 4480 frater
2592 4419 3144 4483 Commentariensis,
3183 4426 3241 4473 et
3286 4431 3412 4471 eum
3453 4414 3539 4468 in-

268 4535 396 4572 τινα
429 4517 534 4571 ἴδοι
564 4515 739 4584 (ξένον
778 4514 1093 4584 Ῥωμαῖον).
1128 4513 1199 4585 (c)
1228 4510 1391 4567 Ξένον
1425 4516 1523 4585 μέν
1548 4533 1693 4587 τινα,
1719 4517 1853 4584 ἔφα-

1961 4527 2267 4591 terrogaut,
2315 4534 2383 4573 an
2455 4516 2686 4571 vidisset
2751 4515 2992 4584 aliquem
3061 4510 3338 4579 hospitem
3406 4507 3538 4562 illuc

272 4626 398 4674 σκε,
425 4609 530 4680 τὴν
550 4606 710 4678 χορὸς
734 4608 792 4660 ὲν
816 4606 893 4676 τῷ
918 4607 1116 4676 σταδίῳ
1148 4605 1241 4658 τὸν
1281 4608 1620 4678 μαρτυρικδν
1664 4608 1855 4676 ἀγῶνα

270 4698 729 4768 διαγωνίσασθαι,
760 4699 855 4751 καὶ
876 4696 1021 4765 ξίφει
1042 4696 1428 4767 τελειωθῆναι·
1462 4698 1629 4769 μηδὲν
1656 4701 1711 4754 δὲ
1744 4716 1856 4770 μη..

270 4795 425 4847 Bis-:19
480 4789 732 4860 ἀκριϐῶς
775 4787 999 4856 εἰδέναι,
1027 4789 1075 4841 ει
1107 4788 1204 4841 καὶ
1228 4782 1383 4867 οὗτος
1411 4789 1576 4854 αὐτὸς
1601 4792 1630 4844 ὁ
1660 4789 1856 4861 ζητού-

275 4900 463 4953 μενος,
494 4882 639 4934 Ἀλλ’
664 4882 857 4934 εἴπατέ
901 4898 1011 4950 μοι,
1062 4881 1248 4952 φησὶν,
1290 4881 1474 4953 ὁποῖός
1503 4882 1589 4949 τίς
1609 4885 1726 4938 ἐστι
1761 4884 1851 4938 καὶ

270 4967 373 5049 τὴν
400 4975 547 5045 θέμιν,
578 4974 673 5027 καὶ
703 4973 825 5025 τίνα
851 4972 908 5025 δὲ
939 4973 1007 5025 τά
1027 4972 1336 5047 παράσημα
1372 4975 1473 5045 τῆς
1498 4974 1735 5045 μορφῆς.
1768 4974 1845 5045 Ὢ(

270 5070 327 5124 δὲ
372 5070 578 5123 ἐκεῖνοι
605 5065 749 5135 λόγῳ
776 5065 868 5118 τὸν
918 5063 1089 5135 ἄνδρα
1115 5063 1496 5135 ἐζωγράφουν.
1528 5066 1612 5119 ὅτι
1646 5067 1706 5120 τὸ
1752 5067 1852 5135 μὲν

271 5162 437 5232 σῶμα
466 5159 622 5227 αὐτῷ
658 5157 856 5228 βραχὺ,
903 5155 1075 5226 ξανθὴ
1113 5155 1171 5209 δὲ
1203 5156 1237 5227 ἡ
1264 5153 1387 5227 θρὶξ
1416 5158 1510 5210 καὶ
1547 5154 1720 5235 τᾶλλα
1754 5160 1855 5215 ὅσα

269 5251 687 5326 χαρακτηρισαι
721 5249 1041 5326 Βονιφάτιον
1070 5248 1252 5302 ἱκανά·
1280 5244 1449 5326 Οὗτος
1476 5251 1701 5317 ἐκεῖνος,
1728 5252 1855 5321 ἔφη,

270 5347 330 5400 ὃν
369 5347 530 5416 ὑμεῖς
571 5344 811 5411 ζητεῖτε,
848 5336 1013 5403 οὗτος
1068 5339 1200 5416 ἄρα,
1228 5341 1326 5401 καὶ
1373 5340 1530 5415 ἄλλος
1563 5342 1758 5406 οὐδείς.
1791 5346 1857 5416 Oi

271 5440 330 5493 δὲ
358 5410 459 5509 την
492 5436 592 5508 μὲν
653 5434 829 5506 ἀρχὴν
877 5410 1215 5502 διηπίστουν,
1258 5433 1352 5485 καὶ
1404 5410 1716 5508 ἡτατῆσθαι
1766 5410 1858 5492 τον

272 5530 444 5602 ἀνδρα
498 5528 668 5602 ᾤοντο
692 5542 709 5560 ο
748 5526 823 5579 Σὺ
856 5525 914 5577 δὲ
945 5522 1264 5594 Βονιφάτιον
1311 5525 1547 5594 ἀγνοεῖς,
1581 5524 1854 5607 λέγοντες,

347 5672 419 5740 (b)
456 5671 610 5729 Hunc
657 5684 961 5752 quaternm
1001 5669 1166 5752 _unde
1204 5671 1851 5752 acceperituliletaplira:

273 5753 619 5871 stcsli‘ncsco,
668 5741 883 5820 Latina
934 5741 1108 5796 solum
1144 5740 1439 5810 indeliuitc
1464 5741 1660 5807 dicunt
1698 5746 1847 5816 quod

268 5832 353 5871 ut:
402 5835 436 5871 ι.
692 5826 699 5831 ’

1952 4611 2326 4673 accedentem.
2390 4607 2487 4662 Ille
2536 4613 2721 4660 autem
2765 4602 3005 4665 dieebat,
3064 4599 3183 4653 heri
3239 4598 3532 4667 quemdam

1955 4705 2227 4775 hospitem
2267 4701 2322 4755 in
2353 4698 2532 4754 stadio
2566 4694 2922 4765 martyricum
2962 4691 3278 4745 decertasse
3357 4696 3540 4742 certa-

1956 4816 2103 4865 men,
2139 4806 2197 4853 et
2217 4810 2349 4851 ense
2377 4794 2547 4848 fuisse
2583 4797 3026 4846 consummatum
3067 4803 3081 4839 :
3133 4800 3192 4840 se
3242 4798 3374 4838 vero
3421 4795 3533 4835 non

1956 4900 2108 4948 certo
2137 4890 2300 4953 scire,
2330 4904 2400 4944 an
2434 4888 2482 4941 is
2508 4884 2600 4948 sit,
2650 4881 2745 4952 qui
2795 4879 2865 4935 ab
2903 4878 2984 4934 eis
3027 4882 3390 4946 quaereretur.
3428 4873 3534 4927 Sed

1961 4985 2127 5039 dicite
2152 4982 2306 5044 mihi,
2337 4978 2533 5048 inquit,
2561 4974 2869 5046 qualisnam
2913 4976 2998 5027 est
3021 4975 3266 5038 aspectu,
3318 4974 3375 5020 et
3413 4980 3537 5034 quae

1960 5083 2091 5132 snnt
2118 5075 2238 5144 ejus
2259 5072 2446 5127 formae
2480 5065 2746 5138 insignia?
2774 5063 2911 5119 Cum
2937 5067 3120 5114 autem
3146 5058 3221 5114 ilti
3256 5058 3532 5113 hominem

1957 5168 2145 5233 verbis
2189 5164 2588 5223 describerent,
2645 5171 2843 5227 nempe
2888 5152 3035 5224 quod
3095 5151 3263 5207 breve
3311 5150 3535 5220 quidem

1953 5269 2100 5315 esset
2121 5259 2172 5313 ei
2197 5269 2421 5324 corpus,
2455 5251 2579 5308 ﬂavi
2609 5264 2742 5303 vero
2772 5245 2978 5316 capilli,
3022 5251 3080 5298 et
3102 5243 3208 5297 alia
3232 5256 3356 5311 quae
3395 5239 3535 5295 satis

1952 5357 2110 5406 erant
2132 5345 2200 5402 ad
2228 5341 2644 5418 exprimendam
2674 5339 2904 5395 fortnam
2946 5334 3210 5390 Bnnii‘acii
3242 5350 3256 5384 :
3305 5331 3408 5385 Hic
3450 5339 3535 5385 est

1956 5442 2070 5505 ille,
2126 5438 2326 5508 inquit,
2384 5451 2549 5507 quem
2605 5448 2702 5488 vos
2762 5428 3026 5501 quaeritis.
3090 5425 3175 5480 illi
3241 5435 3431 5478 autem
3474 5423 3530 5479 in

1955 5533 2116 5599 initio
2160 5531 2385 5602 quidem
2450 5543 2562 5582 non
2613 5524 2939 5588 credebant,
2985 5529 3041 5577 ct
3090 5532 3220 5573 eum
3262 5514 3537 5587 putabant

2029 5669 2541 5746 (cheerant_li:ec
2606 5666 2884 5740 ecgrapho
2941 5673 3154 5729 nostro,
3205 5675 3271 5717 ex
3332 5654 3529 5713 Latina

1956 5741 2213 5805 versione
2243 5741 2519 5814 suppleta.
