4010 6478
494 376 608 439 255

1801 366 2092 431 MENSIS
2121 362 2387 434 MAIUS.

3568 360 3751 425 ηῑθθ

491 502 617 543 esse
654 486 971 556 deceptum,
1016 486 1266 541 dicentes
1297 499 1311 536 :
1351 482 1475 539 Non
1513 482 1662 539 nosti
1709 480 2082 544 Bonifacium,

2190 475 2285 530 καὶ
2310 469 2424 539 οἷος
2450 476 2479 529 ό
2506 474 2622 546 βίος
2636 471 2809 544 αὐτῷ,
2830 471 2966 543 πρὸς
2991 469 3185 542 saeva;
3217 469 3420 540 μᾶλλον
3447 470 3542 525 καὶ
3559 473 3773 537 ἀνέσεις

494 578 801 648 qualisnam
834 579 905 633 sit
928 576 980 633 ei
1013 576 1146 639 vita,
1179 584 1236 630 et
1267 590 1431 646 quam
1474 588 1749 645 propensa
1780 588 1844 628 ac
1876 571 2080 644 procli—

494 673 579 727 vis
607 671 675 726 ad
704 671 1028 738 voluptates,
1054 677 1110 721 et
1139 683 1308 738 quam
1345 684 1411 722 ex
1441 667 1713 722 diametro
1763 666 1886 720 vitae
1916 680 2082 735 repu-

491 771 625 833 gnet
650 760 975 833 martyricx.
1018 759 1160 815 Cum
1208 776 1341 813 vero
1384 759 1474 815 ille
1518 759 1753 822 diceret,
1800 757 1939 812 nihil
1980 756 2083 812 ob-

494 865 665 916 stare,
711 852 1011 922 quominus
1065 852 1169 921 ipsi
1214 852 1543 907 accederent
1583 849 1651 904 ad
1713 849 1975 914 stadium,
2024 856 2082 903 et

493 961 696 1013 corpus
733 947 910 1015 ipsum
954 944 1304 1013 aspicerent,
1341 944 1414 997 illi
1461 943 1756 1004 cedentes,
1805 940 2082 997 accedunt

492 1038 743 1107 quidem.
788 1037 909 1093 viro
941 1037 1035 1090 illo
1077 1052 1173 1091 eos
1221 1036 1478 1091 ducente.
1506 1034 1607 1100 Qui
1637 1050 1763 1091 cum
1797 1034 1966 1088 etiam
1999 1034 2081 1089 eis

494 1144 696 1201 corpus
724 1129 1082 1189 ostendisset,
1112 1127 1190 1182 illi
1240 1127 1505 1196 conjectis
1537 1127 1591 1179 in
1636 1141 1839 1194 corpus
1881 1126 2078 1190 oculis,

492 1221 640 1293 quod
664 1222 882 1290 jacehat
916 1220 1036 1274 sine
1074 1220 1273 1287 capite,
1304 1219 1387 1272 vel
1415 1234 1483 1275 ex
1529 1218 1632 1271 hoc
1667 1217 1786 1272 solo
1820 1232 2082 1287 agnosce-

495 1314 627 1367 bant
674 1310 1041 1364 Bonifacium.
1095 1310 1303 1364 Deinde
1349 1310 1514 1364 etiam
1567 1325 1690 1363 eum
1742 1310 2083 1363 invenissent

491 1413 662 1474 caput
692 1419 941 1458 seorsum
968 1404 1179 1472 iacens,
1232 1411 1289 1456 et
1334 1404 1454 1472 ejus
1503 1403 1723 1472 corpori
1766 1403 2085 1472 coniunxis-

493 1504 644 1557 sent,
701 1494 853 1548 illum
887 1493 1065 1562 ipsum
1114 1509 1238 1547 esse
1273 1494 1589 1553 credentes,
1624 1493 2034 1562 obstupuerunt
2065 1509 2079 1544 :

491 1595 552 1643 et
578 1587 774 1639 timore
807 1593 1127 1640 contractus
1148 1585 1253 1639 fuit
1281 1600 1478 1640 eorum
1506 1585 1744 1640 animus.
1789 1584 2084 1640 Timebant

490 1673 666 1736 enim,
707 1690 777 1729 ne
817 1676 898 1728 eis
926 1675 1133 1743 aliquid
1166 1686 1544 1740 suco-cnseret,
1578 1677 1725 1745 quod
1760 1679 1879 1747 ejus
1923 1692 2081 1731 men-

496 1776 605 1821 tem
637 1771 1010 1826 accusasscnt,
1045 1781 1171 1819 eum
1199 1765 1514 1834 judicantcs
1545 1781 1609 1819 ex
1644 1782 1711 1819 eo
1750 1766 1891 1824 solo.
1932 1765 2079 1835 quod

496 1864 872 1925 "recesserat,
923 1864 981 1911 et
1029 1859 1363 1921 nescientes,
1414 1858 1566 1927 quali
1632 1858 1760 1913 vitae
1810 1859 2082 1929 principio

452 2010 459 2013 _
493 1950 712 2019 qualem
740 1957 979 2018 etquam
1009 1949 1319 2020 jucundum
1366 1949 1529 2003 ﬁnem
1569 1950 1940 2019 imposuisset.
1974 1949 2081 2005 Sed

495 2056 620 2095 mox
651 2050 856 2095 metum
884 2041 1091 2096 ademit
1128 2050 1353 2112 martyr,
1399 2056 1458 2095 se
1491 2041 1704 2111 placide
1741 2049 1797 2096 et
1844 2040 2082 2111 benigne

496 2133 552 2189 in
588 2148 685 2189 eos
728 2150 952 2205 gerens.
992 2133 1128 2190 Nam
1172 2146 1462 2204 postquam
1512 2142 1675 2203 caput
1714 2133 1818 2188 fuit
1852 2134 2084 2203 conjun-

493 2234 644 2281 ctum
674 2228 890 2296 corpori
946 2232 1026 2295 (tu
1069 2243 1128 2282 es
1159 2227 1407 2282 omnium
1452 2226 1742 2290 Dominus,
1780 2241 1813 2279 ο
1863 2223 2083 2280 Christe

496 2315 635 2381 Rex,
670 2317 1063 2387 quiglorilieas
1092 2332 1211 2381 eos,
1247 2317 1342 2385 qui
1391 2324 1442 2370 te
1479 2315 1835 2386 gloriﬁcant),
1877 2313 2081 2369 sensim

495 2408 723 2477 quidem
768 2409 946 2478 aperit
978 2408 1169 2463 oculos
1201 2424 1214 2460 :
1266 2422 1361 2463 eos
1399 2419 1583 2463 autem
1615 2409 1865 2462 intuetur
1902 2406 2082 2461 amice

493 2508 553 2558 et
611 2501 842 2570 placide,
889 2501 1171 2570 loquentis
1227 2501 1465 2568 speciem
1514 2515 1627 2570 pra:
1670 2516 1730 2555 se
1784 2500 1988 2563 ferens,
2024 2507 2083 2555 et

493 2593 791 2649 ostendens
819 2609 879 2649 se
910 2595 995 2648 eis
1028 2593 1169 2649 bene
1200 2594 1360 2659 velle,
1395 2603 1453 2649 et
1481 2595 1834 2664 probrorum.
1863 2610 1986 2664 quae
2024 2594 2082 2649 in

491 2700 619 2739 eum
682 2685 1048 2755 ingesseraut,
1117 2685 1346 2743 minime
1405 2686 1745 2741 meminisse.
1813 2686 1897 2745 llli
1950 2702 2080 2743 vero

493 2779 692 2834 acerbe
736 2780 949 2844 uelites,
993 2788 1051 2833 et
1091 2779 1301 2833 calidas
1352 2779 1623 2851 lacrymas
1681 2779 2076 2836 ell'undentes:

493 2868 574 2924 Ne
616 2870 961 2934 memineris,
1011 2869 1298 2933 dicebant,
1341 2887 1499 2925 serve
1555 2870 1708 2933 Jcsu,
1763 2884 2079 2927 nostrarum

495 2960 877 3029 iniquitatum,
909 2976 1088 3029 neque
1118 2961 1478 3031 probrorum.
1514 2961 1720 3030 quibus
1754 2970 1807 3017 te
1832 2962 2080 3017 divinum

494 3058 550 3106 ct
579 3062 991 3108 sacrosanctum
1018 3062 1183 3123 caput
1206 3053 1372 3110 stulte
1396 3069 1589 3108 sumus
1618 3054 1902 3109 inseetati.
1940 3053 2077 3109 Cum

2111 1814 2158 1871 Β

2186 567 2349 638 ἔχων,
2383 565 2481 620 καὶ
2510 568 2574 620 ὲκ
2602 565 2901 637 διαμέτρου
2925 561 3001 634 τῷ
3039 561 3363 634 μαρτυρικῷ
3400 561 3501 635 βίῳ
3530 567 3775 619 ἀπε-δαν.-

2183 661 2303 724 τίας
2330 640 2603 729 κείμενος.
2645 656 2803 711 Ἐπεὶ
2831 656 2887 709 δὲ
2921 656 3127 717 ἐκεῖνος
3156 654 3326 724 μηδὲν
3353 648 3494 714 εἶναι
3514 656 3576 709 τὸ
3597 658 3778 723 ἐμπο-

2181 751 2287 806 δὼν
2311 752 2497 820 ἔλεγεν
2527 750 2620 804 ἐπὶ
2650 748 2712 803 τὸ
2737 748 2953 803 στάδιον
2975 747 3296 817 παρελθεῖν,
3331 747 3425 799 καὶ
3452 746 3528 817 τῷ
3552 748 3774 817 σώματι

2184 845 2333 914 αὐτῷ
2358 843 2709 915 προστυχεῖν,
2751 838 3000 904 εἴξαντες
3032 840 3233 892 ἐκεῖνοι
3267 838 3639 908 παρέρχονται
3670 840 3779 909 μὲν

2182 939 2262 1000 εἰς
2293 937 2384 990 τὸν
2406 936 2590 1001 τόπον,
2622 934 2715 988 τοῦ
2741 934 2935 1005 ἀνδρὸς
2959 934 3145 995 αὐτοῖς
3166 934 3474 1003 ἡγουμένου
3494 949 3508 964 ·
3535 928 3653 986 εἷτα
3678 935 3779 986 καὶ

2181 1032 2274 1084 τὸν
2304 1029 2498 1099 νεκρὸν
2526 1022 2909 1093 ύποδείξαντος
2933 1067 2948 1091 ,
2989 1027 3087 1089 τὰς
3122 1024 3279 1092 ὄψεις
3317 1026 3519 1077 ἐκεῖνοι
3545 1026 3623 1094 τῷ
3660 1025 3778 1079 σῶς

2172 1122 2315 1191 ’ματι
2346 1120 2747 1191 προσϐαλόντες
2768 1122 2865 1187 τῆς
2897 1118 3141 1186 κεφαλῆς
3183 1116 3315 1170 ἄνευ
3345 1117 3608 1188 κειμένῳ,
3641 1119 3779 1177 ὅσον

2182 1210 2251 1285 ἦν
2287 1214 2398 1267 ἀπὸ
2430 1213 2623 1267 τούτου
2662 1211 2754 1265 τὸν
2804 1211 3131 1278 Βονιφάτιον
3179 1208 3550 1277 ἀνεγίνωσκον
3577 1225 3593 1246 ι
3650 1205 3782 1265 εἶτα

2183 1308 2280 1361 καὶ
2305 1307 2403 1376 τὴν
2439 1304 2683 1374 κεφαλὴν
2718 1303 2972 1373 εὑρόντες
2997 1302 3169 1374 χωρίς
3215 1317 3317 1354 που
3362 1300 3651 1371 κειμένην,
3680 1303 3783 1355 καὶ

2182 1399 2451 1469 csa-5:71;
2478 1398 2815 1467 συνάψαντες
2867 1396 3105 1467 σώματι,
3169 1394 3333 1448 αὐτόν
3368 1394 3579 1448 ἐκεῖνον
3629 1390 3782 1448 εἶναι

2185 1492 2579 1555 πιστεύσαντες
2599 1490 2798 1562 θάμϐει
2829 1489 3163 1559 συνείχοντο,
3191 1489 3289 1541 καὶ
3317 1488 3429 1540 δέει
3459 1488 3557 1558 τὴν
3584 1487 3778 1557 ψυχὴν

2186 1584 2629 1638 συνεστέλλοντο’
2667 1584 2764 1636 καὶ
2798 1581 2907 1651 γὰρ
2931 1581 3297 1647 ἐδεδοίκεσαν,
3338 1580 3411 1651 μή
3455 1597 3506 1632 τι
3536 1580 3633 1633 καὶ
3670 1594 3785 1647 μη·-

2185 1676 2310 1749 νίσῃ
2351 1677 2553 1740 αὐτοῖς,
2579 1668 2655 1728 ὧν
2683 1676 2763 1736 εἰς
2787 1673 3031 1726 διάνοιαν
3059 1670 3229 1727 αὐτοῦ
3252 1669 3622 1740 κατηγόρουν,
3663 1670 3782 1725 ἀπὸ

2190 1765 2353 1834 μόνου
2406 1762 2504 1816 τοῦ
2544 1761 2915 1836 προλαϐόντος
2969 1760 3134 1813 αὐτὸν
3195 1759 3500 1830 κρίνοντες,
3561 1758 3661 1813 καὶ
3695 1760 3781 1829 μὴ

2185 1858 2387 1918 εἰδότες
2416 1858 2513 1929 οἴῳ
2544 1856 2818 1927 προοιμίῳ
2849 1854 2966 1925 βίου
2994 1850 3107 1907 οἷον
3134 1853 3288 1917 τέλος
3334 1851 3576 1919 ἐπέθηκε
3617 1868 3784 1922 χαρι-

2184 1948 2429 2001 έστατον.
2467 1947 2613 1999 Ἀλλ’
2674 1947 2800 2000 ὅσον
2833 1945 2991 1999 οὔπω
3021 1946 3119 1999 καὶ
3162 1943 3255 1997 τὸν
3301 1943 3468 2012 φόϐον
3496 1945 3524 1996 ό
3558 1942 3782 2012 μάρτυς

2183 2040 2376 2107 ἐξεῖλε,
2440 2041 2563 2094 λίαν
2626 2039 2917 2109 προσηνῶς
2962 2039 3152 2102 αὐτοῖς
3218 2038 3315 2091 καὶ
3370 2035 3784 2106 φιλανθρώπως

2183 2131 2589 2205 προσενεχθείς·
2624 2131 2700 2195 ὡς
2730 2131 2838 2200 γὰρ
2862 2131 2896 2201 ἡ
2926 2128 3140 2200 κεφαλὴ
3167 2127 3420 2199 συνήφθη
3448 2127 3528 2197 τῷ
3559 2126 3782 2198 σώματι

2184 2225 2285 2295 (σὺ
2318 2218 2370 2278 εἶ
2402 2225 2620 2277 πάντων
2660 2222 2891 2291 Κύριος,
2939 2222 3148 2292 Χριστὲ
3199 2220 3447 2290 βασιλεῦ,
3478 2222 3506 2274 ό
3530 2218 3784 2285 δοξάζων

2181 2318 2309 2380 τούς
2366 2333 2426 2369 σε
2473 2314 2871 2380 δοξάζονταςί)
2926 2313 3192 2382 διανοίγει
3242 2312 3343 2381 μὲν
3407 2310 3595 2381 ἡρέμα
3639 2327 3778 2373 τους

2181 2407 2517 2479 ὀφθαλμοὺς,
2553 2407 2794 2472 ἀτενίζει
2827 2406 2883 2460 δὲ
2915 2407 3056 2477 πρὸς
3108 2406 3311 2468 αὐτοὺς
3336 2403 3552 2473 φιλικόν
3582 2420 3634 2457 τι
3675 2404 3783 2457 καὶ

2181 2504 2411 2574 ἥμερον,
2442 2502 2687 2573 ὡσπερεὶ
2714 2500 3072 2571 φθεγγομένη
3123 2499 3202 2571 τῷ
3250 2502 3516 2572 σχήματι,
3548 2499 3645 2553 καὶ
3674 2498 3783 2568 δη-

2181 2595 2373 2659 λοῦσα,
2406 2596 2491 2648 ὅτι
2525 2596 2621 2648 καὶ
2671 2594 2795 2647 λίαν
2827 2595 3074 2660 εὐμενῶς
3105 2592 3175 2645 τὰ
3206 2592 3346 2663 πρὸς
3397 2592 3597 2654 αὐτοὺς
3630 2593 3783 2662 ἔχει,

2182 2689 2278 2743 καὶ
2301 2688 2454 2741 οὐδὲν
2476 2682 2551 2740 ὧν
2581 2687 2690 2757 ἄρα
2721 2685 2819 2739 καὶ
2869 2684 3164 2757 ἐξύϐρισαν
3201 2685 3282 2748 είς
3308 2684 3539 2754 καρδίαν
3571 2701 3781 2753 μνησι-

2183 2782 2365 2834 κακεῖ.
2426 2780 2489 2831 Oi
2520 2777 2577 2831 δὲ
2613 2778 2756 2829 πάνυ
2798 2776 3003 2847 πικρὸν
3036 2774 3504 2836 ἀνακλαύσαντες,
3539 2773 3635 2826 καὶ
3674 2773 3782 2827 δά-

2184 2888 2327 2941 κρυα
2360 2870 2538 2939 θερμά
2569 2869 2676 2922 τῶν
2700 2867 3001 2937 ὀφθαλμῶν
3032 2866 3463 2931 ἀποστάξαντες,
3505 2864 3597 2936 Μὴ
3632 2882 3784 2937 μνη·

2187 2963 2334 3024 σθεὶς
2357 2962 2538 3032 ἡμῶν,
2567 2961 2800 3030 ἔφησαν,
2823 2960 2982 3014 δοῦλε
3002 2960 3232 3029 Κυρίου,
3254 2959 3518 3028 ἀνομιῶν,
3551 2958 3677 3029 μηδ’
3696 2953 3783 3013 ὧν

2185 3072 2248 3124 γε
2288 3057 2449 3126 ἡμεῖς
2490 3055 2569 3118 et;
2605 3072 2662 3107 σε
2693 3054 2793 3121 τὴν
2827 3053 2978 3106 θείαν
3015 3054 3187 3117 ὅντως
3217 3052 3315 3106 καὶ
3344 3051 3499 3121 ἱερὰν
3527 3050 3783 3123 κεφαλὴν

494 3143 577 3198 sic
628 3145 735 3199 sibi
792 3155 1041 3200 sanctum
1098 3147 1430 3216 placassent,
1493 3155 1547 3200 et
1604 3147 1728 3216 ejus
1792 3147 2080 3216 reliquias,

2189 3149 2441 3218 ἀφρόνως
2493 3148 3000 3217 πεπαρῳνήκαμεν.
3060 3144 3247 3209 Οὕτως
3286 3146 3415 3199 ἵλεω
3444 3144 3539 3198 τοῦ
3584 3146 3781 3213 ’Δγίου

495 3247 717 3301 corpus,
745 3233 990 3301 inquam,
1032 3243 1086 3289 et
1131 3242 1299 3304 caput
1338 3235 1654 3307 quingentis
1695 3238 1881 3292 aureis
1919 3237 2087 3293 emis-

495 3334 639 3380 sent.
663 3332 720 3378 et
756 3325 1052 3381 odoriferis
1076 3327 1417 3382 aromatihus
1459 3338 1514 3383 et
1559 3329 1860 3400 unguentis
1894 3331 2085 3385 una-is-

495 3427 640 3480 sent,
672 3426 727 3473 et
744 3419 995 3474 candidis
1021 3419 1184 3475 lineis
1209 3421 1591 3484 involvissent,
1616 3430 1672 3477 et
1698 3424 1752 3476 in
1780 3423 2083 3479 honoriﬁca

493 3524 655 3579 capsa
694 3509 1106 3581 imposuissent,
1134 3513 1360 3568 Romam
1398 3515 1603 3569 reversi
1639 3526 1789 3577 sunt,
1813 3531 1911 3572 sua
1947 3517 2084 3571 nihil

498 3602 770 3656 interesse
823 3603 1165 3659 arbitrantes
1214 3606 1471 3675 accipere
1529 3607 1761 3663 alterius
1822 3610 2085 3680 martyris

496 3693 783 3762 reliquias,
818 3710 943 3749 cum
990 3696 1146 3750 illum
1186 3696 1478 3752 haberent.
1530 3703 1627 3769 qui
1660 3701 1774 3769 jam
1811 3710 1933 3757 erat
1974 3702 2082 3758 sibi

495 3792 684 3849 notus,
710 3794 768 3839 et
800 3787 895 3855 qui
923 3802 1021 3842 eos
1049 3804 1311 3858 germane
1358 3799 1415 3844 et
1464 3790 1679 3846 sincere
1705 3793 2082 3864 amplectitur,

493 3885 554 3929 et
606 3875 701 3931 dat
760 3878 842 3932 eis
890 3878 1052 3935 ﬁdele
1108 3883 1489 3939 testimonium
1567 3901 1826 3956 superna:
1889 3887 2081 3943 delen-

495 3967 686 4024 slonis.

569 4097 686 4155 XII.
717 4101 938 4157 Interim
973 4113 1180 4170 autem,
1207 4106 1340 4160 dum
1378 4107 1472 4161 isti
1501 4108 1724 4163 domum
1765 4112 2084 4180 proﬂcisce~

495 4186 722 4249 bantur,
760 4189 982 4245 advenit
1003 4192 1067 4244 ad
1095 4193 1376 4262 Aglaidem
1407 4196 1571 4262 visio,
1621 4215 1819 4269 nempe
1853 4204 2083 4273 angelus

497 4292 531 4331 ο
570 4278 732 4343 coelo,
773 4280 968 4337 dicens
1001 4301 1016 4339 :
1052 4283 1282 4356 Suscipe
1317 4302 1469 4351 eum,
1499 4291 1594 4359 qui
1637 4292 1933 4362 aliquando
1960 4297 2085 4365 qui-

497 4369 625 4423 dem
669 4371 774 4425 fuit
824 4381 952 4429 tuus
1003 4375 1262 4444 famulus,
1332 4396 1480 4435 nunc.
1525 4393 1709 4437 autem
1773 4396 1859 4440 est
1912 4386 2086 4443 frater

2190 3239 2467 3312 τυχόντες,
2503 3239 2595 3292 καὶ
2626 3240 2685 3291 τὸ
2705 3238 2959 3308 λείᾷανον
3013 3236 3204 3303 αὑτοῦ,
3231 3238 3292 3291 τὸ
3338 3238 3498 3309 σῶμά
3532 3239 3595 3291 τέ
3624 3255 3784 3310 φημι

2189 3336 2286 3387 καὶ
2310 3332 2408 3403 τὴν
2430 3333 2692 3403 κεφαλὴν,
2723 3332 2965 3405 χρυσίων
2990 3333 3127 3387 ὅλων
3154 3334 3532 3396 πεντακοσίοις
3564 3333 3783 3404 ἐξωνησ

2159 3424 2438 3501 βάμενοι,
2473 3423 2666 3493 μύροις
2705 3424 3122 3489 εύωδιάσαντες,
3157 3424 3253 3477 καὶ
3301 3423 3523 3487 λευκαῖς
3556 3423 3786 3488 ὀθόναις

2189 3516 2601 3586 περιϐαλόντες,
2643 3518 2738 3570 καὶ⁵
2771 3516 3044 3589 φιλοτίμῳ
3078 3516 3223 3589 θήκῃ
3263 3515 3548 3586 ἐνθέμενοι
3581 3517 3681 3583 τὴν
3719 3517 3785 3570 ἂν

2197 3607 2386 3679 Ῥώμῃ
2438 3609 2663 3665 δπισθεν
2718 3609 3068 3681 ἀνεχώρουν,
3170 3609 3340 3680 μηδὲν
3403 3609 3588 3669 αὐτοῖς
3630 3607 3785 3672 ὅλως

2187 3703 2464 3773 προσῆκον
2527 3702 2876 3771 νομίσαντες,
2932 3702 3095 3758 ἄλλου
3149 3706 3430 3775 μάρτυρος
3474 3701 3787 3760 ἀναλαϐεῖν

2188 3794 2466 3865 λείψανον,
2498 3796 2709 3849 ἐκείνου
2754 3796 2819 3867 δὴ
2863 3794 3080 3866 ἔχοντες
3128 3794 3229 3867 ἤδη
3271 3793 3365 3849 τοῦ
3394 3795 3537 3848 πάνυ
3564 3795 3782 3864 γνωρί-

2188 3907 2313 3960 μου,
2349 3891 2445 3944 καὶ
2467 3889 2527 3953 ὃς
2576 3888 2817 3959 γνησίως
2843 3888 3043 3953 αὐτοὺς
3074 3888 3407 3954 ἀσπάζεται.
3462 3889 3572 3942 Καὶ
3601 3888 3786 3943 πιστὰ

2185 3981 2401 4036 δίδωσιν
2437 3981 2691 4036 ιντεῦθεν
2715 3982 2998 4053 μαρτυρία
3022 3982 3125 4051 τῆς
3146 3981 3355 4035 ἀνωθεν
3384 3980 3754 4051 προστασίας.

2256 4114 2359 4168 ῙΒ’.
2401 4113 2490 4166 Ἐν
2527 4106 2572 4182 ᾧ
2601 4113 2659 4166 δὲ
2717 4106 2867 4166 οὗτοι
2925 4111 3025 4184 τὴν
3057 4112 3243 4167 οἴκαδε
3292 4114 3643 4185 ἐπορεύοντο,
3675 4116 3784 4170 καὶ

2183 4204 2307 4275 δψες
2336 4205 2456 4260 θεία
2488 4209 2552 4276 τῇ
2586 4204 2828 4272 Ἀγλατδι
2859 4209 3135 4277 ἐπιφοιτᾷ,
3169 4207 3401 4276 ἅγγελος
3431 4209 3490 4273 ἐξ
3533 4210 3789 4278 ούρανρΰ,

2182 4295 2380 4364 λέγων,
2414 4298 2573 4361 Δέξαι
2625 4300 2717 4351 τόν
2750 4316 2879 4352 ποτε
2918 4299 3016 4370 μὲν
3064 4299 3252 4356 δοῦλον
3302 4302 3619 4372 ὑπάρχοντα
3652 4303 3780 4369 σὺν,

2184 4383 2280 4436 νῦν
2312 4384 2369 4438 δὲ
2407 4386 2679 4457 ἡμέτερον
2728 4387 2961 4458 ἀδελφὸν
2995 4390 3093 4443 καὶ
3133 4389 3577 4461 συλλειτουργόν.
3610 4391 3784 4457 Δέξαι

501 4471 691 4517 noster
730 4473 789 4519 et
823 4467 1249 4525 comminister:
1299 4473 1521 4542 suscipe
1570 4490 1699 4529 eum
1766 4478 1859 4547 qui
1926 4480 2082 4549 prius

2186 4478 2276 4530 τὸν
2308 4479 2439 4547 πρὶν
2485 4477 2585 4548 μὲν
2637 4479 2877 4550 οἰκέτην,
2907 4483 3027 4535 νυνὶ
3077 4483 3137 4536 δέ
3192 4500 3285 4536 σου
3326 4485 3642 4557 Δεσπότην·
3675 4488 3783 4543 καὶ

500 4552 724 4619 quidem
748 4566 868 4611 erat
900 4556 1157 4626 famulus,
1197 4578 1345 4618 nunc
1383 4574 1567 4620 autem
1602 4578 1687 4623 est
1731 4579 1860 4626 tuus
1902 4573 2084 4629 domi-

503 4660 627 4711 nus,
658 4655 714 4702 et
748 4665 876 4704 eum
922 4652 1011 4720 pie
1057 4653 1316 4710 honora:
1358 4665 1420 4711 ut
1452 4659 1547 4728 qui
1594 4660 1667 4715 sit
1706 4671 1814 4718 tute
1856 4666 2080 4734 quidem

501 4748 754 4794 servator
797 4743 1017 4804 animae,
1063 4754 1250 4802 custos
1291 4758 1476 4804 autem
1528 4752 1675 4808 vitae.
1737 4755 1831 4810 Illa
1899 4768 2083 4815 autem

503 4844 737 4899 sitrgens
794 4835 1179 4900 tremebunda,
1236 4848 1295 4894 et
1348 4854 1413 4894 ex
1469 4842 1849 4901 ecclesiastico
1913 4849 2084 4906 choro

501 4921 719 4991 aliquos
763 4924 1004 4996 insignes
1037 4943 1343 4995 assumens,
1382 4942 1439 4987 et
1475 4949 1600 4989 cum
1646 4952 1843 5008 magno
1874 4941 2085 4999 honore

505 5015 811 5080 procedens
857 5019 1073 5074 obviam
1129 5025 1345 5092 corpori
1400 5029 1692 5098 martyris,
1750 5030 1805 5085 id
1860 5034 2083 5100 quidem

503 5107 756 5172 suscipit,
799 5120 857 5164 et
898 5112 1058 5167 valde
1091 5113 1396 5171 honorifice
1424 5118 1654 5189 deponit
1692 5132 1748 5176 et
1773 5126 2083 5194 magniﬁce,

503 5198 698 5253 stadiis
720 5204 1119 5275 quinquaginta
1144 5210 1337 5278 procul
1372 5227 1402 5265 a
1437 5211 1650 5269 Roma:
1700 5231 1910 5271 sacram
1952 5235 2085 5275 vero

500 5291 554 5344 ei
586 5292 760 5346 aedem
794 5297 1040 5365 instruit,
1080 5304 1309 5358 materia
1353 5302 1623 5376 insignem
1670 5316 1728 5363 et
1774 5311 2086 5379 pulchritu-

501 5382 651 5448 dine,
683 5393 740 5439 et
764 5388 950 5452 talem,
983 5391 1201 5459 qualem
1228 5393 1457 5450 omnino
1479 5399 1770 5466 oportebat
1800 5402 2084 5471 suscipere

501 5491 704 5547 corpus
726 5480 851 5536 talis
879 5481 1076 5540 anima
1103 5503 1118 5538 :
1150 5494 1212 5540 ut
1254 5501 1365 5541 non
1395 5489 1625 5557 spiritus
1659 5491 1810 5546 solus
1852 5494 2084 5549 haberet

505 5582 775 5628 :eternum
804 5577 1252 5645 tabernaculum,
1293 5579 1392 5635 sed
1427 5581 1577 5637 illius
1623 5597 1848 5653 quoque
1880 5600 2084 5657 corpus

507 5664 788 5751 frueretur
848 5668 1014 5726 domo
1095 5674 1463 5731 conveniente
1508 5692 1523 5731 :
1579 5676 1635 5730 in
1692 5690 1801 5746 qua
1871 5678 1927 5733 in
1985 5679 2084 5735 ho-

493 5753 762 5814 diernum
801 5777 977 5830 usque
1019 5765 1185 5825 diem.
1216 5764 1354 5822 ﬁunt
1395 5770 1566 5825 multa
1602 5770 1946 5827 admirabilia
1970 5813 1983 5839 ,
2028 5781 2084 5828 et

2188 4572 2424 4641 τίμησον
2456 4570 2726 4636 εὐλαϐῶς,
2752 4566 2841 4631 οἷα
2858 4572 2922 4643 δὴ
2957 4574 3056 4642 τῆς
3082 4574 3183 4645 σῆς
3210 4575 3309 4646 μὲν
3325 4577 3503 4647 ψυχῆς
3523 4579 3786 4649 σωτῆρα,

2186 4662 2408 4731 φύλακα
2435 4662 2492 4715 δὲ
2530 4663 2631 4732 τῆς
2664 4663 2831 4733 ζωῆς.
2866 4664 2933 4719 Ἦ
2971 4666 3028 4718 δὲ
3062 4665 3402 4721 διαναστᾶσα
3442 4669 3779 4739 σύντρομος,

2187 4754 2280 4809 καί
2320 4772 2475 4818 τινας
2506 4755 2616 4806 τῶν
2642 4755 2929 4826 ἐπιφανῶν
2953 4757 3048 4810 τοῦ
3072 4758 3536 4829 ὲκκλησιαστικοῦ
3565 4760 3785 4831 κλήρου

2188 4848 2606 4917 παραλαϐοῦσα,
2664 4850 2759 4901 καὶ
2792 4850 2890 4902 σὺν
2942 4848 3110 4922 πολλῇ
3153 4853 3289 4921 τιμῇ
3329 4851 3407 4922 τῷ
3441 4855 3779 4925 μαρτυρικῷ

2186 4940 2354 4993 αὐτοῦ
2395 4940 2609 5011 σώματι
2663 4942 3048 5013 ὑπαντήσασα,
3103 4944 3320 5015 δέχεται
3349 4946 3452 5015 μὲν
3485 4946 3645 5000 τοῦτο
3674 4948 3779 5002 καὶ

2185 5033 2542 5103 κατατίθησιν
2564 5034 2705 5102 ἄγαν
2736 5037 2953 5105 σεμνῶς
2980 5054 3037 5089 τε
3062 5037 3157 5089 καὶ
3179 5038 3506 5107 φιλοτίμως,
3533 5039 3777 5106 σταδίοις

2187 5126 2523 5194 πεντήκοντα
2545 5127 2878 5198 τῆςῬώμης
2906 5129 3109 5198 ἀπέχον
3134 5145 3148 5161 ’
3179 5125 3328 5183 οἷκον
3359 5130 3416 5183 δὲ
3445 5130 3596 5200 αύτῷ
3621 5133 3783 5186 διαν-η

2190 5217 2402 5285 ίστησιν
2454 5217 2619 5288 ἱερὸν,
2654 5221 2719 5289 τῇ
2775 5234 2837 5272 τε
2878 5217 2981 5292 ’ύλῃ
3035 5219 3131 5274 καὶ
3164 5219 3243 5289 τῷ
3270 5219 3456 5274 κάλλει
3491 5220 3774 5293 λαμπρὸν,

2186 5309 2279 5362 καὶ
2309 5309 2552 5363 τοιοῦτον
2580 5308 2691 5364 οἷον
2721 5310 2828 5364 ἔδει
2859 5313 3075 5375 πάντως
3102 5312 3283 5383 ψυχῆς
3317 5314 3578 5384 τοιαύτης
3602 5315 3771 5385 σῶμα

2185 5403 2392 5473 λαχεῖν,
2448 5404 2535 5458 ἵνα
2567 5403 2641 5474 μὴ
2674 5404 2735 5457 τὸ
2774 5404 2992 5477 πνεῦμα
3051 5407 3212 5477 μόνον
3266 5408 3476 5478 σκηνὴν
3532 5408 3632 5481 ἔχῃ
3668 5410 3773 5479 τὴν

2185 5497 2446 5565 οὐρανίαν
2471 5536 2486 5560 ,
2547 5496 2686 5550 ἀλλά
2719 5497 2811 5549 καὶ
2838 5498 2901 5551 τὺ
2927 5499 3085 5569 σῶμα
3112 5499 3176 5567 δὴ
3228 5500 3289 5554 τὸ
3323 5501 3538 5554 ἐκείνου
3582 5502 3769 5564 οἰκίας

2186 5585 2439 5657 ἀπολαύῃ
2472 5585 2573 5654 τῆς
2612 5585 2998 5658 προσηκούσης
3029 5604 3042 5617 ⁸
3072 5589 3130 5640 ἐν
3244 5592 3341 5643 καὶ
3371 5582 3562 5654 είςετι
3596 5592 3771 5645 πολλὰ

2187 5676 2296 5731 τῶν
2312 5676 2632 5746 παραδόξων
2657 5678 3010 5744 ἐπιτελεῖται,
3040 5679 3136 5734 καὶ
3151 5679 3406 5751 δαίμονες
3431 5681 3530 5751 μὲν
3551 5682 3771 5752 ἀθρόως

2189 5768 2606 5839 φυγαδεύονται,
2635 5770 2783 5824 νόσοι
2816 5769 2872 5823 δὲ
2900 5770 3153 5842 ἀοράτοις
3201 5771 3469 5847 νεύμασιν
3522 5771 3772 5832 ἀπελαύκ
