4010 6490
487 421 598 488 259
1825 413 2110 485 MENSIS
2140 420 2407 484 MAIUS.
3038 505 3040 507 >
3249 505 3252 510 .
3632 411 3745 476 ξω

488 535 656 598 citur,
697 543 920 590 aeternae
969 531 1096 589 vitm
1160 539 1365 588 sortem
1425 531 1719 603 percipiet.
1784 531 1941 586 Tunc
1981 533 2059 586 ait

2172 529 2588 600 προστάγματος
2617 527 2782 581 αὑτοῦ
2806 526 2900 581 καὶ
2939 522 3219 581 ἐπίθυσον.
3248 525 3310 580 '0
3345 525 3499 594 ἆγιος
3529 526 3746 595 Πίκτωρ

489 629 602 682 dux
637 643 650 680 :
685 626 823 683 Cum
865 626 1219 696 imperatoris
1257 625 1433 680 nostri
1483 626 1642 679 miles
1688 624 1785 685 sis.
1844 623 2059 676 obtem-

2172 618 2340 674 Llrrsv-
2382 622 2490 673 Καὶ
2523 621 2612 672 ὅτε
2665 619 2814 688 αὐτῷ
2869 621 3280 689 ὲστρατευόμην
3345 621 3440 671 καὶ
3483 619 3549 671 τα
3573 619 3745 672 αὑτοῦ

487 734 617 789 pera
650 717 1002 787 imperatoris
1033 718 1238 781 edicto,
1284 726 1340 770 et
1368 716 1476 770 diis
1506 716 1779 770 sacriﬁca.
1831 714 1911 769 Ad
1947 715 2062 768 haec

2172 713 2443 784 εφρόνουν,
2505 712 2698 782 Κυρίῳ
2729 711 2804 781 τῷ
2844 710 2967 781 Θεῷ
2999 729 3102 781 μου
3132 714 3189 764 ὲν
3218 711 3295 780 τῷ
3338 711 3566 780 κρυπτῷ
3618 712 3746 762 ἐλάι-

486 812 772 878 respondit
819 819 1042 864 sauctus
1085 811 1273 864 Victor
1326 809 1426 863 :Si
1483 824 1583 876 ego
1635 824 1747 878 quo
1810 817 2058 877 tempore

2172 823 2371 874 :pzuov,
2404 806 2496 857 καὶ
2526 803 2622 856 νῦν
2663 805 2722 856 οὐ
2748 804 2987 872 δύναμαι
3053 803 3379 872 καταλείψαι
3435 803 3597 855 αὐτὸν
3646 802 3746 854 καὶ

486 900 588 953 sub
628 902 961 969 imperatore
999 899 1330 961 militabam,
1381 908 1512 952 tunc
1552 898 1719 952 etiam
1752 897 1983 951 Domino
2009 904 2063 949 et

2172 896 2399 958 εἰδώλοις
2447 898 2704 949 ἐπιθύσαι
2728 912 2744 930 ·
2792 895 2938 948 ποίει
2961 892 3053 950 οὖν
3081 896 3109 948 ὃ
3139 895 3315 956 θέλεις
3350 895 3432 956 είς
3469 896 3570 962 ἐμὲ
3593 910 3604 922 ·
3645 892 3747 945 τοῦ

485 990 596 1043 Deo
629 1007 752 1043 meo
780 991 998 1044 occulte
1040 990 1376 1053 serviebam,
1413 989 1694 1058 quomodo
1736 1002 1885 1040 nunc
1913 1001 2063 1040 com—

2172 988 2261 1057 μὲν
2289 989 2398 1058 γὰρ
2439 987 2688 1057 σώματός
2727 1005 2828 1056 μου
2861 988 3112 1054 ἐξουσίαν
3162 987 3328 1057 ἔχεις,
3357 989 3455 1056 τῆς
3485 987 3539 1038 δὲ
3561 985 3747 1055 ψυχῆς

486 1084 707 1138 mittere
739 1099 990 1154 possum,
1052 1095 1114 1137 ιιι
1142 1085 1239 1137 illo
1289 1083 1585 1146 derelicto,
1646 1082 1810 1136 idolis
1864 1080 2064 1134 vestris

2172 1085 2186 1133 5
2211 1080 2344 1142 Θεὸς
2384 1081 2565 1145 μόνος,
2591 1082 2618 1132 6
2649 1081 2950 1148 δυνάμενος
2977 1079 3148 1132 σῶσαι
3189 1080 3283 1132 καὶ
3309 1077 3596 1130 ἀπολέσαι.

483 1175 826 1230 sacrificem?
878 1174 1070 1242 Itaque
1120 1173 1207 1228 fac
1255 1173 1524 1243 quidquid
1553 1173 1709 1226 libet.
1747 1172 1829 1226 En
1859 1184 2062 1238 corpus
2102 1185 2289 1226 meum
2357 1171 2414 1225 in
2450 1185 2616 1224 manu
2661 1179 2753 1224 tua
2799 1179 2885 1224 est
2917 1189 2932 1226 :
2967 1171 3167 1224 animae
3209 1183 3341 1222 vero
3410 1174 3745 1237 potestatem

483 1272 630 1326 Deus
659 1268 843 1332 habet,
904 1269 997 1336 qui
1028 1267 1262 1320 salutem
1290 1276 1346 1320 et
1377 1266 1590 1319 ruinam
1624 1265 1825 1319 afferre
1848 1271 2053 1333 potest.

553 1368 618 1422 ll.
650 1367 788 1420 Tum
827 1365 937 1419 dux
977 1363 1069 1418 ille
1098 1379 1111 1414 :
1146 1361 1322 1416 Video
1356 1369 1408 1415 te
1440 1363 1611 1414 multa
1643 1359 1920 1429 sapientia
1965 1373 2058 1411 or-

2228 1356 2306 1410 B'.
2339 1355 2508 1423 Λέγει
2533 1355 2686 1427 αὐτῷ
2718 1359 2746 1410 6
2787 1356 2946 1422 δούξ·
2991 1357 3134 1426 Ὀρῶ
3183 1374 3242 1410 σε
3276 1359 3335 1410 ἐν
3368 1360 3431 1428 τῇ
3470 1358 3748 1430 ἀπολογίᾳ

485 1467 696 1519 natum,
721 1469 899 1525 eaque
929 1454 982 1506 in
1014 1450 1396 1520 respondendo
1424 1449 1585 1502 valde
1613 1458 1882 1501 utentem.
1915 1446 2054 1508 Mea,

2172 1466 2251 1501 mu
2279 1448 2481 1517 πιλλὴν
2514 1450 2708 1516 σοφίαν
2732 1451 3114 1518 περικείμενον
3135 1465 3150 1479 ⁸
3182 1449 3384 1516 σκέψαι
3413 1445 3507 1503 οὖν
3525 1451 3586 1503 τὸ
3607 1456 3748 1517 συμέ

487 1550 670 1620 inquit
702 1549 912 1606 Victor,
942 1543 1209 1614 sapientia
1246 1557 1356 1596 non
1385 1552 1469 1595 est
1496 1557 1561 1595 ex
1594 1556 1702 1605 me,
1763 1538 1860 1592 sed
1915 1539 2058 1590 Deus

2172 1541 2343 1610 ρέρον.
2372 1541 2433 1593 '0
2465 1539 2619 1606 ἅγιος
2648 1539 2863 1608 Βίκτωρ
2892 1540 3077 1607 λέγει’
3153 1541 3198 1593 Η
3229 1543 3335 1611 ὲμὴ
3373 1544 3556 1610 σοφία,
3588 1534 3633 1593 ὦ
3664 1543 3749 1594 δι-

485 1656 642 1696 meus
676 1640 821 1692 illam
866 1638 999 1690 mihi
1038 1636 1296 1690 contulit.
1322 1633 1402 1688 Ad
1437 1634 1553 1687 haec
1583 1647 1824 1701 praeses:
1862 1630 2060 1683 Libera

2172 1632 2356 1694 ιαστά,
2380 1632 2481 1684 οὐκ
2512 1630 2660 1683 ἐστιν
2685 1629 2745 1693 ἐξ
2769 1631 2924 1698 ἐμοῦ,
2959 1631 3072 1683 ἀλλ’
3094 1633 3120 1684 6
3141 1632 3274 1696 Θεὸς
3299 1651 3400 1703 μου
3426 1634 3748 1705 ἐδωρήσατό

485 1735 722 1801 tcipsuzn
788 1747 818 1782 a
876 1727 1066 1781 multis
1111 1725 1471 1783 cruciatibus.
1508 1734 1564 1778 et
1620 1723 1728 1777 diis
1787 1721 2058 1776 sacrifica.

2172 1742 2253 1793 μοι
2289 1725 2483 1793 αὐτὴν.
2559 1722 2616 1774 '0
2655 1722 2782 1786 δοὺξ
2843 1723 3027 1790 λέγει·
3105 1723 3296 1778 Ῥύσαι
3359 1728 3588 1779 σεαυτὶν
3629 1729 3746 1780 ἀπὸ

485 1822 746 1888 Quinimo
804 1821 1085 1880 libenter,
1162 1815 1343 1885 inquit
1444 1815 1662 1876 Victor,
1747 1813 2055 1867 cruciatum

2172 1817 2376 1868 πολλῶν
2421 1815 2694 1884 βασάνων,
2756 1815 2850 1866 καὶ
2884 1814 3199 1886 προσελθὼν
3235 1815 3398 1870 θύσον
3430 1820 3541 1880 τοῖς
3573 1819 3743 1882 θεοῖς.

486 1857 746 1888 “tum”...
804 1857 1034 1873 ..υυηιω
1071 1857 1085 1880 ,
1162 1857 1343 1885 ....,...-
1647 1857 1662 1876 ,
1749 1857 2055 1867 mum"...

478 1914 733 1984 quemvis
758 1912 955 1981 patiar,
993 1926 1060 1964 ne
1089 1908 1363 1963 sacrificia
1394 1908 1519 1961 talia
1557 1906 1786 1960 ofl‘eram
1828 1923 1839 1957 :
1873 1904 1966 1957 sed
2001 1914 2058 1957 et
2093 1857 2131 1909 Β

483 2012 621 2067 illud
653 2009 883 2072 affirmo,
910 2008 1270 2062 vehementer
1323 2021 1407 2058 me
1453 2005 1714 2074 gaudere,
1768 2001 1914 2070 quod
1969 2000 2056 2053 di-

481 2111 627 2176 gnus
663 2104 841 2156 factus
863 2101 987 2162 sim,
1021 2099 1112 2167 qui
1151 2111 1250 2165 pro
1281 2096 1486 2149 Christi
1525 2093 1747 2147 nomine
1783 2101 2058 2145 tormenta

485 2198 684 2266 patiar,
721 2203 777 2247 et
799 2191 1010 2246 cmlesti
1047 2191 1140 2243 illo
1169 2190 1315 2257 Rege
1363 2186 1472 2239 frui
1519 2201 1760 2253 sperem.
1800 2184 1880 2237 Ad
1944 2183 2062 2236 haec

486 2286 596 2340 dux
635 2285 724 2338 ille
759 2301 773 2337 :
808 2281 1068 2349 Nunquid
1107 2279 1552 2334 Christianorum
1595 2276 1854 2330 sacerdos
1881 2290 1942 2329 es
1977 2286 2061 2338 tu,

487 2377 583 2447 qui
619 2385 726 2430 tam
760 2374 1067 2444 prudenter
1098 2373 1263 2427 nobis
1299 2370 1643 2440 respondes?
1690 2368 1825 2433 lloc,
1883 2367 2063 2436 inquit

486 2469 697 2534 Victor,
729 2481 958 2520 munere
983 2463 1241 2532 indignus
1266 2478 1387 2516 sum
1419 2476 1543 2530 ego,
1593 2459 1690 2514 sed
1719 2458 1923 2514 Christi
1953 2459 2061 2513 mei

486 2559 662 2629 gratia
692 2572 776 2612 me
807 2557 972 2611 talem
1002 2554 1189 2610 effecit
1224 2570 1238 2606 :
1271 2554 1387 2607 haec
1421 2553 1572 2606 enim
1606 2550 1711 2614 his,
1766 2549 1862 2618 qui
1905 2558 2062 2602 recto

488 2650 656 2706 corde
686 2657 834 2713 sunt,
863 2655 920 2702 et
952 2646 1158 2701 Christi
1192 2646 1449 2700 mandata
1485 2644 1810 2706 observant,
1843 2642 2064 2710 sapien-

489 2742 618 2795 ti‘a'm
643 2748 701 2796 et
745 2740 992 2794 omnium
1033 2739 1301 2793 bonarum
1344 2752 1528 2790 rerum
1569 2735 1782 2805 cepiam
1833 2749 1900 2788 ex
1947 2731 2063 2786 suis

489 2834 600 2888 illis
659 2831 946 2886 immensis
1009 2831 1221 2885 divitiis
1274 2830 1525 2899 largitur.
1585 2825 2063 2893 Quemadmodum

487 2925 634 2980 enim
666 2925 901 2994 agricola
931 2925 1048 2992 ipse
1076 2937 1202 2976 cum
1240 2922 1445 2975 terram
1478 2921 1632 2983 colit,
1664 2933 1912 2988 paratam
1938 2931 2059 2972 eam

491 3017 672 3071 reddit
701 3016 769 3070 ad
793 3015 1010 3069 fruetus
1040 3013 1298 3068 ferendos
1332 3029 1344 3065 :
1383 3013 1458 3065 ita
1490 3020 1541 3065 ct
1573 3012 1668 3064 Dei
1697 3011 1965 3080 sapientia
1997 3024 2063 3063 ac

489 3107 664 3178 gratia
693 3122 789 3161 eos
827 3121 855 3159 a
885 3106 1089 3175 quibus
1139 3105 1489 3166 observatur,
1529 3102 1722 3165 fortes,
1763 3102 2061 3170 sapientes,

2173 1908 2232 1963 '0
2267 1909 2419 1976 ἆγιος
2469 1909 2684 1978 Βίκτωρ
2716 1904 2900 1959 εἶπεν·
2971 1908 3114 1974 Ἐγὼ
3159 1909 3298 1978 ὑπὲρ
3337 1908 3431 1962 τοῦ
3476 1909 3548 1979 μὴ
3581 1909 3746 1962 θῦσαι

2165 2000 2336 2069 ἡδέως
2377 1999 2740 2069 βασανίζομαι
2773 2000 2868 2052 καὶ
2897 1999 3060 2052 πλέον
3097 2000 3506 2070 διισχυρίζομαι
3536 2003 3748 2068 διαγω-

2164 2089 2468 2160 νιζόμενος,
2511 2093 2592 2144 ὅτι
2654 2089 3005 2160 κατηξιώθην
3062 2091 3203 2160 ὑπὲρ
3235 2092 3328 2144 τοῦ
3359 2093 3619 2159 ὀνόματος
3648 2092 3746 2144 τοῦ

2163 2183 2400 2251 Χριστοῦ
2454 2183 2848 2252 βασανισθῆναι
2906 2182 3000 2235 καὶ
3054 2185 3135 2245 είς
3188 2184 3288 2252 τὴν
3311 2184 3525 2253 ἀγαθὴν
3549 2185 3750 2237 ἐλπίδα

2162 2275 2341 2328 ἐλθεῖν
2392 2274 2486 2326 τοῦ
2542 2274 2818 2338 Βασιλέως
2873 2275 2982 2327 τῶν
3035 2275 3302 2344 οὐρανῶν.
3362 2277 3522 2343 Λέγει
3549 2277 3754 2345 αὑτῷδ

2161 2366 2318 2432 δούξ·
2347 2366 2434 2437 Μὴ
2467 2368 2642 2437 ἱερεὺς
2675 2362 2728 2421 εῐ
2755 2369 2864 2420 τῶν
2891 2369 3258 2438 Χριστιανῶν,
3291 2370 3375 2422 ὅτι
3407 2369 3580 2433 οὕτως
3612 2386 3752 2423 συν-

2164 2460 2298 2522 ετῶς
2330 2461 2636 2529 ἀποκρίνῃ;
2676 2461 2734 2512 '0
2757 2460 2912 2528 ἆγιος
2955 2461 3170 2531 Βίκτωρ
3205 2458 3392 2514 εἶπεν·
3432 2463 3577 2530 Ἐγὼ
3610 2464 3755 2518 ταύ-

2164 2568 2260 2622 της
2291 2551 2391 2620 τῆς
2428 2552 2694 2621 μεγίστης
2720 2554 2942 2624 χάριτος
2971 2555 3063 2606 καὶ
3089 2553 3298 2620 δωρεὰς
3346 2555 3564 2620 ἀνάξιός
3604 2559 3753 2626 εἰμιδ

2165 2647 2198 2715 ἡ
2245 2644 2302 2697 δὲ
2341 2645 2436 2698 τοῦ
2476 2645 2715 2715 Χριστοῦ
2761 2665 2862 2716 μου
2909 2648 3068 2718 χάρις
3120 2650 3299 2719 ἠγαγέ
3330 2667 3397 2719 με
3428 2653 3510 2711 εἰς
3538 2651 3704 2705 τοῦτο
3736 2669 3751 2682 ο

2166 2735 2303 2806 αὕτη
2335 2737 2446 2806 γάρ
2481 2738 2630 2790 ἐστιν
2672 2739 2705 2808 ὴ
2739 2739 3057 2810 παρέχουσα
3091 2743 3202 2803 τοῖς
3236 2743 3418 2795 εὑθέσι
3449 2747 3514 2814 τῇ
3548 2747 3755 2814 καρδίᾳ.

2167 2827 2264 2882 καὶ
2295 2831 2405 2890 τοῖς
2436 2828 2771 2898 φυλάσσουσι
2793 2832 2890 2894 τὰς
2924 2832 3142 2896 ἐντολὰς
3175 2833 3268 2886 τοῦ
3291 2835 3527 2904 Χριστοῦ
3554 2839 3754 2905 σοφίαν

2166 2921 2263 2974 καὶ
2308 2920 2526 2975 σύνεσιν
2565 2923 2819 2992 μετέχειν
2859 2926 3062 2986 παντὸς
3097 2926 3303 2990 ἀγαθοῦ
3328 2943 3342 2958 ⁸
3391 2928 3580 2998 ὥσπερ
3633 2931 3753 3000 γὰρ

2167 3013 2415 3081 γεωργὸς
2447 3013 2788 3082 καλλιεργῶν
2825 3013 2991 3066 αὐτοῦ
3023 3015 3120 3085 τὴν
3147 3016 3248 3085 γῆν
3273 3018 3550 3086 ἑτοιμάζει
3576 3019 3754 3086 αὐτὴν

2168 3103 2246 3167 εἰς
2285 3105 2687 3176 καρποφορίαν,
2720 3105 2894 3168 οὕτως
2922 3107 3016 3158 καὶ
3043 3108 3074 3176 ἡ
3106 3107 3199 3159 τοῦ
3235 3108 3369 3166 Θεοῦ
3420 3111 3580 3176 σοφία
3619 3111 3758 3174 τοὺς

485 3212 550 3252 ac
579 3197 715 3251 tales
744 3193 945 3258 reddit,
969 3195 1064 3264 qui
1094 3195 1204 3248 Deo
1226 3193 1330 3263 ipsi
1361 3193 1598 3246 fru'ctum
1631 3192 1774 3246 ferre
1808 3192 2021 3261 possint
2047 3208 2060 3244 :

2172 3195 2490 3258 ἐλπίζοντας
2542 3200 2622 3258 είς
2655 3197 2828 3266 αὐτὴν
2887 3198 3200 3268 ἐνδυναμοῖ,
3259 3198 3354 3251 καὶ
3391 3199 3617 3267 σοφίζει,
3653 3203 3758 3254 καὶ

489 3304 671 3354 neque
707 3287 1002 3357 permittit,
1053 3297 1111 3340 ut
1145 3285 1213 3339 ab
1261 3283 1516 3339 hostibus
1561 3283 1809 3353 superari
1839 3291 2061 3353 queant.

559 3465 654 3520 Ill.
698 3465 836 3519 Tum
886 3464 998 3519 dux
1056 3465 1184 3518 ait:
1225 3464 1364 3517 Num
1416 3473 1472 3517 tu
1526 3463 1664 3517 mori
1732 3462 2069 3538 decrevisti?

489 3558 794 3627 Respondit
852 3558 1041 3612 Victor
1089 3575 1103 3610 :
1155 3555 1481 3626 llujusmodi
1542 3571 1691 3612 mors
1746 3556 1836 3609 his
1895 3557 2066 3609 vitam

489 3650 776 3715 conciliat,
801 3650 894 3719 qui
929 3649 1120 3704 brevia
1152 3649 1267 3703 haec
1300 3657 1571 3703 tormenta
1619 3648 1840 3702 fortiter
1878 3647 1945 3700 ad
1975 3663 2069 3701 ex-

493 3749 730 3794 tremum
787 3755 960 3808 usque
999 3740 1307 3809 perferunt.
1358 3737 1438 3792 Ad
1475 3739 1591 3793 haec
1621 3738 1731 3791 dux
1765 3738 1853 3791 ille
1887 3754 1901 3790 :
1933 3736 2068 3791 Sen-

493 3834 798 3886 tentiamne
847 3829 1015 3885 istam
1061 3834 1272 3884 tirmam
1325 3830 1540 3885 habes?
1591 3830 1844 3891 Maxime,
1887 3828 2070 3898 inquit

490 3923 700 3976 Victor.
762 3921 900 3974 Tum
968 3923 1077 3976 dux
1136 3922 1434 3991 digitorum
1486 3921 1721 3974 Victoris
1776 3935 2068 3988 compages

489 4027 742 4080 eousque
777 4011 1053 4080 confringi
1101 4012 1285 4080 jussit,
1335 4011 1516 4082 quoad
1554 4027 1585 4064 e
1617 4010 1758 4080 pelle
1804 4011 1918 4078 ipsa
1949 4009 2068 4063 exi-

488 4113 633 4157 rent.
666 4103 786 4168 Quo
817 4103 983 4166 facto,
1013 4103 1204 4157 Victor
1232 4103 1311 4156 ait
1347 4123 1359 4156 :
1396 4102 1613 4157 Gratias
1639 4117 1739 4172 ago
1779 4103 1890 4156 Deo
1919 4117 2063 4161 meo,

488 4193 640 4262 quod
703 4195 937 4263 gratiam
994 4209 1149 4247 suam
1210 4195 1527 4262 propiorem
1588 4193 1724 4245 mihi
1796 4192 2064 4246 ostendit.

488 4283 647 4337 'l‘uuc
685 4285 939 4352 quaesivit
974 4283 1042 4336 ab
1077 4299 1142 4337 eo
1182 4285 1316 4350 dux,
1363 4299 1537 4352 quare
1583 4283 1768 4336 cibum
1819 4299 1931 4337 non
1971 4298 2066 4337 su-

489 4385 688 4430 meret.
715 4375 816 4430 Cui
850 4377 1135 4444 respoudit
1157 4375 1346 4430 Victor
1378 4393 1392 4429 :
1428 4374 1615 4428 Habeo
1650 4377 1766 4444 ipse
1800 4376 2065 4444 spiritua-

489 4472 597 4524 lem
626 4469 833 4533 cibum,
861 4485 971 4537 quo
998 4470 1132 4521 litut
1150 4483 1258 4521 non
1285 4469 1522 4522 esuriam
1547 4469 1599 4522 in
1623 4467 2066 4523 mternum.’l‘um

2172 3291 2316 3340 ποιεῖ
2367 3291 2740 3358 καρποφορεῖν
2795 3289 2872 3357 τῷ
2922 3289 3062 3360 Θεῷ,
3111 3291 3188 3362 μὴ
3246 3293 3606 3363 συγχωροῦσα
3667 3294 3757 3365 τῷ

2170 3377 2264 3447 exe
2275 3377 2350 3447 ρῷ
2384 3379 2769 3446 περιγενέσθαι
2810 3379 3014 3434 αὐτῶν.

2242 3467 2315 3523 Γ.
2345 3469 2707 3533 Σεϐαστιανὸς
2765 3471 2794 3522 6
2846 3471 2972 3536 δοὺξ
3011 3467 3199 3525 εἶπενο
3252 3476 3513 3545 Ἐκρινας
3545 3477 3759 3543 μᾶλλον

2170 3560 2260 3613 τὸν
2295 3560 2526 3614 θάνατον
2549 3561 2767 3615 ἑλέσθαι
2803 3562 2835 3633 ἢ
2875 3562 2972 3630 τὴν
3008 3562 3191 3635 ζωήνς
3254 3565 3310 3620 '0
3352 3568 3504 3636 ἅγιος
3536 3568 3760 3639 Βίκτωρ

2170 3647 2327 3704 εἶπεν
2350 3669 2362 3680 ·
2399 3646 2567 3714 Οὗτος
2605 3656 2633 3706 ό
2665 3653 2891 3717 θάνατος
2922 3654 3068 3725 ζωὴν
3105 3655 3325 3711 αἰώνιον
3365 3659 3617 3728 προξενεῖ
3634 3665 3762 3724 τοῖς

2176 3747 2341 3814 μέχρι
2397 3747 2588 3807 τέλους
2641 3748 2976 3818 ὑπομένουσι
3013 3751 3112 3812 τὰς
3146 3752 3515 3822 προσκαίρους
3546 3753 3763 3820 ταύτας

2173 3837 2464 3906 βασάνους.
2520 3840 2685 3905 Λέγει
2740 3839 2890 3909 αὐτῷ
2953 3842 2980 3892 6
3014 3842 3175 3905 δούξο
3235 3845 3346 3896 Καὶ
3377 3846 3514 3909 ὅλως
3545 3847 3764 3917 ταύτης

2171 3924 2555 3993 ἐπεκράτησας
2586 3926 2684 3994 τῆς
2710 3927 2972 3996 γνώμης;
3018 3930 3077 3982 '0
3111 3931 3266 3998 ἆγιος
3308 3932 3523 4005 Βίκτωρ
3556 3931 3712 3990 εἶπεν
3747 3957 3761 3972 ·

2172 4016 2302 4070 Νλί.
2332 4015 2464 4069 Τότε
2490 4020 2517 4070 ό
2550 4017 2676 4082 δοὺξ
2717 4020 2973 4072 ἐκέλευσε
3006 4023 3420 4094 συγκλασθῆναι
3449 4027 3548 4090 τὰς
3575 4029 3763 4098 ἁρμο-

2171 4103 2294 4166 νίας
2348 4106 2458 4157 τῶν
2492 4106 2771 4160 δακτύλων
2827 4109 3016 4171 αὐτοῦ,
3067 4110 3172 4173 ἕως
3229 4111 3294 4164 ἂν
3326 4114 3388 4166 ἐκ
3435 4114 3534 4182 τῆς
3588 4115 3764 4185 δορᾶς

2172 4195 2484 4260 ἑξέλθωσιν.
2535 4198 2592 4250 Ὀ
2626 4199 2783 4266 ἅγιος
2829 4200 3044 4269 Βίκτωρ
3076 4197 3262 4256 εἶπεν*
3309 4202 3635 4276 Εὑχαριστῶ
3674 4209 3765 4277 τῷ

2173 4286 2291 4355 Θεῷ
2334 4303 2435 4356 μου
2481 4288 2736 4351 πάντοτε,
2783 4291 2864 4342 ὅτι
2908 4292 3138 4360 ἤγγισεν
3183 4294 3214 4362 ἡ
3262 4294 3422 4362 χάρις
3477 4281 3639 4349 αὖτοῦ
3672 4302 3771 4363 εἰς

2173 4379 2295 4447 ἒμέ.
2333 4380 2496 4447 Λέγει
2525 4380 2672 4450 αὑτῷ
2711 4383 2739 4434 ό
2767 4380 2921 4446 sese
2952 4383 3051 4435 Διά
3083 4384 3134 4435 τι
3198 4383 3298 4454 τὴν
3351 4385 3537 4438 ἀνοιάν
3574 4403 3666 4439 σου
3691 4375 3763 4441 οὗ

2173 4470 2513 4540 λαμόάνεις;
2555 4470 2614 4522 '0
2646 4471 2803 4538 ἅγιος
2833 4472 3047 4543 Βίκτωρ
3082 4471 3263 4526 εἷπενυ
3291 4472 3415 4529 Ὀτι
3443 4472 3632 4546 βιαίως
3660 4480 3767 4531 καὶ

491 4557 761 4625 illejussit
785 4555 1063 4610 fornacem
1081 4556 1330 4618 accendi,
1349 4565 1403 4609 et
1432 4557 1699 4612 Victorem
1722 4559 1775 4610 ἱη
1790 4573 1910 4611 eam
1937 4573 2066 4611 con-

2177 4562 2378 4624 ἀδίκως
2408 4565 2748 4626 ἀπαιτείται,
2772 4567 2866 4617 καὶ
2897 4563 3019 4618 οὔτε
3057 4566 3359 4636 λαμϐάνειν
3399 4568 3522 4621 οὔτε
3547 4570 3765 4624 ἐσθίειν

485 4651 693 4718 jectum
716 4649 783 4702 ad
819 4650 1044 4702 tertium
1077 4663 1250 4718 usque
1287 4649 1430 4702 diem
1464 4650 1694 4704 servari.
1727 4649 2065 4718 Factumque

488 4741 596 4796 fuit
654 4741 750 4795 ita.
811 4740 1000 4795 Tertio
1066 4750 1251 4794 autem
1315 4740 1404 4795 die
1463 4756 1586 4795 cum
1639 4741 1732 4795 ille
1807 4742 2072 4810 opinares

491 4845 584 4886 tur
620 4832 899 4887 Victorem
945 4831 1015 4885 ab
1061 4832 1186 4901 igne
1211 4833 1628 4901 [consumptum
1675 4833 1869 4897 fuisse,
1901 4831 2068 4902 jussit

488 4927 772 4980 fornacem
809 4925 1037 4994 aperiri,
1089 4935 1147 4978 et
1191 4929 1452 4996 martyris
1499 4926 1719 4980 eineres
1771 4925 1825 4978 in
1861 4924 2064 4977 flumen

489 5015 758 5086 denter-gi.
837 5016 1115 5070 Patefaeta
1179 5015 1347 5085 igitur
1402 5016 1665 5077 fornace,
1731 5014 2066 5068 invenerunt

495 5106 769 5160 Victorem
796 5105 978 5175 ipsum
1007 5105 1218 5169 vivum,
1255 5113 1314 5159 et
1341 5106 1514 5160 Deum
1548 5106 1888 5168 laudantem,
1914 5103 2065 5175 quod

491 5197 634 5267 ignis
662 5197 784 5267 ejus
817 5211 1021 5265 corpus
1064 5212 1175 5251 non
1231 5199 1511 5266 tetigerat.
1561 5198 1685 5251 Mox
1737 5197 1905 5266 jussit
1955 5197 2067 5250 dux

491 5301 704 5341 venena
738 5285 1001 5356 pestifera
1045 5303 1169 5342 cum
1217 5290 1478 5342 carnibus
1518 5287 1810 5342 commista
1852 5288 2066 5343 edenda

492 5380 572 5434 illi
623 5379 878 5450 proponi.
916 5379 1048 5444 Qua:
1072 5394 1198 5434 cum
1227 5398 1255 5433 a
1293 5381 1538 5434 venefico
1567 5382 1801 5448 quodam
1845 5380 2068 5435 homine

494 5484 747 5542 porrecta
778 5472 830 5527 ei
861 5472 1129 5537 fuissent,
1182 5482 1404 5527 sanctus
1458 5483 1667 5544 martyr
1713 5473 1902 5527 Victor
1946 5475 2067 5528 ait:

493 5566 625 5619 Mihi
685 5567 908 5634 quidem
959 5581 1063 5620 non
1120 5566 1320 5622 liceret
1361 5581 1560 5622 carnes
1587 5576 1830 5636 gustare,
1879 5566 1975 5621 sed
2009 5576 2070 5621 ut

494 5675 797 5728 cognoscas
821 5660 1091 5715 veneficia
1122 5672 1212 5716 tua
1252 5661 1412 5715 nihili
1440 5676 1587 5724 esse,
1616 5675 1686 5714 en
1712 5660 1846 5716 istas
1872 5675 2069 5715 carnes

495 5751 809 5804 comedam.
843 5749 1092 5822 Cumque
1132 5752 1258 5806 illas
1306 5767 1338 5807 e
1387 5751 1645 5807 manibus
1688 5752 1921 5807 venefici
1971 5752 2070 5806 ho-

498 5841 668 5897 minis
726 5845 1049 5912 accepisset,
1105 5843 1388 5901 Christum
1445 5854 1758 5915 precatus,
1795 5845 2066 5914 ejusmodi

2173 4651 2435 4722 βούλομαι
2475 4653 2534 4716 ἐξ
2564 4653 2764 4724 αὐτῆς·
2797 4655 2905 4725 ἔχω
2928 4657 2984 4709 δὲ
3012 4658 3110 4726 τὴν
3134 4663 3517 4731 πνευματικὴν
3546 4665 3767 4736 τροφὴν

2172 4740 2349 4797 καὶόὺ
2384 4745 2457 4816 μὴ
2489 4747 2728 4800 πεινάσω
2761 4749 2841 4811 εἰς
2879 4749 2970 4802 τὸν
3019 4750 3214 4803 αίῶνα.
3244 4752 3429 4806 Ταῦτα
3461 4755 3699 4818 ἀκούσας
3731 4751 3767 4809 6

2170 4835 2316 4903 δοὺξ,
2350 4838 2637 4891 ἐκέλευσεν
2696 4841 2962 4909 ὲκκαῆναι
3009 4843 3239 4911 κάμινον
3270 4843 3364 4896 καὶ
3415 4843 3764 4915 ἐμόληθῆναι

2174 4925 2336 4978 αὐτὸν
2393 4926 2450 4977 ὲν
2497 4927 2656 4996 αὐτῇ,
2716 4929 2876 4997 ἄχρις
2905 4931 3129 5000 ἡμερῶν
3163 4932 3353 5000 τριῶνδ
3409 4938 3503 4988 καὶ
3536 4938 3766 5002 ἐγένετο

2173 5010 2366 5075 οὕτως.
2411 5015 2566 5067 Μετά
2624 5016 2682 5068 δὲ
2731 5016 2827 5078 τὰς
2872 5020 3021 5086 τρεῖς
3049 5019 3285 5088 ἡμέρας,
3318 5021 3547 5088 νομίσας
3579 5023 3606 5073 6
3631 5021 3766 5086 δοίεξ

2173 5104 2481 5174 ἀνηλῶσθαι
2508 5107 2668 5159 αὐτὸν
2693 5107 2798 5159 ὑπὸ
2827 5107 2918 5159 τοῦ
2946 5109 3139 5180 πυρὸς,
3159 5110 3448 5162 ἐκέλευσεν
3471 5115 3764 5183 ἀνοιγῆναι

2173 5195 2273 5265 τὴν
2297 5196 2527 5264 κάμινον
2549 5196 2645 5248 καὶ
2669 5196 2892 5266 ῥιφῆναι
2920 5196 2986 5249 τὰ
3014 5199 3149 5252 ὀστᾶ
3173 5201 3340 5253 αὑτοῦ
3368 5203 3447 5265 εἰς
3474 5203 3564 5254 τὸν
3595 5220 3768 5255 ποτα-

2179 5286 2279 5354 μόν
2305 5302 2318 5316 ·
2357 5288 2450 5340 καὶ
2476 5289 2784 5354 ἀνοίξαντες
2835 5290 3030 5360 αὐτὴν,
3059 5284 3220 5360 εὗρον
3255 5293 3420 5346 αὐτὸν
3452 5293 3632 5357 ζῶντα
3665 5298 3766 5348 καὶ

2174 5379 2468 5442 δοξάζοντα
2515 5381 2606 5432 τὸν
2652 5380 2806 5445 Θεὸν,
2837 5381 2906 5434 δι’
2953 5383 3034 5434 ὅτι
3068 5382 3177 5435 οὐδ’
3217 5383 3354 5446 ὂλως
3387 5385 3564 5455 ἥψατο
3594 5387 3763 5438 αὐτοῦ

2175 5472 2236 5524 τὸ
2265 5471 2396 5541 πῦρ.
2427 5472 2561 5524 Τότε
2593 5473 2879 5526 ἐκέλευσεν
2902 5475 2929 5526 6
2968 5474 3092 5540 δοὺξ
3126 5478 3393 5548 φὲρμακα
3434 5481 3766 5548 ἀναιρετικει

2175 5563 2396 5632 δοθῆναι
2421 5563 2570 5632 αὑτῷ
2601 5567 2799 5631 φαγεῖν
2832 5567 2974 5634 μετά
3020 5568 3194 5636 κρεῶν
3215 5583 3230 5596 ·
3284 5571 3378 5623 καὶ
3405 5571 3767 5627 ὲπιδοθέντων

2176 5654 2329 5725 αὑτῷ
2377 5654 2486 5708 τῶν
2519 5656 2827 5726 φαρμάκων
2883 5659 2988 5711 ὑπὸ
3041 5659 3136 5711 τοῦ
3172 5661 3371 5730 μάγου,
3406 5664 3508 5732 ἔφη
3541 5665 3569 5714 6
3608 5663 3765 5730 ἆγιος

2176 5749 2428 5818 Βίκτωρο
2485 5749 2599 5801 Οὐκ
2651 5748 2769 5812 ἐξόν
2807 5767 2896 5820 μοι
2941 5747 3011 5821 ἦν
3037 5752 3217 5821 κρεῶν
3254 5755 3527 5824 ἅψασθαισ
3583 5757 3670 5809 ἵνα
3696 5741 3765 5810 ’(ῖέ

2178 5843 2343 5913 γνῷς,
2377 5844 2457 5898 ὅτι
2487 5843 2639 5898 οὐδέν
2666 5844 2802 5898 εἰσιν
2831 5848 2884 5898 αἱ
2919 5849 3142 5917 μαγεῖαί
3171 5866 3284 5921 σου,
3311 5851 3405 5904 καὶ
3435 5851 3766 5922 καταφρονῶ
