4010 6442
354 365 461 432 εει

1380 360 1559 437 VITA
1591 376 1696 437 ss.
1733 379 2095 442 VICTORIS
2135 384 2617 473 nasonem.

2678 182 2711 204 ο

3521 397 3627 460 262

340 440 550 547 ίῦτάς,
582 470 752 535 ισθίω
781 482 1195 555 ἀνυπερϐάτως.
1230 468 1341 539 Καὶ
1391 488 1693 559 δεξάμενος
1742 494 1807 544 ὲκ
1838 491 1914 545 τῶ

2069 440 2078 442 ι
2141 440 2220 443 ,,_
2286 440 2617 447 _--_-_.-_-
3521 440 3616 460 μυ.

2051 494 2318 553 carnibus
2352 500 2504 553 vesci
2538 501 2728 567 cmpit,
2760 518 2938 573 neque
2969 506 3274 577 quidquam
3327 510 3454 565 mali
3491 527 3616 581 pas-

350 572 555 643 ιειρῶν
598 572 695 625 τοῦ
733 573 941 643 μάγου,
977 571 1425 645 προσευξάμενος
1456 579 1534 648 τῷ
1558 580 1805 650 Χριστῷ,
1842 582 1938 651 ἦρ-

338 665 483 731 *ξατο
519 664 720 717 ἐσθίειν
745 679 762 694 υ
796 663 889 717 καὶ
922 663 1114 733 φαγὼν
1142 666 1296 719 οὐδὲν
1322 667 1526 721 ἔπαθεν
1551 671 1742 724 κακόν.
1786 671 1846 725 '0
1877 672 1936 725 δὲ

349 758 529 827 μάγος
558 756 653 809 ἐπὶ
703 758 769 827 τῇ
821 759 1003 830 οἰκείᾳ
1058 758 1267 828 μαγείᾳ
1295 761 1741 830 καταισχυνθεὶς,
1767 779 1939 833 προσ-

342 847 561 918 ἦγαγεν
585 845 737 917 αὐτῷ
767 847 931 901 πάλιν
964 848 1129 922 ἔτερα
1165 848 1438 922 φάρμακα
1485 850 1600 905 τῶν
1650 855 1941 925 προτέρων

338 935 623 1006 δεινότερα
652 938 748 990 καὶ
768 937 922 1007 λέγει
949 939 1100 1009 αὐτῷ
1129 956 1144 972 ο
1174 941 1285 995 Καὶ
1306 941 1404 995 νῦν
1441 941 1591 1009 δέξαι
1639 949 1735 1000 καὶ
1759 945 1902 1014 φάγε
1921 963 1936 977 ·

338 1026 441 1079 καὶ
474 1026 573 1077 ἐὰν
617 1026 813 1095 φαγὼν
862 1028 1031 1098 μηδὲν
1058 1030 1240 1101 πάθῃς
1282 1031 1481 1099 κακὸν,
1536 1035 1940 1106 καταλιμπάνω

336 1132 452 1187 μου
476 1117 581 1180 τὰς
611 1118 870 1188 μαγείας,
906 1120 1004 1175 καὶ
1044 1125 1290 1177 πιστεύω
1338 1123 1496 1196 κάγὼ
1525 1127 1601 1196 τῷ
1625 1128 1747 1200 Θεῷ
1772 1122 1819 1198 ᾧ
1846 1129 1940 1183 λα-

336 1206 586 1276 τρεύεις.
636 1208 910 1274 Δαϐόντος
972 1211 1031 1265 δὲ
1062 1212 1161 1266 τοῦ
1193 1215 1466 1286 μακαρίου
1523 1216 1805 1291 Βίκτορος,
1842 1221 1938 1274 καὶ

338 1294 639 1366 ᾢαγόντος,
663 1301 757 1352 καὶ
789 1302 960 1371 μηδὲν
991 1300 1257 1369 παθόντος
1287 1308 1480 1375 κακὸν,
1508 1310 1772 1382 ἀνεϐόησε
1798 1316 1935 1383 μετᾶ

336 1388 531 1475 emi}:
566 1391 595 1442 6
634 1390 810 1459 μάγος
840 1395 935 1446 καὶ
966 1390 1123 1448 εἶπεν
1148 1411 1164 1425 ·
1208 1398 1522 1470 Ἐνίκησας,
1556 1402 1737 1475 ψυχὴν
1759 1405 1933 1459 ἀπολ-

336 1474 591 1549 λυμένην
628 1478 688 1544 ἐξ
714 1480 845 1551 ᾆδον
904 1484 1234 1553 ἀναγαγών·
1291 1489 1484 1560 ὥσπερ
1539 1493 1650 1564 γὰρ
1696 1474 1933 1565 άνδριάς

336 1569 584 1639 χαλκοῦς
604 1571 943 1653 παλαιωθεὶς
974 1576 1071 1629 καὶ
1101 1577 1207 1632 ὑπὸ
1254 1578 1348 1632 τοῦ
1379 1583 1630 1651 τεχνίτου
1664 1586 1933 1658 σμηχθεὶς

332 1661 753 1728 ἀνακαινοῦται,
774 1662 946 1729 οὕτως
969 1668 1064 1721 καὶ
1094 1670 1123 1722 6
1161 1669 1449 1742 ἄνθρωπος
1478 1676 1506 1727 6
1542 1674 1600 1727 ἐν
1623 1679 1812 1740 κακοῖς
1831 1692 1936 1731 πα-

330 1752 619 1821 λαιωθεὶς,
651 1756 748 1809 ἐὰν
772 1758 1101 1833 ἐπιστρέψῃ,
1124 1763 1283 1828 σώζει
1302 1765 1507 1820 αὑτὸνό
1524 1767 1654 1832 Θεὸς
1675 1772 1742 1841 τῇ
1764 1771 1929 1825 αὑτοῦ

325 1846 548 1916 χάριτι.
583 1847 718 1903 Τότε
746 1852 775 1903 ό
809 1853 985 1922 μάγος
1028 1856 1372 1927 παραχρῆμα
1418 1862 1725 1915 κατέκαυσε
1783 1865 1920 1937 πυρὶ

316 1935 642 2002 ’πύσιςτάς
656 1942 896 2010 μαγικάς
919 1943 1085 1997 αὐτοῦ
1112 1946 1330 2015 βίϐλους
1348 1951 1442 2001 καὶ
1462 1952 1595 2003 πᾶσι
1611 1954 1724 2016 τοῖς
1744 1935 1923 2027 ὑπᾶρ-

320 2040 539 2103 mare
558 2031 730 2086 αὐτοῦ
759 2034 1195 2105 ἀποταξάμενος,
1220 2042 1442 2107 γέγονεν
1486 2042 1838 2111 Χριστιανός.

2049 599 2145 640 sus
2189 596 2291 642 est.
2327 589 2623 646 Veneﬁcus
2678 603 2861 647 autem
2911 596 3004 651 ille
3045 614 3151 667 pro
3190 600 3306 656 suis
3344 603 3626 657 veneﬁciis

2047 677 2418 744 erubescens,
2476 680 2580 735 alia
2631 685 2881 752 quaedam
2931 688 3137 743 obtulit
3178 691 3463 760 prioribus
3517 694 3627 749 illis

2046 768 2237 838 pejora
2269 787 2283 822 :
2318 769 2467 836 Hac,
2492 773 2771 843 inquiens,
2826 778 3015 848 accipe
3045 796 3060 833 :
3093 797 3218 850 quae
3265 799 3391 838 cum
3441 800 3626 841 corne-

2048 857 2217 925 deris,
2263 860 2309 915 si
2368 863 2510 916 nihil
2558 864 2686 919 mali
2742 882 2936 936 passus
2963 868 3157 935 fueris,
3204 877 3389 929 statim
3448 886 3623 931 artem

2048 950 2315 1020 magicam
2338 952 2742 1024 derelinquam,
2788 965 2844 1012 et
2877 961 3096 1015 credam
3142 964 3307 1019 etiam
3367 967 3481 1036 ipsc
3512 968 3626 1023 Deo

2046 1056 2215 1110 quem
2249 1050 2306 1097 tu
2340 1043 2498 1098 colis.
2535 1044 2671 1099 Cum
2697 1047 2867 1116 igitur
2910 1050 3109 1107 beatus
3167 1052 3361 1109 Victor
3405 1072 3619 1113 venena

2045 1133 2138 1190 illa
2170 1135 2522 1201 comedisset,
2540 1152 2721 1208 neque
2747 1140 3009 1208 quiddam
3036 1145 3163 1199 mali
3191 1161 3384 1215 passus
3408 1150 3622 1211 luisset,

2043 1226 2326 1285 veneﬁcus
2381 1227 2473 1282 ille
2500 1243 2695 1299 magna
2739 1245 2874 1287 voce
2919 1233 3164 1290 clamans
3203 1254 3220 1290 :
3257 1239 3361 1301 En,
3417 1241 3621 1312 inquit,

2043 1318 2253 1384 Vicisti,
2301 1329 2360 1375 et
2410 1320 2654 1375 animam
2710 1336 2889 1377 meam
2942 1325 3155 1397 jamdiu
3202 1331 3498 1398 perditam,
3551 1335 3621 1390 ab

2047 1411 2247 1469 inferis
2276 1413 2539 1469 eduxisti.
2576 1414 2732 1470 Sicut
2763 1419 2911 1472 enim
2944 1427 3126 1475 statua
3152 1437 3318 1489 aerea,
3352 1440 3473 1495 qua:
3498 1427 3609 1499 jam

2043 1501 2354 1558 inveterata
2384 1514 2490 1569 est,
2525 1519 2555 1559 a
2582 1503 2742 1561 fabro
2775 1507 2962 1579 aliquo
2990 1512 3231 1580 expolita
3267 1526 3568 1571 renovatur
3597 1537 3609 1570 :

2041 1595 2116 1649 ita
2147 1604 2204 1649 et
2254 1611 2342 1650 me
2392 1596 2680 1663 miserum,
2741 1597 2797 1653 in
2843 1601 3005 1657 malis
3039 1602 3429 1673 inveteratum,
3477 1610 3619 1666 Deus

2042 1687 2161 1756 ipse
2210 1702 2306 1742 sua
2337 1689 2510 1758 gratia
2543 1704 2817 1746 renovans
2848 1696 3144 1761 convertit,
3181 1705 3236 1750 et
3284 1699 3352 1753 ad
3386 1702 3616 1758 salutem

2042 1778 2308 1832 traduxit.
2363 1778 2556 1849 Itaque
2601 1782 2883 1837 veneﬁcus
2925 1783 3018 1838 ille
3058 1799 3253 1843 omnes
3286 1805 3416 1845 suos
3446 1792 3619 1847 libros

2028 1869 2270 1939 magicos
2315 1869 2430 1939 igni
2481 1871 2808 1936 combussit,
2836 1882 2892 1929 et
2924 1876 3183 1933 omnibus
3211 1879 3380 1936 rebus
3412 1898 3618 1938 renunz

2033 1957 2202 2026 tinos,
2233 1956 2584 2017 Christianus
2620 1960 2804 2017 lactus
2834 1971 2946 2019 est.

316 2136 333 2163 ³
394 2126 479 2180 A’.
512 2122 740 2179 Τούτων
795 2125 854 2179 δὲ
893 2128 1113 2180 πάντων
1161 2128 1334 2194 οὕτως
1379 2132 1714 2203 γενομένων,
1767 2137 1914 2208 ἕφηέ

2104 2139 2194 2196 lV.
2225 2140 2362 2197 Cum
2396 2142 2512 2199 haec
2533 2143 2607 2197 ita
2640 2152 2699 2198 se;
2727 2144 3016 2212 haberent,
3049 2147 3159 2201 dux
3184 2149 3252 2203 ad
3274 2149 3495 2207 beatum
3523 2149 3617 2207 Vi-

318 2217 454 2281 δοίιξ
484 2216 571 2287 τῷ
599 2217 853 2289 μακαρίῳ
891 2219 1113 2291 Βίκτορι
1139 2238 1153 2251 ·
1199 2222 1461 2278 ὲπίθυσον
1489 2228 1601 2290 τοῖς
1636 2229 1920 2297 μεγίστοις

320 2308 497 2374 θεοῖς,
528 2309 627 2362 καὶ
656 2310 817 2377 γενοῦ
851 2309 1038 2365 λοιπὸν
1082 2313 1306 2379 συνετὸς
1360 2317 1457 2369 καὶ
1495 2317 1704 2389 φρόνιμ
1728 2337 1784 2384 νς.
1863 2320 1922 2376 Ὀ

320 2398 485 2465 ἅγιος
547 2397 770 2469 Βίκτωρ
807 2395 963 2453 εἶπεν
987 2415 1002 2430 ·
1051 2400 1197 2469 Ἐγὼ
1240 2404 1472 2459 πάντοτε
1529 2410 1754 2472 συνετός
1804 2411 1921 2481 εἰμι

325 2486 421 2539 τὸν
433 2486 573 2540 Θεὸν
594 2487 957 2555 ὲπιγνὼσκων
981 2507 995 2520 ·
1018 2489 1080 2544 Ὀ
1100 2490 1225 2557 δοὺξ
1249 2489 1407 2550 εἶπεν
1426 2511 1441 2526 °
1472 2498 1645 2554 Τοῦτο
1678 2504 1778 2557 οὐκ
1805 2504 1921 2560 ἔστι

330 2576 574 2640 σύνεσις,
636 2578 777 2632 ἀλλὰ
825 2581 1031 2651 μωρία,
1065 2583 1128 2637 τὸ
1171 2585 1246 2656 μὴ
1285 2586 1575 2655 βούλεσθαι
1627 2592 1778 2648 θύε.ν
1809 2599 1922 2659 τοῖς

338 2666 497 2731 θεοῖς.
530 2668 594 2722 '0
618 2670 774 2738 ἅγιος
802 2671 1022 2744 Βίκτωρ
1045 2668 1239 2729 εἷπεν·
1271 2675 1356 2730 Τὰ
1387 2682 1546 2749 μωρὰ
1582 2682 1679 2736 τοῦ
1710 2684 1919 2756 κόσμου

326 2758 612 2824 ιξιλέξατο
631 2763 662 2814 6
691 2763 851 2828 Θεὸς,
885 2763 974 2818 ἵνα
998 2766 1126 2831 τοὺς
1155 2769 1355 2837 σοφοὺς
1385 2773 1743 2847 καταισχύνῃ.
1773 2778 1920 2848 Ἔφη

326 2853 466 2922 πρὸς
498 2853 667 2941 αὐτόν
698 2857 726 2911 ό
750 2855 878 2925 δούξ
904 2873 918 2889 ·
949 2857 1061 2913 Ποῦ
1084 2858 1400 2934 γέγραπται
1432 2864 1643 2937 mira;
1679 2867 1739 2925 ’0
1761 2870 1918 2941 ἅγιος

316 2941 547 3014 Βίκτωρ
596 2940 755 3001 εἶπεν
779 2961 794 2976 ·
829 2949 1043 3015 Παῦλος
1075 2953 1105 3005 ό
1130 2954 1431 3020 ἀπόστολος
1484 2957 1723 3025 ἐδίδαξεν
1746 2965 1914 3032 ἡμᾶς.

312 3032 399 3087 ’Ὅ
435 3034 567 3100 δοὺξ
612 3034 766 3091 εἶπεν
788 3053 802 3069 °
836 3041 1051 3096 Οὐκοῦν
1072 3044 1204 3109 Θεδς
1230 3042 1298 3118 ἦν
1321 3051 1350 3102 6
1379 3050 1628 3119 Παῦλο;;
1674 3053 1737 3108 '0
1758 3055 1916 3125 ἅγιος

316 3124 549 3197 Βίκτωρ
579 3125 771 3183 εἷπενο
824 3131 1041 3198 Παῦλος
1090 3135 1226 3200 Θεὸς
1257 3139 1361 3193 οὐκ
1395 3140 1564 3210 ἔστιν,
1598 3143 1735 3198 ἀλλὰ
1777 3124 1914 3203 Θεοῦ

314 3215 628 3281 ἀπόστολος
662 3219 758 3273 καὶ
795 3220 960 3291 σοφὸς
983 3224 1323 3295 ἀρχιτέκτων
1346 3245 1362 3259 ο
1393 3232 1487 3286 ἐπὶ
1511 3233 1620 3305 γάρ
1645 3235 1723 3305 τῷ
1750 3237 1915 3310 θεμε-

319 3305 427 3377 λίῳ
454 3307 539 3378 τῷ
562 3308 774 3364 τεθέντι
805 3312 1129 3385 ᾠκοδόμησε
1156 3319 1252 3372 καὶ
1279 3320 1569 3392 ἐπλήρωσε
1602 3326 1703 3397 τὴν
1731 3305 1914 3384 οἰκου-

321 3399 498 3469 μένην
521 3401 625 3471 τῆς
660 3401 884 3475 διδαχῆς
924 3405 1091 3460 αὑτοῦ
1116 3426 1131 3442 ο
1162 3411 1256 3463 καὶ
1291 3411 1476 3466 λαϐὼν
1514 3417 1708 3486 σοφίαν
1757 3423 1908 3491 παρὰ

2026 2243 2235 2288 ctorem
2267 2248 2572 2291 conversus
2602 2253 2620 2291 :
2650 2234 2930 2304 Sacriﬁca,
2973 2239 3176 2310 inquit,
3201 2242 3309 2297 diis
3338 2248 3612 2312 maximis,

2022 2333 2079 2380 et
2093 2336 2213 2381 esto
2236 2328 2503 2398 prudens.
2525 2328 2720 2383 Victor
2741 2331 3057 2400 respondit:
3082 2331 3197 2403 Ego
3213 2338 3454 2404 prudens
3471 2351 3615 2393 sem-

2020 2431 2122 2487 per
2171 2433 2292 2472 sum
2317 2456 2334 2480 ,
2375 2433 2502 2472 cum
2528 2419 2700 2474 Deum
2731 2435 3083 2492 cognoscam.
3138 2424 3259 2479 Non
3290 2436 3396 2489 est,
3432 2430 3612 2501 inquit

2020 2507 2503 2578 dux,prudenti:e,
2536 2510 2631 2566 sed
2649 2511 2898 2567 stultitiae
2915 2513 3156 2583 signum,
3181 2517 3327 2572 nolle
3351 2518 3460 2573 diis
3476 2520 3617 2591 ipsis

2029 2599 2372 2656 sacriﬁcare.
2402 2601 2483 2655 Ad
2510 2602 2628 2656 haec
2669 2617 2897 2665 sanctus
2935 2605 3162 2661 Victor:
3202 2607 3380 2662 Stulta
3413 2615 3609 2668 mundi

2025 2689 2193 2760 elegit
2242 2690 2409 2756 Deus,
2465 2701 2526 2747 ut
2574 2694 2857 2762 sapientes
2912 2697 3218 2753 confundat
3247 2700 3290 2754 ί.
3339 2701 3497 2758 Tunc
3531 2704 3609 2759 ait

2022 2779 2178 2834 dux:
2225 2782 2292 2835 Et
2334 2783 2561 2837 ubinam
2617 2785 2722 2839 hoc
2760 2784 3029 2858 scriptum
3062 2788 3311 2859 legitur?
3368 2792 3471 2849 Cui
3519 2811 3606 2853 re-

2017 2872 2243 2944 spondit
2278 2873 2464 2931 Victor
2495 2891 2511 2931 :
2542 2874 2745 2933 Paulus
2776 2878 3058 2948 apostolus
3089 2895 3191 2936 nos
3235 2882 3351 2939 hazc
3391 2885 3604 2944 docuit.

2017 2965 2186 3031 Num,
2218 2967 2401 3037 inquit
2445 2968 2562 3032 ille,
2621 2970 2767 3025 Deus
2796 2979 2917 3025 erat
2942 2971 3184 3029 Paulus?
3229 2976 3332 3031 Cui
3365 2978 3552 3033 Victor
3582 2999 3595 3033 :

2018 3054 2246 3112 linime
2273 3059 2481 3114 Paulus
2511 3060 2659 3115 Deus
2681 3069 2787 3125 est,
2823 3063 2921 3117 sed
2957 3064 3052 3118 Dei
3082 3070 3392 3134 apostolus,
3434 3078 3488 3124 et
3512 3086 3601 3124 sa-

2020 3149 2185 3220 piens
2232 3152 2616 3208 architectus:
2659 3154 2953 3210 arditicavit
2988 3158 3138 3212 enim
3190 3175 3358 3229 super
3400 3162 3602 3216 funda-

2015 3251 2264 3297 mentum
2302 3244 2452 3313 quod
2493 3246 2736 3314 positum
2777 3245 2961 3302 fuerat
2985 3249 3028 3311 ',
3081 3257 3138 3303 et
3178 3248 3455 3305 doctrina
3493 3268 3593 3306 sua

2014 3335 2211 3391 orbem
2262 3344 2538 3392 terrarum
2577 3339 2813 3408 replevit
2869 3357 2882 3393 :
2938 3341 3034 3408 qui
3087 3354 3213 3394 cum
3259 3342 3594 3411 sapientiam

2014 3428 2122 3482 sibi
2139 3443 2167 3481 a
2183 3427 2297 3482 Deo
2313 3428 2565 3483 traditam
2582 3429 2909 3499 accepisset,
2927 3429 3239 3485 divinarum
3263 3432 3593 3487 Litterarum

310 3490 483 3554 Θεοῦ,
521 3492 684 3564 ἔσχεν
706 3498 769 3549 ἑν
803 3497 985 3569 ἑαυτῷ
1009 3501 1069 3553 τι
1095 3500 1373 3574 πλήρωμα
1405 3506 1513 3559 τῶν
1548 3508 1782 3579 Γραφῶν
1812 3490 1906 3566 καὶ

2022 3518 2234 3589 plenam
2280 3519 2690 3589 perfectamque
2717 3490 2733 3499 ’
2759 3490 3015 3574 notitiam
3071 3521 3127 3574 in
3157 3536 3215 3575 se
3258 3522 3479 3586 habuit,
3538 3534 3594 3578 et

317 3581 525 3649 ἔδειξεν
550 3585 671 3638 ὁδὸν
691 3590 802 3653 τοῖς
828 3590 1070 3662 σωθῆναι
1095 3592 1464 3666 βουλομένοις.
1496 3600 1554 3653 ’0
1581 3601 1708 3668 δοὺξ
1731 3602 1905 3659 εἶπενο

308 3674 541 3731 Παῦσαι
573 3678 765 3733 λοιπὸν
813 3683 912 3752 τῆς
967 3685 1181 3756 μωρίας
1244 3704 1337 3741 σου
1364 3692 1591 3764 ταύτης,
1624 3696 1716 3748 καὶ
1747 3695 1909 3750 θῦσον

314 3770 436 3830 τοῖς
450 3767 622 3835 θεοῖς,
651 3773 773 3824 ἐπεὶ
794 3775 895 3827 οὐκ
916 3774 1260 3847 ὠφελήσουσι
1284 3798 1342 3834 σε
1365 3784 1434 3836 τά
1467 3787 1689 3854 ῥήματα
1710 3786 1903 3844 ταῦτα.

327 3859 392 3915 '0
413 3861 572 3928 ἂγιος
602 3864 817 3938 Βίκτωρ
840 3863 999 3921 εἶπεν
1018 3885 1032 3899 ·
1066 3868 1182 3926 Οὐκ
1215 3874 1333 3944 είμὶ
1361 3876 1564 3947 μωρὸς,
1597 3878 1733 3933 ἀλλὰ
1764 3882 1906 3935 πάνυ

306 3953 592 4040 φρόνιμος
625 3955 718 4007 τὸν
772 3957 907 4011 Θεόν
944 3975 1047 4027 μου
1102 3963 1176 4033 μὴ
1226 3965 1563 4036 ἀρνούμενος
1588 3986 1603 4002 ο
1646 3974 1820 4040 μωροὶ
1849 3973 1907 4028 δέ

310 4038 427 4097 αισι
457 4046 553 4098 καὶ
583 4046 821 4118 ἄφρονες
849 4050 902 4103 οἱ
924 4051 1216 4118 ἀκούοντές
1249 4072 1343 4109 σου
1367 4060 1463 4112 καὶ
1493 4038 1713 4130 δαίμοσι
1738 4038 1907 4118 θύον-

306 4157 413 4206 τες
434 4158 449 4173 .
486 4143 586 4196 καὶ
617 4145 728 4217 γὰρ
760 4146 789 4198 ό
841 4148 1027 4217 πατὴρ
1058 4149 1213 4220 ὑμῶν
1262 4153 1291 4204 6
1317 4152 1566 4218 διάϐολος
1596 4155 1694 4209 ἀπ’
1730 4158 1907 4228 ἀρχῆς

302 4234 563 4305 ψεύστης
587 4239 741 4291 ἐστὶν
771 4240 865 4293 καὶ
905 4241 1005 4312 τὴν
1028 4241 1289 4313 ἀλήθειαν
1336 4244 1438 4299 οὐκ
1479 4246 1639 4315 ἔγνω,
1693 4247 1769 4311 ὡς
1813 4250 1909 4303 καὶ

294 4325 485 4396 ’δεμες
516 4327 579 4381 o6
604 4327 847 4383 διάκονοι
878 4331 1073 4385 αὐτοῦ·
1128 4333 1266 4388 ἀλλὰ
1297 4336 1392 4389 καὶ
1417 4338 1473 4390 al
1499 4339 1718 4407 καρδίαι
1752 4341 1906 4411 ὑμῶν

302 4414 708 4494 πϋίῆρωνται,
728 4420 1063 4495 τὴνγνῶσιν
1089 4425 1191 4496 τῆς
1222 4426 1484 4496 ἀληθείας
1518 4429 1595 4502 μὴ
1623 4429 1863 4501 ἔχουσαι.

338 4600 466 4660 τευ.
499 4604 640 4659 Τότε
670 4604 948 4675 θυμωθεὶς
978 4606 1008 4658 6
1038 4605 1165 4672 δοὺξ
1194 4606 1450 4663 ἐκέλευσε
1480 4609 1551 4664 τὰ
1574 4608 1744 4683 νεῦρα
1777 4612 1903 4668 ὅλου

302 4695 415 4751 ’τοῦ
440 4696 702 4769 αἳματος
727 4696 897 4751 αὐτοῦ
917 4698 1297 4772 ἀποκοπῆναι·
1335 4700 1432 4756 καὶ
1454 4702 1646 4758 τούτου
1672 4706 1905 4777 γενομέ-

2013 3607 2125 3671 bis,
2164 3606 2259 3676 qui
2294 3606 2431 3661 salvi
2462 3622 2585 3663 esse
2622 3606 2878 3678 cupiunt,
2932 3609 3074 3663 viam
3122 3611 3385 3678 ostendit.
3434 3610 3595 3666 Tunc

2010 3669 2252 3752 ait'dux
2290 3713 2305 3750 :
2354 3698 2556 3753 Desine
2596 3699 2652 3753 in
2692 3669 2976 3769 posterum
3015 3702 3085 3754 ab
3126 3702 3229 3756 ista
3258 3669 3508 3759 3insania.
3540 3715 3600 3760 et

2009 3789 2120 3844 diis
2149 3787 2435 3855 sacriﬁca;
2481 3803 2591 3842 non
2625 3790 2775 3843 enim
2827 3789 2932 3844 tibi
2959 3788 3266 3860 proderunt
3295 3792 3463 3847 verba
3492 3794 3597 3848 ista

2011 3887 2125 3934 tua.
2161 3879 2408 3944 Minime,
2440 3878 2622 3947 inquit
2652 3878 2863 3942 Victor,
2891 3880 3121 3934 insanus
3163 3894 3265 3949 ego
3292 3897 3438 3945 sum,
3489 3885 3588 3937 sed

1962 3998 1975 4013 ι
2010 3974 2171 4029 valde
2199 3972 2469 4043 prudens,
2501 3987 2627 4027 cum
2654 3974 2829 4027 Deum
2864 3986 3051 4027 meum
3093 3987 3203 4027 non
3241 3989 3453 4043 negem.
3494 3975 3585 4028 ln-

2012 4065 2134 4121 sani
2164 4074 2222 4121 et
2246 4065 2538 4119 dementes
2563 4071 2714 4128 sunt,
2762 4063 2859 4132 qui
2894 4071 2944 4116 te
2979 4062 3237 4126 audiunt,
3287 4073 3344 4117 et
3384 4063 3591 4118 daemo-

2012 4156 2181 4211 nibus
2204 4155 2462 4209 victimas
2484 4153 2729 4208 offerunt
2757 4169 2772 4206 :
2818 4152 3038 4206 Etenim
3067 4160 3227 4221 pater
3260 4161 3443 4207 vester
3465 4153 3590 4207 dia—

2009 4247 2174 4303 belus
2201 4246 2436 4302 mendax
2464 4254 2569 4310 est,
2601 4253 2658 4300 et
2680 4244 2736 4298 in
2762 4244 3001 4299 veritate
3039 4259 3152 4298 non
3207 4245 3364 4299 stetit
3396 4260 3413 4298 :
3445 4244 3592 4299 sicut

2009 4347 2069 4393 et
2124 4352 2264 4402 vos,
2313 4335 2421 4405 qui-
2466 4335 2603 4391 estis
2666 4334 2817 4389 illius
2840 4335 3083 4390 ministri
3117 4334 3163 4388 ³.
3210 4333 3358 4399 Quin
3421 4335 3589 4390 etiam

2008 4430 2176 4486 corda
2204 4438 2385 4485 vestra
2410 4435 2687 4487 excecata
2721 4436 2871 4498 sunt,
2902 4426 3156 4485 veritatis
3187 4427 3449 4483 notitiam
3468 4445 3582 4485 non

2008 4523 2300 4579 habentia.

2087 4616 2155 4670 ν.
2198 4615 2356 4671 Tunc
2387 4614 2576 4671 furore
2605 4627 2872 4670 accensus
2894 4612 3007 4668 dux
3059 4613 3175 4678 ille,
3222 4612 3388 4683 jussit
3418 4612 3592 4667 totius

2007 4708 2260 4778 corporis
2290 4706 2550 4777 martyris
2586 4719 2789 4760 nervos
2820 4704 3031 4759 divelli.
3071 4704 3199 4769 Quo
3235 4703 3406 4768 facto,
3446 4701 3589 4756 dixit

647 4790 678 4844 6
699 4790 857 4858 ἅγιος
901 4788 1122 4863 Πίκτωρ
1143 4807 1160 4822 ο
1224 4793 1413 4848 Ταῦτα
1446 4796 1624 4850 πάντα
1674 4799 1902 4869 πάσχων

2022 4807 2241 4854 sanctus
2270 4798 2461 4854 Victor
2493 4815 2509 4851 :
2541 4792 2681 4851 Cum
2708 4795 2892 4850 omnia
2928 4796 3046 4850 haec
3074 4808 3104 4848 ιι
3133 4804 3187 4848 te
3215 4793 3419 4865 patior,
3454 4793 3585 4847 uul-

591 4872 706 4934 οὐδ’
731 4878 869 4944 ὅλως
896 4879 1147 4953 ᾐσθόμην
1168 4880 1486 4952 ἀλγηδόνος,
1505 4883 1594 4938 διά
1621 4885 1721 4957 τὴν
1742 4888 1902 4960 χάριν

737 4972 1146 5045 ἔνδυνσμοῦσάν
1182 4990 1252 5045 με
1279 4992 1294 5008 ·
1327 4974 1518 5046 ὥσπερ
1546 4977 1655 5049 γὰρ
1674 4979 1902 5048 κέντρον

452 5058 621 5131 αδδς
650 5066 1040 5141 ὶκφερόμενον
1079 5070 1408 5140 συνεκφέρει
1441 5071 1623 5140 ἑαυτῷ
1670 5071 1770 5143 τὴν
1798 5088 1902 5127 κα-

294 5160 545 5234 κουχίαν
580 5158 679 5215 ut
730 5160 916 5215 πᾶσαν
965 5159 1065 5231 τὴν
1114 5161 1388 5231 ἀλγηδόνα
1436 5163 1532 5215 καὶ
1588 5163 1899 5218 ἀνάπαυσιν

282 5254 675 5330 ταρικίιτῷ
701 5253 942 5328 σώματι,
990 5255 1167 5320 οὕτως
1216 5256 1396 5325 κάγὼ,
1418 5257 1531 5311 τῶν
1556 5257 1767 5328 νεύρων
1797 5275 1901 5328 μου

828 5347 975 5401 πάνυ
1014 5347 1420 5418 ἀνεπαυσάμην
1443 5347 1531 5402 διὰ
1560 5346 1661 5418 τὴν
1684 5350 1743 5400 ἐν
1768 5349 1904 5419 Χρι-

452 5438 641 5494 πεστιν
670 5441 765 5494 καὶ
794 5439 897 5510 τὴν
931 5439 1288 5510 ἐνισχύουσάν
1319 5456 1388 5509 με
1414 5441 1596 5510 χάριν.
1632 5440 1766 5493 Τότε
1795 5441 1902 5495 πά-

302 5533 394 5588 λιν
422 5534 610 5599 ὁδοὺξ
653 5534 750 5586 ἐπὶ
808 5532 995 5584 πλεῖον
1046 5531 1353 5602 ὀργισθεὶς,
1403 5533 1694 5586 ἐκέλευσεν
1716 5532 1902 5587 ἔλαιον

286 5625 560 5701 ’σιξοϐρῶς
589 5623 919 5694 πυρωθῆναι
949 5622 1045 5676 καὶ
1091 5623 1419 5695 ὲπιχεθῆναι
1449 5621 1600 5695 αὐτῷ
1626 5625 1766 5677 κατὰ
1794 5625 1903 5679 τῶν

2008 4890 2124 4946 lum
2178 4890 2409 4944 omnino
2438 4903 2636 4946 sensus
2667 4886 2923 4942 dolorem
2946 4886 3193 4956 percipio
3231 4893 3463 4955 propter
3486 4885 3589 4940 Dei

2009 4984 2265 5056 gratiam,
2314 4996 2438 5052 quae
2501 4993 2589 5036 me
2673 4980 3021 5035 corroborat.
3107 4978 3588 5045 Quemadmodum

2005 5075 2158 5132 enim
2198 5074 2478 5130 aculeusa
2509 5073 2657 5145 pede‘
2685 5072 2923 5143 alicujus
2954 5071 3204 5135 evulsus,
3239 5083 3429 5126 secum
3475 5084 3589 5125 una

2007 5167 2258 5223 dolorem
2288 5180 2515 5221 omnem
2529 5166 2734 5229 aufert,
2755 5170 2813 5218 et
2844 5162 3065 5233 corpori
3093 5161 3297 5218 deinde
3334 5161 3585 5232 requiem

2009 5258 2218 5328 prabet
2248 5274 2262 5312 :
2299 5257 2374 5311 ita
2404 5265 2462 5311 et
2491 5271 2615 5327 ego,
2649 5253 2837 5309 nervis
2862 5255 3000 5307 meis
3039 5252 3294 5317 divulsis,
3345 5253 3584 5306 maxime

2005 5359 2291 5406 recreatus
2349 5363 2495 5412 sum,
2554 5348 2740 5401 divina
2798 5345 2973 5416 gratia
3017 5360 3106 5400 me
3162 5342 3580 5399 corroborante.

2005 5443 2161 5498 Ture
2188 5442 2298 5497 dux
2327 5440 2500 5508 magis
2528 5439 2813 5509 magisque
2843 5441 3044 5503 iratus,
3087 5436 3253 5508 jussit
3280 5434 3462 5491 oleum
3487 5448 3578 5489 ve-

2005 5534 2294 5589 hementer
2317 5529 2580 5593 caleﬁeri,
2613 5538 2668 5583 et
2714 5530 2769 5583 in
2805 5529 3054 5585 occultas
3096 5536 3283 5597 partes
3326 5523 3581 5593 corporis

2004 5623 2245 5678 infundi.
2302 5620 2423 5688 Quo
2481 5620 2666 5683 facto,
2735 5618 2929 5674 beatus
2976 5625 3185 5688 martyr
3239 5614 3321 5671 ait
3367 5629 3382 5668 :
3439 5611 3581 5666 Tam

284 5810 301 5845 ι
374 5789 399 5831 ⁸
430 5738 693 5860 [iaci-.1,
721 5787 821 5843 27.
898 5788 919 5818 ’
950 5784 971 5841 l
1008 5784 1135 5840 Cor.
1174 5801 1259 5856 tu,
1291 5786 1377 5857 ll,
1430 5787 1518 5843 12.
1596 5787 1617 5820 ³
1649 5782 1811 5843 Joan.
1852 5803 1914 5841 νιι

2022 5785 2104 5840 ιιι.

248 6372 251 6375 .
422 6328 595 6383 ’12:?
