4010 6430
457 442 567 504 2G3

1811 434 2096 497 MENSIS
2127 437 2393 500 MAIUS.

3617 434 3723 504 266

458 566 627 606 suave
675 551 809 606 mihi
867 549 1086 604 fervens
1131 547 1236 601 hoc
1285 546 1468 600 oleum
1519 547 1697 601 visum
1729 556 1836 609 est,
1877 561 2042 614 quam

2161 548 2416 619 κρυπτῶν
2447 547 2644 620 μελῶν.
2681 542 2792 602 Καὶ
2819 549 3012 604 τούτου
3039 550 3332 620 γενομένου
3370 544 3523 601 εἶπεν
3559 551 3587 600 6
3618 567 3721 618 μα-

460 645 640 715 gelida
681 659 844 714 aqua,
877 657 1003 696 cum
1047 640 1099 695 ei
1149 639 1334 703 datur,
1375 639 1468 708 qui
1520 648 1752 708 propter
1806 636 2038 691 nimium

460 747 655 790 aestum
688 734 776 788 siti
809 732 1028 786 laborat
1055 748 1069 784 :
1100 747 1225 786 cum
1247 746 1369 785 eam
1403 731 1552 785 enim
1603 728 1833 792 biberit,
1882 728 2040 784 valde

464 836 768 883 recreatur.
803 824 958 878 Tunc
985 823 1095 876 dux
1129 823 1314 877 furore
1351 820 1685 875 intolerabili
1723 829 2038 889 correptus,

455 918 647 990 jussit,
678 917 733 970 in
764 916 913 984 ligno
961 923 1258 984 martyrem
1290 912 1576 982 suspendi,
1619 921 1674 965 et
1707 913 1898 980 igneas
1921 911 2043 978 ejus

459 1007 681 1077 corpori
722 1005 872 1060 faces
917 1004 1228 1058 admoveri.
1277 1003 1373 1056 Ille
1451 1017 1583 1056 vero
1629 1001 1815 1054 divina
1861 1002 2034 1071 gratia

467 1101 639 1169 magis
667 1098 1086 1158 corroboratus,
1143 1110 1335 1149 earum
1391 1093 1702 1163 lampadum
1739 1093 1887 1147 faces
1932 1107 2040 1145 non

461 1189 762 1244 sentiebat.
809 1189 933 1242 Mox
985 1187 1053 1241 ad
1104 1188 1260 1241 illum
1315 1185 1425 1239 dux
1457 1203 1468 1237 :
1500 1186 1786 1250 Sacriiica,
1837 1184 2040 1252 inquit,

459 1283 593 1345 diis,
627 1281 720 1335 diu
748 1282 900 1335 enim
929 1288 981 1334 te
1029 1279 1257 1349 pertuli.
1314 1278 1619 1346 Respondit
1658 1277 1846 1330 Victor
1879 1295 1892 1330 :
1945 1275 2046 1328 Mi-

462 1372 612 1426 nime
660 1371 858 1425 faeiam
913 1369 1060 1439 quod
1111 1377 1166 1421 tu
1227 1369 1331 1431 vis,
1381 1367 1476 1421 sed
1536 1367 1684 1438 quod
1734 1367 1850 1420 vult
1902 1367 2047 1420 Deus

464 1480 670 1519 meus:
704 1479 872 1534 quem
901 1477 1123 1533 precor,
1159 1471 1219 1514 ut
1257 1460 1594 1514 sacriticium
1639 1474 1836 1528 purum
1880 1468 2045 1526 atque

463 1567 678 1612 castum
713 1557 982 1626 meipsum
1015 1555 1090 1608 illi
1121 1553 1323 1607 oll‘erre
1357 1553 1589 1621 possim,
1645 1552 1700 1606 in
1742 1554 1903 1623 cujus
1949 1567 2046 1620 [to-'-

467 1656 667 1702 testate
699 1646 885 1700 anima
916 1653 970 1699 et
1000 1660 1202 1714 corpus
1234 1659 1418 1698 meum
1452 1655 1557 1698 est.

538 1919 630 1974 Vl.
665 1917 821 1972 Tunc
847 1917 1014 1988 jussit
1047 1931 1320 1971 venenum
1354 1931 1481 1970 cum
1532 1927 1691 1969 aceto
1721 1915 1945 1969 mistum
1990 1915 2046 1968 in
2079 1893 2122 1946 Β

464 2011 589 2079 eius
614 2008 800 2062 fauces
833 2007 1003 2070 iniici.
1046 2006 1112 2060 At
1137 2007 1328 2061 beatus
1361 2007 1548 2062 Victor
1577 2007 1651 2060 ait
1679 2023 1694 2060 t
1729 2007 1959 2060 Aeetum
1995 2020 2052 2061 et

467 2107 741 2156 Venenum
767 2099 871 2153 hoc
891 2098 1025 2152 mihi
1051 2098 1272 2153 videtur
1302 2098 1405 2153 tnel
1437 2107 1493 2152 et
1521 2097 1682 2151 favus
1701 2112 1843 2151 esse.
1864 2097 1920 2150 Id
1947 2112 2046 2150 au-

475 2204 590 2246 tem
628 2190 759 2244 facit
791 2190 1049 2245 Christus
1077 2191 1213 2258 ipse.
1263 2188 1400 2244 Cum
1451 2199 1639 2244 autem
1671 2189 1781 2242 dux
1813 2189 2046 2242 liberam

471 2289 592 2357 eius
622 2286 933 2341 orationem
965 2301 1076 2339 non
1104 2285 1298 2348 ferret,
1334 2285 1486 2339 illius
1525 2285 1722 2338 oculos
1753 2282 2050 2352 compungi

466 2379 655 2447 jussit.
681 2377 779 2431 Cui
811 2376 949 2430 dixit
983 2376 1170 2430 Victor
1204 2395 1216 2429 :
1253 2374 1391 2430 Cum
1417 2377 1672 2444 corporis
1715 2374 1821 2428 mei
1873 2375 2049 2428 visum

469 2469 858 2534 exemeaveris,
906 2477 1037 2521 tunc
1094 2467 1347 2521 interiori
1390 2470 1590 2521 animae
1629 2483 1794 2520 sensu
1835 2468 2052 2520 acutius

471 2561 690 2615 videbo.
711 2559 974 2629 Corporei
998 2560 1146 2613 enint
1172 2559 1316 2612 oculi
1345 2558 1536 2612 tnundi
1562 2559 1726 2629 hujus
1751 2560 2049 2612 vanitatem

471 2655 750 2724 aspiciunt
792 2673 805 2708 :
859 2663 916 2706 at
943 2655 1126 2708 cordis
1178 2654 1324 2708 acies
1372 2669 1559 2706 verum
1610 2652 1757 2705 illam
1805 2655 2054 2705 intuetur

470 2746 676 2798 lucem.
709 2745 870 2813 Cogis
893 2761 1002 2807 mc,
1029 2743 1206 2812 inquit
1231 2743 1361 2806 dux,
1401 2745 1572 2795 multa
1604 2754 1658 2796 ct
1698 2758 1895 2811 magna
1940 2753 2055 2796 ιον-ν

475 2846 661 2892 menta
704 2838 804 2891 tibi
831 2837 1032 2891 aﬂ‘erre
1063 2855 1075 2889 :
1102 2837 1170 2890 Et
1213 2851 1314 2905 ego
1364 2837 1568 2906 gratias
1614 2850 1715 2904 ago
1756 2836 1869 2888 Deo
1904 2851 2047 2899 meo,

472 2932 568 2998 qui
603 2930 918 2983 facultatem
965 2940 1020 2982 et
1072 2930 1244 2982 robur
1279 2929 1413 2981 mihi
1461 2937 1686 2996 praestat
1739 2927 2049 2980 sustinendi

476 3031 752 3076 tormenta
783 3031 897 3076 tua.
931 3019 999 3074 Ut
1028 3021 1197 3090 igitur
1246 3021 1400 3081 libet,
1449 3036 1537 3074 me
1581 3019 1821 3082 crucics,
1870 3033 2050 3087 neque

2144 640 2335 709 accipio;
2381 641 2634 709 Bt’xtwpf
2692 639 2876 704 Οὕτως
2934 660 3024 711 μοι
3084 643 3146 693 τὸ
3190 641 3514 709 ἐκπυρωθὲν
3569 641 3724 695 τοῦτο

2145 731 2322 784 ἔλαιόν
2349 734 2516 796 ἐστιν,
2556 732 2746 802 ὥσπερ
2787 732 2932 804 ὕδωρ
2957 735 3109 786 δοθὲν
3143 734 3354 786 ἐλθόντι
3380 735 3486 785 ἀπὸ
3508 733 3721 787 καύσω-

2144 823 2233 886 νός
2257 841 2361 876 τινι
2395 823 2619 892 διψῶντι
2651 823 2750 876 xal
2785 828 2983 887 πιόντι,
3040 826 3133 878 καὶ
3181 824 3537 893 ἀναψύξαντι.
3583 827 3639 879 Ὀ
3669 826 3724 878 δδ

2142 917 2271 980 δοὶξ
2301 918 2460 986 θυμῷ
2488 918 2849 988 ἁκατασχέτῳ
2881 917 3188 986 συσχεθεὶς,
3237 919 3522 972 ἐκέλευσεν
3567 919 3726 973 πάλιν

2147 1009 2524 1079 κρεμασθῆναι
2558 1009 2721 1062 αὑτὸν
2751 1013 2808 1062 ἐν
2837 1011 2916 1078 τῷ
2948 1009 3089 1077 ξύλῳ
3113 1008 3207 1059 καὶ
3235 1008 3520 1075 λαμπάδας
3559 1009 3724 1078 πυρὸς

2148 1101 2580 1169 προσενεχθῆναι
2628 1100 2706 1168 τῷ
2761 1099 2974 1169 σώματι
3024 1101 3214 1156 αὑτοῦ.
3284 1102 3342 1153 Ὀ
3371 1099 3427 1152 δὲ
3456 1100 3726 1170 μακάριος

2148 1193 2363 1262 Βίκτωρ
2391 1193 2566 1245 ταῦτα
2596 1193 2818 1261 πάσχων
2858 1194 2965 1246 οὐδ’
2992 1194 3126 1255 ὅλως
3155 1193 3418 1263 ᾐσθάνετο
3445 1191 3552 1242 τῶν
3587 1191 3728 1258 λαμ-

2148 1282 2352 1343 πάδων,
2395 1282 2510 1334 ἀλλ’
2537 1283 2935 1353 ἐνεδυναμοῦτο
3002 1284 3166 1336 πλέον
3222 1283 3327 1337 ὑπὺ
3378 1287 3476 1352 τῆς
3507 1297 3728 1351 χαριτος

2147 1374 2240 1427 τοῦ
2273 1374 2431 1428 Θεοῦ.
2481 1375 2640 1428 Μετὰ
2661 1376 2716 1427 δὲ
2741 1375 2911 1428 ταῦτα
2957 1371 3114 1428 εἶπεν
3145 1375 3294 1444 αὖτῷ
3323 1377 3350 1428 6
3379 1375 3502 1438 δούξ
3523 1391 3536 1403 ·
3578 1370 3730 1426 Ἐπί-

2151 1467 2310 1519 θυσον
2339 1466 2526 1518 λοιπόν
2554 1482 2568 1496 ο
2602 1465 2770 1518 πολλὰ
2804 1467 2911 1536 γάρ
2949 1484 3041 1519 σου
3092 1467 3422 1536 ἠνεσχόμην.
3472 1465 3530 1518 ’0
3575 1464 3730 1531 ἅγιος

2148 1559 2364 1628 Βίκτωρ
2390 1555 2544 1610 εἶπεν
2569 1575 2582 1589 ⁸
2615 1560 2688 1610 Οὐ
2714 1560 2774 1610 τὸ
2806 1560 2894 1611 σὺν
2925 1560 3136 1628 θέλημα
3187 1559 3344 1623 ποιῶ,
3379 1557 3515 1610 ἀλλὰ
3542 1558 3601 1610 τὸ
3634 1555 3727 1609 τοῦ

2150 1649 2284 1702 Θεοῦ
2316 1667 2438 1718 μου,
2472 1649 2566 1702 καὶ
2613 1637 2845 1718 εὔχομαι
2905 1651 3284 1719 προσαγαγεῖν
3339 1648 3488 1715 αὐτῴ
3541 1648 3730 1700 θυσίαν

2150 1742 2397 1808 καθαρὰν
2446 1742 2539 1793 καὶ
2572 1743 2742 1810 ἁγνὴν
2793 1740 3040 1810 ἐμαυτῷ,
3073 1741 3155 1793 ὃτι
3209 1740 3370 1803 αὐτὸς
3425 1741 3519 1792 καὶ
3552 1738 3731 1808 ψυχῆς

2153 1832 2250 1884 καὶ
2281 1834 2530 1900 σώματος
2570 1833 2895 1897 ἐξουσιάζει.

2225 1927 2316 1990 ς’.
2355 1925 2460 1976 Καὶ
2485 1925 2770 1976 ἐκέλευσεν
2796 1926 2959 1977 πάλιν
2984 1925 3012 1976 6
3043 1923 3170 1988 δοῦξ
3191 1923 3377 1976 κονίαν
3403 1923 3544 1992 μετὰ
3575 1921 3732 1986 ὄξους

2151 2018 2231 2077 είς
2269 2017 2335 2068 τά
2367 2015 2636 2083 βραγχεῖα
2667 2015 2831 2066 αὐτοῦ
2865 2014 3205 2083 ὲμὸληθῆναι
3231 2031 3244 2045 ⁸
3289 2014 3384 2066 καὶ
3412 2015 3609 2065 τούτου
3637 2027 3732 2079 γει

2152 2111 2379 2177 νομένου
2409 2109 2436 2159 ὁ
2477 2108 2628 2172 ἅγιος
2666 2107 2880 2177 Βίκτωρ
2915 2104 3068 2158 εἶπεν
3093 2123 3106 2137 ·
3137 2108 3211 2158 Τὸ
3240 2107 3360 2170 ὅξος
3391 2108 3480 2158 καὶ
3509 2107 3542 2174 ἡ
3579 2106 3734 2159 κονία

2153 2201 2278 2268 ἐμοὶ
2323 2197 2513 2268 ὥσπερ
2548 2199 2670 2267 μέλι
2726 2201 2818 2251 καὶ
2856 2199 3048 2268 κηρίον
3077 2199 3184 2251 εἰσὶ
3233 2199 3322 2251 διά
3351 2199 3441 2250 τὸν
3473 2199 3732 2267 Χριστόν.

2157 2295 2289 2345 Τότε
2333 2294 2408 2362 μὴ
2449 2293 2632 2362 φέρων
2665 2293 2767 2360 τὴν
2800 2293 3116 2364 παρρησίαν
3154 2291 3320 2344 αὑτοῦ
3352 2295 3380 2344 6
3427 2290 3572 2356 δοὺξ,
3611 2292 3736 2344 ὲκέο

2155 2385 2312 2435 λενσε
2335 2385 2460 2444 τοὺς
2483 2381 2800 2449 ὀφθαλμοὺς
2835 2380 2999 2432 αὐτοῦ
3024 2379 3441 2448 ἐκκεντηθῆιαιο
3468 2381 3562 2432 καὶ
3587 2379 3737 2447 λέγει

2155 2475 2303 2542 αὐτῷ
2332 2473 2360 2524 ὁ
2393 2473 2548 2540 ἅγιος
2610 2470 2857 2538 Βίκτωρ’
2889 2469 3010 2522 "0:'
3063 2469 3128 2521 ἂν
3166 2459 3286 2536 ’τὴν
3340 2467 3435 2519 τοῦ
3483 2467 3736 2536 σώματος

2157 2566 2418 2636 πηρώσεις
2459 2567 2673 2635 ὅρασιν,
2717 2565 2837 2614 τότε
2871 2561 2959 2614 διὰ
2991 2562 3087 2630 τῆς
3112 2561 3260 2613 ἔνδον
3299 2562 3540 2630 ὁράσεως
3573 2558 3737 2612 πλέον

2156 2658 2266 2727 6ρῶ
2311 2661 2421 2718 τοῖς
2455 2657 2553 2723 τῆς
2602 2654 2781 2723 ψυχῆς
2826 2651 3146 2720 ὀρθαλμοίς,
3182 2650 3257 2712 ὡς
3287 2645 3441 2700 εἷπεν
3471 2650 3680 2718 Πέτρος
3710 2649 3738 2700 6

2157 2750 2310 2817 ἅγιος
2337 2747 2634 2808 ἀπόστολος
2661 2785 2675 2808 ,
2725 2746 2807 2797 ὃτι
2852 2763 2870 2795 ι
2926 2744 3048 2796 Ἐάν
3101 2745 3474 2810 κατανοῄσητε
3516 2742 3608 2791 τὸν
3643 2739 3739 2807 τῆς

2155 2841 2330 2911 ψυχῆς
2359 2839 2656 2906 ὀφθαλμὸν,
2681 2837 2742 2887 οὐ
2770 2835 2958 2904 χρείαν
2987 2834 3138 2902 ἔχετε
3170 2833 3279 2884 τῶν
3316 2831 3614 2899 ὀρθαλμῶν
3646 2829 3737 2882 τοῦ

2158 2936 2406 3001 σώματος
2424 2947 2435 2958 ·
2468 2933 2516 2982 οἱ
2543 2932 2649 2996 γάρ
2677 2927 2948 2997 ὀφθαλμοὶ
2977 2926 3069 2978 τοῦ
3105 2925 3355 2994 σώματος
3382 2924 3648 2993 βλέπουσι
3675 2921 3741 2976 τὰ

2160 3025 2366 3094 μάταια
2399 3020 2490 3073 τοῦ
2529 3020 2736 3088 κόσμου
2771 3017 2982 3076 τούτου,
3025 3017 3073 3067 οί
3099 3015 3151 3067 δὲ
3175 3015 3445 3082 ὀφθαλμοὶ
3476 3012 3572 3081 τῆς
3602 3027 3743 3080 x19-

474 3115 586 3169 ulla
615 3115 669 3169 in
702 3131 757 3170 re
789 3117 924 3170 mihi
963 3131 1158 3185 parcas
1197 3131 1210 3168 :
1251 3126 1476 3184 paratus
1511 3114 1658 3168 enim
1694 3129 1816 3168 smn
1861 3128 2053 3166 omnes

2161 3119 2275 3179 δίας
2313 3116 2372 3168 τὸ
2419 3115 2533 3182 φῶς
2582 3117 2640 3166 τὸ
2675 3112 2928 3178 ἀληθινὴν
2957 3111 3177 3180 ὁρῶσιν.
3215 3128 3233 3162 ›
3291 3109 3348 3162 '0
3381 3109 3506 3174 δοὺξ
3540 3102 3737 3160 εῐττενο

473 3221 772 3270 aerumnas,
825 3221 1186 3276 quascunque
1243 3206 1379 3259 mihi
1452 3205 1750 3270 attuleris,
1813 3204 2051 3259 libenter

2170 3207 2525 3276 ’.ἀναγκάζεις
2580 3222 2647 3274 με
2695 3205 2895 3266 πολλάς
2937 3205 3028 3256 καὶ
3073 3201 3314 3273 μεγάλας
3359 3200 3741 3254 σοιὲπιθεῖναι

475 3297 710 3364 perpeti,
751 3298 860 3350 Deo
893 3297 1011 3366 ipso
1051 3297 1188 3350 mihi
1220 3297 1365 3350 vires
1402 3306 1753 3366 suggerente.

2161 3299 2428 3360 κολάσεις.
2500 3296 2558 3349 ὐ
2594 3296 2742 3364 άγιος
2798 3296 3016 3366 Βίκτωρ
3067 3291 3255 3348 εἶπεν·
3310 3295 3638 3365 Εὖχαριστῶ
3667 3292 3743 3361 τῷ

473 3388 596 3456 Θεῷ
631 3406 730 3458 μου
758 3388 834 3456 τῷ
866 3388 1211 3456 ὲνισχύσαντί
1239 3403 1307 3456 με
1336 3387 1631 3457 ὑπομένειν
1660 3390 1758 3445 τὰς
1793 3385 2059 3456 βασάνους
2099 3403 2226 3442 σουσ
2288 3387 2362 3447 ὼς
2416 3380 2509 3437 οῦν
2541 3385 2715 3447 θέλεις
2739 3423 2754 3448 ,
2788 3384 2986 3446 κόλαζὲ
3030 3401 3096 3453 με
3133 3386 3228 3436 καὶ
3267 3385 3342 3452 μή
3383 3401 3482 3452 μου
3511 3383 3702 3451 φείδου
3729 3399 3741 3412 ·

471 3477 695 3551 ῑτοιμος
723 3482 833 3551 γάρ
856 3483 974 3551 εἰμι
1017 3481 1196 3535 πάντα
1226 3480 1386 3534 πόλον
1445 3481 1550 3533 ὑπὸ
1587 3479 1681 3533 σοῦ
1717 3481 2062 3551 ἐπαγόμενον
2088 3498 2181 3552 μοι
2226 3481 2540 3550 ὑπομεῖναι,
2573 3476 2667 3530 τοῦ
2692 3475 2830 3530 Θεοῦ
2870 3495 2960 3546 μοι
2984 3476 3314 3546 παρέχοντος
3361 3475 3591 3544 δύναμιν
3655 3473 3745 3527 καὶ

473 3575 779 3650 ὖπομονήν.

554 3676 663 3732 Vll.
709 3675 866 3729 Tunc
889 3674 967 3728 ait
991 3673 1103 3729 dux
1139 3674 1514 3744 :Suspendite
1545 3673 1828 3728 hominem
1863 3674 2054 3740 istum,

475 3770 660 3837 capite
700 3766 756 3820 iu
796 3777 1006 3821 terram
1044 3767 1330 3832 revoluto,
1361 3765 1544 3836 quoad
1573 3767 1798 3835 sanguis
1834 3783 1903 3821 ex
1938 3768 2056 3837 ejus

476 3858 710 3912 naribus
746 3857 802 3910 in
852 3865 1056 3910 terram
1101 3855 1329 3909 deﬂuat.
1379 3856 1480 3908 illo
1530 3855 1700 3923 igitur
1748 3869 2052 3923 suspenso,

476 3950 684 4003 milites
711 3949 1110 4011 discesserunt,
1146 3962 1386 4016 eumque
1421 3957 1535 4000 tres
1565 3947 1684 4000 dies
1712 3947 1787 4000 ita
1816 3960 2054 4014 su5pen-

475 4056 603 4093 cum
629 4038 1073 4106 dereliquerunt.
1109 4038 1250 4092 Cum
1275 4053 1409 4092 vero
1448 4036 1649 4090 tertius
1675 4035 1794 4089 dies
1825 4046 2054 4104 praeter-

477 4130 654 4194 iisset,
703 4130 835 4182 illuc
877 4128 1111 4191 reversi,
1134 4144 1261 4182 cum
1291 4130 1475 4182 vivum
1505 4129 1861 4197 reperissent,
1888 4140 2052 4196 quem

481 4229 761 4273 mortuum
796 4218 968 4273 fuisse
993 4219 1368 4284 crediderant,
1395 4219 1580 4273 statim
1611 4218 1872 4272 exemeati
1901 4227 2052 4271 sunt.

483 4313 594 4365 Sed
625 4311 825 4366 beatus
859 4311 1051 4366 Victor
1095 4311 1475 4366 misericordia
1507 4320 1841 4375 commotus,
1885 4311 2057 4364 Deum

477 4420 651 4459 orans
684 4423 700 4458 :
742 4405 801 4460 ln
830 4403 1076 4469 nomine,
1101 4405 1302 4473 inquit,
1334 4403 1550 4458 Domini
1582 4405 1689 4458 mei
1718 4402 1848 4456 Jesu
1897 4401 2058 4457 Chri-

486 4495 560 4548 sti
596 4495 776 4548 visum
813 4495 1067 4564 recipite.
1100 4496 1290 4564 Itaque
1333 4496 1588 4549 restituta
1655 4495 1928 4550 militibus
1978 4495 2062 4547 vi-

2235 3666 2309 3722 Z'.
2339 3668 2473 3721 Τότε
2505 3667 2533 3718 6
2565 3664 2692 3729 δοὺξ
2742 3665 3002 3719 ἐκέλευσε
3037 3662 3417 3734 κρεμασθῆναι
3446 3662 3612 3716 αὑτὸν
3645 3679 3746 3716 κα·

2164 3761 2466 3828 τακέφαλα,
2518 3759 2623 3820 ἕως
2676 3757 2742 3810 ἂν
2777 3757 2969 3809 ἐκτῶν
2997 3756 3157 3824 ῥινῶν
3207 3755 3371 3808 αὑτοῦ
3411 3750 3549 3823 αἷμα
3572 3754 3748 3826 ρεὐσῃ

2163 3855 2256 3906 ἐπὶ
2282 3852 2381 3924 τὴν
2414 3852 2515 3920 γῆν
2535 3867 2546 3880 '
2579 3850 2674 3902 καὶ
2702 3851 2963 3910 ἐάσαντες
2985 3849 3147 3900 αὑτὸν
3171 3849 3220 3900 oi
3249 3847 3578 3918 στρατιῶται
3613 3861 3748 3916 xpe-

2168 3947 2430 4016 μάμενον,
2485 3942 2731 4011 ἀπῆλθον
2784 3940 2879 3994 ἀπ’
2927 3939 3093 3993 αὑτοῦ
3150 3940 3255 4002 ἕως
3284 3941 3507 4008 ἡμερῶν
3533 3938 3743 4008 τριῶν⁶

2167 4039 2306 4107 μετὰ
2347 4037 2402 4088 δὲ
2435 4037 2494 4088 τὸ
2526 4035 2680 4096 τέλος
2733 4034 2842 4086 τῶν
2895 4033 3064 4101 τριῶν
3097 4033 3330 4102 ἡμερῶν
3379 4036 3749 4101 παρεγένοντο

2165 4129 2300 4199 πρὸς
2334 4128 2516 4189 αὑτὸν,
2540 4127 2853 4195 νομίζοντες
2878 4126 3040 4177 αὑτὸν
3066 4124 3164 4194 ἤδη
3187 4124 3442 4177 τεθνάναι
3459 4136 3473 4151 ⁶
3500 4127 3590 4176 καὶ
3623 4123 3750 4176 θεαο

2163 4220 2387 4287 σάμενοι
2415 4219 2577 4270 αὐτὸν
2605 4217 2949 4286 παραχρῆμα
2985 4215 3397 4284 ὲτυφλώθησαν.
3434 4214 3748 4284 Σπλαγχνιο

2168 4311 2315 4370 σίεὶς
2345 4311 2401 4361 δὲ
2427 4310 2512 4360 ἐπ’
2542 4309 2724 4368 αὐτοῖς
2753 4311 2780 4359 6
2813 4308 2964 4373 ἅγιος
2998 4308 3216 4377 Βίκτωρ
3249 4308 3341 4359 καὶ
3371 4306 3752 4378 προσευξάμυ

2165 4419 2253 4464 νος
2285 4397 2436 4452 εἶπεν
2460 4415 2471 4428 ’
2511 4401 2602 4453 Ἐν
2650 4399 2727 4468 τῷ
2761 4399 2984 4468 ὀνόματι
3031 4397 3124 4451 τοῦ
3170 4399 3374 4468 Κυρίου
3427 4416 3528 4467 μου
3565 4396 3747 4467 Ἰησοῦ

2167 4491 2426 4562 Χριστοῦ,
2459 4490 2525 4543 δι’
2555 4490 2614 4542 ὃν
2660 4489 2769 4557 ἐγὼ
2805 4489 2992 4542 ἐνθάδε
3042 4490 3350 4560 κρέμαμαι,
3383 4489 3746 4557 άναὸλέιξατε.

484 4582 656 4637 dendi
699 4582 983 4650 facultate,
1014 4583 1276 4638 abierunt
1309 4584 1409 4649 illi,
1443 4593 1500 4639 et
1535 4585 1662 4640 duci
1693 4587 1903 4646 omnia,
1937 4601 2053 4654 qua:

2166 4587 2228 4636 Οἱ
2277 4584 2334 4636 δὲ
2387 4583 2721 4653 στρατιῶται
2776 4583 3181 4651 ἀναϐλέψαντες
3248 4584 3591 4651 παραχρῆμα
3652 4580 3748 4632 καὶ

482 4673 626 4728 facta
661 4673 902 4734 fuerant,
940 4675 1275 4729 retulerunt.
1327 4675 1481 4730 Tunc
1527 4677 1618 4732 ille
1669 4677 1840 4746 magis
1888 4677 2062 4730 iratus

483 4774 590 4829 est,
638 4778 694 4820 et
739 4766 1008 4820 militibus
1044 4767 1330 4836 praecepit,
1379 4777 1440 4822 ut
1470 4767 1746 4824 Victorem
1800 4767 2065 4836 deglube-

484 4869 635 4914 rent.
673 4860 776 4914 Cui
813 4861 1011 4915 beatus
1038 4874 1244 4935 martyr
1273 4875 1292 4914 :
1346 4862 1522 4928 Licet,
1556 4863 1756 4932 inquit,
1813 4862 2064 4932 corporis

485 4952 684 5019 pellem
718 4952 1042 5018 abstuleris,
1070 4966 1310 5009 mentem
1343 4964 1526 5009 tamen
1550 4957 1724 5024 ipsam
1762 4964 1816 5009 et
1850 4955 2061 5025 cogita-

486 5043 671 5097 tiones
703 5059 855 5098 meas
877 5061 987 5099 non
1027 5047 1341 5114 superabis.
1368 5046 1525 5102 Tunc
1547 5047 1738 5102 militis
1769 5049 2058 5117 cujusdam

487 5143 646 5196 uxor,
683 5134 962 5201 Stephana
1008 5136 1255 5200 nomine,
1303 5152 1430 5191 cum
1476 5137 1586 5190 illic
1621 5152 1863 5206 pra-scus
1894 5147 2060 5201 eSset,

483 5236 666 5278 annos
718 5223 994 5279 sexdecim
1049 5237 1202 5290 nata,
1280 5245 1415 5284 voce
1487 5244 1682 5298 magna
1755 5230 2060 5283 clamavit;

483 5311 690 5367 Beatus
714 5327 797 5377 es,
828 5312 1038 5378 Victor,
1073 5324 1131 5369 et
1164 5316 1324 5370 beata
1356 5326 1487 5370 sunt
1513 5332 1681 5385 opera
1721 5326 1814 5370 tua
1846 5330 2058 5372 sancta.

487 5403 834 5458 Sacrificium
883 5411 1038 5460 tuum
1099 5405 1214 5460 Deo
1284 5416 1572 5476 acceptum
1635 5417 1740 5469 est,
1789 5416 1850 5461 ut
1875 5409 2064 5462 Abelis

484 5495 731 5561 victima,
787 5497 1052 5566 quoniam
1109 5497 1345 5567 teipsum
1394 5485 1659 5553 obtulisti.
1682 5508 1834 5554 recto
1873 5501 2060 5555 corde.

468 5587 582 5641 .Sic
629 5587 776 5642 Deus
834 5597 886 5642 te
925 5589 1162 5659 accepit,
1217 5599 1278 5644 ut
1322 5589 1511 5646 Enoeh
1544 5591 1698 5644 illum
1761 5592 1939 5645 virum
1972 5592 2064 5662 ju-

489 5688 664 5739 stum.
717 5681 814 5750 qui
867 5685 1168 5736 translatus
1215 5694 1327 5747 est,
1382 5697 1452 5737 ne
1500 5693 1746 5754 gustaret
1805 5693 2061 5748 mortem,

487 5771 668 5839 quoad
698 5782 908 5827 certum
947 5784 1162 5844 tempus
1188 5776 1535 5844 praeterierit.
1563 5777 1755 5833 Justus
1775 5777 1952 5834 factus
1977 5795 2060 5842 es,

486 5874 550 5919 ut
582 5863 718 5932 Noe,
755 5863 1025 5922 bonorum
1054 5882 1288 5937 operum
1319 5868 1598 5927 fructibus
1635 5871 1892 5928 refertus.
1933 5871 2064 5928 Per-

2168 4677 2495 4738 ἀπελθόντες
2524 4675 2872 4745 ἀπήγγειλαν
2904 4673 2982 4743 τῷ
3022 4673 3174 4725 δουκὶ
3202 4672 3380 4725 πάντα
3425 4679 3493 4725 τα
3520 4688 3752 4741 γεγενη-

2174 4769 2329 4838 μένα.
2366 4767 2473 4819 Καὶ
2499 4767 2776 4837 ὀργισθεὶς
2812 4767 2839 4817 ὁ
2869 4765 2995 4829 δοὺξ
3025 4765 3316 4818 ἐκέλευσεν
3345 4766 3508 4818 αὐτὸν
3550 4764 3751 4833 ὲκδαρ·

2167 4866 2327 4934 θῆναι
2349 4865 2470 4918 καθ’
2499 4865 2622 4919 ὅλου
2653 4863 2747 4916 τοῦ
2766 4863 3042 4931 σώματος.
3069 4860 3238 4916 Εἶπεν
3264 4863 3320 4914 δὲ
3350 4863 3500 4932 αὐτῷ
3531 4863 3559 4915 ὀ
3587 4861 3749 4930 ἅγιος

2167 4958 2381 5030 Πίκτωρ
2403 4974 2415 4988 ⁸
2443 4959 2506 5012 Εἰ
2529 4958 2622 5011 καὶ
2652 4957 2751 5027 τὴν
2782 4956 2874 5010 τοῦ
2907 4957 3163 5026 σώματός
3201 4973 3304 5026 μου
3327 4956 3488 5026 δορὰν
3515 4955 3748 5026 ἀφέλῃς,

2165 5050 2299 5104 ἀλλὰ
2324 5051 2465 5104 κατὰ
2491 5049 2584 5102 τοῦ
2613 5049 2878 5117 λογισμοῦ
2914 5049 3140 5118 ποιῆσαί
3165 5065 3214 5100 τι
3247 5048 3308 5098 οῦ
3340 5047 3587 5100 δύνασαι.
3607 5047 3748 5099 Τότε

2165 5143 2300 5209 γυνή
2327 5157 2408 5202 τις
2441 5138 2779 5210 στρατιώτου
2810 5140 2952 5200 τινὸς
2975 5141 3038 5192 ὲκ
3063 5139 3160 5206 τῆς
3191 5136 3357 5190 αὐτοῦ
3392 5135 3750 5207 παρεμϐολῆς

2164 5234 2390 5303 ὀνόματι
2425 5233 2711 5300 Στεφανὶς,
2747 5233 2926 5284 ἐκεῖσε
2959 5230 3314 5300 παρεστῶσα,
3351 5225 3483 5281 οὖσα
3508 5230 3581 5289 ὡς
3604 5227 3749 5280 ἐτῶν

2167 5322 2481 5387 ἑξκαίδεκα,
2505 5322 2767 5390 ἀνεϐόησε
2797 5321 3028 5387 λέγουσα
3049 5338 3062 5352 ο
3088 5321 3377 5389 Μακάριος
3417 5315 3486 5383 εἷ,
3507 5320 3747 5388 Βίκτωρ,

2168 5415 2262 5464 καὶ
2294 5413 2668 5481 παμμακάρια
2696 5411 2763 5462 τά
2793 5409 2930 5479 ἔργα
2964 5426 3056 5460 σου
3087 5411 3155 5460 τά
3182 5411 3344 5476 ἅγια·
3389 5409 3749 5478 πίιοσδεχθείη

2169 5520 2262 5557 σου
2295 5506 2328 5575 ἡ
2363 5504 2523 5556 θυσία
2551 5504 2624 5564 ὼς
2659 5504 2692 5571 ἡ
2716 5504 2874 5553 θυσία
2899 5499 2992 5553 τεῦ
3031 5499 3218 5563 Ἅϐελ,
3251 5503 3330 5554 ὅτι
3363 5505 3752 5571 προσήνεγκας

2167 5597 2358 5650 ἑαυτὸν
2379 5599 2438 5648 ὲν
2466 5593 2724 5663 εζιθύτητι
2753 5594 2978 5662 καρδίας
3000 5608 3013 5622 ⁸
3043 5594 3138 5646 καὶ
3165 5596 3191 5644 ὀ
3215 5593 3350 5656 Θεὸς
3384 5590 3750 5662 προσεδέξατο

2167 5689 2242 5752 ὡς
2271 5687 2441 5758 Ἑνὼχ
2466 5688 2556 5740 τὸν
2579 5687 2808 5753 δίκαιον,
2844 5687 2902 5749 ὃς
2935 5687 3224 5756 μετετέθη,
3257 5687 3346 5738 ἵνα
3371 5687 3444 5756 μὴ
3478 5684 3752 5752 γεύσηται

2170 5782 2406 5836 θανάτου
2434 5780 2530 5833 τοῦ
2558 5779 2751 5843 αἰῶνος
2784 5780 3000 5843 τούτου,
3039 5779 3142 5842 ἕως
3161 5781 3226 5832 ἂν
3251 5780 3380 5850 ἔλθῃ
3405 5781 3431 5831 ὁ
3457 5778 3752 5848 ὁρισμὲνος

2170 5873 2358 5944 χρόνος
2382 5889 2395 5904 ο
2431 5871 2754 5943 ἐδικαιώθης
2788 5870 2980 5943 ὥσπερ
3007 5872 3128 5926 Νῶε
3151 5869 3576 5942 πεπληρωμένος
3605 5885 3752 5938 καρ-
