4010 6450
209 359 329 420 ἥδ

1222 364 1401 425 VITA
1453 365 1559 426 SS.
1601 364 1960 425 VICTORIS
1992 367 2088 426 ET
2126 368 2470 430 (ΞΟΗΟΝίΕ.

3360 375 3470 439 ἳθθ

210 474 338 527 πῶν
370 472 623 541 ἀγαθῶνο
668 474 878 539 τέλειος
908 471 961 528 εἰ
998 475 1092 528 καὶ
1129 475 1340 537 δίκαιος
1369 473 1560 547 ὥσπερ
1582 476 1791 540 ἐκεῖνος

1906 478 2077 534 fectus
2102 495 2166 535 ac
2186 481 2369 551 justus
2416 492 2471 538 tu
2506 497 2588 547 es,
2619 493 2681 538 ut
2716 483 2805 540 ille
2864 483 2967 540 fuit
3020 485 3074 541 in
3116 489 3473 559 generatione

206 570 269 621 ιν
294 566 395 636 ὅλη
424 568 493 635 τῇ
517 567 685 637 γενεᾷ
714 565 885 620 αὑτοῦ
905 583 922 600 ·
942 565 1277 629 ἐπίστευσας
1300 565 1489 639 ὥσπερ
1518 567 1794 640 Ἀϐραάμ·

206 662 600 733 προσήνεγκας
631 658 830 713 ἑαυτὸν
850 658 928 729 τῷ
957 657 1079 730 Θεῷ
1117 659 1195 722 ὡς
1227 659 1418 713 ’ῐσαάκ
1439 676 1456 694 ο
1495 660 1800 731 ὑπέμεινας

207 751 564 822 πειρασμοὺς
589 749 669 815 ὡς
710 750 934 816 Ἰακὼϐ,
967 751 1130 821 ⁴ῆνίκοι
1169 751 1424 807 ἐδιώκετο
1455 751 1561 805 ὑπὸ
1603 751 1795 806 Ἡσαῦ·

208 841 511 912 ισοφίσθης
528 841 725 910 ὥσπερ
754 835 1031 912 Ἱωσὴφ,ᾢ
1048 840 1293 910 ἐγνώσθη
1314 842 1382 894 τὰ
1409 841 1800 913 ἀποϐησόμενα

210 940 343 1006 περὶ
376 935 476 989 τοῦ
503 933 703 1005 λιμοῦ·
736 934 835 989 καὶ
862 935 1054 1003 ἐγένου
1093 932 1364 1006 φρόνιμος
1417 934 1515 987 καὶ
1566 934 1761 998 πιστός
1783 948 1798 963 ⁸

208 1026 458 1097 ῆθλησας
483 1025 559 1089 ὡς
602 1022 749 1091 Ἶὼδ,
771 1025 829 1088 ὃς
850 1025 1084 1088 πολλοὺς
1104 1023 1449 1096 πειρασμοὺς
1477 1025 1797 1095 ὑπομείνας.

211 1118 435 1188 ἐνίκησε
464 1117 561 1171 τὸν
590 1116 809 1189 ἐχθρόν·
836 1116 1116 1190 ὲζήλωσας
1141 1117 1235 1172 τδν
1265 1117 1520 1183 Ἡσαΐαν,
1549 1116 1608 1181 ὃς
1635 1117 1799 1187 μέσον

210 1207 450 1275 ἑπρίσθη
490 1207 599 1260 ι’)πῆ
626 1207 927 1279 Μανασσῆ.
968 1206 1082 1279 Οὐχ
1127 1206 1308 1278 ἧψατὸ
1339 1224 1436 1260 σου
1475 1207 1536 1260 τδ
1564 1206 1698 1279 πῦρ,
1726 1205 1802 1271 ὡς

208 1299 331 1353 οῦδὲ
358 1299 460 1352 τοῦ
496 1298 974 1370 Ναϐουχοδονόσορ
993 1298 1105 1354 τῶν
1140 1299 1307 1368 τριῶν
1343 1296 1555 1353 παίδων
1577 1315 1591 1329 ο
1640 1297 1801 1370 ἠλπι-

214 1408 310 1453 σας
342 1390 442 1444 ἐπὶ
502 1390 709 1461 Κύριον
760 1391 839 1454 ὡς
867 1389 1034 1444 Δαυτδ
1061 1390 1207 1445 δτοῦ
1248 1389 1490 1443 Ἰεσσαί·
1527 1388 1802 1455 ἀπέλαϐες

214 1483 308 1550 τὴν
336 1479 545 1548 σοφίαν
583 1480 957 1551 Σολομῶντος.
989 1481 1096 1542 ἓως
1127 1479 1194 1535 ἂν
1251 1481 1483 1553 νικήσῃς
1513 1479 1608 1534 τοῦ
1651 1483 1798 1533 ἀντι-

219 1572 386 1626 πάλου
415 1571 523 1635 τὰς
568 1571 873 1641 μεθοδείας.
915 1570 1287 1642 Προσδεχθείη
1318 1586 1412 1623 σου
1442 1573 1475 1641 ἡ
1505 1570 1690 1637 θυσία,
1725 1572 1800 1635 ὡς

214 1668 247 1733 η
268 1664 361 1717 τοῦ
385 1663 651 1731 Σαμουὴλ
671 1676 684 1691 ·
717 1658 906 1730 ἐγένου
931 1664 1011 1725 είς
1039 1661 1214 1734 ὀσμὴν
1244 1663 1495 1727 εὐωδίας,
1518 1662 1593 1725 ὡς
1612 1661 1803 1717 Ἐλεά-

1904 583 2026 625 sua.
2063 568 2383 637 Credidisti,
2421 580 2480 626 ut
2513 573 2790 629 Abraham
2819 591 2834 641 ;
2871 575 3123 632 obtulisti
3158 589 3211 633 te
3245 578 3376 643 Deo,
3413 593 3474 635 ut

1902 656 2096 727 lsaac;
2143 662 2477 715 tentationes
2516 662 2850 728 sustinuisti,
2882 672 2942 717 ut
2997 663 3209 733 Jacob;
3258 668 3476 738 sapiens

1899 745 2137 803 eﬂ'ectus
2157 763 2238 811 es.
2271 758 2332 803 ut
2355 746 2577 816 Joseph,
2603 751 2692 805 cui
2717 767 2899 807 rerum
2921 752 3225 809 futurarum
3258 772 3475 826 pramo-

1905 836 1980 894 tio
2004 854 2267 896 concessa
2289 840 2416 897 fuit.
2444 840 2762 897 Certamina
2796 845 2934 913 ipsa,
2968 855 3029 900 ut
3059 845 3161 901 Job
3215 848 3324 913 ille,
3362 849 3476 905 for-

1902 932 2033 984 titer
2063 932 2365 1002 pertulisti,
2394 932 2487 1002 qui
2520 933 2723 989 multas
2781 936 3115 991 tentationcs
3157 954 3472 1009 perpessus,

1901 1021 2117 1076 hostem
2153 1021 2436 1077 diabolum
2463 1027 2817 1095 expugnavit.
2851 1026 3044 1082 Isaiam
3073 1030 3363 1086 aemulatus
3388 1047 3472 1095 es,
3587 1052 3602 1062 ·

1900 1112 1995 1182 qui
2030 1129 2060 1166 a
2096 1127 2219 1184 rege
2247 1112 2495 1169 Manasse
2550 1115 2767 1171 medius
2795 1117 3021 1172 scissus
3047 1127 3151 1173 est.
3199 1119 3276 1173 Te
3334 1120 3475 1191 ignis

1902 1202 2119 1256 flamma
2146 1218 2256 1257 non
2274 1203 2472 1276 attigit,
2497 1205 2966 1275 quemadmodum
2986 1224 3089 1263 nec
3108 1208 3476 1266 Nabuchodo-

1900 1294 2119 1347 nosoris
2151 1292 2383 1348 ﬂamma:
2421 1304 2534 1350 tres
2568 1294 2693 1349 illos
2715 1310 2916 1364 pueros
2948 1299 3271 1368 attigerunt.
3307 1299 3473 1370 Spem

1904 1396 2053 1439 tuam
2085 1384 2142 1439 in
2171 1384 2283 1441 Deo
2315 1384 2436 1455 ipso
2469 1385 2777 1449 collocasti,
2816 1398 2877 1441 ut
2909 1388 3077 1442 David
3113 1390 3256 1446 filius
3296 1391 3470 1448 Jcsse.

1902 1476 2024 1531 Vidi
2056 1477 2192 1532 duas
2218 1491 2455 1533 coronas
2484 1493 2515 1533 e
2544 1478 2689 1533 coelo
2743 1480 3031 1537 demissas.
3095 1497 3260 1539 unam
3306 1483 3477 1554 majo-

1903 1583 2041 1630 rem,
2069 1568 2296 1624 alteram
2329 1569 2597 1624 minorem
2627 1587 2642 1623 :
2679 1580 2738 1625 et
2772 1571 3033 1641 majorem
3065 1573 3286 1642 quidem
3325 1575 3472 1628 illam
3516 1577 3521 1582 ’

1904 1659 2006 1713 tibi
2034 1659 2252 1715 allatam
2288 1660 2357 1716 ab
2379 1661 2588 1732 angelis
2609 1661 2922 1726 duodecim,
2955 1664 3224 1719 minorem
3255 1679 3383 1717 vero
3405 1667 3474 1719 ad

213 1755 381 1824 Cape;
440 1756 505 1806 ὲν
559 1755 627 1822 τῇ
667 1751 919 1823 ίερατείᾳ
956 1750 1159 1805 αὐτοῦ’
1199 1751 1561 1821 προσδεχθείη
1620 1767 1716 1803 σου
1738 1750 1800 1802 τὸ

1906 1765 1992 1805 me
2025 1752 2244 1806 missam
2279 1749 2483 1806 audivi.
2509 1750 2642 1806 Nam
2666 1753 2768 1808 etsi
2800 1768 2895 1808 vas
2914 1753 3307 1824 iufirniumego
3328 1768 3471 1819 sum,

208 1821 306 1899 τοῦ
330 1821 781 1914 διωγμώναῖμα,
820 1821 904 1907 ὡς
930 1841 1026 1896 τοῦ
1062 1841 1261 1916 Δανιὴλ
1312 1842 1401 1897 διὰ
1430 1841 1540 1894 τῶν
1585 1841 1796 1912 ὀνειρά-

1906 1842 2271 1899 nihilominus
2309 1852 2492 1899 tamen
2540 1852 2597 1899 et
2661 1845 2779 1914 ipsa
2825 1858 3014 1915 parata
3046 1861 3166 1900 sum
3196 1821 3474 1904 certamen

222 1955 338 1991 των
358 1955 377 1970 ο
409 1933 561 1992 εἶδον
584 1936 694 2007 γὰρ
718 1935 815 1989 δύο
839 1933 1140 2005 στεφάνους
1170 1935 1279 1989 ἀπὸ
1304 1933 1539 2005 οὐρανοῦ
1566 1932 1801 2002 φερομέ-

1908 1931 2122 1996 subire,
2155 1948 2218 1990 ac
2246 1934 2468 1989 caeleste
2497 1948 2727 2005 regnum
2761 1935 2978 2003 assequi
3012 1934 3228 1989 studeo.

212 2049 361 2098 νους,
433 2033 541 2087 ἕνα
602 2030 828 2101 μείζονα
876 2029 972 2082 καὶ
1019 2030 1116 2083 ενα
1143 2028 1444 2082 ἐλάσσοναο
1498 2027 1594 2081 καὶ
1649 2027 1743 2078 τὸν
1785 2024 1885 2095 μὲν
1918 2025 2139 2095 μείζονα
2172 2028 2254 2079 σοὶ
2291 2025 2594 2095 φερόμενον
2629 2026 2724 2080 ὑπ’
2770 2027 3020 2094 ἀγγέλων
3054 2026 3283 2095 δώδεκα,
3310 2026 3400 2081 τὸν
3422 2025 3478 2080 δὲ

214 2123 490 2178 ruma
520 2138 619 2191 μοι
673 2120 1052 2191 πεμπόμενον.
1086 2120 1154 2173 El
1184 2119 1294 2191 γὰρ
1347 2118 1445 2173 καὶ
1514 2116 1709 2180 σκεῦός
1765 2117 1883 2186 ειμι
1910 2116 2156 2182 ἀσθενὲς,
2196 2117 2313 2171 ἀλλ’
2342 2117 2477 2182 ὅλως
2514 2117 2670 2187 κάγὼ
2704 2119 3045 2191 ἀγωνίζομαι
3072 2122 3165 2174 καὶ
3193 2119 3480 2184 σπουδάζω

214 2221 312 2289 τῆς
339 2215 630 2288 βασιλείας
651 2214 766 2267 τῶν
784 2213 1039 2285 οὐρανῶν
1062 2213 1362 2283 ἐπιτυχεῖν.

281 2311 370 2367 11⁸.
408 2312 471 2365 '0
505 2310 566 2364 δὲ
600 2309 727 2377 δοὺξ
755 2308 999 2373 ἀκούσας
1040 2307 1241 2373 ταῦτα,
1281 2307 1542 2379 ἐθυμώθη
1564 2306 1685 2361 λίαν
1708 2307 1806 2362 καὶ

220 2407 510 2459 ἐκέλευσεν
538 2402 918 2473 προσαχθῆναι
948 2399 1120 2472 αὐτὴν
1155 2399 1305 2472 αὐτῷ
1331 2400 1428 2453 καὶ
1454 2399 1605 2470 λέγει
1628 2399 1803 2474 αὑτῇο

223 2498 294 2550 Σὺ
315 2496 401 2559 τίς
434 2489 527 2561 εἷς
573 2493 639 2546 Ἢ
655 2493 714 2546 δὲ
742 2487 924 2545 εἶπεν
948 2491 1272 2563 Χριστιανή.
1303 2490 1362 2545 '0
1392 2490 1449 2544 δὲ
1475 2491 1603 2556 δοὺξ
1629 2487 1802 2545 εἶπεν·

233 2589 414 2642 Ιιδσων
446 2587 590 2640 ἑτῶν
618 2581 702 2652 εἷς
739 2585 805 2640 Ἦ
840 2584 899 2638 δὲ
934 2585 1066 2653 ἁγία
1112 2580 1268 2637 εἶπεν
1287 2600 1303 2616 ο
1327 2583 1638 2638 Δεκαπέντε
1664 2584 1805 2639 ἐτῶν

236 2686 329 2737 καὶ
355 2684 533 2754 μηνῶν
561 2682 730 2737 ὀκτώ.
764 2682 931 2751 Λέγει
969 2682 1108 2752 αὐτῇ
1138 2681 1168 2734 ὀ
1192 2679 1343 2748 δούξ·
1370 2681 1506 2736 Πότε
1536 2680 1804 2751 ὲξεὺχθης

228 2777 414 2847 ἀνδρί;
447 2776 519 2829 Ἦ
542 2772 678 2844 ἁγία
708 2773 974 2844 Στεφανὶς
1021 2771 1175 2827 εἶπεν
1198 2790 1213 2805 ο
1256 2773 1373 2846 Πρὸ
1404 2775 1650 2828 ἐνιαυτοῦ
1690 2774 1809 2838 ἑνὸς

228 2867 326 2919 καὶ
358 2865 547 2938 μηνῶν
592 2865 904 2936 τεσσάρων.
976 2864 1036 2918 '0
1064 2864 1191 2931 δοὺξ
1219 2862 1375 2918 εἶπεν
1396 2881 1409 2895 ·
1466 2865 1580 2920 Καὶ
1631 2867 1719 2919 διὰ
1753 2866 1810 2919 τί

222 2959 396 3020 οὕτως
410 2956 626 3028 ταχέως
650 2955 875 3026 ἀφῆκας
899 2954 992 3009 τὸν
1014 2955 1254 3025 κόσμον;
1281 2956 1347 3009 Ἦ
1377 2955 1512 3023 ἀγία
1537 2958 1808 3026 Στεφανὶς

220 3048 412 3105 εἶπεν·
455 3047 682 3119 Ἐπειδὴ
736 3047 827 3102 ἵνα
865 3046 1006 3117 μετά
1057 3047 1373 3119 παρρησίας
1400 3049 1701 3118 ἀπαντήσω
1728 3050 1806 3120 τῷ

221 3139 664 3210 κροσδοκωμένῳ
686 3135 904 3207 Σωτῆρι
940 3150 1044 3207 μου
1062 3135 1240 3204 Ἰησοῦ
1263 3135 1503 3207 Χριστῷ,
1537 3136 1616 3206 τῷ
1642 3139 1808 3189 ἐπου-

1982 2306 2120 2364 νιιι.
2162 2305 2287 2364 Huic
2319 2324 2445 2365 cum
2476 2310 2586 2366 dux
2631 2309 2722 2367 ille
2751 2307 3266 2375 audivisset,'valde
3306 2308 3483 2365 iratus

1908 2409 2014 2467 est,
2048 2411 2106 2456 et
2133 2402 2299 2473 jussit
2328 2402 2585 2458 feminam
2618 2403 2765 2460 illam
2801 2402 2870 2458 ad
2912 2418 2972 2459 se
3015 2401 3166 2469 duci,
3208 2418 3374 2473 quam
3403 2402 3484 2458 sic

1914 2492 2118 2548 aﬂ‘atus
2141 2502 2227 2548 est
2261 2510 2273 2545 :
2306 2494 2569 2559 Qumnam
2587 2510 2647 2550 cs
2678 2502 2735 2550 tu
2760 2493 3137 2556 lChristiana,
3166 2494 3347 2563 inquit
3368 2494 3481 2556 illa,

1907 2598 2010 2654 ego
2036 2598 2179 2638 sum.
2241 2583 2378 2638 Tum
2436 2585 2547 2638 dux
2612 2585 2682 2638 ab
2727 2600 2790 2648 ea
2819 2583 3096 2654 qumsivit,
3140 2593 3281 2655 quot
3308 2600 3483 2641 annos

1909 2683 2037 2729 nata
2086 2684 2255 2731 esset.
2312 2674 2414 2731 Cui
2459 2675 2762 2747 Stephano,
2816 2675 3135 2746 quindecim
3192 2691 3370 2732 annos
3426 2688 3483 2732 et

1910 2781 2131 2822 menses
2180 2776 2307 2823 octo
2358 2782 2421 2822 se
2466 2777 2647 2822 natam
2699 2783 2823 2823 esse
2872 2768 3179 2837 respondit.
3212 2767 3477 2836 Quaesivit

1910 2868 2175 2929 praeterea
2206 2859 2337 2923 dux,
2362 2860 2605 2928 quandi‘u
2641 2859 2867 2916 vixisset
2892 2875 3019 2915 cum
3050 2860 3188 2926 viro,
3215 2861 3309 2917 cui
3355 2876 3487 2916 con-

1906 2953 2099 3023 juncta
2124 2952 2323 3007 fuerat.
2353 2952 2454 3008 Cui
2491 2952 2775 3023 respondit
2807 2953 2922 3018 illa,
2967 2968 3026 3008 se
3052 2968 3258 3007 annum
3306 2968 3477 3008 unum

1907 3054 1965 3098 et
1989 3060 2207 3100 menses
2252 3055 2490 3114 quatuor
2530 3059 2655 3100 cum
2687 3059 2755 3100 eo
2802 3045 3022 3102 vixisse.
3063 3046 3130 3101 Et
3159 3062 3355 3116 quare,
3404 3049 3483 3103 in-

1909 3136 2033 3206 quit
2081 3137 2214 3197 dux,
2261 3146 2370 3190 tam
2418 3137 2529 3191 cito
2580 3135 2849 3193 mundum
2900 3138 3217 3208 reliquisti?
3250 3140 3330 3194 Ad
3362 3140 3513 3196 hmc‘

219 3238 390 3304 ρανίῳ
420 3231 522 3285 καὶ
548 3228 806 3300 ἀθανάτῳ
825 3227 1089 3299 Νυμφίῳ·
1119 3229 1148 3281 ὁ
1171 3226 1281 3298 γὰρ
1305 3227 1547 3296 ἐπίγειος
1572 3216 1803 3297 νυμφίος

1912 3229 1986 3282 ita
2024 3238 2210 3283 sancta
2242 3228 2523 3298 Stephana
2552 3246 2565 3283 :
2617 3229 2836 3300 Reliqui
2872 3230 3094 3286 brevem
3128 3241 3188 3288 et
3230 3233 3477 3304 fragilem

222 3321 565 3394 πρόσκαιρός
593 3321 713 3374 ἐστι
738 3321 835 3373 καὶ
860 3319 1080 3391 θνητὸς,
1118 3320 1146 3373 ὁ
1170 3319 1228 3372 δὲ
1258 3319 1606 3387 ἐπουράνιος,
1632 3322 1725 3373 καὶ
1745 3322 1803 3373 αἱ

218 3414 460 3485 Χριστοῦ
485 3411 691 3484 δωρεαὶ
709 3409 994 3477 ἀθάνατοι,
1018 3411 1113 3463 καὶ
1145 3409 1419 3481 ἀκίνητοι,
1452 3410 1546 3463 καὶ
1577 3411 1804 3464 ἀδιάλυ-

219 3523 323 3572 τοι,
366 3505 467 3559 καὶ
500 3501 712 3557 animo!
749 3502 915 3554 slew.
954 3500 1013 3555 '0
1051 3497 1179 3564 δοὺξ
1219 3495 1376 3554 εἶπεν
1399 3516 1413 3530 ·
1464 3500 1800 3571 Παυσαμένη

221 3599 317 3665 τῆς
346 3590 664 3662 ἀνωφελοῦς
690 3589 902 3658 ταύτης
928 3588 1219 3660 φλυαρίας,
1242 3587 1612 3659 προσελθοῦσα
1638 3590 1801 3643 θῦσον

220 3686 518 3749 τοίςθεοίς,
547 3684 625 3754 μὴ
649 3681 927 3745 ποικίλαις
947 3680 1243 3752 τιμωρίαις
1280 3682 1378 3733 καὶ
1400 3680 1602 3746 δειναῖς
1633 3681 1804 3752 βασα-

226 3781 381 3844 νίσας
409 3775 773 3832 σεάπολέσω.
817 3773 879 3828 'H
915 3774 1049 3842 ἁγία
1096 3767 1289 3827 εἷπεν·
1349 3773 1493 3842 Ἐγὼ
1543 3776 1810 3844 Στεφανὶς

222 3869 524 3939 καλοῦμαι,
634 3866 906 3936 στέφανος
956 3865 1249 3919 ἀπόκειται
1286 3866 1345 3918 δν
1374 3867 1490 3929 τοῖς
1530 3866 1806 3937 οὐρανοῖς,

220 3964 313 4016 καὶ
366 3961 460 4014 διὰ
509 3959 670 4013 τοῦτο
707 3959 808 4010 οὐκ
858 3945 1091 4021 ἒπιθύω,
1146 3955 1235 4009 ἵνα
1266 3956 1587 4026 κομίσωμαι
1642 3956 1809 4009 αὐτὸν

220 4052 373 4122 παρὰ
412 4050 512 4104 τοῦ
542 4048 754 4104 δικαίου
785 4047 884 4101 καὶ
922 4045 1180 4111 ἀληθινοῦ
1211 4044 1504 4100 ἀθλοθέτου
1539 4045 1804 4117 Χριστοῦ.

1913 3321 2105 3374 mundi
2137 3321 2298 3391 hujus
2329 3321 2606 3381 decorem,
2639 3328 2695 3374 et
2724 3328 2969 3376 terrenas
2993 3337 3058 3376 ac
3086 3323 3308 3379 fallaces
3352 3341 3479 3380 eor-

1906 3411 2059 3481 poris
2091 3411 2423 3480 voluptates,
2485 3420 2545 3463 ut
2574 3409 2764 3464 fidenti
2798 3412 2991 3465 animo
3028 3410 3298 3468 Salvatori
3355 3430 3479 3471 meo

1904 3503 2033 3557 Jesu
2061 3500 2306 3566 Christo,
2356 3516 2519 3570 quem
2571 3508 2982 3571 exspectamus,
3027 3518 3321 3559 occurrere
3382 3522 3480 3561 va-

1903 3593 2069 3658 leam,
2119 3603 2178 3647 ut
2209 3594 2288 3648 illi
2323 3593 2585 3649 videlicet
2617 3593 2805 3649 divino
2853 3602 2911 3649 et
2956 3595 3169 3650 caelesti
3218 3596 3477 3666 Sponso;

1910 3685 2191 3739 terrestris
2220 3684 2367 3738 enim
2398 3697 2635 3753 sponsus
2666 3684 2735 3737 ad
2766 3691 2983 3754 tempus
3010 3694 3096 3740 est
3120 3693 3177 3740 et
3209 3688 3476 3744 mortalis.

1915 3773 2055 3827 Tum
2111 3773 2222 3829 dux
2265 3791 2277 3826 :
2324 3774 2589 3840 Desistas,
2640 3772 2844 3843 inquit,
2895 3774 2967 3829 ab
3014 3775 3118 3830 ista
3168 3779 3482 3848 nugacitatc

1906 3864 2126 3928 inutili,
2166 3873 2224 3919 et
2261 3863 2331 3919 ad
2375 3865 2509 3919 deos
2552 3862 2843 3929 accedens,
2896 3864 3007 3919 illis
3060 3866 3362 3930 sacritlces.
3412 3885 3481 3924 ne

1903 3954 2064 4010 novis
2079 3964 2132 4010 et
2163 3954 2508 4024 gravioribus
2531 3955 2821 4009 tormentis
2854 3964 2906 4010 te
2933 3959 3238 4012 cruciatam
3270 3975 3475 4015 consu—

1908 4059 2080 4099 mam.
2101 4045 2173 4099 At
2198 4045 2288 4099 illa
2306 4043 2445 4099 dixit
2472 4061 2485 4097 :
2512 4044 2626 4116 Ego
2647 4060 2814 4100 vocor
2836 4044 3133 4117 Stephana.
3160 4050 3249 4104 cui
3276 4067 3480 4106 corona

220 4146 274 4196 in
302 4143 464 4200 catis
494 4140 738 4211 reposita
760 4148 868 4194 est.
897 4137 1267 4205 Quamobrem
1298 4134 1566 4193 sacriﬁcia
1590 4137 1698 4193 ista
1723 4144 1909 4192 vestra
1933 4151 2043 4191 non
2072 4136 2322 4201 offeram,
2359 4146 2420 4190 ut
2446 4152 2478 4190 a
2520 4151 2649 4191 vero
2688 4137 2784 4191 illo
2840 4139 3205 4195 certaminum
3248 4143 3483 4213 praeside

212 4235 439 4290 Christo
464 4246 728 4288 coronam
767 4229 1012 4300 recipere
1042 4230 1267 4298 possim.

285 4328 367 4380 ϐ’.
407 4323 600 4379 Ταῦτα
630 4322 869 4386 ἀκούσας
903 4325 930 4375 ὁ
973 4319 1099 4386 δοὺξ
1143 4320 1239 4375 καὶ
1269 4319 1477 4389 σφόδρα
1505 4317 1804 4389 θυμωθεὶς,

221 4423 479 4474 ἐκέλευσε
514 4417 615 4469 δύο
656 4416 854 4487 δένδρα
888 4414 1151 4485 φοινίκων
1190 4413 1517 4484 καμφθέντα
1543 4412 1804 4484 ἀλλήλαις

1981 4312 2078 4370 1X.
2107 4312 2203 4369 llis
2230 4314 2454 4378 auditis,
2486 4313 2596 4368 dux
2628 4312 2718 4369 ille
2748 4314 2934 4371 furore
2971 4313 3146 4372 nimio
3194 4331 3482 4383 accensus,

1906 4408 2075 4478 jussit
2138 4407 2470 4477 Stephanum
2530 4407 2748 4461 duabus
2815 4408 3123 4477 palmarum
3188 4409 3485 4469 arboribus

222 4511 560 4581 κολληθιῆναι
604 4511 727 4571 ταῖς
754 4508 1025 4577 κορυφαῖς
1073 4507 1299 4560 κάκεῖσε
1330 4504 1551 4576 δεθῆναι
1574 4506 1673 4576 τὴν
1703 4521 1803 4575 μα-

1910 4498 2215 4554 incurvatis
2241 4496 2474 4567 alligari,
2506 4505 2563 4552 et
2587 4505 2817 4568 repente
2844 4498 3077 4555 arbores
3108 4499 3233 4556 illas
3253 4500 3481 4558 dimitti.

222 4605 420 4676 καρίαν
471 4605 543 4656 ἐκ
595 4599 706 4653 τῶν
759 4598 856 4653 δύο
903 4598 1081 4652 ποδῶν
1105 4615 1120 4629 ·
1152 4598 1253 4652 καὶ
1295 4595 1635 4667 ἀπολυθῆναι
1665 4594 1806 4651 αὐτά

217 4695 435 4765 ἁθρόως
464 4692 565 4747 ἀπ’
584 4691 852 4763 ἀλλήλων.
886 4688 1092 4743 Τούτου
1113 4689 1172 4743 δὲ
1198 4689 1337 4760 μετά
1364 4686 1562 4742 πολλοῦ
1579 4687 1675 4741 τοῦ
1707 4689 1804 4742 τάο

217 4805 347 4857 κους
382 4783 712 4854 γενομένου,
741 4780 1023 4853 διεσχίσθη
1060 4781 1229 4853 μέσον
1273 4781 1310 4852 ἡ
1336 4779 1472 4849 ἁγία
1501 4779 1806 4852 ἀθλοφόρσς

212 4879 309 4931 τοῦ
332 4875 581 4946 Χριστοῦ
611 4874 899 4943 Σαεφανὶς,
945 4873 1043 4927 καὶ
1071 4872 1293 4941 ἐγένετο
1343 4872 1424 4936 είς
1451 4872 1597 4945 μέρη
1623 4869 1718 4925 δύο
1746 4872 1806 4925 ὲν

209 4972 324 5032 τοῖς
373 4968 501 5021 δυσὶ
542 4964 762 5035 φοίνιξι,
822 4965 917 5018 καὶ
970 4962 1147 5029 οὕτως
1178 4962 1471 5033 ἐτελειώθη
1525 4963 1586 5017 εν
1614 4963 1805 5035 εἰρήνῃ

213 5066 309 5116 καὶ
334 5064 440 5131 τὴν
470 5061 786 5131 μαρτυρίαν
819 5059 992 5129 αὐτῆς
1039 5056 1364 5128 ἐπλήρωσεν
1398 5054 1628 5120 πιστῶς,
1668 5056 1806 5107 ἀπο-

215 5152 462 5207 λαϐοῦσα
489 5153 587 5204 τὸν
618 5152 886 5219 στέφανον
930 5149 1031 5220 τῆς
1065 5147 1224 5217 νίκης
1254 5146 1408 5219 παρά
1444 5144 1539 5200 τοῦ
1593 5144 1806 5217 Κυρίου

213 5240 378 5309 ἡμῶν
431 5238 612 5308 Ἰησοῦ
669 5236 934 5308 Χριστοῦ.
977 5237 1084 5290 Τὸν
1116 5236 1175 5290 δὲ
1209 5238 1368 5305 ἅγιον
1417 5236 1653 5306 Βίκτορα
1681 5237 1805 5290 ἐκέκ

211 5332 409 5386 λενσεν
435 5332 467 5384 6
498 5331 628 5394 δοὺξ
673 5328 1255 5401 τραχηλοκοπηθῆναι.
1295 5328 1354 5381 '0
1397 5328 1457 5381 δὲ
1487 5327 1806 5392 καλλίνικος

212 5427 431 5497 μάρτυς
454 5423 552 5476 τοῦ
581 5421 822 5490 Χριστοῦ
851 5420 1094 5483 ἀκούσας
1112 5421 1211 5489 τῆς
1243 5420 1574 5488 ἀποφάσεως
1601 5417 1806 5487 ταύτης

210 5513 407 5571 εἶπενο
450 5514 781 5588 Εὑχαριστῶ
813 5513 892 5583 τῷ
929 5512 1050 5584 Θεῷ
1096 5528 1200 5581 μου
1251 5513 1506 5577 πάντοτε,
1541 5509 1620 5580 τῷ
1652 5525 1811 5582 χαρι-

209 5608 435 5677 tam
462 5624 555 5678 μοι
581 5605 685 5678 τὴν
707 5604 870 5672 νίκην
907 5604 1115 5673 ταύτην
1147 5590 1242 5681 καίἔ
1283 5601 1493 5672 δωρεὰν
1527 5599 1692 5671 μέχρι
1720 5600 1808 5651 τέο

206 5697 362 5762 λους.
394 5698 631 5754 Μέλλων
678 5697 739 5749 δὲ
772 5692 1122 5747 τελειοῦσθαι
1171 5695 1202 5746 ὁ
1265 5693 1538 5763 μακάριος
1586 5690 1806 5759 Βίκτωρ

204 5789 360 5859 λέγει
388 5796 503 5856 τοῖς
524 5785 999 5858 κυαιστωναρίοις
1022 5800 1036 5815 ·
1071 5785 1321 5840 Γνωστὸν
1358 5786 1501 5838 ἔστω
1537 5784 1686 5854 ὑμῖν,
1722 5783 1804 5835 ὅτι

531 5910 820 5971 ΡΑτιιοι..
854 5904 975 5963 Gn.
1010 5903 1194 5964 CXV.

1906 4589 2029 4658 Quo
2061 4589 2228 4655 facto,
2278 4587 2538 4644 bellatrix
2574 4597 2631 4643 et
2680 4597 2889 4659 martyr
2935 4587 3216 4659 Stephana
3266 4591 3485 4649 duabus

1905 4681 2020 4739 illis
2050 4681 2249 4752 palmis
2270 4681 2326 4735 in
2362 4681 2501 4734 duas
2528 4686 2711 4749 partes
2744 4678 3022 4750 discerpta
3048 4691 3135 4736 est
3162 4695 3176 4734 :
3211 4681 3399 4753 itaque
3426 4686 3481 4740 in

1904 4788 2042 4843 pace
2087 4770 2415 4845 martyrium
2474 4769 2722 4840 perfecte
2765 4767 2821 4824 in
2880 4768 3108 4826 Christo
3156 4773 3478 4844 complevit.
3544 4832 3547 4833 ν

1907 4865 2174 4921 Sanctum
2211 4877 2346 4919 vero
2374 4860 2652 4917 Victorem
2677 4859 2845 4931 jussit
2876 4861 3058 4917 securi
3088 4861 3325 4932 percuti.
3374 4863 3480 4931 Qui
3536 4852 3541 4898 λ

1906 4971 2032 5012 eum
2068 4952 2340 5026 ejusmodi
2377 4953 2708 5009 sententiam
2755 4950 2824 5007 de
2872 4966 2931 5006 se
2962 4952 3127 5007 latam
3156 4952 3479 5018 audivisset,

1907 5046 1990 5103 sic
2020 5044 2389 5101 aitzaratias
2436 5056 2541 5112 ago
2589 5041 2705 5098 Deo
2752 5055 2900 5101 meo.
2949 5041 3043 5112 qui
3079 5042 3173 5097 tali
3222 5048 3281 5097 et
3330 5052 3485 5101 tanto

1907 5136 2055 5192 dono
2082 5150 2171 5192 me
2195 5133 2579 5205 prosequitur.
2606 5131 2745 5187 Cum
2781 5131 2952 5202 igitur
2980 5134 3303 5202 martyrium
3354 5134 3484 5190 bea-

1909 5235 2000 5282 tus
2030 5225 2222 5280 Victor
2252 5223 2511 5279 obiturus
2533 5231 2704 5288 esset,
2747 5220 2865 5276 hac
2893 5221 3037 5276 dixit
3063 5222 3439 5293 quaestoribus
3465 5242 3481 5280 :

1907 5316 2039 5374 Post
2070 5326 2280 5386 septem
2309 5314 2429 5371 dies
2456 5315 2628 5369 vestri
2651 5322 2903 5369 oratores
2932 5314 3265 5380 morientur,
3291 5324 3348 5369 et
3374 5331 3475 5370 vos

1909 5409 2013 5479 ipsi
2046 5415 2168 5479 post
2195 5405 2490 5462 duodecim
2519 5403 2833 5460 moriemini
2861 5420 2876 5471 ;
2906 5404 3018 5458 dux
3052 5419 3184 5460 vero
3231 5417 3353 5475 post
3400 5408 3483 5461 vi-

1908 5503 2043 5574 ginti
2089 5508 2332 5571 quatuor
2390 5499 2460 5554 ab
2509 5496 2843 5553 adversariis
2902 5497 3153 5569 captivus
3204 5496 3480 5563 ducetur;

1907 5594 2085 5649 nostri
2142 5600 2328 5648 autem
2356 5590 2612 5646 homines
2639 5597 2762 5660 post
2813 5597 2927 5644 tres
2967 5603 3142 5642 annos
3165 5588 3391 5642 venient
3414 5591 3480 5642 ad

1910 5687 2214 5742 tollendum
2250 5699 2453 5754 corpus
2477 5697 2662 5738 meum
2694 5698 2710 5736 :
2744 5680 2924 5736 habeo
2966 5680 3113 5735 enim
3159 5688 3213 5737 et
3265 5680 3484 5736 loculos
3546 5742 3555 5749 ο

1903 5778 2236 5850 jampridem
2274 5776 2409 5833 mihi
2466 5783 2710 5845 paratos.
2756 5772 2868 5831 Vos
2917 5772 3087 5843 igitur
3136 5787 3293 5843 rogo,
3326 5787 3397 5827 ne
3428 5771 3484 5827 iu

3156 5883 3192 5945 9
