4010 6428
585 319 690 382 “267

1884 312 2169 371 MENSIS
2206 313 2508 376 JUNIUS.

3727 317 3834 382 268

503 412 521 442 ἴ
581 428 780 486 alienis
824 426 1020 482 loculis
1072 441 1156 478 me
1215 422 1456 493 ponatis,
1493 437 1673 491 neque
1712 423 1980 492 reliquias
2007 441 2160 480 meas

2267 427 2386 498 μεθ’
2412 425 2626 496 ἡμέρας
2649 425 2788 477 έπτᾶ
2821 424 2872 476 οἳ
2907 424 3135 495 ῥήτορες
3160 425 3550 496 τελευτήσωσι,
3577 428 3834 500 καὶὺμεῖς

581 520 897 583 detineatis,
955 517 1251 587 quominus
1301 515 1367 567 in
1416 515 1712 584 proprium
1745 515 1925 569 locum
1964 532 2154 586 repor—

523 627 527 631 '
581 624 788 669 tentur.
824 609 919 664 llis
948 609 1134 669 dictis,
1165 606 1346 661 securi
1380 621 1679 676 percussus
1711 616 1816 672 est,
1853 608 2153 678 statimque

581 707 804 777 sanguis
836 711 892 758 et
926 702 1012 756 lac
1041 716 1108 755 ex
1147 700 1268 771 ejus
1300 698 1628 756 vulneribus
1679 699 1916 763 eflluxit,
1973 701 2046 754 ita
2093 710 2153 756 ut

579 813 773 853 omnes
808 795 1167 850 mirarentur.
1216 791 1371 846 Mulli
1412 807 1546 847 vero
1577 806 1645 846 ex
1686 791 2004 847 Griecorum
2051 809 2156 848 nu-

579 905 755 955 mero,
792 902 917 942 cum
954 886 1158 939 factum
1185 883 1319 938 illud
1354 883 1646 949 vidissent,
1672 892 1730 938 et
1760 884 1989 939 victoris
2009 900 2155 938 mar-

580 985 716 1056 tyris
746 978 1094 1052 patientiam,
1123 988 1180 1031 et
1209 986 1556 1032 constantem
1593 986 1760 1047 atque
1809 978 2151 1034 immobilem

581 1075 741 1129 fidem
774 1071 1321 1134 animadvertissent,
1379 1069 1675 1125 consilium
1727 1079 1784 1124 et
1819 1070 2151 1125 sententiam

578 1166 820 1236 priorem
857 1169 1236 1217 mutaverunt.
1267 1161 1455 1230 Itaque
1479 1160 1779 1216 Christiani
1805 1161 1961 1225 facti,
1992 1177 2058 1216 ex
2084 1161 2152 1216 iis

577 1258 810 1328 quaa'vir
834 1256 926 1310 ille
955 1264 1181 1310 sanctus
1229 1253 1584 1324 prmdixerat,
1638 1253 1813 1326 magis
1832 1254 2152 1310 confirmati

575 1356 725 1403 sunt.
761 1346 956 1403 Omnia
984 1345 1154 1411 enim,
1186 1361 1309 1416 qua:
1347 1360 1378 1400 a
1407 1345 1571 1400 beato
1602 1345 1697 1400 illo
1745 1355 1988 1418 martyre
2018 1362 2154 1417 pra:-

575 1441 722 1494 dicta
749 1439 990 1502 fuerant,
1013 1437 1285 1508 completa
1312 1447 1464 1500 sunt,
1495 1437 1570 1492 ita
1599 1446 1662 1492 ut
1688 1446 1745 1493 et
1773 1438 1866 1492 alii
1900 1439 2153 1508 complu-

576 1545 667 1585 res
699 1546 764 1585 ex
794 1528 968 1584 ea're
1014 1529 1081 1583 ad
1128 1527 1336 1584 Christi
1408 1528 1570 1583 Iidem
1619 1529 1872 1584 conversi
1921 1529 2148 1584 fuerint.

577 1621 839 1693 Martyrio
898 1631 1083 1677 autem
1140 1621 1315 1676 functi
1385 1632 1518 1675 sunt
1577 1631 1809 1677 sanctus
1859 1623 2048 1676 Victor
2097 1633 2154 1677 et

575 1715 736 1770 beata
768 1711 1048 1784 Stephana
1081 1725 1280 1783 quarto
1315 1713 1531 1768 decimo
1560 1714 1649 1769 die
1673 1716 1882 1770 mensis
1915 1715 2155 1770 Novem-

2263 517 2418 570 αὐτοὶ
2475 515 2764 567 τελευτᾶτε
2828 513 2949 582 μεθ’
2991 513 3209 583 ἡμέρας
3259 513 3489 579 δώδεκα,
3532 520 3624 569 καὶ
3657 521 3685 571 ό
3712 519 3837 584 δοὺξ

2265 607 2385 676 μεθ’
2417 606 2631 677 ἡμέρας
2669 605 2844 657 εἴκοσι
2870 604 3149 674 τέσσαρας
3172 605 3560 673 άρπαγήσεται
3597 608 3701 660 ὑπὸ
3729 611 3835 662 τῶν

2261 699 2557 753 ἐναντίων·
2587 697 2678 750 καὶ
2719 695 2858 767 μετὰ
2879 693 3006 766 τρία
3042 695 3136 765 ἔτη
3169 695 3480 749 ἐλεύσονται
3504 697 3555 749 οἱ
3579 700 3836 770 ἡμέτεροι

2263 795 2355 848 ἐπὶ
2379 794 2438 848 τὸ
2462 789 2599 865 ἆραι
2635 792 2696 845 τὸ
2733 791 2896 861 σῶμά
2929 808 3031 860 μου
3059 807 3072 821 ο
3126 790 3232 862 ἔχω
3253 790 3362 860 γὰρ
3402 794 3495 844 καὶ
3541 792 3638 862 τὴν
3676 793 3870 872 σορὸνς

2264 887 2500 941 ἔκπαλαι
2527 886 2754 956 ἑτοίμην
2782 900 2794 913 ·
2847 883 2924 954 μὴ
2960 879 3054 936 οὖν
3081 885 3162 946 είς
3186 883 3475 952 ἀλλοτρίαν
3507 884 3667 949 τεθῶ,
3727 901 3833 936 πα-
3862 879 3870 956 ξ

2264 939 2511 1052 ρακαλῶ,
2552 939 2687 1049 μηδὲ
2710 939 3000 1046 κωλόστιτε
3028 939 3263 1047 ἀρθῆναι
3295 939 3364 1029 τὸ.
3409 939 3667 1046 leid/avri;
3693 993 3834 1047 μου.

2264 1017 2511 1052 γαηυηω,
2552 1017 2687 1049 ,κοινυ
2719 1017 3000 1046 ηψπονυυινυ
3028 1017 3263 1047 *ΓῚΙΙΠῸΠ
3305 1017 3356 1029 ’ν
3409 1017 3656 1046 ιινὟαγνι
3693 1017 3834 1047 _rv'.

2262 1069 2352 1122 ἵνα
2378 1069 2457 1132 εἰς
2489 1067 2558 1120 τὰ
2585 1068 2694 1120 ἴδια
2730 1065 3078 1137 άποκομισθῇ
3103 1067 3161 1119 ὲν
3191 1067 3406 1136 εἰρήνῃ.
3442 1067 3628 1120 Ταῦτα
3653 1017 3890 1180 εἰπόν-χ

2264 1177 2313 1180 -μ
2340 1178 2350 1180 Α
2389 1158 2548 1180 μ)---
2613 1159 2699 1180 --.Α
2736 1155 3039 1180 -.ιε-..ιμη
3094 1155 3362 1180 1----.!-n..
3422 1156 3497 1180 _.'.
3548 1156 3683 1180 8]----
3745 1161 3833 1180 ---ἱ

2261 1177 2352 1223 τος
2383 1158 2572 1224 αὑτοῦ,
2612 1159 2708 1211 καὶ
2733 1155 3063 1227 εὐξαμένου,
3091 1155 3367 1227 ἑκρούσθη
3421 1156 3500 1226 τῷ
3545 1156 3689 1224 ξίφει
3744 1161 3840 1209 καί

2263 1251 2493 1320 ἐξῆλθεν
2547 1245 2686 1320 αἷμα
2740 1250 2832 1303 καὶ
2895 1248 3060 1318 γάλα,
3097 1248 3240 1302 ὥστε
3300 1248 3506 1311 πάντας
3557 1246 3839 1317 Θαυμάσαι

2261 1346 2388 1407 τοὺς
2414 1343 2809 1415 περιεστῶτας.
2854 1341 3045 1395 Πολλοὶ
3070 1341 3128 1394 δὲ
3173 1342 3283 1394 τῶν
3327 1340 3598 1411 Ἑλλήνων
3627 1339 3837 1411 θεωρή-

2265 1453 2456 1498 σαντες
2513 1436 2612 1504 τὴν
2664 1430 2964 1504 καρτερίαν
2995 1433 3092 1486 καὶ
3139 1430 3420 1502 ὑπομονὴν
3453 1430 3554 1501 τῆς
3583 1430 3840 1494 άκλινοῦς

2263 1525 2429 1580 αὑτοῦ
2465 1524 2724 1589 πίστεως,
2774 1521 3237 1594 μεταϐαλλόμενοι
3269 1522 3360 1577 τὸν
3406 1522 3631 1594 τρόπον,
3679 1522 3843 1590 γεγό-

2262 1634 2385 1672 νασι
2413 1616 2754 1688 Χριστιανοί.
2807 1614 3169 1678 Ἀκούσαντες
3189 1615 3246 1668 δὲ
3272 1616 3368 1668 καὶ
3397 1615 3525 1685 περὶ
3550 1609 3627 1668 ὧν
3652 1615 3844 1686 προεί-

2267 1727 2457 1781 ρηκενν
2489 1709 2652 1764 πλέον
2674 1709 3086 1780 ἐστηρίχθησαν
3109 1725 3126 1740 ⁹
3167 1708 3347 1762 πάντα
3385 1707 3495 1777 γὰρ
3529 1707 3844 1778 5611:9053-

575 1807 692 1861 bris
750 1806 805 1859 i-n
858 1805 992 1860 urbe
1048 1806 1336 1871 Damasco,
1391 1806 1696 1876 imperante
1747 1807 2051 1872 Antonino,
2096 1817 2153 1863 et

2259 1819 2379 1866 πεν,
2408 1802 2679 1870 ἐγένοντο,
2706 1802 2780 1866 ὠς
2823 1803 2888 1854 ὲκ
2921 1800 3114 1855 τούτου
3157 1799 3390 1864 πολλοὺς
3439 1799 3739 1854 πιστεῦσαι
3767 1799 3840 1870 τῷ

573 1896 906 1952 Sebastiano
938 1896 1100 1952 duce.
1157 1895 1340 1962 Quare
1399 1898 1667 1968 sitgloria
1694 1899 1846 1953 Patri
1901 1911 1958 1953 et
2011 1900 2152 1954 Filio

572 1997 627 2044 et
664 1987 896 2058 Spiritui
931 1998 1148 2052 sancto,
1187 2004 1337 2043 nunc
1368 1999 1426 2044 et
1457 2005 1699 2059 semper,
1728 1999 1785 2045 et
1838 1991 1894 2044 in
1955 1992 2153 2046 saecula

572 2080 921 2136 saeculorum.
958 2079 1154 2135 Amen.

2253 1894 2497 1967 Χριστῷ,
2553 1892 2876 1964 Ἐτελειώθη
2897 1893 2955 1946 δὲ
2985 1894 3014 1947 ό
3043 1893 3200 1961 ἅγιος
3232 1894 3326 1947 καὶ
3358 1891 3667 1953 καλλίνικος
3695 1893 3840 1961 μὰρ·

2251 2005 2351 2050 τυς
2377 1987 2468 2040 τοῦ
2501 1984 2738 2058 Χριστοῦ
2768 1987 2986 2056 Βίκτωρ
3016 1986 3115 2038 σὺν
3140 1987 3208 2056 τῇ
3264 1983 3517 2054 μακαρίᾳ
3548 1983 3844 2052 Στεφανίδι

2258 2079 2390 2150 μηνὶ
2426 2079 2721 2149 Νοεμϐρίῳ
2774 2077 3060 2150 ἑνδεκάτῃ,
3110 2077 3172 2130 ὲν
3221 2075 3372 2130 πόλει
3435 2077 3720 2147 Δαμασκῷ
3749 2077 3843 2144 τῆς

584 2171 841 2236 Ἰταλίας,
877 2172 969 2222 ἐπὶ
997 2169 1264 2240 βασιλέως
1312 2172 1634 2226 Ἀντωνίνου
1659 2175 1754 2228 καὶ
1785 2172 2153 2228 Σεϐαστιανοῦ
2193 2173 2406 2237 δουκδς,
2461 2175 2541 2236 εἰς
2582 2173 2741 2240 δόξαν
2765 2171 2858 2224 τοῦ
2890 2171 3126 2243 Πατρὸς,
3188 2172 3284 2223 καὶ⁵
3313 2169 3408 2223 τοῦ
3433 2170 3588 2236 Υίοῦ,
3621 2171 3721 2224 καὶ
3751 2171 3842 2223 τοῦ

574 2263 732 2330 ἁγίου
765 2261 1109 2331 Πνεύματος,
1136 2261 1234 2316 νῦν
1260 2265 1355 2316 καὶ
1391 2265 1501 2330 ἀεὶ,
1538 2265 1632 2318 καὶ
1663 2266 1743 2328 είς
1775 2266 1899 2330 τοὺς
1945 2266 2151 2330 αἰῶνας
2187 2266 2295 2318 τῶν
2325 2264 2561 2319 αἰώνων.
2597 2266 2795 2335 ’Λμήν.

574 2431 3044 2475 W

3059 2446 3394 2454 __________
3495 2446 3540 2447 κγ

1308 2539 2104 2808 MENSIS
2254 2621 3096 2805 JUNIUS.

1108 3097 1295 3210 DE
1383 3097 1502 3210 S.
1593 3099 2343 3213 SAMPSONE
2430 3095 3320 3215 XENODOCHO

1797 3321 2583 3386 CONSTANTINOPOLI.

963 3491 1132 3555 (Anno
1156 3488 1250 3543 530
1277 3488 1359 3541 vel
1383 3488 1492 3554 53!,
1517 3487 1654 3541 Junii
1676 3489 1761 3540 die
1784 3488 1864 3540 27.
1891 3487 2103 3539 —.Acta
2131 3485 2220 3537 SS.
2250 3486 2478 3539 Bolland.
2507 3487 2566 3538 ad
2595 3487 2722 3540 hanc
2749 3488 2905 3551 diem,
2943 3489 3120 3543 Grece
3144 3493 3198 3538 et
3218 3487 3439 3547 Latine.)

2151 3662 2224 3677 ω

1379 3807 2340 3900 COMMENTARIUS
2416 3804 2815 3895 PBIEVI
2842 3803 3018 3892 US.

669 4008 696 4080 ς
743 4005 785 4060 l.
813 4033 882 4044 --
914 4004 1106 4057 Auctor
1158 4000 1290 4080 _V_ita3
1432 4001 1742 4072 Sampsonis
1797 3999 2027 4070 Symeon

1157 4073 1200 4124 ιι
1210 4073 1560 4142 etaphrastes.

637 4192 1018 4255 l.mAllatius,
1053 4189 1106 4242 in
1147 4203 1241 4241 sna
1287 4186 1355 4240 de
1381 4183 1718 4256 Symeonum
1762 4183 1988 4254 scriptis
2023 4183 2152 4239 Dia-

563 4283 730 4348 trilia,
775 4280 865 4335 ubi
897 4280 965 4334 de
997 4279 1264 4350 Symeone
1290 4275 1656 4344 Metaphraste
1679 4275 1857 4330 fusius
1883 4276 2016 4345 agit,
2043 4290 2142 4330 va-

2175 4014 2220 4074 ς
2254 3997 2596 4068 temporibus
2648 3997 2854 4064 vicino,
2887 3995 3079 4066 paucis
3126 3996 3216 4050 hic
3242 3997 3400 4068 juvat
3431 4009 3740 4066 apponere,
3786 4015 3846 4058 in.

2254 4101 2340 4146 est
2367 4091 2510 4159 apud
2552 4089 2788 4144 Leonem
2826 4089 3083 4142 Allatium
3125 4089 3178 4142 in
3205 4088 3445 4142 Diatriba
3481 4089 3843 4157 prmlaudata.

2322 4186 2377 4236 ‘2.
2423 4201 2440 4233 ‹
2474 4180 2554 4234 Τὰ
2583 4182 2689 4250 γὰρ
2719 4179 2986 4249 προοίμια
3017 4179 3123 4232 τῶν
3144 4177 3317 4246 λόγων
3353 4178 3520 4232 αὑτοῦ
3550 4181 3848 4250 ἁπτόμενα

2253 4275 2414 4338 εὐθὺς
2454 4273 2549 4326 τοῦ
2594 4272 2980 4342 ὑποκειμένου,
3023 4272 3115 4324 καὶ
3157 4271 3329 4342 βραχύ
3376 4289 3426 4325 τι
3469 4275 3704 4341 προιὼν,
3751 4275 3842 4327 τὸν

561 4376 672 4427 rias
730 4380 1046 4426 sanctorum
1095 4369 1266 4433 Vitas,
1321 4379 1445 4436 quae
1486 4365 1590 4420 sub
1637 4365 1884 4436 ejusdem
1928 4365 2154 4420 nomine

2259 4366 2346 4420 τοῦ
2390 4364 2823 4434 συγγράμματος
2862 4363 3146 4434 ἀναφαίνει
3183 4365 3420 4418 σκοπόνο
3455 4367 3550 4420 καὶ.
3584 4367 3693 4434 τὴν
3729 4371 3839 4420 πᾶ-

563 4466 763 4534 passim
805 4464 1058 4526 veniunt,
1097 4470 1211 4516 tum
1263 4459 1410 4530 quod
1469 4458 1607 4513 alios
1661 4469 1918 4514 auctores
1962 4459 2153 4529 praefe-

565 4566 709 4620 rant,
739 4565 854 4609 tum
888 4554 1033 4623 quod
1059 4569 1091 4607 a
1123 4548 1398 4606 scribendi
1435 4549 1696 4605 methodo
1725 4557 1779 4604 et
1813 4549 1953 4620 stylo
1984 4556 2151 4618 atque

557 4657 717 4702 atate
756 4645 1142 4715 Metaphrastis
1173 4643 1418 4709 multum
1451 4641 1734 4705 aberrent,
1768 4641 1819 4696 ei
1854 4643 2017 4712 plane
2051 4640 2150 4695 ab-

553 4739 797 4809 judicat;
846 4736 982 4791 alias
1037 4749 1171 4789 vero
1218 4734 1512 4789 nonnullas
1558 4742 1820 4802 tanquam
1873 4732 2149 4801 genuinos

558 4832 704 4885 illius
733 4827 881 4884 fetus
909 4816 1181 4898 designat,
1203 4843 1269 4882 ex
1293 4826 1495 4896 quibus
1526 4825 1594 4879 de
1623 4824 1837 4879 caeteris
1869 4823 1986 4878 fieri
2016 4838 2145 4892 pos-

556 4937 580 4975 ε
611 4931 628 4972 ι
663 4921 934 4992 judicium
960 4937 974 4979 :
1005 4920 1072 4972 de
1095 4917 1215 4970 Vita
1247 4928 1427 4970 tamen
1465 4914 1784 4985 Sampsonis
1821 4913 2143 4968 Xenodoclii

557 5012 697 5066 nihil
763 5010 1161 5081 pronuntiavit,
1235 5008 1374 5062 forte
1428 5008 1574 5077 quod
1622 5007 1870 5061 Graecum
1935 5017 2144 5061 textum

559 5101 748 5154 videre
783 5101 832 5153 ei
880 5115 988 5154 non
1030 5097 1222 5162 licuit;
1253 5096 1474 5150 difficile
1502 5097 1650 5151 enim
1686 5107 1770 5151 est
1807 5097 1874 5150 de
1899 5097 2143 5166 genuino

557 5191 801 5248 auctoris
865 5190 975 5244 fetu
1034 5189 1304 5261 judicium
1365 5187 1531 5251 ferre,
1578 5187 1684 5242 nisi
1737 5203 1863 5242 eum
1916 5188 2142 5257 proprio

556 5286 816 5340 idiomate
843 5284 1160 5352 loquentem
1197 5281 1412 5336 audias.
1446 5280 1556 5335 Nos
1593 5281 1772 5335 Vitam
1805 5296 1925 5335 eam
1951 5280 2140 5335 Graece

2255 4475 2354 4512 σαν
2393 4457 2480 4509 ἐπ’
2513 4456 2675 4518 ἐνίοις
2705 4455 2815 4508 τῶν
2849 4455 3026 4524 λόγων
3069 4455 3328 4509 ὑπόθεσιν
3377 4461 3849 4530 κεφαλαιωσάμιεο

2253 4567 2340 4613 νος
2393 4549 2556 4612 εὐθὺς
2591 4549 2734 4602 κατὰ
2777 4549 2916 4619 μέρη
2947 4549 3154 4618 τέμνει,
3194 4551 3331 4616 πρός
3371 4567 3431 4602 τε
3472 4553 3538 4603 τά
3572 4553 3849 4621 πρόσωπα

2259 4643 2509 4705 καὶτοὺς
2537 4644 2766 4713 καιροὺς
2807 4641 3234 4712 μεθαρμόζεται.
3267 4641 3380 4695 Καὶ
3405 4642 3466 4694 τὸ
3501 4643 3600 4712 μὲν
3641 4646 3852 4716 χρῶμα

2249 4734 2346 4789 τοῦ
2391 4735 2551 4802 λόγου
2601 4735 2664 4786 τὸ
2723 4733 2852 4786 αὐτὸ
2913 4735 3070 4797 πᾶσι,
3113 4734 3209 4787 καὶ
3257 4737 3288 4804 ἡ
3331 4735 3558 4805 ποιότης
3597 4738 3706 4804 μία
3746 4739 3851 4808 τῆς

2253 4831 2525 4898 φράσεως,
2557 4827 2590 4896 ἡ
2619 4825 2675 4879 δέ
2712 4842 2775 4893 γε
2808 4823 2901 4878 τοῦ
2933 4825 3097 4896 ήθους
3143 4827 3414 4896 μεταϐολὴ
3456 4828 3711 4899 ποικίλη,
3752 4833 3852 4883 καὶ

2247 4921 2322 4982 ὡς
2362 4920 2425 4973 ἂν
2471 4920 2600 4992 εἴπῃ
2623 4936 2729 4982 τις,
2759 4917 3004 4990 τεχνικὴ,
3034 4919 3094 4970 οὐ
3122 4919 3208 4970 διὰ
3247 4919 3346 4990 τὴν
3376 4921 3574 4990 τέχνην
3605 4922 3677 4974 τὰ
3705 4923 3854 4993 πρά-

2249 5028 2435 5079 γματα
2464 5010 2897 5079 μεταϐάλλουσα,
2933 5010 3069 5062 ἀλλὰ
3097 5009 3174 5078 τῷ
3204 5011 3419 5080 ἑκάστῳ
3450 5015 3556 5062 τὼν
3587 5030 3852 5083 παραπι-

2248 5102 2491 5155 πτόντων
2535 5103 2880 5172 πραγμάτων
2929 5118 2986 5153 τε
3031 5103 3124 5152 καὶ
3157 5101 3466 5170 προσώπων
3503 5105 3712 5157 οἰκεῖον
3743 5106 3854 5174 ὑφ-

2246 5197 2632 5264 ερμηνεύουσα
2658 5209 2669 5220 °
2701 5192 2775 5254 ὡς
2810 5191 2944 5262 πρὸς
2975 5193 3261 5262 ἀρχέτυπα
3293 5192 3348 5244 δὲ
3399 5193 3464 5245 τὰ
3498 5194 3851 5264 ἀρχαιότερα

2245 5288 2352 5336 τῶν
2409 5284 2756 5355 πραγμάτων
2809 5283 3157 5350 ὲνατενίζων,
3192 5284 3423 5337 ἐκείνων
3478 5301 3538 5337 τε
3593 5286 3702 5339 οὐκ
3740 5287 3856 5356 ἀφ·

554 5377 948 5445 conscriptam,
994 5389 1159 5443 quam
1206 5389 1273 5428 ex
1328 5388 1433 5429 ms.
1479 5373 1828 5427 bibliothecae
1879 5359 2179 5427 Mediceaal

2264 5395 2478 5440 σταται,
2537 5377 2626 5430 ἵνα
2669 5377 2744 5447 μὴ
2787 5376 2916 5448 δόξῃ
2962 5376 3090 5430 ἄλλο
3138 5395 3190 5430 τι
3225 5377 3418 5440 ποιῶν,
3450 5378 3547 5432 καὶ
3585 5381 3745 5450 παρὰ
3791 5382 3854 5433 τὸ

555 5471 702 5542 regis
733 5467 982 5521 Francia:
1020 5466 1164 5520 nacti
1203 5481 1414 5531 sumus,
1452 5466 1593 5520 infra
1637 5466 1913 5519 dabimus.
1941 5466 2008 5520 Ut
2035 5483 2138 5519 au-

2259 5469 2616 5540 ταράδειγμα,
2650 5470 2744 5520 καὶ
2777 5468 2873 5537 τὴν
2907 5469 3037 5536 ὃλην
3084 5469 3226 5522 ἰδέαν
3274 5473 3577 5539 μετατυποῖ
3612 5472 3721 5524 οὐκ
3765 5474 3853 5524 ἐν-

557 5571 664 5614 tem
719 5568 980 5629 appareat
1032 5575 1152 5613 eam
1196 5575 1225 5612 a
1279 5560 1549 5629 Symeone
1597 5557 1963 5627 Metaphraste
2014 5574 2138 5613 esse

2259 5561 2519 5613 ιλλάττων
2550 5561 2648 5626 τὴν
2683 5558 2841 5628 ὓλην,
2875 5560 3012 5614 ἀλλὰ
3049 5561 3106 5614 τὸ
3125 5563 3514 5633 ἡμαρτημένον
3542 5563 3654 5614 τῶν
3685 5565 3854 5617 εἱδῶν

554 5653 937 5720 compositam,
967 5667 1088 5720 quce
1117 5651 1286 5704 fuerit
1319 5651 1465 5704 illius
1497 5648 1778 5704 scribendi
1827 5649 2058 5703 formula
2083 5659 2139 5704 ct

2259 5651 2644 5722 ἰιορθούμενος,
2677 5640 3176 5723 οὐδὲ’καινοτομιῖ›ν
3203 5655 3301 5716 τὰς
3335 5655 3569 5718 ἐννοίας,
3603 5655 3753 5708 ἀλλὰ
3788 5655 3855 5708 τὺ

501 5743 513 5752 ’
556 5743 770 5806 nodus,
801 5757 868 5796 ex
920 5742 1096 5797 l’sello
1140 5743 1387 5813 ejusdem
1423 5742 1784 5806 encomiastc,
1828 5741 2136 5811 iisdemque

2259 5745 2335 5815 ςῆς
2367 5742 2563 5808 λέξεως
2609 5743 2798 5814 σχῆμα
2841 5746 3180 5814 μετατιθεὶς,
3217 5747 3556 5817 ἀνωμαλίαις
3586 5763 3646 5798 τε
3684 5765 3849 5817 περιο
