4010 6420
1597 326 1774 387 νιτλ
1818 328 1883 386 S.
1925 325 2375 387 SAMPSUNIS.

3521 333 3628 391 $270

348 432 579 488 Irim
603 430 969 506 διηγημάτων
1000 436 1030 489 ὀ
1057 434 1218 505 λόγος
1243 435 1418 506 αὐτῷ,
1448 437 1544 490 καὶ
1581 436 1938 514 μεταλλαγαῖς

2055 434 2255 499 fuisse,
2313 444 2370 489 et
2426 450 2691 506 perquam
2749 435 3075 491 familiarem
3134 437 3252 492 viro
3310 438 3362 492 in
3421 422 3630 496 summa

347 519 668 576 ὕωοὲσεων
694 522 758 581 οὐ
789 523 1099 594 concisus,
1125 522 1249 579 οὐδὲ
1272 524 1620 596 ταράττεται.
1656 543 1679 578 s
1712 526 1847 593 Qum
1868 527 1942 582 ita

342 613 526 671 stertit
551 614 786 671 Aliatius
818 631 834 670 :

424 704 482 761 3.
522 724 542 759 ι
580 706 924 779 Principium
960 708 1083 781 ejus
1124 708 1439 766 orationum
1482 710 1671 766 statim
1712 713 1944 784 attingit

346 797 688 869 subjectum,
711 806 988 870 etparum
1020 801 1353 871 procedens,
1384 803 1632 859 ostendit
1676 804 1761 859 sui
1804 806 1943 861 scri-

346 890 432 960 pti
473 904 742 958 scopum;
780 903 839 946 et
878 892 935 947 in
978 894 1264 949 nonnullis
1299 895 1666 959 orationibus,
1692 911 1816 951 cum
1858 908 1943 954 to-

344 990 474 1038 tum
502 993 898 1054 argumentum
930 985 1265 1054 recapitnlet
1304 986 1363 1041 in
1402 1000 1698 1052 summam,
1729 986 1784 1041 id
1822 996 1939 1043 stac

341 1074 449 1130 tim
481 1074 539 1130 in
571 1085 760 1147 partes
778 1075 999 1133 dividit.
1031 1076 1101 1134 Se
1127 1090 1309 1135 autem
1344 1081 1725 1136 accommodat
1746 1096 1938 1150 perso-

342 1165 440 1222 nis
493 1176 553 1222 et
602 1169 975 1239 temporibus,
1018 1181 1183 1228 etest
1225 1172 1450 1242 quidem
1486 1173 1749 1231 omnibus
1792 1174 1940 1230 idem

306 1260 504 1325 _color
543 1262 817 1320 orationis
864 1273 923 1318 et
973 1279 1082 1320 una
1112 1265 1353 1336 qualitas
1386 1266 1682 1334 dictionis;
1721 1283 1938 1324 morum

312 1361 535 1421 ,autem
567 1355 726 1409 varia
754 1363 841 1411 est
879 1355 1135 1423 mutatio,
1177 1367 1255 1425 et,
1285 1366 1349 1413 ut
1397 1358 1598 1415 dixerit
1637 1360 1936 1431 quispiam,

336 1445 671 1523 artificiosa,
715 1462 827 1503 non
884 1463 990 1519 per
1028 1458 1203 1505 artem
1239 1465 1330 1506 res
1360 1461 1600 1517 mutans,
1637 1452 1755 1517 sed,
1788 1453 1937 1523 quod

308 1539 653 1609 .lnicuiquc
701 1540 784 1595 rei
829 1548 891 1594 et
942 1556 1191 1611 personas
1238 1543 1503 1599 inridenti
1548 1545 1933 1613 conveniebat,

344 1631 748 1702 interpretans.
781 1631 1068 1702 Tanquam
1092 1641 1282 1688 autem
1316 1633 1386 1689 ad
1417 1635 1714 1708 archetypa
1745 1651 1937 1693 etem-

314 1721 521 1793 .plaria
560 1737 625 1776 ac
656 1736 747 1777 res
768 1721 1112 1792 antiquiores
1139 1723 1384 1790 intuens,
1413 1740 1521 1781 nec
1544 1726 1615 1781 ab
1641 1727 1751 1782 illis
1780 1742 1939 1784 rece~

336 1812 449 1877 dit,
479 1829 551 1870 ne
593 1814 852 1869 videatur
892 1814 1104 1885 aliquid
1140 1816 1289 1871 aliud
1327 1815 1533 1885 facere,
1563 1828 1620 1874 et
1650 1819 1717 1874 ad
1747 1835 1904 1876 exem

314 1906 467 1977 vpiar
513 1921 737 1977 quoque
778 1915 950 1961 totam
1018 1916 1352 1964 transmutat
1394 1909 1617 1965 dicendi
1661 1910 1930 1993 formam,

332 2013 452 2053 non
499 1999 776 2055 diversam
816 1998 1031 2057 faciens
1074 2001 1399 2068 materiam,
1430 2002 1527 2058 sed
1573 2004 1719 2074 quod
1757 2003 1810 2057 in
1846 2003 1935 2059 di-

332 2089 505 2144 cendi
534 2104 736 2160 genere
760 2098 1049 2161 peccatum
1075 2100 1213 2158 erat,
1246 2093 1566 2164 corrigens;
1602 2109 1783 2164 neque
1812 2110 1935 2150 sen-

316 2183 551 2238 tentias
583 2184 874 2250 innovans,
909 2186 1006 2241 scd
1033 2195 1368 2242 convertens
1389 2185 1619 2257 figuram
1649 2187 1929 2254 dictionis,

332 2286 399 2332 et
433 2277 486 2331 ei
521 2275 775 2331 incidens
805 2277 986 2332 oratio
1036 2277 1094 2332 in
1127 2276 1508 2334 diversitatem
1555 2278 1934 2334 narrationum

320 2378 397 2426 ἐι
434 2369 761 2426 varietatem
800 2378 1255 2438 argumentorum
1299 2385 1411 2425 non
1435 2369 1798 2426 confunditur
1830 2386 1935 2427 ne-

338 2476 451 2531 que
481 2460 862 2531 perturbatur,
898 2480 918 2514 ι
959 2469 1068 2517 etc.

344 2592 379 2605 ,ς
415 2552 469 2608 ι.
505 2552 635 2608 Haec
660 2552 755 2623 qui
783 2567 909 2609 cum
938 2552 1214 2610 Prommio
1242 2552 1486 2609 auctoris
1510 2552 1839 2619 contulerit,
1875 2553 1934 2608 in

353 2659 423 2701 eo
457 2646 884 2717 letapbrastem
936 2658 1196 2716 agnoscet
1243 2666 1258 2703 :
1298 2648 1354 2702 in
1405 2648 1528 2717 ipso
1573 2649 1722 2703 enim
1772 2647 1937 2703 initio

348 2737 668 2807 scriptionis
716 2754 834 2795 suae
897 2754 1126 2811 scopum
1175 2739 1567 2809 intentumque
1622 2738 1935 2810 significat;

343 2830 571 2896 deinde,
614 2847 740 2902 qua:
785 2832 1118 2888 documenta
1158 2831 1228 2887 ad
1280 2830 1605 2903 Sampsonis
1643 2832 1936 2887 historiam

343 2920 643 2976 tenendam
691 2922 973 2987 habuerit,
1020 2923 1286 2992 exponit;
1317 2937 1441 2993 quae
1469 2923 1722 2993 quamvis
1752 2923 1935 2977 ineru-

343 3013 465 3069 dite
494 3023 553 3069 et
573 3013 807 3069 barbare
826 3022 1023 3069 essent
1048 3013 1375 3084 composita,
1395 3024 1722 3070 secuturum
1752 3022 1935 3093 tamen

340 3117 469 3158 sese
491 3101 810 3174 profitetur,
842 3119 1159 3175 quanquam
1207 3120 1272 3160 ea
1322 3103 1538 3160 meliori
1565 3105 1705 3175 stylo
1748 3113 1927 3161 meta-

341 3196 637 3266 pbrastice
665 3205 921 3252 exornet.
956 3196 1163 3252 Deinde
1191 3198 1241 3253 si
1274 3205 1442 3253 totam
1469 3197 1640 3270 hujus
1673 3199 1932 3270 scriptio-

345 3287 439 3342 nis
488 3286 748 3354 formam,
801 3288 1028 3360 stylum,
1080 3287 1539 3360 frequentemque
1586 3289 1929 3361 adagiorutn,

344 3380 483 3435 hinc
510 3379 640 3436 inde
674 3380 894 3436 erudite
928 3381 1448 3448 intercurrentium,
1478 3398 1642 3440 usum
1677 3384 1935 3440 conside-

342 3488 461 3534 res,
493 3480 660 3542 atque
688 3486 753 3526 ea
777 3471 963 3529 omnia
1000 3487 1126 3528 cum
1150 3473 1408 3544 genuinis
1451 3472 1601 3528 illius
1636 3488 1700 3528 ac
1720 3488 1934 3544 germa-

342 3564 437 3619 nis
491 3562 723 3626 fetibus,
754 3561 825 3617 de
871 3563 1078 3633 quibus
1126 3570 1345 3619 constat
1380 3564 1526 3635 apud
1572 3565 1835 3620 Allatium
1875 3565 1936 3620 in

340 3655 578 3725 przefata
616 3655 881 3721 Dialriba,
924 3656 1130 3726 ubique
1177 3656 1606 3726 Metaphrastem
1662 3658 1932 3712 invenies.

344 3747 622 3801 Praeterea
668 3755 853 3802 certos
880 3761 983 3801 nos
1022 3746 1209 3802 reddit
1253 3756 1450 3805 auctor
1484 3747 1620 3805 Vita:
1662 3748 1833 3819 hujus
1877 3748 1935 3804 in

347 3837 648 3904 l‘rooemio,
690 3854 750 3895 se
786 3838 1087 3896 multorum
1130 3839 1368 3895 aliorum
1400 3824 1742 3905 sanctorém,
1791 3856 1939 3895 mar-

344 3939 536 4002 tyrum
562 3931 787 4001 quidem
824 3932 1044 3988 labores
1091 3940 1149 3987 et
1187 3933 1511 3999 certamina,
1555 3931 1937 3988 confessorum

344 4039 487 4080 vero
530 4025 672 4080 vitas
714 4034 775 4081 et
827 4040 916 4081 res
950 4035 1135 4097 gestas
1182 4024 1475 4097 diligenter
1519 4026 1938 4096 conscripsisse,

2049 524 2315 596 dignitate
2338 525 2665 591 constituto,
2696 523 2865 580 Leoni
2899 526 3134 590 scilicet,
3173 527 3233 582 ὃν
3272 528 3301 581 ὁ
3329 530 3632 603 πατρικίων

2048 632 2111 669 τε
2162 617 2260 670 καὶ
2306 616 2686 687 πραιποσὶτων
2730 617 2844 690 εἶχε
2890 618 3070 689 χορὸς,
3116 623 3213 673 καὶ
3281 621 3340 683 ὃς
3395 623 3630 693 μετῆλθε

2053 707 2153 779 μὲν
2183 706 2285 777 τὴν
2318 707 2414 760 τοῦ
2460 707 2833 779 Δρουγγαρῑσυ
2878 710 2979 782 τὴν
3018 710 3128 764 τῶν
3159 712 3445 781 πλωῖμων,
3502 732 3632 786 μετ-

2047 799 2178 870 ῆλθε
2231 800 2288 853 δὲ
2335 800 2431 854 καὶ
2479 801 2577 872 τὴν
2632 799 2727 854 τοῦ
2783 801 3084 870 Δογοθέτον
3129 803 3224 857 τοῦ
3277 805 3490 875 Δρόμου
3530 806 3629 876 ἀρ-

2047 893 2175 964 χήν,
2223 912 2243 945 ‹
2272 893 2365 963 qui
2408 893 2463 947 in
2505 892 2867 964 patriciorum
2901 896 3432 966 praepositorumquc
3478 899 3631 952 ordi-

2047 1000 2177 1040 nem
2198 986 2409 1040 relatus
2434 984 2558 1049 fuit,
2591 985 2796 1057 quique
2824 987 2902 1040 rei
2937 989 3225 1043 maritimae
3248 989 3627 1058 pnefecturam

2046 1091 2115 1132 ac
2147 1076 2469 1147 Logotbette
2490 1077 2701 1133 Cursus
2722 1077 2941 1148 publice
2974 1080 3356 1150 magistratum
3385 1085 3573 1153 gessit,
3605 1104 3622 1135 ›

2046 1183 2172 1239 quae
2198 1179 2337 1225 sunt
2363 1170 2509 1225 inter
2539 1184 2795 1240 suprema
2833 1172 3151 1242 reipublica:
3168 1173 3634 1246 Constantinopo-

2042 1261 2227 1317 litanae
2255 1277 2508 1320 munera.

2110 1395 2170 1449 ‘6.
2194 1393 2333 1451 Cum
2362 1412 2496 1451 vero
2540 1397 2681 1454 alius
2733 1398 2960 1474 quidam
3007 1398 3135 1466 Leo,
3174 1402 3268 1472 qui
3301 1403 3500 1459 Leonis
3534 1420 3628 1474 pa-

2047 1485 2193 1542 tricii
2230 1491 2541 1546 ministerio
2578 1493 2828 1560 suberat,
2855 1473 3063 1565 quique
3097 1504 3219 1550 erat
3250 1473 3633 1568 protospatba-

2046 1581 2161 1636 rius
2196 1581 2273 1654 (id
2301 1593 2387 1638 est
2421 1586 2679 1656 princeps
2707 1602 2902 1642 eorum
2927 1587 3021 1658 qui
3053 1589 3120 1643 ad
3151 1591 3401 1660 corporis
3446 1599 3632 1646 custo-

2047 1672 2194 1728 diam
2228 1685 2389 1731 erant
2429 1677 2701 1749 deputati)
2747 1679 2960 1736 domini
2993 1681 3078 1735 sui
3104 1683 3282 1752 gratia
3323 1700 3386 1739 ac
3419 1684 3625 1750 favore,

1915 1769 1936 1862 :
1968 1801 2011 1855 Β
2045 1781 2209 1838 quam
2242 1769 2313 1823 ob
2336 1785 2556 1833 causam
2588 1772 2799 1836 nescio,
2834 1773 3149 1837 excidisset,
3189 1777 3486 1846 nullusque
3532 1795 3629 1847 pro

2039 1860 2242 1916 misero
2306 1863 2652 1921 intercedere
2685 1865 2937 1930 auderet,
2975 1867 3125 1937 quod
3157 1867 3398 1924 dillicilis
3431 1871 3498 1925 ad
3532 1887 3628 1941 pa-

2037 1951 2258 2008 tricium
2291 1964 2504 2025 pateret
2527 1956 2731 2021 aditus,
2781 1969 2838 2014 et
2862 1974 3027 2030 asper
3077 1969 3224 2015 esset
3256 1961 3312 2014 in
3349 1964 3627 2017 sermonis

2036 2060 2358 2116 congressu,
2374 2050 2681 2118 praesertim
2698 2050 3090 2107 interfamulos
3106 2070 3123 2120 ;
3141 2054 3295 2109 solus
3307 2054 3473 2125 hujus
3490 2055 3625 2111 Vitae

2034 2146 2249 2204 auctor,
2275 2151 2375 2207 pro
2399 2152 2497 2193 sua
2523 2139 2734 2195 scilicet
2763 2157 2869 2211 qua
2893 2141 3038 2212 apud
3064 2143 3301 2198 Leonem
3334 2145 3625 2214 patricium

2034 2222 2277 2291 pollebat
2316 2227 2653 2285 auctoritate
2684 2238 2741 2308 et
2769 2231 2966 2301 gratia,
3003 2232 3344 2303 pertinacem
3378 2235 3622 2291 animum

2034 2314 2104 2369 ad
2132 2316 2534 2388 impetrandam
2567 2322 2772 2377 misero
2796 2323 3015 2379 veniam
3060 2326 3416 2397 interpellare
3457 2328 3627 2384 susti-

2036 2406 2183 2471 nuit,
2217 2415 2278 2462 ut
2301 2410 2538 2479 ipsemet
2568 2412 2739 2468 refert
2768 2413 2893 2470 loco
2923 2416 3234 2485 praecitato.
3265 2417 3398 2474 inde
3420 2419 3626 2474 inferre

2041 2494 2172 2553 licet
2210 2500 2359 2556 hunc
2398 2518 2619 2573 quoque
2652 2506 2824 2561 fuisse
2868 2508 3084 2563 eximiae
3131 2509 3415 2580 dignitatis
3457 2517 3625 2582 atque

2037 2589 2407 2656 auctoritatis,
2444 2593 2782 2666 dignumque
2804 2598 2899 2666 qui
2935 2600 2994 2652 in
3027 2600 3163 2654 tanti
3192 2601 3293 2655 viri
3322 2602 3622 2657 amicitiam

2037 2678 2576 2756 familiaritatemque
2644 2686 3058 2746 admitteretur.
3111 2691 3386 2748 Convenit
3452 2696 3625 2766 igitur

2039 2775 2251 2831 auctori
2282 2786 2476 2832 nostra
2511 2778 2687 2850 stylus
2722 2788 2780 2834 et
2807 2781 3086 2837 scribendi
3128 2783 3366 2841 formula
3396 2786 3623 2858 Syraco-

2040 2871 2126 2925 nis
2154 2871 2559 2942 Metaphrastis,
2584 2874 2847 2930 convenit
2879 2877 3006 2930 vita:
3056 2877 3394 2944 institututn,
3419 2896 3627 2938 conve-

2039 2963 2125 3019 nit
2192 2965 2473 3035 dignitas;
2524 2982 2675 3022 nunc
2724 2980 2997 3037 superest,
3049 2979 3235 3026 utrum
3286 2986 3410 3027 cum
3460 2984 3624 3031 aetate

2040 3059 2287 3130 ejusdem
2318 3061 2617 3116 convenire
2643 3062 2838 3131 possit,
2866 3063 3197 3132 perspicere.

2107 3197 2162 3252 7.
2204 3197 2485 3253 Floruisse
2516 3198 2942 3269 Metaphrastcm
2982 3202 3190 3256 ultimis
3211 3204 3371 3259 anuis
3399 3204 3617 3276 imperii

2035 3290 2237 3347 Leonis
2270 3292 2613 3362 Philosophi,
2657 3294 2751 3362 qui
2790 3294 2931 3348 obiit
2964 3310 3115 3349 anno
3147 3296 3276 3356 909.
3307 3308 3523 3353 constat
3554 3316 3623 3354 ex

2036 3381 2327 3451 ipsiusmet
2347 3384 2663 3439 testimonio
2685 3384 2739 3439 in
2769 3384 2890 3441 1Vita
2909 3383 2965 3439 S.
2987 3382 3356 3452 Tlteoctist-es,
3387 3387 3479 3441 ubi
3509 3388 3620 3443 ait:

2044 3491 2063 3524 ι
2103 3473 2385 3546 Γενομένῳ
2421 3475 2513 3545 μοί
2553 3493 2683 3529 ποτε
2724 3477 2868 3529 κατὰ
2907 3483 2996 3530 τὸν
3026 3479 3205 3548 Πᾶρον
3236 3497 3250 3510 ·
3289 3480 3489 3548 γέγονα
3525 3481 3584 3535 δέ
3610 3500 3623 3515 ο

2037 3568 2134 3622 καὶ
2181 3569 2288 3640 γὰρ
2339 3571 2435 3622 ’ἐπὶ
2487 3571 2715 3641 Κρήτην
2755 3571 3002 3625 διέπλεον
3034 3573 3137 3627 ὕπὸ
3176 3574 3269 3627 τοῦ
3315 3575 3622 3647 μακαρίτου

2038 3661 2268 3726 Λέοντος
2297 3663 2473 3716 ἐκεῖσε
2498 3663 2771 3731 πεμφοεῖς
2797 3680 2811 3694 ο
2846 3664 3096 3727 Λέοντος,
3138 3669 3303 3736 φημὶ,
3333 3667 3424 3720 τοῦ
3467 3668 3625 3720 εὒτυο

2037 3753 2166 3825 χοῦς
2206 3752 2376 3817 ὅντως
2420 3754 2709 3823 βασιλέως.
2763 3758 2859 3809 καὶ
2895 3755 2996 3827 τὴν
3034 3758 3289 3829 εὐτυχίαν
3330 3760 3621 3829 Ῥ‹ι›μαῐων

2038 3843 2118 3916 τῷ
2152 3845 2310 3915 τάφῳ
2342 3845 2759 3916 ἀναθάψαντοςτ
2795 3849 3128 3922 ἐπεμπὸμην
3167 3850 3224 3904 δὲ
3263 3869 3630 3920 συστρατευυ-

2044 3952 2207 4005 μενος
2253 3937 2503 4008 Ἦμερξῳ
2532 3935 2610 4007 τῷ
2634 3938 2798 4002 πάνυ,
2822 3937 2899 4009 τῷ
2924 3940 3428 4010 στρατηγικωτάτῳ
3462 3941 3627 4010 δηλαο

2042 4027 2130 4097 δὴ,
2169 4028 2266 4082 καὶ
2286 4027 2505 4098 ἄρχοντι
2535 4028 2629 4082 τοῦ
2658 4045 2715 4083 τε
2748 4026 2973 4101 δρὸμου,
3006 4029 3100 4083 καὶ
3128 4029 3224 4084 τοῦ
3267 4030 3458 4085 στόλου
3495 4049 3631 4084 παν-

344 4117 527 4185 ωιιιο
554 4114 1058 4187 Constantinopoli,
1087 4117 1182 4173 ubi
1226 4116 1287 4174 S.
1336 4117 1656 4188 Sampsonis
1694 4119 1938 4174 tumulus

2047 4121 2230 4183 τός....
2297 4120 2662 4191 Ἐστελλύμην
2729 4118 3021 4192 τοιγαροῦν
3078 4120 3242 4174 τοῦτο
3289 4120 3389 4190 μὲν
3435 4121 3630 4191 ἐκείνῳ

348 4207 680 4262 caelestibus
733 4208 981 4264 clarabat
1046 4209 1351 4280 prodigiis;
1407 4208 1535 4265 inde
1563 4218 1621 4265 et
1656 4225 1723 4265 ea
1754 4218 1938 4265 narrat

2047 4213 2587 4284 συστρατευόμενος,
2633 4212 2728 4266 καὶ
2780 4211 3248 4283 προϐιϐαζόμενος
3299 4214 3380 4276 εἰς
3435 4215 3651 4283 πεῖραν

351 4299 648 4366 miracula,
688 4315 813 4370 quae
855 4307 952 4355 aut
1004 4302 1121 4372 ipse
1158 4301 1336 4358 oculis
1386 4303 1696 4373 conspexit,
1745 4302 1831 4358 vel
1873 4301 1938 4358 ah

2047 4307 2445 4377 στρατηγικὴν,
2477 4302 2569 4359 υἷα
2608 4305 2788 4368 πῶλος
2816 4306 2982 4378 μητρὶ
3015 4306 3151 4376 πρὸς
3184 4304 3253 4358 τὰ
3273 4305 3631 4373 γενναιότατα

344 4390 594 4446 oculatis
629 4391 865 4449 testibus
894 4392 1011 4463 ipse
1038 4393 1289 4459 audivit;
1319 4410 1444 4462 quae
1471 4396 1560 4449 cui
1609 4394 1772 4450 istius
1805 4405 1938 4450 tem-

2047 4399 2157 4453 τῶν
2187 4401 2664 4470 στρατηγημάτων
2689 4399 3022 4469 συσκαιρων.
3053 4397 3210 4451 οὕτω
3249 4397 3358 4469 γὰρ
3385 4394 3453 4467 ἦν
3479 4399 3507 4451 ὁ
3536 4397 3630 4450 τοῦ

344 4483 509 4555 poris
541 4484 754 4539 auctori
789 4484 1159 4552 ascribentur,
1199 4485 1306 4541 nisi
1334 4486 1730 4555 Metaphrasti?

423 4575 489 4649 5.,
510 4574 674 4633 Hunc
715 4591 829 4632 non
864 4574 1312 4648 ludimagistrum
1344 4580 1619 4636 trivialem
1658 4581 1852 4648 fuisse,
1884 4586 1947 4634 ut

348 4666 583 4739 quidam
608 4666 984 4733 somniarent,
1012 4670 1107 4725 sed
1139 4685 1353 4725 summa
1377 4670 1434 4726 in
1454 4671 1740 4740 republica
1763 4671 1946 4742 digni-

352 4759 850 4834 lassescelluisse,
879 4769 1071 4832 utpote
1119 4764 1215 4832 qui
1270 4762 1520 4834 Magistri
1551 4772 1608 4818 et
1647 4764 1947 4833 Loqotlieta:

352 4832 588 4929 gumiae
637 4853 1162 4924 appelletur;un
1206 4832 1400 4911 eorum
1443 4872 1647 4912 munus
1697 4832 1803 4921 est,
1849 4857 1945 4928 qui

356 4943 611 5000 rationes
640 4943 855 5001 fiscales
882 4946 969 5001 vel
1011 4946 1266 5017 publicas
1303 4958 1645 5019 cognoscunt
1682 4958 1741 5004 et
1768 4952 1949 5006 disce-

352 5044 543 5111 piant.
562 5045 935 5109 sumptusque
970 5039 1058 5095 vel
1101 5047 1159 5094 et
1208 5039 1422 5095 reditus
1468 5040 1543 5096 ita
1579 5041 1846 5113 dirigunt,
1886 5050 1948 5097 ut

352 5126 685 5201 ιπτὶρὼιίεςτ
732 5129 920 5201 petitis
965 5146 1129 5201 quam
1174 5134 1515 5204 privatorum
1540 5149 1742 5190 munus
1772 5135 1946 5191 susti-

352 5226 565 5293 neant;
594 5216 791 5291 hujus,
820 5220 1066 5290 inquam,
1100 5222 1386 5292 dignitatis
1425 5222 1598 5279 fuisse
1639 5222 1949 5294 Metapltra-

354 5310 847 5385 mayevidenter
866 5312 1307 5370 demonstratum
1332 5314 1506 5371 lector
1531 5316 1777 5372 inveniet
1800 5317 1944 5386 apud

356 5400 695 5457 Bullandum
740 5415 992 5459 nostrum
1049 5406 1105 5461 in
1155 5407 1479 5463 Praefatione
1523 5423 1652 5478 gen.
1690 5410 1758 5464 ad
1797 5410 1949 5465 Vitas

360 5509 709 5575 stricturum.
739 5513 866 5567 cap.
898 5499 946 5563 Ι,
978 5497 1007 5569 §
1036 5499 1091 5563 5,
1122 5509 1180 5555 et
1212 5501 1561 5571 fusius'apud
1587 5501 1845 5558 Allatium
1891 5505 1947 5557 in

356 5574 933 5667 prodicta.
966 5594 1231 5650 Nostrum
1250 5610 1383 5650 vero
1413 5607 1695 5652 auctorem
1726 5600 1947 5670 conspi—

359 5698 482 5761 cua
514 5683 685 5740 fuisse
712 5684 771 5741 in
796 5684 1087 5755 republica
1124 5686 1429 5757 dignitatis,
1465 5704 1532 5743 ex
1566 5705 1634 5745 eo
1662 5691 1791 5746 licet
1818 5706 1951 5747 con-

769 5777 827 5841 in
859 5774 985 5853 Vita
1026 5792 1183 5835 num.
1229 5779 1300 5834 12
1342 5789 1553 5847 asserat
1609 5796 1668 5836 se
1706 5785 1947 5842 amicum

342 6324 347 6325 γ
366 6312 379 6327 νζ
496 6326 509 6329 _
532 6316 559 6327 -.Α
596 6324 617 6335 ,ω

248 6354 285 6365 ,γι
566 6358 617 6377 ’7‘...

220 6374 235 6385 ιν
604 6372 637 6403 τ’

1971 4485 2018 4543 D
2050 4491 2355 4562 μακαρίτου
2416 4507 2519 4560 μου
2574 4489 2851 4552 Βασιλέως
2897 4488 3137 4552 σκοπός·
3193 4487 3351 4539 τοῦτο
3399 4486 3455 4540 δὲ
3496 4504 3635 4558 πρε-

2055 4584 2382 4654 σϐευόμενος
2434 4572 2593 4653 πρὸξ
2627 4582 2753 4646 τοὺς
2806 4581 2906 4651 τὴν
2936 4581 3164 4651 Κρήτην
3190 4579 3412 4653 ἔχοντας
3460 4581 3633 4649 Ἀρα-

2051 4677 2173 4740 σας.
2211 4695 2229 4728 ι
2256 4676 2389 4742 Quae
2434 4675 2514 4731 sic
2555 4672 2750 4729 Latine
2789 4680 2988 4727 sonant
3027 4672 3227 4727 Aliatio
3257 4690 3315 4727 τι
3349 4672 3488 4727 Cum
3531 4671 3636 4725 alio

2051 4771 2273 4843 quando
2307 4772 2363 4827 in
2396 4772 2537 4827 Paro
2572 4784 2750 4825 essem
2822 4767 3117 4837 insula;fui
3155 4776 3338 4823 autem
3378 4783 3391 4819 :
3424 4781 3550 4822 nam
3577 4765 3633 4820 in
3668 4808 3688 4855 ί

2050 4862 2271 4920 Cretam
2319 4862 2641 4933 navigabam
2698 4875 2728 4915 a
2788 4858 2971 4916 Leone
3018 4859 3193 4916 beatae
3234 4858 3514 4916 memoris:
3568 4862 3678 4914 eo’

2051 4956 2291 5022 missus;
2328 4954 2531 5021 Leone,
2577 4953 2825 5023 inquam,
2863 4952 2957 5009 illo
2987 4969 3115 5009 vere
3150 4954 3430 5008 fortunato
3463 4952 3639 5022 impeo

2053 5056 2261 5110 ratore.
2301 5046 2398 5117 qui
2434 5048 2610 5118 ipsam
2654 5047 3030 5103 Romanorum
3078 5046 3398 5101 felicitatem
3449 5060 3638 5101 secum

2055 5140 2276 5196 videtur
2336 5140 2392 5194 in
2442 5139 2758 5210 sepulcrum
2812 5138 3061 5195 intulisse
3095 5158 3108 5195 :
3144 5137 3401 5192 mittebar
3452 5146 3638 5193 autem

2052 5248 2160 5287 una
2200 5232 2446 5287 militans
2491 5247 2616 5287 cum
2657 5229 2966 5287 clarissimo
3004 5231 3097 5287 illo
3134 5229 3413 5295 Hemerio,
3451 5237 3643 5299 utpote

2051 5325 2292 5381 ducendi
2347 5324 2624 5381 exercitus
2674 5323 3036 5395 peritissimo,
3102 5323 3286 5378 dromi
3349 5323 3639 5392 praefecto.

2051 5420 2145 5492 qui
2177 5429 2232 5476 et
2267 5419 2536 5474 universa:
2569 5416 2731 5474 classi
2764 5417 3165 5486 imperabat...
3198 5415 3455 5470 Mittebar
3482 5414 3645 5485 igitvr

2052 5511 2256 5582 partim
2312 5526 2439 5565 cum
2482 5524 2550 5564 eo
2603 5508 2871 5574 militans,
2918 5518 2975 5564 et
3009 5509 3073 5563 ad
3108 5508 3476 5579 imperatorTae
3512 5507 3646 5561 artis

2053 5605 2448 5660 documentum
2513 5601 2735 5671 aliquod
2788 5600 3235 5672 promovendus,
3293 5607 3354 5654 ut
3409 5598 3646 5669 cquulus

2057 5695 2246 5758 matri,
2307 5695 2374 5748 ad
2432 5695 2694 5764 praeclara
2742 5698 2864 5762 ejus
2906 5700 3291 5766 stratagcmata
3349 5692 3643 5745 assiliens:

2057 5789 2112 5845 id
2176 5787 2325 5843 enim
2400 5788 2679 5859 prtrcipuc
2738 5788 3022 5860 Augustus
3084 5786 3409 5858 spectabat:
3445 5782 3644 5857 partim
