  <div class='ocr_page' id='page_1' title='image "/cluster/home/n/w/nwhite01/storage/ocr_20150623/115:no.2/coo.31924054870195/143.png"; bbox 0 0 4010 6492; ppageno 0'>
   <div class='ocr_carea' id='block_1_1' title="bbox 400 372 494 436">
    <p class='ocr_par' dir='ltr' id='par_1_1' title="bbox 400 372 494 436">
     <span class='ocr_line' id='line_1_1' title="bbox 400 372 494 436; baseline 0 -1"><span class='ocrx_word' id='word_1_1' title='bbox 400 372 494 436; x_wconf 71' lang='grc' dir='ltr'><strong>ὶἸΙ</strong></span> 
     </span>
    </p>
   </div>
   <div class='ocr_carea' id='block_1_2' title="bbox 1764 358 2382 424">
    <p class='ocr_par' dir='ltr' id='par_1_2' title="bbox 1764 358 2382 424">
     <span class='ocr_line' id='line_1_2' title="bbox 1764 358 2382 424; baseline -0.01 0"><span class='ocrx_word' id='word_1_2' title='bbox 1764 362 2048 424; x_wconf 67' lang='grc' dir='ltr'><strong>ΜΕΝΜΞ</strong></span> <span class='ocrx_word' id='word_1_3' title='bbox 2079 358 2382 423; x_wconf 81' lang='lat' dir='ltr'><strong>JUNIUS.</strong></span> 
     </span>
    </p>
   </div>
   <div class='ocr_carea' id='block_1_3' title="bbox 3586 348 3666 412">
    <p class='ocr_par' dir='ltr' id='par_1_3' title="bbox 3586 348 3666 412">
     <span class='ocr_line' id='line_1_3' title="bbox 3586 348 3666 412; baseline -0.013 0"><span class='ocrx_word' id='word_1_4' title='bbox 3586 348 3666 412; x_wconf 67' lang='lat'><strong>‘72</strong></span> 
     </span>
    </p>
   </div>
   <div class='ocr_carea' id='block_1_4' title="bbox 399 462 3681 549">
    <p class='ocr_par' dir='ltr' id='par_1_4' title="bbox 399 462 3681 549">
     <span class='ocr_line' id='line_1_4' title="bbox 399 462 3681 549; baseline -0.007 -6"><span class='ocrx_word' id='word_1_5' title='bbox 399 498 461 543; x_wconf 90' lang='lat' dir='ltr'><strong>ut</strong></span> <span class='ocrx_word' id='word_1_6' title='bbox 513 486 579 542; x_wconf 72' lang='lat' dir='ltr'><strong>ad</strong></span> <span class='ocrx_word' id='word_1_7' title='bbox 636 481 848 540; x_wconf 77' lang='lat' dir='ltr'><strong>Arabas</strong></span> <span class='ocrx_word' id='word_1_8' title='bbox 887 479 1105 537; x_wconf 83' lang='lat' dir='ltr'><strong>Cretam</strong></span> <span class='ocrx_word' id='word_1_9' title='bbox 1157 479 1472 534; x_wconf 80' lang='lat' dir='ltr'><strong>obtinentes</strong></span> <span class='ocrx_word' id='word_1_10' title='bbox 1526 474 1801 549; x_wconf 74' lang='lat' dir='ltr'><strong>legatione</strong></span> <span class='ocrx_word' id='word_1_11' title='bbox 1857 475 1982 532; x_wconf 65' lang='lat' dir='ltr'><strong>fano</strong></span> <span class='ocrx_word' id='word_1_12' title='bbox 2008 486 2054 540; x_wconf 79' lang='grc' dir='ltr'><strong>Α</strong></span> <span class='ocrx_word' id='word_1_13' title='bbox 2084 472 2336 546; x_wconf 84' lang='lat' dir='ltr'><strong>(ingenii)</strong></span> <span class='ocrx_word' id='word_1_14' title='bbox 2375 467 2837 539; x_wconf 80' lang='lat' dir='ltr'><strong>incomparabiles</strong></span> <span class='ocrx_word' id='word_1_15' title='bbox 2867 463 3055 522; x_wconf 88' lang='lat' dir='ltr'><strong>statim</strong></span> <span class='ocrx_word' id='word_1_16' title='bbox 3099 471 3155 521; x_wconf 86' lang='lat' dir='ltr'><strong>et</strong></span> <span class='ocrx_word' id='word_1_17' title='bbox 3194 479 3225 519; x_wconf 86' lang='lat' dir='ltr'><strong>a</strong></span> <span class='ocrx_word' id='word_1_18' title='bbox 3262 462 3468 535; x_wconf 86' lang='lat' dir='ltr'><strong>primo,</strong></span> <span class='ocrx_word' id='word_1_19' title='bbox 3501 471 3563 519; x_wconf 87' lang='grc' dir='ltr'><strong>ιιι</strong></span> <span class='ocrx_word' id='word_1_20' title='bbox 3592 477 3681 520; x_wconf 87' lang='lat' dir='ltr'><strong>se-</strong></span> 
     </span>
    </p>
   </div>
   <div class='ocr_carea' id='block_1_5' title="bbox 397 594 1983 735">
    <p class='ocr_par' dir='ltr' id='par_1_5' title="bbox 397 594 1983 735">
     <span class='ocr_line' id='line_1_5' title="bbox 397 594 1983 735; baseline -0.008 -7"><span class='ocrx_word' id='word_1_21' title='bbox 397 594 641 728; x_wconf 51' lang='lat' dir='ltr'><strong>segriix’</strong></span> <span class='ocrx_word' id='word_1_22' title='bbox 685 668 772 724; x_wconf 89' lang='lat' dir='ltr'><strong>his</strong></span> <span class='ocrx_word' id='word_1_23' title='bbox 813 666 981 723; x_wconf 81' lang='lat' dir='ltr'><strong>infert</strong></span> <span class='ocrx_word' id='word_1_24' title='bbox 1028 664 1328 721; x_wconf 87' lang='lat' dir='ltr'><strong>Bollandus</strong></span> <span class='ocrx_word' id='word_1_25' title='bbox 1372 672 1580 731; x_wconf 90' lang='lat' dir='ltr'><strong>noster,</strong></span> <span class='ocrx_word' id='word_1_26' title='bbox 1626 662 1683 718; x_wconf 90' lang='lat' dir='ltr'><strong>in</strong></span> <span class='ocrx_word' id='word_1_27' title='bbox 1725 661 1983 735; x_wconf 72' lang='lat' dir='ltr'><strong>pmdicla</strong></span> 
     </span>
    </p>
   </div>
   <div class='ocr_carea' id='block_1_6' title="bbox 402 753 1986 833">
    <p class='ocr_par' dir='ltr' id='par_1_6' title="bbox 402 753 1986 833">
     <span class='ocr_line' id='line_1_6' title="bbox 402 753 1986 833; baseline -0.007 -14"><span class='ocrx_word' id='word_1_28' title='bbox 402 762 745 833; x_wconf 62' lang='lat' dir='ltr'><strong>praefatione,</strong></span> <span class='ocrx_word' id='word_1_29' title='bbox 801 757 1227 828; x_wconf 79' lang='lat' dir='ltr'><strong>Metaphrastem</strong></span> <span class='ocrx_word' id='word_1_30' title='bbox 1277 755 1332 812; x_wconf 90' lang='lat' dir='ltr'><strong>id</strong></span> <span class='ocrx_word' id='word_1_31' title='bbox 1380 755 1642 827; x_wconf 86' lang='lat' dir='ltr'><strong>temporis</strong></span> <span class='ocrx_word' id='word_1_32' title='bbox 1686 770 1793 809; x_wconf 90' lang='lat' dir='ltr'><strong>non</strong></span> <span class='ocrx_word' id='word_1_33' title='bbox 1844 753 1986 810; x_wconf 89' lang='lat' dir='ltr'><strong>adeo</strong></span> 
     </span>
    </p>
   </div>
   <div class='ocr_carea' id='block_1_7' title="bbox 399 845 1986 921">
    <p class='ocr_par' dir='ltr' id='par_1_7' title="bbox 399 845 1986 921">
     <span class='ocr_line' id='line_1_7' title="bbox 399 845 1986 921; baseline -0.007 -10"><span class='ocrx_word' id='word_1_34' title='bbox 399 854 573 911; x_wconf 84' lang='lat' dir='ltr'><strong>fuisse</strong></span> <span class='ocrx_word' id='word_1_35' title='bbox 605 862 737 908; x_wconf 88' lang='lat' dir='ltr'><strong>natu</strong></span> <span class='ocrx_word' id='word_1_36' title='bbox 772 858 1119 921; x_wconf 83' lang='lat' dir='ltr'><strong>provectum,</strong></span> <span class='ocrx_word' id='word_1_37' title='bbox 1152 857 1211 904; x_wconf 94' lang='lat' dir='ltr'><strong>ut</strong></span> <span class='ocrx_word' id='word_1_38' title='bbox 1240 847 1337 920; x_wconf 88' lang='lat' dir='ltr'><strong>qui</strong></span> <span class='ocrx_word' id='word_1_39' title='bbox 1372 846 1742 920; x_wconf 74' lang='lat' dir='ltr'><strong>imperatoriae</strong></span> <span class='ocrx_word' id='word_1_40' title='bbox 1762 845 1986 902; x_wconf 87' lang='lat' dir='ltr'><strong>virtutis</strong></span> 
     </span>
    </p>
   </div>
   <div class='ocr_carea' id='block_1_8' title="bbox 406 938 1988 1013">
    <p class='ocr_par' dir='ltr' id='par_1_8' title="bbox 406 938 1988 1013">
     <span class='ocr_line' id='line_1_8' title="bbox 406 938 1988 1013; baseline -0.006 -12"><span class='ocrx_word' id='word_1_41' title='bbox 406 944 727 1001; x_wconf 75' lang='lat' dir='ltr'><strong>tirocinium</strong></span> <span class='ocrx_word' id='word_1_42' title='bbox 752 956 956 1013; x_wconf 89' lang='lat' dir='ltr'><strong>ponere</strong></span> <span class='ocrx_word' id='word_1_43' title='bbox 978 940 1084 996; x_wconf 88' lang='lat' dir='ltr'><strong>sub</strong></span> <span class='ocrx_word' id='word_1_44' title='bbox 1115 948 1378 996; x_wconf 84' lang='lat' dir='ltr'><strong>veterano</strong></span> <span class='ocrx_word' id='word_1_45' title='bbox 1402 939 1876 1011; x_wconf 83' lang='lat' dir='ltr'><strong>ducejuberetur,</strong></span> <span class='ocrx_word' id='word_1_46' title='bbox 1904 938 1988 994; x_wconf 87' lang='lat' dir='ltr'><strong>ei-</strong></span> 
     </span>
    </p>
   </div>
   <div class='ocr_carea' id='block_1_9' title="bbox 400 1026 1987 1109">
    <p class='ocr_par' dir='ltr' id='par_1_9' title="bbox 400 1026 1987 1109">
     <span class='ocr_line' id='line_1_9' title="bbox 400 1026 1987 1109; baseline -0.003 -20"><span class='ocrx_word' id='word_1_47' title='bbox 400 1051 507 1109; x_wconf 87' lang='lat' dir='ltr'><strong>que</strong></span> <span class='ocrx_word' id='word_1_48' title='bbox 538 1034 759 1089; x_wconf 89' lang='lat' dir='ltr'><strong>additus</strong></span> <span class='ocrx_word' id='word_1_49' title='bbox 789 1032 955 1088; x_wconf 89' lang='lat' dir='ltr'><strong>fuerit</strong></span> <span class='ocrx_word' id='word_1_50' title='bbox 979 1026 1067 1086; x_wconf 77' lang='grc' dir='ltr'><strong>οἷα</strong></span> <span class='ocrx_word' id='word_1_51' title='bbox 1092 1032 1269 1094; x_wconf 84' lang='grc' dir='ltr'>πῶλος</span> <span class='ocrx_word' id='word_1_52' title='bbox 1310 1031 1501 1103; x_wconf 77' lang='grc' dir='ltr'><strong>μητρί,</strong></span> <span class='ocrx_word' id='word_1_53' title='bbox 1530 1049 1548 1083; x_wconf 83' lang='grc' dir='ltr'><strong>ι</strong></span> <span class='ocrx_word' id='word_1_54' title='bbox 1575 1031 1725 1087; x_wconf 81' lang='lat' dir='ltr'><strong>velut</strong></span> <span class='ocrx_word' id='word_1_55' title='bbox 1748 1030 1987 1101; x_wconf 89' lang='lat' dir='ltr'><strong>equulus</strong></span> 
     </span>
    </p>
   </div>
   <div class='ocr_carea' id='block_1_10' title="bbox 403 1125 1984 1197">
    <p class='ocr_par' dir='ltr' id='par_1_10' title="bbox 403 1125 1984 1197">
     <span class='ocr_line' id='line_1_10' title="bbox 403 1125 1984 1197; baseline -0.004 -14"><span class='ocrx_word' id='word_1_56' title='bbox 403 1129 589 1191; x_wconf 81' lang='lat' dir='ltr'><strong>matri,</strong></span> <span class='ocrx_word' id='word_1_57' title='bbox 628 1145 648 1179; x_wconf 75' lang='grc' dir='ltr'><strong>ι</strong></span> <span class='ocrx_word' id='word_1_58' title='bbox 689 1130 977 1197; x_wconf 89' lang='lat' dir='ltr'><strong>solumque</strong></span> <span class='ocrx_word' id='word_1_59' title='bbox 1018 1127 1069 1181; x_wconf 89' lang='lat' dir='ltr'><strong>ei</strong></span> <span class='ocrx_word' id='word_1_60' title='bbox 1120 1125 1315 1180; x_wconf 86' lang='lat' dir='ltr'><strong>tribuit</strong></span> <span class='ocrx_word' id='word_1_61' title='bbox 1360 1140 1428 1179; x_wconf 76' lang='lat' dir='ltr'><strong>xx</strong></span> <span class='ocrx_word' id='word_1_62' title='bbox 1459 1138 1530 1179; x_wconf 91' lang='lat' dir='ltr'><strong>ou</strong></span> <span class='ocrx_word' id='word_1_63' title='bbox 1566 1139 1673 1179; x_wconf 78' lang='lat' dir='ltr'><strong>sm</strong></span> <span class='ocrx_word' id='word_1_64' title='bbox 1712 1138 1984 1180; x_wconf 88' lang='lat' dir='ltr'><strong>annorum</strong></span> 
     </span>
    </p>
   </div>
   <div class='ocr_carea' id='block_1_11' title="bbox 402 1214 1987 1276">
    <p class='ocr_par' dir='ltr' id='par_1_11' title="bbox 402 1214 1987 1276">
     <span class='ocr_line' id='line_1_11' title="bbox 402 1214 1987 1276; baseline -0.003 -2"><span class='ocrx_word' id='word_1_65' title='bbox 402 1229 642 1276; x_wconf 66' lang='lat' dir='ltr'><strong>aetatem.</strong></span> <span class='ocrx_word' id='word_1_66' title='bbox 677 1218 914 1273; x_wconf 86' lang='lat' dir='ltr'><strong>Allatius</strong></span> <span class='ocrx_word' id='word_1_67' title='bbox 948 1232 1082 1272; x_wconf 90' lang='lat' dir='ltr'><strong>vero</strong></span> <span class='ocrx_word' id='word_1_68' title='bbox 1112 1216 1255 1272; x_wconf 87' lang='lat' dir='ltr'><strong>hanc</strong></span> <span class='ocrx_word' id='word_1_69' title='bbox 1296 1216 1716 1273; x_wconf 80' lang='lat' dir='ltr'><strong>similitudinem</strong></span> <span class='ocrx_word' id='word_1_70' title='bbox 1754 1230 1866 1270; x_wconf 91' lang='lat' dir='ltr'><strong>non</strong></span> <span class='ocrx_word' id='word_1_71' title='bbox 1917 1214 1987 1269; x_wconf 92' lang='lat' dir='ltr'><strong>ad</strong></span> 
     </span>
    </p>
   </div>
   <div class='ocr_carea' id='block_1_12' title="bbox 400 1308 1988 1379">
    <p class='ocr_par' dir='ltr' id='par_1_12' title="bbox 400 1308 1988 1379">
     <span class='ocr_line' id='line_1_12' title="bbox 400 1308 1988 1379; baseline -0.001 -12"><span class='ocrx_word' id='word_1_72' title='bbox 400 1320 644 1372; x_wconf 66' lang='lat' dir='ltr'><strong>aetatem,</strong></span> <span class='ocrx_word' id='word_1_73' title='bbox 679 1310 772 1364; x_wconf 90' lang='lat' dir='ltr'><strong>sed</strong></span> <span class='ocrx_word' id='word_1_74' title='bbox 802 1309 869 1363; x_wconf 90' lang='lat' dir='ltr'><strong>ad</strong></span> <span class='ocrx_word' id='word_1_75' title='bbox 911 1308 1250 1365; x_wconf 83' lang='lat' dir='ltr'><strong>docilitatem</strong></span> <span class='ocrx_word' id='word_1_76' title='bbox 1284 1319 1343 1365; x_wconf 91' lang='lat' dir='ltr'><strong>et</strong></span> <span class='ocrx_word' id='word_1_77' title='bbox 1365 1308 1714 1379; x_wconf 87' lang='lat' dir='ltr'><strong>disciplinam</strong></span> <span class='ocrx_word' id='word_1_78' title='bbox 1741 1308 1988 1365; x_wconf 76' lang='lat' dir='ltr'><strong>referens</strong></span> 
     </span>
    </p>
   </div>
   <div class='ocr_carea' id='block_1_13' title="bbox 401 1401 1988 1473">
    <p class='ocr_par' dir='ltr' id='par_1_13' title="bbox 401 1401 1988 1473">
     <span class='ocr_line' id='line_1_13' title="bbox 401 1401 1988 1473; baseline -0.002 -15"><span class='ocrx_word' id='word_1_79' title='bbox 401 1418 469 1458; x_wconf 78' lang='lat' dir='ltr'><strong>ex</strong></span> <span class='ocrx_word' id='word_1_80' title='bbox 499 1402 708 1458; x_wconf 89' lang='lat' dir='ltr'><strong>ultimis</strong></span> <span class='ocrx_word' id='word_1_81' title='bbox 740 1402 946 1467; x_wconf 84' lang='lat' dir='ltr'><strong>verbis,</strong></span> <span class='ocrx_word' id='word_1_82' title='bbox 972 1401 1132 1456; x_wconf 81' lang='grc' dir='ltr'>τοῦτο</span> <span class='ocrx_word' id='word_1_83' title='bbox 1154 1402 1212 1456; x_wconf 70' lang='grc' dir='ltr'><strong>δὲ</strong></span> <span class='ocrx_word' id='word_1_84' title='bbox 1240 1402 1678 1472; x_wconf 78' lang='grc' dir='ltr'><strong>πρεσϐευόμενος</strong></span> <span class='ocrx_word' id='word_1_85' title='bbox 1702 1402 1837 1473; x_wconf 66' lang='grc' dir='ltr'><strong>πρὸς</strong></span> <span class='ocrx_word' id='word_1_86' title='bbox 1860 1403 1988 1464; x_wconf 77' lang='grc' dir='ltr'><strong>τοὺς</strong></span> 
     </span>
    </p>
   </div>
   <div class='ocr_carea' id='block_1_14' title="bbox 399 1491 1988 1563">
    <p class='ocr_par' dir='ltr' id='par_1_14' title="bbox 399 1491 1988 1563">
     <span class='ocr_line' id='line_1_14' title="bbox 399 1491 1988 1563; baseline 0.001 -18"><span class='ocrx_word' id='word_1_87' title='bbox 399 1493 501 1562; x_wconf 70' lang='grc' dir='ltr'><strong>τὴν</strong></span> <span class='ocrx_word' id='word_1_88' title='bbox 521 1493 746 1563; x_wconf 78' lang='grc' dir='ltr'><strong>Κρήτην</strong></span> <span class='ocrx_word' id='word_1_89' title='bbox 765 1491 986 1562; x_wconf 77' lang='grc' dir='ltr'><strong>ἔχοντας</strong></span> <span class='ocrx_word' id='word_1_90' title='bbox 1005 1494 1071 1546; x_wconf 79' lang='grc' dir='ltr'><strong>’Δ</strong></span> <span class='ocrx_word' id='word_1_91' title='bbox 1082 1491 1275 1563; x_wconf 77' lang='grc' dir='ltr'>ρασας,</span> <span class='ocrx_word' id='word_1_92' title='bbox 1334 1510 1353 1545; x_wconf 81' lang='grc' dir='ltr'><strong>ι</strong></span> <span class='ocrx_word' id='word_1_93' title='bbox 1393 1493 1593 1563; x_wconf 84' lang='lat' dir='ltr'><strong>partim</strong></span> <span class='ocrx_word' id='word_1_94' title='bbox 1614 1502 1672 1547; x_wconf 92' lang='lat' dir='ltr'><strong>ut</strong></span> <span class='ocrx_word' id='word_1_95' title='bbox 1694 1492 1760 1547; x_wconf 89' lang='lat' dir='ltr'><strong>ad</strong></span> <span class='ocrx_word' id='word_1_96' title='bbox 1780 1492 1988 1547; x_wconf 77' lang='lat' dir='ltr'><strong>Arabas</strong></span> 
     </span>
    </p>
   </div>
   <div class='ocr_carea' id='block_1_15' title="bbox 400 1585 1983 1658">
    <p class='ocr_par' dir='ltr' id='par_1_15' title="bbox 400 1585 1983 1658">
     <span class='ocr_line' id='line_1_15' title="bbox 400 1585 1983 1658; baseline -0.002 -16"><span class='ocrx_word' id='word_1_97' title='bbox 400 1585 623 1642; x_wconf 83' lang='lat' dir='ltr'><strong>Cretam</strong></span> <span class='ocrx_word' id='word_1_98' title='bbox 655 1585 974 1642; x_wconf 81' lang='lat' dir='ltr'><strong>obtinentes</strong></span> <span class='ocrx_word' id='word_1_99' title='bbox 998 1586 1269 1657; x_wconf 79' lang='lat' dir='ltr'><strong>legatione</strong></span> <span class='ocrx_word' id='word_1_100' title='bbox 1300 1586 1578 1658; x_wconf 85' lang='lat' dir='ltr'><strong>fungerer,</strong></span> <span class='ocrx_word' id='word_1_101' title='bbox 1626 1604 1643 1637; x_wconf 76' lang='grc' dir='ltr'><strong>ι</strong></span> <span class='ocrx_word' id='word_1_102' title='bbox 1676 1585 1983 1650; x_wconf 86' lang='lat' dir='ltr'><strong>concludit,</strong></span> 
     </span>
    </p>
   </div>
   <div class='ocr_carea' id='block_1_16' title="bbox 403 1676 1985 1749">
    <p class='ocr_par' dir='ltr' id='par_1_16' title="bbox 403 1676 1985 1749">
     <span class='ocr_line' id='line_1_16' title="bbox 403 1676 1985 1749; baseline 0.001 -17"><span class='ocrx_word' id='word_1_103' title='bbox 403 1688 468 1732; x_wconf 84' lang='lat' dir='ltr'><strong>ea</strong></span> <span class='ocrx_word' id='word_1_104' title='bbox 496 1676 554 1733; x_wconf 86' lang='lat' dir='ltr'><strong>in</strong></span> <span class='ocrx_word' id='word_1_105' title='bbox 585 1677 938 1748; x_wconf 79' lang='lat' dir='ltr'><strong>expeditione</strong></span> <span class='ocrx_word' id='word_1_106' title='bbox 969 1677 1390 1749; x_wconf 70' lang='lat' dir='ltr'><strong>hletaphrastem</strong></span> <span class='ocrx_word' id='word_1_107' title='bbox 1420 1678 1784 1747; x_wconf 83' lang='lat' dir='ltr'><strong>provectioris</strong></span> <span class='ocrx_word' id='word_1_108' title='bbox 1805 1678 1985 1733; x_wconf 67' lang='lat' dir='ltr'><strong>aetatis</strong></span> 
     </span>
    </p>
   </div>
   <div class='ocr_carea' id='block_1_17' title="bbox 403 1764 1985 1838">
    <p class='ocr_par' dir='ltr' id='par_1_17' title="bbox 403 1764 1985 1838">
     <span class='ocr_line' id='line_1_17' title="bbox 403 1764 1985 1838; baseline 0.001 -15"><span class='ocrx_word' id='word_1_109' title='bbox 403 1764 597 1828; x_wconf 86' lang='lat' dir='ltr'><strong>fuisse.</strong></span> <span class='ocrx_word' id='word_1_110' title='bbox 627 1783 749 1838; x_wconf 73' lang='lat' dir='ltr'><strong>qua:</strong></span> <span class='ocrx_word' id='word_1_111' title='bbox 778 1783 950 1838; x_wconf 70' lang='lat' dir='ltr'><strong>capax</strong></span> <span class='ocrx_word' id='word_1_112' title='bbox 969 1777 1118 1824; x_wconf 84' lang='lat' dir='ltr'><strong>esset</strong></span> <span class='ocrx_word' id='word_1_113' title='bbox 1141 1768 1480 1825; x_wconf 72' lang='lat' dir='ltr'><strong>sustinendae</strong></span> <span class='ocrx_word' id='word_1_114' title='bbox 1506 1769 1874 1834; x_wconf 81' lang='lat' dir='ltr'><strong>auctoritatis,</strong></span> <span class='ocrx_word' id='word_1_115' title='bbox 1899 1778 1985 1824; x_wconf 90' lang='lat' dir='ltr'><strong>at-</strong></span> 
     </span>
    </p>
   </div>
   <div class='ocr_carea' id='block_1_18' title="bbox 2089 554 3676 626">
    <p class='ocr_par' dir='ltr' id='par_1_18' title="bbox 2089 554 3676 626">
     <span class='ocr_line' id='line_1_18' title="bbox 2089 554 3676 626; baseline -0.004 -8"><span class='ocrx_word' id='word_1_116' title='bbox 2089 564 2196 619; x_wconf 89' lang='lat' dir='ltr'><strong>mel</strong></span> <span class='ocrx_word' id='word_1_117' title='bbox 2229 562 2433 625; x_wconf 90' lang='lat' dir='ltr'><strong>dicam,</strong></span> <span class='ocrx_word' id='word_1_118' title='bbox 2466 571 2617 623; x_wconf 87' lang='lat' dir='ltr'><strong>ortu,</strong></span> <span class='ocrx_word' id='word_1_119' title='bbox 2644 560 2810 613; x_wconf 85' lang='lat' dir='ltr'><strong>etiam</strong></span> <span class='ocrx_word' id='word_1_120' title='bbox 2832 555 3067 612; x_wconf 80' lang='lat' dir='ltr'><strong>ﬂorente</strong></span> <span class='ocrx_word' id='word_1_121' title='bbox 3091 555 3292 626; x_wconf 80' lang='lat' dir='ltr'><strong>capillo</strong></span> <span class='ocrx_word' id='word_1_122' title='bbox 3315 554 3676 620; x_wconf 76' lang='lat' dir='ltr'><strong>OStendebat;</strong></span> 
     </span>
    </p>
   </div>
   <div class='ocr_carea' id='block_1_19' title="bbox 2088 648 3682 724">
    <p class='ocr_par' dir='ltr' id='par_1_19' title="bbox 2088 648 3682 724">
     <span class='ocr_line' id='line_1_19' title="bbox 2088 648 3682 724; baseline -0.006 -13"><span class='ocrx_word' id='word_1_123' title='bbox 2088 673 2198 711; x_wconf 90' lang='lat' dir='ltr'><strong>non</strong></span> <span class='ocrx_word' id='word_1_124' title='bbox 2228 670 2391 710; x_wconf 89' lang='lat' dir='ltr'><strong>secus</strong></span> <span class='ocrx_word' id='word_1_125' title='bbox 2425 664 2590 724; x_wconf 87' lang='lat' dir='ltr'><strong>atque</strong></span> <span class='ocrx_word' id='word_1_126' title='bbox 2626 653 2849 706; x_wconf 89' lang='lat' dir='ltr'><strong>leonum</strong></span> <span class='ocrx_word' id='word_1_127' title='bbox 2886 649 3055 706; x_wconf 88' lang='lat' dir='ltr'><strong>catuli</strong></span> <span class='ocrx_word' id='word_1_128' title='bbox 3088 648 3390 704; x_wconf 78' lang='lat' dir='ltr'><strong>OStendunt</strong></span> <span class='ocrx_word' id='word_1_129' title='bbox 3429 649 3682 719; x_wconf 83' lang='lat' dir='ltr'><strong>protinus</strong></span> 
     </span>
    </p>
   </div>
   <div class='ocr_carea' id='block_1_20' title="bbox 2088 738 3681 820">
    <p class='ocr_par' dir='ltr' id='par_1_20' title="bbox 2088 738 3681 820">
     <span class='ocr_line' id='line_1_20' title="bbox 2088 738 3681 820; baseline -0.007 -15"><span class='ocrx_word' id='word_1_130' title='bbox 2088 748 2450 820; x_wconf 84' lang='lat' dir='ltr'><strong>supercilium</strong></span> <span class='ocrx_word' id='word_1_131' title='bbox 2492 756 2549 801; x_wconf 89' lang='lat' dir='ltr'><strong>et</strong></span> <span class='ocrx_word' id='word_1_132' title='bbox 2598 746 2825 801; x_wconf 86' lang='lat' dir='ltr'><strong>densam</strong></span> <span class='ocrx_word' id='word_1_133' title='bbox 2861 740 2989 799; x_wconf 84' lang='lat' dir='ltr'><strong>colli</strong></span> <span class='ocrx_word' id='word_1_134' title='bbox 3017 742 3230 814; x_wconf 86' lang='lat' dir='ltr'><strong>jubam.</strong></span> <span class='ocrx_word' id='word_1_135' title='bbox 3264 740 3483 796; x_wconf 82' lang='lat' dir='ltr'><strong>Etenim</strong></span> <span class='ocrx_word' id='word_1_136' title='bbox 3515 738 3681 795; x_wconf 78' lang='lat' dir='ltr'><strong>ﬂores</strong></span> 
     </span>
    </p>
   </div>
   <div class='ocr_carea' id='block_1_21' title="bbox 2088 829 3684 913">
    <p class='ocr_par' dir='ltr' id='par_1_21' title="bbox 2088 829 3684 913">
     <span class='ocr_line' id='line_1_21' title="bbox 2088 829 3684 913; baseline -0.008 -17"><span class='ocrx_word' id='word_1_137' title='bbox 2088 840 2439 913; x_wconf 89' lang='lat' dir='ltr'><strong>pullulabant</strong></span> <span class='ocrx_word' id='word_1_138' title='bbox 2499 835 2916 905; x_wconf 56' lang='lat' dir='ltr'><strong>intelligentiae,</strong></span> <span class='ocrx_word' id='word_1_139' title='bbox 2971 841 3027 888; x_wconf 91' lang='lat' dir='ltr'><strong>et</strong></span> <span class='ocrx_word' id='word_1_140' title='bbox 3077 831 3319 887; x_wconf 84' lang='lat' dir='ltr'><strong>habebat</strong></span> <span class='ocrx_word' id='word_1_141' title='bbox 3374 829 3684 901; x_wconf 69' lang='lat' dir='ltr'><strong>prudentia:</strong></span> 
     </span>
    </p>
   </div>
   <div class='ocr_carea' id='block_1_22' title="bbox 2088 918 3681 1005">
    <p class='ocr_par' dir='ltr' id='par_1_22' title="bbox 2088 918 3681 1005">
     <span class='ocr_line' id='line_1_22' title="bbox 2088 918 3681 1005; baseline -0.008 -18"><span class='ocrx_word' id='word_1_142' title='bbox 2088 930 2421 1005; x_wconf 78' lang='lat' dir='ltr'><strong>profundam</strong></span> <span class='ocrx_word' id='word_1_143' title='bbox 2448 928 2743 1000; x_wconf 83' lang='lat' dir='ltr'><strong>quamdam</strong></span> <span class='ocrx_word' id='word_1_144' title='bbox 2781 925 3046 990; x_wconf 86' lang='lat' dir='ltr'><strong>radicem,</strong></span> <span class='ocrx_word' id='word_1_145' title='bbox 3087 924 3328 993; x_wconf 83' lang='lat' dir='ltr'><strong>quodam</strong></span> <span class='ocrx_word' id='word_1_146' title='bbox 3361 918 3681 976; x_wconf 86' lang='lat' dir='ltr'><strong>admirabili</strong></span> 
     </span>
    </p>
   </div>
   <div class='ocr_carea' id='block_1_23' title="bbox 2088 1014 3686 1096">
    <p class='ocr_par' dir='ltr' id='par_1_23' title="bbox 2088 1014 3686 1096">
     <span class='ocr_line' id='line_1_23' title="bbox 2088 1014 3686 1096; baseline -0.01 -15"><span class='ocrx_word' id='word_1_147' title='bbox 2088 1024 2299 1096; x_wconf 77' lang='lat' dir='ltr'><strong>fulgore</strong></span> <span class='ocrx_word' id='word_1_148' title='bbox 2323 1038 2479 1078; x_wconf 84' lang='lat' dir='ltr'><strong>mens</strong></span> <span class='ocrx_word' id='word_1_149' title='bbox 2498 1020 2757 1076; x_wconf 82' lang='lat' dir='ltr'><strong>micabat.</strong></span> <span class='ocrx_word' id='word_1_150' title='bbox 2784 1018 2911 1073; x_wconf 66' lang='lat' dir='ltr'><strong>Haec</strong></span> <span class='ocrx_word' id='word_1_151' title='bbox 2938 1017 3061 1072; x_wconf 88' lang='lat' dir='ltr'><strong>aliis</strong></span> <span class='ocrx_word' id='word_1_152' title='bbox 3082 1016 3306 1086; x_wconf 86' lang='lat' dir='ltr'><strong>quidem</strong></span> <span class='ocrx_word' id='word_1_153' title='bbox 3329 1014 3686 1069; x_wconf 77' lang='lat' dir='ltr'><strong>suffecissent</strong></span> 
     </span>
    </p>
   </div>
   <div class='ocr_carea' id='block_1_24' title="bbox 2088 1105 3686 1187">
    <p class='ocr_par' dir='ltr' id='par_1_24' title="bbox 2088 1105 3686 1187">
     <span class='ocr_line' id='line_1_24' title="bbox 2088 1105 3686 1187; baseline -0.009 -16"><span class='ocrx_word' id='word_1_154' title='bbox 2088 1116 2156 1171; x_wconf 84' lang='lat' dir='ltr'><strong>ad</strong></span> <span class='ocrx_word' id='word_1_155' title='bbox 2216 1114 2650 1187; x_wconf 88' lang='lat' dir='ltr'><strong>perfectionem;</strong></span> <span class='ocrx_word' id='word_1_156' title='bbox 2701 1110 2756 1164; x_wconf 89' lang='lat' dir='ltr'><strong>in</strong></span> <span class='ocrx_word' id='word_1_157' title='bbox 2833 1108 2929 1163; x_wconf 91' lang='lat' dir='ltr'><strong>illo</strong></span> <span class='ocrx_word' id='word_1_158' title='bbox 2981 1115 3167 1165; x_wconf 88' lang='lat' dir='ltr'><strong>autem</strong></span> <span class='ocrx_word' id='word_1_159' title='bbox 3236 1105 3686 1177; x_wconf 83' lang='lat' dir='ltr'><strong>agnoscebantur</strong></span> 
     </span>
    </p>
   </div>
   <div class='ocr_carea' id='block_1_25' title="bbox 2087 1194 3687 1275">
    <p class='ocr_par' dir='ltr' id='par_1_25' title="bbox 2087 1194 3687 1275">
     <span class='ocr_line' id='line_1_25' title="bbox 2087 1194 3687 1275; baseline -0.006 -16"><span class='ocrx_word' id='word_1_160' title='bbox 2087 1206 2258 1261; x_wconf 85' lang='lat' dir='ltr'><strong>veluti</strong></span> <span class='ocrx_word' id='word_1_161' title='bbox 2289 1203 2536 1275; x_wconf 74' lang='lat' dir='ltr'><strong>quaedam</strong></span> <span class='ocrx_word' id='word_1_162' title='bbox 2574 1202 2730 1272; x_wconf 85' lang='lat' dir='ltr'><strong>prius</strong></span> <span class='ocrx_word' id='word_1_163' title='bbox 2764 1199 3057 1269; x_wconf 68' lang='lat' dir='ltr'><strong>descriptas</strong></span> <span class='ocrx_word' id='word_1_164' title='bbox 3085 1197 3295 1267; x_wconf 77' lang='lat' dir='ltr'><strong>ﬁgurae,</strong></span> <span class='ocrx_word' id='word_1_165' title='bbox 3328 1210 3453 1266; x_wconf 73' lang='lat' dir='ltr'><strong>quae</strong></span> <span class='ocrx_word' id='word_1_166' title='bbox 3480 1194 3687 1265; x_wconf 78' lang='lat' dir='ltr'><strong>&#39;perfe-</strong></span> 
     </span>
    </p>
   </div>
   <div class='ocr_carea' id='block_1_26' title="bbox 2088 1289 3686 1371">
    <p class='ocr_par' dir='ltr' id='par_1_26' title="bbox 2088 1289 3686 1371">
     <span class='ocr_line' id='line_1_26' title="bbox 2088 1289 3686 1371; baseline -0.008 -16"><span class='ocrx_word' id='word_1_167' title='bbox 2088 1309 2232 1355; x_wconf 90' lang='lat' dir='ltr'><strong>ctam</strong></span> <span class='ocrx_word' id='word_1_168' title='bbox 2262 1299 2383 1371; x_wconf 73' lang='lat' dir='ltr'><strong>eius</strong></span> <span class='ocrx_word' id='word_1_169' title='bbox 2432 1297 2674 1353; x_wconf 85' lang='lat' dir='ltr'><strong>indolem</strong></span> <span class='ocrx_word' id='word_1_170' title='bbox 2724 1293 3246 1366; x_wconf 70' lang='lat' dir='ltr'><strong>praesignificabant.</strong></span> <span class='ocrx_word' id='word_1_171' title='bbox 3277 1311 3297 1346; x_wconf 78' lang='grc' dir='ltr'><strong>ι</strong></span> <span class='ocrx_word' id='word_1_172' title='bbox 3354 1291 3498 1359; x_wconf 82' lang='lat' dir='ltr'><strong>Quid</strong></span> <span class='ocrx_word' id='word_1_173' title='bbox 3555 1289 3686 1344; x_wconf 89' lang='lat' dir='ltr'><strong>miri</strong></span> 
     </span>
    </p>
   </div>
   <div class='ocr_carea' id='block_1_27' title="bbox 2090 1381 3682 1462">
    <p class='ocr_par' dir='ltr' id='par_1_27' title="bbox 2090 1381 3682 1462">
     <span class='ocr_line' id='line_1_27' title="bbox 2090 1381 3682 1462; baseline -0.006 -17"><span class='ocrx_word' id='word_1_174' title='bbox 2090 1392 2281 1462; x_wconf 82' lang='lat' dir='ltr'><strong>igitur,</strong></span> <span class='ocrx_word' id='word_1_175' title='bbox 2306 1389 2352 1445; x_wconf 89' lang='lat' dir='ltr'><strong>si</strong></span> <span class='ocrx_word' id='word_1_176' title='bbox 2380 1388 2780 1459; x_wconf 77' lang='lat' dir='ltr'><strong>Metaphrastes</strong></span> <span class='ocrx_word' id='word_1_177' title='bbox 2809 1385 2866 1441; x_wconf 91' lang='lat' dir='ltr'><strong>id</strong></span> <span class='ocrx_word' id='word_1_178' title='bbox 2898 1384 3164 1456; x_wconf 90' lang='lat' dir='ltr'><strong>temporis</strong></span> <span class='ocrx_word' id='word_1_179' title='bbox 3187 1384 3465 1455; x_wconf 78' lang='lat' dir='ltr'><strong>legatione</strong></span> <span class='ocrx_word' id='word_1_180' title='bbox 3491 1381 3682 1451; x_wconf 88' lang='lat' dir='ltr'><strong>aliqua</strong></span> 
     </span>
    </p>
   </div>
   <div class='ocr_carea' id='block_1_28' title="bbox 2093 1475 3687 1554">
    <p class='ocr_par' dir='ltr' id='par_1_28' title="bbox 2093 1475 3687 1554">
     <span class='ocr_line' id='line_1_28' title="bbox 2093 1475 3687 1554; baseline -0.006 -17"><span class='ocrx_word' id='word_1_181' title='bbox 2093 1484 2414 1554; x_wconf 87' lang='lat' dir='ltr'><strong>perfunctus</strong></span> <span class='ocrx_word' id='word_1_182' title='bbox 2464 1480 2654 1545; x_wconf 82' lang='lat' dir='ltr'><strong>fuerit,</strong></span> <span class='ocrx_word' id='word_1_183' title='bbox 2705 1477 3003 1549; x_wconf 86' lang='lat' dir='ltr'><strong>prudentia</strong></span> <span class='ocrx_word' id='word_1_184' title='bbox 3058 1475 3233 1547; x_wconf 85' lang='lat' dir='ltr'><strong>magis</strong></span> <span class='ocrx_word' id='word_1_185' title='bbox 3301 1489 3463 1544; x_wconf 87' lang='lat' dir='ltr'><strong>quam</strong></span> <span class='ocrx_word' id='word_1_186' title='bbox 3519 1480 3687 1528; x_wconf 58' lang='lat' dir='ltr'><strong>astate</strong></span> 
     </span>
    </p>
   </div>
   <div class='ocr_carea' id='block_1_29' title="bbox 2090 1565 3692 1646">
    <p class='ocr_par' dir='ltr' id='par_1_29' title="bbox 2090 1565 3692 1646">
     <span class='ocr_line' id='line_1_29' title="bbox 2090 1565 3692 1646; baseline -0.007 -16"><span class='ocrx_word' id='word_1_187' title='bbox 2090 1572 2424 1646; x_wconf 87' lang='lat' dir='ltr'><strong>provectus?</strong></span> <span class='ocrx_word' id='word_1_188' title='bbox 2458 1572 2599 1628; x_wconf 86' lang='lat' dir='ltr'><strong>forte</strong></span> <span class='ocrx_word' id='word_1_189' title='bbox 2644 1571 2810 1627; x_wconf 89' lang='lat' dir='ltr'><strong>etiam</strong></span> <span class='ocrx_word' id='word_1_190' title='bbox 2839 1571 2965 1625; x_wconf 89' lang='lat' dir='ltr'><strong>aliis</strong></span> <span class='ocrx_word' id='word_1_191' title='bbox 3002 1568 3199 1639; x_wconf 86' lang='lat' dir='ltr'><strong>legatis</strong></span> <span class='ocrx_word' id='word_1_192' title='bbox 3236 1565 3554 1623; x_wconf 82' lang='lat' dir='ltr'><strong>senioribus</strong></span> <span class='ocrx_word' id='word_1_193' title='bbox 3585 1567 3692 1620; x_wconf 85' lang='lat' dir='ltr'><strong>ho-</strong></span> 
     </span>
    </p>
   </div>
   <div class='ocr_carea' id='block_1_30' title="bbox 2090 1656 3683 1732">
    <p class='ocr_par' dir='ltr' id='par_1_30' title="bbox 2090 1656 3683 1732">
     <span class='ocr_line' id='line_1_30' title="bbox 2090 1656 3683 1732; baseline -0.008 -9"><span class='ocrx_word' id='word_1_194' title='bbox 2090 1668 2249 1723; x_wconf 88' lang='lat' dir='ltr'><strong>noris</strong></span> <span class='ocrx_word' id='word_1_195' title='bbox 2276 1680 2442 1722; x_wconf 88' lang='lat' dir='ltr'><strong>causa</strong></span> <span class='ocrx_word' id='word_1_196' title='bbox 2468 1663 2714 1729; x_wconf 89' lang='lat' dir='ltr'><strong>additus,</strong></span> <span class='ocrx_word' id='word_1_197' title='bbox 2749 1672 2812 1717; x_wconf 90' lang='lat' dir='ltr'><strong>ut</strong></span> <span class='ocrx_word' id='word_1_198' title='bbox 2842 1658 3307 1732; x_wconf 75' lang='lat' dir='ltr'><strong>quemadmodum</strong></span> <span class='ocrx_word' id='word_1_199' title='bbox 3346 1659 3450 1713; x_wconf 89' lang='lat' dir='ltr'><strong>sub</strong></span> <span class='ocrx_word' id='word_1_200' title='bbox 3487 1656 3683 1711; x_wconf 89' lang='lat' dir='ltr'><strong>Hime-</strong></span> 
     </span>
    </p>
   </div>
   <div class='ocr_carea' id='block_1_31' title="bbox 2090 1749 3691 1819">
    <p class='ocr_par' dir='ltr' id='par_1_31' title="bbox 2090 1749 3691 1819">
     <span class='ocr_line' id='line_1_31' title="bbox 2090 1749 3691 1819; baseline -0.008 -2"><span class='ocrx_word' id='word_1_201' title='bbox 2090 1763 2178 1817; x_wconf 89' lang='lat' dir='ltr'><strong>rio</strong></span> <span class='ocrx_word' id='word_1_202' title='bbox 2203 1769 2475 1818; x_wconf 87' lang='lat' dir='ltr'><strong>veterano</strong></span> <span class='ocrx_word' id='word_1_203' title='bbox 2501 1756 2643 1812; x_wconf 88' lang='lat' dir='ltr'><strong>duce</strong></span> <span class='ocrx_word' id='word_1_204' title='bbox 2672 1755 2753 1810; x_wconf 85' lang='lat' dir='ltr'><strong>rei</strong></span> <span class='ocrx_word' id='word_1_205' title='bbox 2781 1753 3057 1818; x_wconf 87' lang='lat' dir='ltr'><strong>militaris,</strong></span> <span class='ocrx_word' id='word_1_206' title='bbox 3080 1753 3154 1807; x_wconf 85' lang='lat' dir='ltr'><strong>ita</strong></span> <span class='ocrx_word' id='word_1_207' title='bbox 3184 1750 3289 1806; x_wconf 90' lang='lat' dir='ltr'><strong>sub</strong></span> <span class='ocrx_word' id='word_1_208' title='bbox 3327 1750 3396 1805; x_wconf 90' lang='lat' dir='ltr'><strong>iis</strong></span> <span class='ocrx_word' id='word_1_209' title='bbox 3426 1750 3504 1805; x_wconf 90' lang='lat' dir='ltr'><strong>rei</strong></span> <span class='ocrx_word' id='word_1_210' title='bbox 3540 1749 3691 1819; x_wconf 81' lang='lat' dir='ltr'><strong>poli-</strong></span> 
     </span>
    </p>
   </div>
   <div class='ocr_carea' id='block_1_32' title="bbox 404 1833 3685 1933">
    <p class='ocr_par' dir='ltr' id='par_1_32' title="bbox 404 1833 3685 1933">
     <span class='ocr_line' id='line_1_32' title="bbox 404 1833 3685 1933; baseline -0.005 -19"><span class='ocrx_word' id='word_1_211' title='bbox 404 1873 515 1930; x_wconf 85' lang='lat' dir='ltr'><strong>que</strong></span> <span class='ocrx_word' id='word_1_212' title='bbox 558 1833 704 1915; x_wconf 78' lang='lat' dir='ltr'><strong>illius</strong></span> <span class='ocrx_word' id='word_1_213' title='bbox 748 1833 1073 1930; x_wconf 63' lang='lat' dir='ltr'><strong>prudentiae,</strong></span> <span class='ocrx_word' id='word_1_214' title='bbox 1128 1877 1251 1933; x_wconf 64' lang='lat' dir='ltr'><strong>qum</strong></span> <span class='ocrx_word' id='word_1_215' title='bbox 1303 1863 1358 1917; x_wconf 85' lang='lat' dir='ltr'><strong>in</strong></span> <span class='ocrx_word' id='word_1_216' title='bbox 1412 1862 1591 1933; x_wconf 77' lang='lat' dir='ltr'><strong>legato</strong></span> <span class='ocrx_word' id='word_1_217' title='bbox 1636 1862 1940 1931; x_wconf 78' lang='lat' dir='ltr'><strong>requiritur</strong></span> <span class='ocrx_word' id='word_1_218' title='bbox 1970 1877 1987 1915; x_wconf 74' lang='grc' dir='ltr'><strong><em>ε</em></strong></span> <span class='ocrx_word' id='word_1_219' title='bbox 2021 1833 2065 1891; x_wconf 73' lang='grc' dir='ltr'><strong><em>Β</em></strong></span> <span class='ocrx_word' id='word_1_220' title='bbox 2096 1854 2218 1909; x_wconf 69' lang='lat' dir='ltr'><strong>tieaa</strong></span> <span class='ocrx_word' id='word_1_221' title='bbox 2271 1852 2418 1907; x_wconf 87' lang='lat' dir='ltr'><strong>inter</strong></span> <span class='ocrx_word' id='word_1_222' title='bbox 2461 1860 2683 1906; x_wconf 85' lang='lat' dir='ltr'><strong>exteras</strong></span> <span class='ocrx_word' id='word_1_223' title='bbox 2717 1848 2970 1903; x_wconf 87' lang='lat' dir='ltr'><strong>nationes</strong></span> <span class='ocrx_word' id='word_1_224' title='bbox 3007 1846 3383 1900; x_wconf 88' lang='lat' dir='ltr'><strong>rudimentum</strong></span> <span class='ocrx_word' id='word_1_225' title='bbox 3429 1852 3685 1912; x_wconf 88' lang='lat' dir='ltr'><strong>poneret.</strong></span> 
     </span>
    </p>
   </div>
   <div class='ocr_carea' id='block_1_33' title="bbox 403 1952 1989 2019">
    <p class='ocr_par' dir='ltr' id='par_1_33' title="bbox 403 1952 1989 2019">
     <span class='ocr_line' id='line_1_33' title="bbox 403 1952 1989 2019; baseline 0.001 -13"><span class='ocrx_word' id='word_1_226' title='bbox 403 1963 578 2019; x_wconf 83' lang='lat' dir='ltr'><strong>quare</strong></span> <span class='ocrx_word' id='word_1_227' title='bbox 632 1965 809 2006; x_wconf 90' lang='lat' dir='ltr'><strong>annos</strong></span> <span class='ocrx_word' id='word_1_228' title='bbox 856 1967 944 2017; x_wconf 72' lang='grc' dir='ltr'>ιι,</span> <span class='ocrx_word' id='word_1_229' title='bbox 1003 1962 1101 2008; x_wconf 88' lang='lat' dir='ltr'><strong>aut</strong></span> <span class='ocrx_word' id='word_1_230' title='bbox 1141 1955 1428 2008; x_wconf 89' lang='lat' dir='ltr'><strong>minimum</strong></span> <span class='ocrx_word' id='word_1_231' title='bbox 1471 1968 1612 2007; x_wconf 74' lang='lat' dir='ltr'><strong>xxxv</strong></span> <span class='ocrx_word' id='word_1_232' title='bbox 1662 1954 1713 2007; x_wconf 92' lang='lat' dir='ltr'><strong>ei</strong></span> <span class='ocrx_word' id='word_1_233' title='bbox 1770 1952 1989 2009; x_wconf 87' lang='lat' dir='ltr'><strong>tribuit.</strong></span> 
     </span>
    </p>
   </div>
   <div class='ocr_carea' id='block_1_34' title="bbox 404 2039 1987 2116">
    <p class='ocr_par' dir='ltr' id='par_1_34' title="bbox 404 2039 1987 2116">
     <span class='ocr_line' id='line_1_34' title="bbox 404 2039 1987 2116; baseline 0.003 -21"><span class='ocrx_word' id='word_1_234' title='bbox 404 2039 574 2096; x_wconf 71' lang='lat' dir='ltr'><strong>Iulta</strong></span> <span class='ocrx_word' id='word_1_235' title='bbox 620 2043 843 2113; x_wconf 87' lang='lat' dir='ltr'><strong>quidem</strong></span> <span class='ocrx_word' id='word_1_236' title='bbox 903 2043 996 2099; x_wconf 92' lang='lat' dir='ltr'><strong>ille</strong></span> <span class='ocrx_word' id='word_1_237' title='bbox 1049 2055 1247 2115; x_wconf 59' lang='lat' dir='ltr'><strong>prater</strong></span> <span class='ocrx_word' id='word_1_238' title='bbox 1297 2046 1404 2100; x_wconf 89' lang='lat' dir='ltr'><strong>alia</strong></span> <span class='ocrx_word' id='word_1_239' title='bbox 1450 2059 1628 2116; x_wconf 89' lang='lat' dir='ltr'><strong>eaque</strong></span> <span class='ocrx_word' id='word_1_240' title='bbox 1666 2044 1987 2115; x_wconf 80' lang='lat' dir='ltr'><strong>gravissima</strong></span> 
     </span>
    </p>
   </div>
   <div class='ocr_carea' id='block_1_35' title="bbox 404 2132 1986 2207">
    <p class='ocr_par' dir='ltr' id='par_1_35' title="bbox 404 2132 1986 2207">
     <span class='ocr_line' id='line_1_35' title="bbox 404 2132 1986 2207; baseline 0.003 -20"><span class='ocrx_word' id='word_1_241' title='bbox 404 2132 622 2189; x_wconf 90' lang='lat' dir='ltr'><strong>erudite</strong></span> <span class='ocrx_word' id='word_1_242' title='bbox 647 2134 913 2205; x_wconf 87' lang='lat' dir='ltr'><strong>congerit,</strong></span> <span class='ocrx_word' id='word_1_243' title='bbox 929 2135 1074 2191; x_wconf 87' lang='lat' dir='ltr'><strong>unde</strong></span> <span class='ocrx_word' id='word_1_244' title='bbox 1098 2137 1418 2207; x_wconf 90' lang='lat' dir='ltr'><strong>opinionem</strong></span> <span class='ocrx_word' id='word_1_245' title='bbox 1442 2152 1596 2192; x_wconf 90' lang='lat' dir='ltr'><strong>suam</strong></span> <span class='ocrx_word' id='word_1_246' title='bbox 1615 2137 1986 2192; x_wconf 87' lang='lat' dir='ltr'><strong>verosimilem</strong></span> 
     </span>
    </p>
   </div>
   <div class='ocr_carea' id='block_1_36' title="bbox 408 2222 628 2279">
    <p class='ocr_par' dir='ltr' id='par_1_36' title="bbox 408 2222 628 2279">
     <span class='ocr_line' id='line_1_36' title="bbox 408 2222 628 2279; baseline 0.009 -2"><span class='ocrx_word' id='word_1_247' title='bbox 408 2222 628 2279; x_wconf 84' lang='lat' dir='ltr'><strong>reddat.</strong></span> 
     </span>
    </p>
   </div>
   <div class='ocr_carea' id='block_1_37' title="bbox 329 2305 1993 2392">
    <p class='ocr_par' dir='ltr' id='par_1_37' title="bbox 329 2305 1993 2392">
     <span class='ocr_line' id='line_1_37' title="bbox 329 2305 1993 2392; baseline 0.002 -20"><span class='ocrx_word' id='word_1_248' title='bbox 329 2305 336 2311; x_wconf 70' lang='grc'><em>’</em></span> <span class='ocrx_word' id='word_1_249' title='bbox 482 2316 539 2375; x_wconf 76' lang='grc' dir='ltr'>ο.</span> <span class='ocrx_word' id='word_1_250' title='bbox 567 2316 763 2374; x_wconf 82' lang='lat' dir='ltr'><strong>Omnia</strong></span> <span class='ocrx_word' id='word_1_251' title='bbox 813 2323 1015 2383; x_wconf 84' lang='lat' dir='ltr'><strong>tamen,</strong></span> <span class='ocrx_word' id='word_1_252' title='bbox 1062 2330 1403 2389; x_wconf 69' lang='lat' dir='ltr'><strong>quzecunque</strong></span> <span class='ocrx_word' id='word_1_253' title='bbox 1450 2318 1629 2383; x_wconf 72' lang='lat' dir='ltr'><strong>affert,</strong></span> <span class='ocrx_word' id='word_1_254' title='bbox 1671 2335 1786 2374; x_wconf 89' lang='lat' dir='ltr'><strong>rem</strong></span> <span class='ocrx_word' id='word_1_255' title='bbox 1833 2319 1993 2392; x_wconf 89' lang='lat' dir='ltr'><strong>plane</strong></span> 
     </span>
    </p>
   </div>
   <div class='ocr_carea' id='block_1_38' title="bbox 407 2407 1995 2480">
    <p class='ocr_par' dir='ltr' id='par_1_38' title="bbox 407 2407 1995 2480">
     <span class='ocr_line' id='line_1_38' title="bbox 407 2407 1995 2480; baseline 0.001 -16"><span class='ocrx_word' id='word_1_256' title='bbox 407 2418 516 2464; x_wconf 80' lang='lat' dir='ltr'><strong>nan</strong></span> <span class='ocrx_word' id='word_1_257' title='bbox 550 2407 874 2469; x_wconf 78' lang='lat' dir='ltr'><strong>conficiunt,</strong></span> <span class='ocrx_word' id='word_1_258' title='bbox 899 2407 1061 2480; x_wconf 87' lang='lat' dir='ltr'><strong>idque</strong></span> <span class='ocrx_word' id='word_1_259' title='bbox 1085 2410 1260 2464; x_wconf 84' lang='lat' dir='ltr'><strong>solum</strong></span> <span class='ocrx_word' id='word_1_260' title='bbox 1287 2410 1650 2475; x_wconf 89' lang='lat' dir='ltr'><strong>convincunt,</strong></span> <span class='ocrx_word' id='word_1_261' title='bbox 1684 2411 1995 2466; x_wconf 90' lang='lat' dir='ltr'><strong>communi-</strong></span> 
     </span>
    </p>
   </div>
   <div class='ocr_carea' id='block_1_39' title="bbox 410 2497 1992 2570">
    <p class='ocr_par' dir='ltr' id='par_1_39' title="bbox 410 2497 1992 2570">
     <span class='ocr_line' id='line_1_39' title="bbox 410 2497 1992 2570; baseline 0 -14"><span class='ocrx_word' id='word_1_262' title='bbox 410 2509 498 2557; x_wconf 79' lang='lat' dir='ltr'><strong>ter</strong></span> <span class='ocrx_word' id='word_1_263' title='bbox 531 2500 587 2555; x_wconf 87' lang='lat' dir='ltr'><strong>id</strong></span> <span class='ocrx_word' id='word_1_264' title='bbox 618 2497 938 2570; x_wconf 57' lang='lat' dir='ltr'><strong>contingere</strong></span> <span class='ocrx_word' id='word_1_265' title='bbox 959 2501 1263 2556; x_wconf 86' lang='lat' dir='ltr'><strong>secundum</strong></span> <span class='ocrx_word' id='word_1_266' title='bbox 1299 2502 1642 2556; x_wconf 86' lang='lat' dir='ltr'><strong>ordinarium</strong></span> <span class='ocrx_word' id='word_1_267' title='bbox 1678 2517 1863 2556; x_wconf 90' lang='lat' dir='ltr'><strong>rerum</strong></span> <span class='ocrx_word' id='word_1_268' title='bbox 1897 2503 1992 2556; x_wconf 91' lang='lat' dir='ltr'><strong>hu-</strong></span> 
     </span>
    </p>
   </div>
   <div class='ocr_carea' id='block_1_40' title="bbox 408 2592 1989 2657">
    <p class='ocr_par' dir='ltr' id='par_1_40' title="bbox 408 2592 1989 2657">
     <span class='ocr_line' id='line_1_40' title="bbox 408 2592 1989 2657; baseline -0.001 -10"><span class='ocrx_word' id='word_1_269' title='bbox 408 2602 692 2647; x_wconf 85' lang='lat' dir='ltr'><strong>manarum</strong></span> <span class='ocrx_word' id='word_1_270' title='bbox 730 2605 977 2655; x_wconf 87' lang='lat' dir='ltr'><strong>cursum,</strong></span> <span class='ocrx_word' id='word_1_271' title='bbox 1017 2606 1128 2645; x_wconf 89' lang='lat' dir='ltr'><strong>non</strong></span> <span class='ocrx_word' id='word_1_272' title='bbox 1174 2606 1305 2646; x_wconf 85' lang='lat' dir='ltr'><strong>vero</strong></span> <span class='ocrx_word' id='word_1_273' title='bbox 1339 2592 1611 2657; x_wconf 86' lang='lat' dir='ltr'><strong>absolute,</strong></span> <span class='ocrx_word' id='word_1_274' title='bbox 1659 2594 1734 2647; x_wconf 87' lang='lat' dir='ltr'><strong>ita</strong></span> <span class='ocrx_word' id='word_1_275' title='bbox 1783 2593 1989 2649; x_wconf 78' lang='lat' dir='ltr'><strong>factum</strong></span> 
     </span>
    </p>
   </div>
   <div class='ocr_carea' id='block_1_41' title="bbox 409 2680 1992 2753">
    <p class='ocr_par' dir='ltr' id='par_1_41' title="bbox 409 2680 1992 2753">
     <span class='ocr_line' id='line_1_41' title="bbox 409 2680 1992 2753; baseline 0.001 -16"><span class='ocrx_word' id='word_1_276' title='bbox 409 2696 691 2752; x_wconf 85' lang='lat' dir='ltr'><strong>nunquam</strong></span> <span class='ocrx_word' id='word_1_277' title='bbox 716 2695 856 2736; x_wconf 86' lang='lat' dir='ltr'><strong>esse.</strong></span> <span class='ocrx_word' id='word_1_278' title='bbox 884 2680 1066 2752; x_wconf 79' lang='lat' dir='ltr'><strong>Capax</strong></span> <span class='ocrx_word' id='word_1_279' title='bbox 1095 2682 1301 2738; x_wconf 89' lang='lat' dir='ltr'><strong>etenim</strong></span> <span class='ocrx_word' id='word_1_280' title='bbox 1330 2690 1415 2737; x_wconf 89' lang='lat' dir='ltr'><strong>est</strong></span> <span class='ocrx_word' id='word_1_281' title='bbox 1442 2698 1833 2753; x_wconf 86' lang='lat' dir='ltr'><strong>nonnunquam</strong></span> <span class='ocrx_word' id='word_1_282' title='bbox 1858 2684 1992 2739; x_wconf 86' lang='lat' dir='ltr'><strong>ado-</strong></span> 
     </span>
    </p>
   </div>
   <div class='ocr_carea' id='block_1_42' title="bbox 408 2772 1992 2840">
    <p class='ocr_par' dir='ltr' id='par_1_42' title="bbox 408 2772 1992 2840">
     <span class='ocr_line' id='line_1_42' title="bbox 408 2772 1992 2840; baseline 0.002 -11"><span class='ocrx_word' id='word_1_283' title='bbox 408 2772 667 2830; x_wconf 85' lang='lat' dir='ltr'><strong>lescentia</strong></span> <span class='ocrx_word' id='word_1_284' title='bbox 701 2789 885 2828; x_wconf 87' lang='lat' dir='ltr'><strong>rerum</strong></span> <span class='ocrx_word' id='word_1_285' title='bbox 930 2775 1319 2839; x_wconf 70' lang='lat' dir='ltr'><strong>maximarum,</strong></span> <span class='ocrx_word' id='word_1_286' title='bbox 1367 2784 1481 2831; x_wconf 92' lang='lat' dir='ltr'><strong>tum</strong></span> <span class='ocrx_word' id='word_1_287' title='bbox 1534 2775 1590 2830; x_wconf 92' lang='lat' dir='ltr'><strong>in</strong></span> <span class='ocrx_word' id='word_1_288' title='bbox 1625 2775 1841 2840; x_wconf 89' lang='lat' dir='ltr'><strong>militia,</strong></span> <span class='ocrx_word' id='word_1_289' title='bbox 1877 2785 1992 2832; x_wconf 91' lang='lat' dir='ltr'><strong>tum</strong></span> 
     </span>
    </p>
   </div>
   <div class='ocr_carea' id='block_1_43' title="bbox 409 2864 1995 2937">
    <p class='ocr_par' dir='ltr' id='par_1_43' title="bbox 409 2864 1995 2937">
     <span class='ocr_line' id='line_1_43' title="bbox 409 2864 1995 2937; baseline -0.001 -16"><span class='ocrx_word' id='word_1_290' title='bbox 409 2864 467 2921; x_wconf 86' lang='lat' dir='ltr'><strong>in</strong></span> <span class='ocrx_word' id='word_1_291' title='bbox 493 2865 799 2936; x_wconf 86' lang='lat' dir='ltr'><strong>republica,</strong></span> <span class='ocrx_word' id='word_1_292' title='bbox 838 2866 1143 2937; x_wconf 67' lang='lat' dir='ltr'><strong>praesertim</strong></span> <span class='ocrx_word' id='word_1_293' title='bbox 1206 2866 1250 2921; x_wconf 91' lang='lat' dir='ltr'><strong>si</strong></span> <span class='ocrx_word' id='word_1_294' title='bbox 1303 2866 1596 2935; x_wconf 88' lang='lat' dir='ltr'><strong>prudentia</strong></span> <span class='ocrx_word' id='word_1_295' title='bbox 1647 2875 1702 2921; x_wconf 87' lang='lat' dir='ltr'><strong>et</strong></span> <span class='ocrx_word' id='word_1_296' title='bbox 1752 2867 1995 2921; x_wconf 83' lang='lat' dir='ltr'><strong>exterior</strong></span> 
     </span>
    </p>
   </div>
   <div class='ocr_carea' id='block_1_44' title="bbox 404 2957 1993 3028">
    <p class='ocr_par' dir='ltr' id='par_1_44' title="bbox 404 2957 1993 3028">
     <span class='ocr_line' id='line_1_44' title="bbox 404 2957 1993 3028; baseline 0.001 -15"><span class='ocrx_word' id='word_1_297' title='bbox 404 2958 660 3028; x_wconf 84' lang='lat' dir='ltr'><strong>corporis</strong></span> <span class='ocrx_word' id='word_1_298' title='bbox 701 2957 935 3028; x_wconf 83' lang='lat' dir='ltr'><strong>species,</strong></span> <span class='ocrx_word' id='word_1_299' title='bbox 995 2965 1052 3011; x_wconf 89' lang='lat' dir='ltr'><strong>ut</strong></span> <span class='ocrx_word' id='word_1_300' title='bbox 1097 2958 1430 3027; x_wconf 80' lang='lat' dir='ltr'><strong>quandoque</strong></span> <span class='ocrx_word' id='word_1_301' title='bbox 1477 2957 1680 3011; x_wconf 88' lang='lat' dir='ltr'><strong>factum</strong></span> <span class='ocrx_word' id='word_1_302' title='bbox 1730 2958 1993 3023; x_wconf 83' lang='lat' dir='ltr'><strong>vidimus,</strong></span> 
     </span>
    </p>
   </div>
   <div class='ocr_carea' id='block_1_45' title="bbox 406 3046 1995 3117">
    <p class='ocr_par' dir='ltr' id='par_1_45' title="bbox 406 3046 1995 3117">
     <span class='ocr_line' id='line_1_45' title="bbox 406 3046 1995 3117; baseline -0.001 -15"><span class='ocrx_word' id='word_1_303' title='bbox 406 3049 588 3102; x_wconf 72' lang='lat' dir='ltr'><strong>etatis</strong></span> <span class='ocrx_word' id='word_1_304' title='bbox 618 3046 894 3102; x_wconf 87' lang='lat' dir='ltr'><strong>defectum</strong></span> <span class='ocrx_word' id='word_1_305' title='bbox 926 3047 1198 3117; x_wconf 86' lang='lat' dir='ltr'><strong>suppleat.</strong></span> <span class='ocrx_word' id='word_1_306' title='bbox 1220 3046 1290 3103; x_wconf 86' lang='lat' dir='ltr'><strong>Ut</strong></span> <span class='ocrx_word' id='word_1_307' title='bbox 1315 3047 1451 3101; x_wconf 86' lang='lat' dir='ltr'><strong>alios</strong></span> <span class='ocrx_word' id='word_1_308' title='bbox 1484 3046 1995 3117; x_wconf 69' lang='lat' dir='ltr'><strong>prmtercam,‘Sci-</strong></span> 
     </span>
    </p>
   </div>
   <div class='ocr_carea' id='block_1_46' title="bbox 412 3137 1997 3210">
    <p class='ocr_par' dir='ltr' id='par_1_46' title="bbox 412 3137 1997 3210">
     <span class='ocr_line' id='line_1_46' title="bbox 412 3137 1997 3210; baseline 0.003 -19"><span class='ocrx_word' id='word_1_309' title='bbox 412 3139 504 3210; x_wconf 88' lang='lat' dir='ltr'><strong>pio</strong></span> <span class='ocrx_word' id='word_1_310' title='bbox 533 3137 844 3204; x_wconf 77' lang='lat' dir='ltr'><strong>Africanus,</strong></span> <span class='ocrx_word' id='word_1_311' title='bbox 867 3140 1012 3210; x_wconf 91' lang='lat' dir='ltr'><strong>quod</strong></span> <span class='ocrx_word' id='word_1_312' title='bbox 1037 3140 1285 3193; x_wconf 82' lang='lat' dir='ltr'><strong>Romana</strong></span> <span class='ocrx_word' id='word_1_313' title='bbox 1319 3138 1484 3193; x_wconf 86' lang='lat' dir='ltr'><strong>habet</strong></span> <span class='ocrx_word' id='word_1_314' title='bbox 1524 3138 1777 3198; x_wconf 85' lang='lat' dir='ltr'><strong>historia.</strong></span> <span class='ocrx_word' id='word_1_315' title='bbox 1822 3153 1997 3195; x_wconf 90' lang='lat' dir='ltr'><strong>annos</strong></span> 
     </span>
    </p>
   </div>
   <div class='ocr_carea' id='block_1_47' title="bbox 411 3228 1994 3302">
    <p class='ocr_par' dir='ltr' id='par_1_47' title="bbox 411 3228 1994 3302">
     <span class='ocr_line' id='line_1_47' title="bbox 411 3228 1994 3302; baseline -0.001 -17"><span class='ocrx_word' id='word_1_316' title='bbox 411 3244 537 3286; x_wconf 71' lang='lat' dir='ltr'><strong>utv</strong></span> <span class='ocrx_word' id='word_1_317' title='bbox 568 3238 751 3294; x_wconf 91' lang='lat' dir='ltr'><strong>natus,</strong></span> <span class='ocrx_word' id='word_1_318' title='bbox 798 3230 1099 3302; x_wconf 89' lang='lat' dir='ltr'><strong>imperator</strong></span> <span class='ocrx_word' id='word_1_319' title='bbox 1152 3229 1353 3285; x_wconf 89' lang='lat' dir='ltr'><strong>missus</strong></span> <span class='ocrx_word' id='word_1_320' title='bbox 1400 3240 1485 3284; x_wconf 78' lang='lat' dir='ltr'><strong>est</strong></span> <span class='ocrx_word' id='word_1_321' title='bbox 1538 3229 1595 3284; x_wconf 93' lang='lat' dir='ltr'><strong>in</strong></span> <span class='ocrx_word' id='word_1_322' title='bbox 1654 3228 1994 3300; x_wconf 81' lang='lat' dir='ltr'><strong>Hispaniam,</strong></span> 
     </span>
    </p>
   </div>
   <div class='ocr_carea' id='block_1_48' title="bbox 410 3319 1999 3395">
    <p class='ocr_par' dir='ltr' id='par_1_48' title="bbox 410 3319 1999 3395">
     <span class='ocr_line' id='line_1_48' title="bbox 410 3319 1999 3395; baseline 0.003 -21"><span class='ocrx_word' id='word_1_323' title='bbox 410 3338 575 3395; x_wconf 88' lang='lat' dir='ltr'><strong>quam</strong></span> <span class='ocrx_word' id='word_1_324' title='bbox 624 3333 864 3393; x_wconf 88' lang='lat' dir='ltr'><strong>quatuor</strong></span> <span class='ocrx_word' id='word_1_325' title='bbox 912 3324 1190 3377; x_wconf 86' lang='lat' dir='ltr'><strong>mensium</strong></span> <span class='ocrx_word' id='word_1_326' title='bbox 1239 3320 1415 3391; x_wconf 86' lang='lat' dir='ltr'><strong>spatio</strong></span> <span class='ocrx_word' id='word_1_327' title='bbox 1467 3319 1999 3393; x_wconf 79' lang='lat' dir='ltr'><strong>Carthagincnsibus</strong></span> 
     </span>
    </p>
   </div>
   <div class='ocr_carea' id='block_1_49' title="bbox 411 3411 1993 3485">
    <p class='ocr_par' dir='ltr' id='par_1_49' title="bbox 411 3411 1993 3485">
     <span class='ocr_line' id='line_1_49' title="bbox 411 3411 1993 3485; baseline 0.003 -18"><span class='ocrx_word' id='word_1_328' title='bbox 411 3414 640 3485; x_wconf 87' lang='lat' dir='ltr'><strong>eripuit.</strong></span> <span class='ocrx_word' id='word_1_329' title='bbox 670 3413 966 3483; x_wconf 86' lang='lat' dir='ltr'><strong>Pompeius</strong></span> <span class='ocrx_word' id='word_1_330' title='bbox 1008 3412 1258 3483; x_wconf 77' lang='lat' dir='ltr'><strong>Magnus,</strong></span> <span class='ocrx_word' id='word_1_331' title='bbox 1286 3421 1424 3469; x_wconf 89' lang='lat' dir='ltr'><strong>teste</strong></span> <span class='ocrx_word' id='word_1_332' title='bbox 1457 3411 1723 3468; x_wconf 88' lang='lat' dir='ltr'><strong>Cicerone</strong></span> <span class='ocrx_word' id='word_1_333' title='bbox 1755 3413 1810 3468; x_wconf 91' lang='lat' dir='ltr'><strong>in</strong></span> <span class='ocrx_word' id='word_1_334' title='bbox 1842 3412 1993 3471; x_wconf 91' lang='lat' dir='ltr'><strong>Orat.</strong></span> 
     </span>
    </p>
   </div>
   <div class='ocr_carea' id='block_1_50' title="bbox 413 3501 1997 3575">
    <p class='ocr_par' dir='ltr' id='par_1_50' title="bbox 413 3501 1997 3575">
     <span class='ocr_line' id='line_1_50' title="bbox 413 3501 1997 3575; baseline -0.001 -15"><span class='ocrx_word' id='word_1_335' title='bbox 413 3521 509 3575; x_wconf 87' lang='lat' dir='ltr'><strong>pro</strong></span> <span class='ocrx_word' id='word_1_336' title='bbox 557 3504 667 3573; x_wconf 79' lang='lat' dir='ltr'><strong>lege</strong></span> <span class='ocrx_word' id='word_1_337' title='bbox 724 3502 978 3568; x_wconf 77' lang='lat' dir='ltr'><strong>Manilia,</strong></span> <span class='ocrx_word' id='word_1_338' title='bbox 1029 3521 1047 3553; x_wconf 83' lang='grc' dir='ltr'><strong>ι</strong></span> <span class='ocrx_word' id='word_1_339' title='bbox 1084 3503 1311 3558; x_wconf 83' lang='lat' dir='ltr'><strong>ineunte</strong></span> <span class='ocrx_word' id='word_1_340' title='bbox 1361 3501 1735 3557; x_wconf 87' lang='lat' dir='ltr'><strong>adolescentia</strong></span> <span class='ocrx_word' id='word_1_341' title='bbox 1796 3505 1997 3558; x_wconf 89' lang='lat' dir='ltr'><strong>summi</strong></span> 
     </span>
    </p>
   </div>
   <div class='ocr_carea' id='block_1_51' title="bbox 415 3592 1999 3669">
    <p class='ocr_par' dir='ltr' id='par_1_51' title="bbox 415 3592 1999 3669">
     <span class='ocr_line' id='line_1_51' title="bbox 415 3592 1999 3669; baseline -0.001 -17"><span class='ocrx_word' id='word_1_342' title='bbox 415 3599 532 3669; x_wconf 87' lang='lat' dir='ltr'><strong>ipse</strong></span> <span class='ocrx_word' id='word_1_343' title='bbox 565 3595 845 3652; x_wconf 79' lang='lat' dir='ltr'><strong>exercitus</strong></span> <span class='ocrx_word' id='word_1_344' title='bbox 879 3595 1177 3665; x_wconf 86' lang='lat' dir='ltr'><strong>imperator</strong></span> <span class='ocrx_word' id='word_1_345' title='bbox 1211 3592 1356 3659; x_wconf 88' lang='lat' dir='ltr'><strong>fuit;</strong></span> <span class='ocrx_word' id='word_1_346' title='bbox 1398 3612 1418 3646; x_wconf 71' lang='grc' dir='ltr'><strong>ι</strong></span> <span class='ocrx_word' id='word_1_347' title='bbox 1465 3601 1523 3649; x_wconf 90' lang='lat' dir='ltr'><strong>et</strong></span> <span class='ocrx_word' id='word_1_348' title='bbox 1565 3601 1751 3649; x_wconf 88' lang='lat' dir='ltr'><strong>tamen</strong></span> <span class='ocrx_word' id='word_1_349' title='bbox 1794 3604 1999 3665; x_wconf 88' lang='lat' dir='ltr'><strong>quanta</strong></span> 
     </span>
    </p>
   </div>
   <div class='ocr_carea' id='block_1_52' title="bbox 416 3684 2000 3757">
    <p class='ocr_par' dir='ltr' id='par_1_52' title="bbox 416 3684 2000 3757">
     <span class='ocr_line' id='line_1_52' title="bbox 416 3684 2000 3757; baseline 0 -14"><span class='ocrx_word' id='word_1_350' title='bbox 416 3689 472 3744; x_wconf 90' lang='lat' dir='ltr'><strong>in</strong></span> <span class='ocrx_word' id='word_1_351' title='bbox 509 3686 847 3743; x_wconf 88' lang='lat' dir='ltr'><strong>moderando</strong></span> <span class='ocrx_word' id='word_1_352' title='bbox 873 3686 1270 3757; x_wconf 86' lang='lat' dir='ltr'><strong>dirigendoque</strong></span> <span class='ocrx_word' id='word_1_353' title='bbox 1301 3684 1551 3740; x_wconf 77' lang='lat' dir='ltr'><strong>exercitu</strong></span> <span class='ocrx_word' id='word_1_354' title='bbox 1582 3687 1881 3756; x_wconf 84' lang='lat' dir='ltr'><strong>prudentia</strong></span> <span class='ocrx_word' id='word_1_355' title='bbox 1909 3703 2000 3743; x_wconf 88' lang='lat' dir='ltr'><strong>re-</strong></span> 
     </span>
    </p>
   </div>
   <div class='ocr_carea' id='block_1_53' title="bbox 423 3777 2000 3853">
    <p class='ocr_par' dir='ltr' id='par_1_53' title="bbox 423 3777 2000 3853">
     <span class='ocr_line' id='line_1_53' title="bbox 423 3777 2000 3853; baseline 0 -16"><span class='ocrx_word' id='word_1_356' title='bbox 423 3797 656 3851; x_wconf 83' lang='lat' dir='ltr'><strong>rumque</strong></span> <span class='ocrx_word' id='word_1_357' title='bbox 691 3794 823 3835; x_wconf 89' lang='lat' dir='ltr'><strong>usus</strong></span> <span class='ocrx_word' id='word_1_358' title='bbox 853 3781 1190 3850; x_wconf 78' lang='lat' dir='ltr'><strong>requiritur!</strong></span> <span class='ocrx_word' id='word_1_359' title='bbox 1224 3777 1388 3835; x_wconf 82' lang='lat' dir='ltr'><strong>Juvat</strong></span> <span class='ocrx_word' id='word_1_360' title='bbox 1412 3779 1503 3835; x_wconf 79' lang='lat' dir='ltr'><strong>hic</strong></span> <span class='ocrx_word' id='word_1_361' title='bbox 1525 3792 1821 3837; x_wconf 89' lang='lat' dir='ltr'><strong>annecterc</strong></span> <span class='ocrx_word' id='word_1_362' title='bbox 1850 3782 2000 3853; x_wconf 90' lang='lat' dir='ltr'><strong>quod</strong></span> 
     </span>
    </p>
   </div>
   <div class='ocr_carea' id='block_1_54' title="bbox 415 3866 1997 3945">
    <p class='ocr_par' dir='ltr' id='par_1_54' title="bbox 415 3866 1997 3945">
     <span class='ocr_line' id='line_1_54' title="bbox 415 3866 1997 3945; baseline 0.001 -17"><span class='ocrx_word' id='word_1_363' title='bbox 415 3868 875 3945; x_wconf 73' lang='lat' dir='ltr'><strong>refertBeyerliuk</strong></span> <span class='ocrx_word' id='word_1_364' title='bbox 894 3870 949 3925; x_wconf 89' lang='lat' dir='ltr'><strong>in</strong></span> <span class='ocrx_word' id='word_1_365' title='bbox 968 3866 1188 3926; x_wconf 83' lang='lat' dir='ltr'><strong>Theatra</strong></span> <span class='ocrx_word' id='word_1_366' title='bbox 1204 3872 1320 3925; x_wconf 69' lang='lat' dir='ltr'><strong>vim</strong></span> <span class='ocrx_word' id='word_1_367' title='bbox 1336 3872 1690 3937; x_wconf 85' lang='lat' dir='ltr'><strong>Imm.,verbo</strong></span> <span class='ocrx_word' id='word_1_368' title='bbox 1711 3892 1725 3928; x_wconf 91' lang='lat'><strong>:</strong></span> <span class='ocrx_word' id='word_1_369' title='bbox 1746 3871 1997 3945; x_wconf 78' lang='lat' dir='ltr'><strong>Legatus.</strong></span> 
     </span>
    </p>
   </div>
   <div class='ocr_carea' id='block_1_55' title="bbox 416 3964 2001 4038">
    <p class='ocr_par' dir='ltr' id='par_1_55' title="bbox 416 3964 2001 4038">
     <span class='ocr_line' id='line_1_55' title="bbox 416 3964 2001 4038; baseline 0.004 -20"><span class='ocrx_word' id='word_1_370' title='bbox 416 3983 440 4018; x_wconf 74' lang='grc' dir='ltr'><strong>ι</strong></span> <span class='ocrx_word' id='word_1_371' title='bbox 477 3965 776 4027; x_wconf 80' lang='lat' dir='ltr'><strong>Venerant,</strong></span> <span class='ocrx_word' id='word_1_372' title='bbox 802 3964 1004 4034; x_wconf 88' lang='lat' dir='ltr'><strong>inquit,</strong></span> <span class='ocrx_word' id='word_1_373' title='bbox 1039 3964 1313 4033; x_wconf 83' lang='lat' dir='ltr'><strong>superiori</strong></span> <span class='ocrx_word' id='word_1_374' title='bbox 1342 3980 1461 4020; x_wconf 76' lang='lat' dir='ltr'><strong>:evo</strong></span> <span class='ocrx_word' id='word_1_375' title='bbox 1504 3965 1571 4020; x_wconf 90' lang='lat' dir='ltr'><strong>ad</strong></span> <span class='ocrx_word' id='word_1_376' title='bbox 1610 3966 2001 4038; x_wconf 85' lang='lat' dir='ltr'><strong>imperatorem</strong></span> 
     </span>
    </p>
   </div>
   <div class='ocr_carea' id='block_1_56' title="bbox 408 4054 1998 4130">
    <p class='ocr_par' dir='ltr' id='par_1_56' title="bbox 408 4054 1998 4130">
     <span class='ocr_line' id='line_1_56' title="bbox 408 4054 1998 4130; baseline 0.001 -16"><span class='ocrx_word' id='word_1_377' title='bbox 408 4056 664 4115; x_wconf 84' lang='lat' dir='ltr'><strong>Orientis</strong></span> <span class='ocrx_word' id='word_1_378' title='bbox 694 4055 973 4111; x_wconf 88' lang='lat' dir='ltr'><strong>imberbes</strong></span> <span class='ocrx_word' id='word_1_379' title='bbox 996 4054 1183 4125; x_wconf 80' lang='lat' dir='ltr'><strong>legati,</strong></span> <span class='ocrx_word' id='word_1_380' title='bbox 1205 4070 1344 4125; x_wconf 88' lang='lat' dir='ltr'><strong>quos</strong></span> <span class='ocrx_word' id='word_1_381' title='bbox 1380 4071 1506 4112; x_wconf 90' lang='lat' dir='ltr'><strong>cum</strong></span> <span class='ocrx_word' id='word_1_382' title='bbox 1541 4057 1630 4113; x_wconf 90' lang='lat' dir='ltr'><strong>ille</strong></span> <span class='ocrx_word' id='word_1_383' title='bbox 1669 4057 1998 4130; x_wconf 87' lang='lat' dir='ltr'><strong>despiceret,</strong></span> 
     </span>
    </p>
   </div>
   <div class='ocr_carea' id='block_1_57' title="bbox 417 4147 2002 4217">
    <p class='ocr_par' dir='ltr' id='par_1_57' title="bbox 417 4147 2002 4217">
     <span class='ocr_line' id='line_1_57' title="bbox 417 4147 2002 4217; baseline 0.002 -15"><span class='ocrx_word' id='word_1_384' title='bbox 417 4149 561 4217; x_wconf 86' lang='lat' dir='ltr'><strong>quod</strong></span> <span class='ocrx_word' id='word_1_385' title='bbox 621 4147 1089 4203; x_wconf 76' lang='lat' dir='ltr'><strong>atlolesccntlores</strong></span> <span class='ocrx_word' id='word_1_386' title='bbox 1147 4148 1300 4202; x_wconf 90' lang='lat' dir='ltr'><strong>missi</strong></span> <span class='ocrx_word' id='word_1_387' title='bbox 1348 4158 1552 4216; x_wconf 89' lang='lat' dir='ltr'><strong>essent,</strong></span> <span class='ocrx_word' id='word_1_388' title='bbox 1591 4150 1765 4206; x_wconf 90' lang='lat' dir='ltr'><strong>libere</strong></span> <span class='ocrx_word' id='word_1_389' title='bbox 1803 4161 1859 4207; x_wconf 93' lang='lat' dir='ltr'><strong>et</strong></span> <span class='ocrx_word' id='word_1_390' title='bbox 1898 4168 2002 4207; x_wconf 81' lang='lat' dir='ltr'><strong>au-</strong></span> 
     </span>
    </p>
   </div>
   <div class='ocr_carea' id='block_1_58' title="bbox 415 4237 1999 4311">
    <p class='ocr_par' dir='ltr' id='par_1_58' title="bbox 415 4237 1999 4311">
     <span class='ocr_line' id='line_1_58' title="bbox 415 4237 1999 4311; baseline 0.001 -14"><span class='ocrx_word' id='word_1_391' title='bbox 415 4241 608 4297; x_wconf 86' lang='lat' dir='ltr'><strong>dacter</strong></span> <span class='ocrx_word' id='word_1_392' title='bbox 634 4240 892 4295; x_wconf 81' lang='lat' dir='ltr'><strong>dixerunt</strong></span> <span class='ocrx_word' id='word_1_393' title='bbox 929 4257 942 4292; x_wconf 88' lang='lat'>:</span> <span class='ocrx_word' id='word_1_394' title='bbox 989 4237 1045 4295; x_wconf 91' lang='lat' dir='ltr'><strong>Si</strong></span> <span class='ocrx_word' id='word_1_395' title='bbox 1077 4255 1145 4295; x_wconf 78' lang='lat' dir='ltr'><strong>ex</strong></span> <span class='ocrx_word' id='word_1_396' title='bbox 1174 4242 1347 4303; x_wconf 88' lang='lat' dir='ltr'><strong>menti</strong></span> <span class='ocrx_word' id='word_1_397' title='bbox 1378 4240 1634 4311; x_wconf 80' lang='lat' dir='ltr'><strong>lanugine</strong></span> <span class='ocrx_word' id='word_1_398' title='bbox 1672 4243 1999 4299; x_wconf 70' lang='lat' dir='ltr'><strong>aestimanda</strong></span> 
     </span>
    </p>
   </div>
   <div class='ocr_carea' id='block_1_59' title="bbox 416 4331 1995 4406">
    <p class='ocr_par' dir='ltr' id='par_1_59' title="bbox 416 4331 1995 4406">
     <span class='ocr_line' id='line_1_59' title="bbox 416 4331 1995 4406; baseline 0.001 -17"><span class='ocrx_word' id='word_1_399' title='bbox 416 4334 490 4389; x_wconf 85' lang='lat' dir='ltr'><strong>sit</strong></span> <span class='ocrx_word' id='word_1_400' title='bbox 516 4331 768 4403; x_wconf 86' lang='lat' dir='ltr'><strong>aptitudo</strong></span> <span class='ocrx_word' id='word_1_401' title='bbox 798 4341 855 4387; x_wconf 91' lang='lat' dir='ltr'><strong>et</strong></span> <span class='ocrx_word' id='word_1_402' title='bbox 890 4331 1150 4401; x_wconf 78' lang='lat' dir='ltr'><strong>dignitas,</strong></span> <span class='ocrx_word' id='word_1_403' title='bbox 1189 4331 1375 4389; x_wconf 87' lang='lat' dir='ltr'><strong>hircos</strong></span> <span class='ocrx_word' id='word_1_404' title='bbox 1405 4336 1653 4405; x_wconf 88' lang='lat' dir='ltr'><strong>potiores</strong></span> <span class='ocrx_word' id='word_1_405' title='bbox 1679 4345 1867 4406; x_wconf 85' lang='lat' dir='ltr'><strong>partes</strong></span> <span class='ocrx_word' id='word_1_406' title='bbox 1896 4335 1995 4390; x_wconf 84' lang='lat' dir='ltr'><strong>ba-</strong></span> 
     </span>
    </p>
   </div>
   <div class='ocr_carea' id='block_1_60' title="bbox 422 4425 711 4481">
    <p class='ocr_par' dir='ltr' id='par_1_60' title="bbox 422 4425 711 4481">
     <span class='ocr_line' id='line_1_60' title="bbox 422 4425 711 4481; baseline -0.021 0"><span class='ocrx_word' id='word_1_407' title='bbox 422 4425 652 4481; x_wconf 90' lang='lat' dir='ltr'><strong>bituros.</strong></span> <span class='ocrx_word' id='word_1_408' title='bbox 692 4443 711 4475; x_wconf 72' lang='grc' dir='ltr'><strong>ι</strong></span> 
     </span>
    </p>
   </div>
   <div class='ocr_carea' id='block_1_61' title="bbox 2172 1934 3696 2029">
    <p class='ocr_par' dir='ltr' id='par_1_61' title="bbox 2172 1934 3696 2029">
     <span class='ocr_line' id='line_1_61' title="bbox 2172 1934 3696 2029; baseline -0.008 -30"><span class='ocrx_word' id='word_1_409' title='bbox 2172 1946 2258 1999; x_wconf 92' lang='lat' dir='ltr'><strong>ll.</strong></span> <span class='ocrx_word' id='word_1_410' title='bbox 2302 1941 2461 2029; x_wconf 70' lang='lat' dir='ltr'><strong>Quod</strong></span> <span class='ocrx_word' id='word_1_411' title='bbox 2516 1941 2682 2012; x_wconf 81' lang='lat' dir='ltr'><strong>igitur</strong></span> <span class='ocrx_word' id='word_1_412' title='bbox 2731 1938 2852 1994; x_wconf 75' lang='lat' dir='ltr'><strong>fleri</strong></span> <span class='ocrx_word' id='word_1_413' title='bbox 2909 1937 3113 2008; x_wconf 88' lang='lat' dir='ltr'><strong>potuit,</strong></span> <span class='ocrx_word' id='word_1_414' title='bbox 3160 1936 3364 2029; x_wconf 84' lang='lat' dir='ltr'><strong>factum</strong></span> <span class='ocrx_word' id='word_1_415' title='bbox 3417 1934 3696 2029; x_wconf 75' lang='lat' dir='ltr'><strong>tantisper</strong></span> 
     </span>
    </p>
   </div>
   <div class='ocr_carea' id='block_1_62' title="bbox 2096 2026 3694 2109">
    <p class='ocr_par' dir='ltr' id='par_1_62' title="bbox 2096 2026 3694 2109">
     <span class='ocr_line' id='line_1_62' title="bbox 2096 2026 3694 2109; baseline -0.01 -15"><span class='ocrx_word' id='word_1_416' title='bbox 2096 2026 2499 2109; x_wconf 84' lang='lat' dir='ltr'><strong>supponamus,</strong></span> <span class='ocrx_word' id='word_1_417' title='bbox 2527 2042 2694 2103; x_wconf 87' lang='lat' dir='ltr'><strong>atque</strong></span> <span class='ocrx_word' id='word_1_418' title='bbox 2719 2032 2915 2087; x_wconf 83' lang='lat' dir='ltr'><strong>ultimo</strong></span> <span class='ocrx_word' id='word_1_419' title='bbox 2943 2030 3146 2085; x_wconf 85' lang='lat' dir='ltr'><strong>Leonis</strong></span> <span class='ocrx_word' id='word_1_420' title='bbox 3171 2026 3491 2098; x_wconf 84' lang='lat' dir='ltr'><strong>Philosophi</strong></span> <span class='ocrx_word' id='word_1_421' title='bbox 3516 2040 3694 2090; x_wconf 89' lang='lat' dir='ltr'><strong>anno,</strong></span> 
     </span>
    </p>
   </div>
   <div class='ocr_carea' id='block_1_63' title="bbox 2094 2119 3697 2198">
    <p class='ocr_par' dir='ltr' id='par_1_63' title="bbox 2094 2119 3697 2198">
     <span class='ocr_line' id='line_1_63' title="bbox 2094 2119 3697 2198; baseline -0.01 -12"><span class='ocrx_word' id='word_1_422' title='bbox 2094 2145 2217 2186; x_wconf 70' lang='lat' dir='ltr'><strong>rem</strong></span> <span class='ocrx_word' id='word_1_423' title='bbox 2242 2127 2552 2185; x_wconf 86' lang='lat' dir='ltr'><strong>communis</strong></span> <span class='ocrx_word' id='word_1_424' title='bbox 2576 2127 2703 2191; x_wconf 82' lang='lat' dir='ltr'><strong>9H,</strong></span> <span class='ocrx_word' id='word_1_425' title='bbox 2727 2123 2984 2198; x_wconf 88' lang='lat' dir='ltr'><strong>Symeoni</strong></span> <span class='ocrx_word' id='word_1_426' title='bbox 3036 2119 3390 2191; x_wconf 76' lang='lat' dir='ltr'><strong>Metaphrasti</strong></span> <span class='ocrx_word' id='word_1_427' title='bbox 3436 2134 3540 2172; x_wconf 78' lang='lat' dir='ltr'><strong>xxx</strong></span> <span class='ocrx_word' id='word_1_428' title='bbox 3593 2126 3697 2172; x_wconf 89' lang='lat' dir='ltr'><strong>aut</strong></span> 
     </span>
    </p>
   </div>
   <div class='ocr_carea' id='block_1_64' title="bbox 2097 2208 3685 2278">
    <p class='ocr_par' dir='ltr' id='par_1_64' title="bbox 2097 2208 3685 2278">
     <span class='ocr_line' id='line_1_64' title="bbox 2097 2208 3685 2278; baseline -0.009 0"><span class='ocrx_word' id='word_1_429' title='bbox 2097 2237 2244 2278; x_wconf 74' lang='lat' dir='ltr'><strong>sun</strong></span> <span class='ocrx_word' id='word_1_430' title='bbox 2284 2234 2556 2275; x_wconf 90' lang='lat' dir='ltr'><strong>annorum</strong></span> <span class='ocrx_word' id='word_1_431' title='bbox 2586 2227 2804 2273; x_wconf 67' lang='lat' dir='ltr'><strong>aetatem</strong></span> <span class='ocrx_word' id='word_1_432' title='bbox 2839 2214 3172 2270; x_wconf 80' lang='lat' dir='ltr'><strong>tribuamus.</strong></span> <span class='ocrx_word' id='word_1_433' title='bbox 3210 2211 3421 2266; x_wconf 84' lang='lat' dir='ltr'><strong>Poterit</strong></span> <span class='ocrx_word' id='word_1_434' title='bbox 3448 2220 3581 2265; x_wconf 90' lang='lat' dir='ltr'><strong>tunc</strong></span> <span class='ocrx_word' id='word_1_435' title='bbox 3609 2208 3685 2263; x_wconf 90' lang='lat' dir='ltr'><strong>ad</strong></span> 
     </span>
    </p>
   </div>
   <div class='ocr_carea' id='block_1_65' title="bbox 2099 2305 3697 2386">
    <p class='ocr_par' dir='ltr' id='par_1_65' title="bbox 2099 2305 3697 2386">
     <span class='ocr_line' id='line_1_65' title="bbox 2099 2305 3697 2386; baseline -0.007 -16"><span class='ocrx_word' id='word_1_436' title='bbox 2099 2326 2343 2386; x_wconf 82' lang='lat' dir='ltr'><strong>tempora</strong></span> <span class='ocrx_word' id='word_1_437' title='bbox 2366 2311 2664 2382; x_wconf 89' lang='lat' dir='ltr'><strong>Nicephori</strong></span> <span class='ocrx_word' id='word_1_438' title='bbox 2694 2310 2889 2366; x_wconf 60' lang='lat' dir='ltr'><strong>Phaen</strong></span> <span class='ocrx_word' id='word_1_439' title='bbox 2910 2308 3225 2380; x_wconf 80' lang='lat' dir='ltr'><strong>pervenisse</strong></span> <span class='ocrx_word' id='word_1_440' title='bbox 3255 2305 3370 2377; x_wconf 90' lang='lat' dir='ltr'><strong>(qui</strong></span> <span class='ocrx_word' id='word_1_441' title='bbox 3393 2318 3540 2359; x_wconf 87' lang='lat' dir='ltr'><strong>anno</strong></span> <span class='ocrx_word' id='word_1_442' title='bbox 3560 2319 3697 2359; x_wconf 74' lang='lat' dir='ltr'><strong>mm</strong></span> 
     </span>
    </p>
   </div>
   <div class='ocr_carea' id='block_1_66' title="bbox 2097 2388 3699 2477">
    <p class='ocr_par' dir='ltr' id='par_1_66' title="bbox 2097 2388 3699 2477">
     <span class='ocr_line' id='line_1_66' title="bbox 2097 2388 3699 2477; baseline -0.009 -15"><span class='ocrx_word' id='word_1_443' title='bbox 2097 2405 2344 2477; x_wconf 76' lang='lat' dir='ltr'><strong>ejusdem</strong></span> <span class='ocrx_word' id='word_1_444' title='bbox 2364 2403 2550 2460; x_wconf 53' lang='lat' dir='ltr'><strong>saeculi</strong></span> <span class='ocrx_word' id='word_1_445' title='bbox 2569 2400 2859 2472; x_wconf 89' lang='lat' dir='ltr'><strong>imperium</strong></span> <span class='ocrx_word' id='word_1_446' title='bbox 2881 2397 3367 2467; x_wconf 86' lang='lat' dir='ltr'><strong>Orientisadeptus</strong></span> <span class='ocrx_word' id='word_1_447' title='bbox 3383 2388 3699 2464; x_wconf 71' lang='lat' dir='ltr'><strong>fuit)atqué</strong></span> 
     </span>
    </p>
   </div>
   <div class='ocr_carea' id='block_1_67' title="bbox 2099 2486 3699 2570">
    <p class='ocr_par' dir='ltr' id='par_1_67' title="bbox 2099 2486 3699 2570">
     <span class='ocr_line' id='line_1_67' title="bbox 2099 2486 3699 2570; baseline -0.009 -16"><span class='ocrx_word' id='word_1_448' title='bbox 2099 2498 2457 2570; x_wconf 85' lang='lat' dir='ltr'><strong>octogenario</strong></span> <span class='ocrx_word' id='word_1_449' title='bbox 2505 2497 2683 2568; x_wconf 86' lang='lat' dir='ltr'><strong>major</strong></span> <span class='ocrx_word' id='word_1_450' title='bbox 2713 2495 2892 2565; x_wconf 86' lang='lat' dir='ltr'><strong>aliqua</strong></span> <span class='ocrx_word' id='word_1_451' title='bbox 2938 2492 3105 2549; x_wconf 89' lang='lat' dir='ltr'><strong>etiam</strong></span> <span class='ocrx_word' id='word_1_452' title='bbox 3155 2489 3535 2545; x_wconf 85' lang='lat' dir='ltr'><strong>elucubrasse.</strong></span> <span class='ocrx_word' id='word_1_453' title='bbox 3574 2486 3699 2541; x_wconf 81' lang='lat' dir='ltr'><strong>Hoc</strong></span> 
     </span>
    </p>
   </div>
   <div class='ocr_carea' id='block_1_68' title="bbox 2099 2580 3700 2662">
    <p class='ocr_par' dir='ltr' id='par_1_68' title="bbox 2099 2580 3700 2662">
     <span class='ocr_line' id='line_1_68' title="bbox 2099 2580 3700 2662; baseline -0.009 -14"><span class='ocrx_word' id='word_1_454' title='bbox 2099 2591 2411 2662; x_wconf 82' lang='lat' dir='ltr'><strong>supposito,</strong></span> <span class='ocrx_word' id='word_1_455' title='bbox 2444 2589 2735 2645; x_wconf 81' lang='lat' dir='ltr'><strong>videamus</strong></span> <span class='ocrx_word' id='word_1_456' title='bbox 2754 2603 2825 2643; x_wconf 89' lang='lat' dir='ltr'><strong>an</strong></span> <span class='ocrx_word' id='word_1_457' title='bbox 2852 2582 3208 2655; x_wconf 86' lang='lat' dir='ltr'><strong>chronologia</strong></span> <span class='ocrx_word' id='word_1_458' title='bbox 3238 2582 3356 2637; x_wconf 65' lang='lat' dir='ltr'><strong>haec</strong></span> <span class='ocrx_word' id='word_1_459' title='bbox 3388 2580 3700 2637; x_wconf 88' lang='lat' dir='ltr'><strong>convenire</strong></span> 
     </span>
    </p>
   </div>
   <div class='ocr_carea' id='block_1_69' title="bbox 2099 2670 3704 2753">
    <p class='ocr_par' dir='ltr' id='par_1_69' title="bbox 2099 2670 3704 2753">
     <span class='ocr_line' id='line_1_69' title="bbox 2099 2670 3704 2753; baseline -0.009 -15"><span class='ocrx_word' id='word_1_460' title='bbox 2099 2682 2277 2753; x_wconf 88' lang='lat' dir='ltr'><strong>possit</strong></span> <span class='ocrx_word' id='word_1_461' title='bbox 2302 2690 2494 2737; x_wconf 82' lang='lat' dir='ltr'><strong>nostro</strong></span> <span class='ocrx_word' id='word_1_462' title='bbox 2517 2679 2756 2745; x_wconf 87' lang='lat' dir='ltr'><strong>auctori,</strong></span> <span class='ocrx_word' id='word_1_463' title='bbox 2786 2677 2883 2750; x_wconf 94' lang='lat' dir='ltr'><strong>qui</strong></span> <span class='ocrx_word' id='word_1_464' title='bbox 2915 2691 3073 2733; x_wconf 84' lang='lat' dir='ltr'><strong>num.</strong></span> <span class='ocrx_word' id='word_1_465' title='bbox 3099 2676 3168 2731; x_wconf 83' lang='lat' dir='ltr'><strong>l9</strong></span> <span class='ocrx_word' id='word_1_466' title='bbox 3197 2688 3428 2729; x_wconf 86' lang='lat' dir='ltr'><strong>narrans</strong></span> <span class='ocrx_word' id='word_1_467' title='bbox 3452 2670 3704 2727; x_wconf 87' lang='lat' dir='ltr'><strong>miracu-</strong></span> 
     </span>
    </p>
   </div>
   <div class='ocr_carea' id='block_1_70' title="bbox 2103 2764 3704 2846">
    <p class='ocr_par' dir='ltr' id='par_1_70' title="bbox 2103 2764 3704 2846">
     <span class='ocr_line' id='line_1_70' title="bbox 2103 2764 3704 2846; baseline -0.008 -14"><span class='ocrx_word' id='word_1_468' title='bbox 2103 2778 2216 2832; x_wconf 89' lang='lat' dir='ltr'><strong>lum</strong></span> <span class='ocrx_word' id='word_1_469' title='bbox 2249 2774 2397 2846; x_wconf 90' lang='lat' dir='ltr'><strong>quod</strong></span> <span class='ocrx_word' id='word_1_470' title='bbox 2425 2774 2615 2830; x_wconf 80' lang='lat' dir='ltr'><strong>Barda:</strong></span> <span class='ocrx_word' id='word_1_471' title='bbox 2647 2771 3098 2844; x_wconf 87' lang='lat' dir='ltr'><strong>protospatbario</strong></span> <span class='ocrx_word' id='word_1_472' title='bbox 3134 2768 3359 2832; x_wconf 87' lang='lat' dir='ltr'><strong>accidit,</strong></span> <span class='ocrx_word' id='word_1_473' title='bbox 3387 2766 3463 2821; x_wconf 89' lang='lat' dir='ltr'><strong>ait</strong></span> <span class='ocrx_word' id='word_1_474' title='bbox 3497 2782 3513 2821; x_wconf 89' lang='lat'><strong>:</strong></span> <span class='ocrx_word' id='word_1_475' title='bbox 3554 2764 3704 2832; x_wconf 79' lang='grc' dir='ltr'><strong>Σφό-</strong></span> 
     </span>
    </p>
   </div>
   <div class='ocr_carea' id='block_1_71' title="bbox 2100 2858 3704 2938">
    <p class='ocr_par' dir='ltr' id='par_1_71' title="bbox 2100 2858 3704 2938">
     <span class='ocr_line' id='line_1_71' title="bbox 2100 2858 3704 2938; baseline -0.009 -15"><span class='ocrx_word' id='word_1_476' title='bbox 2100 2869 2203 2938; x_wconf 82' lang='grc' dir='ltr'>δρα</span> <span class='ocrx_word' id='word_1_477' title='bbox 2233 2868 2290 2921; x_wconf 82' lang='grc' dir='ltr'><strong>δὲ</strong></span> <span class='ocrx_word' id='word_1_478' title='bbox 2332 2859 2491 2930; x_wconf 72' lang='grc' dir='ltr'>οὗτος</span> <span class='ocrx_word' id='word_1_479' title='bbox 2532 2864 2800 2935; x_wconf 80' lang='grc' dir='ltr'><strong>Ῥωμανῷ</strong></span> <span class='ocrx_word' id='word_1_480' title='bbox 2839 2861 3053 2930; x_wconf 70' lang='grc' dir='ltr'><strong>βασιλεῖ</strong></span> <span class='ocrx_word' id='word_1_481' title='bbox 3089 2860 3166 2929; x_wconf 83' lang='grc' dir='ltr'><strong>τῷ</strong></span> <span class='ocrx_word' id='word_1_482' title='bbox 3212 2862 3451 2915; x_wconf 70' lang='grc' dir='ltr'><strong>ἐπιεικεῖ</strong></span> <span class='ocrx_word' id='word_1_483' title='bbox 3493 2874 3554 2911; x_wconf 80' lang='grc' dir='ltr'><strong>τε</strong></span> <span class='ocrx_word' id='word_1_484' title='bbox 3597 2858 3704 2910; x_wconf 71' lang='grc' dir='ltr'><strong>καὶ</strong></span> 
     </span>
    </p>
   </div>
   <div class='ocr_carea' id='block_1_72' title="bbox 2103 2950 3705 3031">
    <p class='ocr_par' dir='ltr' id='par_1_72' title="bbox 2103 2950 3705 3031">
     <span class='ocr_line' id='line_1_72' title="bbox 2103 2950 3705 3031; baseline -0.006 -19"><span class='ocrx_word' id='word_1_485' title='bbox 2103 2959 2327 3031; x_wconf 80' lang='grc' dir='ltr'><strong>χρηστῷ</strong></span> <span class='ocrx_word' id='word_1_486' title='bbox 2382 2958 2793 3029; x_wconf 77' lang='grc' dir='ltr'><strong>προσῳκείωτο,</strong></span> <span class='ocrx_word' id='word_1_487' title='bbox 2846 2956 2907 3009; x_wconf 79' lang='grc' dir='ltr'>ὃν</span> <span class='ocrx_word' id='word_1_488' title='bbox 2955 2957 3052 3008; x_wconf 71' lang='grc' dir='ltr'><strong>καὶ</strong></span> <span class='ocrx_word' id='word_1_489' title='bbox 3110 2955 3258 3007; x_wconf 75' lang='grc' dir='ltr'>ἴσασι</span> <span class='ocrx_word' id='word_1_490' title='bbox 3314 2953 3540 3018; x_wconf 78' lang='grc' dir='ltr'><strong>πάντες,</strong></span> <span class='ocrx_word' id='word_1_491' title='bbox 3576 2950 3705 3003; x_wconf 72' lang='grc' dir='ltr'>υιίιν</span> 
     </span>
    </p>
   </div>
   <div class='ocr_carea' id='block_1_73' title="bbox 2107 3041 3703 3118">
    <p class='ocr_par' dir='ltr' id='par_1_73' title="bbox 2107 3041 3703 3118">
     <span class='ocr_line' id='line_1_73' title="bbox 2107 3041 3703 3118; baseline -0.006 -15"><span class='ocrx_word' id='word_1_492' title='bbox 2107 3051 2529 3105; x_wconf 81' lang='grc' dir='ltr'><strong>Κωνσταντίνου</strong></span> <span class='ocrx_word' id='word_1_493' title='bbox 2565 3047 2846 3118; x_wconf 74' lang='grc' dir='ltr'><strong>γενέσθαι,</strong></span> <span class='ocrx_word' id='word_1_494' title='bbox 2877 3046 2994 3113; x_wconf 79' lang='grc' dir='ltr'><strong>τοῦ,</strong></span> <span class='ocrx_word' id='word_1_495' title='bbox 3042 3046 3113 3100; x_wconf 80' lang='grc' dir='ltr'><strong>τὰ</strong></span> <span class='ocrx_word' id='word_1_496' title='bbox 3160 3045 3341 3100; x_wconf 78' lang='grc' dir='ltr'>πάντα</span> <span class='ocrx_word' id='word_1_497' title='bbox 3400 3041 3703 3096; x_wconf 70' lang='grc' dir='ltr'>συνελόντα.</span> 
     </span>
    </p>
   </div>
   <div class='ocr_carea' id='block_1_74' title="bbox 2103 3134 3707 3212">
    <p class='ocr_par' dir='ltr' id='par_1_74' title="bbox 2103 3134 3707 3212">
     <span class='ocr_line' id='line_1_74' title="bbox 2103 3134 3707 3212; baseline -0.004 -17"><span class='ocrx_word' id='word_1_498' title='bbox 2103 3141 2300 3207; x_wconf 68' lang='grc' dir='ltr'><strong>εἰπὼν,</strong></span> <span class='ocrx_word' id='word_1_499' title='bbox 2331 3141 2787 3212; x_wconf 79' lang='grc' dir='ltr'><strong>βασιλικωτάτου.</strong></span> <span class='ocrx_word' id='word_1_500' title='bbox 2831 3160 2852 3193; x_wconf 73' lang='grc' dir='ltr'><strong>ι</strong></span> <span class='ocrx_word' id='word_1_501' title='bbox 2891 3140 2953 3195; x_wconf 83' lang='grc' dir='ltr'><strong>Εἰ</strong></span> <span class='ocrx_word' id='word_1_502' title='bbox 2978 3153 3109 3194; x_wconf 84' lang='lat' dir='ltr'><strong>vero</strong></span> <span class='ocrx_word' id='word_1_503' title='bbox 3129 3136 3367 3210; x_wconf 62' lang='grc' dir='ltr'><strong>(ΒΜ-δε)</strong></span> <span class='ocrx_word' id='word_1_504' title='bbox 3390 3150 3585 3207; x_wconf 85' lang='lat' dir='ltr'><strong>magna</strong></span> <span class='ocrx_word' id='word_1_505' title='bbox 3607 3134 3707 3189; x_wconf 85' lang='lat' dir='ltr'><strong>in-</strong></span> 
     </span>
    </p>
   </div>
   <div class='ocr_carea' id='block_1_75' title="bbox 2100 3231 3703 3299">
    <p class='ocr_par' dir='ltr' id='par_1_75' title="bbox 2100 3231 3703 3299">
     <span class='ocr_line' id='line_1_75' title="bbox 2100 3231 3703 3299; baseline -0.005 -9"><span class='ocrx_word' id='word_1_506' title='bbox 2100 3242 2433 3291; x_wconf 81' lang='lat' dir='ltr'><strong>tercesserat</strong></span> <span class='ocrx_word' id='word_1_507' title='bbox 2488 3233 2836 3288; x_wconf 78' lang='lat' dir='ltr'><strong>familiaritas</strong></span> <span class='ocrx_word' id='word_1_508' title='bbox 2889 3247 3014 3288; x_wconf 85' lang='lat' dir='ltr'><strong>cum</strong></span> <span class='ocrx_word' id='word_1_509' title='bbox 3056 3231 3308 3288; x_wconf 83' lang='lat' dir='ltr'><strong>Romano</strong></span> <span class='ocrx_word' id='word_1_510' title='bbox 3357 3232 3703 3299; x_wconf 78' lang='lat' dir='ltr'><strong>imperatore</strong></span> 
     </span>
    </p>
   </div>
   <div class='ocr_carea' id='block_1_76' title="bbox 2099 3319 3700 3398">
    <p class='ocr_par' dir='ltr' id='par_1_76' title="bbox 2099 3319 3700 3398">
     <span class='ocr_line' id='line_1_76' title="bbox 2099 3319 3700 3398; baseline -0.006 -15"><span class='ocrx_word' id='word_1_511' title='bbox 2099 3326 2340 3398; x_wconf 88' lang='lat' dir='ltr'><strong>benigno</strong></span> <span class='ocrx_word' id='word_1_512' title='bbox 2374 3335 2431 3381; x_wconf 90' lang='lat' dir='ltr'><strong>et</strong></span> <span class='ocrx_word' id='word_1_513' title='bbox 2456 3325 2751 3391; x_wconf 87' lang='lat' dir='ltr'><strong>clemente,</strong></span> <span class='ocrx_word' id='word_1_514' title='bbox 2776 3338 2941 3396; x_wconf 83' lang='lat' dir='ltr'><strong>quem</strong></span> <span class='ocrx_word' id='word_1_515' title='bbox 2977 3324 3163 3380; x_wconf 90' lang='lat' dir='ltr'><strong>sciunt</strong></span> <span class='ocrx_word' id='word_1_516' title='bbox 3195 3332 3391 3377; x_wconf 83' lang='lat' dir='ltr'><strong>omnes</strong></span> <span class='ocrx_word' id='word_1_517' title='bbox 3414 3320 3585 3376; x_wconf 88' lang='lat' dir='ltr'><strong>fuisse</strong></span> <span class='ocrx_word' id='word_1_518' title='bbox 3624 3319 3700 3374; x_wconf 79' lang='lat' dir='ltr'><strong>fi-</strong></span> 
     </span>
    </p>
   </div>
   <div class='ocr_carea' id='block_1_77' title="bbox 2098 3411 3703 3490">
    <p class='ocr_par' dir='ltr' id='par_1_77' title="bbox 2098 3411 3703 3490">
     <span class='ocr_line' id='line_1_77' title="bbox 2098 3411 3703 3490; baseline -0.005 -17"><span class='ocrx_word' id='word_1_519' title='bbox 2098 3419 2233 3475; x_wconf 90' lang='lat' dir='ltr'><strong>lium</strong></span> <span class='ocrx_word' id='word_1_520' title='bbox 2269 3418 2643 3486; x_wconf 84' lang='lat' dir='ltr'><strong>Constantini,</strong></span> <span class='ocrx_word' id='word_1_521' title='bbox 2682 3420 2779 3490; x_wconf 90' lang='lat' dir='ltr'><strong>qui</strong></span> <span class='ocrx_word' id='word_1_522' title='bbox 2814 3418 2901 3489; x_wconf 93' lang='lat' dir='ltr'><strong>(ut</strong></span> <span class='ocrx_word' id='word_1_523' title='bbox 2928 3416 3115 3472; x_wconf 86' lang='lat' dir='ltr'><strong>omnia</strong></span> <span class='ocrx_word' id='word_1_524' title='bbox 3145 3416 3317 3471; x_wconf 89' lang='lat' dir='ltr'><strong>semel</strong></span> <span class='ocrx_word' id='word_1_525' title='bbox 3353 3414 3556 3483; x_wconf 85' lang='lat' dir='ltr'><strong>dicam)</strong></span> <span class='ocrx_word' id='word_1_526' title='bbox 3584 3411 3703 3468; x_wconf 86' lang='lat' dir='ltr'><strong>fuit</strong></span> 
     </span>
    </p>
   </div>
   <div class='ocr_carea' id='block_1_78' title="bbox 2099 3505 3701 3583">
    <p class='ocr_par' dir='ltr' id='par_1_78' title="bbox 2099 3505 3701 3583">
     <span class='ocr_line' id='line_1_78' title="bbox 2099 3505 3701 3583; baseline -0.006 -17"><span class='ocrx_word' id='word_1_527' title='bbox 2099 3511 2401 3583; x_wconf 82' lang='lat' dir='ltr'><strong>imperator</strong></span> <span class='ocrx_word' id='word_1_528' title='bbox 2451 3511 2729 3582; x_wconf 86' lang='lat' dir='ltr'><strong>egregius,</strong></span> <span class='ocrx_word' id='word_1_529' title='bbox 2757 3522 2779 3563; x_wconf 69' lang='grc' dir='ltr'><strong>ι</strong></span> <span class='ocrx_word' id='word_1_530' title='bbox 2827 3508 3034 3581; x_wconf 83' lang='lat' dir='ltr'><strong>quibus</strong></span> <span class='ocrx_word' id='word_1_531' title='bbox 3066 3506 3260 3562; x_wconf 83' lang='lat' dir='ltr'><strong>verbis</strong></span> <span class='ocrx_word' id='word_1_532' title='bbox 3312 3505 3383 3562; x_wconf 88' lang='lat' dir='ltr'><strong>de</strong></span> <span class='ocrx_word' id='word_1_533' title='bbox 3438 3505 3701 3561; x_wconf 80' lang='lat' dir='ltr'><strong>Romano</strong></span> 
     </span>
    </p>
   </div>
   <div class='ocr_carea' id='block_1_79' title="bbox 2097 3594 3703 3673">
    <p class='ocr_par' dir='ltr' id='par_1_79' title="bbox 2097 3594 3703 3673">
     <span class='ocr_line' id='line_1_79' title="bbox 2097 3594 3703 3673; baseline -0.007 -14"><span class='ocrx_word' id='word_1_534' title='bbox 2097 3600 2446 3659; x_wconf 87' lang='lat' dir='ltr'><strong>Constantini</strong></span> <span class='ocrx_word' id='word_1_535' title='bbox 2478 3599 2935 3673; x_wconf 78' lang='lat' dir='ltr'><strong>Porphyrogeniti</strong></span> <span class='ocrx_word' id='word_1_536' title='bbox 2975 3598 3113 3660; x_wconf 77' lang='lat' dir='ltr'><strong>lilio.</strong></span> <span class='ocrx_word' id='word_1_537' title='bbox 3140 3598 3331 3669; x_wconf 81' lang='lat' dir='ltr'><strong>utjam</strong></span> <span class='ocrx_word' id='word_1_538' title='bbox 3358 3606 3579 3650; x_wconf 90' lang='lat' dir='ltr'><strong>mortuo</strong></span> <span class='ocrx_word' id='word_1_539' title='bbox 3603 3594 3703 3649; x_wconf 75' lang='lat' dir='ltr'><strong>lo-</strong></span> 
     </span>
    </p>
   </div>
   <div class='ocr_carea' id='block_1_80' title="bbox 2099 3687 3702 3762">
    <p class='ocr_par' dir='ltr' id='par_1_80' title="bbox 2099 3687 3702 3762">
     <span class='ocr_line' id='line_1_80' title="bbox 2099 3687 3702 3762; baseline -0.005 -15"><span class='ocrx_word' id='word_1_540' title='bbox 2099 3693 2193 3762; x_wconf 89' lang='lat' dir='ltr'><strong>qui</strong></span> <span class='ocrx_word' id='word_1_541' title='bbox 2217 3692 2459 3758; x_wconf 81' lang='lat' dir='ltr'><strong>videtur,</strong></span> <span class='ocrx_word' id='word_1_542' title='bbox 2498 3692 2609 3748; x_wconf 87' lang='lat' dir='ltr'><strong>nisi</strong></span> <span class='ocrx_word' id='word_1_543' title='bbox 2640 3691 2783 3746; x_wconf 87' lang='lat' dir='ltr'><strong>forte</strong></span> <span class='ocrx_word' id='word_1_544' title='bbox 2806 3690 2946 3746; x_wconf 81' lang='lat' dir='ltr'><strong>verti</strong></span> <span class='ocrx_word' id='word_1_545' title='bbox 2976 3689 3152 3760; x_wconf 84' lang='lat' dir='ltr'><strong>possit</strong></span> <span class='ocrx_word' id='word_1_546' title='bbox 3181 3706 3195 3744; x_wconf 90' lang='lat'>:</span> <span class='ocrx_word' id='word_1_547' title='bbox 3247 3707 3266 3741; x_wconf 86' lang='grc' dir='ltr'><strong>ι</strong></span> <span class='ocrx_word' id='word_1_548' title='bbox 3295 3687 3360 3743; x_wconf 88' lang='lat' dir='ltr'><strong>Ei</strong></span> <span class='ocrx_word' id='word_1_549' title='bbox 3403 3700 3537 3742; x_wconf 88' lang='lat' dir='ltr'><strong>vero</strong></span> <span class='ocrx_word' id='word_1_550' title='bbox 3574 3701 3702 3740; x_wconf 82' lang='lat' dir='ltr'><strong>ma-</strong></span> 
     </span>
    </p>
   </div>
   <div class='ocr_carea' id='block_1_81' title="bbox 2098 3779 3698 3859">
    <p class='ocr_par' dir='ltr' id='par_1_81' title="bbox 2098 3779 3698 3859">
     <span class='ocr_line' id='line_1_81' title="bbox 2098 3779 3698 3859; baseline -0.006 -18"><span class='ocrx_word' id='word_1_551' title='bbox 2098 3800 2205 3859; x_wconf 84' lang='lat' dir='ltr'><strong>gna</strong></span> <span class='ocrx_word' id='word_1_552' title='bbox 2229 3784 2608 3842; x_wconf 87' lang='lat' dir='ltr'><strong>intercedebat</strong></span> <span class='ocrx_word' id='word_1_553' title='bbox 2635 3783 2987 3839; x_wconf 86' lang='lat' dir='ltr'><strong>familiaritas</strong></span> <span class='ocrx_word' id='word_1_554' title='bbox 3015 3796 3141 3837; x_wconf 87' lang='lat' dir='ltr'><strong>cum</strong></span> <span class='ocrx_word' id='word_1_555' title='bbox 3173 3781 3426 3836; x_wconf 78' lang='lat' dir='ltr'><strong>Romano</strong></span> <span class='ocrx_word' id='word_1_556' title='bbox 3448 3779 3698 3848; x_wconf 87' lang='lat' dir='ltr'><strong>impera-</strong></span> 
     </span>
    </p>
   </div>
   <div class='ocr_carea' id='block_1_82' title="bbox 2100 3872 3695 3948">
    <p class='ocr_par' dir='ltr' id='par_1_82' title="bbox 2100 3872 3695 3948">
     <span class='ocr_line' id='line_1_82' title="bbox 2100 3872 3695 3948; baseline -0.008 -14"><span class='ocrx_word' id='word_1_557' title='bbox 2100 3888 2242 3942; x_wconf 87' lang='lat' dir='ltr'><strong>tore,</strong></span> <span class='ocrx_word' id='word_1_558' title='bbox 2272 3892 2435 3948; x_wconf 85' lang='lat' dir='ltr'><strong>quem</strong></span> <span class='ocrx_word' id='word_1_559' title='bbox 2458 3876 2643 3933; x_wconf 83' lang='lat' dir='ltr'><strong>sciunt</strong></span> <span class='ocrx_word' id='word_1_560' title='bbox 2672 3888 2871 3931; x_wconf 84' lang='lat' dir='ltr'><strong>omnes</strong></span> <span class='ocrx_word' id='word_1_561' title='bbox 2897 3886 3021 3931; x_wconf 84' lang='lat' dir='ltr'><strong>esse</strong></span> <span class='ocrx_word' id='word_1_562' title='bbox 3043 3874 3216 3929; x_wconf 76' lang='lat' dir='ltr'><strong>ﬁlium</strong></span> <span class='ocrx_word' id='word_1_563' title='bbox 3240 3872 3627 3936; x_wconf 72' lang='lat' dir='ltr'><strong>Constantini;</strong></span> <span class='ocrx_word' id='word_1_564' title='bbox 3668 3889 3695 3922; x_wconf 69' lang='grc' dir='ltr'><strong>ι</strong></span> 
     </span>
    </p>
   </div>
   <div class='ocr_carea' id='block_1_83' title="bbox 2099 3963 3698 4041">
    <p class='ocr_par' dir='ltr' id='par_1_83' title="bbox 2099 3963 3698 4041">
     <span class='ocr_line' id='line_1_83' title="bbox 2099 3963 3698 4041; baseline -0.006 -15"><span class='ocrx_word' id='word_1_565' title='bbox 2099 3980 2266 4041; x_wconf 86' lang='lat' dir='ltr'><strong>atque</strong></span> <span class='ocrx_word' id='word_1_566' title='bbox 2301 3971 2378 4025; x_wconf 90' lang='lat' dir='ltr'><strong>ita</strong></span> <span class='ocrx_word' id='word_1_567' title='bbox 2409 3972 2479 4025; x_wconf 86' lang='lat' dir='ltr'><strong>ad</strong></span> <span class='ocrx_word' id='word_1_568' title='bbox 2508 3969 2745 4025; x_wconf 78' lang='lat' dir='ltr'><strong>Romani</strong></span> <span class='ocrx_word' id='word_1_569' title='bbox 2781 3966 3138 4040; x_wconf 82' lang='lat' dir='ltr'><strong>imperatoris</strong></span> <span class='ocrx_word' id='word_1_570' title='bbox 3174 3974 3445 4037; x_wconf 86' lang='lat' dir='ltr'><strong>tempora,</strong></span> <span class='ocrx_word' id='word_1_571' title='bbox 3479 3964 3573 4035; x_wconf 87' lang='lat' dir='ltr'><strong>qui</strong></span> <span class='ocrx_word' id='word_1_572' title='bbox 3621 3963 3698 4017; x_wconf 89' lang='lat' dir='ltr'><strong>ab</strong></span> 
     </span>
    </p>
   </div>
   <div class='ocr_carea' id='block_1_84' title="bbox 2101 4058 3690 4130">
    <p class='ocr_par' dir='ltr' id='par_1_84' title="bbox 2101 4058 3690 4130">
     <span class='ocr_line' id='line_1_84' title="bbox 2101 4058 3690 4130; baseline -0.006 -11"><span class='ocrx_word' id='word_1_573' title='bbox 2101 4077 2247 4119; x_wconf 90' lang='lat' dir='ltr'><strong>anno</strong></span> <span class='ocrx_word' id='word_1_574' title='bbox 2295 4060 2403 4119; x_wconf 77' lang='lat'><strong>960</strong></span> <span class='ocrx_word' id='word_1_575' title='bbox 2451 4062 2520 4117; x_wconf 88' lang='lat' dir='ltr'><strong>ad</strong></span> <span class='ocrx_word' id='word_1_576' title='bbox 2564 4062 2636 4118; x_wconf 77' lang='lat'><strong>65</strong></span> <span class='ocrx_word' id='word_1_577' title='bbox 2675 4061 2971 4130; x_wconf 85' lang='lat' dir='ltr'><strong>imperium</strong></span> <span class='ocrx_word' id='word_1_578' title='bbox 3004 4060 3204 4125; x_wconf 81' lang='lat' dir='ltr'><strong>tenuit,</strong></span> <span class='ocrx_word' id='word_1_579' title='bbox 3239 4058 3432 4113; x_wconf 71' lang='lat' dir='ltr'><strong>referri</strong></span> <span class='ocrx_word' id='word_1_580' title='bbox 3476 4066 3690 4127; x_wconf 85' lang='lat' dir='ltr'><strong>posset,</strong></span> 
     </span>
    </p>
   </div>
   <div class='ocr_carea' id='block_1_85' title="bbox 2099 4150 3701 4222">
    <p class='ocr_par' dir='ltr' id='par_1_85' title="bbox 2099 4150 3701 4222">
     <span class='ocr_line' id='line_1_85' title="bbox 2099 4150 3701 4222; baseline -0.004 -13"><span class='ocrx_word' id='word_1_581' title='bbox 2099 4154 2239 4210; x_wconf 86' lang='lat' dir='ltr'><strong>alias</strong></span> <span class='ocrx_word' id='word_1_582' title='bbox 2260 4153 2329 4209; x_wconf 88' lang='lat' dir='ltr'><strong>ad</strong></span> <span class='ocrx_word' id='word_1_583' title='bbox 2354 4154 2697 4210; x_wconf 88' lang='lat' dir='ltr'><strong>successoris</strong></span> <span class='ocrx_word' id='word_1_584' title='bbox 2726 4153 2874 4211; x_wconf 86' lang='lat' dir='ltr'><strong>illius</strong></span> <span class='ocrx_word' id='word_1_585' title='bbox 2894 4151 3191 4222; x_wconf 85' lang='lat' dir='ltr'><strong>Nicephori</strong></span> <span class='ocrx_word' id='word_1_586' title='bbox 3219 4150 3418 4206; x_wconf 68' lang='lat' dir='ltr'><strong>Phoce</strong></span> <span class='ocrx_word' id='word_1_587' title='bbox 3446 4158 3701 4219; x_wconf 79' lang='lat' dir='ltr'><strong>tempora</strong></span> 
     </span>
    </p>
   </div>
   <div class='ocr_carea' id='block_1_86' title="bbox 2104 4241 3697 4317">
    <p class='ocr_par' dir='ltr' id='par_1_86' title="bbox 2104 4241 3697 4317">
     <span class='ocr_line' id='line_1_86' title="bbox 2104 4241 3697 4317; baseline -0.004 -17"><span class='ocrx_word' id='word_1_588' title='bbox 2104 4244 2542 4312; x_wconf 86' lang='lat' dir='ltr'><strong>transferendus,</strong></span> <span class='ocrx_word' id='word_1_589' title='bbox 2598 4246 2847 4317; x_wconf 86' lang='lat' dir='ltr'><strong>adeoque</strong></span> <span class='ocrx_word' id='word_1_590' title='bbox 2899 4245 3037 4300; x_wconf 89' lang='lat' dir='ltr'><strong>nihil</strong></span> <span class='ocrx_word' id='word_1_591' title='bbox 3093 4244 3185 4300; x_wconf 82' lang='lat' dir='ltr'><strong>hic</strong></span> <span class='ocrx_word' id='word_1_592' title='bbox 3215 4253 3322 4308; x_wconf 85' lang='lat' dir='ltr'><strong>est,</strong></span> <span class='ocrx_word' id='word_1_593' title='bbox 3366 4241 3514 4313; x_wconf 92' lang='lat' dir='ltr'><strong>quod</strong></span> <span class='ocrx_word' id='word_1_594' title='bbox 3566 4256 3697 4295; x_wconf 89' lang='lat' dir='ltr'><strong>cum</strong></span> 
     </span>
    </p>
   </div>
   <div class='ocr_carea' id='block_1_87' title="bbox 2101 4334 2941 4407">
    <p class='ocr_par' dir='ltr' id='par_1_87' title="bbox 2101 4334 2941 4407">
     <span class='ocr_line' id='line_1_87' title="bbox 2101 4334 2941 4407; baseline 0.001 -17"><span class='ocrx_word' id='word_1_595' title='bbox 2101 4342 2266 4391; x_wconf 64' lang='lat' dir='ltr'><strong>etate</strong></span> <span class='ocrx_word' id='word_1_596' title='bbox 2299 4334 2688 4406; x_wconf 82' lang='lat' dir='ltr'><strong>Metaphrastis</strong></span> <span class='ocrx_word' id='word_1_597' title='bbox 2712 4346 2941 4407; x_wconf 85' lang='lat' dir='ltr'><strong>pugnet.</strong></span> 
     </span>
    </p>
   </div>
   <div class='ocr_carea' id='block_1_88' title="bbox 2177 4423 3701 4499">
    <p class='ocr_par' dir='ltr' id='par_1_88' title="bbox 2177 4423 3701 4499">
     <span class='ocr_line' id='line_1_88' title="bbox 2177 4423 3701 4499; baseline -0.003 -16"><span class='ocrx_word' id='word_1_598' title='bbox 2177 4427 2266 4483; x_wconf 76' lang='grc'><strong>12.</strong></span> <span class='ocrx_word' id='word_1_599' title='bbox 2297 4426 2370 4483; x_wconf 78' lang='lat' dir='ltr'><strong>At</strong></span> <span class='ocrx_word' id='word_1_600' title='bbox 2400 4427 2600 4483; x_wconf 87' lang='lat' dir='ltr'><strong>terruit</strong></span> <span class='ocrx_word' id='word_1_601' title='bbox 2623 4441 2712 4482; x_wconf 85' lang='lat' dir='ltr'><strong>me</strong></span> <span class='ocrx_word' id='word_1_602' title='bbox 2734 4428 2884 4499; x_wconf 87' lang='lat' dir='ltr'><strong>quod</strong></span> <span class='ocrx_word' id='word_1_603' title='bbox 2905 4440 3059 4483; x_wconf 81' lang='lat' dir='ltr'><strong>num.</strong></span> <span class='ocrx_word' id='word_1_604' title='bbox 3091 4427 3161 4483; x_wconf 76' lang='lat' dir='ltr'><strong>l5</strong></span> <span class='ocrx_word' id='word_1_605' title='bbox 3187 4427 3421 4498; x_wconf 85' lang='lat' dir='ltr'><strong>legatur,</strong></span> <span class='ocrx_word' id='word_1_606' title='bbox 3457 4433 3514 4481; x_wconf 91' lang='lat' dir='ltr'><strong>ut</strong></span> <span class='ocrx_word' id='word_1_607' title='bbox 3549 4423 3701 4495; x_wconf 87' lang='lat' dir='ltr'><strong>apud</strong></span> 
     </span>
    </p>
   </div>
   <div class='ocr_carea' id='block_1_89' title="bbox 493 4514 3706 4602">
    <p class='ocr_par' dir='ltr' id='par_1_89' title="bbox 493 4514 3706 4602">
     <span class='ocr_line' id='line_1_89' title="bbox 493 4514 3706 4602; baseline 0.003 -33"><span class='ocrx_word' id='word_1_608' title='bbox 493 4514 580 4572; x_wconf 78' lang='lat'><strong>10.</strong></span> <span class='ocrx_word' id='word_1_609' title='bbox 614 4516 770 4584; x_wconf 86' lang='lat' dir='ltr'><strong>Quod</strong></span> <span class='ocrx_word' id='word_1_610' title='bbox 798 4515 968 4587; x_wconf 88' lang='lat' dir='ltr'><strong>igitur</strong></span> <span class='ocrx_word' id='word_1_611' title='bbox 998 4517 1052 4572; x_wconf 92' lang='lat' dir='ltr'><strong>in</strong></span> <span class='ocrx_word' id='word_1_612' title='bbox 1088 4516 1280 4588; x_wconf 87' lang='lat' dir='ltr'><strong>paucis</strong></span> <span class='ocrx_word' id='word_1_613' title='bbox 1308 4516 1559 4590; x_wconf 81' lang='lat' dir='ltr'><strong>contigit,</strong></span> <span class='ocrx_word' id='word_1_614' title='bbox 1593 4517 1648 4572; x_wconf 90' lang='lat' dir='ltr'><strong>in</strong></span> <span class='ocrx_word' id='word_1_615' title='bbox 1687 4517 1998 4588; x_wconf 68' lang='lat' dir='ltr'><strong>Metaplra-</strong></span> <span class='ocrx_word' id='word_1_616' title='bbox 2034 4546 2079 4602; x_wconf 61' lang='grc' dir='ltr'><strong><em>Β</em></strong></span> <span class='ocrx_word' id='word_1_617' title='bbox 2107 4523 2333 4581; x_wconf 87' lang='lat' dir='ltr'><strong>Surium</strong></span> <span class='ocrx_word' id='word_1_618' title='bbox 2392 4525 2718 4581; x_wconf 84' lang='lat' dir='ltr'><strong>translatum</strong></span> <span class='ocrx_word' id='word_1_619' title='bbox 2771 4534 2878 4590; x_wconf 86' lang='lat' dir='ltr'><strong>est,</strong></span> <span class='ocrx_word' id='word_1_620' title='bbox 2927 4525 3142 4581; x_wconf 84' lang='lat' dir='ltr'><strong>scilicet</strong></span> <span class='ocrx_word' id='word_1_621' title='bbox 3177 4547 3191 4582; x_wconf 88' lang='lat'><strong>:</strong></span> <span class='ocrx_word' id='word_1_622' title='bbox 3232 4544 3254 4577; x_wconf 77' lang='grc' dir='ltr'><strong>ι</strong></span> <span class='ocrx_word' id='word_1_623' title='bbox 3288 4526 3429 4580; x_wconf 84' lang='lat' dir='ltr'><strong>Petit</strong></span> <span class='ocrx_word' id='word_1_624' title='bbox 3476 4541 3506 4578; x_wconf 90' lang='lat' dir='ltr'><strong>a</strong></span> <span class='ocrx_word' id='word_1_625' title='bbox 3549 4525 3706 4580; x_wconf 83' lang='lat' dir='ltr'><strong>bono</strong></span> 
     </span>
    </p>
   </div>
   <div class='ocr_carea' id='block_1_90' title="bbox 419 4607 2003 4679">
    <p class='ocr_par' dir='ltr' id='par_1_90' title="bbox 419 4607 2003 4679">
     <span class='ocr_line' id='line_1_90' title="bbox 419 4607 2003 4679; baseline -0.002 -11"><span class='ocrx_word' id='word_1_626' title='bbox 419 4622 503 4668; x_wconf 89' lang='lat' dir='ltr'><strong>ste</strong></span> <span class='ocrx_word' id='word_1_627' title='bbox 538 4610 862 4678; x_wconf 88' lang='lat' dir='ltr'><strong>contingere</strong></span> <span class='ocrx_word' id='word_1_628' title='bbox 891 4609 1093 4679; x_wconf 87' lang='lat' dir='ltr'><strong>potuit.</strong></span> <span class='ocrx_word' id='word_1_629' title='bbox 1115 4610 1415 4679; x_wconf 65' lang='lat' dir='ltr'><strong>praesertim</strong></span> <span class='ocrx_word' id='word_1_630' title='bbox 1443 4624 1569 4664; x_wconf 91' lang='lat' dir='ltr'><strong>cum</strong></span> <span class='ocrx_word' id='word_1_631' title='bbox 1596 4607 1825 4664; x_wconf 82' lang='lat' dir='ltr'><strong>Michael</strong></span> <span class='ocrx_word' id='word_1_632' title='bbox 1854 4610 2003 4665; x_wconf 87' lang='lat' dir='ltr'><strong>Psel—</strong></span> 
     </span>
    </p>
   </div>
   <div class='ocr_carea' id='block_1_91' title="bbox 419 4702 2005 4774">
    <p class='ocr_par' dir='ltr' id='par_1_91' title="bbox 419 4702 2005 4774">
     <span class='ocr_line' id='line_1_91' title="bbox 419 4702 2005 4774; baseline 0.001 -17"><span class='ocrx_word' id='word_1_633' title='bbox 419 4705 505 4759; x_wconf 85' lang='lat' dir='ltr'><strong>lus</strong></span> <span class='ocrx_word' id='word_1_634' title='bbox 547 4702 723 4774; x_wconf 88' lang='lat' dir='ltr'><strong>ipsius</strong></span> <span class='ocrx_word' id='word_1_635' title='bbox 778 4702 1165 4767; x_wconf 83' lang='lat' dir='ltr'><strong>encontiastes,</strong></span> <span class='ocrx_word' id='word_1_636' title='bbox 1195 4702 1314 4774; x_wconf 83' lang='lat' dir='ltr'><strong>ejus</strong></span> <span class='ocrx_word' id='word_1_637' title='bbox 1352 4704 1407 4757; x_wconf 91' lang='lat' dir='ltr'><strong>in</strong></span> <span class='ocrx_word' id='word_1_638' title='bbox 1440 4704 1615 4771; x_wconf 88' lang='lat' dir='ltr'><strong>prima</strong></span> <span class='ocrx_word' id='word_1_639' title='bbox 1655 4709 1816 4756; x_wconf 62' lang='lat' dir='ltr'><strong>aetate</strong></span> <span class='ocrx_word' id='word_1_640' title='bbox 1848 4702 2005 4774; x_wconf 85' lang='lat' dir='ltr'><strong>inge-</strong></span> 
     </span>
    </p>
   </div>
   <div class='ocr_carea' id='block_1_92' title="bbox 420 4793 2002 4863">
    <p class='ocr_par' dir='ltr' id='par_1_92' title="bbox 420 4793 2002 4863">
     <span class='ocr_line' id='line_1_92' title="bbox 420 4793 2002 4863; baseline 0.001 -14"><span class='ocrx_word' id='word_1_641' title='bbox 420 4796 593 4858; x_wconf 88' lang='lat' dir='ltr'><strong>nium,</strong></span> <span class='ocrx_word' id='word_1_642' title='bbox 621 4794 979 4863; x_wconf 90' lang='lat' dir='ltr'><strong>innatamque</strong></span> <span class='ocrx_word' id='word_1_643' title='bbox 1020 4794 1174 4863; x_wconf 89' lang='lat' dir='ltr'><strong>quasi</strong></span> <span class='ocrx_word' id='word_1_644' title='bbox 1209 4793 1554 4863; x_wconf 86' lang='lat' dir='ltr'><strong>prudentiam</strong></span> <span class='ocrx_word' id='word_1_645' title='bbox 1579 4793 1808 4849; x_wconf 71' lang='lat' dir='ltr'><strong>extollat</strong></span> <span class='ocrx_word' id='word_1_646' title='bbox 1847 4794 2002 4850; x_wconf 86' lang='lat' dir='ltr'><strong>hisce</strong></span> 
     </span>
    </p>
   </div>
   <div class='ocr_carea' id='block_1_93' title="bbox 424 4877 2006 4958">
    <p class='ocr_par' dir='ltr' id='par_1_93' title="bbox 424 4877 2006 4958">
     <span class='ocr_line' id='line_1_93' title="bbox 424 4877 2006 4958; baseline -0.002 -15"><span class='ocrx_word' id='word_1_647' title='bbox 424 4889 608 4944; x_wconf 84' lang='lat' dir='ltr'><strong>verbis</strong></span> <span class='ocrx_word' id='word_1_648' title='bbox 642 4906 655 4942; x_wconf 90' lang='lat'><strong>:</strong></span> <span class='ocrx_word' id='word_1_649' title='bbox 699 4906 717 4939; x_wconf 86' lang='grc' dir='ltr'><strong>ι</strong></span> <span class='ocrx_word' id='word_1_650' title='bbox 758 4885 868 4940; x_wconf 78' lang='grc' dir='ltr'><strong>Καὶ</strong></span> <span class='ocrx_word' id='word_1_651' title='bbox 897 4888 957 4939; x_wconf 84' lang='grc' dir='ltr'><strong>τὸ</strong></span> <span class='ocrx_word' id='word_1_652' title='bbox 1001 4877 1397 4940; x_wconf 58' lang='grc' dir='ltr'><strong>κατὰπάντων</strong></span> <span class='ocrx_word' id='word_1_653' title='bbox 1430 4887 1762 4957; x_wconf 62' lang='grc' dir='ltr'>ἀσύγκριτον</span> <span class='ocrx_word' id='word_1_654' title='bbox 1804 4888 2006 4958; x_wconf 66' lang='grc' dir='ltr'>κράτος</span> 
     </span>
    </p>
   </div>
   <div class='ocr_carea' id='block_1_94' title="bbox 422 4975 2006 5051">
    <p class='ocr_par' dir='ltr' id='par_1_94' title="bbox 422 4975 2006 5051">
     <span class='ocr_line' id='line_1_94' title="bbox 422 4975 2006 5051; baseline -0.008 -17"><span class='ocrx_word' id='word_1_655' title='bbox 422 4985 517 5037; x_wconf 70' lang='grc' dir='ltr'><strong>καὶ</strong></span> <span class='ocrx_word' id='word_1_656' title='bbox 538 4977 941 5051; x_wconf 79' lang='grc' dir='ltr'><strong>ἁπαράμιλλον,</strong></span> <span class='ocrx_word' id='word_1_657' title='bbox 972 4975 1041 5049; x_wconf 83' lang='grc' dir='ltr'>ἦν</span> <span class='ocrx_word' id='word_1_658' title='bbox 1080 4978 1176 5047; x_wconf 76' lang='grc' dir='ltr'><strong>μὲν</strong></span> <span class='ocrx_word' id='word_1_659' title='bbox 1199 4978 1359 5041; x_wconf 76' lang='grc' dir='ltr'><strong>εὐθὺς</strong></span> <span class='ocrx_word' id='word_1_660' title='bbox 1383 4979 1442 5031; x_wconf 76' lang='grc' dir='ltr'><strong>τὸ</strong></span> <span class='ocrx_word' id='word_1_661' title='bbox 1471 4979 1534 5032; x_wconf 81' lang='grc' dir='ltr'>ἐκ</span> <span class='ocrx_word' id='word_1_662' title='bbox 1555 4978 1799 5049; x_wconf 75' lang='grc' dir='ltr'><strong>πρώτης,</strong></span> <span class='ocrx_word' id='word_1_663' title='bbox 1828 4981 1902 5044; x_wconf 76' lang='grc' dir='ltr'><strong>ὡς</strong></span> <span class='ocrx_word' id='word_1_664' title='bbox 1929 4982 2006 5033; x_wconf 77' lang='grc' dir='ltr'><strong>ει.</strong></span> 
     </span>
    </p>
   </div>
   <div class='ocr_carea' id='block_1_95' title="bbox 422 5070 2006 5144">
    <p class='ocr_par' dir='ltr' id='par_1_95' title="bbox 422 5070 2006 5144">
     <span class='ocr_line' id='line_1_95' title="bbox 422 5070 2006 5144; baseline -0.002 -16"><span class='ocrx_word' id='word_1_665' title='bbox 422 5079 566 5142; x_wconf 80' lang='grc' dir='ltr'>πεῖν,</span> <span class='ocrx_word' id='word_1_666' title='bbox 596 5072 887 5144; x_wconf 79' lang='grc' dir='ltr'><strong>γενέσεως,</strong></span> <span class='ocrx_word' id='word_1_667' title='bbox 921 5071 1019 5126; x_wconf 75' lang='grc' dir='ltr'><strong>καὶ</strong></span> <span class='ocrx_word' id='word_1_668' title='bbox 1054 5071 1111 5135; x_wconf 73' lang='grc' dir='ltr'><strong>ἐξ</strong></span> <span class='ocrx_word' id='word_1_669' title='bbox 1143 5070 1414 5137; x_wconf 75' lang='grc' dir='ltr'><strong>ἀνθούσης</strong></span> <span class='ocrx_word' id='word_1_670' title='bbox 1444 5072 1545 5141; x_wconf 62' lang='grc' dir='ltr'><strong>ἤδη</strong></span> <span class='ocrx_word' id='word_1_671' title='bbox 1576 5071 1781 5143; x_wconf 83' lang='grc' dir='ltr'><strong>τριχὸς,</strong></span> <span class='ocrx_word' id='word_1_672' title='bbox 1813 5071 2006 5143; x_wconf 77' lang='grc' dir='ltr'>ὥσπερ</span> 
     </span>
    </p>
   </div>
   <div class='ocr_carea' id='block_1_96' title="bbox 419 5162 2004 5236">
    <p class='ocr_par' dir='ltr' id='par_1_96' title="bbox 419 5162 2004 5236">
     <span class='ocr_line' id='line_1_96' title="bbox 419 5162 2004 5236; baseline -0.003 -12"><span class='ocrx_word' id='word_1_673' title='bbox 419 5170 469 5224; x_wconf 87' lang='grc' dir='ltr'><strong>οἱ</strong></span> <span class='ocrx_word' id='word_1_674' title='bbox 513 5170 622 5221; x_wconf 83' lang='grc' dir='ltr'>τῶν</span> <span class='ocrx_word' id='word_1_675' title='bbox 657 5167 887 5222; x_wconf 77' lang='grc' dir='ltr'><strong>λεόντων</strong></span> <span class='ocrx_word' id='word_1_676' title='bbox 928 5165 1182 5235; x_wconf 74' lang='grc' dir='ltr'><strong>σκύμνοι,</strong></span> <span class='ocrx_word' id='word_1_677' title='bbox 1208 5162 1371 5226; x_wconf 76' lang='grc' dir='ltr'>εὐθὺς</span> <span class='ocrx_word' id='word_1_678' title='bbox 1395 5163 1493 5234; x_wconf 79' lang='grc' dir='ltr'><strong>τὴν</strong></span> <span class='ocrx_word' id='word_1_679' title='bbox 1523 5165 1697 5236; x_wconf 71' lang='grc' dir='ltr'>ὀφρὺν</span> <span class='ocrx_word' id='word_1_680' title='bbox 1735 5165 2004 5236; x_wconf 77' lang='grc' dir='ltr'><strong>παραδει-</strong></span> 
     </span>
    </p>
   </div>
   <div class='ocr_carea' id='block_1_97' title="bbox 421 5254 2001 5326">
    <p class='ocr_par' dir='ltr' id='par_1_97' title="bbox 421 5254 2001 5326">
     <span class='ocr_line' id='line_1_97' title="bbox 421 5254 2001 5326; baseline -0.003 -12"><span class='ocrx_word' id='word_1_681' title='bbox 421 5259 701 5325; x_wconf 75' lang='grc' dir='ltr'>κνύοντες,</span> <span class='ocrx_word' id='word_1_682' title='bbox 743 5260 836 5312; x_wconf 77' lang='grc' dir='ltr'>καὶ</span> <span class='ocrx_word' id='word_1_683' title='bbox 880 5258 990 5311; x_wconf 83' lang='grc' dir='ltr'><strong>τῶν</strong></span> <span class='ocrx_word' id='word_1_684' title='bbox 1036 5254 1377 5325; x_wconf 74' lang='grc' dir='ltr'>ἐπαυχενίων</span> <span class='ocrx_word' id='word_1_685' title='bbox 1423 5256 1631 5326; x_wconf 79' lang='grc' dir='ltr'><strong>τριχῶν</strong></span> <span class='ocrx_word' id='word_1_686' title='bbox 1684 5256 1745 5311; x_wconf 79' lang='grc' dir='ltr'><strong>τὸ</strong></span> <span class='ocrx_word' id='word_1_687' title='bbox 1796 5256 2001 5310; x_wconf 83' lang='grc' dir='ltr'><strong>λάσιον.</strong></span> 
     </span>
    </p>
   </div>
   <div class='ocr_carea' id='block_1_98' title="bbox 425 5346 2007 5424">
    <p class='ocr_par' dir='ltr' id='par_1_98' title="bbox 425 5346 2007 5424">
     <span class='ocr_line' id='line_1_98' title="bbox 425 5346 2007 5424; baseline -0.004 -17"><span class='ocrx_word' id='word_1_688' title='bbox 425 5352 691 5424; x_wconf 79' lang='grc' dir='ltr'><strong>’Υπήνθει</strong></span> <span class='ocrx_word' id='word_1_689' title='bbox 729 5350 838 5420; x_wconf 79' lang='grc' dir='ltr'><strong>γὰρ</strong></span> <span class='ocrx_word' id='word_1_690' title='bbox 878 5346 1027 5418; x_wconf 82' lang='grc' dir='ltr'><strong>αὐτῷ</strong></span> <span class='ocrx_word' id='word_1_691' title='bbox 1066 5348 1133 5400; x_wconf 82' lang='grc' dir='ltr'>τὰ</span> <span class='ocrx_word' id='word_1_692' title='bbox 1164 5350 1262 5414; x_wconf 67' lang='grc' dir='ltr'><strong>τῆς</strong></span> <span class='ocrx_word' id='word_1_693' title='bbox 1307 5346 1575 5409; x_wconf 78' lang='grc' dir='ltr'><strong>συνέσεως</strong></span> <span class='ocrx_word' id='word_1_694' title='bbox 1618 5347 1779 5415; x_wconf 76' lang='grc' dir='ltr'>ἄνθη,</span> <span class='ocrx_word' id='word_1_695' title='bbox 1810 5349 1904 5402; x_wconf 78' lang='grc' dir='ltr'><strong>καὶ</strong></span> <span class='ocrx_word' id='word_1_696' title='bbox 1944 5349 2007 5401; x_wconf 80' lang='grc' dir='ltr'><strong>τὸ</strong></span> 
     </span>
    </p>
   </div>
   <div class='ocr_carea' id='block_1_99' title="bbox 421 5434 2007 5515">
    <p class='ocr_par' dir='ltr' id='par_1_99' title="bbox 421 5434 2007 5515">
     <span class='ocr_line' id='line_1_99' title="bbox 421 5434 2007 5515; baseline -0.004 -17"><span class='ocrx_word' id='word_1_697' title='bbox 421 5445 678 5515; x_wconf 68' lang='grc' dir='ltr'><strong>φρῦνημα</strong></span> <span class='ocrx_word' id='word_1_698' title='bbox 717 5442 874 5514; x_wconf 74' lang='grc' dir='ltr'><strong>ῥίζαν</strong></span> <span class='ocrx_word' id='word_1_699' title='bbox 907 5438 1030 5493; x_wconf 72' lang='grc' dir='ltr'><strong>τινὰ</strong></span> <span class='ocrx_word' id='word_1_700' title='bbox 1070 5434 1184 5509; x_wconf 73' lang='grc' dir='ltr'><strong>εἶχε</strong></span> <span class='ocrx_word' id='word_1_701' title='bbox 1218 5434 1461 5508; x_wconf 77' lang='grc' dir='ltr'><strong>βαθεῖαν,</strong></span> <span class='ocrx_word' id='word_1_702' title='bbox 1504 5438 1599 5493; x_wconf 75' lang='grc' dir='ltr'>καὶ</span> <span class='ocrx_word' id='word_1_703' title='bbox 1655 5441 1683 5492; x_wconf 87' lang='grc' dir='ltr'>ὁ</span> <span class='ocrx_word' id='word_1_704' title='bbox 1732 5439 1859 5503; x_wconf 82' lang='grc' dir='ltr'>νοῦς</span> <span class='ocrx_word' id='word_1_705' title='bbox 1917 5438 2007 5503; x_wconf 75' lang='grc' dir='ltr'><strong>ἐξ·</strong></span> 
     </span>
    </p>
   </div>
   <div class='ocr_carea' id='block_1_100' title="bbox 422 5530 2008 5610">
    <p class='ocr_par' dir='ltr' id='par_1_100' title="bbox 422 5530 2008 5610">
     <span class='ocr_line' id='line_1_100' title="bbox 422 5530 2008 5610; baseline -0.003 -20"><span class='ocrx_word' id='word_1_706' title='bbox 422 5536 704 5610; x_wconf 75' lang='grc' dir='ltr'>ἠστραπτέ</span> <span class='ocrx_word' id='word_1_707' title='bbox 751 5553 803 5588; x_wconf 83' lang='grc' dir='ltr'>τι</span> <span class='ocrx_word' id='word_1_708' title='bbox 864 5532 1188 5604; x_wconf 80' lang='grc' dir='ltr'><strong>θαυμάσιον.</strong></span> <span class='ocrx_word' id='word_1_709' title='bbox 1244 5530 1428 5584; x_wconf 62' lang='lat' dir='ltr'><strong>Tui-rat</strong></span> <span class='ocrx_word' id='word_1_710' title='bbox 1465 5532 1522 5586; x_wconf 77' lang='grc' dir='ltr'><strong>δὲ</strong></span> <span class='ocrx_word' id='word_1_711' title='bbox 1549 5535 1661 5597; x_wconf 82' lang='grc' dir='ltr'>τοῖς</span> <span class='ocrx_word' id='word_1_712' title='bbox 1702 5533 1800 5602; x_wconf 78' lang='grc' dir='ltr'><strong>μὲν</strong></span> <span class='ocrx_word' id='word_1_713' title='bbox 1826 5534 2008 5598; x_wconf 78' lang='grc' dir='ltr'><strong>ἄλλοις</strong></span> 
     </span>
    </p>
   </div>
   <div class='ocr_carea' id='block_1_101' title="bbox 422 5623 2010 5701">
    <p class='ocr_par' dir='ltr' id='par_1_101' title="bbox 422 5623 2010 5701">
     <span class='ocr_line' id='line_1_101' title="bbox 422 5623 2010 5701; baseline -0.001 -19"><span class='ocrx_word' id='word_1_714' title='bbox 422 5629 697 5701; x_wconf 56' lang='grc' dir='ltr'><strong>ἀρκοῦντα</strong></span> <span class='ocrx_word' id='word_1_715' title='bbox 728 5627 1022 5698; x_wconf 73' lang='grc' dir='ltr'><strong>ἐτύγχανεν</strong></span> <span class='ocrx_word' id='word_1_716' title='bbox 1056 5628 1134 5689; x_wconf 79' lang='lat' dir='ltr'><strong>ei;</strong></span> <span class='ocrx_word' id='word_1_717' title='bbox 1163 5623 1462 5690; x_wconf 74' lang='grc' dir='ltr'><strong>τελείωσιν,</strong></span> <span class='ocrx_word' id='word_1_718' title='bbox 1492 5627 1685 5700; x_wconf 80' lang='grc' dir='ltr'>ἐκείνῳ</span> <span class='ocrx_word' id='word_1_719' title='bbox 1715 5626 1771 5680; x_wconf 77' lang='grc' dir='ltr'><strong>δὲ</strong></span> <span class='ocrx_word' id='word_1_720' title='bbox 1806 5644 2010 5698; x_wconf 82' lang='grc' dir='ltr'>προχα-</span> 
     </span>
    </p>
   </div>
   <div class='ocr_carea' id='block_1_102' title="bbox 426 5716 2008 5791">
    <p class='ocr_par' dir='ltr' id='par_1_102' title="bbox 426 5716 2008 5791">
     <span class='ocr_line' id='line_1_102' title="bbox 426 5716 2008 5791; baseline 0.001 -18"><span class='ocrx_word' id='word_1_721' title='bbox 426 5716 683 5791; x_wconf 61' lang='grc' dir='ltr'><strong>ρᾶγματα</strong></span> <span class='ocrx_word' id='word_1_722' title='bbox 709 5717 809 5788; x_wconf 82' lang='grc' dir='ltr'><strong>τῆς</strong></span> <span class='ocrx_word' id='word_1_723' title='bbox 836 5718 1049 5780; x_wconf 74' lang='grc' dir='ltr'><strong>τελείας</strong></span> <span class='ocrx_word' id='word_1_724' title='bbox 1085 5716 1412 5788; x_wconf 75' lang='grc' dir='ltr'><strong>ὲγνωρῑζετο</strong></span> <span class='ocrx_word' id='word_1_725' title='bbox 1437 5717 1675 5787; x_wconf 75' lang='grc' dir='ltr'><strong>φύσεως.</strong></span> <span class='ocrx_word' id='word_1_726' title='bbox 1720 5737 1737 5770; x_wconf 73' lang='grc' dir='ltr'><strong>ι</strong></span> <span class='ocrx_word' id='word_1_727' title='bbox 1775 5717 1908 5785; x_wconf 66' lang='lat' dir='ltr'><strong>Quae</strong></span> <span class='ocrx_word' id='word_1_728' title='bbox 1940 5736 2008 5774; x_wconf 80' lang='lat' dir='ltr'><strong>ex</strong></span> 
     </span>
    </p>
   </div>
   <div class='ocr_carea' id='block_1_103' title="bbox 422 5809 2004 5883">
    <p class='ocr_par' dir='ltr' id='par_1_103' title="bbox 422 5809 2004 5883">
     <span class='ocr_line' id='line_1_103' title="bbox 422 5809 2004 5883; baseline -0.001 -14"><span class='ocrx_word' id='word_1_729' title='bbox 422 5812 880 5883; x_wconf 72' lang='lat' dir='ltr'><strong>interpretatione</strong></span> <span class='ocrx_word' id='word_1_730' title='bbox 902 5809 1083 5867; x_wconf 82' lang='lat' dir='ltr'><strong>Allatii</strong></span> <span class='ocrx_word' id='word_1_731' title='bbox 1111 5810 1185 5866; x_wconf 85' lang='lat' dir='ltr'><strong>ita</strong></span> <span class='ocrx_word' id='word_1_732' title='bbox 1205 5819 1401 5867; x_wconf 88' lang='lat' dir='ltr'><strong>sonant</strong></span> <span class='ocrx_word' id='word_1_733' title='bbox 1423 5827 1436 5865; x_wconf 89' lang='lat'><strong>:</strong></span> <span class='ocrx_word' id='word_1_734' title='bbox 1468 5829 1484 5865; x_wconf 88' lang='grc' dir='ltr'><strong>ι</strong></span> <span class='ocrx_word' id='word_1_735' title='bbox 1522 5811 1588 5866; x_wconf 82' lang='lat' dir='ltr'><strong>Et</strong></span> <span class='ocrx_word' id='word_1_736' title='bbox 1614 5810 1761 5867; x_wconf 88' lang='lat' dir='ltr'><strong>vires</strong></span> <span class='ocrx_word' id='word_1_737' title='bbox 1783 5812 2004 5883; x_wconf 80' lang='lat' dir='ltr'><strong>quidem</strong></span> 
     </span>
    </p>
   </div>
   <div class='ocr_carea' id='block_1_104' title="bbox 2103 4615 3698 4686">
    <p class='ocr_par' dir='ltr' id='par_1_104' title="bbox 2103 4615 3698 4686">
     <span class='ocr_line' id='line_1_104' title="bbox 2103 4615 3698 4686; baseline -0.001 -15"><span class='ocrx_word' id='word_1_738' title='bbox 2103 4615 2316 4672; x_wconf 83' lang='lat' dir='ltr'><strong>Joanne</strong></span> <span class='ocrx_word' id='word_1_739' title='bbox 2348 4616 2464 4685; x_wconf 88' lang='lat' dir='ltr'><strong>(ille</strong></span> <span class='ocrx_word' id='word_1_740' title='bbox 2491 4615 2641 4671; x_wconf 89' lang='lat' dir='ltr'><strong>enim</strong></span> <span class='ocrx_word' id='word_1_741' title='bbox 2668 4625 2802 4672; x_wconf 87' lang='lat' dir='ltr'><strong>tunc</strong></span> <span class='ocrx_word' id='word_1_742' title='bbox 2819 4616 3108 4672; x_wconf 85' lang='lat' dir='ltr'><strong>obtinebat</strong></span> <span class='ocrx_word' id='word_1_743' title='bbox 3130 4616 3448 4686; x_wconf 83' lang='lat' dir='ltr'><strong>imperium)</strong></span> <span class='ocrx_word' id='word_1_744' title='bbox 3473 4624 3532 4670; x_wconf 90' lang='lat' dir='ltr'><strong>ut</strong></span> <span class='ocrx_word' id='word_1_745' title='bbox 3558 4630 3698 4670; x_wconf 88' lang='lat' dir='ltr'><strong>cura</strong></span> 
     </span>
    </p>
   </div>
   <div class='ocr_carea' id='block_1_105' title="bbox 2108 4706 3701 4774">
    <p class='ocr_par' dir='ltr' id='par_1_105' title="bbox 2108 4706 3701 4774">
     <span class='ocr_line' id='line_1_105' title="bbox 2108 4706 3701 4774; baseline -0.002 -12"><span class='ocrx_word' id='word_1_746' title='bbox 2108 4706 2274 4774; x_wconf 86' lang='lat' dir='ltr'><strong>hujus</strong></span> <span class='ocrx_word' id='word_1_747' title='bbox 2331 4706 2531 4764; x_wconf 88' lang='lat' dir='ltr'><strong>domus</strong></span> <span class='ocrx_word' id='word_1_748' title='bbox 2578 4706 2686 4762; x_wconf 81' lang='lat' dir='ltr'><strong>sibi</strong></span> <span class='ocrx_word' id='word_1_749' title='bbox 2736 4706 3210 4773; x_wconf 86' lang='lat' dir='ltr'><strong>demandaretur;</strong></span> <span class='ocrx_word' id='word_1_750' title='bbox 3250 4726 3266 4758; x_wconf 79' lang='grc' dir='ltr'><strong>ι</strong></span> <span class='ocrx_word' id='word_1_751' title='bbox 3308 4706 3403 4761; x_wconf 89' lang='lat' dir='ltr'><strong>ubi</strong></span> <span class='ocrx_word' id='word_1_752' title='bbox 3452 4706 3701 4761; x_wconf 84' lang='lat' dir='ltr'><strong>Joannes</strong></span> 
     </span>
    </p>
   </div>
   <div class='ocr_carea' id='block_1_106' title="bbox 2106 4798 3696 4871">
    <p class='ocr_par' dir='ltr' id='par_1_106' title="bbox 2106 4798 3696 4871">
     <span class='ocr_line' id='line_1_106' title="bbox 2106 4798 3696 4871; baseline -0.003 -15"><span class='ocrx_word' id='word_1_753' title='bbox 2106 4800 2386 4856; x_wconf 82' lang='lat' dir='ltr'><strong>Zemisees</strong></span> <span class='ocrx_word' id='word_1_754' title='bbox 2416 4800 2765 4871; x_wconf 83' lang='lat' dir='ltr'><strong>indigitatur,</strong></span> <span class='ocrx_word' id='word_1_755' title='bbox 2786 4801 2881 4870; x_wconf 92' lang='lat' dir='ltr'><strong>qui</strong></span> <span class='ocrx_word' id='word_1_756' title='bbox 2904 4815 3050 4854; x_wconf 88' lang='lat' dir='ltr'><strong>anno</strong></span> <span class='ocrx_word' id='word_1_757' title='bbox 3071 4798 3177 4856; x_wconf 84' lang='lat'><strong>969</strong></span> <span class='ocrx_word' id='word_1_758' title='bbox 3202 4813 3435 4871; x_wconf 80' lang='lat' dir='ltr'><strong>regnare</strong></span> <span class='ocrx_word' id='word_1_759' title='bbox 3464 4800 3696 4869; x_wconf 81' lang='lat' dir='ltr'><strong>incepit,</strong></span> 
     </span>
    </p>
   </div>
   <div class='ocr_carea' id='block_1_107' title="bbox 2109 4890 3699 4963">
    <p class='ocr_par' dir='ltr' id='par_1_107' title="bbox 2109 4890 3699 4963">
     <span class='ocr_line' id='line_1_107' title="bbox 2109 4890 3699 4963; baseline -0.001 -16"><span class='ocrx_word' id='word_1_760' title='bbox 2109 4893 2179 4949; x_wconf 89' lang='lat' dir='ltr'><strong>ad</strong></span> <span class='ocrx_word' id='word_1_761' title='bbox 2200 4893 2362 4963; x_wconf 84' lang='lat' dir='ltr'><strong>cujus</strong></span> <span class='ocrx_word' id='word_1_762' title='bbox 2388 4900 2635 4963; x_wconf 88' lang='lat' dir='ltr'><strong>tempora</strong></span> <span class='ocrx_word' id='word_1_763' title='bbox 2665 4892 3069 4963; x_wconf 73' lang='lat' dir='ltr'><strong>Metaphrastes</strong></span> <span class='ocrx_word' id='word_1_764' title='bbox 3090 4906 3234 4962; x_wconf 70' lang='lat' dir='ltr'><strong>aegre</strong></span> <span class='ocrx_word' id='word_1_765' title='bbox 3267 4899 3452 4962; x_wconf 89' lang='lat' dir='ltr'><strong>potest</strong></span> <span class='ocrx_word' id='word_1_766' title='bbox 3484 4890 3699 4961; x_wconf 85' lang='lat' dir='ltr'><strong>pertin-</strong></span> 
     </span>
    </p>
   </div>
   <div class='ocr_carea' id='block_1_108' title="bbox 2109 4983 3752 5055">
    <p class='ocr_par' dir='ltr' id='par_1_108' title="bbox 2109 4983 3752 5055">
     <span class='ocr_line' id='line_1_108' title="bbox 2109 4983 3752 5055; baseline 0.002 -17"><span class='ocrx_word' id='word_1_767' title='bbox 2109 4998 2260 5054; x_wconf 89' lang='lat' dir='ltr'><strong>gere,</strong></span> <span class='ocrx_word' id='word_1_768' title='bbox 2285 4983 2395 5039; x_wconf 87' lang='lat' dir='ltr'><strong>nisi</strong></span> <span class='ocrx_word' id='word_1_769' title='bbox 2439 4998 2568 5039; x_wconf 91' lang='lat' dir='ltr'><strong>eum</strong></span> <span class='ocrx_word' id='word_1_770' title='bbox 2597 4984 2977 5053; x_wconf 77' lang='lat' dir='ltr'><strong>nonagenario</strong></span> <span class='ocrx_word' id='word_1_771' title='bbox 3002 4985 3292 5055; x_wconf 85' lang='lat' dir='ltr'><strong>majorem,</strong></span> <span class='ocrx_word' id='word_1_772' title='bbox 3333 4983 3516 5038; x_wconf 83' lang='lat' dir='ltr'><strong>Vitam</strong></span> <span class='ocrx_word' id='word_1_773' title='bbox 3556 4984 3702 5038; x_wconf 89' lang='lat' dir='ltr'><strong>hanc</strong></span> <span class='ocrx_word' id='word_1_774' title='bbox 3748 5010 3752 5041; x_wconf 59' lang='grc' dir='ltr'><em>μ</em></span> 
     </span>
    </p>
   </div>
   <div class='ocr_carea' id='block_1_109' title="bbox 2110 5074 3705 5151">
    <p class='ocr_par' dir='ltr' id='par_1_109' title="bbox 2110 5074 3705 5151">
     <span class='ocr_line' id='line_1_109' title="bbox 2110 5074 3705 5151; baseline -0.003 -19"><span class='ocrx_word' id='word_1_775' title='bbox 2110 5075 2398 5145; x_wconf 80' lang='lat' dir='ltr'><strong>scripsisse</strong></span> <span class='ocrx_word' id='word_1_776' title='bbox 2422 5074 2712 5131; x_wconf 87' lang='lat' dir='ltr'><strong>fateamur.</strong></span> <span class='ocrx_word' id='word_1_777' title='bbox 2742 5074 2917 5142; x_wconf 85' lang='lat' dir='ltr'><strong>Quam</strong></span> <span class='ocrx_word' id='word_1_778' title='bbox 2936 5076 3016 5151; x_wconf 71' lang='lat' dir='ltr'><strong>pb</strong></span> <span class='ocrx_word' id='word_1_779' title='bbox 3050 5091 3168 5131; x_wconf 90' lang='lat' dir='ltr'><strong>rem</strong></span> <span class='ocrx_word' id='word_1_780' title='bbox 3197 5091 3299 5146; x_wconf 92' lang='lat' dir='ltr'><strong>pro</strong></span> <span class='ocrx_word' id='word_1_781' title='bbox 3327 5075 3539 5132; x_wconf 88' lang='lat' dir='ltr'><strong>Joanne</strong></span> <span class='ocrx_word' id='word_1_782' title='bbox 3563 5075 3705 5129; x_wconf 87' lang='lat' dir='ltr'><strong>scri-</strong></span> 
     </span>
    </p>
   </div>
   <div class='ocr_carea' id='block_1_110' title="bbox 2112 5152 3735 5238">
    <p class='ocr_par' dir='ltr' id='par_1_110' title="bbox 2112 5152 3735 5238">
     <span class='ocr_line' id='line_1_110' title="bbox 2112 5152 3735 5238; baseline 0 -17"><span class='ocrx_word' id='word_1_783' title='bbox 2112 5166 2352 5221; x_wconf 87' lang='lat' dir='ltr'><strong>bendum</strong></span> <span class='ocrx_word' id='word_1_784' title='bbox 2386 5176 2520 5237; x_wconf 90' lang='lat' dir='ltr'><strong>puto</strong></span> <span class='ocrx_word' id='word_1_785' title='bbox 2559 5166 2984 5223; x_wconf 90' lang='lat' dir='ltr'><strong>Constantinum</strong></span> <span class='ocrx_word' id='word_1_786' title='bbox 3016 5185 3029 5222; x_wconf 88' lang='lat'><strong>:</strong></span> <span class='ocrx_word' id='word_1_787' title='bbox 3066 5168 3231 5238; x_wconf 90' lang='lat' dir='ltr'><strong>idque</strong></span> <span class='ocrx_word' id='word_1_788' title='bbox 3259 5182 3326 5223; x_wconf 91' lang='lat' dir='ltr'><strong>eo</strong></span> <span class='ocrx_word' id='word_1_789' title='bbox 3354 5168 3572 5223; x_wconf 85' lang='lat' dir='ltr'><strong>facilius</strong></span> <span class='ocrx_word' id='word_1_790' title='bbox 3604 5167 3706 5221; x_wconf 85' lang='lat' dir='ltr'><strong>ad-</strong></span> <span class='ocrx_word' id='word_1_791' title='bbox 3732 5152 3735 5157; x_wconf 57' lang='grc'><em>’</em></span> 
     </span>
    </p>
   </div>
   <div class='ocr_carea' id='block_1_111' title="bbox 2111 5255 3730 5327">
    <p class='ocr_par' dir='ltr' id='par_1_111' title="bbox 2111 5255 3730 5327">
     <span class='ocr_line' id='line_1_111' title="bbox 2111 5255 3730 5327; baseline 0.001 -16"><span class='ocrx_word' id='word_1_792' title='bbox 2111 5256 2286 5312; x_wconf 90' lang='lat' dir='ltr'><strong>ducor</strong></span> <span class='ocrx_word' id='word_1_793' title='bbox 2328 5265 2390 5310; x_wconf 90' lang='lat' dir='ltr'><strong>ut</strong></span> <span class='ocrx_word' id='word_1_794' title='bbox 2432 5255 2673 5321; x_wconf 90' lang='lat' dir='ltr'><strong>credam,</strong></span> <span class='ocrx_word' id='word_1_795' title='bbox 2710 5257 2838 5326; x_wconf 87' lang='lat' dir='ltr'><strong>quia</strong></span> <span class='ocrx_word' id='word_1_796' title='bbox 2876 5256 2931 5310; x_wconf 89' lang='lat' dir='ltr'><strong>in</strong></span> <span class='ocrx_word' id='word_1_797' title='bbox 2969 5257 3249 5327; x_wconf 88' lang='lat' dir='ltr'><strong>eegrapho</strong></span> <span class='ocrx_word' id='word_1_798' title='bbox 3279 5266 3470 5313; x_wconf 88' lang='lat' dir='ltr'><strong>nostro</strong></span> <span class='ocrx_word' id='word_1_799' title='bbox 3508 5256 3730 5325; x_wconf 57' lang='lat' dir='ltr'><strong>Graeco,</strong></span> 
     </span>
    </p>
   </div>
   <div class='ocr_carea' id='block_1_112' title="bbox 2112 5331 3741 5418">
    <p class='ocr_par' dir='ltr' id='par_1_112' title="bbox 2112 5331 3741 5418">
     <span class='ocr_line' id='line_1_112' title="bbox 2112 5331 3741 5418; baseline -0.001 -16"><span class='ocrx_word' id='word_1_800' title='bbox 2112 5362 2314 5402; x_wconf 86' lang='lat' dir='ltr'><strong>nomen</strong></span> <span class='ocrx_word' id='word_1_801' title='bbox 2358 5348 2600 5404; x_wconf 88' lang='lat' dir='ltr'><strong>Joannes</strong></span> <span class='ocrx_word' id='word_1_802' title='bbox 2626 5346 2838 5418; x_wconf 88' lang='lat' dir='ltr'><strong>integre</strong></span> <span class='ocrx_word' id='word_1_803' title='bbox 2872 5347 3138 5416; x_wconf 88' lang='lat' dir='ltr'><strong>scriptum</strong></span> <span class='ocrx_word' id='word_1_804' title='bbox 3171 5363 3281 5403; x_wconf 88' lang='lat' dir='ltr'><strong>non</strong></span> <span class='ocrx_word' id='word_1_805' title='bbox 3320 5347 3578 5411; x_wconf 88' lang='lat' dir='ltr'><strong>habetur,</strong></span> <span class='ocrx_word' id='word_1_806' title='bbox 3603 5331 3741 5418; x_wconf 54' lang='lat' dir='ltr'><strong>sed;</strong></span> 
     </span>
    </p>
   </div>
   <div class='ocr_carea' id='block_1_113' title="bbox 2112 5396 3761 5496">
    <p class='ocr_par' dir='ltr' id='par_1_113' title="bbox 2112 5396 3761 5496">
     <span class='ocr_line' id='line_1_113' title="bbox 2112 5396 3761 5496; baseline -0.001 -1"><span class='ocrx_word' id='word_1_807' title='bbox 2112 5440 2329 5496; x_wconf 87' lang='lat' dir='ltr'><strong>duabus</strong></span> <span class='ocrx_word' id='word_1_808' title='bbox 2363 5450 2573 5494; x_wconf 83' lang='lat' dir='ltr'><strong>tantum</strong></span> <span class='ocrx_word' id='word_1_809' title='bbox 2608 5396 2919 5493; x_wconf 59' lang='lat' dir='ltr'><strong>initizlibus</strong></span> <span class='ocrx_word' id='word_1_810' title='bbox 2960 5396 3165 5495; x_wconf 61' lang='lat' dir='ltr'><strong>lirtteris</strong></span> <span class='ocrx_word' id='word_1_811' title='bbox 3205 5439 3312 5493; x_wconf 83' lang='grc' dir='ltr'><strong>ἰῶ.</strong></span> <span class='ocrx_word' id='word_1_812' title='bbox 3362 5439 3426 5495; x_wconf 88' lang='lat' dir='ltr'><strong>In</strong></span> <span class='ocrx_word' id='word_1_813' title='bbox 3462 5396 3761 5496; x_wconf 42' lang='lat' dir='ltr'><strong>authen-R</strong></span> 
     </span>
    </p>
   </div>
   <div class='ocr_carea' id='block_1_114' title="bbox 2115 5528 3704 5603">
    <p class='ocr_par' dir='ltr' id='par_1_114' title="bbox 2115 5528 3704 5603">
     <span class='ocr_line' id='line_1_114' title="bbox 2115 5528 3704 5603; baseline -0.001 -17"><span class='ocrx_word' id='word_1_814' title='bbox 2115 5533 2223 5587; x_wconf 89' lang='lat' dir='ltr'><strong>tico</strong></span> <span class='ocrx_word' id='word_1_815' title='bbox 2257 5531 2423 5602; x_wconf 89' lang='lat' dir='ltr'><strong>igitur</strong></span> <span class='ocrx_word' id='word_1_816' title='bbox 2455 5545 2660 5587; x_wconf 87' lang='lat' dir='ltr'><strong>nomen</strong></span> <span class='ocrx_word' id='word_1_817' title='bbox 2706 5528 3103 5587; x_wconf 76' lang='lat' dir='ltr'><strong>ConStantinus</strong></span> <span class='ocrx_word' id='word_1_818' title='bbox 3158 5546 3259 5602; x_wconf 82' lang='lat' dir='ltr'><strong>per</strong></span> <span class='ocrx_word' id='word_1_819' title='bbox 3303 5531 3704 5603; x_wconf 84' lang='lat' dir='ltr'><strong>compendium</strong></span> 
     </span>
    </p>
   </div>
   <div class='ocr_carea' id='block_1_115' title="bbox 2114 5624 3710 5697">
    <p class='ocr_par' dir='ltr' id='par_1_115' title="bbox 2114 5624 3710 5697">
     <span class='ocr_line' id='line_1_115' title="bbox 2114 5624 3710 5697; baseline 0.001 -16"><span class='ocrx_word' id='word_1_820' title='bbox 2114 5628 2380 5697; x_wconf 88' lang='lat' dir='ltr'><strong>scriptum</strong></span> <span class='ocrx_word' id='word_1_821' title='bbox 2432 5624 2602 5681; x_wconf 88' lang='lat' dir='ltr'><strong>fuerit</strong></span> <span class='ocrx_word' id='word_1_822' title='bbox 2638 5625 2858 5681; x_wconf 82' lang='lat' dir='ltr'><strong>duabus</strong></span> <span class='ocrx_word' id='word_1_823' title='bbox 2897 5634 2996 5681; x_wconf 89' lang='lat' dir='ltr'><strong>aut</strong></span> <span class='ocrx_word' id='word_1_824' title='bbox 3032 5625 3216 5681; x_wconf 88' lang='lat' dir='ltr'><strong>tribus</strong></span> <span class='ocrx_word' id='word_1_825' title='bbox 3261 5626 3456 5695; x_wconf 89' lang='lat' dir='ltr'><strong>primis</strong></span> <span class='ocrx_word' id='word_1_826' title='bbox 3502 5626 3710 5683; x_wconf 76' lang='lat' dir='ltr'><strong>litteris</strong></span> 
     </span>
    </p>
   </div>
   <div class='ocr_carea' id='block_1_116' title="bbox 2115 5719 3706 5788">
    <p class='ocr_par' dir='ltr' id='par_1_116' title="bbox 2115 5719 3706 5788">
     <span class='ocr_line' id='line_1_116' title="bbox 2115 5719 3706 5788; baseline 0.003 -16"><span class='ocrx_word' id='word_1_827' title='bbox 2115 5720 2243 5772; x_wconf 71' lang='grc' dir='ltr'><strong>Κῶν</strong></span> <span class='ocrx_word' id='word_1_828' title='bbox 2297 5727 2507 5774; x_wconf 87' lang='lat' dir='ltr'><strong>tantum</strong></span> <span class='ocrx_word' id='word_1_829' title='bbox 2549 5733 2915 5788; x_wconf 81' lang='lat' dir='ltr'><strong>expressum;</strong></span> <span class='ocrx_word' id='word_1_830' title='bbox 2954 5719 3103 5777; x_wconf 87' lang='lat' dir='ltr'><strong>unde</strong></span> <span class='ocrx_word' id='word_1_831' title='bbox 3147 5721 3366 5776; x_wconf 80' lang='lat' dir='ltr'><strong>extritis</strong></span> <span class='ocrx_word' id='word_1_832' title='bbox 3427 5721 3706 5777; x_wconf 83' lang='lat' dir='ltr'><strong>edacitate</strong></span> 
     </span>
    </p>
   </div>
   <div class='ocr_carea' id='block_1_117' title="bbox 2116 5811 3709 5883">
    <p class='ocr_par' dir='ltr' id='par_1_117' title="bbox 2116 5811 3709 5883">
     <span class='ocr_line' id='line_1_117' title="bbox 2116 5811 3709 5883; baseline 0.005 -18"><span class='ocrx_word' id='word_1_833' title='bbox 2116 5812 2409 5882; x_wconf 87' lang='lat' dir='ltr'><strong>temporis,</strong></span> <span class='ocrx_word' id='word_1_834' title='bbox 2444 5811 2497 5867; x_wconf 89' lang='lat' dir='ltr'><strong>in</strong></span> <span class='ocrx_word' id='word_1_835' title='bbox 2530 5812 2710 5883; x_wconf 85' lang='lat' dir='ltr'><strong>prima</strong></span> <span class='ocrx_word' id='word_1_836' title='bbox 2738 5813 2921 5869; x_wconf 85' lang='lat' dir='ltr'><strong>littera</strong></span> <span class='ocrx_word' id='word_1_837' title='bbox 2946 5814 3253 5883; x_wconf 76' lang='lat' dir='ltr'><strong>K,duabus</strong></span> <span class='ocrx_word' id='word_1_838' title='bbox 3287 5816 3613 5875; x_wconf 83' lang='lat' dir='ltr'><strong>transversis</strong></span> <span class='ocrx_word' id='word_1_839' title='bbox 3638 5816 3709 5873; x_wconf 69' lang='lat' dir='ltr'><strong>lio</strong></span> 
     </span>
    </p>
   </div>
   <div class='ocr_carea' id='block_1_118' title="bbox 3762 4933 3769 4949">
    <p class='ocr_par' dir='ltr' id='par_1_118' title="bbox 3762 4933 3769 4949">
     <span class='ocr_line' id='line_1_118' title="bbox 3762 4933 3769 4949; baseline 0 -4"><span class='ocrx_word' id='word_1_840' title='bbox 3762 4933 3769 4949; x_wconf 66' lang='grc' dir='ltr'><strong><em>μ</em></strong></span> 
     </span>
    </p>
   </div>
  </div>
