2005 3213
163 228 220 262 273

783 231 869 262 νιΤΑ
893 232 921 262 S.
943 232 1166 264 SAMPSONIS.

1752 232 1806 263 2'74

165 284 255 313 aeolis
272 287 299 312 et
313 283 410 311 ultima
433 283 504 312 forte
531 284 624 312 littera
637 294 661 317 ν,
676 284 719 311 ’Ιῶ
733 286 913 319 remanserit;
929 295 961 314 ex
978 293 999 318 Α
1017 287 1091 316 illius
1119 288 1240 315 historiae
1268 292 1355 322 putat,
1390 296 1451 322 quae
1475 287 1585 320 habent.
1616 288 1806 314 nosocomium

164 338 256 366 eoque
269 330 404 359 Joannem
421 331 549 359 fecerint.
570 332 639 359 Cum
661 332 744 367 igitur
765 332 810 359 illa
826 333 862 360 ita
880 341 955 360 cont-

164 377 248 405 toodo
258 377 389 412 explicari
405 378 522 413 possint.
537 383 691 412 caeteraque
701 378 794 405 omnia
806 378 959 412 Metaphra-

164 423 203 451 sti
225 423 402 456 conveniant.
439 423 508 451 nihil
535 423 623 457 obest.
648 424 799 458 quominus
817 424 904 451 Vitam
929 424 957 451 S.

164 469 327 507 Sampsonis
349 470 376 498 ei
400 470 583 502 ascribamus,
596 478 679 504 quam
704 471 732 498 in
750 470 888 505 decrepita
909 479 958 498 sua

163 518 309 555 aequante
320 516 521 551 composuerit,
534 520 678 550 postquam
694 516 875 550 plurimorum
890 526 961 545 mar-

165 565 260 599 tyrum
278 565 308 589 et
324 561 529 593 eonfessorum,
548 567 579 590 ut
596 563 710 597 ipsemet
735 562 893 596 conﬁtetur,
918 571 962 591 res

163 611 261 642 gestas
275 606 303 635 iu
319 606 410 635 lucem
423 607 561 635 ediderat.

204 652 248 680 13.
270 651 402 681 Notatum
426 652 538 680 invenio
563 653 591 680 in
609 653 702 682 Indice
720 658 814 682 nostro
833 654 961 687 viatoria,

166 697 261 726 Vitam
281 697 454 733 Sampsonis,
484 706 545 734 qua:
570 699 678 734 incipit,
699 699 780 727 Ἀλλὰ
803 700 853 735 μὲν
885 701 964 735 χάρι-

164 751 213 775 es;
229 742 315 780 ιργον
328 744 376 771 καὶ
389 743 548 780 θεραπείας,
566 745 614 780 τῆς
629 747 697 780 πρὸς
716 745 760 772 τὸν
782 746 870 780 μέγαν
886 746 962 780 Σαμ-

165 788 240 825 ψών,
263 793 331 823 ete.,
354 789 459 818 servari
483 790 698 825 manuscriptam
724 791 751 817 in
788 791 965 819 bibliothecis

167 836 304 865 Vaticana
317 840 347 864 et
357 836 527 869 Vallicellina
543 837 654 869 Romae;
678 838 742 865 item
762 839 789 864 in
807 838 965 865 Florentius

165 887 199 909 et
215 881 393 910 Tanrinensi.
420 882 507 910 Nobis
533 882 577 910 illa
595 883 700 917 pridem
722 888 845 911 extracta
861 884 913 911 fuit
932 892 966 912 ex

165 926 270 956 codice
290 933 355 958 ωε..
373 931 405 953 ut
421 927 478 962 jam
494 927 561 957 dixi.
586 927 716 956 Medich
735 928 808 964 regis
829 928 967 956 Christia-

168 971 294 1007 nissimi,
309 972 362 1000 sub
379 972 433 1001 hoc
450 973 542 1006 titulo,
557 973 617 1005 Βὶος
633 976 678 1001 καὶ
696 975 818 1001 πολιτεία
830 975 877 1002 τοῦ
892 977 965 1003 edico

171 1017 282 1055 Πατρδς
294 1018 374 1054 ἡμῶν
390 1019 511 1054 Σαμψὼν
527 1019 572 1046 ras
585 1020 722 1056 ξενιιδὸχου
732 1029 738 1036 ·
764 1031 773 1046 ι
788 1022 847 1050 Vita
862 1027 890 1050 et
902 1030 967 1050 cott-

167 1063 295 1093 versatio
309 1065 396 1092 sancti
410 1064 500 1093 Patris
515 1066 602 1094 nostri
623 1066 793 1102 Satnpsonis,
810 1070 967 1103 exceptoris

171 1110 329 1147 hospitum.
346 1119 356 1138 ι
376 1111 504 1140 Latinam
520 1113 721 1148 impresserunt
743 1114 909 1149 Lipomanus
926 1120 968 1142 to—

172 1163 221 1184 tuo
232 1157 262 1188 6,
272 1162 301 1185 et
315 1165 348 1185 ex
361 1157 420 1193 ipso
433 1157 531 1185 Surius
544 1163 617 1186 tomo
629 1158 661 1191 2;
675 1159 751 1193 juxta
767 1159 969 1194 interpretatio-

170 1209 237 1232 nent
251 1202 380 1232 Gentiani
396 1203 506 1231 Herveti
523 1212 530 1232 :
547 1211 628 1238 quant
642 1204 768 1231 eamdem
784 1212 835 1240 ego
852 1214 964 1241 quoquc

173 1247 222 1275 hic
239 1247 360 1280 retineo.
383 1248 412 1277 in
427 1249 523 1284 paucis
540 1254 630 1277 tamen
648 1249 798 1284 aliquibus,
812 1258 876 1278 cum
893 1255 967 1279 textu

177 1293 270 1323 timeo
281 1294 399 1328 collatis,
409 1299 555 1324 mutatam.

403 1362 464 1398 5|].
479 1377 512 1384 έ-
525 1363 636 1399 Tempus
647 1365 749 1392 mortis.

213 1431 258 1460 £4.
280 1431 359 1466 Quod
388 1433 422 1461 ad
452 1438 561 1462 aetatem
585 1434 744 1469 Sampsonis
761 1435 870 1465 attinet.
885 1434 970 1461 Meta-

175 1478 317 1513 phrastes,
336 1478 522 1515 Menologium
544 1479 638 1507 Basilii
663 1480 902 1515 Porphyrogeniti,
916 1480 971 1507 Me-

176 1531 237 1551 nza
257 1524 509 1561 excusa.0rigines
530 1525 842 1561 Constantinopolitanae
861 1526 971 1553 inedita:

176 1574 259 1605 parte
274 1578 305 1603 tt,
318 1577 382 1598 eum
399 1570 528 1598 ﬂoruisse
543 1571 621 1598 aiunt
641 1571 693 1599 sub
708 1571 865 1599 Iustiniano
883 1571 971 1605 im'pe-

177 1620 283 1649 ratore,
300 1621 395 1651 utpote
420 1617 468 1652 qui
498 1617 532 1644 ab
561 1619 655 1645 eodem
681 1623 777 1645 sancto
797 1618 824 1644 in
844 1617 914 1644 vivis
924 1625 971 1644 cx-

177 1661 298 1690 sistente
323 1663 358 1690 ab
381 1663 579 1691 immedicabili
596 1664 693 1692 morbo
716 1664 801 1691 fuerit
821 1664 973 1695 liberatus;

178 1711 276 1742 atque,
285 1711 317 1734 ut
326 1715 378 1743 pro
390 1712 467 1736 tanto
476 1709 610 1737 beneﬁcio
624 1714 716 1743 grates
732 1709 857 1741 referret,
873 1709 977 1744 magni-

179 1751 266 1779 ﬁcum
279 1752 369 1781 eidem
382 1753 564 1782 aediﬁcaverit
576 1754 790 1786 xenodochium,
811 1754 884 1789 quod
899 1754 978 1781 dein-

180 1798 217 1826 de
243 1797 387 1834 Hospitale
415 1800 446 1828 S.
472 1799 632 1836 Sampsonis
652 1805 695 1828 est
723 1801 901 1836 appellatum.
929 1800 977 1827 Ast

181 1843 335 1873 cardinalis
346 1843 482 1874 Baronius
494 1846 522 1873 in
535 1846 613 1875 Notis
628 1847 661 1873 ad
678 1847 900 1882 Martyrologium
920 1846 975 1873 Ro-

181 1897 307 1923 mnum,
335 1890 389 1918 hoc
413 1891 470 1925 die,
489 1899 521 1920 ea
542 1893 635 1921 omnia
654 1892 756 1920 erroris
775 1893 876 1928 arguit,
894 1900 927 1919 ex
944 1900 977 1919 eo

181 1936 258 1970 quod
287 1935 449 1972 Procopius,
461 1938 510 1973 qui
531 1938 584 1966 illis
605 1938 778 1973 temporibus
793 1939 870 1970 vixit.
889 1946 976 1973 eaque

181 1982 220 2009 ob
244 1982 341 2010 oculos
361 1983 469 2016 habuit,
490 1983 540 2013 lib.
565 1993 572 2012 l
590 1985 699 2019 Ediﬁc.
735 1985 881 2012 Iustiniani
900 1986 976 2018 intp.,

183 2035 246 2062 cap.
265 2026 292 2059 Ξ,
312 2031 440 2061 testetur.
460 2029 599 2065 Hospitale
625 2030 786 2065 Sampsonis
802 2031 925 2061 nomine.
944 2031 978 2057 ab

181 2072 282 2101 eodem
308 2073 462 2110 Sampsone
485 2080 623 2110 erectum,
644 2077 709 2104 olim
733 2076 859 2104 incendio
877 2076 977 2104 conﬂa-

183 2125 297 2159 grasse;
313 2126 431 2155 eumque
442 2120 488 2147 vix
505 2121 630 2156 quedam
647 2120 843 2148 remansissent
853 2120 977 2155 vestigia,

183 2163 254 2193 illud
271 2165 361 2200 ipsum
379 2166 514 2202 hospitale
529 2167 564 2194 ab
577 2167 675 2194 eodem
690 2167 845 2194 Iustiniano
857 2166 977 2201 impera-

185 2215 247 2239 tore
272 2212 480 2240 munitlcentius
503 2213 687 2240 instauratum
716 2213 812 2243 fuisse.
835 2219 977 2246 censuque

185 2263 282 2285 annuo
300 2256 420 2293 Ingentis
432 2259 557 2293 pecunia:
573 2258 781 2293 loeupletatum.
801 2258 869 2286 Cum
885 2263 976 2285 autent

186 2302 392 2338 Ietaphrastes
413 2311 490 2331 nam.
506 2305 535 2331 ll
556 2309 684 2335 testetur.
699 2304 803 2331 dictum
820 2304 978 2331 incendium

184 2349 337 2384 contigisse
357 2353 420 2386 post
439 2350 546 2379 obitum
564 2350 735 2385 Sampsouis.
756 2350 866 2385 quando
886 2355 914 2377 et
928 2349 979 2377 So-

186 2395 263 2431 phia
273 2395 368 2427 nobile
381 2397 514 2431 templum
525 2401 654 2424 exustum
668 2401 720 2428 est,
733 2404 766 2423 ac
781 2398 884 2431 pariter
897 2401 981 2424 teste-

188 2447 236 2471 tor
251 2442 430 2471 Iaroellinus
446 2443 474 2470 in
490 2442 640 2477 Chronico,
658 2442 685 2470 id
701 2442 850 2478 contigisse
866 2443 893 2470 in
910 2449 982 2470 tem-

189 2487 307 2523 poribus
318 2487 455 2516 Anastasii
469 2487 663 2524 imperatoris;
677 2487 818 2515 concludit
830 2487 981 2522 praelauda-

190 2539 236 2563 ιω
262 2533 431 2567 oardinalis,
455 2534 538 2570 longe
568 2538 632 2561 ante
657 2534 806 2562 Iustiniani
837 2534 981 2569 imperium

190 2579 373 2615 Sampsonem
393 2579 468 2610 diem
487 2587 568 2608 suum
583 2579 687 2608 obiisse
702 2588 710 2613 ;
736 2584 818 2615 atque
834 2587 868 2607 ex
885 2579 981 2607 eodetn

190 2626 329 2661 Procopio
353 2626 443 2655 multo
462 2627 549 2662 magis
564 2626 705 2661 redarguit
721 2626 887 2655 Cedrenum.
917 2625 982 2652 dum

190 2672 230 2700 ait
239 2671 423 2708 conﬂagrasse
432 2672 543 2700 domum
554 2672 742 2708 Sampsoniam
753 2679 825 2699 anno
833 2671 983 2707 penultimo

191 2718 353 2747 Iustiniani.

230 2764 275 2793 15.
291 2765 344 2793 llas
356 2763 532 2792 didicultates
552 2763 677 2791 dissolvit
702 2763 831 2791 Nicotaus
853 2763 984 2790 Aleman-

194 2818 250 2839 mn
263 2811 292 2839 in
307 2811 384 2839 notis
405 2810 440 2838 ad
455 2818 517 2846 cap.
534 2810 550 2839 ι
567 2809 694 2838 Historia:
717 2818 823 2837 arcana!
847 2809 983 2844 Procopii.

193 2857 278 2886 Iuvat
289 2857 351 2894 ejus
366 2857 455 2886 verba
469 2857 515 2885 hic
530 2861 678 2885 annectere
694 2865 700 2883 :
717 2866 725 2881 ε
741 2856 830 2891 Longe
846 2856 985 2890 antiquio-

195 2911 256 2933 rem
270 2904 431 2934 Iustiniano
443 2902 622 2938 Sampsonem
635 2902 724 2930 credit
737 2902 885 2930 eardinalis
904 2902 987 2928 Baro-

196 2952 260 2982 I:‘.tll
272 2952 301 2982 in
313 2951 395 2982 Notis
407 2950 443 2979 ad
460 2950 693 2986 Martyrologium.
713 2956 740 2977 et
758 2950 885 2978 vacillare
907 2950 986 2976 [idem

1012 333 1186 367 Sampsonis,
1204 333 1301 361 eodem
1324 339 1450 367 rogante,
1465 341 1480 360 a
1500 333 1655 360 Iustiniano
1671 339 1806 363 erectum.

1011 386 1076 406 cum
1097 379 1249 414 Procopius
1261 379 1344 410 dicat,
1364 378 1709 414 restanratnm,quodjam
1727 385 1807 406 antea

1010 424 1082 453 idem
1097 424 1231 459 Sampson
1248 426 1456 453 exauliticasset.
1474 426 1574 453 Verum
1591 425 1660 452 adeo
1675 425 1805 460 exiguum

1011 468 1062 496 fuit
1086 470 1206 505 primum
1227 471 1293 498 illud
1312 471 1473 505 Sampsonis
1491 471 1648 502 aedificium,
1667 475 1720 498 tam
1744 470 1808 498 illu-

1012 520 1069 543 stre
1083 523 1147 543 vero
1166 520 1277 551 tamque
1295 517 1469 552 magniﬁcum
1493 525 1506 543 a
1520 517 1677 544 Iustiniano
1692 517 1807 545 factum,

1013 565 1044 588 ut
1070 561 1140 589 nihil
1164 562 1275 589 veritati
1303 562 1456 590 detraxisse
1488 563 1689 597 Metaphrastes
1717 563 1807 590 videri

1013 606 1111 641 possit.
1123 606 1202 640 Quod
1218 607 1295 635 addit
1312 607 1445 636 Baronius
1465 608 1499 634 de
1521 608 1733 643 conﬂagratione
1748 608 1808 642 ejus

1014 653 1179 686 nosoeomii,
1205 661 1287 688 quam
1314 659 1370 681 tum
1392 655 1541 689 contigisse
1564 655 1725 686 arbitratur.
1744 662 1808 682 cum

1015 700 1066 727 sub
1087 700 1232 727 Anasmsio
1255 700 1362 728 Sanctae
1382 700 1492 735 Sophia:
1516 701 1649 735 templum
1678 706 1807 729 exttstum

1016 744 1086 778 fuit;
1101 745 1206 773 ciarum
1228 750 1271 774 est
1285 746 1314 773 in
1332 746 1457 774 historiis
1474 755 1527 774 non
1546 747 1630 774 semel
1649 747 1715 774 illud
1738 752 1808 774 tem-

1017 791 1091 826 plum
1122 791 1260 819 incendiis
1282 793 1434 819 obnoxinm
1458 793 1557 825 fuisse;
1575 793 1723 821 Iustiniani
1743 800 1807 821 vero

1018 843 1090 863 anno
1106 844 1122 862 ν
1135 836 1200 863 illud
1215 838 1403 864 nosocomium
1421 838 1564 865 incensum
1578 846 1640 865 esse
1657 839 1728 865 idem
1746 838 1806 864 Pro-

1018 882 1115 916 copius
1131 882 1274 909 refertlib.
1289 891 1296 910 ι
1312 883 1350 910 De
1361 884 1430 918 αιάίῙὶ
1452 889 1480 911 et
1499 883 1584 910 iBelli
1597 883 1672 910 Pers.
1685 892 1744 917 cap.
1762 884 1807 916 24,

1020 931 1048 955 et
1068 928 1250 963 Theophanes
1275 929 1308 956 ad
1330 937 1432 956 annum
1455 938 1469 956 ν
1494 930 1654 957 Iustiniani.
1682 929 1809 957 Fortasse

984 969 1004 996 Β
1020 973 1130 1008 majoris
1152 973 1282 1001 momenti
1306 975 1335 1002 ﬁt
1357 974 1383 1001 in
1399 974 1450 1001 liae
1463 983 1502 1007 re.
1520 975 1594 1009 quod
1610 975 1759 1009 Procopius
1776 975 1810 1001 de

1020 1018 1181 1054 Sampsonis
1206 1024 1286 1047 :etate
1314 1020 1371 1047 ait:
1395 1020 1479 1056 *Ανήρ
1502 1029 1543 1050 τις
1563 1021 1693 1054 ϋεοπεεὴς
1712 1021 1741 1046 ἐν
1755 1022 1810 1047 ταῖς

1019 1064 1074 1091 ἄνω
1090 1065 1206 1099 χρόνοις,
1224 1064 1343 1099 Σαμψὼν
1375 1066 1459 1101 ovain
1480 1074 1487 1081 ·
1512 1065 1557 1092 Vir
1575 1067 1681 1100 quidam
1695 1068 1753 1099 pius
1765 1067 1810 1100 qui

1018 1111 1195 1146 superioribus
1212 1113 1292 1139 annis
1320 1112 1422 1147 ﬂoruit.
1448 1113 1482 1138 At
1503 1112 1555 1139 hoe
1570 1113 1652 1139 etiam
1671 1112 1738 1139 nihil
1753 1117 1809 1141 est;

1021 1166 1081 1185 nam
1114 1157 1265 1193 Procopius
1295 1159 1395 1186 librum
1426 1159 1503 1186 illuni
1537 1158 1573 1186 De
1602 1158 1734 1192 a‘diﬁciis,
1764 1158 1811 1185 ulti

1019 1203 1072 1230 hoc
1101 1203 1194 1235 habet,
1212 1208 1336 1231 extremo
1365 1204 1512 1231 Iustiniani
1544 1204 1660 1239 imperio
1689 1203 1811 1237 scripsit.

1019 1257 1118 1284 nempe
1141 1257 1187 1277 sex
1214 1255 1242 1277 et
1267 1250 1376 1284 triginta
1392 1255 1473 1284 atque
1501 1251 1619 1285 amplius
1648 1251 1732 1277 annis
1751 1255 1813 1284 post

1020 1300 1135 1323 mortem
1160 1296 1328 1330 Snmpsonis.
1347 1296 1459 1331 Vigebat
1479 1301 1568 1325 tamen
1584 1297 1653 1324 adeo
1673 1297 1734 1330 ejus
1755 1304 1814 1323 mc-

1020 1341 1119 1372 moria,
1144 1346 1174 1368 ut
1199 1342 1387 1374 Iustinianus,
1416 1342 1528 1370 Novella
1553 1343 1587 1369 59
1613 1348 1639 1369 et
1670 1343 1735 1373 151.
1763 1342 1812 1369 ubi

1020 1386 1055 1414 de
1072 1388 1222 1421 Sampsone
1251 1387 1384 1422 loquitur,
1411 1388 1438 1414 ’0
1452 1388 1502 1422 τῆς
1517 1389 1592 1418 ὀπίας
1611 1390 1720 1423 μνήμης
1740 1389 1813 1422 Σαμ-

1021 1433 1080 1467 ψών
1099 1433 1183 1464 dicat,
1201 1443 1209 1458 ε
1230 1433 1337 1460 Sancta:
1364 1434 1504 1461 memoria:
1530 1434 1684 1468 Sampson;
1705 1444 1714 1460 ι
1741 1434 1815 1467 quod

1023 1480 1064 1514 (ut
1089 1479 1178 1506 obiter
1199 1479 1302 1513 notem)
1327 1487 1388 1506 cum
1416 1480 1443 1506 in
1470 1480 1593 1514 antiquis
1607 1479 1814 1512 manuscriptis.

1022 1525 1123 1553 litteris
1142 1526 1331 1560 singularibus
1353 1525 1381 1553 S.
1400 1525 1435 1554 Μ.
1449 1530 1573 1552 notatum
1590 1530 1674 1553 esset.
1692 1524 1763 1551 male
1788 1525 1816 1551 in

1023 1571 1126 1598 Latinis
1132 1571 1299 1598 editionibus
1306 1571 1425 1598 Novella:
1433 1571 1479 1597 13l
1488 1575 1635 1605 exceptum
1643 1577 1683 1598 (‘st
1694 1580 1700 1597 :
1711 1571 1818 1597 Sanctae

1024 1617 1113 1643 Maria!
1133 1617 1276 1650 Sampson.
1293 1616 1371 1649 Quod
1393 1621 1484 1643 autem
1505 1617 1531 1643 in
1549 1617 1732 1651 Metaphraste
1753 1624 1814 1643 cor-

1027 1662 1173 1697 rigendum
1187 1663 1267 1697 plane
1294 1670 1405 1693 censeo.
1434 1668 1477 1690 est
1504 1663 1576 1689 ratio
1602 1663 1734 1697 temporis
1756 1662 1818 1688 vita:

1028 1706 1188 1742 Sampsonis
1213 1713 1241 1735 et
1270 1716 1404 1735 annorum
1430 1708 1538 1743 imperii
1565 1708 1732 1738 Iustiniani:
1753 1716 1815 1734 nam

1027 1753 1148 1780 antistite
1164 1752 1240 1779 Mena
1255 1753 1434 1788 Sainpsonem
1453 1752 1635 1787 superfuisse.
1656 1752 1726 1779 haud
1745 1752 1816 1779 bene

1027 1798 1223 1833 Metaphrastes
1239 1803 1344 1829 narrat.
1360 1806 1422 1825 cum
1444 1803 1508 1825 ante
1526 1798 1699 1825 consulatum
1714 1798 1819 1825 Behza-

1028 1845 1060 1871 rii
1078 1844 1190 1875 obiisse.
1205 1852 1238 1872 ex
1258 1845 1369 1872 Novella
1385 1844 1419 1872 59
1437 1845 1584 1879 perspicue
1599 1848 1716 1870 constet.
1736 1844 1820 1870 Porro

1027 1890 1148 1924 ejusdem
1174 1890 1293 1918 Novella:
1317 1890 1467 1925 publicatio
1492 1895 1575 1924 atque
1600 1890 1700 1917 electio
1722 1888 1818 1920 Mena).

1028 1935 1083 1963 fere
1099 1936 1125 1962 in
1140 1936 1211 1963 idem
1227 1941 1334 1971 tempus
1353 1936 1491 1966 incidunt.
1512 1943 1610 1970 nempe
1628 1935 1701 1962 circa
1716 1942 1819 1961 annum

1027 1982 1173 2010 Iustiniani
1191 1990 1235 2015 XI;
1251 1986 1278 2009 at
1294 1990 1359 2009 vero
1371 1986 1434 2009 ante
1448 1989 1550 2008 annum
1565 1982 1626 2016 ejus
1643 1989 1658 2008 ν
1675 1987 1815 2007 mortuum

1028 2028 1206 2063 Sampsonem
1223 2029 1307 2056 fuisse
1327 2036 1409 2055 nemo
1428 2028 1546 2055 dubitet.
1569 2027 1609 2055 Ad
1634 2027 1708 2054 hunc
1724 2027 1819 2054 ealcu-

1029 2074 1082 2100 hun
1099 2074 1251 2101 revocanda
1268 2079 1332 2101 sunt
1354 2082 1415 2108 qua:
1439 2076 1471 2102 de
1487 2073 1614 2101 incendio
1635 2073 1786 2101 nosoemnii
1806 2081 1822 2101 a

1028 2121 1212 2156 Metaphraste
1227 2125 1387 2148 narrantur.
1409 2130 1417 2145 ι

1065 2167 1107 2194 16.
1127 2167 1190 2195 llaec
1219 2166 1328 2195 erudite
1354 2166 1524 2193 Alemannus
1548 2174 1554 2193 :
1579 2170 1607 2193 at
1629 2173 1705 2195 vero.
1728 2169 1823 2192 contra

1028 2213 1101 2249 quod
1126 2214 1171 2241 hic
1196 2213 1345 2245 existimat,
1368 2217 1465 2239 auctor
1488 2211 1618 2239 Chronici
1644 2210 1823 2239 Alexandrini

1029 2260 1227 2295 amplissimum
1250 2267 1282 2287 ea
1304 2264 1467 2293 tempestate
1485 2259 1567 2294 (anno
1591 2258 1697 2285 scilicet
1724 2257 1823 2292 quinto

1029 2305 1194 2340 Iustiniani)
1226 2304 1312 2332 fuisse
1355 2305 1394 2331 ait
1421 2303 1611 2332 nosocomium
1646 2302 1824 2337 Sampsonis;

1030 2359 1093 2379 cum
1112 2351 1184 2378 dicat
1205 2357 1211 2376 :
1229 2360 1237 2375 ί
1252 2349 1341 2377 Ξενὼν
1358 2348 1405 2375 τοῦ
1427 2348 1546 2383 Σαμψὼν
1568 2348 1582 2374 ὁ
1599 2347 1685 2381 μέγας
1710 2346 1825 2381 ἐκαύθη,

1031 2399 1078 2425 καὶ
1099 2397 1239 2424 ἀπώλοντο
1259 2396 1283 2423 οἱ
1312 2397 1341 2422 ἐν
1359 2394 1432 2429 αὺτῷ
1461 2393 1636 2428 ἀνακείμενοι
1664 2393 1800 2428 ᾶρῤωστοι
1817 2397 1824 2405 ‘

1034 2443 1244 2471 Xenodochium
1280 2440 1441 2476 Sampsonis
1482 2447 1610 2475 magnum
1636 2439 1825 2474 conﬂagravit,

1033 2496 1143 2523 unaque
1163 2487 1270 2523 periere
1286 2487 1333 2522 qui
1352 2486 1379 2513 in
1395 2493 1429 2513 eo
1443 2490 1522 2512 erant
1537 2484 1650 2512 infirmi.
1673 2493 1683 2510 ι
1702 2484 1825 2518 Repara-

1035 2540 1092 2561 tum
1113 2538 1203 2560 autem
1223 2536 1251 2559 ct
1268 2531 1464 2559 realdiiicatum
1478 2537 1493 2557 τι
1508 2529 1665 2557 Iustiniano
1690 2529 1762 2557 haud
1778 2529 1826 2556 diu

1036 2583 1129 2614 postea
1146 2578 1235 2610 stetit,
1258 2577 1393 2612 siquidem
1411 2583 1483 2603 anno
1496 2582 1589 2603 xxxvn
1601 2575 1725 2609 ejusdem
1739 2575 1827 2610 impe-

1035 2624 1134 2652 ratoris
1150 2631 1259 2651 rursum
1281 2623 1361 2652 arsit.
1380 2626 1410 2649 ut
1428 2621 1525 2649 scribit
1543 2621 1726 2656 Theophanes
1748 2626 1776 2650 et
1793 2628 1828 2648 ex

1035 2680 1068 2699 eo
1096 2671 1236 2699 Ccdrenus
1258 2679 1266 2698 :
1290 2680 1298 2695 ι
1317 2669 1362 2704 Τῷ
1387 2669 1425 2701 λζ’
1451 2669 1629 2702 ἕτειγέγονεν
1652 2667 1828 2702 ὲμπυρισμὺς

1038 2718 1141 2752 μέγας,
1167 2718 1214 2743 καὶ
1242 2716 1346 2751 ἐκαύθη
1376 2715 1487 2746 τελείως
1522 2714 1536 2741 ό
1561 2713 1645 2746 ξενὼν
1677 2712 1724 2741 τοῦ
1755 2713 1830 2748 Σαμ-

1035 2764 1103 2798 ψών.
1149 2763 1227 2790 Anno
1254 2761 1422 2798 (Iustiniani)
1455 2769 1545 2788 xxxvn
1579 2759 1680 2787 factum
1714 2763 1757 2786 est
1788 2758 1830 2785 in-

1037 2810 1166 2839 cendium
1183 2817 1321 2844 maguum,
1335 2813 1363 2835 et
1378 2807 1558 2842 conﬂagravit
1573 2806 1684 2841 penitus
1703 2805 1827 2833 xenodo-

1039 2857 1132 2883 chium
1156 2855 1325 2890 Sampsonis.
1345 2864 1354 2880 ι
1373 2854 1504 2887 Quamvis
1519 2857 1614 2889 postea
1634 2852 1830 2880 remditlcatum

1040 2905 1159 2928 constet.

1076 2947 1118 2974 t7.
1142 2946 1232 2979 Quare
1262 2946 1361 2972 frustra
1389 2944 1529 2980 redarguit
1551 2943 1654 2971 erroris
1675 2942 1831 2970 Cedrrnum
