4010 6466
267 458 376 521 277

1508 461 1689 523 VITA
1727 463 1792 522 S.
1833 460 2287 523 SAMPSONIS.

2467 397 2498 420 0

3429 468 3538 532 ἓἾὸ

269 574 396 636 hii;
429 571 838 643 ὖπεραγασθεὶς
867 572 967 643 τὴν
998 572 1198 644 ἀρετὴν
1226 571 1320 626 τοῦ
1339 573 1552 644 ἀνδρὶς,
1578 574 1674 626 καὶ
1702 571 1864 634 σέϐας

1974 574 2176 630 honore
2235 573 2477 639 habens,
2531 576 2824 630 maximam
2869 584 2926 631 et
2979 576 3250 632 celebrem
3317 576 3543 641 domum

270 661 422 732 αὐτῷ
451 662 766 732 ἀπονέμων,
807 662 902 715 τὸν
935 661 1192 734 μέγιστον
1221 657 1370 715 οἶκον
1399 664 1494 715 καὶ
1525 662 1854 733 περιϐόητον

269 755 341 809 δι’
363 752 534 810 αὐτοῦ
558 753 875 823 ἀνεγείρας,
903 753 1110 821 ξενῶνα
1126 753 1520 818 κατεσκεύασε,
1551 753 1644 806 καὶ
1665 770 1858 806 σκευο-

272 845 494 913 φύ).ακα
521 845 623 914 τῆς
657 845 922 916 Μεγάλης
961 843 1286 916 Ἐκκλησίας
1317 844 1410 897 τὸν
1442 843 1632 912 Ἀγιον
1669 842 1856 896 τοῦτον

277 934 636 1006 κατέστησεν.
667 935 839 997 Αὐτὸς
873 936 932 989 δὲ
969 935 1149 1000 καλῶς
1179 935 1273 988 xui.
1310 933 1571 1002 θεοφιλῶς
1611 933 1860 986 πολιτευ-

276 1029 538 1097 σάμενος,
573 1029 670 1080 καὶ
702 1027 922 1092 πολλοῖς
949 1028 1209 1097 πρόξενος
1241 1027 1516 1098 σωτηρίας
1543 1026 1858 1096 γενόμενος,

274 1121 370 1173 καὶ
428 1118 666 1182 πολλοὺς
716 1118 856 1189 πρὸς
909 1115 1073 1188 ζῆλον
1123 1121 1218 1174 καὶ
1273 1119 1506 1190 μίμησιν
1545 1117 1639 1172 τοῦ
1693 1116 1859 1172 αὐτοῦ

273 1211 616 1281 ἀκραιφνοῦς
651 1211 768 1282 βίου
789 1212 1174 1282 διαναστήσας,
1203 1212 1321 1265 ἐκεῖ
1357 1211 1458 1282 μὲν
1489 1209 1858 1272 ἀνεπαύσατο,

275 1303 546 1374 κατετέθη
571 1304 629 1357 δὲ
660 1304 721 1357 τὺ
753 1305 933 1374 τίμιον
957 1304 1127 1357 αὐτοῦ
1153 1303 1404 1374 λείψανον
1431 1304 1488 1357 ὲν
1511 1302 1589 1371 τῷ
1619 1300 1862 1372 μεγίστῳ

280 1398 388 1465 ut};
423 1396 520 1450 τοῦ
544 1397 706 1465 ἁγίου
740 1395 990 1462 Μωκίου,
1017 1395 1138 1451 καθ’
1168 1396 1405 1465 ἑκάστην
1438 1393 1601 1464 βρύον
1635 1394 1862 1462 ίαματο-

280 1489 422 1558 ςὸρα
457 1489 682 1558 νάματα
723 1488 802 1552 είς
831 1488 990 1555 δόξαν
1022 1489 1114 1541 καὶ
1142 1483 1290 1542 αἶνον
1318 1485 1560 1558 Χριστοῦ
1597 1486 1698 1539 τοῦ
1725 1484 1862 1538 Θεοῦ

277 1583 310 1647 ἠ
318 1579 459 1647 μῶν.

342 1673 438 1728 23.
506 1692 524 1724 ι
574 1671 811 1728 Sanctus
839 1671 930 1727 ille
969 1671 1286 1743 (Sampson)
1310 1685 1514 1744 genere
1583 1671 1866 1726 Romanus

271 1772 418 1817 erat.
466 1760 573 1816 llic
616 1761 934 1817 distributis
980 1762 1126 1816 inter
1171 1775 1442 1832 pauperes
1480 1759 1709 1822 divitiis,
1744 1773 1867 1828 quae

1959 667 2133 735 ipsius
2187 681 2355 722 suasu
2399 665 2724 721 aediﬁcatam
2779 667 2836 722 in
2882 667 3290 723 xenodocbium
3340 675 3540 730 erexit.

1957 758 2218 813 Sanctum
2250 765 2518 828 praeterea
2549 760 2874 828 supellectili
2895 776 3063 815 sacra:
3094 761 3318 831 majoris
3343 762 3540 820 Eccle-

1958 851 2054 905 siae
2074 850 2338 920 praefecit.
2370 849 2616 905 Tandem
2648 858 2770 920 post
2806 851 3096 906 honestam
3131 853 3388 925 piamque
3411 872 3544 911 con-

1958 942 2349 1006 versationem,
2387 949 2677 1010 postquam
2702 941 2956 1011 plurimis
2975 943 3169 999 salutis
3192 955 3386 999 auctor
3406 945 3544 1000 fuis-

1960 1036 2064 1090 set,
2098 1029 2411 1100 multosque
2469 1030 2537 1085 ad
2597 1031 2775 1085 zelum
2837 1043 2893 1086 et
2933 1031 3059 1086 vitae
3092 1047 3206 1087 suae
3253 1035 3547 1104 inculpata:

1964 1120 2329 1176 imitationem
2380 1121 2716 1190 excitasset,
2763 1122 2969 1177 ibidem
3033 1124 3269 1192 quievit,
3333 1125 3532 1196 pretio-

1963 1225 2195 1280 sumque
2251 1211 2424 1281 ipsius
2467 1227 2672 1282 corpus
2719 1215 3021 1282 repositum
3067 1224 3153 1270 est
3202 1215 3256 1269 in
3305 1215 3544 1269 maximo

1965 1301 2170 1370 templo
2205 1300 2262 1356 S';
2299 1301 2482 1365 Mocii,
2521 1302 2576 1356 in
2602 1301 2723 1356 dies
2752 1302 2983 1357 salutari
3009 1304 3342 1375 scaturigine
3361 1304 3547 1359 mede-

1964 1393 2070 1447 lam
2097 1392 2307 1447 morbis
2345 1393 2605 1459 aﬂ‘erens,
2642 1392 2709 1448 ad
2744 1392 2964 1449 laudem
2998 1402 3055 1449 et
3083 1395 3311 1465 gloriam
3337 1393 3542 1449 Christi

1964 1489 2060 1544 Dei
2096 1489 2338 1560 nostri}:

2034 1581 2124 1635 2t.
2157 1579 2333 1652 Hujus
2361 1593 2581 1650 quoque
2629 1579 2803 1634 sancti
2851 1579 2958 1635 hoc
2986 1579 3076 1636 die
3110 1594 3310 1635 nomen
3344 1579 3543 1634 inscri-

1965 1678 2122 1741 ptum
2147 1671 2424 1741 reperitur
2452 1671 2785 1726 Kalendario
2815 1671 3040 1743 Syriaco
3087 1689 3183 1727 seu
3223 1671 3544 1734 Challlaico,

1967 1761 2156 1816 Romae
2186 1761 2456 1832 impresso
2485 1778 2630 1818 anno
2656 1762 2816 1826 1624,
2845 1762 3005 1831 quod'
3045 1762 3175 1816 olim
3221 1778 3367 1818 anno
3414 1761 3549 1818 H562

271 1856 380 1910 sibi
433 1871 464 1910 a
521 1854 851 1926 pereuntibus
905 1863 1064 1910 erant
1103 1854 1328 1919 relictae,
1357 1853 1426 1908 ad
1455 1852 1866 1924 imperatoriam
1969 1854 2163 1910 Latine
2214 1854 2455 1910 reddidit
2512 1855 2575 1909 D.
2606 1854 3113 1924 Joseplius,ltalice
3155 1870 3291 1908 vero
3345 1854 3546 1925 Symon

271 1948 565 2002 civi'atem
600 1947 773 2010 venit,
802 1956 970 2016 atque
1002 1947 1056 2001 in
1082 1947 1322 2001 oratoria
1356 1955 1411 2001 et
1444 1945 1704 2000 basilicas
1741 1959 1863 1999 sese
1899 1928 1938 1982 Β
1969 1947 2200 2018 Moyses,
2230 1947 2392 2000 ambo
2421 1946 2638 2016 collegii
2666 1946 3055 2001 Maronitarum
3086 1946 3318 1999 alumni.
3374 1945 3550 2014 Hujus

273 2040 576 2110 recipiens,
602 2040 691 2110 pie
719 2039 966 2094 locorum
993 2039 1214 2094 illorum
1239 2041 1528 2093 sanctitate
1551 2037 1860 2104 fruebatur,

270 2133 666 2201 privatamque
691 2141 856 2202 atque
881 2130 1171 2187 obscuram
1199 2132 1406 2187 ducens
1430 2131 1621 2194 vitam,
1652 2131 1866 2186 divina-

275 2240 396 2277 rum
425 2223 846 2293 Scripturarnm
881 2223 1117 2279 lectione
1138 2224 1383 2279 animum
1406 2221 1739 2289 oblectabat,
1761 2223 1861 2278 soli

278 2315 389 2370 Deo
418 2316 674 2370 intentus
709 2331 723 2368 :
751 2315 897 2372 unde
933 2316 1188 2387 cognitus
1213 2331 1242 2371 a
1270 2315 1595 2387 dignissimo
1629 2317 1867 2386 patriar-

278 2409 376 2462 cba
407 2407 569 2462 Mena
595 2407 668 2462 ab
688 2407 884 2463 eodem
904 2408 1162 2464 sacerdos
1184 2408 1492 2474 ordinatur,
1519 2409 1698 2464 factus
1723 2425 1869 2464 unus

282 2517 345 2554 es
366 2501 541 2555 clero.
569 2500 708 2555 Erat
733 2515 867 2555 vero
897 2509 1094 2570 portus
1125 2502 1386 2558 salutaris
1415 2502 1758 2573 pauperibus
1784 2512 1868 2556 at-

290 2607 392 2661 que
425 2606 528 2663 ope
557 2590 962 2662 indigentibus.
1004 2591 1252 2662 Cumque
1309 2591 1388 2647 rei
1444 2591 1672 2646 medicae
1715 2599 1864 2647 esset

293 2685 508 2753 peritus,
536 2685 722 2754 ipsum
753 2685 919 2740 etiam
947 2683 1336 2756 imperatorem
1365 2683 1736 2740 Iustinianum
1763 2683 1865 2737 im-

285 2776 589 2833 medicabili
627 2777 826 2833 morbo
851 2776 1192 2833 laborantem
1225 2776 1500 2832 liberavit.
1526 2775 1660 2831 Inde
1686 2775 1861 2844 impe-

281 2876 428 2925 rator
463 2869 776 2926 admiratus
821 2867 929 2924 viri
985 2869 1269 2937 virtutem,
1301 2883 1539 2939 eumque
1573 2883 1770 2939 magno
1806 2868 1863 2923 in

1023 3232 1278 3342 ΤΟΥ
1325 3248 1471 3341 ΕΝ
1533 3252 1901 3340 anon:

1971 2048 2236 2108 praeterea
2286 2039 2542 2093 meminit
2603 2037 3050 2108 Martyrologium
3118 2036 3550 2107 Arabico-[Egy-

1969 2133 2166 2201 ptium,
2205 2131 2349 2200 quod
2379 2147 2443 2186 ex
2463 2129 2698 2186 Arabico
2742 2130 3022 2185 transtulit
3050 2129 3238 2185 Gratia
3269 2129 3552 2184 Simonins

1970 2221 2260 2285 Maronita,
2292 2220 2644 2290 postmodum
2673 2220 3051 2290 Tripolitanus
3080 2220 3135 2273 in
3170 2218 3324 2290 Syria
3364 2217 3552 2271 archi-

1969 2314 2281 2382 episcOpus.
2317 2313 2376 2367 ln
2409 2313 2512 2368 hoc
2552 2313 2944 2385 Martyrologio
2975 2323 3298 2382 sequentem
3345 2311 3553 2365 oratio-

1970 2421 2093 2460 nem
2141 2406 2310 2460 habet
2346 2421 2471 2460 cum
2504 2405 2562 2461 S.
2585 2405 2795 2462 Joanne
2821 2403 3268 2475 Eleemosynario
3303 2418 3554 2457 commu-

1970 2512 2094 2551 nem
2131 2515 2144 2550 :
2180 2517 2198 2549 ι
2237 2496 2536 2552 Possedisti
2597 2497 2802 2562 omnia,
2852 2511 2886 2549 ο
2945 2496 3106 2550 Pater
3155 2503 3345 2550 sancte
3391 2494 3551 2547 Sam-

1970 2602 2130 2656 pson,
2180 2586 2310 2640 dum
2371 2587 2428 2641 in
2487 2586 2745 2642 omnibus
2795 2587 2946 2641 fuisti
3000 2602 3222 2656 semper
3268 2586 3550 2653 assiduus,

1973 2680 2154 2734 ditans
2174 2695 2466 2749 pauperes,
2500 2679 2758 2749 ipsosque
2787 2679 3035 2744 alens,et
3064 2678 3396 2744 sublevans;
3425 2694 3556 2747 pre-

1971 2787 2095 2828 care
2144 2773 2426 2828 Christum
2466 2773 2662 2840 Deum,
2695 2781 2755 2829 ut
2779 2773 2980 2829 liberet
3006 2771 3221 2828 animas
3250 2781 3491 2839 nostras.
3525 2791 3544 2824 ι

1976 3253 2415 3338 ΠΑΤΡΟΣ.
2468 3251 2798 3346 ΗΜΩΝ

1385 3461 2495 3668 ΣΑΜΣὨΝ

957 3768 1390 3902 ΒΙΟΣ
1492 3763 1824 3898 ΚΑΙ
1926 3746 2882 3899 ΠΟΛΙΤΕἸΑ.

804 4185 976 4364 S.
1141 4189 1340 4360 P.
1471 4189 1668 4365 N.
1806 4182 3015 4366 SAMPSONIS

1052 4510 1403 4628 VITA
1484 4511 1661 4624 ET
1741 4503 2768 4636 CONVEBSATIO

1733 4863 2122 4966 PROLOGUS.

366 5068 446 5119 Κ.
499 5064 661 5118 Ἀλλὰ
703 5062 813 5133 μὴν
843 5063 1066 5134 χάριτος
1102 5063 1262 5134 ἔργον
1310 5059 1403 5114 καὶ
1435 5058 1757 5129 θεραπείας,
1788 5057 1869 5128 τῆι

2064 5060 2104 5113 Ι.
2136 5059 2341 5115 Partim
2362 5056 2585 5128 quidem
2618 5070 2814 5128 magno
2841 5053 3128 5130 Sampsoni
3154 5049 3574 5122 gratitudinem.

295 5159 435 5229 πρὸς
478 5158 572 5211 τὸν
612 5159 786 5229 μέγαν
814 5156 1054 5227 Σαμψὼν
1085 5152 1516 5224 ἐκπληροῦντες,
1548 5151 1665 5220 ἅμα
1692 5149 1750 5204 δὲ
1786 5150 1883 5202 καὶ

297 5252 512 5323 μέμψιν
547 5250 645 5319 τὴν
676 5250 737 5317 ἐξ
764 5249 1069 5320 ἀνθρώπων
1105 5247 1468 5312 ἐκκλίνοντες,
1500 5245 1580 5307 εἰς
1619 5243 1710 5294 τὸν
1739 5259 1884 5311 παρ·

299 5347 433 5398 όντα
484 5343 642 5411 λόγον
701 5339 1028 5410 καθήκαμεν
1079 5339 1328 5401 ἑαυτοὺς,
1383 5338 1476 5389 καὶ
1524 5335 1615 5388 τὸν
1671 5333 1882 5386 ἐκείνου

300 5435 671 5500 συντάξασθαι
703 5434 819 5505 βίον
851 5432 1209 5504 εὐγνωμόνως
1243 5429 1580 5499 ὑπέστημεν.
1626 5425 1736 5480 Καὶ
1768 5423 1884 5487 πῶς

301 5530 410 5598 γὰρ
441 5527 505 5580 οὐ
531 5527 738 5598 μέμψις
769 5526 994 5590 εὔλογος
1028 5526 1123 5576 καὶ
1149 5521 1353 5585 δικαία,
1381 5521 1429 5573 εἰ
1457 5518 1666 5573 πολλῶν
1686 5515 1888 5585 ἐτέρων

302 5623 498 5688 ἀΐίων,
537 5622 646 5675 τῶν
675 5621 782 5690 μὲν
811 5617 1128 5688 μαρτύρων,
1149 5615 1258 5668 τῶν
1289 5613 1347 5666 δὲ
1373 5614 1466 5666 καὶ
1494 5609 1667 5672 ἄλλως
1699 5608 1894 5679 εὐαρε-

306 5715 584 5783 στηκότων
618 5713 771 5783 Θεῷ,
814 5709 925 5762 τῶν
955 5709 1054 5778 μὲν
1088 5707 1282 5768 ἄθλους
1311 5706 1403 5758 καὶ
1437 5705 1654 5765 πόνους,
1679 5701 1788 5753 τῶν
1834 5700 1891 5754 δὲ

305 5807 393 5861 καὶ
426 5806 576 5878 βέους
605 5807 707 5861 καὶ
738 5799 977 5872 πράξεις
1013 5799 1156 5852 κατὰ
1198 5797 1435 5867 σπουδὴν
1476 5793 1892 5863 συνταξάμενοι,

301 5902 475 5960 τούτου
501 5903 568 5976 δὴ
611 5898 715 5954 τοῦ
755 5892 1001 5965 μεγάλου
1033 5890 1270 5962 Σαμψὼν
1302 5888 1626 5959 φαινοίμεθα
1671 5887 1885 5940 κατολι-

1985 5160 2041 5206 et
2077 5151 2286 5206 cultum
2323 5150 2573 5206 debitum
2606 5148 2954 5212 exhibentes,
2988 5145 3187 5215 partim
3245 5151 3430 5197 autem
3469 5142 3574 5198 ho-

1988 5243 2198 5297 minum
2239 5243 2442 5314 justam
2482 5242 2724 5297 vitantes
2766 5237 3286 5310 reprehensionem,
3327 5234 3396 5289 ad
3432 5234 3577 5288 hanc

1985 5337 2318 5392 accessimus
2372 5335 2722 5397 orationem,
2773 5339 2830 5386 ct
2871 5329 3021 5389 illius
3073 5327 3376 5384 scribendae
3433 5324 3577 5379 Vitae

1985 5445 2130 5484 onus
2174 5428 2414 5482 libenter
2471 5423 2843 5492 suscepimus.
2897 5418 3190 5488 Quomodo
3239 5416 3387 5472 enim
3461 5428 3574 5468 non

1983 5519 2356 5590 optimo-jure
2398 5513 2956 5585 reprehenderemur,
3005 5510 3074 5575 si,
3121 5508 3217 5578 qui
3268 5505 3572 5561 multorum

1984 5608 2219 5663 aliorum
2248 5615 2589 5668 sanctorum,
2621 5614 2737 5657 tum
2772 5608 3100 5673 martyrum,
3127 5608 3242 5652 tum
3271 5596 3434 5652 aliter
3463 5595 3574 5648 Deo

1989 5700 2344 5769 placitorum,
2394 5698 2615 5752 illorum
2649 5696 2872 5765 quidem
2903 5693 3123 5748 labores
3153 5700 3208 5745 et
3247 5686 3573 5744 certamina.

1989 5793 2182 5846 horum
2218 5805 2351 5845 vero
2401 5789 2568 5866 vitam
2618 5798 2676 5843 et
2725 5805 2812 5844 res
2864 5797 3048 5858 gestas
3099 5785 3395 5855 diligenter
3441 5795 3577 5832 cou-

1988 5882 2334 5952 scripsimus,
2395 5880 2544 5935 hunc
2589 5894 2844 5950 magnum
2889 5881 3246 5948 Sampsonem
3295 5872 3582 5929 videamur
