4010 6496
491 432 601 499 279

1790 430 2076 492 MENSIS
2109 429 2417 490 JUNIUS.

3647 424 3762 487 280

489 553 864 608 contemnere,
916 543 1219 616 praesertim
1271 557 1395 596 cum
1451 541 1496 596 is
1540 541 1679 596 adeo
1729 543 1888 598 nobis
1944 557 2072 612 pro-

2177 540 2503 611 γωροῦντες,
2539 538 2632 591 καὶ
2663 535 2898 607 μάλιστα
2937 535 3112 594 οὕτως
3165 535 3452 602 ἐγγυτάτω
3497 536 3756 605 κειμένου

487 636 765 706 pinquus,
815 641 870 687 et.
931 633 1220 702 sepulcro,
1278 633 1372 687 ubi
1431 634 1704 689 mirabilia
1780 643 2065 704 operatur,

489 725 885 797 prOpemod‘um
933 725 1152 781 vicinus
1201 725 1314 780 sit?
1359 725 1515 780 Adde
1563 726 1708 796 quod
1753 727 1963 781 nullum
2003 742 2068 781 ex

487 819 578 884 iis,
619 817 711 887 qui
747 831 850 871 nos
880 828 1301 886 praecesserunt,
1354 819 1750 884 invenerimus,
1780 821 1872 889 qui
1901 818 2071 874 fuerit

486 909 755 978 ejusdem,
790 908 951 978 cujus
979 922 1085 964 nos
1113 909 1305 976 animi,
1352 920 1409 964 et
1447 910 1626 964 Vitam
1672 909 1823 963 illius
1851 910 2070 978 scriptis

482 1008 676 1053 exacte
726 999 1100 1053 mandaverit.
1143 999 1266 1054 Non
1295 999 1520 1070 quidem
1563 1015 1648 1054 me
1692 1000 1847 1063 latet,
1883 1015 1914 1053 a
1957 999 2070 1052 viro

491 1091 580 1158 pio
631 1102 687 1147 ct
735 1090 1018 1160 pontiﬁce,
1067 1100 1125 1146 et
1175 1107 1286 1145 non
1338 1107 1531 1160 parum
1583 1091 1832 1156 erudito,
1886 1091 2067 1159 magni

489 1180 808 1250 Sampsonis
881 1181 1247 1250 compositum
1325 1181 1492 1236 fuisse
1549 1181 1886 1235 encomium.
1956 1181 2071 1250 Ego

484 1282 666 1326 autem
697 1273 766 1328 de
808 1273 931 1329 Vita
961 1273 1162 1342 loquor
1187 1274 1450 1328 distincte
1485 1275 1814 1343 composita,
1859 1288 1981 1342 quae
2014 1282 2070 1327 ct

487 1382 573 1418 res
608 1365 679 1420 ab
711 1367 803 1421 illo
838 1366 1098 1436 praeclare
1135 1376 1315 1436 gestas
1341 1376 1600 1421 accurate
1635 1376 1854 1432 tractet,
1879 1376 1935 1421 et
1965 1365 2070 1420 nii—

485 1455 801 1509 raculorum
869 1456 991 1524 ejus
1049 1459 1384 1510 mentionem
1438 1457 1602 1510 faciat
1683 1456 2066 1512 suﬂicientem.

487 1546 602 1602 Hoc
648 1547 795 1601 enim
850 1547 944 1617 qui
993 1547 1371 1616 praestiterint,
1423 1548 1476 1601 in
1526 1548 1854 1602 hodiernum
1895 1563 2070 1616 usque

485 1638 650 1702 diem,
689 1653 869 1706 neque
906 1639 1045 1693 alios
1084 1640 1361 1701 novimus.
1424 1656 1604 1710 neque
1649 1655 1751 1695 nos
1807 1649 2070 1709 praestare

488 1743 800 1796 possumus,
837 1730 930 1800 qui
962 1730 1032 1784 ab
1080 1730 1187 1784 illis
1214 1729 1558 1798 temporibus
1597 1745 1787 1784 sumus
1833 1729 2067 1786 multum

487 1821 718 1886 remoti;
757 1836 936 1890 neque
967 1837 1259 1892 possumus
1287 1825 1409 1891 ejus
1442 1826 1612 1876 vitam
1649 1824 1890 1892 perfecte
1934 1839 2063 1893 pro-

2179 632 2273 684 mi.
2305 632 2429 684 ὅσον
2455 628 2563 683 ἀπὸ
2587 628 2680 683 τοῦ
2708 626 3137 698 παραδοξοποιοῦ
3171 628 3342 696 τάφου
3385 627 3761 695 γειτονοῦντος

2177 725 2342 794 ήμῖν;
2397 721 2492 776 καὶ
2539 720 2737 785 ταῦτα,
2780 721 2985 792 μηδένα
3028 719 3137 772 τῶν
3173 720 3280 792 πρὸ
3310 718 3467 789 ἡμῶν
3505 719 3760 790 εὑρόντες

2176 816 2277 885 τῆς
2313 814 2478 884 αὐτῆς
2515 815 2650 883 ἡμῖν
2681 813 2972 882 γενόμενον
2999 811 3259 875 διανοίας,
3297 811 3393 865 καὶ
3420 811 3513 866 τὸν
3539 812 3757 865 ἐκείνου

2179 904 2294 974 βίον
2351 901 2810 973 συγγραψάμενον
2849 899 3173 967 φιλοπόνως.
3201 899 3310 952 Καί
3342 916 3410 970 με
3454 899 3514 952 οὐ
3565 898 3760 971 λέληθε

2177 997 2236 1050 τὺ
2272 995 2367 1050 τοῦ
2414 993 2698 1062 θεοφιλοῦς
2741 993 2934 1063 ἀνδρὸς
2977 994 3072 1046 καὶ
3123 992 3447 1064 ἀρχιερέως,
3503 993 3637 1046 ἀλλὰ
3662 996 3762 1048 καὶ

2181 1089 2430 1151 παιδείας
2460 1089 2521 1142 οὐ
2556 1085 2800 1159 [μικρὸν]
2836 1085 3070 1156 ἐχοντος,
3093 1087 3174 1147 εἰς
3217 1085 3311 1138 τὸν
3341 1085 3534 1153 Μέγαν
3567 1102 3761 1142 συντε-

2181 1183 2270 1242 θὲν
2302 1180 2578 1250 ἐγκώμιον
2619 1198 2633 1211 ·
2675 1177 2786 1248 ἐγὼ
2815 1179 2870 1230 δὲ
2907 1177 3020 1248 βίον
3046 1175 3209 1245 λέγω,
3243 1177 3388 1230 κατὰ
3429 1177 3595 1246 μέρος
3630 1195 3762 1230 συν-

2177 1275 2531 1344 τεταγμένον,
2588 1273 2683 1324 καὶ
2733 1270 2802 1324 τὰ
2855 1271 3066 1323 ἐκείνου
3117 1269 3559 1337 διαλαμϐάνοντα
3622 1269 3763 1337 πρὸς

2177 1366 2486 1436 ἀκρίϐειαν,
2514 1363 2652 1434 πρὸς
2676 1363 2732 1417 δὲ
2775 1363 2869 1416 καὶ
2913 1362 3024 1415 τῶν
3053 1362 3374 1430 θαυμασίων
3410 1363 3629 1430 μνήμην
3663 1361 3765 1430 ἀρ-

2179 1457 2420 1518 κούντως
2460 1453 2805 1522 ποιούμενον.
2838 1450 3013 1504 Τοῦτο
3045 1451 3154 1521 γὰρ
3191 1450 3307 1502 οὗθ’
3338 1450 3557 1520 ἐτέρους
3589 1450 3765 1518 ἔγνω-

2181 1567 2280 1618 μεν
2306 1548 2433 1616 ἆχρι
2462 1546 2557 1600 καὶ
2589 1544 2684 1600 νῦν
2713 1545 3042 1614 δράσαντας,
3082 1542 3196 1596 οὔθ’
3216 1545 3376 1612 ἡμεῖς
3407 1543 3629 1612 ποιῆσαι
3671 1542 3763 1595 δυ-

2177 1639 2332 1694 νατοὶ
2356 1639 2703 1709 τυγχάνομεν
2732 1638 2905 1700 ὄντες,
2941 1635 3205 1706 πάμπολυ
3231 1637 3347 1700 τοῖς
3375 1636 3589 1706 χρόνοις
3622 1637 3765 1688 ἁπο-

2176 1733 2529 1800 λειπόμενον
2561 1733 2654 1784 καὶ
2679 1729 3094 1801 ἁκριὸὡσασθαι
3133 1729 3203 1783 τά
3229 1745 3292 1796 γε
3321 1727 3414 1780 τοῦ
3438 1727 3551 1797 βίου
3578 1727 3764 1790 καλῶς

2182 1823 2257 1894 μὴ
2287 1823 2600 1892 δυνάμενοι,
2625 1821 2763 1892 πλὴν
2805 1823 2929 1875 ὅσον
2975 1820 3400 1892 ἐπιμελέστερον
3438 1820 3579 1874 αὐτὰ
3619 1819 3765 1872 διελ-

484 1913 664 1982 sequi,
702 1913 796 1968 sed
829 1914 1006 1968 solum
1041 1930 1162 1969 eam
1213 1915 1418 1970 referre
1451 1917 1614 1985 paulo
1643 1915 1985 1986 diligentius,
2015 1923 2070 1970 et

2177 1916 2312 1978 θεῖν,
2339 1916 2437 1970 καὶ
2468 1915 2626 1984 ὀλίγα
2657 1915 2764 1968 τῶν
2794 1913 3089 1984 θαυμάτων
3119 1915 3196 1975 είς
3217 1913 3374 1979 δόξαν
3397 1912 3534 1966 Θεοῦ
3577 1929 3761 1980 παρα-

483 2019 658 2074 pauca
685 2021 750 2061 cx
787 2007 908 2076 ejus
950 2007 1234 2063 miraculis
1278 2008 1408 2062 viris
1451 2009 1555 2077 piis
1600 2009 1668 2063 ad
1706 2009 1800 2062 Dei
1843 2008 2069 2078 gloriam

484 2113 783 2167 exponere.
821 2099 952 2170 Ejus
997 2099 1144 2154 enim
1178 2114 1407 2168 parvum
1449 2100 1584 2154 Vitae
1627 2100 1982 2169 opusculum.
2015 2099 2070 2152 in

485 2188 655 2258 quod,
710 2206 739 2243 a
789 2189 942 2244 clero
975 2200 1288 2259 acceptum.
1340 2188 1657 2256 incidimus,
1703 2192 1878 2244 visum
1911 2190 2071 2244 nobis

487 2290 573 2333 est
606 2295 715 2333 non
741 2279 924 2334 solum
957 2279 1298 2351 negligenter
1325 2281 1715 2352 compositum,
1761 2282 1857 2336 sed
1891 2283 2070 2351 ipsum

485 2372 653 2424 etiam
690 2379 944 2437 testatur,
974 2387 1123 2438 eum,
1170 2372 1264 2442 qui
1317 2373 1370 2427 id
1415 2375 1748 2442 composuit,
1785 2374 1923 2428 nihil
1972 2377 2070 2429 lia—

483 2462 672 2517 buisse
724 2462 1095 2530 eruditionis;
1144 2462 1254 2518 imo
1304 2478 1437 2517 vero
1490 2479 1593 2518 nec
1640 2479 1705 2519 ea
1753 2465 1892 2534 ipsa,
1947 2481 2072 2535 qua:

485 2564 688 2620 narrat,
747 2555 882 2610 satis
930 2553 1175 2625 perfecte
1221 2564 1277 2609 et
1323 2555 1576 2610 absolute
1645 2556 1962 2621 traduntur,
2014 2567 2069 2612 et

483 2647 642 2716 longe
694 2645 895 2701 absunt
950 2662 980 2701 a
1032 2660 1248 2701 summa
1290 2646 1655 2717 perfectione.
1701 2647 1847 2714 Quin
1900 2650 2068 2703 etiam

484 2735 620 2792 illud
672 2751 835 2806 opus,
888 2753 1000 2807 quo
1053 2737 1146 2793 diu
1199 2737 1286 2794 usi
1331 2754 1544 2802 sumus,
1603 2739 1980 2808 comperimus
2009 2757 2068 2796 se

484 2827 689 2882 habere
730 2827 1006 2893 similiter,
1045 2837 1101 2882 et
1131 2843 1198 2882 ex
1253 2829 1451 2883 eadem
1509 2837 1592 2897 (ut
1637 2829 1811 2897 aiunt)
1861 2830 2066 2886 factum

483 2930 606 2972 esse
639 2915 857 2980 ﬁdelia;
886 2915 1053 2985 idque
1100 2916 1424 2986 inscriptum
1480 2916 1705 2985 quidem
1734 2931 1858 2970 esse
1887 2916 2067 2970 Enco-

486 3014 655 3064 inium
709 3009 882 3065 divini
929 3010 1290 3080 Sampsonis,
1347 3021 1406 3066 et
1462 3011 1670 3065 habere
1733 3011 2066 3081 singularem

484 3101 779 3172 quamdam
813 3101 1187 3156 narrationem
1214 3116 1430 3165 eorum,
1462 3117 1586 3172 qua:
1621 3102 1688 3156 ab
1716 3101 1813 3155 illo
1856 3103 1909 3155 in
1951 3102 2063 3156 vita

487 3201 639 3263 gesta
664 3201 833 3249 sunt:
867 3192 962 3249 sed
989 3207 1154 3264 parce
1191 3193 1514 3256 admodum,
1553 3203 1610 3248 et
1654 3193 1904 3248 tenuiter
1935 3193 2070 3248 viris

2175 2006 2364 2061 θέσθαι
2388 2009 2503 2070 τοῖς
2542 2006 2810 2076 φιλοθὲοις
2838 2023 2852 2037 ·
2883 2000 2927 2074 ᾧ
2945 2005 3052 2076 γὰρ
3068 2004 3394 2077 ἐνετύχομεν
3417 2006 3481 2056 ἐκ
3505 2004 3598 2056 τοῦ
3632 2003 3767 2073 κλή-

2174 2117 2272 2170 ρου
2304 2100 2562 2158 λαϐόντες
2595 2097 2777 2169 μικρῷ
2805 2099 3148 2167 συντάγματι
3175 2099 3325 2160 Βίου,
3347 2097 3509 2151 τοῦτο
3540 2097 3605 2168 δὴ
3633 2096 3763 2148 οὔτε

2175 2191 2437 2263 ῥᾳθύμως
2459 2191 2620 2258 μόνον
2650 2187 2794 2252 ἔδοξε
2828 2189 3208 2259 συντετάχθαι,
3238 2188 3374 2242 ἀλλὰ
3401 2189 3493 2241 καὶ
3512 2187 3766 2248 παιδείας

2173 2282 2264 2334 τὸν
2297 2281 2626 2351 συνθέμενον
2667 2279 2862 2343 ἐνδεῶς
2909 2280 3100 2350 ἔχοντα
3131 2281 3420 2349 μαρτυρεῖ,
3452 2279 3658 2348 μᾶλλον
3703 2277 3765 2346 δὴ

2172 2374 2344 2428 ταῦτα
2377 2375 2502 2444 περὶ
2528 2368 2602 2426 ὧν
2635 2372 2930 2444 πεποίηται
2970 2371 3070 2441 τὴν
3096 2370 3380 2440 ἐξήγησιν,
3423 2370 3484 2422 οὗ
3519 2371 3619 2438 μὲν
3674 2369 3765 2422 οῦν

2173 2467 2406 2530 ὲντελίῦς
2446 2465 2663 2536 ἔχουσιν
2699 2465 2809 2518 οὐδ’
2839 2464 3258 2535 ἠκριϐωμένως,
3307 2462 3488 2530 πολλῷ
3534 2462 3586 2514 δὲ
3623 2462 3768 2530 μᾶλ-

2174 2560 2264 2611 λον
2294 2558 2582 2628 ἀκριϐείας
2620 2555 3131 2625 ἀπολιμπάνονταιο
3171 2555 3307 2624 πρὸς
3346 2554 3399 2606 δὲ
3432 2554 3522 2605 καὶ
3554 2547 3596 2620 ᾧ
3633 2569 3768 2602 συν-

2174 2651 2415 2719 τάγματι
2444 2651 2607 2703 πάλιν
2632 2649 2973 2720 ὡμιληκότες
3000 2646 3190 2718 ἐσμὲν,
3221 2646 3622 2718 παραπλησίως
3680 2643 3766 2696 εὖ·

2174 2761 2342 2814 ρομεν
2364 2743 2485 2813 ἔχον
2509 2743 2604 2796 καὶ
2632 2745 2750 2813 τῆς,
2774 2741 2849 2800 ὥς
2877 2758 3032 2810 φασι,
3059 2739 3360 2812 κεραμείας
3387 2739 3766 2807 πεποιημένον

2172 2835 2450 2904 ἐγκώμιον
2478 2834 2579 2904 μὲν
2608 2828 2748 2887 εἶναι
2772 2834 2864 2887 τοῦ
2893 2833 3038 2887 θείου
3061 2831 3301 2902 Σαμψὼν
3336 2833 3652 2899 ὲπιγεγραμ
3669 2829 3766 2897 μέ-

2174 2945 2265 2980 νον
2295 2928 2388 2980 καὶ
2421 2926 2653 2997 μερικὴν
2683 2927 2808 2996 ἔχον
2837 2926 2960 2979 τινὰ
2981 2926 3234 2996 διήγησιν
3276 2924 3384 2976 τῶν
3427 2924 3622 2993 ἐκείνῳ
3679 2923 3763 2991 βε-

2172 3015 2478 3085 ϐιωμένων,
2516 3016 2658 3069 πάνυ
2705 3015 2763 3069 δὲ
2807 3015 3083 3084 φειδωλῶς
3122 3015 3217 3069 καὶ
3269 3014 3614 3084 μικρολόγως
3649 3013 3766 3065 τῶν

2173 3104 2338 3158 αῦτοῦ
2392 3103 2684 3175 θαυμάτων
2736 3104 3022 3172 ἀπογεύων
3062 3106 3188 3169 τοὺς
3228 3105 3570 3174 φιλοκάλους.
3603 3105 3676 3157 Ὂ
3709 3101 3765 3156 δὲ

2177 3196 2337 3248 πλέον
2375 3198 2493 3249 ἐστὶ
2522 3198 2759 3260 πάντων,
2783 3197 2844 3251 τὸ
2866 3199 3132 3270 ταράττον
3174 3199 3344 3268 ἡμᾶς,
3369 3199 3451 3251 ὃτι
3483 3196 3580 3250 καὶ⁹
3607 3195 3764 3250 αὐτοὶ

489 3284 649 3339 bonis
702 3284 953 3355 praebens
995 3297 1214 3356 gustum
1276 3286 1399 3356 ejus
1441 3286 1861 3341 miraculorum.
1912 3284 2069 3351 Quod

2178 3289 2300 3340 ὅσον
2323 3287 2432 3341 ἀπὸ
2453 3291 2553 3359 τῆς
2578 3289 2688 3341 τῶν
2713 3257 3121 3358 πεπραγμένων
3143 3257 3620 3360 ἐξηγήσεωςφὺδὲ
3657 3292 3764 3360 γὰρ

488 3384 671 3432 autem
707 3391 808 3432 nos
836 3377 1083 3432 omnium
1125 3377 1364 3433 maxime
1409 3377 1728 3444 conturbat,
1769 3387 1876 3440 est,
1921 3375 2070 3446 quod

489 3468 597 3538 ipsi
653 3469 875 3523 illorum
934 3468 1310 3523 narrationem
1373 3468 1595 3538 (neque
1655 3468 1804 3523 enim
1854 3465 2080 3522 aliunde

491 3557 795 3629 quidquam
883 3558 1188 3632 habemus)
1251 3561 1408 3630 sequi
1484 3560 1808 3617 debeamus.
1871 3557 1948 3616 Ea
2009 3561 2081 3615 de

487 3665 650 3705 causa
685 3651 924 3720 petimus
945 3653 1108 3708 nobis
1139 3652 1256 3707 dari
1286 3653 1506 3708 veniam
1532 3651 1600 3708 ab
1638 3652 1706 3708 iis
1746 3651 1840 3722 qui
1895 3651 2081 3723 legent

488 3758 553 3797 ea
585 3758 709 3812 qua:
739 3753 888 3808 sunt,
918 3759 946 3798 a
982 3747 1143 3799 nobis
1189 3743 1493 3809 elaborata,
1543 3754 1605 3799 ut
1639 3759 1742 3800 nos
1797 3759 1906 3798 non
1949 3757 2082 3798 cono

489 3837 754 3892 demnent
800 3837 1171 3907 negligentiae,
1217 3852 1401 3908 neque
1443 3837 1588 3892 hanc
1616 3834 1842 3890 minime
1872 3837 2082 3892 exami-

490 3935 675 3983 natam
704 3929 961 3999 rejiciant
995 3931 1396 3985 narrationem.
1422 3930 1612 4000 Neque
1640 3929 1790 3985 enim
1824 3937 2077 3984 nostrum

490 4032 578 4078 est
614 4021 721 4079 hoc
755 4039 922 4094 opus,
969 4034 1032 4080 ut
1079 4027 1238 4094 prius
1270 4025 1531 4091 diximus,
1569 4025 1666 4081 sed
1712 4026 1932 4080 illorum
1981 4040 2078 4095 po-

495 4117 628 4179 tius,
653 4132 794 4186 quos
818 4131 1011 4172 sumus
1043 4118 1241 4172 secuti.
1275 4117 1415 4172 Illud
1452 4119 1636 4188 itaque
1688 4117 1954 4173 Herodoti
1989 4116 2079 4172 hic

495 4205 697 4275 poterit
729 4205 1017 4260 commode
1050 4206 1197 4277 dici}:
1244 4221 1365 4262 esse
1397 4207 1584 4278 potius
1613 4207 1775 4264 Istizei
1809 4207 2075 4271 calceum,

493 4297 713 4353 etiamsi
742 4298 923 4368 ipsum
946 4297 1188 4356 induerit
1213 4301 1585 4371 Aristagoras.

2181 3381 2357 3450 παρὸν
2385 3380 2630 3450 ἄλλοθεν)
2668 3380 2986 3434 ἀκολουθεῖν
3029 3381 3216 3444 αὐτοῖς
3257 3381 3543 3452 μέλλομεν,
3575 3381 3766 3452 Ταύτῃ

2175 3492 2258 3527 τοι
2284 3474 2383 3528 καὶ
2411 3472 2744 3546 συγγνώμην
2779 3475 2888 3528 ἀπὸ
2915 3474 3023 3528 τῶν
3049 3476 3496 3545 ἐντυγχανόντων
3525 3478 3644 3540 τοῖς
3672 3493 3767 3528 πε-

2175 3565 2508 3635 πονημένοις
2536 3567 2669 3638 ἡμῖν
2701 3566 2983 3639 αἰτοῦμεν,
3010 3566 3151 3620 ὥστε
3193 3567 3267 3638 μὴ
3305 3568 3592 3637 ἀμέλειαν,
3641 3567 3764 3637 μηδ’

2175 3663 2471 3734 ὀλιγωρίαν
2506 3663 2607 3734 τῆς
2636 3663 3008 3720 ἀϐασανίστου
3040 3662 3250 3734 ταύτης
3279 3658 3766 3732 καταψηφίζεσθαι

2177 3754 2483 3827 διηγήσεως
2505 3771 2522 3788 θ
2553 3756 2673 3810 οὐδὲ
2728 3759 2837 3828 γὰρ
2882 3758 3176 3828 ἡμέτερον,
3207 3755 3397 3825 ὥσπερ
3425 3757 3666 3824 ἐφημεν,
3707 3752 3768 3805 τὸ

2177 3845 2540 3917 προκείμενον
2586 3847 2783 3918 ἔργον,
2818 3847 2935 3902 ἀλλ’
2974 3847 3134 3919 ἰχνῶν
3168 3847 3377 3917 ἐτέρων
3415 3843 3764 3915 παρακολού⁴

2178 3937 2350 4008 θημα.
2383 3939 2689 4011 Τοιγαροῦν
2740 3940 3021 3995 κάνταῦθα
3078 3940 3140 3994 τὸ
3195 3925 3532 4010 Ἦροδότέιον
3583 3939 3764 3991 ἐκεῖνο

2177 4029 2434 4096 λέγεσθαι
2471 4031 2656 4102 χώραν
2702 4032 2835 4098 ἕξει,
2876 4031 3133 4085 Ἱστιαίου
3167 4029 3229 4084 τὸ
3267 4031 3524 4100 ὑπόδημα
3559 4027 3766 4098 μᾶλλον

2176 4114 2337 4186 εἶναι,
2381 4122 2430 4174 εἰ
2489 4122 2582 4174 καὶ
2623 4122 3018 4193 ’Δρισταγόρας
3057 4121 3190 4176 αὐτὸ
3236 4121 3558 4176 ὲπεδύσατο.
3609 4120 3766 4189 Ἔχει

2178 4211 2368 4279 μέντοι
2396 4210 2517 4265 τόδε
2558 4211 2753 4275 οὕτως.

1945 4452 2171 4510 CAPUT
2212 4455 2254 4508 Ι.

663 4588 974 4662 Sampsonis
1026 4607 1223 4662 genus,
1281 4589 1498 4662 patria,
1546 4589 1826 4714 studium},
1861 4593 2162 4732 berlizignitas
2217 4595 2272 4718 ig
2338 4608 2596 4664 pauperes
2654 4603 2704 4647 et
2746 4603 3009 4664 wgrotos;
3045 4608 3171 4664 erga
3213 4592 3584 4660 imperatorem

1833 4679 1926 4717 ene
1957 4667 2143 4730 "cium,
2204 4682 2232 4718 ο
2269 4666 2396 4718 itus.

1833 4667 2111 4730 eneﬁcium
2129 4706 2143 4730 ,
2204 4666 2396 4718 obitus.

563 4822 628 4878 ll.
671 4822 777 4876 Hic
816 4837 948 4891 ergo
992 4838 1242 4892 magnus,
1293 4833 1350 4877 et
1398 4823 1559 4894 cujus
1615 4838 1835 4878 omnem
1889 4822 2072 4878 orbem

2258 4822 2334 4879 B'.
2376 4825 2430 4878 Ὁ
2461 4825 2634 4896 μέγας
2664 4817 2820 4887 οὗτος
2859 4823 2952 4876 καὶ
2983 4821 3070 4877 διὰ
3104 4821 3284 4891 πάσης
3311 4817 3641 4892 βεῦψμένος
3665 4818 3764 4888 τῆς

495 4924 654 4969 terra:
677 4917 919 4984 pervasit
951 4914 1117 4981 fama,
1153 4913 1420 4984 Sampson
1446 4955 1461 4979 ,
1485 4931 1661 4985 genus
1683 4915 1903 4984 quidem
1925 4915 2072 4968 duxit

2177 4918 2505 4988 οἰκουμένης
2561 4915 2825 4986 Σαμψὼν,
2877 4909 3025 4968 εἷλκε
3075 4914 3176 4983 μὲν
3225 4913 3287 4966 τὸ
3331 4912 3489 4980 γένος
3550 4911 3614 4962 ἐκ
3662 4909 3764 4979 τῆς

493 5023 561 5061 ex
590 5008 680 5062 illa
709 5007 916 5064 celebri
949 5016 1005 5061 et
1049 5007 1251 5078 inclyta
1296 5006 1492 5061 Roma.
1538 5005 1704 5062 Ortus
1755 5017 1840 5061 est
1893 5016 2079 5060 autem

498 5113 604 5155 non
640 5115 707 5154 ex
741 5099 1080 5170 ignobilibus
1115 5115 1220 5154 nec
1248 5099 1569 5169 vulgaribus
1604 5099 1949 5168 parentibus,
1984 5097 2081 5152 sed

497 5191 654 5246 valde
685 5193 932 5247 honestis
957 5199 1013 5247 et
1051 5192 1261 5248 claris:
1310 5207 1547 5262 quorum
1595 5207 1806 5262 magna:
1855 5189 2078 5260 quidem

496 5290 658 5337 erant
708 5298 863 5353 opes,
909 5299 1084 5353 genus
1123 5292 1306 5338 autem
1339 5283 1650 5337 ducebatur
1704 5299 1768 5336 ex
1816 5283 2082 5351 sanguine

499 5377 850 5446 imperatoris
904 5376 1004 5448 (l).
1052 5377 1159 5432 Sed
1199 5392 1325 5431 cum
1368 5377 1473 5431 viri
1523 5375 1692 5444 hujus
1741 5376 1962 5429 maximi
1993 5391 2080 5431 res

496 5475 737 5522 externa;
781 5467 856 5522 ita
900 5483 959 5524 se
997 5467 1290 5534 haberent,
1329 5482 1510 5537 neque
1551 5467 1798 5521 internas
1837 5482 2077 5535 unquam

501 5559 761 5628 neglexit.
794 5559 930 5614 Nam
955 5568 1010 5615 et
1041 5559 1260 5615 virtutis
1309 5573 1558 5630 magnam
1599 5572 1789 5612 curam
1827 5557 2077 5628 gerebat,

499 5658 554 5702 et
591 5651 790 5706 divina:
817 5649 1116 5721 Scriptura:
1146 5650 1373 5706 lectioni
1410 5657 1533 5704 erat
1561 5647 1828 5713 intentus,
1875 5657 1931 5703 et
1963 5655 2080 5720 tan-

2181 5007 2536 5079 περιωνύμου
2561 5009 2658 5061 καὶ
2690 5005 2985 5076 διαφανοῦς
3035 5003 3222 5073 Ῥώμη
3236 5021 3277 5069 :,
3311 5001 3549 5073 προῆλθε
3575 5001 3633 5054 δέ
3661 5001 3762 5053 οὐκ

2181 5100 2242 5165 ἐξ
2270 5101 2504 5170 ἀσήμων
2547 5099 2656 5172 ἄρα
2695 5099 2878 5164 τινῶν,
2906 5097 3027 5152 οὑδέ
3066 5097 3176 5150 τῶν
3203 5095 3591 5165 ἐπιτυχόντων,
3624 5089 3760 5144 ἀλλὰ

2181 5193 2277 5246 καί
2319 5191 2442 5245 λίαν
2492 5192 2732 5261 εὐγενῶν
2783 5209 2845 5244 τε
2892 5190 2989 5244 καὶ
3020 5188 3319 5255 περιδόξων
3343 5204 3358 5219 ι
3398 5184 3628 5239 πλούτου
3662 5181 3762 5252 μὲν

2181 5284 2504 5354 περιουσίαν
2563 5281 2770 5353 βαθέως
2829 5283 3085 5353 ἐχόντων,
3154 5264 3422 5350 βασιλικῷ
3466 5278 3523 5331 δέ
3566 5277 3763 5343 αἵματι

2185 5376 2326 5430 κατὰ
2358 5377 2516 5444 γένος
2547 5375 3014 5445 φαιδρυνομένων.
3040 5372 3187 5443 Πλὴν
3217 5372 3352 5426 ἀλλὰ
3386 5369 3493 5422 τῶν
3522 5366 3762 5439 θύραθεν

2184 5469 2212 5520 ὁ
2242 5467 2551 5538 Παμμέγας
2603 5466 2777 5528 οὕτως
2817 5465 2978 5535 ἔχων,
3024 5463 3148 5516 οὐδὲ
3193 5463 3300 5517 τῶν
3349 5460 3537 5514 οἰκίων
3567 5457 3762 5528 ἠμέλει

2187 5559 2380 5611 πόθεν
2415 5558 2512 5612 καὶ
2556 5558 2665 5628 γὰρ
2694 5557 2900 5629 ἀρετῆς
2926 5555 3208 5628 ἐφρόντιζε
3251 5554 3393 5620 λίαν,
3427 5553 3525 5607 καὶ
3559 5552 3625 5620 τῇ
3663 5548 3762 5616 τῆς

2185 5647 2336 5712 θείας
2369 5649 2592 5721 Γραφῆς
2645 5648 2883 5715 ἐντεύξει
2932 5647 3138 5718 σπουδῇ
3184 5644 3527 5716 προσέκειτο,
3569 5640 3663 5694 καὶ
3687 5637 3762 5700 ὥς

574 5784 1047 5856 (t)Menologi.um
1081 5784 1430 5857 Constantini
1474 5784 1927 5857 Porphyrogeniti
1978 5785 2163 5853 habet,
2198 5802 2324 5844 eum
2380 5787 2551 5845 fuisse
2617 5787 3087 5857 consanguineum
3148 5783 3493 5842 Constantini
3559 5773 3754 5847 Magni,

505 5854 704 5910 Nemea
735 5854 935 5912 excusa
963 5857 1100 5913 nihil
1141 5856 1347 5912 habent
1387 5856 1456 5912 de
1487 5854 1660 5926 ipsius
1682 5855 1906 5912 familia.
