4010 6490
353 481 460 544 283

1654 469 1940 542 MENSIS
1977 479 2280 542 JUNIUS.

3490 471 3600 539 28$

355 591 514 654 velle,
556 599 674 646 erat
712 590 889 645 facile.
940 592 1005 644 Et
1030 589 1190 643 alteri
1227 591 1450 660 quidem
1495 589 1705 661 aliquid
1749 587 1923 654 aliud,

2066 605 2114 642 ιο
2146 585 2390 660 Σαμψὼν
2423 586 2480 640 δέ
2511 586 2543 658 ή
2587 584 2859 656 ξενοδοχία
2886 582 2979 638 καί
3011 581 3390 654 φιλανθρωπία
3441 584 3533 636 καὶ
3569 586 3600 638 ὁ

357 681 642 751 Sampsoni
693 692 872 735 autem
921 680 1266 750 hospitalitas
1312 690 1368 737 et
1402 682 1737 754 benignitas,
1770 690 1827 736 et
1871 682 1926 735 in

354 781 580 844 egentes
614 773 1013 840 misericordia,
1041 782 1158 830 erat
1181 775 1319 832 adeo
1352 776 1592 846 propria,
1627 785 1689 831 ut
1727 791 1921 845 prope-

357 867 579 922 modum
612 867 715 936 ipsi
749 867 1019 922 naturalis
1053 866 1232 935 ﬁeret,
1275 869 1419 924 sicut
1448 869 1550 924 soli
1589 869 1812 939 quidem
1843 876 1928 924 est

356 958 688 1024 illuminare,
729 959 836 1030 igni
867 969 1051 1014 autem
1097 975 1280 1015 urere.
1316 961 1456 1016 Hinc
1481 961 1646 1016 etiam
1685 961 1928 1016 innotuit

355 1049 407 1103 ei
438 1051 528 1118 qui
563 1058 694 1105 tunc
728 1059 851 1105 erat
897 1051 1102 1107 Christi
1139 1051 1394 1108 Pontifex
1423 1068 1437 1105 :
1469 1051 1734 1107 bonitatis
1777 1052 1927 1106 enim

355 1141 615 1210 splendor
671 1149 730 1198 et
793 1142 962 1198 decus
1002 1159 1118 1210 eos,
1178 1145 1275 1214 qui
1322 1159 1444 1198 eam
1495 1150 1776 1208 exercent,
1817 1143 1928 1198 cito

356 1233 622 1300 propalat.
678 1236 730 1288 Is
788 1243 971 1290 autem
1017 1243 1138 1291 erat
1187 1236 1373 1291 Menas
1409 1236 1508 1307 (9.),
1562 1237 1767 1291 virtute
1821 1252 1928 1291 non

355 1323 645 1378 obscurus.
677 1326 760 1379 Ab
797 1327 893 1381 illo
925 1325 1219 1382 ordinatur
1249 1327 1535 1392 sacerdos,
1569 1328 1793 1395 triginta
1815 1329 1928 1398 jam

354 1431 528 1470 annos
556 1425 742 1480 natus,
776 1426 832 1471 et
858 1419 1024 1488 paulo
1049 1419 1192 1488 plus.
1235 1419 1443 1474 Deinde
1477 1428 1533 1474 et
1571 1419 1624 1474 ei
1666 1419 1930 1485 innotuit,

355 1507 448 1572 qui
487 1505 914 1562 administrabat
965 1507 1281 1579 imperium.
1322 1507 1380 1563 ld
1411 1517 1594 1565 autem
1635 1525 1703 1564 ex
1745 1525 1812 1564 eo
1839 1525 1933 1564 ac-

357 1595 516 1647 cidit.

433 1687 495 1740 V.
544 1686 895 1746 Justinianus
961 1691 1185 1760 quidem
1238 1701 1379 1754 erat,
1440 1693 1537 1763 qui
1601 1693 1932 1763 imperabat,

357 1779 516 1847 cujus
547 1791 603 1835 et
645 1783 863 1852 imperii
913 1783 1240 1839 diuturnum
1291 1785 1402 1839 fuit
1454 1793 1677 1855 tempus
1729 1788 1830 1856 (5),
1876 1794 1934 1840 et

358 1870 466 1924 vita
515 1871 768 1927 illustris.
827 1874 891 1928 Ei
937 1876 1166 1931 morbus
1207 1876 1462 1931 incubuit
1508 1877 1667 1932 valde
1724 1879 1928 1948 gravis,

2028 683 2157 754 περὶ
2210 680 2335 745 τοὺς
2374 679 2571 741 ἐνδεεῖς
2605 671 2785 740 οἶκτος
2819 677 2881 730 τὸ
2913 675 3226 734 ἰδιαίτατον.
3267 673 3345 734 ὡς
3399 673 3594 742 μικροῦ

2028 777 2125 830 καὶ
2151 776 2231 838 εἰς
2259 774 2474 844 φύσεως
2495 769 2814 825 ἀποϐαίνειν
2852 767 3282 838 ἀναγκαιότητα,
3315 760 3426 819 οἷον
3459 765 3594 835 ἡλίῳ

2031 868 2129 940 μέν
2172 867 2234 920 τδ
2277 865 2555 935 φωτίζειν,
2590 863 2720 933 πυρὶ
2751 862 2808 915 δέ
2845 861 2904 915 τὸ
2937 861 3140 915 καίειν.
3193 857 3474 911 Ἐντεῦθεν
3505 856 3604 910 καὶ

2027 962 2106 1032 τῷ
2135 960 2437 1033 τηνικαῦτα
2480 961 2735 1030 ἀρχιερεῖ
2779 959 2873 1013 τοῦ
2913 956 3152 1027 Χριστοῦ
3191 957 3351 1026 δῆλος
3388 955 3606 1022 γίνεται

2031 1053 2222 1124 (ἀρετὴ
2256 1053 2364 1122 γὰρ
2411 1053 2644 1122 πρᾶγμα
2703 1050 2794 1104 ῐσα
2852 1049 2994 1118 φωτὶ
3053 1048 3289 1115 λάμπον,
3331 1044 3453 1098 ὅθεν
3510 1043 3606 1095 καὶ

2029 1144 2165 1212 ταχὺ
2225 1141 2346 1194 λίαν
2397 1139 2766 1210 ἀνακηρύττει
2831 1138 2957 1200 τοῦς
3019 1135 3346 1204 μετιόντας).
3406 1131 3604 1198 Μῆνας

2030 1229 2182 1296 οὗτος
2227 1228 2296 1303 ἦν
2363 1234 2390 1284 ὁ
2435 1232 2534 1301 τὴν
2589 1229 2788 1300 ἀρετὴν
2845 1229 2946 1281 οὑκ
2979 1227 3195 1298 ἄδηλος,
3247 1225 3338 1278 καὶ
3391 1223 3568 1293 ἱερεύς
3588 1236 3612 1250 ’τ

2031 1329 2122 1382 ὑπ’
2169 1327 2377 1380 ἐκείνου
2437 1325 2824 1394 χειροτονεῖται
2875 1321 3174 1390 τριάκοντα
3224 1318 3326 1388 ἢδη
3363 1315 3609 1383 γεγονὼς

2032 1422 2150 1491 ἔτη,
2211 1421 2305 1474 καί
2363 1419 2558 1489 μικρόν
2612 1435 2666 1472 τι
2713 1417 2873 1487 πρός.
2915 1411 3048 1468 Εἶτα
3096 1412 3188 1465 καὶ
3219 1410 3296 1478 τῷ
3326 1408 3424 1476 τὴν
3457 1407 3612 1476 βασι-

2031 1515 2182 1568 λείαν
2241 1513 2479 1567 διέποντι
2533 1511 2764 1581 φανερὸς
2815 1507 3027 1576 γίνεται
3055 1519 3068 1535 ⁸
3126 1502 3256 1571 παρ’
3315 1500 3495 1555 αἰτίαν
3552 1497 3610 1549 δέ

2032 1608 2311 1674 τοιαύτην.

2103 1696 2181 1753 E'.
2217 1695 2591 1758 ἰουστινιανδς
2627 1693 2726 1764 μὲν
2780 1688 2848 1764 ἦν
2883 1693 2912 1745 ὁ
2947 1689 3190 1760 κρατῶν,
3233 1679 3296 1741 οὗ
3324 1684 3420 1738 καὶ
3450 1687 3477 1737 ὁ
3509 1683 3617 1751 τῆς

2032 1798 2206 1866 ἀρχῆς
2227 1792 2418 1864 χρόνος
2438 1791 2627 1856 πολὺς,
2661 1788 2756 1841 καί
2785 1789 2812 1840 ὀ
2845 1787 2960 1858 βίος
2985 1783 3278 1852 ἐπιφανής.
3304 1779 3492 1847 Τούτῳ
3521 1777 3614 1829 νό-

2035 1905 2125 1949 σος
2147 1888 2441 1956 ἐνσκήπτει
2474 1884 2619 1954 μάλα
2647 1881 2841 1950 βαρεῖα
2884 1877 2993 1931 τῶν
3020 1874 3233 1929 αἰδοίων
3256 1870 3404 1940 αὐτῷ
3437 1887 3615 1938 πονη-

359 1976 482 2016 cum
535 1963 585 2017 ei
632 1964 774 2018 male
826 1964 1024 2019 affecta
1078 1976 1265 2022 essent
1330 1968 1612 2038 pudenda,
1648 1946 1930 2024 et—vesica

2057 1980 2147 2043 ιῶς
2170 1979 2425 2049 ἐχόντων,
2461 1977 2556 2028 καὶ
2591 1975 2689 2042 τῆς
2727 1971 2966 2033 κύστεως
3002 1969 3148 2022 ἕλκει
3182 1965 3404 2036 χαλεπῷ
3437 1979 3619 2014 κακω-

358 2056 508 2125 gravi
549 2055 824 2113 laboraret
880 2057 1087 2114 ulcere.
1123 2059 1305 2130 Atque
1351 2061 1443 2117 ille
1487 2062 1714 2132 quidem
1763 2062 1939 2132 patie~

2057 2073 2243 2142 Ιείσης.
2283 2071 2342 2124 '0
2394 2069 2492 2139 μὲν
2524 2063 2618 2120 οὖν
2661 2064 2867 2134 ἔπασχέ
2903 2081 2959 2116 τε
2994 2062 3085 2116 καὶ
3123 2061 3329 2128 ἔκαμνε
3377 2057 3471 2110 καὶ
3515 2055 3623 2116 τάς

360 2149 541 2213 batur,
569 2160 625 2204 et
654 2150 960 2220 laborabat,
994 2169 1097 2208 nec
1128 2155 1346 2210 dolores
1393 2155 1538 2212 ferre
1587 2165 1822 2226 poterat.
1874 2157 1937 2212 Ei

2057 2164 2226 2226 ιδύνας
2252 2162 2464 2234 φέρειν,
2494 2161 2553 2213 ού
2581 2158 2805 2220 δυνατὸς
2835 2152 2926 2227 ἦν’
2961 2153 3162 2225 ἰατρῶν
3192 2152 3247 2204 δὲ
3273 2152 3478 2217 σμῆνος
3513 2147 3625 2198 αῦ-

359 2249 541 2294 autem
589 2251 706 2294 erat
750 2244 1150 2300 circumfusum
1213 2262 1444 2302 examen
1501 2248 1840 2303 medicorum
1883 2257 1939 2303 et

2057 2256 2114 2326 τῷ
2131 2253 2488 2324 περιεκέχυτο
2505 2253 2596 2304 καὶ
2610 2250 2739 2322 περί
2755 2247 2935 2308 αὑτὸν,
2958 2245 3147 2314 ὥσπερ
3169 2242 3307 2304 ἔθος,
3337 2238 3625 2292 σπουδαιο·

361 2332 509 2386 circa
535 2348 683 2399 eum,
715 2345 774 2389 ut
801 2351 919 2394 mos
955 2347 1060 2402 est,
1091 2338 1319 2393 aderant
1365 2355 1562 2410 magno
1603 2341 1788 2395 studio
1821 2340 1944 2396 dis-

2057 2347 2358 2416 ιογούμενοι
2382 2345 2659 2414 παρῆσαν.
2696 2343 2744 2395 οἳ
2775 2335 3201 2407 ἐπαγγείλασθαι
3237 2333 3337 2401 μὲν
3369 2331 3461 2384 καὶ
3488 2331 3629 2396 ἀγα-

364 2434 620 2493 putantes
668 2441 682 2478 :
722 2427 816 2496 qui
873 2426 941 2481 ad
981 2430 1416 2498 promittendum
1467 2431 1730 2501 quidem,
1777 2442 1834 2488 et
1869 2432 1938 2487 ad

2057 2440 2150 2497 ίῶν
2182 2441 2414 2494 ἐλπίδων
2441 2437 2727 2509 πληρῶσαι
2754 2433 2952 2504 κομιδὴ
2974 2431 3277 2500 πρόχειροι,
3308 2427 3401 2480 ara
3425 2423 3488 2489 δὴ
3523 2424 3630 2475 καὶ

364 2514 506 2569 bona
541 2532 638 2585 spe
678 2518 1020 2587 implendum
1054 2529 1195 2576 sunt
1230 2522 1392 2576 valde
1437 2523 1699 2592 prompti,
1743 2531 1804 2578 ut
1845 2522 1940 2592 qui

2057 2534 2138 2604 τὴν
2175 2535 2335 2603 χεῖρα
2363 2531 2455 2585 τοῦ
2483 2529 2780 2597 κάμνοντος
2805 2522 3054 2579 ἐντεῦθεν
3089 2517 3492 2578 ὑποκινοῦντες,
3521 2516 3629 2568 καὶ

364 2619 411 2661 el
443 2609 561 2678 ejus
589 2626 829 2676 manum,
859 2614 951 2682 qui
988 2614 1222 2679 laborat,
1272 2613 1404 2669 hinc
1440 2615 1692 2680 inritent,
1738 2627 1793 2671 et
1827 2616 1942 2671 elli-

2057 2623 2465 2696 προθυμοτέραν
2504 2622 2582 2683 εἰς
2607 2618 2878 2678 ἐπιδόσεις
2908 2609 3048 2668 εἶναι
3081 2608 3634 2681 παρασκευάζοντες⁸
3659 2643 3666 2660 .

367 2702 538 2765 ciant,
566 2711 625 2755 ut
656 2705 728 2758 sit
773 2704 840 2758 ad
881 2705 1128 2760 dandum
1161 2707 1397 2760 alacrior
1431 2725 1444 2760 :
1480 2715 1542 2760 ut
1585 2717 1770 2762 autem
1815 2722 1944 2777 pro-

2057 2720 2123 2782 εἰς
2154 2718 2315 2787 ἔργον
2342 2713 2478 2768 δὲτὸ
2512 2708 2850 2780 ἐπαγγελθέν
2871 2707 3120 2776 ἀγαγεῖν,
3150 2699 3362 2756 καὶτοῦ
3392 2697 3634 2750 λυποῦν-

367 2793 535 2848 missa
581 2793 862 2850 deducant
903 2796 970 2850 ad
1019 2796 1301 2861 ell‘ectum,
1347 2806 1404 2853 et
1433 2799 1776 2854 laborantem
1809 2799 1946 2853 libe-

2057 2829 2132 2875 τος
2163 2808 2471 2875 ἀπαλλάξαι
2491 2805 2584 2860 τὸν
2645 2803 2987 2872 πιεζόμενον,
3016 2799 3078 2852 οὐ
3112 2797 3269 2868 μόνον
3297 2795 3398 2847 οῦκ
3427 2794 3484 2844 ἐν
3512 2789 3634 2843 ὀλί-

369 2896 493 2940 rent
529 2888 597 2942 ab
625 2903 692 2942 eo
727 2890 875 2958 quod
906 2904 1032 2944 eum
1063 2890 1202 2944 male
1229 2890 1417 2956 habet,
1448 2907 1558 2946 non
1586 2891 1764 2945 solum
1787 2891 1943 2946 brevi

2057 2919 2128 2970 γῳ
2173 2901 2388 2954 δυνατοί
2434 2899 2630 2962 ποιεῖν,
2679 2893 2794 2948 ἀλλ’
2829 2891 2952 2946 ούδέ
2998 2889 3161 2961 τριϐῇ
3209 2885 3306 2940 καὶ
3365 2883 3631 2955 μελλήσει

372 2995 482 3033 non
538 2993 769 3049 possunt
813 2981 1060 3047 eiiicere,
1096 2982 1192 3038 sed
1240 2998 1422 3054 neque
1483 2984 1644 3055 longa
1687 3000 1842 3039 mora
1888 2994 1948 3040 et

2057 2995 2329 3056 πολλάκις,
2362 2991 2482 3045 οὐδὲ
2520 2991 2612 3042 τὸν
2654 2988 2864 3058 μακρὸν
2907 2983 3098 3055 χρόνον
3135 2979 3503 3050 λαμϐάνοντες
3542 2976 3632 3038 εἰς

371 3070 656 3133 dilatione,
701 3088 881 3142 neque
915 3073 1066 3144 longi
1113 3075 1377 3144 temporis
1420 3084 1638 3132 utentes
1685 3077 1894 3130 auxilio
1930 3095 1944 3132 :

2057 3085 2345 3157 βοήθειανο
2402 3081 2517 3136 ἀλλ’
2577 3081 2789 3150 ἕτοιμοι
2856 3077 3056 3148 μᾶλλον
3123 3075 3250 3134 τοὺς
3314 3071 3634 3138 πάσχοντας

371 3159 466 3212 sed
495 3161 670 3228 parati
695 3161 921 3230 quidem
959 3172 1091 3218 sunt
1120 3179 1312 3218 eorum
1335 3163 1432 3234 qui
1462 3165 1738 3232 laborant,
1784 3182 1950 3222 accu-

2057 3175 2332 3231 αίτιᾶσθαι
2358 3176 2456 3245 τῆς
2493 3170 2844 3242 βραδύτητος,
2933 3165 3029 3220 καὶ
3059 3164 3156 3226 τὰς
3190 3160 3320 3232 πρὸς
3352 3159 3407 3212 τὸ
3445 3159 3638 3227 χεῖρον

371 3267 496 3307 sare
530 3253 872 3320 tarditatem,
915 3270 984 3311 at:
1050 3258 1220 3314 etiam
1262 3261 1329 3316 ad
1361 3261 1438 3327 id,
1486 3266 1632 3331 quod
1677 3271 1763 3316 est
1797 3261 1951 3317 dete-

2057 3268 2464 3340 συμϐαινούσας
2500 3263 2876 3336 περιπετείας,
2909 3261 3040 3314 ὡσεὶ
3073 3259 3147 3328 μὴ
3175 3260 3285 3319 τοῖς
3315 3251 3640 3320 παραγγέλ-

373 3344 512 3408 tius,
553 3346 983 3415 proclivitatem,
1021 3359 1080 3404 ut
1125 3351 1221 3421 qui
1263 3352 1350 3408 vel
1396 3353 1686 3422 praeceptis
1715 3369 1826 3408 non
1856 3370 1949 3409 ac-

374 3434 683 3505 quiescant,
729 3441 816 3494 vel
861 3440 987 3495 cibo
1029 3452 1085 3496 et
1121 3451 1255 3512 potu
1299 3459 1412 3498 non
1441 3459 1528 3506 ea,
1574 3461 1682 3515 qua
1718 3461 1816 3516 par
1841 3454 1948 3512 est,

372 3525 628 3583 cautione
689 3539 953 3588 utantur:
1004 3548 1064 3588 se
1119 3544 1326 3600 autem,
1361 3545 1417 3591 et
1463 3551 1548 3599 ea,
1578 3552 1700 3606 quae
1745 3541 1812 3592 ad
1855 3553 1954 3592 cu-

297 3644 302 3648 -
376 3619 608 3674 randum
667 3624 954 3692 adhibent,
1009 3626 1413 3682 medicamenta
1479 3628 1708 3684 minime
1765 3646 1956 3700 repre-

373 3709 644 3770 hendunt.
700 3715 843 3782 Quid
899 3733 1030 3789 ergo
1078 3719 1423 3789 imperator?
1473 3721 1768 3792 Postquam
1815 3723 1957 3778 vidit

375 3817 471 3856 cos
515 3807 684 3858 multa
724 3806 949 3875 quidem
995 3809 1202 3875 dicere,
1235 3819 1292 3864 et
1342 3825 1538 3882 magna
1581 3811 1749 3866 verba
1782 3811 1956 3881 loqui,

377 3893 513 3947 nihil
564 3904 747 3950 autem
775 3897 1054 3954 ‘conl‘erre
1117 3899 1185 3954 ad
1233 3901 1600 3967 curationem,
1655 3903 1768 3958 imo
1823 3918 1962 3959 vero

373 3983 597 4050 Ludere,
629 3997 686 4041 et
709 3989 948 4058 majores
971 3988 1193 4045 dolores
1223 3990 1459 4058 allerre,
1499 3992 1616 4060 ipse
1650 3992 1961 4064 agitabatur

377 4077 602 4144 quidem
636 4077 941 4142 doloribus,
975 4079 1125 4135 ferre
1170 4096 1306 4136 vero
1345 4098 1456 4137 non
1492 4094 1731 4153 poterat.
1779 4087 1962 4157 Atque

379 4183 571 4222 omnes
627 4169 850 4237 quidem
895 4170 1144 4227 medicos
1185 4186 1254 4226 ex
1291 4188 1449 4243 aequo
1472 4179 1871 4243 condemnans,
1903 4186 1964 4234 ut

379 4260 624 4325 inutiles,
671 4261 727 4314 in
778 4263 976 4316 malam
1031 4279 1146 4318 rem
1192 4263 1348 4321 abire
1393 4265 1609 4336 jussit:
1665 4268 1735 4324 ad
1790 4268 1963 4325 Deum

383 4363 566 4407 autem
609 4352 878 4423 confugit,
925 4363 982 4409 et
1023 4355 1074 4408 ei
1129 4371 1326 4427 magno
1382 4358 1565 4414 studio
1594 4359 1859 4426 adhaeret,
1907 4370 1964 4418 et

383 4442 536 4497 illinc
570 4445 767 4512 qumrit
805 4445 1089 4500 auxilium.
1122 4446 1530 4518 Nonnunquam
1569 4451 1717 4505 enim
1751 4461 1965 4523 egestas

385 4535 565 4599 docet,
596 4535 728 4605 quid
762 4535 924 4591 nobis
952 4539 1024 4593 sit
1065 4539 1230 4606 utile;
1260 4549 1316 4595 et
1342 4540 1530 4608 eﬂicit,
1575 4551 1636 4597 ut
1667 4543 1962 4611 discamus,

2057 3378 2222 3433 μασιν
2259 3359 2527 3420 εἴκοντας,
2557 3357 2590 3427 ἢ
2633 3356 2761 3426 περὶ
2801 3353 2900 3416 τὰς
2936 3349 3166 3422 βρώσεις
3198 3348 3230 3417 ἢ
3271 3347 3461 3407 πόσεις
3493 3347 3642 3412 ἀφυ-

2052 3439 2268 3517 λάκτως
2322 3451 2544 3522 ἔχοντας
2568 3463 2583 3479 ⁸
2621 3449 2833 3509 ἑαυτοῖς
2865 3445 2922 3498 δὲ
2968 3443 3066 3496 καὶ
3097 3437 3176 3505 οἷς
3207 3441 3503 3510 κέχρηνται
3549 3437 3640 3500 εἰς

2056 3545 2354 3619 θεραπείαν
2412 3542 2746 3612 φαρμάκοις,
2806 3537 3012 3608 μέμψιν
3062 3536 3111 3588 οἰ
3154 3532 3418 3603 βέλτιστοι
3469 3546 3649 3599 προσ-.

2057 3639 2323 3694 άπτουσιν
2379 3631 2660 3702 οὐδεμίαν.
2695 3630 2761 3682 Τί
2797 3626 2889 3681 οῦν
2934 3628 2962 3678 ὁ
2996 3623 3284 3695 βασιλεύς;
3333 3619 3423 3674 ἐπὶ
3460 3619 3644 3672 πολλά

2061 3727 2163 3797 μὲν
2193 3724 2390 3786 αὐτοὺς
2410 3722 2668 3797 λέγοντας
2698 3718 2844 3788 ἐώρα
2875 3717 2972 3770 καὶ
2991 3709 3641 3785 μεγαλορῤημονοῦντοις,

2058 3815 2211 3870 οὐδὲν
2244 3813 2301 3868 δὲ
2329 3812 2465 3883 πρὸς
2496 3807 2793 3881 θεραπείαν
2831 3804 3117 3867 ἀνύοντας,
3155 3802 3235 3854 ὅτι
3267 3801 3342 3870 μὴ
3370 3799 3464 3853 καὶ
3507 3798 3650 3867 βλάμ

2060 3924 2294 3970 πτοντας
2325 3905 2420 3959 καὶ
2452 3903 2678 3958 ἅκεσίαν
2706 3901 2954 3960 ἅπαντας
2985 3891 3494 3963 ἀποδεικνυμένους,
3532 3892 3644 3945 αὒ-

2060 3999 2152 4062 τός
2177 4014 2237 4050 τε
2267 3995 2484 4058 ὀδύναις
2507 3992 2764 4047 ἐϐάλλετο
2801 3988 2920 4059 μὲν,
2955 3988 3143 4057 φέρειν
3163 3983 3222 4036 δὲ
3258 3983 3358 4036 οὐκ
3383 3979 3649 4049 ὴδύνατο⁶

2065 4089 2268 4162 ἰατρῶν
2296 4087 2397 4159 μὲν
2433 4086 2523 4140 ἐπ’
2559 4086 2685 4154 ἴσης
2737 4081 2958 4135 πάντων
2991 4079 3053 4131 τὸ
3089 4075 3438 4144 ἀνωφέλητον
3471 4087 3652 4126 κατα.-

2063 4182 2248 4252 γνοὺς,
2269 4177 2529 4249 οἰμώζειν
2555 4174 2761 4243 ἔφασκε
2779 4189 2794 4204 ·
2828 4168 3161 4242 προσφεύγει
3185 4167 3242 4220 δὲ
3275 4163 3476 4236 μᾶλλον
3498 4162 3651 4234 Θεῷ,

2064 4275 2160 4330 καὶ
2196 4271 2364 4327 αὑτοῦ
2393 4269 2516 4323 λίαν
2543 4264 2798 4336 ἐμμελῶς
2827 4264 3162 4331 περιέχεται,
3185 4258 3280 4312 καὶ
3305 4257 3405 4326 τὴν
3431 4253 3658 4308 ἐκεῖθεν

2065 4367 2224 4434 ζητεῖ
2255 4362 2531 4435 βοήθειαν.
2575 4358 2734 4413 Ἐστι
2757 4357 2868 4427 γὰρ
2914 4356 3004 4409 ὅτε
3045 4353 3112 4425 δὴ
3145 4351 3240 4406 καὶ
3266 4351 3298 4421 ή
3326 4349 3530 4420 ἀπορία
3563 4346 3654 4400 δι-

2064 4457 2334 4521 δάσκαλος
2363 4457 2498 4526 ἡμῖν
2527 4451 2623 4507 τοῦ
2647 4447 3055 4510 λυσιτελοῦντος
3081 4446 3314 4514 γίνεται,
3345 4443 3442 4496 καὶ
3461 4441 3586 4495 ὅθεν
3619 4441 3653 4511 ἡ

2067 4550 2302 4624 ἀψευδὴς
2350 4549 2476 4619 ἣκει
2534 4544 2776 4617 βοήθεια,
2839 4540 3133 4612 μανθάνειν
3185 4539 3402 4591 ποιεῖ.ι
3446 4535 3512 4588 Ἦ
3538 4534 3654 4606 γὰρ

387 4629 659 4683 undenam
692 4645 882 4684 verum
913 4631 1095 4686 veniat
1120 4632 1384 4688 auxilium
1412 4651 1426 4688 :
1452 4653 1470 4686 ι
1503 4634 1782 4691 Auxilium
1819 4635 1953 4692 enin

2074 4643 2298 4717 βοήθειά
2325 4659 2450 4714 μου,
2476 4637 2632 4710 φησι,
2659 4635 2809 4709 παρά
2840 4633 3070 4706 Κυρίου.
3117 4652 3137 4686 ι

387 4735 592 4781 meum,
636 4722 832 4792 inquit,
864 4738 895 4777 a
923 4723 1155 4779 Domino
1183 4726 1227 4780 ³.
1268 4743 1289 4778 ι

459 4811 544 4865 Vl.
581 4811 716 4867 Cum
743 4813 930 4883 itaque
963 4815 1320 4872 vehementer
1355 4818 1626 4888 petiisset.
1675 4836 1786 4874 non
1815 4819 1969 4876 tarde

390 4905 771 4973 consequitur,
831 4905 928 4960 sed
972 4907 1024 4962 ei
1061 4907 1118 4962 in
1167 4911 1377 4964 somnis
1423 4911 1735 4967 ostenditur
1779 4912 1970 4968 multi-

395 4995 527 5048 tudo
557 4996 919 5064 medicorum,
950 4999 1045 5068 qui
1079 4999 1274 5055 ordine
1305 5001 1528 5071 quidem
1559 5003 1834 5066 astabant,
1871 5003 1971 5060 ho-

397 5097 549 5140 uesta
603 5104 761 5153 vero,
813 5098 869 5144 et
936 5106 1059 5161 qum
1121 5093 1503 5149 sacerdotibus
1565 5096 1973 5161 conveniebat,

395 5189 552 5232 erant
610 5189 760 5234 veste
814 5182 1014 5238 induti.
1059 5183 1206 5239 Vidit
1247 5194 1430 5240 autem
1469 5187 1762 5256 quemdam
1814 5203 1976 5242 acce-

396 5269 618 5325 dentem
657 5274 997 5340 eunuchum,
1029 5290 1096 5330 ex
1127 5291 1262 5330 auro
1296 5277 1518 5347 quidem
1549 5289 1803 5333 contexta
1829 5289 1978 5335 veste

398 5364 672 5433 indutum,
707 5369 1008 5438 Praeposito
1032 5385 1164 5425 vero
1194 5372 1395 5426 amictu
1428 5371 1685 5436 similem,
1708 5370 1801 5440 qui
1830 5370 1979 5425 visus

397 5472 429 5510 c
449 5472 484 5512 ,ι
508 5461 802 5516 ostendere
840 5479 1008 5517 unum
1031 5477 1365 5535 quemquam
1396 5480 1463 5519 ex
1490 5463 1740 5530 medicis,
1772 5477 1883 5532 quo
1906 5462 1980 5517 sit

483 5584 500 5610 ’
524 5583 663 5638 Psal.
687 5601 808 5648 cxx,
838 5585 893 5636 2.

477 5744 548 5801 (Ξ)
581 5744 623 5796 Α
654 5743 967 5814 Patriaridia
1014 5745 1166 5799 Mena
1198 5757 1309 5799 non
1348 5745 1592 5814 potuisse
1623 5745 1982 5814 Sampsoncm

407 5813 1025 5934 ordinarjgsacerdotem
1053 5814 1260 5869 dictum
1285 5813 1368 5870 est
1398 5816 1450 5870 in
1505 5813 1811 5871 Comment.
1844 5830 1984 5884 prae-

413 5901 428 5931 \
447 5901 498 5933 ιιι
531 5898 560 5932 ll
704 5925 713 5934 .

413 5901 498 5933 ιιι)
531 5898 560 5932 ll
632 5898 713 5935 ιδ.

2149 4816 2240 4888 ς’.
2265 4815 2498 4888 Θερμῶς
2531 4810 2825 4887 τοιγαροῦν
2866 4809 3122 4881 αἰτήσας,
3158 4807 3219 4861 οὐ
3264 4804 3506 4877 βραδέως
3536 4804 3657 4857 ἐπι-

2075 4911 2357 4981 τυγχάνει,
2401 4907 2541 4962 άλλά
2586 4905 2707 4961 κατ’
2745 4905 2880 4975 ὄναρ
2927 4901 3077 4972 αὐτῷ
3127 4900 3406 4955 δείκνυται
3452 4896 3660 4966 ίατρῶν

2077 5003 2281 5075 πλῆθος
2327 5001 2576 5073 στιχηδδν
2609 4999 3034 5070 παριστάμενοι,
3063 4997 3163 5064 τὴν
3202 4996 3304 5063 μέν
3335 5007 3419 5046 τοι
3464 4987 3660 5060 στολὴν

2077 5095 2422 5168 ἱεροπρεπῶς
2481 5093 2862 5164 περικείμενοι
2891 5105 2905 5119 °
2967 5085 3227 5154 εὐνοῦχον
3274 5085 3334 5138 δέ
3365 5100 3485 5137 τινα
3509 5097 3658 5152 παρ-

2074 5189 2299 5242 ελθόντα
2319 5187 2490 5256 ἐώρα,
2522 5185 2805 5256 χρυσουφῇ
2839 5180 2940 5251 μὲν
2965 5176 3262 5250 περιϐεϐλη
3273 5175 3455 5245 μένον,
3479 5174 3659 5241 Πραι-

2085 5280 2294 5349 ποσίτῳ
2321 5279 2378 5332 δέ
2415 5276 2514 5349 τὴν
2536 5273 2807 5344 ἀναϐολὴν
2829 5272 3041 5341 ὅμοιον,
3065 5267 3124 5332 ὃς
3153 5268 3248 5322 καὶ
3283 5262 3661 5320 ὑποδεικνύειν

2086 5371 2238 5440 αὐτῷ
2266 5369 2428 5441 ἐῴκει
2465 5367 2572 5422 τῶν
2604 5365 2804 5434 ἰατρῶν
2848 5363 3103 5428 ἕκαστον,
3134 5360 3282 5422 ὅπως
3326 5357 3440 5428 ἔχει
3492 5371 3664 5425 προσ-

2086 5463 2240 5515 ώπου
2279 5463 2374 5514 καὶ
2407 5457 2624 5530 ἡλικίας
2674 5456 2767 5509 καὶ
2797 5453 3253 5525 παραστήματος,
3301 5449 3386 5518 ἐφ’
3425 5441 3507 5508 οἷς
3562 5441 3662 5494 ἕνα

2163 5735 2538 5862 ἓόζίξιῗξξιινὶι
2563 5733 2908 5791 Justinianus
2939 5729 3166 5801 Magnus
3198 5725 3265 5780 ab
3289 5741 3434 5780 anno
3457 5716 3664 5776 Chriin

2094 5814 2195 5866 527
2219 5809 2282 5865 ad
2319 5809 2440 5862 465.
