4010 6472
303 498 416 561 285

1552 503 1730 564 VITA
1770 505 1834 568 S.
1875 505 2222 567 SAMPSON
2235 507 2319 568 lS.

3481 513 3591 578 286

303 611 441 665 εντα
474 610 540 663 τὸ
572 609 873 681 πρόσχημα
915 611 1198 678 ταπεινὸν,
1232 612 1331 683 τὴν
1370 613 1565 666 πολιὰν
1623 613 1875 686 εὐπρεπῆ

2007 615 2186 679 vultu,
2224 626 2385 671 aetate
2413 626 2469 672 et
2503 615 2730 683 habitu;
2762 617 2907 674 inter
2941 633 3081 688 quos
3109 633 3300 686 unum,
3341 620 3434 689 qui
3469 626 3591 674 erat

300 704 404 773 τὴν
435 702 652 756 ἔνδυσιν
676 703 939 771 εὐσταλῆ,
960 703 1226 776 γνωρίσαι
1251 723 1311 758 τε
1340 705 1531 759 τοῦτον
1559 705 1636 778 τῷ
1685 706 1895 778 βασιλεῖ

301 794 716 864 ἐμμελέστερον
761 794 860 848 καὶ
897 790 1009 858 οἷός
1050 797 1167 850 ἐστι
1210 797 1432 851 πάντων
1469 800 1892 868 παρασκευάσαι

300 885 670 955 καταμαθεῖν,
705 887 797 939 καὶ
828 887 905 948 ὡς
929 887 1092 951 αὐτὸς
1124 888 1305 958 μόνος,
1334 889 1395 942 οὐ
1430 890 1529 959 μέν
1550 907 1634 944 τοι
1660 875 1777 944 τῶν
1799 891 1893 946 άλ-

300 980 410 1032 λων
440 980 645 1045 οὐδεὶς,
675 980 872 1047 φάναι,
902 981 1128 1042 δυνατός
1185 999 1268 1036 σοι
1313 982 1499 1037 δοῦναι
1544 983 1642 1038 τοῦ
1685 985 1893 1042 πάθους

299 1070 650 1140 ἀπαλλαγήν.
691 1071 848 1125 Ἐπεὶ
872 1068 966 1125 οῦν
990 1073 1084 1126 καὶ
1123 1073 1296 1128 ῦπνου
1333 1075 1522 1146 ἀνείθη
1550 1077 1578 1129 6
1605 1077 1888 1145 βασιλεὺς,

305 1163 487 1234 ἀληθῆ
518 1165 711 1231 κρίνας
743 1165 833 1216 τὸν
855 1163 1067 1235 ὃνειρον
1093 1168 1291 1237 (ἐποίει
1327 1168 1436 1239 γάρ
1478 1170 1758 1224 πιστεύειν
1793 1173 1891 1226 καὶ

300 1256 474 1308 ταῦτα
504 1257 875 1326 οἰκονομήσας
897 1257 1028 1311 ἰδεῖν
1052 1259 1144 1310 καὶ
1171 1258 1381 1326 μέλλων
1408 1260 1467 1326 ἐξ
1489 1261 1649 1332 ἔργου
1679 1262 1747 1316 τὰ
1769 1265 1892 1334 ὁρα-

306 1350 461 1401 θέντα
491 1348 924 1417 πιστώσασθαι),
959 1351 1137 1420 χαρᾶς
1176 1350 1274 1419 μὲν
1321 1352 1663 1422 πληροῦται·
1719 1371 1888 1424 μετα-

307 1441 554 1492 καλεῖται
582 1439 641 1492 δὲ
674 1441 800 1502 τοὺς
827 1441 1050 1509 ἰατροὺς
1079 1441 1302 1506 εὐθέως.
1335 1445 1444 1497 Καὶ
1470 1444 1521 1497 οί
1555 1445 1657 1514 μὲν
1687 1445 1887 1516 συνῆλ-

303 1535 394 1586 θον
443 1536 542 1586 καὶ
575 1535 658 1596 είς
701 1533 825 1603 ὕψιν
871 1535 1026 1607 αὐτῷ
1064 1536 1418 1608 παρέστησαν
1461 1538 1701 1603 ἅπαντες
1725 1555 1740 1570 ⁶
1780 1542 1808 1594 6
1841 1540 1887 1594 δ’

299 1623 459 1696 ἐπῄει
489 1627 724 1680 ἕκαστον
758 1627 1224 1698 φιλοπραγμονῶν
1276 1630 1542 1700 ἐσχάτως,
1583 1631 1677 1684 καὶ
1721 1630 1889 1701 βασα-

299 1721 467 1784 νίζων
498 1721 600 1791 οὐχ
623 1716 809 1792 ἦττον,
841 1721 874 1791 ἢ
905 1721 1000 1776 τδν
1030 1723 1285 1793 χρυσὺνή
1319 1723 1489 1777 Λυδία
1511 1723 1679 1791 λίθος,
1714 1725 1888 1796 πρόσ-

296 1813 454 1864 ωπόν
505 1829 567 1865 τε
601 1813 698 1868 καὶ
735 1814 923 1884 σχῆμα
971 1814 1069 1867 καὶ
1103 1813 1322 1884 ήλικίαν
1367 1815 1511 1869 κατὰ
1558 1817 1626 1870 τά
1674 1817 1890 1871 ὑποδει-

295 1903 504 1972 χθὲντα
559 1903 868 1974 παράσημα
923 1903 1013 1958 διὰ
1063 1906 1172 1959 τῶν
1212 1907 1458 1977 ὀνείρων.
1505 1907 1591 1971 Ὠς
1635 1907 1693 1961 δὲ
1737 1909 1888 1963 οὐδὲν

1995 711 2181 780 specie
2227 710 2474 773 humilis,
2529 711 2681 765 canis
2735 711 2994 776 decorus,
3041 713 3244 766 vestitu
3317 712 3590 767 honestus

1994 811 2052 856 et
2088 802 2449 870 compositus,
2487 801 2810 871 diligentius
2843 818 3064 867 curare,
3124 815 3184 857 ιιι
3231 813 3394 857 notus
3438 814 3587 858 esset

1994 891 2351 962 imperatori;
2407 903 2464 948 et
2508 893 2750 959 edicere,
2800 904 2860 948 ut
2903 895 3073 949 sciret
3111 895 3294 964 qualis
3333 905 3480 950 esset
3527 896 3584 949 in

1992 986 2271 1051 omnibus,
2300 995 2357 1041 et
2384 986 2588 1042 dixisse
2626 1004 2640 1041 :
2683 987 2785 1042 Hic
2812 987 2984 1052 solus,
3028 997 3083 1041 et
3117 989 3303 1042 nullus
3338 1003 3405 1042 ex
3432 989 3582 1053 aliis,

1994 1075 2091 1130 tibi
2144 1083 2327 1144 potest
2371 1075 2529 1141 dare,
2571 1085 2690 1131 uta
2725 1086 2905 1132 morte
2955 1077 3234 1133 libereris.
3285 1079 3584 1148 Postquam

1992 1175 2178 1222 autem
2223 1182 2254 1222 a
2302 1182 2498 1223 somno
2541 1167 2647 1222 fuit
2693 1170 2969 1224 excitatus
3013 1169 3336 1239 imperator,
3384 1185 3581 1225 verum

1985 1257 2244 1329 judicans
2289 1275 2412 1315 esse
2442 1261 2720 1316 somnium
2753 1262 2836 1332 (ut
2869 1261 3124 1317 crederet
3165 1263 3340 1328 enim,
3379 1263 3582 1317 effece-

1990 1359 2076 1406 rat
2107 1352 2154 1406 is
2181 1353 2273 1422 qui
2306 1353 2625 1423 providerat
2649 1363 2710 1409 ut
2746 1354 2982 1421 videret,
3021 1364 3079 1409 et
3129 1371 3252 1426 quae
3287 1357 3403 1410 visa
3458 1357 3580 1410 fue-

1991 1450 2135 1507 rant,
2172 1451 2293 1496 erat
2321 1457 2382 1496 re
2408 1442 2526 1512 ipsa
2565 1443 3044 1514 conﬁrmaturus),
3075 1444 3339 1514 impletur
3358 1445 3581 1514 quidem

1989 1533 2232 1601 gaudio:
2293 1535 2529 1589 accersit
2606 1543 2788 1591 autem
2839 1537 3022 1590 statim
3065 1537 3331 1592 medicos.
3387 1537 3454 1590 Et
3501 1536 3580 1591 illi

1991 1623 2212 1692 quidem
2245 1636 2650 1690 convenerunt,
2683 1635 2741 1682 et
2773 1643 2833 1682 se
2866 1628 2918 1683 ei
2964 1643 3159 1683 omnes
3189 1644 3375 1684 coram
3412 1629 3573 1683 stite-

1990 1723 2140 1768 runt.
2175 1715 2276 1770 Hic
2317 1730 2452 1772 vero
2481 1733 2937 1788 unumquemque
2989 1719 3285 1784 lustrabat,
3343 1720 3582 1790 diligen-

1991 1807 2202 1863 tissime
2261 1819 2656 1878 perscrutans,
2712 1821 2769 1864 et
2825 1827 2937 1864 non
3003 1812 3188 1866 minus
3255 1812 3582 1868 examinans

1988 1914 2151 1968 quam
2179 1915 2375 1954 aurum
2411 1901 2552 1970 lapis
2584 1900 2809 1971 Lydius,
2840 1901 3168 1971 vultumque
3219 1911 3276 1957 et
3323 1902 3575 1973 figuram,

294 1994 412 2045 τῶν
447 1995 740 2064 παρόντων
785 1994 935 2066 ἑώρα
979 1995 1184 2049 τοιόνδε
1232 1995 1544 2068 γνώρισμα,
1592 1996 1737 2068 λύπῃ
1793 1999 1880 2052 καλ

1990 1999 2046 2043 ιιι
2089 2000 2329 2056 aetatem,
2380 1991 2686 2046 secundum
2738 1993 2918 2062 signa,
2963 2009 3087 2062 qua:
3136 2001 3296 2047 erant
3356 2003 3579 2050 ostensa

292 2087 509 2158 ἀπορία
555 2085 855 2156 συνείχετο,
895 2086 990 2140 καὶ
1033 2083 1122 2140 οἷα
1161 2086 1590 2159 διψητικώτερος
1635 2090 1717 2142 ἔτι
1752 2091 1888 2145 καθ-

297 2176 495 2229 ίστατο
539 2175 635 2229 τοῦ
663 2175 1102 2244 ἑπαγγελθέντος
1135 2176 1550 2248 ἀποτυγχάνων.
1603 2179 1887 2234 Ἐντεῦθεν

298 2265 473 2337 πολλή
525 2281 585 2318 τε
625 2266 723 2320 καὶ
765 2266 945 2338 θερμὴ
978 2267 1074 2319 καὶ
1098 2265 1246 2330 ὀξεῖα
1270 2268 1518 2339 ζήτησις,
1557 2271 1885 2340 ἐπαγγελίαι

297 2375 360 2411 τε
382 2357 610 2428 δωρεῶν
641 2358 737 2410 καὶ
769 2357 946 2428 τιμῶν
986 2359 1284 2430 μεγίστων,
1311 2361 1376 2423 ἃς
1406 2364 1435 2415 6
1465 2361 1558 2415 τδν
1589 2362 1760 2434 ἄνδρα
1793 2365 1887 2419 τὸν

304 2449 643 2521 ζητούμενον
681 2450 1024 2519 ἑμφανίσων,
1059 2451 1370 2516 ἀκολούθως
1407 2447 1491 2517 οἷς
1520 2449 1629 2508 εἶδε
1681 2457 1887 2526 συμϐό-

303 2545 411 2607 λοις
464 2547 492 2596 6
554 2544 833 2616 βασιλεὺς,
876 2544 1102 2614 ἔμελλεν
1131 2547 1294 2610 εὐθὺς
1323 2547 1617 2619 λήψεσθαι.
1661 2552 1729 2606 '0
1787 2553 1886 2623 μὲν

308 2633 401 2688 οὖν
430 2637 675 2705 ἐζητεῖτο
725 2637 845 2690 λίαν
884 2638 1163 2708 ἐκθύμως,
1197 2639 1295 2692 καὶ
1348 2642 1410 2694 τὸ
1451 2640 1743 2713 γνώρισμα
1792 2640 1882 2715 ἦν,

304 2731 366 2781 οὗ
397 2729 534 2782 κατὰ
565 2729 664 2784 τοῦ
698 2729 963 2797 Πέλοπος,
986 2729 1178 2802 ῶσπερ
1205 2727 1348 2785 οἶδεν
1374 2735 1402 2786 6
1431 2731 1624 2802 μῦθος,
1644 2735 1765 2789 ’ἀπὸ
1790 2737 1884 2791 τοῦ

298 2819 470 2890 ὤμου,
501 2821 618 2875 ἀλλ’
651 2822 760 2876 ἀπὸ
798 2821 893 2876 τοῦ
937 2823 1221 2892 περιόντος
1253 2822 1352 2890 τῆς
1381 2823 1582 2894 ἀρετῆς
1619 2825 1714 2880 καὶ
1749 2843 1885 2895 προ-

297 2915 619 2983 ηγουμένως
680 2914 794 2970 άπὺ
841 2913 940 2968 τοῦ
994 2913 1403 2987 μετριοπαθοῦς
1446 2917 1542 2969 καὶ
1589 2919 1884 2975 συνεσταλ-

299 3005 487 3074 μένου.

366 3180 441 3237 Z'.
489 3183 645 3238 Ἐπεὶ
669 3183 727 3240 δὲ
756 3186 854 3240 καὶ
882 3185 962 3240 ἔτι
989 3186 1257 3260 δυσχερής
1281 3183 1350 3261 ἦν
1379 3189 1413 3259 ή
1441 3189 1661 3261 εὕρεσις
1695 3191 1883 3264 (ἐκρύ-

294 3291 464 3328 πτετο
504 3276 615 3346 γὰρ
654 3276 716 3330 οὗ
750 3278 850 3345 τὴν
885 3279 1102 3350 μορφὴν
1148 3279 1520 3349 μεταϐάλλων,
1559 3277 1650 3337 οἷα
1675 3283 1740 3354 δὴ
1786 3285 1880 3338 καὶ

1990 2098 2090 2152 per
2116 2084 2349 2138 somnia.
2375 2083 2671 2153 Postquam
2701 2095 2883 2139 autem
2918 2085 3133 2138 nullum
3167 2085 3307 2139 vidit
3355 2086 3461 2140 tale
3501 2087 3580 2140 si-

1988 2190 2157 2244 gnum
2205 2175 2262 2229 in
2311 2175 2394 2230 eis
2432 2175 2816 2244 qui'aderant,
2870 2176 3064 2232 dolore
3102 2176 3466 2241 adiciebatur,
3520 2186 3577 2233 et

1990 2267 2251 2335 perplexo
2281 2274 2400 2322 erat
2431 2267 2639 2333 animo,
2667 2268 2953 2339 multoque
2985 2266 3164 2324 factus
3201 2277 3286 2325 est
3327 2270 3568 2334 avidior,

1988 2361 2135 2428 quod
2187 2361 2434 2415 nondum
2478 2372 2626 2415 esset
2677 2363 3013 2430 promissum
3069 2371 3380 2418 assecutus.
3439 2363 3578 2420 llinc

1987 2450 2222 2521 diligens
2252 2451 2397 2507 facta
2429 2463 2515 2507 est
2545 2453 2851 2522 inquisitio,
2889 2453 3276 2524 donorumque
3317 2462 3374 2508 et
3407 2454 3580 2508 maxi-

1988 2557 2202 2597 morum
2237 2543 2508 2598 honorum
2541 2544 2854 2613 promissio,
2879 2560 3018 2614 quos
3043 2555 3192 2599 esset
3224 2556 3574 2615 accepturus,

1987 2636 2082 2705 qui
2118 2635 2300 2690 virum
2346 2637 2667 2690 ostenderet
2707 2651 2775 2690 ex
2820 2637 2888 2690 iis
2932 2636 3156 2690 indiciis
3203 2653 3325 2706 quae
3360 2639 3578 2694 vidi-rat

1988 2727 2308 2797 imperator.
2380 2726 2476 2782 llic
2539 2728 2766 2797 quidem
2817 2727 3118 2799 diligenter
3185 2730 3571 2798 quaerebatur;

1986 2820 2203 2889 signum
2229 2828 2436 2884 autem,
2468 2833 2577 2887 quo
2620 2829 3046 2890 cognosceretur
3092 2830 3234 2884 erat,
3276 2837 3382 2876 non
3431 2838 3574 2892 quo-

1987 2908 2153 2964 modo
2207 2909 2428 2978 PeIOpis
2476 2911 2560 2980 (ut
2600 2917 2792 2964 narrat
2842 2909 3069 2981 fabula)
3115 2911 3418 2978 humerus;
3473 2912 3572 2968 sed

1984 3002 2161 3058 virtus
2201 2999 2467 3072 insignis,
2517 3010 2573 3055 et
2621 3001 2896 3072 praecipue
2945 3003 3217 3058 moderati
3277 3019 3463 3059 mores
3515 3015 3573 3060 ct

1984 3093 2297 3165 compositi.

2054 3185 2167 3239 Vll.
2204 3184 2340 3239 Cum
2375 3193 2560 3241 autem
2585 3195 2735 3242 esset
2768 3185 3010 3242 diﬂicilis
3038 3186 3288 3241 inventio
3325 3186 3570 3252 (celaba-

1989 3287 2078 3332 tur
2106 3279 2278 3344 enim,
2321 3294 2431 3333 non
2481 3279 2712 3334 formam
2773 3287 3012 3344 mutans,
3071 3289 3130 3334 ut
3185 3279 3404 3348 fingunt
3444 3281 3573 3335 Pro-

289 3367 383 3420 τὸν
395 3367 631 3437 Πρωτέα
657 3368 1005 3437 πλάττουσιν,
1031 3369 1147 3424 ἀλλ’
1181 3371 1468 3444 οἰκονομίᾳ
1495 3374 1604 3428 τινὶ
1628 3374 1880 3446 θειοτέρα

1986 3379 2156 3432 leum,
2180 3369 2276 3425 sed
2305 3369 2542 3440 quodam
2591 3370 2780 3424 divino
2829 3370 2937 3425 hoc
2973 3371 3271 3424 eveniente
3315 3371 3570 3437 consilio,

293 3459 490 3514 τούτου
518 3460 935 3530 συμσαίνοντος,
965 3462 1053 3517 ἵνα
1090 3465 1186 3517 καὶ
1219 3465 1254 3536 ή
1285 3464 1512 3538 βραδεῖα
1539 3466 1774 3538 δήλωσις
1801 3468 1880 3521 ἔτι

302 3555 512 3624 μᾶλλον
534 3555 700 3609 αὑτὸν
733 3556 1070 3627 ἑπιπόθητον
1098 3559 1442 3633 καταστήσῃ)
1469 3559 1570 3629 ὀψὲ
1599 3563 1694 3614 καὶ
1727 3563 1881 3632 μόλις

291 3647 403 3699 τῶν
427 3645 638 3716 ίατρῶν
662 3663 747 3710 τις
779 3645 890 3701 τῶν
917 3645 1236 3718 βασιλικῶν,
1258 3650 1338 3720 τῷ
1361 3651 1462 3720 μὲν
1497 3651 1712 3721 βασιλεῖ
1742 3653 1882 3722 γνώ-

297 3755 478 3806 ριμος,
516 3738 759 3808 συνήθης
791 3739 849 3792 δὲ
880 3737 960 3809 τῷ
989 3739 1254 3810 Μεγάλῳ,
1282 3742 1377 3794 καὶ
1408 3741 1478 3795 τὰ
1517 3743 1727 3798 ἐκείνου
1754 3743 1880 3816 ἄρι-

295 3843 406 3880 στα·
420 3827 704 3894 συνειδὼς,
737 3830 799 3882 οὐ
831 3829 902 3884 τὰ
930 3830 1029 3900 τῆς
1063 3833 1267 3903 ἀρετῆς
1290 3834 1473 3902 μόνον,
1506 3835 1645 3888 ἀλλὰ
1687 3837 1782 3890 καὶ
1810 3839 1880 3892 τὰ

293 3919 392 3987 τῆς
425 3921 650 3990 χάριτός
708 3938 768 3974 τε
804 3921 899 3975 καὶ
930 3922 1038 3976 τῶν
1071 3924 1389 3993 θαυμάτων,
1412 3925 1566 3980 ἔνθεν
1591 3927 1740 3998 αὑτῷ
1782 3929 1880 3982 καὶ¹

295 4013 603 4082 συμϐαλεῖν
643 4015 830 4085 ῥᾴδιον
866 4011 958 4086 ἦν,
1009 4017 1215 4072 ἐκεῖνον
1253 4015 1394 4073 εἶναι
1428 4019 1521 4073 τόν
1567 4021 1878 4091 ἰασόμενον,

295 4106 460 4168 αὐτὸς
483 4100 642 4170 οὗτος
675 4107 833 4178 δῆλον
854 4108 1018 4172 εὐθὺς
1049 4109 1141 4164 τὸν
1169 4111 1358 4180 Μέγαν
1378 4111 1458 4182 τῷ
1495 4112 1708 4183 βασιλεῖ
1737 4114 1873 4169 καθ-

297 4200 481 4267 ίστησι
538 4200 631 4250 καὶ
674 4200 851 4268 χαρᾶς
901 4199 1050 4270 αὑτῷ
1090 4200 1302 4268 γίνεται
1345 4203 1624 4272 πρόξενος,
1664 4204 1793 4276 ὅσης
1827 4207 1878 4259 oi

290 4291 458 4344 πάθει
493 4291 795 4363 σωματικῷ
826 4292 1129 4363 κάμνοντες
1174 4293 1270 4347 καὶ
1302 4296 1622 4366 ἀπαλλαγῆς
1651 4299 1879 4368 ἐφιέμε-

289 4399 393 4447 νοι,
417 4383 642 4437 δυνατοὶ
672 4386 834 4453 μόνον
877 4388 1138 4440 συνεῖναι.
1172 4387 1348 4450 Εὐθὺς
1385 4389 1485 4458 μὲν
1512 4388 1607 4443 οῦν
1647 4391 1729 4453 είς
1753 4391 1878 4461 ὄψιν

287 4480 316 4528 ὁ
356 4475 678 4544 θαυμαστὸς
714 4476 864 4547 αὐτῷ
898 4476 1101 4548 παρῄει
1135 4477 1376 4548 Σαμψών
1401 4495 1414 4509 ·
1445 4480 1567 4534 οὐδὲ
1609 4480 1719 4554 γὰρ
1756 4482 1878 4536 οὐδὲ

291 4569 471 4638 βραχὺ
508 4567 570 4620 τὸ
604 4569 767 4639 μέσον
815 4569 987 4639 ἀκοῆς
1010 4587 1179 4641 φημι,
1207 4571 1305 4625 καὶ
1332 4571 1432 4640 τῆς
1462 4571 1592 4635 θέας
1620 4574 1875 4642 γενέσθαι

1987 3471 2048 3516 ut
2075 3462 2282 3517 tardior
2301 3465 2706 3518 ostensio-eum
2738 3464 2991 3518 redderet
3023 3463 3197 3534 magis
3229 3463 3573 3519 desiderabi-

1984 3554 2138 3624 lem),
2170 3555 2260 3608 vix
2317 3555 2538 3609 tandem
2593 3571 2740 3610 unus
2782 3572 2848 3610 ex
2899 3555 3130 3611 medicis
3193 3557 3569 3626 imperatoris,

1982 3657 2148 3702 notus
2175 3647 2396 3717 quidem
2427 3648 2769 3716 imperatori,
2800 3662 2998 3717 magno
3031 3657 3217 3704 autem
3264 3648 3560 3718 Sampsoui

1981 3737 2286 3803 familiaris,
2341 3749 2398 3792 et
2443 3738 2537 3807 qui
2588 3753 2676 3793 res
2715 3738 2866 3794 illius
2908 3739 3114 3808 optime
3158 3749 3410 3805 noverat,
3453 3757 3567 3796 non

1981 3833 2241 3887 virtutem
2285 3831 2487 3896 solum,
2541 3831 2636 3886 sed
2695 3832 2860 3886 etiam
2908 3831 3138 3902 gratiam
3173 3841 3229 3886 et
3277 3833 3565 3898 miracula,

1980 3939 2108 3980 eum
2135 3924 2484 3978 manifestum
2518 3923 2720 3978 reddit.
2752 3923 2891 3978 Hinc
2928 3931 3110 3978 autem
3147 3924 3224 3978 illi
3255 3923 3412 3978 facile
3443 3935 3569 3980 crat

1980 4017 2276 4089 conjicere,
2307 4031 2434 4072 eum
2467 4031 2587 4072 esse
2611 4018 2706 4086 qui
2739 4015 2892 4071 illum
2925 4023 3047 4070 erat
3086 4025 3401 4070 curaturus.
3464 4015 3566 4071 llic

1979 4125 2112 4182 ergo
2137 4111 2254 4180 ipse
2284 4125 2540 4181 magnum
2563 4111 2720 4165 illum
2759 4108 3122 4179 Sampsonem
3161 4117 3350 4162 notum
3383 4107 3568 4162 reddit

1981 4201 2321 4273 imperatori,
2359 4212 2415 4256 et
2442 4202 2494 4257 ei
2530 4209 2734 4256 tantam
2773 4198 3036 4255 conciliat
3081 4199 3352 4262 laetitiam,
3387 4215 3565 4268 quan-

1981 4304 2092 4350 tam
2128 4294 2189 4360 ii,
2222 4294 2318 4365 qui
2346 4294 2604 4350 laborant
2635 4293 2831 4348 morbo
2879 4293 3154 4363 corporis,
3185 4300 3240 4346 et
3275 4291 3343 4345 ab
3374 4306 3441 4346 eo
3465 4308 3564 4346 cu-

1980 4388 2140 4456 piunt
2182 4386 2448 4450 liberari,
2512 4385 2614 4441 soli
2674 4395 2908 4454 possunt
2987 4383 3316 4454 intelligere.
3386 4383 3566 4453 Atque

1979 4478 2164 4532 statim
2186 4476 2414 4547 quidem
2447 4475 2600 4531 venit
2624 4475 2970 4530 admirabilis
3003 4474 3274 4542 Sampson
3317 4487 3330 4524 :
3381 4487 3563 4541 neque

1978 4569 2128 4624 enim
2170 4569 2319 4624 inter
2359 4569 2540 4624 visum
2581 4580 2638 4624 et
2683 4568 2936 4624 auditum
2975 4565 3292 4622 intercessit
3346 4573 3566 4634 tempus

289 4665 580 4733 napﬁxsv-
612 4661 782 4724 οὕτως
835 4662 1000 4716 αὐτὸν
1037 4663 1071 4734 ὴ
1112 4663 1207 4716 τοῦ
1263 4664 1392 4717 ίδεῖν
1435 4663 1674 4736 ἰσχυρῶς
1728 4661 1873 4720 εἷλεν

1984 4661 2064 4716 vel
2099 4660 2492 4715 brevissimum
2526 4675 2539 4709 :
2587 4666 2800 4712 tantum
2845 4657 2966 4727 ejus
2992 4655 3215 4710 videndi
3261 4655 3564 4722 imperato-

287 4755 582 4825 ἐπιθυμία.
625 4755 770 4808 Ἰδὼν
809 4750 904 4809 οὖν
940 4755 1152 4825 ἀνέγνω
1188 4755 1370 4820 καλῶς
1403 4756 1512 4811 ἀπὸ
1545 4758 1655 4810 τῶν
1677 4758 1873 4823 νυκτὸς

286 4849 600 4917 ὁραθέντων
643 4847 714 4900 τὰ
753 4847 875 4918 μεθ’
906 4847 1124 4920 ήμέραν
1155 4849 1477 4920 φαινόμενα,
1524 4844 1639 4903 οἷον
1674 4849 1872 4921 ὀφθαλ-

291 4947 409 5012 μῶν
469 4943 815 5014 ἡμερότητα,
875 4945 1095 5014 μορφῆς
1172 4943 1489 5014 ἱλαρότητα,
1565 4943 1714 5016 ἠθῶν
1779 4944 1871 4996 εὖ-

285 5038 547 5108 κοτμῐαν,
580 5035 843 5105 πώγωνος
874 5035 1213 5107 αὑχμηρίαν,
1244 5037 1510 5107 ὀμμάτων
1538 5039 1867 5108 κατήφειαν,

285 5130 537 5199 σῦμῦοὶά
593 5145 653 5182 τε
701 5127 854 5199 αὑτῷ
934 5128 1304 5199 ἐπιτρέποντα
1382 5127 1867 5198 μετριοφροσύνης.

282 5223 471 5275 Ταῦτα
512 5221 743 5284 ἐκεῖνος,
790 5221 1108 5287 προσιόντος
1151 5216 1247 5272 τοῦ
1283 5218 1622 5288 θαυμαστοῦ,
1669 5218 1872 5272 θεασά-

288 5313 597 5380 μενος,οῢδὲ
627 5312 895 5374 καθεκτὸς
919 5306 986 5382 ἦν
1014 5311 1116 5374 ἔτι,
1143 5310 1261 5364 ἀλλ’
1281 5311 1520 5374 ἀναστὰς
1542 5309 1601 5375 ἐξ
1628 5310 1870 5380 ἀμέτρου

287 5408 644 5475 περιχαρείας
680 5403 1000 5472 περιϐάλλει
1036 5419 1096 5454 τε
1134 5401 1227 5455 τὸν
1257 5400 1448 5471 εὐτελῆ
1491 5401 1551 5454 τὸ
1608 5402 1872 5472 φαινόμε-

285 5516 394 5561 νον,
432 5501 458 5552 6
503 5497 602 5568 τήν
637 5496 924 5567 βασιλείαν
960 5495 1345 5563 περίϐλεπτος,
1395 5495 1488 5546 καὶ
1537 5493 1681 5561 φιλεῖ
1730 5493 1870 5560 ἄγαν

285 5591 472 5658 ἡδέως,
500 5593 561 5645 οὐ
612 5592 791 5659 στόμα
822 5588 1003 5656 μόνον,
1038 5587 1173 5638 ἀλλὰ
1205 5593 1297 5639 καὶ
1337 5585 1604 5654 κεφαλὴν,
1652 5580 1731 5638 Ἦ
1766 5585 1870 5656 μὴν

287 5685 442 5746 ανὲτδς
473 5682 543 5745 εἴ,
574 5683 777 5752 λέγων,
817 5681 1022 5748 Πάτερ,
1067 5679 1229 5742 αὐτὸς
1269 5673 1338 5742 εἷ,
1388 5680 1415 5730 6
1454 5679 1574 5730 κατ’
1610 5679 1741 5748 όναρ
1781 5698 1870 5748 μοι

285 5778 598 5849 παραδόξως
640 5773 959 5844 ἐπιφανεὶς,
993 5771 1129 5826 ά).λᾶ
1185 5773 1277 5824 καὶ
1330 5771 1390 5823 τὺ
1441 5769 1612 5834 πάθος
1651 5773 1713 5825 τὸ
1741 5773 1870 5842 ἐμὸν

286 5873 640 5941 summost,-
689 5869 976 5924 ἰάσασθαι.
1013 5866 1199 5929 Οῦτως
1241 5863 1434 5929 εἰπὼν,
1467 5863 1629 5928 εὐθὺς
1674 5867 1753 5929 εἰς
1801 5866 1869 5916 τὰ

285 5966 612 6035 προσωτέρω
647 5960 928 6031 πυνεισῄει
983 5959 1090 6014 τῶν
1133 5958 1422 6028 βασιλείων
1476 5958 1748 6028 ἐγκρατὴς
1793 5957 1866 6012 ὢν

1977 4770 2092 4810 rem
2120 4762 2344 4822 ceperat
2396 4750 2756 4807 desiderium.
2802 4749 2942 4802 Cum
2977 4764 3110 4804 vero
3146 4763 3272 4804 eum
3310 4746 3561 4808 vidisset,

1973 4846 2135 4901 exiis
2186 4860 2310 4914 quae
2332 4853 2498 4899 noctu
2524 4841 2642 4896 visa
2673 4839 2918 4904 fuerant,
2966 4840 3200 4909 pulchre
3243 4837 3563 4908 recognovit

1972 4951 2038 4993 ea
2085 4951 2209 5007 quae
2251 4933 2628 4991 cernebantur
2685 4929 2964 4995 interdiu,
3023 4939 3217 5000 utpote
3267 4930 3560 4984 oculorum

1974 5029 2477 5092 mansuetudinem,
2511 5025 2705 5081 formae
2727 5023 3091 5087 hilaritatem,
3123 5035 3341 5076 morum
3388 5021 3562 5075 hone-

1972 5131 2167 5178 statem
2190 5163 2206 5187 ,
2236 5121 2422 5176 barbae
2458 5117 2771 5189 squalorem
2794 5155 2810 5179 ,
2859 5122 3116 5184 aspectus
3171 5113 3474 5179 tristitiam,
3505 5122 3563 5169 et

1972 5232 2094 5286 qua:
2123 5230 2251 5272 eum
2291 5213 2564 5269 decebant
2613 5212 2765 5281 signa
2790 5208 3230 5264 'moderationis.
3270 5209 3398 5264 Haec
3429 5222 3556 5262 cum

1973 5309 2087 5374 ille,
2131 5307 2441 5363 admirabili
2485 5305 2783 5361 accedente
2827 5301 3155 5372 Sampsone,
3205 5310 3354 5356 esset
3421 5314 3558 5354 con-

1975 5400 2288 5470 templatus,
2310 5413 2419 5453 non
2451 5396 2631 5467 potuit
2669 5393 2908 5464 amplius
2941 5391 3241 5455 contineri,
3290 5390 3384 5446 sed
3421 5405 3551 5445 sur-

1971 5509 2105 5565 gens
2136 5508 2244 5562 prse
2286 5489 2644 5545 immoderata
2670 5487 2881 5550 laetitia,
2921 5501 3049 5542 eum
3093 5484 3188 5553 qui
3217 5483 3404 5553 specie
3429 5481 3558 5537 vilis

1969 5592 2089 5640 erat
2117 5593 2173 5640 et
2206 5584 2473 5654 abjectus,
2513 5581 2654 5651 ipse,
2708 5581 2802 5649 qui
2846 5587 2968 5634 erat
3015 5575 3248 5647 insignis
3291 5572 3551 5644 imperio,

1971 5679 2340 5748 amplectitur,
2375 5685 2432 5730 et
2461 5674 2708 5730 suaviter
2749 5671 3046 5728 admodum
3082 5669 3388 5730 osculatur,
3439 5680 3552 5720 non

1971 5787 2032 5825 os
2059 5771 2260 5835 solum,
2285 5767 2382 5824 sed
2405 5767 2571 5821 etiam
2602 5773 2788 5837 caput,
2821 5764 3014 5820 dicens
3053 5778 3065 5814 :
3097 5761 3277 5824 Certe,
3307 5775 3341 5815 o
3368 5759 3550 5822 Pater,

1974 5873 2028 5917 tu
2065 5878 2126 5917 es
2154 5863 2290 5932 ipse,
2323 5860 2416 5932 qui
2449 5859 2584 5913 mihi
2616 5856 3026 5915 admirabiliter
3052 5856 3108 5909 in
3140 5853 3352 5909 somnis
3385 5867 3551 5922 appa-

1975 5955 2134 6011 ruisti
2164 5975 2174 6007 :
2203 5955 2334 6023 quin
2363 5951 2526 6009 etiam
2569 5960 2623 6008 te
2675 5949 2929 6008 morbum
2968 5961 3151 6003 meum
3191 5946 3470 6016 pollicitus
3490 5961 3550 5999 cs
