4010 6498
423 485 537 548 287

1732 489 2023 552 MENSIS
2059 490 2372 552 JUNlUS.

3597 484 3702 552 288

423 606 774 654 curaturum.
827 597 952 652 Haec
998 611 1123 652 cum
1167 597 1436 665 dixisset,
1491 603 1678 655 statim
1728 601 2010 669 ingressus

2137 600 2326 655 κείνου
2348 601 2448 669 τῆς
2473 618 2531 656 τε
2571 599 2751 655 Ὀσίου
2773 601 2976 674 χειρὸς,
3009 601 3130 655 οὐδὲ
3152 600 3260 672 γάρ
3294 601 3432 673 ᾤετο
3463 601 3611 672 μέγα
3649 616 3703 657 τι

421 701 506 747 est
540 691 594 745 in
639 691 799 759 regiae
835 691 1160 759 penetralia,
1203 691 1467 748 Sanctum
1508 692 1662 749 illum
1707 710 1872 750 manu
1925 705 2009 751 te-

425 800 607 838 nens:
655 799 830 852 neque
881 783 1030 838 enim
1076 785 1428 844 existimabat
1467 804 1528 844 se
1571 804 1828 859 magnum
1876 788 2012 858 quid

424 875 630 938 facere,
667 876 812 929 illam
859 876 1163 938 honorans.
1203 879 1363 948 cujus
1408 879 1788 936 admirabilem
1835 880 2014 935 virtu-

425 977 530 1022 tem
565 983 689 1020 mox
723 978 871 1022 esset
903 979 1258 1037 experturus.

497 1059 634 1112 Vill.
672 1060 969 1128 Postquam
1005 1071 1194 1115 autem
1236 1061 1521 1131 ingressus
1564 1071 1651 1117 est
1692 1062 2014 1132 imperator,

423 1160 479 1204 et
551 1165 679 1204 eum
743 1151 939 1205 habuit
1011 1167 1199 1207 secum
1275 1152 1582 1220 sedentem,
1641 1155 1887 1210 nondum
1914 1169 2014 1210 sua

423 1253 551 1306 erga
583 1254 708 1293 eum
753 1237 1093 1309 benignitate
1134 1241 1388 1305 satiatus,
1433 1241 1588 1310 plura
1626 1243 1809 1298 adhuc
1847 1243 2018 1299 facie-

425 1331 540 1387 bat.
576 1330 709 1401 Ejus
749 1347 948 1386 manus
979 1332 1224 1400 capiens,
1270 1333 1386 1390 suis
1437 1335 1759 1404 imponebat
1810 1337 2013 1400 oculis,

427 1432 484 1477 ct
511 1438 603 1477 eas
628 1439 752 1478 cum
781 1423 1018 1479 maxima
1040 1424 1322 1494 voluptate
1351 1425 1700 1492 deosculans,
1741 1438 1800 1483 et
1830 1429 1886 1483 in
1923 1444 2020 1485 eas

427 1513 706 1570 distillans
747 1515 1042 1586 lacrymas,
1101 1517 1415 1573 laetabatur.
1465 1518 1640 1574 Morbi
1688 1520 1861 1583 enim,
1922 1521 2018 1589 qui

431 1621 558 1660 eum
592 1606 900 1674 premebat,
930 1609 1232 1665 necessitas
1275 1607 1567 1674 efﬁciebat,
1620 1621 1680 1666 ut
1721 1612 1885 1666 homo
1919 1628 2020 1682 ap-

431 1705 653 1766 pareret
716 1699 902 1767 potius
949 1715 1112 1768 quam
1166 1700 1490 1769 imperator,
1535 1713 1592 1758 ct
1631 1705 1725 1772 qui
1765 1704 2022 1759 humanis

430 1787 759 1844 ﬂectebatur
798 1790 1061 1855 miseriis,
1089 1807 1255 1858 quam
1289 1791 1386 1862 qui
1414 1792 1773 1862 imperatoria
1821 1796 2022 1851 effere-

430 1878 593 1934 batur
629 1880 1053 1949 magnificentia.
1087 1882 1587 1942 Verumenimvero
1641 1887 1762 1943 hate
1821 1903 2021 1959 magna

432 1971 780 2040 imperatoris
817 1973 1122 2029 moderatio
1158 1983 1228 2041 ,οι
1275 1976 1492 2046 religio.
1539 1995 1766 2048 gravem
1817 1981 2022 2036 Sancto

429 2062 616 2134 injecit
660 2064 990 2128 molestiam,
1016 2074 1073 2120 et
1102 2066 1330 2135 perinde
1361 2084 1426 2124 ac
1457 2069 1502 2123 si
1534 2070 1586 2124 ei
1621 2070 1776 2126 fieret
1800 2071 2023 2140 injuria,

427 2162 487 2210 et
521 2155 575 2209 in
603 2170 728 2209 eum
770 2155 940 2211 nimia
971 2166 1330 2214 exerceretur
1355 2161 1613 2216 molestia
1643 2202 1658 2226 ,
1705 2178 1817 2217 non
1844 2164 2027 2233 potuit

435 2256 622 2305 tenere
653 2247 932 2304 silentium
957 2287 973 2314 ,
1021 2249 1119 2305 sed
1150 2267 1164 2304 :
1199 2251 1278 2307 Ne
1326 2252 1409 2306 sic
1457 2251 1678 2318 feceris,
1715 2269 1748 2308 ο
1789 2253 2029 2324 impera-

433 2346 538 2400 tor,
584 2353 763 2408 neque
809 2347 918 2394 tam
955 2339 1191 2397 demisse
1229 2349 1285 2397 et
1318 2342 1534 2412 abiecte
1564 2384 1579 2409 ,
1643 2344 2024 2412 exclamabat;

433 2441 538 2482 nec
581 2442 648 2482 eo
683 2427 832 2498 quod
874 2437 927 2484 te
970 2429 1088 2499 ipse
1130 2429 1424 2486 immodice
1457 2431 1690 2503 dejicias
1731 2443 1788 2490 et
1835 2434 2031 2504 depri-

432 2532 571 2582 mas,
605 2517 829 2584 eliicias,
866 2529 928 2576 ut
958 2518 1193 2576 damner
1234 2523 1589 2593 arrogantiae.
1634 2525 1696 2580 in
1738 2541 1848 2596 quo
1877 2526 2028 2582 enim

433 2624 557 2664 sum
605 2611 997 2668 communibus
1051 2613 1374 2672 hominibus
1422 2615 1700 2686 superior,
1760 2618 1855 2687 qui
1903 2633 2027 2672 sum

435 2698 628 2765 miser,
663 2709 720 2755 et
751 2702 992 2770 peccatis
1021 2703 1316 2769 obnoxius,
1343 2714 1400 2760 et
1432 2721 1572 2776 opus
1617 2708 1796 2765 habeo
1831 2726 2030 2782 magna

431 2789 647 2846 Christi
707 2791 1052 2863 benignitate
1088 2805 1142 2850 et
1173 2796 1508 2854 clementia?
1538 2800 2030 2858 Verumenimvero

437 2884 553 2938 haec
585 2891 676 2938 tua
726 2882 853 2939 fidei
899 2885 1239 2942 abundantia
1299 2898 1356 2943 et
1399 2888 1604 2956 fervor,
1660 2901 1745 2946 est
1787 2891 1962 2948 futuri
1997 2909 2030 2950 a

434 2976 658 3032 Christo
689 2978 881 3032 auxilii
921 2988 1116 3036 certus
1154 2982 1407 3050 nuntius,
1436 2984 1529 3054 qui
1558 2994 1642 3040 est
1668 2985 1784 3042 Rex
1813 3002 2029 3057 regum,

436 3076 488 3121 et
523 3076 704 3138 potest
732 3069 917 3124 omnia
962 3069 1168 3126 facere.
1210 3072 1348 3127 Cum
1399 3074 1518 3129 haec
1562 3075 1818 3139 dixisset,
1854 3077 2033 3147 impo-

439 3163 553 3216 suit
586 3175 808 3216 manum
849 3163 990 3231 parti
1023 3163 1255 3222 affectae.
1301 3166 1368 3220 Et
1397 3182 1460 3224 ea
1492 3168 1716 3238 quidem
1751 3186 1852 3225 suo
1899 3171 2032 3226 fun-

2113 695 2290 746 ποιεῖν
2320 692 2538 764 ἐκείνην
2568 694 2765 766 τιμῶν,
2797 690 2865 767 ἦς
2903 692 3215 749 ἀπολαῦσαι
3240 694 3702 766 θαυματουργούρ

2116 803 2217 857 σης
2244 787 2495 876 έμελλεν.

2188 1051 2269 1102 H'.
2305 1050 2459 1102 Ἐπεὶ
2486 1051 2544 1105 δὲ
2566 1053 2661 1106 καὶ
2688 1052 2938 1124 εἰσῆλθεν
2961 1052 3110 1110 ἔνδον
3142 1053 3421 1123 βασιλεὺς,
3449 1056 3544 1108 καὶ
3572 1071 3709 1121 συγο

2117 1144 2433 1214 καθήμενον
2491 1143 2656 1197 αὑτὸν
2681 1141 2850 1213 εἶχεν,
2881 1144 3036 1199 οὔπω
3070 1147 3233 1216 κόρον
3277 1145 3570 1216 δεχόμενος
3609 1147 3712 1214 τῆς

2119 1237 2546 1310 φιλοφροσύνης,
2575 1237 2656 1292 ἔτι
2687 1239 2782 1292 καὶ
2813 1238 2974 1292 πλέον
2995 1238 3194 1306 ἐποίει,
3219 1238 3515 1308 λαμϐάνων
3542 1237 3714 1292 αὑτοῦ

2116 1329 2220 1393 τὰς
2245 1331 2455 1400 χεῖρας,
2477 1327 2726 1400 ὄμμασιν
2751 1329 2922 1384 ἐτίθει
2954 1332 3065 1394 τοῖς
3095 1331 3292 1383 ἐαυτοῦ
3332 1329 3426 1383 καὶ
3469 1346 3718 1396 καταφιο

2118 1419 2227 1473 λῶν
2273 1420 2393 1489 μεθ’
2420 1421 2554 1490 ὅσης
2589 1421 2734 1474 εῐποι
2781 1438 2868 1485 τις
2907 1422 3123 1492 ἡδονῆς,
3156 1422 3253 1475 καὶ
3285 1421 3499 1492 δάκρυα
3537 1438 3719 1477 κατατ

2122 1511 2336 1575 στάζων
2373 1513 2552 1567 αὐτῶν
2579 1513 2767 1584 ἦδετο·
2811 1516 2843 1584 ἡ
2885 1513 2996 1585 γὰρ
3035 1513 3130 1566 τοῦ
3179 1513 3461 1578 πιέζοντος
3505 1513 3720 1575 πάθους

2121 1603 2339 1672 ἀνάγκη
2391 1603 2682 1674 ἄνθρωπον
2722 1605 2884 1658 αὑτὸν
2929 1606 3109 1660 ἐποίει
3147 1605 3352 1677 μᾶλλον
3405 1606 3439 1676 ἢ
3483 1604 3722 1674 βασιλέα

2120 1694 2438 1750 δείκνυσθαι
2465 1697 2562 1750 καὶ
2596 1697 2969 1766 ἀνθρωπίναις
2999 1698 3417 1767 καλυπτόμενον
3461 1698 3726 1766 domm.

2127 1803 2211 1838 σιν
2277 1786 2311 1856 ἢ
2371 1787 2873 1858 μεγαλοπρεπείαις
2932 1788 3246 1858 βασιλικαῖς
3309 1789 3717 1860 ἐπαιρόμενον.

2129 1878 2279 1949 Πλὴν
2310 1878 2426 1932 ἀλλ’
2455 1881 2489 1951 ὴ
2522 1879 2689 1950 πολλὴ
2717 1881 2856 1949 αὕτη
2887 1880 2982 1936 τοῦ
3023 1881 3288 1950 βασιλέως
3320 1882 3727 1953 μετριοπάθεια

2129 1968 2310 2022 καὶτὸ
2341 1969 2504 2032 σέϐας
2544 1969 2824 2040 βαρύτητα
2867 1970 2964 2026 καὶ
3012 1971 3194 2041 λύπην
3241 1971 3586 2042 ἐμϐέϐληκεν
3638 1972 3726 2042 τῷ

2140 2057 2327 2126 Ὀσίῳ,
2357 2059 2452 2113 καὶ
2475 2059 2664 2132 ὥσπερ
2686 2061 2872 2116 ἄδικόν
2894 2079 2944 2114 τι
2985 2062 3230 2131 πάσχων,
3265 2063 3358 2116 καὶ
3384 2064 3463 2124 εἰς
3495 2078 3731 2131 μετριο-

2128 2149 2406 2220 φροσύνην
2474 2150 2968 2221 πλεονεκτούμενος
3022 2151 3122 2204 ούκ
3183 2151 3384 2223 ἤνεγκε
3461 2152 3725 2222 σιωπᾷν·

2125 2241 2284 2307 ἀλλὰ,
2318 2245 2409 2313 Μὴ
2445 2243 2590 2297 οὕτω
2637 2243 2805 2308 ποίει,
2839 2237 2884 2297 ὧ
2917 2242 3278 2313 βασιλεῦ,,μὴ
3325 2243 3500 2307 οὕτως
3531 2243 3730 2313 ἡρέμα

2129 2334 2226 2388 καὶ
2249 2334 2548 2398 ταπεινῶς,
2589 2334 2889 2404 ύπεφώνει,
2929 2335 3065 2404 μηδὲ
3103 2335 3182 2405 τῷ
3221 2335 3480 2406 ἀμέτρως
3511 2334 3732 2388 ἐθέλειν

2130 2425 2297 2479 αὑτὸν
2335 2426 2694 2493 ταπεινῶσαι,
2741 2429 2867 2497 ἐμοὶ
2916 2429 3092 2498 κρῖμα
3156 2428 3501 2498 προξενήσας
3546 2427 3734 2497 ὑπερ-

2129 2519 2310 2588 οψίας.
2350 2518 2416 2572 Τί
2451 2519 2559 2592 γὰρ
2599 2519 2762 2574 πλέον
2812 2519 2922 2590 ἔχω
2973 2519 3085 2588 ἐγὼ
3122 2519 3231 2574 τῶν
3271 2519 3467 2572 κοινῶν
3501 2518 3732 2590 ἀνθρὼ-

2133 2629 2273 2678 πων,
2303 2611 2649 2682 ταλαίπωρος
2685 2611 2762 2666 ῶν
2801 2613 2895 2666 καὶ
2927 2612 3222 2682 ἁμαρτίαις
3263 2611 3589 2675 ὑπεύθυνος,
3625 2610 3734 2664 καὶ

2132 2704 2486 2774 πολλῆςοτῆς
2527 2704 2679 2775 παρὰ
2729 2702 2968 2776 Χριστοῦ
3026 2702 3402 2773 χρηστότητος
3447 2703 3540 2754 καὶ
3592 2700 3732 2770 φιλ-

2134 2796 2452 2867 ανθρωπίας
2512 2796 2769 2868 ἐπιδεής;
2825 2795 2972 2867 Πλὴν
3031 2794 3170 2850 ἀλλὰ
3224 2795 3285 2848 τὸ
3339 2792 3570 2862 ἄφθονόν
3626 2809 3734 2846 σου

2131 2890 2291 2944 τοῦτο
2329 2890 2430 2960 τῆς
2457 2892 2696 2956 πίστεως
2741 2891 2835 2944 καὶ
2875 2889 3078 2960 θερμὸν
3111 2889 3342 2958 ἄγγελός
3384 2904 3466 2940 σοι
3508 2886 3734 2952 γίνεται

2133 2983 2373 3054 ἀψευδὴς
2413 2985 2514 3053 τῆς
2553 2984 2660 3037 ἀπὸ
2703 2981 2941 3052 Χριστοῦ
2993 2981 3268 3052 βοηθείας,
3305 2978 3400 3032 τοῦ
3444 2977 3736 3069 Ιξασιλέως

2133 3074 2197 3145 δὴ
2237 3075 2348 3128 τῶν
2376 3074 2774 3144 βασιλευόντων
2813 3074 2908 3127 καὶ
2944 3075 3134 3126 πάντα.
3164 3073 3469 3143 δυναμένου
3522 3074 3748 3127 ποιεῖταί

2135 3166 2325 3231 Οὕτως
2359 3166 2554 3233 εἰπὼν,
2603 3169 2762 3240 χεῖρα
2800 3167 3041 3221 ἐπετίθει
3094 3165 3172 3236 τῷ
3204 3166 3471 3235 πάσχοντι
3518 3165 3686 3234 μέρει
3715 3182 3735 3197 ο

438 3252 676 3322 gebatur
699 3253 901 3312 ofﬁcio.
933 3255 1053 3326 ipse
1084 3267 1265 3315 autem
1293 3261 1450 3331 copia
1481 3262 1812 3318 humilitatis
1841 3265 2030 3321 volens

2137 3261 2288 3332 καὶὴ
2345 3259 2445 3330 μὲν
2486 3261 2707 3330 ἐνήργει
2759 3260 2829 3314 τὰ
2866 3260 3105 3329 ἐαυτῆς·
3143 3262 3170 3312 ὁ
3198 3259 3255 3313 δὲ
3288 3259 3558 3328 κρύπτειν
3602 3259 3739 3313 ἐθέο

439 3344 618 3400 celare
672 3345 1081 3402 abundantiam
1133 3351 1365 3419 gratiae,
1425 3352 1761 3422 quibusdam
1833 3355 2031 3422 rebus,

440 3451 580 3505 quas
609 3438 750 3506 parti
781 3438 1056 3495 laboranti
1101 3457 1167 3496 ex
1211 3453 1329 3497 arte
1358 3443 1642 3513 imposuit,
1685 3447 2032 3504 curationem

441 3529 750 3584 conabatur
795 3532 1098 3588 ascribere.
1138 3532 1244 3589 Sed
1297 3535 1654 3602 medicinam,
1687 3555 1810 3608 quas
1857 3542 2035 3612 appli-

441 3623 712 3688 cibatur,
760 3623 1060 3690 vincebat,
1113 3642 1236 3695 qua:
1283 3627 1608 3695 celabatur,
1661 3632 1860 3689 veritas
1908 3651 1922 3688 :
1979 3647 2037 3692 et

443 3714 537 3784 qui
575 3714 630 3768 in
687 3715 811 3770 aliis
858 3716 1041 3773 fuerat
1101 3719 1360 3788 cognitus
1421 3737 1606 3777 rerum
1643 3725 1874 3782 effector
1928 3731 2036 3784 mi-

441 3804 722 3868 mbilium,
788 3805 842 3860 in
891 3806 1006 3864 base
1087 3824 1309 3879 quoque
1380 3809 1488 3866 fuit
1535 3815 1789 3886 cognitus
1835 3818 2035 3876 fecisse

442 3897 796 3953 miraculum.
829 3899 948 3954 Non
982 3901 1142 3956 multi
1173 3903 1323 3957 enim
1355 3903 1473 3959 dies
1504 3909 1898 3976 praeterierunt
1919 3952 1933 3975 ,
1981 3923 2036 3970 et

442 3988 744 4058 imperator
791 3991 894 4045 fuit
935 3993 1162 4049 omnino
1213 3994 1484 4052 liberatus
1521 4013 1552 4052 a
1597 4001 1814 4066 morbo,
1864 4013 1922 4060 et
1954 4012 2038 4060 est

445 4082 716 4149 integram
750 4093 1038 4139 assecutus
1090 4085 1404 4152 sanitatem,
1439 4090 1795 4162 repletusque
1830 4104 1917 4150 est
1945 4095 2036 4150 lae-

445 4172 564 4226 titia
598 4181 654 4227 et
689 4173 1084 4239 admiratione,
1138 4176 1229 4230 illa
1269 4178 1491 4248 quidem
1525 4193 1752 4252 propter
1800 4201 2036 4256 recupe-

446 4274 619 4319 ratam
669 4265 1069 4330 valetudinem,
1121 4267 1226 4324 hac
1267 4279 1452 4326 autem
1512 4284 1832 4344 propterea,
1888 4279 2036 4347 quod

444 4353 539 4421 qui
580 4369 705 4408 eum
761 4371 958 4410 sanum
1018 4354 1246 4422 fecerat,
1304 4360 1416 4416 Deo
1467 4372 1612 4417 esset
1659 4362 2037 4421 familiaritate

447 4441 801 4508 coniunctus.

519 4531 610 4586 1X.
652 4533 861 4590 Deinde
893 4537 1084 4603 etiam,
1121 4547 1182 4594 ut
1220 4549 1385 4595 tanta:
1408 4543 1718 4600 curationis
1764 4544 2035 4601 beneficio

448 4625 830 4694 responderet,
881 4628 941 4682 B.
997 4629 1290 4702 Sampsoni
1345 4649 1542 4690 aurum
1583 4636 1809 4692 donavit
1857 4621 2115 4708 splen-D

449 4716 575 4773 dide
603 4732 667 4770 ac
695 4719 1007 4788 magnifice,
1043 4732 1101 4776 et
1133 4739 1482 4795 quaecunque
1509 4738 1768 4796 poterant
1799 4729 2038 4786 incitare

449 4808 786 4866 desiderium
831 4812 972 4882 ejus,
1017 4815 1452 4884 quisecundum
1497 4833 1720 4874 carnem
1767 4820 1920 4876 vivit.
1960 4822 2040 4877 illi

451 4911 633 4958 alitem
677 4904 921 4961 tenuiter
965 4915 1022 4961 et
1070 4908 1360 4979 frugaliter
1398 4911 1604 4977 vivere,
1663 4922 1788 4969 erat
1833 4916 2040 4971 bonum

449 5009 548 5062 per
585 5009 643 5048 se
671 4997 1044 5066 expetendum
1089 5000 1352 5056 omnibus
1391 5003 1615 5071 quidem
1656 5005 1868 5062 divitiis
1906 5006 2042 5064 bea-

454 5084 585 5150 tius,
615 5089 810 5155 quavis
836 5105 968 5144 vero
997 5091 1170 5158 gloria
1211 5109 1277 5146 ac
1326 5093 1593 5165 dignitate
1653 5099 2038 5157 excellentius.

453 5177 812 5246 [inperatoris
863 5192 1015 5238 certe
1064 5183 1456 5241 liberalitatem
1503 5196 1561 5243 et
1605 5191 2040 5248 munificentiam

454 5275 785 5341 opportunis
843 5285 898 5330 et
948 5275 1147 5332 validis
1212 5281 1488 5336 recusavit
1552 5283 2037 5340 rccusationibus:

455 5363 548 5422 Illa
587 5364 720 5420 mihi
753 5365 872 5432 das,
913 5368 1129 5438 dicens,
1177 5386 1211 5426 ο
1255 5372 1580 5443 imperator,
1627 5391 1754 5446 qua:
1784 5376 2044 5431 lubenter

455 5457 655 5526 reliqui
686 5468 911 5528 propter
943 5459 1251 5529 Christum,
1303 5475 1366 5519 ut
1399 5467 1495 5536 qui
1541 5468 1746 5524 multas
1788 5467 2041 5537 posside-

458 5564 574 5602 rem
627 5553 929 5619 pecunias,
980 5564 1038 5609 et
1092 5556 1306 5625 multas
1328 5557 1588 5614 haberem
1643 5553 2040 5630 possessiones.

457 5643 745 5707 Quomodo
795 5661 928 5715 ergo
969 5662 1034 5702 ea
1079 5649 1384 5719 accipiam,
1429 5653 1551 5708 sine
1607 5652 1810 5722 quibus
1857 5654 2046 5709 vivere

461 5743 646 5796 aperte
682 5739 924 5806 comperi
963 5741 1154 5796 utilius
1177 5757 1328 5804 esse.
1358 5753 1414 5800 et
1449 5759 1478 5800 a
1505 5745 1710 5814 quibus
1740 5747 2044 5814 prudenter

461 5825 831 5884 discedentem
900 5831 1009 5888 Deo
1054 5849 1177 5892 esse
1225 5837 1610 5906 conjunctum,
1656 5838 1903 5894 dilucide
1959 5848 2046 5894 est

466 5923 784 5977 ostensum?
812 5923 965 5992 Quod
1009 5926 1050 5978 si
1098 5941 1198 5995 pro
1245 5943 1457 5984 summa
1495 5940 1582 5986 tua
1620 5931 1962 6003 benignitate
1991 5941 2044 5986 ct

2135 3352 2246 3404 λων
2289 3350 2793 3422 ταπεινοφροσύνης
2836 3349 3128 3421 περιουσίᾳ
3168 3351 3391 3420 χάριτος
3435 3348 3736 3418 ἀφθονίαν,

2137 3444 2436 3512 ἐπιθέμασί
2461 3461 2574 3496 τισι
2608 3446 2722 3508 τοῖς
2746 3444 2813 3498 ἐκ
2843 3443 3058 3514 τέχνης,
3092 3442 3128 3496 ἃ
3154 3441 3232 3511 τῷ
3269 3442 3524 3511 ἀλγοῦντι
3565 3442 3741 3514 μέρει

2137 3535 2462 3598 ἐπέϐαλλεν,
2525 3535 2856 3605 ἐπιγράφειν
2921 3536 3182 3604 ἐπειρᾶτο
3225 3531 3323 3603 τὴν
3371 3536 3536 3588 ἴασιν.
3583 3532 3742 3585 Ἀλλ’

2139 3628 2295 3682 ἐνίκα
2314 3627 2792 3697 ἐπιπλαττομένην
2816 3626 2960 3681 οὕτω
2985 3626 3288 3696 θεραπείαν
3313 3627 3346 3697 ἡ
3380 3627 3744 3697 ὑποκρύπτο-

2142 3718 2280 3787 μένη
2319 3715 2571 3788 ἀλήθεια,
2605 3719 2699 3771 καὶ
2732 3719 2758 3770 ὁ
2791 3719 2848 3771 ἐν
2885 3717 3100 3780 πολλοῖς
3140 3717 3234 3771 καὶ
3263 3717 3447 3780 ἄλλοις
3479 3715 3744 3785 θαυματ-

2138 3813 2339 3882 ουργδς
2403 3809 2729 3879 γνωρισθεὶς
2789 3809 2894 3862 κᾶν
2937 3809 3113 3878 τούτῳ
3167 3809 3232 3874 δὴ
3287 3809 3742 3880 θαυματουργῶν

2140 3901 2487 3969 ἐγνωρίζετο.
2517 3900 2592 3952 Ού
2625 3898 2820 3951 πολλαὶ
2846 3897 3126 3967 παρῆλθον
3158 3899 3368 3971 ἡμέραι
3396 3899 3488 3951 καὶ
3514 3899 3541 3950 ὁ
3566 3897 3742 3968 βασι-

2137 3992 2264 4056 λεὺς
2305 3993 2445 4055 ὅλως
2495 3991 2787 4061 ἀπηλλάγη
2827 3991 2921 4046 τοῦ
2954 3991 3163 4054 πάθους
3212 3993 3305 4046 καὶ
3339 3991 3587 4060 καθαρᾶς
3620 3993 3747 4046 ἀπ-

2139 4084 2368 4140 έλαυσεν
2399 4085 2631 4153 ὑγιείας,
2658 4085 2872 4156 πλήρης
2894 4101 2953 4138 τε
2993 4081 3061 4155 ἦν
3091 4085 3434 4156 εὐφροσύνης
3467 4085 3557 4138 καὶ
3594 4085 3744 4140 θαύ-

2141 4194 2336 4247 ματος,
2363 4177 2464 4246 τῆς
2500 4177 2600 4246 μὲν
2637 4177 2727 4230 διὰ
2771 4177 2871 4248 τὴν
2902 4177 3266 4248 ἀνάστρωσιν,
3301 4177 3394 4234 τοῦ
3433 4178 3490 4232 δὲ
3514 4177 3602 4232 διὰ
3629 4178 3744 4251 τὴν

2139 4271 2235 4322 τοῦ
2268 4271 2596 4338 ὑγιάσαντος
2625 4269 2762 4340 πρὸς
2793 4269 2927 4324 Θεὸν
2951 4270 3254 4327 οίκείωσιν.

2211 4544 2290 4598 8'.
2331 4543 2564 4595 Ἔπειτα
2598 4540 2692 4594 καὶ
2735 4539 2810 4602 ὡς
2847 4538 3215 4611 ἀμειψόμενος
3244 4539 3306 4592 τὸ
3334 4540 3479 4609 μέγα
3509 4543 3607 4610 τῆς
3637 4539 3748 4593 θε-

2144 4635 2377 4709 ραπείας
2423 4633 2746 4706 δωρήμασιν
2809 4630 3144 4700 ἐπικαίροις,
3201 4631 3402 4701 χρυσόν
3453 4649 3512 4685 τε
3557 4632 3742 4686 ἐδίδου

2146 4726 2566 4801 μεγαλοψύχως,
2636 4726 2732 4780 καὶ
2787 4724 2924 4778 ἄλλα
2979 4725 3082 4778 ὅσα
3145 4723 3210 4794 δὴ
3271 4725 3566 4796 ἐπιθυμίαν
3619 4721 3744 4783 οἶδε

2143 4817 2504 4892 παρακαλεῖν,
2536 4816 2631 4871 τοῦ
2678 4815 2821 4871 κατά
2854 4817 3035 4886 σάρκα
3076 4813 3276 4880 ζῶντός
3310 4831 3488 4885 φημι·
3532 4816 3744 4888 ἐκείνῳ

2143 4912 2201 4966 δὲ
2232 4913 2293 4965 τὸ
2332 4910 2496 4974 λιτῶς
2525 4908 2668 4964 οὕτω
2699 4909 2794 4963 καὶ
2833 4907 3200 4977 ἠμελημένως
3245 4905 3368 4978 ζῇν,
3403 4909 3743 4979 αὐθαίρετον

2144 5002 2370 5070 ἀγαθὸν,
2404 5001 2606 5064 παντὸς
2649 5001 2746 5070 μὲν
2793 5001 3024 5052 πλούτου
3058 4998 3504 5070 μακαριώτερον,
3551 5001 3742 5072 πάσης

2142 5098 2199 5151 δὲ
2221 5097 2380 5168 δόξης
2432 5092 2956 5165 ἀξιωματικώτερον
2980 5109 2995 5125 ·
3027 5093 3229 5162 ἀμέλει
3255 5095 3350 5148 καὶ
3370 5097 3430 5148 τὸ
3451 5094 3545 5148 τοῦ
3571 5095 3741 5165 βασι-

2143 5194 2281 5259 λέως
2329 5191 2613 5263 φιλότιμόν
2658 5207 2718 5244 τε
2751 5190 2844 5244 καὶ
2886 5189 3263 5261 μεγαλόδωρον
3305 5192 3586 5263 εὐκαίροις
3635 5195 3741 5246 καὶ

2149 5286 2398 5356 ἰσχυραῖς
2429 5283 2787 5354 διεκρούσατο
2809 5283 3152 5352 ἀπολογίαις,
3188 5285 3402 5338 Ἑκεῖνά
3435 5301 3522 5352 μοι
3549 5284 3738 5348 δίδως,

2146 5372 2190 5431 ὦ
2225 5376 2468 5448 βασιλεῦ,
2491 5375 2687 5438 εἰπὼν,
2715 5369 2791 5428 ὧν
2819 5375 2983 5441 αὐτὸς
3023 5375 3192 5444 ἡδέως
3220 5376 3444 5446 ἐξέστην
3476 5377 3564 5431 διὰ
3594 5379 3740 5447 Χρι-

2147 5471 2294 5533 στὸν,
2326 5469 2496 5524 πολλά
2523 5469 2621 5537 μὲν
2651 5471 2708 5520 ἐν
2736 5468 3001 5537 κτήμασι,
3040 5469 3265 5522 πλεῖστα
3287 5469 3342 5524 δὲ
3378 5471 3474 5523 καὶ
3513 5471 3570 5522 ἐν
3593 5472 3742 5542 χρή-

2151 5577 2287 5630 μασι
2321 5559 2684 5629 κεκτημένος.
2720 5559 2842 5621 Πῶς
2877 5556 2971 5613 οὖν
3011 5561 3123 5629 ἐγὼ
3153 5560 3395 5632 λήψομαι
3426 5562 3623 5628 ταῦτα,
3658 5557 3740 5613 ὧν

2147 5651 2208 5704 τὸ
2236 5652 2400 5718 ζῆσαι
2427 5651 2595 5722 χωρὶς
2640 5650 2893 5720 φανερῶς
2945 5644 3104 5721 εὗρον
3140 5652 3590 5721 ὠφελιμώτατον,
3640 5655 3743 5706 καὶ

2147 5739 2222 5798 ῶν
2261 5745 2324 5796 τὸ
2351 5744 2655 5812 ἀποστῆναι
2696 5742 2995 5813 φρονίμως,
3036 5744 3157 5816 Θεῷ
3183 5745 3535 5816 οίκειωθῆναι
3563 5746 3742 5799 καθα⁸

2155 5838 2261 5909 ρῶς
2293 5839 2711 5904 ἀποδέδεικται;
2755 5836 2816 5890 Εἰ
2841 5837 2898 5891 δὲ
2930 5838 3108 5910 βούλει
3142 5839 3230 5893 διὰ
3269 5839 3471 5909 πολλὴν
3502 5841 3743 5910 χρηστό-

2151 5947 2288 6002 τητα
2315 5930 2406 5986 καὶ
2438 5929 2850 6002 φιλανθρωπίαν
2892 5930 3285 6001 κεχαρισμένον
3330 5933 3460 6003 ἡμῖν
3501 5949 3552 5986 τι
3587 5931 3741 6000 γίνε-
