4010 6434
465 299 567 364 291

1774 289 2064 351 MENSIS
2103 287 2414 352 IUNIUS.

3645 275 3750 337 292

469 426 620 473 ctum
691 414 813 482 ejus
883 427 1089 482 corpus
1165 410 1463 478 deponitur
1536 405 1942 461 honorabiliter
2004 405 2058 459 in

2186 404 2413 474 ιεγίστῳ
2450 400 2566 474 ναῷ
2598 399 2824 456 Μωκίου
2855 399 2948 453 τοῦ
2979 396 3261 468 μάρτυρος
3302 394 3634 458 πανσέπτως
3661 397 3747 464 ἑγ-

467 508 708 564 maximo
752 506 958 576 templo
1007 501 1168 557 Mocii
1222 500 1480 571 martyris
1517 499 1618 571 (7),
1671 505 1863 569 utpote
1907 495 2056 568 quod

468 614 699 671 magnus
730 597 822 652 ille
852 596 1124 663 Sampson
1159 606 1229 646 ex
1265 606 1333 646 eo
1383 589 1670 645 diceretur
1716 589 1936 644 trahere
1966 602 2063 642 co-

469 691 804 763 gnationem,
841 702 951 742 non
997 699 1236 755 corpore
1290 683 1490 746 solum,
1545 683 1640 738 sed
1688 680 2063 749 multomagis

469 785 658 838 animo
709 790 765 836 et
820 779 1092 833 moribus.
1147 777 1322 842 Quam
1365 776 1554 830 multis
1625 783 1810 830 autem
1879 776 2065 828 clarus

472 875 643 928 fuerit
671 871 975 934 miraculis,
1001 869 1096 940 qui
1129 881 1216 924 est
1240 869 1292 922 in
1351 868 1518 922 rebus
1543 867 1802 921 omnibus
1829 867 2065 920 maxime

471 966 836 1031 admirabilis,
873 982 981 1021 non
1018 967 1076 1020 in
1121 965 1234 1019 vita
1287 965 1489 1028 solum,
1537 962 1633 1017 sed
1681 963 1847 1018 etiam
1882 961 2058 1016 multo

474 1060 644 1130 magis
678 1069 800 1128 post
837 1066 1097 1120 mortem,
1149 1071 1332 1125 neque
1386 1055 1569 1124 lingua
1618 1060 1802 1123 potest
1848 1053 2060 1116 dicere,

472 1165 652 1219 neque
694 1150 848 1204 auris
877 1147 1192 1202 admittere.
1234 1146 1525 1212 Quomodo
1563 1145 1736 1208 enim,
1764 1145 1925 1214 cujus
1959 1159 2065 1199 nec

472 1245 532 1298 in
586 1243 915 1298 hodiernum
971 1243 1196 1311 quidem
1245 1242 1391 1296 diem
1443 1239 1815 1295 constiterunt
1859 1237 2068 1294 ﬂuenta

469 1336 910 1390 miraculorum?
954 1335 1064 1388 lino
1117 1349 1247 1388 vero
1301 1348 1403 1388 nec
1458 1332 1768 1387 consistent
1815 1330 2066 1401 quidem,

470 1427 650 1482 donec
681 1428 773 1482 ille
800 1428 946 1482 idem
980 1427 1169 1491 fuerit,
1208 1435 1265 1481 et
1294 1423 1544 1494 ejusdem
1576 1423 1974 1479 misericordia:
1999 1422 2067 1476 ad

475 1520 932 1575 intercedendum
972 1535 1074 1591 pro
1107 1517 1430 1573 hominibus
1465 1517 1611 1587 apud
1653 1518 1848 1572 Deum.
1883 1517 2066 1571 Pauca

473 1627 628 1681 ergo,
653 1613 697 1666 si
726 1613 966 1678 videtur,
995 1613 1059 1666 ad
1090 1612 1186 1666 Dei
1214 1613 1468 1682 gloriam,
1502 1619 1559 1666 et
1588 1626 1805 1676 eorum,
1837 1609 1933 1680 qui
1963 1625 2069 1664 au-

2163 494 2552 549 κατατίθεταιο
2586 492 2686 547 ἅτε
2729 491 2794 562 δὴ
2821 490 2918 543 καὶ
2965 488 3292 558 συγγένειαν
3329 487 3512 540 ἕλκειν
3544 486 3748 540 ἐκεῖθεν

2163 586 2260 641 τοῦ
2303 585 2560 653 Μεγάλου
2614 581 3016 653 φημιζομένου,
3071 580 3168 634 καὶ
3215 580 3432 643 οἰκείως
3485 578 3649 649 ἔχειν,
3687 579 3747 633 οὐ

2167 679 2311 733 κατὰ
2373 677 2534 746 σῶμα.
2595 675 2778 746 μόνον,
2816 673 2954 728 ἀλλὰ
3014 673 3111 726 καὶ
3169 671 3330 725 πλέον
3391 670 3534 725 κατὰ
3572 669 3749 742 ψυχὴν

2165 770 2370 842 δηλαδὴ
2407 771 2505 824 καὶ
2551 769 2682 834 τοὺς
2716 769 2972 839 τρόπους.
3006 767 3195 829 Ὅσοις
3221 764 3279 819 δὲ
3327 765 3440 827 τοῖς
3479 763 3751 833 θαύμασιν

2167 863 2434 933 ἐδοξάσθη
2463 866 2491 917 δ
2527 862 2596 916 τὰ
2632 864 2810 915 πάντα
2844 859 3321 931 θαυμασιώτατος,
3353 858 3414 910 οὐ
3467 858 3611 910 κατὰ
3655 855 3751 926 τὴν

2165 957 2407 1010 ἐνταῦθα
2435 954 2583 1027 ζωὴν
2620 955 2828 1018 ἁπλῶς,
2860 953 2996 1007 ἀλλὰ
3023 953 3161 1023 μετὰ
3189 951 3283 1003 τὸν
3315 950 3544 1004 θάνατον
3575 947 3752 1018 πολλῷ

2171 1049 2396 1121 μᾶλλον,
2418 1045 2542 1100 οὔτε
2567 1045 2784 1115 γλῶττα
2812 1044 3011 1114 δυνατὴ
3038 1044 3242 1112 λέγειν,
3271 1040 3393 1094 οὔτε
3413 1039 3552 1111 ἀκοὴ
3582 1057 3753 1112 παρα-

2166 1141 2440 1212 δέχεσθαι.
2475 1139 2602 1202 Πῶς
2633 1139 2766 1209 γὰρ,
2799 1137 2862 1190 οὐ
2905 1137 3038 1208 μηδὲ
3091 1135 3253 1206 μέχρι
3296 1133 3392 1186 καὶ
3429 1131 3525 1184 νῦν
3567 1132 3618 1184 oi
3647 1129 3753 1184 τῶν

2170 1234 2471 1304 θαυμάτων
2504 1232 2744 1301 ἔστησαν
2776 1229 2982 1302 ῥύακες
3009 1244 3026 1260 ο
3061 1229 3262 1298 μᾶλλον
3289 1227 3346 1280 δὲ
3379 1224 3501 1277 οὐδὲ
3531 1225 3756 1293 στῆσον·

2169 1344 2284 1392 ται,
2314 1327 2418 1389 ἓως
2453 1324 2520 1379 ἂν
2547 1327 2758 1387 ἐκεῖνος
2787 1325 2814 1376 ὁ
2841 1323 3006 1385 αὐτὸς
3034 1317 3092 1394 ᾖ,
3119 1319 3214 1373 καὶ
3250 1321 3362 1382 τοῖς
3397 1319 3586 1380 αὐτοῖς
3617 1317 3756 1388 χρῆ-

2171 1435 2262 1472 ται
2305 1417 2638 1487 σπλάγχνοις
2677 1415 2818 1487 ὑπὲρ
2845 1413 3151 1486 ἀνθρώπων
3201 1412 3338 1483 πρὸς
3373 1412 3506 1464 Θεὸν
3531 1409 3757 1479 διαπρε-

2172 1510 2534 1581 σϐευόμενοςς
2573 1508 2762 1578 Ὀλίγα
2786 1507 2990 1573 τοίνυν,
3019 1508 3068 1560 ιί
3096 1505 3262 1570 δοκεῖ,
3289 1504 3426 1574 πρὸς
3448 1503 3603 1570 δόξαν
3621 1502 3756 1554 Θεοῦ

2173 1607 2270 1660 καὶ
2301 1605 2402 1676 τὴν
2444 1605 2554 1658 τῶν
2589 1604 2903 1658 ἀκουόντων
2937 1601 3129 1675 ἡδονὴν
3183 1602 3274 1654 καὶ
3321 1599 3619 1670 ὠφέλειαν,
3650 1598 3758 1651 τῶν

477 1705 661 1769 diunt,
701 1707 1124 1761 delectationem
1157 1721 1223 1761 ac
1253 1706 1544 1760 utilitatem
1587 1719 1655 1760 ex
1688 1705 1756 1760 iis
1787 1719 1910 1774 qua:
1943 1712 2072 1773 post

2186 1701 2319 1771 μετὰ
2361 1699 2459 1772 τὴν
2506 1698 2756 1753 ἐντεῦθεν
2783 1697 2950 1756 αὑτοῦ
2987 1695 3281 1769 μετάθεσιν
3329 1693 3640 1764 γενομένων
3687 1690 3758 1760 τῷ

473 1797 595 1866 ejus
663 1799 792 1854 hinc
863 1815 1149 1854 excessum
1237 1798 1381 1855 facta
1455 1807 1626 1866 sunt,
1697 1804 2070 1869 prosequatur

2186 1795 2319 1866 λόγῳ
2350 1770 2750 1865 μεταληπτέον.

473 1889 676 1947 oratio.

1941 2048 2172 2106 CAPUT
2229 2049 2297 2104 ll.

1739 2171 2012 2228 Miracula
2064 2182 2180 2245 post
2242 2182 2487 2227 mortem.

545 2332 640 2389 XI.
679 2333 743 2388 Et
775 2333 1016 2403 primum
1064 2331 1290 2401 quidem
1339 2333 1434 2398 sit,
1467 2332 1632 2403 {quod
1678 2341 1734 2388 et
1761 2333 2080 2388 multaalin-

479 2443 598 2497 gum
643 2436 871 2491 canunt,
923 2435 978 2481 et
1031 2425 1161 2481 libri
1211 2425 1420 2490 l'erunt,
1467 2434 1522 2480 et
1569 2440 1765 2481 omnes
1803 2427 2074 2493 credunt,

481 2520 629 2590 quod
665 2521 718 2574 in
754 2519 1004 2590 populari
1056 2519 1318 2581 tumultu,
1368 2519 1636 2576 adversus
1677 2520 2075 2586 Iustinianum,

479 2629 740 2683 magnum
772 2613 927 2668 illum
965 2621 1022 2669 et
1070 2614 1440 2669 clarissimum
1484 2613 1873 2683 imperatorem
1921 2613 2074 2669 exci-

479 2713 614 2766 tato,
663 2703 866 2759 accidit
917 2704 1019 2775 (8).
1087 2705 1186 2760 lllo
1263 2713 1516 2774 tempore
1569 2703 2070 2758 audacissimorum

479 2805 643 2866 atque
692 2795 966 2865 imprimis
1030 2796 1452 2851 temerariorum
1514 2796 1801 2849 hominum
1848 2810 2071 2860 manus,

481 2884 660 2954 ignem
687 2883 950 2950 ferentes,
986 2884 1438 2953 praeclarissimas
1481 2892 1538 2938 et
1591 2883 1893 2938 ditissimas
1927 2885 2076 2940 tech

482 2973 913 3044 aggrediuntur,
948 2984 1115 3043 atque
1171 2974 1504 3044 principium
1558 2974 1820 3029 incendio
1861 2973 1996 3028 dant
2047 2989 2079 3028 a

483 3063 722 3118 maximo
775 3065 982 3134 templo
1017 3064 1114 3119 Dei
1161 3065 1405 3135 Sophiae,
1453 3065 1602 3134 quod
1631 3080 1754 3120 cum
1789 3066 1844 3120 in
1885 3066 2076 3121 orbem

482 3157 668 3211 omnia
711 3156 1009 3222 cxcdissct,
1067 3157 1268 3212 deinde
1315 3173 1547 3228 serpens
1593 3160 1748 3214 venit
1793 3175 1969 3230 usque
2009 3163 2076 3214 ad

381 3243 394 3265 '
484 3248 774 3318 praeclaras
799 3248 947 3304 aedes
983 3249 1157 3304 divini
1189 3250 1529 3320 Sampsonis,
1556 3259 1610 3305 et
1641 3260 1846 3306 tectum
1883 3253 2083 3322 arripit
2109 3276 2150 3334 ο

483 3341 765 3407 celeriter,
805 3348 863 3394 et
904 3339 1152 3395 fremens
1182 3341 1418 3396 ulterius
1453 3341 1708 3412 procedit
1741 3358 1753 3393 :
1788 3343 2076 3397 existima-

485 3433 756 3503 baturque
787 3433 927 3498 fore,
966 3441 1030 3488 ut
1084 3448 1210 3486 mox
1250 3441 1362 3488 tota
1409 3433 1606 3488 domus
1653 3435 1880 3488 omnino
1941 3436 2081 3488 inte-

488 3529 644 3582 riret.
698 3526 842 3594 Quid
887 3541 1019 3596 ergo
1063 3538 1150 3582 est
1194 3535 1384 3597 postea
1438 3526 1847 3581 consecutum?
1894 3527 2082 3580 Multae

486 3621 709 3689 quidem
735 3635 804 3674 ex
832 3619 1067 3675 adverso
1097 3621 1152 3674 in
1185 3636 1253 3675 eo
1278 3619 1645 3674 movebantur
1674 3633 1872 3673 manus
1915 3628 2083 3688 gratae

485 3722 542 3767 et
585 3713 711 3783 piae,
759 3713 896 3767 nihil
942 3728 1056 3769 non
1109 3711 1398 3777 facientes,
1445 3711 1587 3766 nihil
1636 3727 1748 3765 non
1791 3711 2084 3766 molientes

489 3820 684 3859 eorum
714 3821 838 3876 quae
871 3815 1104 3876 possunt
1137 3805 1256 3859 ﬁeri
1290 3805 1359 3860 ad
1395 3805 1536 3874 ignis
1567 3803 1939 3859 cohibendum
1983 3802 2086 3855 im-

489 3907 698 3968 petum.
736 3896 844 3952 Sed
884 3898 1091 3952 malum
1141 3905 1262 3951 erat
1309 3897 1762 3967 inexpugnabile,
1811 3904 1868 3950 et
1917 3909 2083 3950 omne

489 3987 786 4056 superabat
840 3988 1132 4042 auxilium.
1179 3988 1435 4042 Vincitur
1481 3999 1687 4050 tamen,
1745 3998 1803 4042 et
1857 4001 1926 4042 eo
1980 3985 2086 4040 fuit

488 4080 769 4149 potentior
794 4094 928 4133 cura
977 4079 1158 4150 magni
1212 4079 1556 4149 Sampsonis.
1611 4081 1858 4136 Fuerunt
1903 4080 2079 4144 enim,

493 4171 737 4235 fuerunt,
766 4172 860 4240 qui
891 4180 1023 4226 tunc
1052 4171 1203 4242 digni
1241 4183 1372 4227 sunt
1398 4172 1575 4227 habiti
1608 4173 1859 4227 divinum
1893 4173 2085 4228 videre

493 4263 853 4332 Sampsonem
893 4279 994 4333 per
1039 4273 1243 4319 tectum
1289 4265 1652 4320 circumcirca
1695 4266 2082 4329 cursitantem,

494 4365 550 4408 et
609 4355 788 4424 ignem
842 4354 1241 4426 increpantem,
1297 4367 1354 4413 et
1404 4358 1575 4413 veluti
1623 4356 1974 4419 frementem,
2029 4367 2088 4412 et

499 4447 901 4502 admirabiliter
951 4449 1072 4520 ejus
1118 4447 1383 4520 impetum
1449 4451 1850 4506 retardantem.
1915 4449 2086 4520 Cujus

497 4538 721 4608 quidem
762 4548 985 4610 aspectu
1029 4541 1171 4610 ignis
1213 4541 1386 4597 veluti
1440 4541 1858 4612 obstupefactus
1905 4552 2087 4597 retro-

2254 2331 2357 2388 lA’.
2383 2331 2492 2384 Καὶ
2527 2329 2743 2402 πρῶτόν
2773 2345 2837 2398 γε
2875 2326 3053 2393 τοῦτο,
3085 2327 3113 2380 δ
3159 2325 3255 2380 καὶ
3305 2323 3543 2392 γλῶτται
3573 2324 3768 2378 πολλαὶ

2181 2425 2390 2498 ᾄδουσι,
2417 2426 2513 2478 καὶ
2547 2423 2720 2495 βίϐλοι
2751 2424 3000 2492 φέρουσι,
3046 2421 3140 2474 καὶ
3176 2421 3377 2481 πάντες
3426 2417 3767 2484 πιστεύουσι,

2183 2519 2280 2573 καὶ
2330 2519 2359 2572 δ
2411 2517 2554 2572 κατὰ
2611 2517 2712 2586 τὴν
2757 2514 2851 2568 τοῦ
2903 2514 3166 2584 μεγάλου,
3200 2515 3366 2583 φημὶ,
3404 2514 3499 2564 καὶ
3539 2510 3771 2581 μέγα’ἐν

2185 2612 2469 2685 βασιλεῦσι
2527 2611 2844 2682 λάμψαντος
2890 2610 3274 2663 Ἰουστινιανοῦ
3323 2607 3418 2660 τοῦ
3462 2608 3634 2678 δήμου
3684 2625 3774 2676 φο·-

2185 2704 2305 2776 ρὰν,
2331 2705 2454 2776 ἦτις
2485 2721 2548 2773 γε
2586 2703 2707 2758 κατ’
2741 2702 2904 2756 αὑτοῦ
2955 2703 3208 2773 συνέστη,
3239 2701 3489 2770 γενέσθαι
3530 2703 3771 2771 συνέϐῃο

2181 2795 2280 2848 καὶ
2317 2795 2465 2858 ὅπως
2511 2793 2808 2862 πάντολμοί
2849 2809 2996 2853 τινες
3025 2794 3207 2862 χεῖρες
3241 2791 3340 2846 καὶ
3384 2792 3773 2862 φιλοκίνδυνοι,

2184 2881 2297 2952 πῦρ
2333 2881 2632 2950 ἀνάψασαι,
2663 2885 2774 2944 τοῖς
2813 2882 3087 2952 λαμπροῖς
3125 2882 3236 2935 τῶν
3269 2883 3436 2936 οἴκων
3468 2882 3566 2936 καὶ
3610 2885 3778 2938 πολυ-

2186 2973 2436 3045 χρύσοις,
2473 2972 2618 3026 κατὰ
2659 2975 2720 3026 τὸ
2759 2973 3041 3045 ἐξαίρετον
3088 2975 3445 3029 ἐπιτίθενται.
3506 2977 3776 3046 Ἀρχεται

2188 3066 2288 3135 μὲν
2325 3064 2417 3118 οὖν
2447 3065 2510 3118 τὸ
2551 3067 2721 3119 κακον
2763 3067 2871 3118 ἀπὸ
2915 3066 3010 3120 τοῦ
3062 3067 3321 3137 μεγίστου
3367 3067 3493 3122 ναοῦ
3543 3070 3642 3139 τῆς
3685 3068 3774 3122 τοῦ

2183 3153 2320 3207 Θεοῦ
2350 3155 2572 3224 Σοφίας,
2605 3156 2701 3208 καὶ
2725 3156 2794 3210 τὰ
2819 3156 3007 3229 κύκλῳ
3030 3157 3355 3228 διανεμηθὲν
3381 3159 3625 3223 ἅπαντα,
3661 3157 3776 3214 εἶτα

2185 3250 2280 3299 καὶ
2308 3249 2472 3321 μέχρι
2502 3248 2596 3302 τοῦ
2633 3249 2891 3320 λαμπροῦ
2919 3249 3073 3303 τοῦδε
3117 3250 3270 3305 οἴκου
3304 3250 3398 3304 τοῦ
3435 3251 3582 3305 θείου
3631 3254 3778 3322 Σαμ-

2187 3339 2306 3409 ψὼν
2334 3341 2504 3410 ἕρπον
2534 3341 2778 3412 ἔρχεται,
2822 3343 2918 3396 καὶ
2961 3343 3062 3412 τῆς
3093 3344 3300 3414 ὀροφῆς
3330 3343 3497 3408 ὀξέως
3537 3345 3780 3416 ἐπιλαμ-

2189 3434 2412 3488 ϐάνεται
2444 3437 2628 3489 καὶτὸ
2661 3436 3002 3508 προσωτέρω
3047 3436 3251 3508 βρέμον
3303 3438 3484 3510 ἐπῄει,
3531 3438 3781 3505 ὲπίδοξόν

2190 3543 2250 3578 τε
2309 3521 2378 3596 ἦν
2423 3527 2547 3580 ὅσον
2591 3525 2768 3593 οὔπω,
2811 3527 2906 3580 καὶ
2947 3527 3230 3592 παντελῶς
3275 3528 3465 3583 θέσθαι
3513 3530 3593 3602 τῷ
3650 3533 3782 3599 οῐκῳ

2191 3618 2421 3688 φθοράν.
2450 3618 2516 3669 Τί
2543 3617 2724 3674 τοίνυν
2756 3620 2817 3672 τὸ
2847 3620 2987 3689 μετὰ
3023 3619 3238 3687 ταῦτα;
3271 3620 3466 3674 πολλαὶ
3497 3623 3598 3691 μὲν
3633 3623 3784 3676 άντιο

2193 3711 2444 3781 στρόφως
2499 3713 2620 3772 ταῖς
2662 3711 3068 3782 προλαόούσαις
3112 3713 3391 3767 ἐκινοῦντο
3438 3717 3570 3784 περὶ
3619 3717 3782 3771 αὐτὸν

2190 3805 2369 3875 χεῖρες
2401 3802 2775 3872 φιλοχάριστοι
2810 3805 2906 3858 καὶ
2939 3805 3339 3877 φιλάνθρωποι,
3370 3807 3423 3861 τί
3465 3809 3542 3879 μὴ
3591 3808 3785 3862 ποιοῦ-

2193 3910 2302 3961 σαι,
2339 3896 2432 3948 καὶ
2457 3895 2514 3946 τί
2534 3895 2643 3948 τῶν
2679 3895 2934 3962 γενέσθαι
2968 3896 3286 3967 δυναμένων
3349 3901 3410 3953 οὐ
3445 3902 3782 3973 μηχανώμε-

2192 4001 2282 4036 ναι
2323 3983 2461 4054 πρδς
2495 3984 2782 4054 ἐπίσχεσιν
2824 3984 2925 4054 τῆς
2958 3986 3051 4040 τοῦ
3083 3991 3255 4059 πυρὸς
3299 3990 3511 4061 ῥύμης·
3551 3990 3693 4044 ἀλλὰ
3726 3991 3786 4043 τὸ

2192 4074 2364 4128 δεινὸν
2419 4074 2632 4146 ἄμαχον
2701 4072 2793 4147 ἦν,
2861 4079 2956 4131 καὶ
3013 4079 3194 4150 πάσης
3250 4080 3598 4151 ἰσχυρότερον
3653 4082 3786 4153 βοη-

2194 4167 2346 4231 θείας
2368 4183 2383 4199 ο
2411 4169 2643 4237 ἡττᾶται
2668 4167 2713 4220 δ’
2741 4163 2836 4223 οὖν
2867 4169 3039 4240 ὅμως,
3063 4174 3159 4225 καὶ
3181 4175 3444 4243 κρείττων
3472 4175 3504 4244 ή
3530 4173 3625 4226 τοῦ
3668 4177 3782 4228 Με-

2191 4260 2359 4331 γάλου
2392 4260 2701 4331 προστασία
2743 4261 2978 4331 γίνεται.
3016 4257 3199 4319 Ἦσαν
3229 4267 3359 4334 γὰρ,
3401 4261 3564 4337 ἦσαν,
3601 4267 3656 4320 οἳ
3695 4268 3786 4320 τὸν

2194 4356 2338 4409 θεῖον
2367 4353 2487 4406 τότε
2509 4353 2752 4424 Σαμψὼν
2774 4354 3026 4426 ἠξιοῦντο
3045 4355 3291 4428 θεωρεῖν,
3316 4359 3502 4431 κύκλῳ
3522 4359 3624 4430 τῆς
3658 4361 3787 4431 ὀρο-

2195 4451 2302 4520 φῆς
2339 4447 2691 4521 περιθέοντα,
2729 4449 3071 4520 ὲπιτιμῶντά
3098 4467 3157 4504 τε
3197 4451 3276 4522 τῷ
3307 4454 3459 4523 πυρὶ,
3491 4454 3585 4506 καὶ
3617 4455 3786 4506 οἱονεὶ

2197 4543 2648 4614 ἐμϐριμώμενον,
2703 4541 2799 4595 καὶ
2857 4543 2958 4614 τῆς
3017 4545 3197 4615 ὁρμῆς
3260 4545 3411 4616 αὐτῷ
3462 4546 3788 4616 παραδόξως

504 4633 664 4687 cessit
691 4649 704 4686 :
733 4632 935 4687 deinde
971 4649 1096 4688 cum
1130 4633 1340 4688 tonitru
1384 4644 1612 4704 repente
1651 4635 1948 4704 erupisset,
1992 4649 2076 4689 co«

2191 4638 2631 4706 άναχαιτίζοντα,
2691 4632 2753 4689 οῦ
2842 4638 2934 4691 καὶ
2987 4636 3086 4710 τὴν
3155 4637 3284 4691 θέαν
3357 4641 3533 4692 ἐκεῖνο
3591 4639 3788 4709 ὥσπερ

497 4725 654 4793 piosa
695 4740 916 4794 quoque
969 4725 1180 4779 allluxit
1226 4726 1434 4796 pluvia,
1471 4741 1580 4793 quo
1621 4724 1824 4780 factum
1875 4733 1982 4791 est,
2030 4735 2092 4780 ut

497 4817 640 4885 ignis
689 4819 1170 4887 exstinguerctur,‘
1201 4827 1258 4872 et
1309 4818 1510 4874 domus
1561 4826 1990 4873 conservaretur
2023 4817 2092 4871 il-

497 4909 623 4964 ltesa
652 4918 852 4980 prteter
895 4918 1099 4966 tectum
1140 4910 1240 4981 (9).

497 5235 797 5360 “(78mm
869 5236 926 5292 S.
995 5237 1175 5295 Mocio
1247 5247 1487 5312 martyre
1567 5249 1755 5296 actum
1831 5251 1918 5296 est
1993 5238 2086 5293 die

569 5323 804 5447 (didich
838 5379 1038 5434 seditio
1071 5379 1210 5434 facta
1241 5387 1328 5435 est
1353 5397 1500 5436 anno
1528 5398 1559 5435 ν
1579 5381 1902 5444 Iustiniani,
1922 5390 2087 5451 atque

493 5452 731 5503 excitata
767 5456 906 5522 estja
941 5451 1278 5522 Victoriatis,
1316 5453 1390 5506 ita
1433 5453 1747 5522 appellatis,
1791 5451 1939 5520 quod
1984 5469 2086 5522 pro

496 5525 705 5572 tessera
744 5523 800 5570 τὸ
828 5520 973 5573 Νίκα
1008 5520 1182 5581 Vince,
1229 5520 1600 5578 assumefeht.
1638 5521 1789 5576 lianc
1831 5524 1949 5576 fuse
1979 5520 2080 5576 de-

494 5590 750 5662 scnbunt
789 5591 1091 5662 Procopius
1136 5591 1212 5646 De
1245 5591 1378 5646 bello
1429 5592 1582 5650 Pars.
1629 5594 1727 5648 lib.
1764 5609 1801 5656 I,
1835 5609 1957 5662 cap.
1986 5594 2080 5658 24,

497 5664 554 5774 ξι
609 5658 908 5781 (ξΙη-ιίηιοοη
965 5658 1394 5734 Alexandrinum
1442 5665 1510 5720 ad
1565 5679 1772 5720 annum
1825 5679 1856 5718 v
1903 5658 2084 5722 Justi-

540 5740 673 5781 zam.
699 5743 728 5781 e
759 5745 809 5781 c.

540 5740 673 5793 tam,
699 5740 809 5784 etc.

2192 4729 2569 4797 καταπλαγὲν,
2606 4731 2686 4793 είς
2713 4729 2960 4783 τούπίσω
2993 4747 3050 4782 τε
3097 4730 3314 4801 ἐχώρει,
3351 4733 3445 4785 καὶ
3478 4733 3787 4785 ἀνεκόπτε-

2191 4828 2283 4892 τοξ·
2317 4824 2510 4878 ἔπειτα
2539 4823 2770 4896 βροντῆς
2800 4823 3001 4896 ἀθρόον
3036 4825 3517 4896 καταρραγούσης,
3549 4825 3784 4896 ὄμϐρος,

2189 4911 2302 4979 οἷος
2329 4915 2558 4987 δαψιλὴς
2583 4917 2848 4989 ὲπερῤύη,
2882 4917 2960 4981 ὡς
2979 4917 3253 4980 ἐντεῦθεν,
3286 4917 3345 4970 τὸ
3376 4919 3475 4987 μὲν
3507 4918 3616 4987 πῦρ
3649 4921 3790 4971 ἁπο-

2195 5006 2409 5070 σϐἐσαι,
2443 5005 2774 5076 διασωθῆναι
2802 5008 2856 5060 δὲ
2886 5010 2980 5060 καὶ
3018 5009 3108 5061 τὸν
3139 5002 3286 5061 οἷκον
3331 5009 3470 5076 πλὴν
3514 5010 3613 5078 τῆς
3655 5011 3789 5080 ὀρο-

2193 5103 2302 5172 φῆς
2327 5098 2538 5169 ἀπαθῆ.

2264 5239 2341 5310 (9)
2374 5237 2490 5295 Hoc
2539 5239 2868 5295 miraculum
2905 5255 3049 5310 aegre
3101 5239 3389 5294 conciliari
3446 5246 3627 5307 potest
3655 5253 3788 5292 cum

2192 5323 2282 5376 eo,
2309 5311 2456 5378 quod
2507 5311 2672 5366 habet
2716 5311 3030 5365 Chronieon
3081 5313 3457 5380 praecitatuni,
3500 5324 3784 5371 asserens,

2191 5381 2338 5449 quod
2379 5382 2434 5434 in
2490 5383 2754 5451 praedicto
2814 5383 3048 5434 tumultu
3112 5383 3389 5450 populari.
3445 5379 3628 5432 Ξενὼν
3677 5380 3788 5451 Δτοῇ

2193 5447 2432 5520 Σαμψὼν
2462 5447 2692 5519 δμέγας
2720 5452 2952 5519 ἐκαύθη,
2994 5451 3087 5503 καὶ
3112 5447 3397 5504 άπώλοντο
3437 5452 3487 5502 οι
3527 5453 3584 5501 ἐν
3626 5447 3788 5520 αὐτῷ

2193 5518 2545 5593 ἀνακείμενοι
2575 5518 2870 5593 ἄρρωστοι.
2901 5523 3156 5592 Magnum
3187 5522 3510 5592 Sampsonis
3534 5518 3791 5593 Xenodo-

2193 5591 2794 5665 chiumjconllagravit,
2835 5601 2893 5649 et
2940 5591 3271 5650 interierunt
3319 5591 3415 5665 qui
3463 5595 3519 5648 in
3557 5591 3654 5647 illo
3692 5593 3793 5646 de-

2193 5663 2532 5719 cumbebant
2551 5664 2778 5718 inlirini.
