2005 3214
152 212 177 228 κ

203 154 262 186 293

824 150 914 181 νιΤΑ
934 150 966 180 8.
993 147 1167 178 SAMPSON
1171 146 1218 178 IS.

1780 143 1833 176 29$

239 209 294 237 ω’.
313 207 491 244 Προσκιίσθω
505 207 554 235 καὶ
568 207 650 242 ἔτερα
666 205 721 233 τῶν
736 205 896 241 θαυμάτων,
913 205 942 231 οὐ
959 202 994 230 τὰ

1081 201 1139 229 XII.
1153 200 1323 237 Adjiciautur
1339 201 1391 228 alia
1404 207 1514 236 quoque
1534 200 1676 234 miracula,
1698 209 1753 228 non
1772 209 1833 236 qua)

202 255 315 288 πολλοῖς
323 255 458 291 πρότερον
474 254 610 290 γενόμενα
619 254 740 289 χρόνοις,
755 252 789 279 δι’
802 251 918 286 ἀπορίαν
933 259 994 277 και-

203 302 260 330 νῶν
274 301 324 329 καὶ
335 300 502 337 προσφάτων
518 299 590 334 (οὐδὲ
607 300 662 334 γὰρ
676 298 849 326 ἐκλείπουσιν
867 297 931 332 ἄχρι
948 296 995 322 καὶ

205 348 255 376 νῦ
265 347 322 376 τῶν
336 345 469 381 ποταμῶν
478 345 635 381 μιμούμενα
649 345 713 376 τοὺς
725 344 837 378 ῥέοντας
850 341 992 375 ἀεννάως),

205 394 276 423 ἀλλὰ
290 393 325 420 τὰ
340 392 432 428 μικρῷ
446 391 565 428 πρόσθεν
584 390 766 426 γεγενημένα,
784 390 826 416 ἵνα
846 389 892 415 καὶ
915 387 995 413 πλέον

205 439 279 468 οὕτω
292 439 378 466 πιστὰ
395 439 452 473 εἴη,
466 438 504 464 τά
522 437 572 472 μὲν
591 437 691 468 αὐτοὺς
706 435 827 467 ἐκείνους
846 433 995 469 διηγουμέ-

205 493 270 517 νους
285 484 392 519 ἔχοντα,
405 483 470 515 τοὺς
484 483 538 509 τῶν
553 482 671 517 χαρίτων
687 481 887 515 ἁποναμένους,
908 479 994 513 γλώτ-

204 539 257 563 τας
270 529 430 565 φιλαλήθεις
455 528 504 555 καὶ
517 528 557 563 τῷ
570 527 664 562 ψεύδει
681 526 857 553 παντάπασιν
874 524 996 560 ἀπεχθα-

206 576 326 613 νομένας
337 584 345 591 ⁴
357 575 393 602 τὰ
405 575 435 602 δὲ
457 575 521 606 τοὺς
531 575 605 608 γένει
618 574 807 608 προσήκοντας
825 572 841 607 ἢ
856 571 996 606 ὑπηρετή-

203 630 309 654 omne;
333 621 350 658 ἢ
372 620 462 652 ἄλλως
484 619 676 656 ᾠκειωμένους
697 619 789 650 αὐτοῖς
811 617 923 648 ἐκείνοις
938 617 995 646 τοῖς

202 669 262 696 οὖν
277 667 426 702 θαυμάτων
439 665 665 701 πεπειραμένοις.
682 665 787 691 Αὐτίκα
800 663 865 698 γοῦν
890 662 995 689 Θεοδώ-

199 721 293 750 pune,
311 714 326 739 ὁ
343 712 381 747 τῷ
394 709 758 746 Σπαθαροκουὸικουλαρίων
774 708 932 744 διαπρέπων
945 708 995 734 τά·

206 767 305 795 ιιιατι,
319 755 341 792 ᾧ
352 757 436 792 πολλή
456 765 488 791 γε
502 757 518 792 ὴ
532 755 618 791 ἀρετὴ
635 756 826 790 μαρτυρεῖται,
842 754 995 789 χρηστότης

199 805 280 842 μετὰ
306 805 358 840 τῆς
391 803 534 839 ἀληθείας,
561 801 609 829 καὶ
638 800 825 836 μετριοπαθὴς
848 799 994 826 ἐπιείκεια.

204 848 292 883 οὗτος
325 850 465 885 ὑπηρέτης
490 846 536 884 ἦν,
561 848 607 874 καί
635 846 782 881 ὑπηρετῶν
819 845 993 876 οἰκειότατος,

201 881 322 928 Λέοντος
338 881 449 922 ἐκείνου.
461 881 544 930 φημὶ,
559 893 589 920 ὃν
609 894 623 920 ὁ
650 892 704 929 τῷν
727 891 882 927 Πατρικίων
898 900 927 918 τε
950 891 996 917 καὶ
1013 881 1032 909 Β

205 941 396 978 πραιποσίτων
418 938 476 976 εἶχε
493 940 582 976 χορὸς.
613 939 660 966 καὶ
685 939 714 971 ὃς
740 938 856 974 μετῆλθε
882 937 931 972 μὲν
950 936 995 962 τὸν

203 989 253 1017 τοῦ
269 987 458 1023 Δρουγγαρίου
479 987 534 1013 τῶν
553 986 695 1021 πλωῖμων,
711 984 826 1020 μετῆλθε
840 983 867 1010 δὲ
883 983 930 1010 καὶ
945 982 995 1017 τὴν

204 1036 255 1063 τοῦ
269 1034 420 1069 Λογοθέτου
440 1032 488 1060 τοῦ
499 1033 600 1068 δρόμου
616 1032 713 1067 ἀρχὴν,
733 1032 775 1065 ἐφ’
830 1030 878 1056 καὶ
898 1029 995 1063 τέθνη-

205 1090 256 1111 κεν
270 1082 302 1108 οὐ
324 1081 405 1107 πλέον
422 1079 492 1114 μετὰ
507 1079 553 1105 τὸν
566 1078 670 1105 ἐκείνου
686 1077 811 1108 θάνατον,
826 1075 842 1111 ἢ
865 1075 947 1110 μῆνες
965 1073 996 1100 τὸ

201 1128 347 1164 μέγιστον,
367 1126 460 1152 πέντε.
483 1124 576 1159 Τούτῳ
593 1122 738 1157 τοιγαροῦν
759 1121 798 1156 τῷ
824 1119 994 1155 Θεοδωρίτῳ,

205 1174 256 1201 καὶ
268 1172 361 1208 lupo;
375 1169 409 1207 ἦν
421 1170 510 1206 [Λέων
520 1167 651 1204 τοῦνομα]
664 1169 717 1195 τῶν
733 1165 995 1201 συνυπηρετούντων

204 1221 246 1258 τῷ
258 1221 406 1256 περιφανεῖ
419 1219 526 1251 Λέοντι,
544 1217 611 1244 ἀλλά
626 1218 674 1243 καὶ
690 1215 799 1247 οἰκείως
818 1215 934 1250 ἑχόντων
950 1214 996 1239 καὶ

206 1267 324 1296 ἰδιωτῶν
338 1275 394 1299 τις,
411 1262 660 1301 πρωτοσπαθάριός
685 1270 716 1288 τι
739 1262 793 1296 γὰρ
817 1259 862 1296 ἧν,
887 1261 934 1286 καὶ
956 1258 994 1290 ὼς

210 1313 325 1348 conﬁt;
339 1311 494 1347 ὀνομάζειν,
510 1310 557 1336 ἐπὶ
580 1308 628 1335 τοῦ
651 1308 842 1341 Μαγκλαόίου,
864 1306 940 1340 φίλος
964 1313 995 1331 τε

208 1360 245 1395 τῷ
263 1357 424 1392 θιοδωρίτῳ
439 1356 468 1387 ἐς
479 1355 514 1382 τὰ
529 1354 647 1390 μάλιστα
664 1353 711 1379 καὶ
727 1351 917 1386 συνυπηρέτης
930 1351 996 1385 ὁμό-

205 1406 305 1442 ψυχος.
321 1404 416 1439 Τούτῳ
429 1403 520 1429 τοίνυν
530 1401 569 1437 τῷ
584 1401 678 1428 Λέοντι
699 1400 712 1425 ὁ
728 1398 911 1434 Δρουγγάριος
927 1398 996 1424 κατὰ

1045 248 1138 276 multis
1154 252 1218 275 ante
1235 248 1314 275 annis
1335 247 1405 275 facta
1424 251 1499 279 sunt,
1514 247 1588 282 quod
1608 247 1699 274 desint
1720 255 1789 274 nova
1805 253 1832 275 et

1046 293 1165 321 recentia
1183 295 1247 329 (non
1262 293 1336 321 enim
1351 293 1378 320 in
1391 292 1556 320 hodiernum
1575 301 1661 328 usque
1676 292 1749 320 diem
1765 292 1833 320 deﬁ~

1045 341 1131 372 ciunt,
1157 344 1251 374 utpote
1273 334 1409 374 perennes
1433 339 1568 366 itnitantia
1593 338 1717 373 ﬂuvios),
1741 339 1788 365 sed
1803 346 1834 365 ea

1045 395 1104 422 qua:
1120 386 1203 421 paulo
1219 390 1283 412 ante
1306 386 1491 420 contigerunt,
1520 385 1638 419 ideoque
1658 389 1723 411 sunt
1749 384 1835 419 magis

1046 432 1210 464 credibilia;
1241 439 1357 466 quaeque
1383 431 1469 458 relata
1498 431 1619 460 fuerunt.
1653 435 1710 457 tum
1733 430 1768 457 ab
1800 430 1834 457 iis

1046 477 1123 512 ipsis,
1137 477 1184 511 qui
1201 475 1335 503 beneﬁcia
1353 476 1495 503 consecuti
1511 480 1585 507 sunt,
1611 475 1678 502 viris
1690 475 1831 506 veridicis,

1045 528 1073 551 et
1086 524 1176 551 omnis
1196 523 1330 551 mendacii
1343 522 1469 550 osoribus
1490 530 1496 548 ε
1522 528 1577 549 tum
1592 523 1627 549 ab
1647 522 1710 555 illis,
1725 522 1772 558 qui
1786 528 1834 549 aut

1046 570 1255 605 consanguinei,
1269 573 1317 596 aut
1329 569 1434 601 famuli,
1455 573 1503 596 aut
1519 569 1599 596 aliter
1613 569 1761 596 familiares
1776 569 1834 596 iue-

1047 620 1111 644 runt
1126 616 1170 647 iis,
1192 616 1219 643 in
1240 615 1343 650 quibus
1367 614 1498 642 miracula
1524 619 1630 650 patrata
1653 620 1727 642 sunt.
1755 615 1834 642 Adsit

1046 661 1129 697 igitur
1169 661 1378 692 Theodoritus,
1408 660 1731 695 Spatliarocubicularius
1767 661 1834 688 insi-

1046 706 1106 742 gnis
1122 705 1188 742 (l0),
1208 706 1286 740 cujus
1311 705 1489 732 testatissima
1510 711 1552 734 est
1576 707 1675 739 virtus,
1700 706 1834 741 probitas,

1046 754 1191 784 veracitas.
1215 756 1242 780 et
1257 760 1364 779 summa
1384 752 1469 779 animi
1494 752 1657 779 moderatio.
1681 753 1705 780 Is
1721 758 1781 781 erat
1795 753 1836 780 fa-

1046 799 1147 830 mulus,
1166 803 1194 825 et
1213 798 1378 826 famulorum
1396 798 1637 831 familiarissimus,
1660 804 1689 826 et
1707 800 1835 827 ﬁdelissi—

1046 852 1108 872 mus
1124 844 1224 871 Leonis
1242 844 1328 876 illius,
1344 844 1392 879 qui
1415 849 1474 871 erat
1486 851 1519 871 ex
1534 845 1629 871 ordine
1645 844 1834 879 patriciorum,

1047 897 1074 919 et
1086 891 1309 926 praepositorum,
1328 890 1431 925 quique
1446 890 1532 925 gessit
1547 890 1735 925 magistratum
1747 891 1836 917 Drun-

1046 937 1113 972 garii
1129 936 1182 972 (ll)
1198 936 1413 968 classiariorum,
1438 943 1545 963 necnon
1563 936 1765 963 ralioeinatoris
1779 937 1834 972 (12)

1046 992 1163 1017 cursus;
1181 984 1208 1010 in
1228 992 1283 1019 quo
1300 983 1372 1010 diem
1389 983 1488 1010 clausit
1509 987 1675 1016 extremum,
1695 992 1748 1010 non
1774 991 1834 1011 am—

1047 1026 1119 1068 plius
1146 1040 1228 1067 quam
1255 1039 1373 1064 menses,
1398 1035 1428 1058 ut
1450 1038 1600 1061 summum,
1626 1031 1748 1065 quinque
1773 1037 1836 1066 post

1046 1079 1151 1107 obitum
1171 1078 1256 1105 illius.
1283 1078 1349 1105 Erat
1368 1077 1537 1104 Tlieodorito
1552 1076 1618 1104 huic
1642 1077 1723 1104 etiarn
1743 1078 1835 1105 socius

1045 1132 1079 1152 ex
1094 1131 1209 1151 numero
1234 1131 1328 1150 secum
1355 1122 1545 1150 ianuulantium
1570 1121 1671 1150 illustri
1695 1123 1792 1155 Leoni,
1808 1129 1836 1151 et

1046 1173 1104 1206 ipse
1118 1171 1173 1198 Leo
1181 1170 1280 1199 (lietus.
1293 1168 1405 1196 domino
1417 1176 1468 1196 suo
1480 1168 1580 1196 cliarus
1593 1168 1834 1204 atque‘familiaris.

1048 1219 1112 1245 Erat
1135 1217 1208 1244 enim
1230 1216 1469 1251 protospatbarius
1499 1219 1527 1242 et
1553 1219 1583 1242 ut
1598 1223 1657 1242 mos
1682 1220 1724 1242 est
1747 1215 1836 1242 nomi-

1047 1271 1113 1291 nare
1135 1264 1203 1298 (l5),
1226 1263 1253 1289 in
1284 1261 1435 1289 Manclabio
1458 1261 1524 1298 (14).
1551 1262 1602 1289 Hic
1633 1270 1757 1289 summus
1776 1267 1836 1289 erat

1048 1309 1207 1338 Theodoriti
1231 1309 1347 1340 amicus,
1373 1312 1400 1335 et
1428 1307 1568 1334 unanimis
1592 1307 1685 1334 socius
1706 1307 1734 1334 in
1755 1308 1837 1334 mini-

1049 1356 1144 1384 sterio.
1162 1355 1232 1382 lluic
1246 1360 1337 1382 autem
1351 1353 1436 1380 Leoni
1453 1361 1515 1380 cum
1529 1353 1621 1387 aliqua
1633 1353 1667 1380 de
1679 1361 1761 1380 causa
1773 1360 1836 1381 suc-

1048 1402 1199 1429 censuisset
1216 1400 1396 1435 Drungarius.
1411 1406 1473 1426 eum
1499 1398 1595 1425 habuit
1617 1405 1786 1433 suspectum,
1808 1403 1837 1425 et

205 1461 270 1480 τινα
293 1451 433 1486 πρόφασιν
457 1448 624 1484 χαλεπήνας,
642 1446 672 1478 ἐξ
687 1445 773 1480 ὄψεώς
793 1453 821 1471 τε
846 1444 932 1476 ἔθετο,
951 1443 995 1470 καὶ

1050 1453 1172 1482 tempore
1188 1455 1241 1474 non
1257 1454 1341 1481 parvo
1355 1453 1417 1473 eum
1441 1453 1454 1471 a
1475 1451 1606 1472 consueta
1626 1445 1742 1473 removit
1758 1445 1836 1472 fami-

208 1497 367 1535 παρρησίας
392 1495 475 1523 αὑτὸν
496 1493 635 1528 ἀπέστησε
663 1492 713 1528 τῆς
739 1491 881 1526 συνήθους,
902 1491 995 1526 χρόνον

1049 1494 1177 1526 liaritate,
1196 1497 1223 1520 et
1244 1493 1279 1520 ab
1301 1500 1343 1525 ea,
1359 1501 1441 1528 quam
1470 1493 1548 1528 prius
1573 1492 1701 1524 habebat,
1724 1492 1835 1519 ﬁducia.

205 1545 270 1581 οὐχὶ
283 1542 399 1580 βραχύν.
415 1542 530 1577 Μάρτυς
550 1541 608 1574 είμὶ
625 1538 673 1566 καὶ
685 1538 766 1569 αὐτὸς
786 1537 835 1572 τῆς
861 1538 928 1572 πρὸς
950 1536 995 1562 τὸν

1049 1541 1113 1568 Sum
1126 1548 1236 1575 quoque
1252 1548 1302 1575 ego
1320 1540 1396 1567 testis
1410 1540 1555 1574 Drungaril
1571 1540 1703 1567 adversus
1717 1539 1837 1567 Leonem

207 1592 314 1619 Λέοντα
331 1588 516 1625 χαλεπότητος
536 1586 583 1613 τοῦ
601 1585 707 1620 ἀνδρὸς,
732 1584 779 1610 καὶ
794 1584 843 1618 τὴν
860 1584 995 1617 ἀποστρο-

1050 1586 1256 1622 indignationis,
1275 1587 1386 1621 vidique
1408 1587 1580 1614 aversioncm
1604 1587 1664 1621 ejus
1684 1590 1712 1613 et
1731 1586 1838 1613 diutur.

208 1635 264 1672 φῆν
277 1632 348 1667 οἰδα,
364 1633 413 1661 καὶ
431 1632 481 1667 τὴν
494 1631 604 1667 χρονίαν
619 1630 779 1656 ἀπόστασιν.
797 1627 853 1653 Καὶ
873 1626 927 1660 γὰρ
950 1625 995 1652 καὶ

1050 1641 1112 1660 nam
1133 1633 1346 1667 separationcm.
1374 1633 1429 1660 lmo
1453 1640 1505 1668 ego
1532 1640 1643 1667 quoque
1666 1632 1760 1667 rogavi
1787 1639 1838 1666 pro

206 1682 290 1714 αὐτὸς
302 1681 394 1716 ἠξίουν
409 1679 481 1714 ὑπὲρ
495 1677 541 1704 τοῦ
555 1677 679 1709 Λέοντος,
703 1676 780 1709 φίλος
795 1674 832 1700 ὢν
853 1673 900 1700 καὶ
931 1681 995 1698 συν-

1049 1679 1151 1711 Leone,
1170 1684 1199 1707 ut
1213 1680 1260 1714 qui
1275 1687 1364 1706 essem
1380 1679 1532 1714 Drungario
1553 1679 1659 1706 amicus
1674 1682 1702 1705 et
1718 1677 1836 1705 familia-

174 1759 179 1762 ,
206 1729 277 1766 ῄοης
289 1727 329 1763 τῷ
343 1725 532 1762 Δρουγγαρίῳ.
552 1724 662 1750 Ἦνιᾱτο
690 1722 778 1748 τοίνυν
792 1722 805 1746 ό
823 1721 898 1747 Λέων
926 1720 995 1766 μέλα

1050 1726 1099 1753 ris.
1116 1725 1199 1753 Valde
1215 1725 1307 1759 itaque
1324 1725 1475 1760 angebatur
1488 1725 1556 1756 Leo,
1574 1729 1602 1751 et
1619 1731 1717 1759 magna
1735 1723 1837 1750 allicie-

207 1763 332 1809 σφοδρῶς
348 1772 395 1798 καὶ
407 1769 513 1806 ἀθυμίᾳ
527 1768 674 1803 συνείχετο,
695 1767 744 1793 καὶ
761 1766 810 1800 τὴν
823 1764 910 1801 λύπην
928 1763 995 1800 εἶχε,

1050 1771 1132 1799 batur
1148 1770 1232 1798 animi
1250 1770 1427 1805 aagritudine,
1446 1769 1578 1804 dolorque
1594 1768 1636 1795 vel
1656 1768 1714 1802 ipsa
1730 1775 1793 1795 ossa
1809 1771 1838 1794 et

207 1819 257 1847 καὶ
281 1818 373 1845 αὐτῶν
405 1816 507 1843 ὀστέων
534 1814 692 1848 ἁπτομένην
721 1813 769 1839 καὶ
801 1811 918 1847 μυελῶν,
949 1811 995 1838 καὶ

1050 1816 1184 1844 medullas
1215 1816 1354 1850 tangebat,
1379 1820 1408 1842 et
1432 1814 1511 1842 valde
1542 1813 1732 1842 consumebat.
1765 1812 1839 1846 Quin

207 1865 329 1902 ἰσχυρῶς
347 1865 494 1899 τήκουσαν.
511 1859 565 1888 Ἦν
584 1859 613 1886 δὲ
632 1859 663 1885 τὸ
679 1858 780 1885 λυποῦν
797 1858 826 1884 οὐ
846 1859 926 1892 μόνον
949 1858 995 1885 τοῦ

1050 1862 1133 1889 etiam
1146 1860 1330 1888 Theodoritus
1356 1860 1428 1887 idem
1447 1860 1543 1895 jugum
1569 1858 1704 1889 trahebat,
1721 1862 1752 1884 ut
1767 1856 1839 1884 dici-

207 1901 334 1944 Δέοντος,
352 1909 421 1936 ἀλλὰ
438 1907 489 1942 μὲν
508 1906 557 1934 καὶ
577 1904 742 1940 Θεοδώριτος
764 1904 809 1930 τὸν
824 1903 906 1929 αὑτὸν
923 1901 995 1929 εἷλκε

1051 1910 1106 1937 tur.
1132 1906 1246 1941 ejusque
1280 1905 1443 1933 movebatur
1471 1903 1676 1934 misericordia,
1706 1902 1838 1937 gravique

207 1957 291 1993 ζυγὸν
305 1956 352 1983 τοῦ
369 1955 460 1989 λόγου,
477 1954 524 1980 καὶ
540 1952 666 1987 συνήλγει
681 1950 755 1985 αὐτῴ
773 1951 818 1976 καὶ
832 1949 995 1983 συνέπασχε,

207 2004 303 2040 νόμοις
317 2003 400 2029 εἴκων
415 1998 630 2035 φιλανθρωπίας,
648 1997 696 2024 ἅτε
726 1996 758 2032 δὴ
787 1996 862 2030 φίλος
886 1994 924 2021 ὣν
949 1996 997 2021 καὶ

208 2048 413 2086 συνυπηρέτης,
428 2046 525 2080 ὥσπερ
535 2047 548 2071 ὸ
563 2045 640 2078 λόγος
656 2042 762 2078 φθάσας
779 2042 924 2076 ἐδήλωσεν.

243 2096 298 2124 Il”.
312 2094 404 2130 Ταύτῃ
419 2093 509 2119 τοίνυν
526 2091 594 2126 μηδὲ
607 2090 699 2124 φέρων
712 2088 783 2115 οὕτω
796 2088 935 2123 πάσχοντα
951 2088 996 2114 τὸν

207 2143 313 2171 Λέοντα
333 2140 466 2174 καθορᾷν,
485 2137 627 2171 ἀπετόλμα
644 2134 745 2170 δηλαδὴ
766 2135 813 2160 καὶ
832 2133 996 2169 παρεκινδύ-

1049 1953 1143 1980 dolore
1171 1951 1351 1985 alﬁcicbatur,
1377 1952 1484 1987 legibus
1514 1950 1616 1978 cedens
1643 1948 1782 1981 amicitize,
1809 1952 1839 1975 ut

1049 1999 1097 2033 qui
1122 2003 1197 2025 esset
1221 1999 1340 2031 anticus,
1366 2003 1394 2026 et
1419 1998 1445 2025 in
1478 1997 1635 2024 ministerio
1666 1996 1771 2028 socius,
1809 1998 1840 2021 ut

1049 2044 1127 2079 prius
1142 2049 1183 2071 est
1199 2048 1351 2071 ostensum.

1084 2090 1155 2117 Xlll.
1170 2090 1238 2117 Cum
1255 2090 1347 2124 itaque
1363 2089 1435 2117 terre
1458 2097 1513 2116 non
1536 2093 1640 2124 posset,
1659 2088 1780 2115 Leonem
1797 2085 1840 2113 sic

1049 2136 1131 2166 allici,
1155 2144 1238 2163 ausus
1266 2141 1309 2163 est
1334 2136 1427 2163 verbis
1449 2143 1529 2163 suum
1555 2134 1665 2170 aggredi
1696 2133 1839 2161 dominum

207 2197 271 2217 νιυι
297 2188 354 2218 τοῖς
383 2185 474 2219 λόγοις
499 2185 554 2214 τοῖς
584 2182 652 2217 πρὸς
675 2181 721 2207 τὸν
739 2180 845 2207 ἑαυτῶν
863 2180 995 2215 δεσπότην

1051 2186 1152 2218 (neque
1167 2183 1240 2210 enim
1254 2182 1341 2209 facilis
1353 2182 1386 2209 ad
1403 2190 1466 2209 eum
1476 2182 1587 2217 patebat
1599 2181 1700 2210 aditus.
1716 2184 1745 2206 et
1760 2185 1841 2213 asper

335 2216 391 2268 γὰρ
402 2216 581 2265 δυσπρόσιτος
592 2216 622 2254 τε
637 2228 684 2254 καὶ
694 2227 873 2262 δυσομίλητος
886 2227 900 2252 ό
915 2226 995 2261 ἀνὴρ,

1049 2233 1110 2255 erat
1128 2228 1156 2254 in
1180 2228 1317 2255 sermonis
1340 2227 1545 2262 congressione,
1564 2226 1683 2254 maxime
1706 2226 1779 2253 inter
1798 2227 1841 2254 [ει--

207 2283 258 2310 καὶ
290 2280 407 2317 μάλιστα
435 2278 465 2304 ἐν
480 2274 640 2313 ὑπηρέταις)
661 2273 709 2300 καὶ
730 2273 806 2305 ἠξίου
829 2272 894 2308 περὶ
913 2272 997 2299 αὑτοῦ

208 2327 310 2365 τρῶτον
331 2325 377 2352 τὸν
398 2325 532 2359 ἔμφρονα·
545 2322 666 2357 Οῖχεται,
685 2319 782 2354 λέγων,
798 2319 813 2344 ὁ
829 2319 906 2345 Λέων
925 2318 997 2354 οῐχε-

208 2382 275 2402 ται·
294 2373 355 2403 δέος
375 2371 414 2406 μὴ
424 2371 471 2397 καὶ
488 2369 586 2404 δρᾶσαι
601 2367 652 2402 μέν
662 2375 688 2392 τι
702 2366 756 2392 τῶν
774 2365 911 2401 χαλεπῶν,
928 2366 997 2401 ὅπερ

209 2422 342 2454 ἄντικρυς
356 2418 389 2444 οὐ
402 2415 563 2454 βουλόμεθα,
586 2413 654 2449 μηδὲ
679 2412 795 2438 θανάτου
819 2411 998 2445 καταστῶμεν

245 2524 302 2561 (10)
318 2523 457 2561 Spatharii
472 2525 561 2561 eran_t,
574 2521 620 2556 qui
634 2520 767 2561 custodiae
777 2518 902 2554 corporis
911 2518 998 2561 impe-

207 2556 310 2590 ratoris
323 2556 402 2587 erant
417 2558 553 2593 deputati,
567 2563 660 2593 avoce
672 2556 777 2593 Σπάθα,
790 2556 997 2593 (δυσεξηιηοηιιοιη

207 2588 329 2633 gladium
343 2588 559 2633 gi_gniﬁc_§tt,3uo
568 2588 823 2633 illinar‘maban‘tur.‘
836 2588 996 2633 “depart:

192 2624 284 2660 'Eium
297 2633 324 2658 in
338 2624 480 2658 Glossario
494 2624 736 2655 Graeco-Barbam.
750 2624 1001 2660 Spatharocubicu-

193 2659 307 2696 iratius.
322 2666 370 2700 qui
385 2663 469 2692 simul
497 2661 629 2697 spatbarii
649 2665 677 2687 et
697 2659 860 2688 cubicularii
887 2665 999 2685 munere

191 2701 388 2736 'fungebatur.
446 2733 453 2736 _
514 2731 539 2736 __
668 2730 716 2736 __
899 2730 905 2736 ι
948 2727 961 2733 α

247 2730 305 2772 (id)
318 2733 499 2772 Drungarius,
514 2731 594 2772 idest
609 2730 794 2772 praefectus,_a
809 2737 878 2772 voce
893 2730 997 2772 a'pofgy:

246 2764 269 2804 Ξ,
283 2764 344 2806 quae
368 2764 487 2806 leobunl
510 2764 624 2806 militum
644 2766 791 2806 signiﬁcat.
814 2764 997 2806 Lcunclavius

246 2781 269 2804 :,
283 2779 344 2806 qua;
368 2779 483 2798 movum
510 2779 624 2794 mnuum
644 2779 791 2801 anguinum.
814 2779 997 2791 ιιυυιιιιιαιιιω

206 2779 438 2834 ξοιιοιῐιεειὶεο
466 2803 584 2830 Turcico
609 2802 647 2828 ita
670 2802 773 2828 Graecis
801 2799 934 2834 appellari
959 2800 997 2825 ait

208 2841 331 2869 baculum
347 2839 459 2871 tribuni,
473 2844 554 2872 quem
568 2837 655 2872 instar
670 2837 770 2872 sceptri
788 2836 868 2870 gerit,
892 2834 964 2860 forte
972 2842 996 2872 ‘a

208 2884 277 2906 voce
289 2877 385 2905 Latina
397 2869 521 2906 trahens,
534 2877 564 2900 ut
576 2873 614 2899 ait
631 2869 771 2907 Cangius;
786 2869 868 2905 quem
883 2869 995 2897 consule

1052 2275 1152 2309 mulos)
1168 2280 1196 2302 et
1214 2274 1342 2309 prudenti
1360 2274 1426 2301 inita
1441 2273 1559 2306 ratione,
1585 2281 1636 2308 pro
1657 2280 1691 2301 eo
1708 2273 1815 2309 rogavit
1831 2282 1838 2300 :

1051 2321 1135 2353 Perit,
1160 2321 1265 2353 dicens,
1286 2322 1339 2348 Leo
1361 2321 1456 2355 perit:
1477 2320 1630 2347 timendum
1654 2325 1707 2351 est,
1730 2328 1765 2347 ne
1785 2320 1839 2348 sibi

1050 2374 1131 2402 grave
1149 2366 1252 2401 aliquid
1264 2367 1361 2399 faciat,
1386 2366 1459 2400 quod
1481 2364 1592 2400 quidem
1614 2369 1690 2393 certe
1705 2366 1837 2399 nolimus,

1054 2420 1143 2448 neque
1154 2413 1241 2441 simus
1256 2418 1385 2441 auctores
1396 2413 1456 2448 ejus
1478 2412 1586 2439 mortis.
1602 2412 1684 2440 Miser
1697 2413 1771 2440 enim
1782 2413 1839 2448 jam

1053 2516 1080 2544 in
1107 2520 1224 2550 utroque
1247 2515 1398 2544 Glossario.
1424 2516 1474 2544 Hic
1499 2515 1669 2550 Drungarius
1684 2515 1718 2543 ad
1744 2516 1841 2544 classis

1052 2553 1242 2587 przeiecturam
1262 2550 1390 2578 refertur.

1087 2585 1312 2621 (12)Λογοοἐτη;
1331 2587 1376 2612 τοῦ
1400 2586 1506 2620 Δρόμου
1535 2590 1594 2613 erat
1623 2586 1656 2617 is,
1682 2585 1729 2621 qui
1754 2585 1840 2621 ratio-

1050 2630 1099 2649 nes
1113 2620 1211 2649 cursus
1230 2620 1331 2656 publici
1349 2621 1533 2655 expendebat.
1551 2621 1618 2649 Vide
1639 2620 1771 2656 Catigium
1787 2620 1840 2648 ibi-

1049 2658 1140 2732 όεῖῗὲ)
1157 2690 1416 2727 Πρωτοσπαθάριος,
1433 2690 1584 2719 Praefectus
1608 2691 1756 2719 custodum
1777 2698 1840 2718 cor-

1048 2735 1141 2797 Ροῖίῗιδ
1169 2761 1347 2795 Μαγκλάὸιον
1371 2760 1482 2788 Clauum
1502 2761 1649 2796 signiﬁcat,
1671 2769 1723 2797 qua
1749 2769 1840 2788 arma~

1049 2797 1152 2837 bantur
1167 2799 1214 2832 qui
1232 2802 1312 2837 erant
1335 2797 1520 2837 imperatorias
1538 2797 1679 2837 cohortis;
1706 2797 1751 2824 hic
1772 2803 1841 2837 vero

1049 2831 1233 2896 simitur’pro
1245 2832 1303 2867 ipsa
1317 2833 1431 2861 cohorte
1445 2831 1634 2866 imperatoria.
1645 2832 1766 2860 Rursum
1778 2831 1841 2859 vide

1073 2875 1199 2903 angium.
