4010 6428
390 321 498 386 295

1693 315 1979 381 MENSIS
2014 315 2352 395 JUNIUS”

3555 311 3661 376 296

387 435 656 496 extabuit,
687 443 742 488 et
781 445 866 487 est
896 448 1028 487 sane
1059 440 1443 502 consumptus,
1472 445 1581 486 non
1611 430 1797 487 ferens
1819 439 1964 485 tuam

2078 427 2244 480 αῖτιοι
2263 444 2276 456 ’
2310 425 2508 494 τέτηκε
2539 424 2650 497 γὰρ
2678 425 2705 478 ὁ
2729 423 2996 494 δυστυχὴς
3024 421 3123 495 ἤδη
3151 423 3247 477 καὶ
3271 423 3659 496 δεδαπάνηται,

387 525 830 590 aversationem;
884 534 942 579 et
991 523 1175 578 statim
1225 523 1440 577 amittet
1497 521 1664 577 etiam
1708 521 1970 576 animam.

388 618 503 672 lloc
532 632 657 671 cum
689 633 799 671 non
828 619 1019 680 semel,
1054 614 1148 669 sed
1178 629 1323 685 saape
1347 614 1595 679 dixisset,
1648 612 1973 668 assiduitate

387 714 442 758 ct
469 713 778 774 Opportuna
836 704 1194 774 persuasione
1243 702 1388 758 belle
1446 704 1766 759 reconciliat
1804 703 1972 758 Leoni

389 796 675 851 dominum
720 809 914 862 suum;
954 795 1294 865 jubeturque
1353 795 1532 864 ipsum
1596 796 1872 850 adducere
1915 796 1971 850 in

386 897 740 956 conspectum
772 887 911 957 ejus.
968 885 1065 940 Ille
1112 902 1247 940 vero
1290 901 1401 955 prae
1447 885 1620 940 nimio
1665 887 1865 956 gaudio
1908 903 1972 943 ac

386 978 734 1034 festinatione
772 979 924 1047 (dum
964 979 1106 1033 forte
1127 978 1362 1033 debebat
1392 994 1493 1048 per
1537 980 1714 1034 scalas
1744 979 1973 1035 descen-

387 1069 537 1138 dere)
587 1069 915 1140 impeditum
980 1068 1188 1124 alicubi
1249 1069 1448 1140 pedem
1491 1071 1734 1140 graviter
1781 1071 1970 1138 luxat;

381 1162 630 1230 jacetque
677 1161 796 1216 sine
826 1175 980 1227 voce,
1025 1161 1330 1217 immobilis
1386 1171 1444 1216 et
1497 1162 1688 1219 dolore
1743 1164 1969 1230 fractus,

385 1267 448 1306 ac
474 1267 617 1320 aegre
657 1255 877 1307 tandem
917 1251 1133 1306 delatus
1170 1261 1256 1307 est
1293 1253 1362 1306 ad
1406 1253 1634 1308 lectum.
1684 1254 1819 1310 Tres
1854 1255 1972 1310 dies

383 1345 786 1412 prreterierant,
833 1355 888 1398 et
923 1345 1040 1414 ipse
1079 1345 1159 1399 sic
1197 1345 1416 1417 jacebat
1457 1347 1709 1416 supinus,
1760 1357 1966 1412 mutus,

383 1432 745 1501 stupefactus,
784 1435 964 1489 somni
995 1443 1051 1490 et
1091 1435 1200 1490 cibi
1233 1451 1453 1506 expers,
1486 1452 1588 1492 nec
1621 1453 1818 1508 aquam
1847 1441 1971 1509 qui-

384 1523 508 1579 dem
539 1525 857 1590 admittens,
893 1541 996 1581 nec
1020 1527 1248 1581 omnino
1277 1543 1335 1582 se
1369 1543 1597 1584 movens
1619 1570 1634 1596 ,
1667 1529 1764 1584 sed
1799 1529 1966 1584 veluti

389 1619 526 1672 lecto
565 1618 778 1681 aﬂixus,
807 1627 862 1672 et
893 1633 920 1672 a
951 1634 1009 1674 re
1036 1617 1278 1674 inanima
1314 1619 1453 1674 nillil
1484 1620 1766 1677 dill'erens.
1828 1621 1958 1676 San-

385 1715 532 1759 ctum
587 1715 772 1760 tamen
827 1707 998 1761 etiam
1067 1708 1302 1763 tacendo
1356 1723 1575 1779 rogans,
1642 1709 1792 1765 videt
1838 1727 1964 1765 eum

2082 515 2182 589 τὴν
2221 513 2574 588 ἀποστροφὴν
2615 517 2678 570 οὐ
2723 517 2909 586 φέρων
2939 514 3040 586 τὴν
3072 515 3193 584 σὴν,
3227 515 3322 567 καὶ
3355 515 3480 568 ὅσον
3512 516 3662 570 οὔπω

2082 607 2378 662 ἀποϐάλλει
2402 608 2495 662 καὶ
2524 607 2624 676 τὴν
2650 607 2850 678 ψυχήν.
2889 605 3062 660 Τοῦτο
3092 606 3192 676 οὐχ
3230 605 3379 670 ἅπαξ
3402 606 3660 676 εἰρηκὼς,

2082 698 2219 752 ἀλλὰ
2249 700 2344 752 καὶ
2377 698 2660 762 πολλάκις,
2694 698 2774 769 τῷ
2802 700 3018 768 συνεχεῖ
3050 698 3146 749 καὶ
3174 696 3420 767 εὐκαίρῳ
3460 698 3660 761 πείθει,

2080 792 2176 842 καὶ
2219 791 2320 858 τὴν
2360 787 2712 858 καταλλαγὴν
2757 786 3054 857 πρεσϐεύει
3103 787 3287 849 καλῶς
3324 786 3404 855 τῷ
3448 786 3658 840 Λέοντι.

2082 874 2215 932 Εἶτα
2246 877 2340 930 καὶ
2375 877 2458 939 είς
2498 875 2622 946 ὄψιν
2646 876 2810 929 αὑτὸν
2836 877 3066 945 ἀγαγεῖν
3091 874 3425 939 κελευσθεὶς,
3457 876 3662 938 ἐκεῖνος

2080 971 2145 1022 ἐκ
2179 968 2289 1022 τῶν
2330 969 2471 1037 ἄγαν
2518 967 2878 1038 περιχαρείας
2928 968 3200 1038 (κλίμακα
3255 966 3399 1020 οὕτω
3448 966 3664 1037 συμϐὰν

2081 1060 2309 1129 κατιὼν)
2355 1061 2450 1114 καὶ
2479 1061 2558 1130 τῷ
2601 1060 2761 1130 τάχει
2799 1060 3212 1130 συμποδισθεὶς,
3243 1059 3572 1130 διάστροφός
3601 1076 3662 1111 τε

2080 1153 2174 1206 καῖ⁵
2211 1152 2429 1223 ἐξεδρος
2455 1152 2553 1224 τὴν
2576 1153 2670 1208 τοῦ
2697 1153 2854 1214 ποδὸς
2883 1151 3135 1222 ἁρμογὴν
3167 1150 3376 1220 γίνεται
3401 1166 3414 1179 ⁸
3445 1151 3540 1204 καὶ
3567 1152 3665 1204 εὑκ

2079 1247 2178 1311 θὺς
2208 1247 2424 1316 ἄφωνός
2457 1263 2518 1299 τε
2562 1247 2657 1300 καὶ
2685 1246 2948 1316 ἀκίνητος
2977 1240 3066 1314 ἦν,
3103 1243 3208 1297 ὑπὸ
3241 1243 3342 1312 τῆς
3386 1243 3661 1312 περιωδυ-

2078 1340 2198 1402 νίας
2230 1339 2644 1410 ἀποῤῥαγεὶςμί]
2677 1337 2832 1407 κλίνη
2863 1353 2923 1389 τε
2954 1331 3068 1406 εἶχε
3095 1335 3303 1397 τοῦτον,
3334 1336 3494 1404 μόγις
3522 1333 3661 1403 πρὸς

2077 1430 2247 1501 αὐτὴν
2279 1429 2768 1500 ἐκκεκομισμένον.
2798 1429 2961 1500 Τρεῖς
2991 1427 3273 1498 παρῆλθον
3300 1426 3532 1496 ἡμέραι,
3564 1426 3663 1478 καὶ

2077 1522 2242 1586 αὐτὸς
2293 1520 2468 1586 οὕτως
2509 1520 2694 1573 ἔκειτο
2732 1519 2943 1585 ὕπτιος,
2979 1521 3195 1587 ἄφωνος
3231 1519 3437 1581 ᾶῦπνός
3461 1535 3519 1570 τε
3565 1519 3664 1572 καὶ

2077 1615 2284 1687 ἀχανὴς
2327 1614 2422 1668 καὶ
2451 1615 2659 1678 ἄσιτος,
2691 1613 2816 1667 οὐδὲ
2855 1613 3049 1676 ὕδατος
3087 1613 3452 1682 προσιέμενος
3501 1611 3664 1664 οὐδα-

2079 1706 2216 1777 μῶς,
2240 1707 2361 1760 οὐδὲ
2396 1707 2638 1778 κινηθεὶς
2664 1707 2801 1768 ὅλως
2822 1722 2836 1737 ο
2861 1705 2979 1759 ἀλλ’
2998 1705 3165 1760 οἱονεὶ
3196 1707 3262 1775 τῇ
3294 1704 3456 1775 κλίνῃ
3483 1718 3660 1772 προσ-

382 1806 614 1852 stantem
641 1799 705 1851 ad
733 1807 1040 1852 extremum
1076 1799 1228 1863 lecti,
1259 1809 1576 1870 tangentem
1603 1802 1776 1857 talum
1811 1804 1964 1873 pedis

2072 1797 2354 1868 ηλωμένος
2381 1799 2476 1852 καῖ¹
2505 1799 2604 1868 τῆς
2635 1797 2844 1869 ἀψύχου
2879 1797 3155 1869 διαφέρων
3185 1797 3359 1852 οὐδέν.
3391 1797 3662 1867 Δεόμενός

383 1889 584 1952 aﬂ‘ecti,
617 1890 968 1944 etdiccntem
1003 1907 1016 1942 :
1049 1889 1246 1961 Surge,
1288 1893 1426 1946 nihil
1467 1893 1575 1947 erit
1599 1893 1698 1947 tibi
1732 1896 1970 1964 amplius

383 1982 530 2035 mali.
563 1982 736 2037 Simul
771 1993 953 2037 autem
995 1990 1162 2052 atque
1201 1984 1306 2038 hoc
1349 1985 1518 2050 dixit,
1565 1986 1733 2042 simul
1783 1987 1970 2058 dispa-

381 2073 516 2136 ruit,
563 2083 850 2143 spectante
904 2073 1266 2144 Theodorito,
1306 2087 1364 2132 et
1413 2094 1524 2148 prae
1573 2087 1800 2150 stupore
1830 2083 1970 2136 nihil

381 2161 662 2230 loquente.
721 2162 1018 2233 Postquam
1085 2179 1216 2220 vero
1266 2180 1497 2236 magnus
1553 2168 1645 2222 ille
1703 2170 1968 2240 Sampson

386 2253 577 2320 procul
604 2252 706 2306 fuit
735 2256 802 2306 ab
834 2256 1031 2315 oculis.
1065 2255 1134 2309 ad
1166 2270 1225 2310 se
1282 2257 1425 2311 redit
1476 2257 1868 2325 Tbeodoritus,
1915 2272 1970 2316 et

384 2358 526 2398 novo
559 2346 724 2398 veluti
765 2345 962 2415 spiritu
1007 2347 1307 2409 animatur.
1350 2350 1569 2419 sibique
1620 2351 1965 2419 restituitur;

382 2436 498 2490 oris
531 2451 752 2507 quoque
791 2447 848 2491 et
889 2438 1088 2508 linguae
1136 2454 1293 2493 usum
1331 2441 1632 2510 recipiens,
1666 2444 1789 2498 laeta
1836 2460 1968 2500 voce

381 2528 724 2599 gloriﬁcabat
758 2529 928 2583 Deum
969 2531 1513 2602 subsusurrabatque
1552 2549 1565 2586 :
1602 2534 1838 2590 Sanctus
1867 2537 1968 2593 iste

383 2628 465 2672 est
504 2617 807 2688 Sampson;
867 2629 921 2674 et
969 2622 1154 2675 statim
1194 2621 1507 2677 ministrum
1545 2635 1632 2679 est
1671 2626 1966 2693 allocutus,

384 2708 573 2762 dicens
607 2721 624 2761 :
659 2706 857 2778 Surge,
879 2708 1042 2762 Basili
1068 2709 1163 2777 (ita
1194 2711 1342 2764 enim
1371 2711 1419 2766 is
1448 2713 1793 2784 vocabatur),
1813 2723 1868 2770 et
1897 2716 1966 2771 da

385 2799 519 2852 mihi
551 2808 781 2864 vestem,
811 2808 873 2853 ut
901 2815 987 2853 me
1019 2801 1244 2855 induam
1275 2819 1289 2857 :
1318 2810 1375 2856 et
1403 2803 1571 2858 simul
1609 2807 1805 2876 pedem
1841 2809 1968 2863 teti-

381 2889 477 2959 git.
511 2889 650 2943 Eum
687 2898 872 2944 autem
910 2891 1105 2946 videns
1147 2908 1364 2960 sanum,
1410 2897 1570 2952 alteri
1602 2914 1824 2953 manum
1871 2905 1967 2957 ad-

386 2982 576 3045 movit,
609 2981 703 3050 qui
733 2990 852 3036 erat
875 2983 1079 3038 illaesus
1115 2984 1384 3042 abinitio.
1419 2986 1519 3043 Rei
1541 2991 1688 3045 enim
1729 2993 1968 3050 admira-

383 3069 566 3124 bilitas
592 3085 717 3124 eum
752 3069 1019 3125 reddebat
1072 3088 1241 3143 prope
1281 3085 1478 3131 emotae
1511 3080 1735 3146 mentis,
1771 3093 1824 3136 et
1844 3095 1965 3138 erat

385 3171 644 3232 tanquam
674 3162 758 3216 sui
784 3163 1012 3229 oblitus,
1039 3175 1095 3219 et
1123 3165 1477 3233 dubitans,et
1507 3171 1782 3228 haesitanti
1808 3177 1963 3232 simi-

382 3253 471 3307 lis.
504 3253 746 3306 Nimium
787 3253 936 3308 enim
985 3256 1246 3324 gaudium
1289 3269 1344 3314 et
1374 3261 1577 3316 bonum
1624 3263 1966 3336 inexspecta-

387 3355 502 3404 tum
528 3361 593 3400 ac
616 3355 816 3416 praeter
850 3348 1170 3417 opinionem
1207 3352 1490 3418 eveniens,
1537 3363 1777 3411 mentem
1823 3360 1966 3415 solet

383 3440 687 3496 dimm'ere.
726 3440 829 3497 Ubi
867 3451 1052 3498 autem
1088 3447 1359 3515 comperit
1393 3449 1586 3505 ambos
1623 3466 1745 3507 esse
1776 3469 1963 3520 sanus,

382 3532 550 3586 alacri
582 3532 763 3586 Statim
787 3533 971 3588 animo
997 3543 1053 3588 et
1087 3536 1322 3605 pedibus
1354 3539 1529 3594 tendit
1552 3542 1619 3596 ad
1645 3546 1962 3612 sepulcrum

380 3640 518 3711 ejus,
556 3641 648 3710 qui
678 3641 883 3696 misero
913 3642 1261 3697 curationem
1299 3645 1665 3715 impcrtierat,
1701 3661 1756 3706 et
1791 3653 1960 3710 benc-

379 3731 563 3786 licium
593 3733 643 3788 ei
677 3732 848 3788 refert
869 3745 1182 3805 acceptum,
1230 3739 1548 3810 gratiasque
1597 3744 1686 3814 pie
1721 3748 1852 3817 agit,
1899 3758 1958 3804 ut

378 3824 517 3877 solet
539 3833 726 3895 gratus
754 3833 811 3880 et
847 3840 1058 3881 memor
1082 3829 1320 3884 animus.

2075 1893 2259 1962 μέντοι
2307 1893 2400 1945 καὶ
2443 1890 2664 1945 σιωπῶν
2717 1891 2812 1943 τοῦ
2865 1890 3072 1958 Ἀγίου,
3109 1889 3211 1960 ὁρᾷ
3256 1888 3446 1941 τιῦτον
3505 1889 3661 1959 παρὰ

2071 1987 2196 2048 τοὺς
2219 1984 2503 2056 πρόποδας
2526 1981 2797 2052 ἑστηκότα
2819 1982 2916 2053 τῆς
2941 1981 3151 2051 κλίνης,
3180 1981 3274 2035 τοῦ
3305 1980 3660 2051 ἀστραγάλου

2071 2078 2164 2131 τὸν
2204 2079 2566 2148 ἐπαφώμενον
2615 2075 2708 2130 τοῦ
2737 2073 3066 2134 πεπονθότος
3115 2074 3298 2138 ποδὸς,
3331 2075 3428 2128 καὶ
3464 2074 3664 2137 Ἐγει-

2075 2191 2186 2241 ραι,
2215 2175 2498 2244 εἰρηκότα,
2525 2173 2693 2225 κακὸν
2727 2169 2836 2242 γάρ
2868 2169 2986 2222 ἐστί
3027 2185 3110 2223 σοι
3159 2169 3218 2222 τὸ
3250 2169 3515 2239 παράπαν
3566 2169 3663 2220 οὒ-

2071 2266 2160 2319 δέν
2181 2281 2194 2293 °
2224 2268 2339 2334 ἃμα
2371 2283 2426 2317 τε
2459 2265 2564 2333 ἔφη
2593 2263 2771 2327 τοῦτο,
2824 2263 2920 2316 καὶ
2961 2261 3077 2332 ἅμα
3127 2259 3298 2333 ἐξῄει,
3345 2260 3662 2331 βλεπόντων

2072 2358 2164 2412 τοῦ
2204 2358 2541 2427 Θεοδωρίτου
2577 2355 2688 2408 τῶν
2719 2354 3036 2426 ὀφθαλμῶν,
3067 2356 3163 2407 τοῦ
3208 2353 3480 2424 στόματος
3520 2354 3660 2424 μηδὲ

2073 2451 2408 2522 φθέγγεσθαι
2439 2450 2766 2518 δυναμένου.
2813 2448 3031 2517 Ἐπειδὴ
3061 2446 3153 2500 καὶ
3187 2449 3215 2500 ὀ
3245 2447 3438 2513 Μέγας
3465 2448 3662 2518 πτρῤω

2070 2546 2179 2598 τῶν
2213 2543 2512 2613 ὀφθαλμῶν
2537 2538 2625 2614 ἦν,
2661 2543 2906 2596 ἐπάνεισι
2947 2539 3052 2609 μὲν
3086 2541 3166 2602 εἰς
3211 2539 3404 2591 ἑαυτὸν
3452 2540 3480 2591 ὸ
3523 2541 3662 2590 Θεο-

2068 2637 2319 2710 δώριτος,
2366 2638 2458 2690 καὶ
2509 2636 2673 2690 οἱονεὶ
2716 2634 3008 2706 ψυχοῦται,
3054 2633 3150 2686 καὶ
3176 2632 3479 2701 κινουμένῳ
3514 2646 3662 2700 παρ-

2068 2733 2254 2804 όμοιος
2307 2731 2607 2796 δείκνυται,
2641 2729 2827 2800 φωνὴν
2875 2727 2931 2782 δὲ
2981 2725 3079 2780 καὶ
3124 2723 3186 2777 τὸ
3235 2724 3411 2791 στόμα
3463 2721 3661 2792 ὥσπερ

2071 2827 2337 2896 πρότερον
2391 2821 2526 2896 εἶχε,
2579 2822 2818 2887 δοξάζων
2867 2837 2928 2872 τε
2991 2813 3060 2889 ἦν
3121 2815 3214 2869 τὸν
3277 2815 3449 2879 Θεὲν,
3500 2816 3660 2884 φωνῇ

2070 2917 2430 2988 φαιδροτέρῳ,
2475 2914 2550 2979 ὼς
2589 2913 2647 2966 δὲ
2691 2912 2783 2965 καὶ
2825 2907 3326 2978 ὑποφθεγγόμενος,
3385 2902 3446 2957 '0
3496 2902 3660 2971 ἅγιός

2065 3011 2184 3064 ἐστι
2222 3007 2486 3079 Σαμψών.
2521 3005 2631 3059 Καὶ
2672 3004 2872 3059 αὐτίκα
2911 3001 3094 3074 [πρὸς]
3137 2999 3230 3053 τὸν
3268 2998 3663 3071 ὑπηρετούμε-

2068 3119 2181 3167 νον,
2217 3101 2475 3163 ⁹Ανόιστα,
2518 3098 2645 3169 ἔφη,
2683 3095 2932 3151 Βασίλειε
2978 3095 3143 3167 (οὕτω
3199 3098 3311 3164 γὰρ
3355 3091 3658 3158 ἐκαλεῖτο),

2068 3191 2164 3244 καὶ
2197 3193 2258 3243 τὸ
2289 3189 2504 3258 ἱμάτιόν
2538 3204 2628 3257 μοι
2667 3187 2756 3251 δὸς
2798 3185 3220 3240 ἐπενδύσασθαι.
3261 3185 3374 3238 Καὶ
3406 3183 3522 3253 ἅμα
3554 3181 3659 3233 τοῦ

2065 3274 2224 3346 ποδδς
2265 3283 2490 3352 ἥπτετο,
2539 3280 2634 3333 καὶ
2679 3279 2810 3348 ὑγιᾶ
2860 3278 3052 3332 τοῦτον
3093 3278 3258 3348 ὁρῶν,
3308 3276 3524 3347 θατέρῳ
3552 3273 3662 3344 τὴν

2065 3379 2224 3448 χεῖρα
2258 3373 2500 3444 προσῆγε
2539 3372 2620 3442 τῷ
2670 3373 2728 3437 ἐξ
2778 3371 2952 3441 ἀρχῆς
2998 3370 3244 3424 ἀπαθεῖο
3287 3369 3498 3422 ἐδείκνυ
3539 3368 3658 3438 γὰρ

2067 3470 2233 3523 αὑτὸν
2290 3465 2488 3539 μικροῦ
2546 3465 2644 3519 καὶ
2697 3463 2940 3534 ἔκφρονα
2984 3464 3017 3533 ἡ
3067 3460 3496 3533 παραδοξοποιία
3553 3461 3656 3512 τοῦ

2069 3564 2420 3634 πράγματος,
2475 3558 2571 3611 καὶ
2629 3556 2822 3626 ῶσπερ
2875 3554 3239 3625 ἐκλαθόμενος
3297 3552 3514 3618 ἑαυτοῦ,
3555 3552 3661 3604 καὶ

2069 3653 2396 3724 ἀμυιγνοῶν
2422 3652 2677 3717 διέκειτο,
2704 3649 2799 3703 καὶ
2827 3648 3188 3718 ἀπορουμένῳ
3221 3648 3403 3699 ἐοίκει.
3443 3645 3660 3708 Ἀλίιως

2065 3767 2125 3802 τε
2167 3749 2223 3800 δὲ
2270 3747 2367 3800 καὶ
2413 3745 2447 3815 ἡ
2485 3744 2815 3814 περιχάρεια
2862 3740 2956 3793 καὶ
3010 3739 3072 3791 τὸ
3117 3739 3380 3806 ἀδόκητον
3420 3737 3654 3801 ἀγαθὸν.

2066 3841 2208 3896 οἶδεν
2249 3839 2467 3908 ἐξιοτᾷν
2503 3836 2564 3888 οὐ
2602 3834 2865 3906 μετρίως.
2909 3832 2996 3894 Ὠς
3036 3825 3131 3884 οὖν
3175 3831 3271 3883 καὶ
3298 3829 3654 3900 ἀμφοτέρους

379 3919 655 4010 ἐρρῶσθαι
685 3920 903 3990 διέγνω»
939 3922 1135 3976 αὐτίκα
1162 3924 1444 3996 πρόθυμος
1472 3929 1775 4001 προθύμοις
1807 3937 1956 4006 ποσὶ,
1994 3939 2132 4010 πρὸς
2198 3935 2290 3989 τὸν
2322 3931 2418 3986 τοῦ
2453 3927 2891 4002 θεραπεύσαντος
2922 3926 3115 3995 τάφον,
3147 3923 3400 3994 ὁμολογεῖ
3455 3940 3516 3975 τε
3545 3925 3654 3994 τὴν

379 4007 565 4102 χάριν,
712 4011 810 4102 τὴν
844 4012 1218 4081 εὐχαριστίαν,
1245 4015 1437 4089 ὥσπερ
1474 4015 1616 4074 οἶδεν
1658 4024 1960 4098 εὐγνώμων
1990 4007 2163 4102 ψοχὴ,
2195 4025 2461 4096 θεοφιλῶς
2495 4022 2812 4077 ἀποδίδωσι.

449 4098 590 4153 XIV.
632 4101 775 4154 Huic
812 4117 939 4157 vero
988 4103 1328 4161 Tbeodorito
1361 4111 1584 4176 accidit,
1627 4125 1687 4169 ut
1728 4116 1962 4176 Sanctus

380 4191 470 4245 ille
496 4191 549 4244 in
572 4189 680 4244 alio
721 4203 941 4261 quoque
973 4194 1259 4261 miraculo,
1289 4200 1434 4267 quod
1484 4203 1631 4259 circa
1671 4205 1958 4266 dominum

377 4283 498 4353 ejus
529 4282 732 4336 factum
764 4291 850 4336 est
877 4285 1156 4353 (quisnam
1195 4298 1382 4343 autem
1423 4295 1468 4346 is
1501 4293 1593 4362 sit,
1621 4296 1733 4368 jam
1773 4308 1960 4358 osten-

379 4389 501 4428 sum
531 4373 636 4446 est)
679 4373 993 4430 inserviret.
1027 4376 1134 4431 Sed
1166 4382 1446 4448 quomodo
1478 4384 1530 4438 id
1558 4390 1787 4445 accidit?
1815 4393 1953 4450 Cum

2148 4114 2248 4177 IA'.
2287 4119 2379 4191 Τῷ
2404 4117 2726 4188 Θεοδωρίτῳ
2757 4112 2824 4186 δὴ
2850 4113 3023 4184 τούτῳ
3055 4111 3150 4166 καὶ
3175 4110 3348 4182 ἑτέρῳ
3375 4109 3651 4179 θαύματι,

2069 4216 2098 4270 ὃ
2128 4214 2259 4286 περὶ
2285 4213 2377 4268 τὸν
2414 4207 2615 4265 ἑαυτοῦ
2646 4208 2970 4279 πέπρακται
3011 4204 3200 4275 κύριον
3232 4203 3412 4272 (δῆλος
3436 4202 3492 4256 δὲ
3521 4203 3653 4274 ήδη,

2067 4307 2154 4371 τίς
2183 4302 2340 4370 οὗτός
2390 4302 2565 4373 ἐστιν)
2601 4300 2881 4369 ἐξεγένετο
2929 4295 3300 4368 ὑπουργῆσαι,
3344 4293 3459 4348 ἀλλ’
3497 4296 3654 4357 ὅπως

2067 4399 2178 4470 ἄρα
2215 4398 2310 4450 καὶ
2355 4393 2657 4462 ἐξεγένετο.
2691 4389 2800 4444 Τοῦ
2834 4386 3212 4458 Δρουγγαρίου
3251 4385 3500 4447 Λέοντος,
3548 4384 3653 4436 τοῦ

378 4463 722 4535 Drungarius
751 4465 841 4520 hic
881 4465 994 4520 Leo
1020 4467 1319 4537 aliquando
1371 4475 1694 4546 equitaret,
1741 4485 1950 4550 evenit,

2072 4487 2120 4542 δὲ
2173 4485 2555 4558 ίππαζομένου
2590 4484 2744 4544 ποτὲ,
2787 4481 3083 4552 συμϐαίνει
3134 4479 3228 4532 τὸν
3272 4479 3441 4532 ἵππον
3484 4477 3654 4550 τοίχῳ

376 4567 438 4612 ιιι
462 4573 638 4628 equus
666 4558 814 4613 illius
849 4559 1040 4630 pedem
1095 4575 1252 4618 muro
1291 4565 1547 4637 allidens,
1586 4587 1711 4627 eum
1765 4576 1959 4633 feriret

373 4652 636 4720 graviter.
686 4651 822 4706 Male
869 4660 1054 4708 autem
1101 4670 1160 4710 se
1215 4657 1458 4715 habebat
1489 4677 1606 4732 pes,
1657 4682 1765 4720 non
1802 4669 1958 4725 brevi

374 4743 559 4811 aliquo
592 4751 858 4813 tempore,
884 4745 979 4799 scd
1009 4748 1195 4820 multis
1222 4750 1443 4810 diebus,
1471 4754 1680 4812 Deinde
1712 4775 1835 4814 cum
1879 4762 1961 4817 sic

375 4833 606 4889 aﬁ‘ectus
645 4838 1032 4892 ostenderetur
1064 4841 1318 4906 medicis,
1355 4861 1452 4902 eos
1494 4848 1562 4902 ad
1591 4854 1960 4907 necessariam

376 4928 676 4984 seetionem
708 4941 764 4985 et
785 4932 1153 5004 chirurgieam
1183 4941 1563 5006 operationem
1593 4947 1957 5015 propellebat.

375 5017 553 5086 Atque
611 5031 732 5074 erat
797 5022 1024 5092 quidem
1077 5025 1198 5081 dies
1247 5039 1519 5097 quartus,
1567 5048 1677 5102 quo
1731 5036 1962 5092 medicis

377 5111 554 5166 visum
599 5111 779 5167 fuerat
804 5115 882 5169 sic
910 5116 1109 5174 facere.
1153 5119 1244 5189 Et,
1273 5121 1533 5180 Nicolaus
1579 5127 1720 5196 (erat
1771 5139 1958 5184 autem

375 5203 422 5255 is
447 5218 669 5273 quoque
701 5204 845 5261 unu's
871 5222 937 5262 ex
980 5209 1050 5264 iis
1075 5211 1170 5280 qui
1204 5213 1518 5270 serviebant
1543 5218 1870 5289 Drungario.
1906 5230 1963 5277 et

375 5294 494 5363 ejus
541 5295 766 5351 domum
813 5300 1200 5373 complebant)
1267 5312 1537 5362 statuerat
1592 5310 1711 5379 ipse
1758 5311 1961 5368 afferre

377 5385 705 5442 seetionem.
750 5387 847 5444 llla
897 5405 1032 5447 vero
1084 5404 1245 5449 nocte
1295 5411 1561 5466 apparent
1622 5400 1963 5461 'l‘beodorito

377 5475 482 5529 viri
517 5484 650 5542 tres,
699 5479 925 5536 domum
971 5483 1271 5556 Drungarii
1318 5488 1709 5558 ingredientes,
1769 5495 1962 5550 habitu

381 5576 439 5622 et
465 5570 668 5625 amictu
693 5571 948 5630 Romani.
981 5574 1194 5642 Quibus
1236 5579 1414 5635 factus
1442 5583 1687 5648 obviam,
1711 5585 1960 5652 Quonam

376 5660 506 5714 itis?
545 5666 777 5732 rogavit.
812 5667 893 5722 llli
943 5679 1130 5725 autem
1162 5687 1297 5728 voce
1334 5685 1388 5727 et
1425 5686 1654 5748 aspectu
1700 5681 1914 5750 placido
1945 5699 1959 5737 :

381 5752 462 5804 Ad
524 5753 808 5815 dominum
867 5773 1025 5818 tuum
1081 5767 1420 5824 accedimus.
1470 5771 1552 5826 Ad
1614 5773 1730 5830 haec
1777 5785 1961 5831 autem

2066 4579 2532 4653 προσαῤῥάξαντα
2564 4579 2655 4630 τὸν
2697 4575 2910 4628 ἐκείνου
2945 4573 3083 4626 πόδα
3129 4571 3330 4642 πλῆξαι
3370 4571 3648 4644 χαλεπῶς.

2063 4667 2194 4744 Εἶχε
2218 4668 2511 4742 τοιγαροῦν
2548 4667 2800 4740 πονηρῶς
2831 4669 2858 4721 ὀ
2884 4667 3109 4733 ποῦς,οὑ
3140 4669 3272 4740 παρ’
3302 4667 3504 4733 ὀλίγον,
3531 4665 3652 4718 ἀλλ’

2063 4767 2121 4819 ἐν
2176 4765 2411 4834 ήμέραις
2466 4763 2712 4832 συχναῖς.
2762 4755 2895 4814 Εἶτα
2930 4761 3024 4814 καὶ
3079 4762 3190 4823 τοῖς
3229 4761 3433 4829 ἰατροῖς
3472 4755 3651 4819 οὕτως

2063 4857 2200 4927 ἔχων
2230 4854 2700 4924 ἐπιδεικνύμενος,
2728 4853 2863 4923 πρὸς
2891 4855 3066 4922 τομὴν
3097 4850 3292 4913 αὐτοὺς
3333 4849 3650 4916 ἀναγκαίως

2064 4947 2371 5019 παρεκάλει
2412 4947 2508 4999 καὶ
2551 4945 2926 5016 χειρουργίαν.
2986 4942 3050 4995 Ἡ
3089 4945 3190 5012 μὲν
3219 4941 3312 4994 οὖν
3341 4941 3530 5010 ἡμέρα
3563 4957 3654 4992 τε-

2061 5038 2220 5108 τρὰς,
2240 5038 2330 5089 ὅτε
2356 5035 2498 5090 οὕτω
2520 5036 2764 5088 δέδοκται
2796 5037 2911 5096 τοῖς
2941 5035 3144 5104 ἰατροῖς
3164 5034 3296 5103 δρᾷν
3319 5048 3333 5060 °
3363 5034 3460 5084 καὶ
3489 5035 3516 5084 ὀ
3543 5032 3651 5084 Νι-

2065 5130 2261 5192 κόλαος
2297 5123 2402 5199 (εἷς
2436 5127 2491 5180 δὲ
2517 5128 2612 5181 καὶ
2639 5127 2802 5190 αὐτὸς
2839 5123 3041 5179 τούτων
3063 5121 3152 5196 ἦν,
3185 5125 3260 5195 τῷ
3289 5123 3651 5195 Δρουγγσρίῳ

2063 5239 2123 5275 τε
2161 5221 2604 5292 ὑπηρετούμενος
2641 5220 2737 5272 καὶ
2758 5219 2851 5271 τὸν
2882 5216 3049 5272 αὐτοῦ
3085 5213 3234 5271 οἷκον
3266 5216 3647 5288 συμπληροῦν)

2063 5311 2292 5383 ὡρίζετο
2321 5312 2643 5381 ἐπενεγκεῖν
2678 5310 2841 5372 αὐτὸς
2879 5311 2980 5380 τὴν
3015 5312 3215 5380 τομήν.
3259 5311 3416 5363 Κατὰ
3444 5310 3500 5362 δὲ
3546 5309 3649 5378 τὴν

2065 5406 2236 5459 νύκτα
2268 5404 2504 5475 ἐκείνην,
2537 5404 2919 5473 ἐπιφαίνονται
2961 5402 3040 5474 τῷ
3092 5403 3407 5472 Θεοδωρίτῳ
3455 5401 3650 5472 ἄνδρες

2063 5500 2235 5569 τρεῖς,
2262 5497 2353 5549 τὸν
2375 5493 2522 5552 οἷκον
2543 5499 2804 5558 εἰσιόντες
2827 5493 2918 5547 τοῦ
2949 5497 3345 5566 Δρουγγαρζου,
3375 5491 3435 5546 τὸ
3460 5493 3652 5562 σχῆμα

2075 5589 2342 5658 Ῥωμαῖοι
2394 5588 2490 5640 καὶ
2530 5588 2628 5658 τὴν
2664 5587 2983 5659 περιϐολήν.
3020 5581 3116 5650 Οἷς
3144 5588 3496 5656 ὑπαντήσας,
3530 5584 3644 5638 Ποῦ

2063 5683 2121 5736 δὲ
2160 5684 2204 5754 ἡ.
2238 5682 2454 5753 ἄφιξις
2504 5683 2689 5754 ἤρετο.
2725 5685 2832 5737 Καὶ
2882 5685 3038 5736 αὐτοὶ
3069 5685 3273 5758 πραείᾳ
3314 5684 3432 5755 ἅμα
3469 5682 3646 5752 φωνῇ,

2067 5775 2228 5847 πράῳ
2282 5777 2337 5830 δὲ
2386 5776 2481 5830 καὶ
2537 5775 2615 5847 τῷ
2662 5775 2960 5849 βλέμματι,
3008 5777 3150 5848 Πρὸς
3198 5777 3288 5830 τὸν
3331 5776 3518 5847 κύριόν
3548 5789 3645 5825 σου
