4010 6490
458 422 580 485 ῖ299

1795 415 2081 476 MENSIS
2120 416 2424 479 JUNIUS.

3643 424 3747 490 300

542 534 681 590 XVI.
710 535 823 588 Nec
875 532 981 585 hoc
1029 540 1251 599 quoque
1305 507 1868 595 praetermittendum,
1919 526 2053 595 quod

2249 524 2369 595 ΚΤ.
2409 526 2545 581 Οὐδὲ
2579 527 2737 581 τοῦτο
2766 528 3096 599 παραλιπεῖν
3135 530 3304 597 ἄξιον,
3345 531 3374 585 ὃ
3400 531 3494 587 καὶ
3537 533 3626 589 τὸν
3663 538 3749 591 ία-

468 624 724 679 eumdem
769 619 959 681 habet,
1008 615 1103 686 qui
1147 628 1344 685 passus
1396 623 1503 679 est,
1556 623 1615 669 ct
1650 614 1931 678 eumdem,
1962 614 2057 684 qui

468 714 703 770 curavit.
733 713 868 767 Nam
903 710 998 780 qui
1036 722 1234 779 passus
1267 706 1493 777 quidem
1540 716 1646 772 εει,
1681 707 1786 762 fuit
1825 708 2059 779 insignis

467 806 624 861 Leo:
681 805 949 872 Sampson
1000 809 1187 855 autem
1227 799 1470 862 divinus,
1509 798 1604 868 qui
1646 800 1877 855 curavit.
1901 800 2056 866 iliye:

460 898 552 951 los
587 895 696 967 (ιῦ)
732 905 817 949 est
870 907 1016 948 unus
1054 891 1281 946 morbus
1328 905 1396 945 ex
1445 889 1514 944 iis
1551 890 1644 960 qui
1693 900 2061 961 corrumpunt

467 988 659 1043 oculos
698 985 1009 1040 hominum.
1050 981 1154 1049 Qui
1188 996 1315 1036 cum
1345 981 1400 1035 in
1432 981 1582 1036 illius
1607 982 1874 1037 canthum
1901 984 2059 1036 incu-

468 1079 701 1142 buissct,
747 1091 875 1130 eum
922 1075 1080 1129 valde
1127 1074 1432 1144 premebat.
1490 1072 1630 1126 Eum
1691 1088 1818 1127 cum
1859 1073 2060 1143 aliquis

470 1168 810 1227 exsecuisset
845 1165 1117 1231 medicus,
1169 1163 1403 1220 laedebat
1438 1164 1643 1235 potius,
1692 1179 1858 1235 quam
1895 1166 2058 1235 jura-

462 1267 558 1321 ‘bat
587 1280 601 1318 :
626 1265 683 1317 iu
726 1262 831 1317 hoc
855 1261 974 1316 solo
1007 1257 1382 1322 excusandus,
1422 1257 1573 1326 quod
1598 1272 1708 1312 non
1731 1272 1830 1313 sua
1862 1268 2057 1328 sponte

466 1358 728 1412 damnum
763 1354 971 1409 attulit.
1004 1351 1092 1407 Fit
1116 1351 1264 1407 enim
1302 1348 1477 1405 sectio
1512 1349 1773 1414 maxima,
1813 1358 1872 1405 et
1899 1350 2058 1405 valde

466 1449 818 1520 periculosa,
886 1461 1053 1516 quam
1107 1446 1281 1515 ipsam
1353 1458 1578 1514 quoque
1625 1442 1850 1499 divinus
1901 1453 2059 1498 curat

466 1547 775 1612 Sampson,
811 1540 944 1594 dum
1001 1538 1151 1593 illius
1191 1547 1474 1607 unguento
1517 1538 1742 1606 ungitur
1795 1536 2058 1606 frequen-

466 1639 598 1703 tius,
642 1634 884 1706 quodam
935 1631 1234 1688 admodum
1286 1646 1457 1700 parvo
1516 1630 1710 1685 relicto
1764 1631 2057 1696 foramine,

465 1729 632 1799 idque
666 1726 854 1783 dedita
882 1740 1072 1796 opera,
1105 1734 1161 1779 et
1185 1730 1415 1794 propter
1444 1723 1761 1778 utilitatem.
1792 1722 1928 1777 Nam
1958 1738 2058 1793 per

464 1825 643 1891 ipsum
693 1820 896 1874 humor
955 1817 1183 1888 quidam
1231 1815 1388 1871 facile
1439 1814 1691 1880 elllucns,
1720 1824 1778 1869 et
1813 1816 1978 1871 oculo
2000 1826 2058 1871 et

464 1914 627 1985 capiti
660 1913 894 1968 multum
933 1909 1165 1981 profuit.
1213 1963 1221 1972 ,

534 2004 701 2060 XVII.
733 2003 1045 2074 Adjiciatur
1073 2001 1197 2056 aliis
1244 2001 1425 2071 magni
1459 1999 1783 2070 Sampsonis
1812 1999 2058 2054 miracu-

446 2096 527 2150 .Iis
558 2095 889 2149 miraculum
927 2106 1152 2162 quoque
1184 2090 1431 2147 Genesii.
1462 2089 1600 2145 Nam
1638 2099 1839 2160 prater
1882 2100 2062 2146 terro-

463 2203 602 2251 rem,
638 2186 807 2241 habet
840 2186 1006 2239 etiam
1060 2184 1116 2238 in
1164 2196 1224 2238 se
1270 2181 1700 2253 iucunditatem,
1744 2190 1802 2237 et
1828 2191 1916 2237 est
1956 2197 2060 2239 au-

457 2279 584 2332 ditu
613 2275 1023 2347 dignissimum.
1072 2273 1174 2329 Hic
1204 2286 1336 2344 ergo
1365 2270 1643 2328 Genesius
1678 2281 1801 2329 erat
1831 2273 2060 2344 quidem

462 2385 606 2426 unus
640 2386 709 2425 ex
740 2368 924 2433 clero;
960 2365 1069 2421 fuit
1118 2374 1304 2422 autem
1333 2367 1536 2421 multos
1582 2382 1762 2423 annos
1807 2367 2060 2423 minister

463 2461 835 2526 xenodochii;
896 2474 1007 2514 non
1080 2458 1291 2514 “minus
1353 2460 1527 2524 enim,
1595 2474 1767 2529 quam
1836 2459 2059 2531 triginta

460 2571 731 2613 annorum
770 2555 875 2610 fuit
912 2555 1035 2624 ejus
1060 2553 1462 2609 ministerium.
1498 2553 1628 2608 Erat
1663 2560 1848 2610 autem
1890 2554 1945 2609 in
1975 2568 2059 2623 ,eo

425 2646 759 2703 admodum
803 2660 993 2700 socors
1037 2654 1093 2700 et
1134 2645 1440 2716 negligens.
1486 2644 1601 2701 Una
1644 2645 1832 2716 itaque
1894 2654 2057 2702 nocte

460 2740 734 2796 accedens
764 2737 1023 2802 Sanctus,
1050 2736 1252 2792 multas
1279 2735 1333 2791 ei
1358 2735 1548 2806 plagas
1572 2734 1794 2801 inﬂixit,
1823 2735 2053 2792 dicens:

459 2834 571 2888 Cur
597 2848 711 2889 non
737 2846 803 2886 ea
839 2831 1071 2901 praebes,
1119 2828 1328 2899 quibus
1361 2835 1527 2899 egent
1565 2826 1812 2882 inﬁrmi?
1851 2837 1910 2884 et
1956 2844 2058 2883 cur

459 2924 804 2994 negligenter
846 2921 1086 2976 versaris
1135 2922 1191 2977 in
1229 2921 1339 2975 hoc
1382 2930 1478 2974 tuo
1520 2919 1875 2974 ministerio?
1928 2920 2057 2976 Haec

459 3025 646 3071 autem
681 3030 791 3070 non
844 3015 898 3068 in
944 3012 1177 3079 somnis,
1234 3018 1419 3082 neque
1476 3026 1576 3082 per
1628 3011 1836 3067 nudam
1875 3012 2054 3067 solum

412 3110 415 3113 ’
461 3109 731 3165 visionem
779 3108 953 3172 facta,
1006 3108 1105 3163 sed
1153 3121 1323 3176 opere
1366 3106 1495 3176 ipso
1534 3120 1661 3161 mox
1707 3105 2055 3161 manifestata

459 3203 708 3257 fuerunt.
767 3199 925 3256 Mane
963 3198 1112 3255 enim
1162 3206 1378 3253 mutum
1425 3197 1651 3268 quidem
1684 3206 1811 3254 erat
1848 3213 1913 3255 os
1943 3198 2052 3255 Ge-
2080 3238 2124 3300 ο

456 3296 639 3359 uesio,
669 3295 811 3351 livor
848 3300 1035 3348 autem
1064 3300 1122 3347 et
1159 3292 1360 3347 tibices
1389 3290 1666 3347 manifesti
1706 3292 1760 3346 in
1796 3305 2050 3362 corpore,

457 3401 568 3441 non
617 3385 825 3449 minus,
885 3398 1051 3454 quam
1100 3384 1311 3453 lingua,
1371 3382 1519 3453 quod
1575 3382 1781 3438 factum
1849 3381 2051 3450 fuerat,

452 3478 874 3549 significabant.
903 3477 1041 3534 Cum
1074 3477 1263 3547 itaque
1296 3475 1564 3547 quidnam
1602 3475 1708 3531 sibi
1736 3474 2050 3542 accidisset,

457 3580 684 3641 rogatus
717 3570 993 3641 explicare
1023 3583 1135 3624 non
1179 3578 1387 3640 posset,
1430 3568 1481 3624 ei
1530 3569 1695 3623 datur
1754 3569 1971 3634 charta,
1998 3568 2051 3624 in

449 3679 565 3735 qua
588 3664 834 3734 scripsit,
862 3662 1145 3733 quomodo
1172 3677 1233 3719 se
1276 3661 1607 3718 habuissent
1641 3678 1705 3718 ea
1734 3677 1858 3731 qua:
1907 3661 2052 3717 facta

456 3755 695 3811 fuerant.
752 3753 891 3810 Tres
938 3753 1163 3810 interim
1211 3752 1335 3809 dies
1384 3752 1796 3823 praeterierunt,
1852 3762 1911 3807 et
1961 3753 2052 3808 ille

457 3849 682 3918 quidem
712 3847 898 3902 adhuc
929 3854 1050 3901 erat
1077 3845 1342 3917 elinguis.
1388 3842 1527 3899 Cum
1560 3843 1678 3899 haec
1718 3852 1905 3899 autem
1937 3846 2051 3915 jam

444 3944 725 4000 .audiisset
759 3941 1125 4011 Drungarius,
1159 3954 1273 3994 non
1307 3938 1550 4008 amplius
1584 3938 1865 3995 contineri
1905 3947 2052 4010 pote-

448 4045 569 4100 arat,
591 4036 689 4093 sed
720 4036 787 4089 ad
816 4047 1031 4089 sacram
1058 4031 1287 4087 domum
1319 4032 1511 4086 statim
1540 4032 1777 4096 accedit,
1820 4033 2052 4101 cupiens

458 4145 560 4200 per
599 4126 1095 4197 interrogationem
1123 4133 1182 4179 et
1215 4122 1640 4193 responsionem
1667 4123 1862 4177 audire
1889 4137 2054 4193 aper-

459 4221 595 4282 tius,
627 4234 692 4274 ea
727 4233 851 4288 qua:
881 4216 1025 4272 facta
1056 4215 1277 4271 fuerant
1305 4230 1321 4269 :
1352 4214 1453 4271 sed
1479 4215 1705 4270 modum
1740 4231 1853 4271 non
1901 4215 2053 4269 inve-

460 4313 621 4369 niens
656 4318 887 4379 propter
933 4306 1179 4372 vincula,
1220 4304 1428 4376 quibus
1466 4305 1650 4361 adhuc
1710 4313 1829 4360 erat
1893 4304 2053 4359 astri-

458 4416 547 4457 cta
592 4403 776 4471 lingua
828 4399 1176 4469 aegrotantis,
1233 4410 1351 4453 rem
1396 4398 1695 4454 committit
1738 4399 2048 4468 precibus:

457 4497 660 4549 Sancte
690 4493 810 4557 Dei,
839 4492 1053 4556 dicens,
1082 4490 1215 4556 scis,
1258 4488 1378 4546 scis
1406 4499 1612 4560 quanta
1639 4502 1762 4546 mea
1803 4492 1874 4547 sit
1900 4492 1953 4546 iu
2000 4499 2053 4547 te

2170 620 2408 690 σάμενον
2442 623 2536 675 καὶ
2571 621 2666 674 τὸν
2696 623 2860 677 αὐτὸν
2882 623 2976 676 ἐπὶ
3009 624 3178 694 ἄμφω
3206 624 3424 680 ίαθέντα
3452 627 3706 697 σημαίνει
3732 647 3747 662 ·

2167 710 2195 762 ὁ
2232 710 2332 780 μὲν
2357 710 2467 780 γὰρ
2493 706 2561 783 ἦν
2589 711 2618 763 ὁ
2663 712 2971 783 περιφανὴς
3010 713 3178 772 Λέων.
3213 714 3455 784 Σαμψὼν
3474 715 3535 769 δὲ
3556 718 3584 771 ὀ
3607 717 3752 783 θεῖος

2167 802 2529 871 ὁίασάμενος.
2567 804 2782 872 Ὕέλωψ
2842 804 2904 857 τὺ
2949 804 3122 866 πάθος
3174 804 3234 858 ἓν
3285 808 3402 859 ἐστι
3457 810 3752 864 καὶτοῦτο

2166 892 2275 946 τῶν
2323 892 2639 964 ὀφθαλμοὺς
2687 895 2997 964 ἀνθρώπων
3039 897 3452 966 ἐπισαινόντων,
3484 900 3642 969 ὂ,κα“ι
3673 904 3756 975 τῷ

2166 984 2379 1037 ἐκείνου
2411 984 2595 1055 κανθῷ
2631 985 2967 1056 ἐπισκῆῲαν,
3010 989 3232 1054 ἐπίεζεν
3276 992 3533 1062 ίσχυρῶς.
3580 993 3755 1048 Τοῦτο

2171 1076 2376 1145 ἰατρῶν
2426 1093 2508 1139 τις
2578 1077 2839 1147 ἐκκόψας,
2890 1079 3146 1149 βλάπτων
3199 1082 3414 1153 ὑπῆρχε
3473 1085 3675 1152 μᾶλλον
3719 1088 3752 1158 ἢ

2167 1167 2421 1238 ὠφελῶν,
2452 1171 2548 1222 καὶ
2570 1170 2746 1241 τούτῳ
2777 1171 2924 1241 μόνῳ
2944 1172 3144 1243 δηλαδὴ
3176 1174 3250 1245 μὴ
3285 1178 3751 1249 πονηρευόμενος,

2165 1261 2250 1314 ὅτι
2291 1263 2368 1332 μὴ
2404 1261 2551 1315 ἑκὼν
2588 1264 2763 1332 ἐπῆγε
2801 1265 2899 1336 τὴν
2955 1265 3198 1338 βλάϐην·
3257 1269 3493 1340 μεγίστη
3547 1272 3659 1342 γὰρ
3721 1274 3755 1342 ἡ

2165 1354 2306 1425 τομὴ
2359 1355 2572 1423 γίνεται
2607 1359 2701 1411 καὶ
2727 1356 2915 1428 ἄκρως
2958 1360 3287 1432 ἐπισφαλὴς,
3328 1362 3396 1434 ἢν
3439 1365 3533 1417 καὶ
3579 1365 3757 1435 αὐτὴν

2167 1447 2201 1496 ὅ
2261 1445 2404 1509 θεῖος
2471 1447 2619 1500 ἰᾶται
2681 1448 2944 1517 Σαμψὼν,
2986 1451 3066 1521 τῷ
3112 1453 3325 1507 ἐκείνου
3378 1454 3757 1526 θαμινώτερον

2167 1536 2563 1608 ἐπιχριομένην
2600 1577 2613 1599 ,
2674 1542 2877 1611 μικρᾶς
2934 1558 3079 1606 τινος
3132 1544 3275 1610 ἄγαν
3326 1545 3754 1618 ὑῆς-,λειφθείσης

2167 1628 2332 1697 ὀπῆς,
2362 1630 2459 1684 καὶ
2487 1631 2660 1701 αὐτῆς
2686 1633 2826 1686 κατὰ
2854 1635 3112 1702 πρόνοιαν
3134 1636 3334 1710 δηλαδὴ
3360 1638 3454 1692 καὶ
3483 1640 3576 1693 τοῦ
3605 1640 3758 1710 ὠφε-

2168 1718 2280 1771 λεῖν
2309 1719 2518 1774 ἕνεκεν·
2562 1720 2652 1774 διὰ
2689 1722 2792 1791 τῆς
2817 1724 2992 1795 αὐτῆς
3027 1725 3139 1796 γὰρ
3175 1728 3343 1799 ίκμάς
3387 1747 3468 1792 τις
3504 1731 3751 1802 εὐχερῶς

2168 1812 2554 1884 ἀπορρέουσα,
2584 1813 2652 1867 τὰ
2711 1816 2829 1884 μεθ’
2856 1817 2953 1870 ὄλα
2982 1818 3060 1890 τῷ
3113 1836 3170 1873 τε
3223 1822 3489 1894 ὀφθαλμῷ
3529 1825 3628 1879 καὶ
3686 1828 3753 1895 τῇ

2088 1893 2133 1950 Β
2163 1904 2374 1975 κεφαλῇ
2421 1905 2729 1961 συνέτεινε.

2238 1997 2339 2053 ΙΖ’.
2378 1998 2685 2069 Προσθήτω
2720 2004 2814 2055 καὶ
2860 2003 2922 2057 τὸ
2973 2004 3069 2058 τοῦ
3109 2007 3361 2062 Γενεσίου
3406 2011 3521 2072 τοῖς
3568 2010 3755 2075 ἄλλοις

2162 2088 2259 2143 τοῦ
2288 2089 2546 2157 Μεγάλου
2580 2091 2906 2163 θαύμασιονο
2932 2096 3047 2167 ἔχει
3076 2099 3182 2169 γὰρ
3221 2101 3359 2169 μετὰ
3387 2100 3482 2154 τοῦ
3514 2094 3755 2174 φοϐεροῦ

2163 2182 2261 2235 καὶ
2298 2182 2360 2236 τὸ
2388 2183 2601 2253 χαρίεν,
2634 2186 2727 2238 καὶ
2750 2185 2897 2240 ἐστιν
2931 2188 3195 2253 ἐπιεικῶς
3239 2191 3622 2255 ἄξιάκουστον.
3696 2194 3754 2246 ’0

2163 2273 2345 2328 τοίνυν
2368 2274 2621 2338 Γενέσιος
2651 2270 2807 2338 οὗτος
2829 2273 2898 2349 ἦν
2929 2278 3028 2349 μὲν
3054 2275 3133 2343 εἷς
3160 2281 3268 2333 τῶν
3296 2280 3390 2334 τοῦ
3420 2281 3649 2354 κλήρου,
3686 2280 3753 2355 ἦν

2161 2364 2220 2418 δὲ
2271 2363 2368 2420 καὶ
2392 2365 2686 2437 ὑπουργῶν
2736 2368 2865 2439 περὶ
2921 2371 3018 2433 τὰς
3045 2370 3139 2424 τοῦ
3167 2371 3397 2438 ξενῶνος
3425 2373 3579 2428 τοῦδε
3607 2374 3757 2429 λειτ-

2161 2456 2411 2526 ουργίας,
2446 2456 2559 2530 ἐτη
2609 2458 2815 2529 συχνάο
2849 2461 3071 2531 καὶγὰρ
3098 2463 3198 2516 οὐκ
3230 2462 3470 2517 ἐλάττων
3502 2465 3533 2534 ἢ
3563 2465 3754 2536 χρόνοι

2162 2547 2459 2617 τριάκοντα
2491 2550 2524 2620 ή
2550 2550 2846 2621 ὑπηρεσία.
2885 2551 3181 2623 Ἐτύγχανε
3203 2555 3261 2608 δέ
3283 2553 3359 2607 ὣν
3383 2555 3594 2627 ἀμελὴς
3617 2560 3752 2629 περὶ

2161 2637 2334 2708 αὐτὴν
2356 2639 2451 2693 καὶ
2481 2640 2725 2709 ἀτέχνως
2758 2642 3022 2713 ῥᾴθυμος,
3060 2644 3242 2718 Ταύτῃ
3264 2660 3347 2700 τοι
3379 2649 3473 2700 καὶ
3506 2651 3605 2719 μιᾷ
3637 2650 3751 2703 τῶν

2162 2731 2398 2796 νυκτῶν,
2449 2734 2678 2796 ἐπιστὰς
2710 2733 2865 2804 αὐτῷ
2912 2736 2941 2788 ὁ
2995 2736 3206 2805 Ἀγιος,
3258 2737 3475 2808 πληγὰς
3517 2742 3748 2795 ἐντείνει

2161 2825 2388 2893 πολλὰς,
2422 2826 2523 2880 Διὰ
2562 2826 2615 2880 τί
2656 2825 2755 2898 μὴ,
2793 2827 2992 2894 λέγων,
3045 2829 3309 2899 παρέχεις
3336 2824 3413 2883 ῶν
3459 2833 3655 2901 χρείαν
3702 2836 3751 2887 οἱ

2159 2919 2467 2987 κάμνοντες
2499 2916 2707 2988 ἔχουσι,
2738 2920 2834 2972 καὶ
2876 2917 2963 2972 διὰ
3008 2920 3063 2973 τί
3108 2923 3239 2993 περὶ
3264 2924 3473 2993 ταύτην
3508 2942 3603 2978 σου
3651 2926 3750 2998 τὴν

2160 3007 2440 3063 διακονίαν
2470 3008 2753 3079 ὀλιγώρως
2783 3009 2965 3081 ἔχειςς
2999 3012 3185 3066 Ταῦτα
3219 3014 3277 3067 δὲ
3332 3016 3431 3069 οὐκ
3462 3016 3596 3088 ὄναρ
3621 3019 3751 3072 οὐδὲ

2162 3102 2326 3173 μέχρι
2356 3102 2450 3157 καὶ
2479 3103 2645 3174 ψιλῆς
2675 3104 2980 3173 φαντασίας
3010 3105 3204 3177 ἔτυχεν
3235 3110 3596 3181 εἰργασμένα,
3624 3114 3748 3167 ἀλλ’

2158 3195 2247 3248 ἐπ’
2271 3195 2455 3250 αὐτῶν
2482 3195 2744 3268 ἄντικρυς
2783 3196 2895 3251 τῶν
2925 3196 3108 3270 ἔργων
3147 3201 3242 3253 καὶ
3271 3203 3305 3273 ἡ
3338 3202 3611 3269 ὑπόδειξις
3648 3225 3752 3277 φα-

2158 3287 2325 3359 νεράο
2348 3288 2520 3343 ἕωθεν
2553 3290 2663 3361 γὰρ
2699 3292 2920 3360 ἄφωνον
2953 3292 3053 3362 μὲν
3080 3288 3149 3365 ἦν
3173 3292 3255 3365 τῷ
3274 3295 3509 3368 Γενεσίῳ
3531 3298 3592 3352 τὸ
3627 3302 3750 3354 στό-

2160 3398 2258 3452 μα,
2294 3383 2550 3452 μελανίαι
2574 3383 2631 3439 δὲ
2669 3383 2765 3439 καὶ
2799 3385 3150 3450 πελιδνὼσεις
3187 3388 3315 3458 περὶ
3348 3389 3410 3443 τὸ
3435 3392 3600 3462 σῶμα
3633 3393 3747 3448 δια-

2158 3478 2370 3543 φανεῖς,
2425 3472 2676 3546 γλώττης
2724 3477 2825 3530 οὐκ
2876 3476 3102 3533 ἔλαττον
3167 3481 3618 3551 άπαγγέλλουσαι
3679 3489 3746 3540 τὰ

2156 3567 2494 3639 πραχθέντα.
2540 3568 2695 3623 Ἐπεὶ
2727 3568 2823 3624 οὖν
2849 3571 2942 3624 καὶ
2975 3572 3334 3644 ἐρωτώμενος
3374 3576 3403 3629 ὃ
3448 3579 3743 3639 πεπόνθοι.

2153 3659 2494 3732 διασαφῆσαι
2527 3660 2790 3727 ἀδύνατος
2821 3659 2910 3734 ἦν,
2943 3665 3156 3737 χάρτης
3188 3668 3338 3739 αὐτῷ
3396 3669 3620 3739 δίδοται,
3654 3676 3746 3728 καὶ

2154 3758 2350 3829 τούτῳ,
2379 3760 2533 3822 ὅπως
2570 3753 2740 3830 εἶχεν,
2776 3760 3022 3831 ἐντίθησι
3062 3762 3132 3816 τὰ
3167 3766 3537 3835 γεγενημένα.
3580 3768 3745 3838 Τρεῖς

2152 3850 2217 3901 τὸ
2270 3849 2474 3920 μεταξὺ
2515 3851 2796 3922 παρῆλθον
2822 3853 3052 3922 ἡμέραι,
3092 3855 3185 3908 καὶ
3217 3856 3245 3908 ὁ
3284 3856 3384 3925 μὲν
3419 3858 3700 3925 ἄγλωττος
3729 3877 3741 3890 °

2153 3940 2232 4012 τῷ
2266 3929 2330 3996 ’δὲ
2359 3942 2707 4013 δρουγγαρίῳ
2759 3943 2870 3997 τῶν
2895 3946 3303 4018 πεπραγμένων
3330 3948 3614 4003 ἀκουστῶν
3646 3951 3743 4023 ἤδη

2151 4035 2485 4106 γενομένων,
2523 4029 2638 4099 οἷος
2668 4036 2875 4099 ἐκεῖνος
2907 4035 3029 4090 οὐδὲ
3061 4038 3329 4103 καθεκτὸς
3360 4034 3429 4110 ἧν
3459 4040 3562 4106 ἔτι,
3609 4042 3743 4097 ἀλλὰ

2156 4127 2297 4199 πρὸς
2327 4126 2420 4181 τὸν
2456 4128 2604 4196 ίερδν
2631 4123 2780 4183 οἷκον
2808 4127 2871 4181 τδ
2908 4131 3227 4199 παραυτίκα
3258 4132 3490 4201 γίνεται.
3523 4135 3637 4187 Καὶ
3671 4134 3743 4188 δι-

2152 4218 2275 4288 ψῶν
2299 4221 2399 4289 μὲν
2431 4220 2523 4274 διὰ
2557 4219 2807 4284 πεύσεως
2832 4222 2926 4275 καὶ
2952 4221 3304 4292 ἀποκρίσεων
3334 4226 3569 4279 ἀκοῦσαι
3605 4244 3743 4297 19a-

2154 4310 2408 4380 νέστερον
2428 4311 2495 4364 τὰ
2522 4312 2869 4383 γεγενημένα
2898 4325 2915 4342 ·
2952 4313 3177 4386 ἀπορῶν
3220 4315 3278 4369 δὲ
3312 4315 3401 4370 διὰ
3426 4317 3524 4382 τὰς
3554 4319 3739 4387 ἐγκει-

2157 4398 2327 4467 μένας
2371 4400 2455 4453 ἐτι
2498 4400 2667 4464 πέδας
2696 4403 2762 4472 τῇ
2791 4401 3012 4474 γλώσσῃ
3055 4402 3151 4457 τοῦ
3182 4407 3537 4473 πεπονθότος,
3574 4409 3740 4478 εὐχὴν

2152 4487 2222 4541 τὰ
2250 4488 2347 4543 τοῦ
2380 4490 2710 4560 πράγματος
2757 4494 3087 4564 ἐπιτρέπει*
3120 4493 3280 4564 Ἀγιε
3323 4496 3419 4551 τοῦ
3462 4497 3623 4566 Θεοῦ,
3653 4500 3740 4552 λέ-

457 4589 619 4651 ΙῖιΙεε,
650 4595 707 4642 et
742 4601 906 4656 quam
949 4583 1150 4639 fuerim
1207 4584 1266 4638 in
1298 4592 1394 4639 tuo
1438 4583 1748 4639 ministerio
1792 4583 2049 4656 diligens,

2160 4600 2293 4651 γων,
2329 4586 2382 4639 εί
2429 4603 2531 4655 μου
2572 4586 2820 4652 σύνοιδας
2864 4590 2965 4659 τὴν
3003 4588 3188 4644 πίστιν
3217 4591 3316 4661 δση
3357 4592 3495 4663 πρὸς
3528 4593 3610 4660 σὲ,
3647 4598 3741 4649 καὶ

455 4679 726 4741 concede,
758 4690 822 4733 ut
861 4677 1132 4734 Genesius
1178 4691 1278 4731 sua
1314 4674 1432 4746 ipse
1462 4676 1674 4747 lingua,
1700 4692 1824 4747 qua:
1852 4692 2049 4747 passus

458 4780 566 4834 cst,
586 4768 1015 4827 enuntiet.Cum
1045 4769 1135 4823 ille
1162 4768 1243 4823 sic
1261 4778 1770 4837 essetprecaturus,
1801 4783 1912 4822 non
1949 4768 2052 4823 fuit

456 4864 746 4919 fraudatus
792 4878 892 4917 sua
936 4847 1209 4932 petitio-ne
1241 4877 1257 4927 ;
1293 4862 1389 4916 sed
1429 4861 1500 4916 ab
1531 4861 1650 4931 ipso
1686 4871 1911 4932 rogatus
1944 4860 2052 4916 Ge-

456 4958 669 5018 uesius,
696 4954 935 5025 primum
970 4953 1194 5023 quidem
1225 4952 1593 5017 balbutiebat,
1626 4953 1959 5023 exiliterque
1994 4963 2051 5009 et

457 5047 718 5102 intercise
761 5045 1114 5115 loquebatur,
1166 5052 1223 5099 et
1271 5059 1336 5098 ca
1389 5044 1633 5107 dicebat,
1685 5059 1809 5114 qua:
1865 5045 2050 5100 minus

457 5139 687 5209 intelligi
725 5149 985 5209 poterant
1037 5138 1250 5201 Lingua
1289 5147 1475 5191 autem
1508 5137 1561 5189 ei
1594 5137 1859 5206 paulatim
1908 5139 2051 5193 rela-

460 5243 604 5297 (ata,
649 5234 835 5289 omnia
887 5233 1149 5302 explicat,
1201 5230 1473 5302 adjicieus
1523 5231 1692 5285 etiam
1736 5231 1944 5301 aliquid
1979 5232 2049 5287 de

460 5327 623 5382 domo
655 5325 1218 5397 magni-Sampsonis.
1263 5330 1495 5394 prepter
1526 5322 1675 5377 illam
1717 5323 1866 5377 enim
1911 5322 2049 5378 indi-

462 5420 645 5489 gnatio
697 5418 977 5489 praecipue
1022 5426 1143 5472 orta
1173 5425 1343 5472 erat:
1391 5431 1515 5487 qua:
1555 5415 1777 5486 quidem
1828 5415 2045 5483 domus,

462 5513 587 5568 dum
620 5511 705 5566 vir
747 5519 975 5565 sanctus
1013 5508 1197 5563 adhuc
1236 5509 1455 5563 vivebat
1483 5508 1628 5562 inter
1663 5507 1917 5562 homines
1951 5524 2045 5562 su-

460 5613 692 5674 perstes,
729 5601 937 5656 nullius
970 5601 1131 5671 pretii
1156 5600 1430 5671 (l7;erat,
1460 5609 1517 5655 et
1540 5600 2043 5666 contemnebatur;

460 5796 475 5803 _
534 5738 644 5804 (l6)
679 5737 935 5809 Ὕελοπὴ,
956 5735 1412 5809 inquitCangius
1443 5735 1506 5809 in»
1534 5734 1819 5791 Glossario
1851 5735 2039 5809 ϐιωρο

463 5810 725 5867 ιιητιιπτο,
775 5819 862 5876 est
903 5806 1108 5861 ‘vitiu‘m
1151 5807 1204 5876 in
1239 5806 1618 5876 accipitribus,
1673 5822 1797 5861 cum
1830 5808 2039 5861 SCillt‘CL

454 5879 655 5934 oculos
687 5874 840 5947 quasi
873 5878 1079 5932 vitreos
1116 5874 1338 5931 habent.
1362 5874 1531 5931 'ldcm
1580 5877 1797 5933 videtur
1827 5878 2039 5947 sig-ndi-

2156 4677 2305 4741 ὅπως
2340 4678 2747 4749 ἐμμελέστατος
2794 4680 2906 4749 ἐγὼ
2951 4684 3079 4751 περὶ
3118 4683 3218 4756 τὴν
3243 4683 3610 4755 λειτουργίαν,
3651 4689 3741 4753 δὶς

2154 4771 2290 4842 αὐτῇ
2325 4770 2547 4845 γλώττῃ
2575 4789 2664 4842 μοι
2692 4773 2787 4826 τὸν
2822 4773 3077 4829 Γενέσιον
3107 4776 3136 4829 ὅ
3169 4775 3442 4832 πέπονθεν
3470 4780 3740 4849 άπαγγεῖυ

2153 4860 2263 4914 λαι.
2290 4859 2479 4925 Οὕτως
2494 4862 2700 4923 ἐκεῖνος
2731 4861 3052 4933 εὐξάμενος,
3074 4866 3135 4918 οὐ
3158 4864 3427 4939 διήμαρτε
3450 4868 3551 4939 τῆς
3582 4871 3741 4942 αίτήδ

2156 4968 2316 5015 σεως,
2349 4951 2465 5005 ἀλλ’
2485 4953 2839 5024 ἐρωτώμενος
2865 4955 2960 5008 ὑπ’
2990 4957 3157 5011 αὑτοῦ
3180 4960 3208 5011 ὁ
3247 4959 3514 5025 Γενέσιος,
3545 4959 3739 5034 πρῶτα

2158 5041 2259 5112 μὲν
2289 5043 2712 5114 ὑποϐαταρίζων
2746 5040 3103 5117 ἦν,ἀμυδρῶς
3143 5064 3203 5102 τε
3238 5051 3333 5103 καὶ
3362 5053 3738 5125 διακεκομμέ-

2152 5153 2259 5199 νως
2294 5136 2776 5207 ὑποφθεγγόμενος
2819 5139 2914 5192 καὶ
2946 5135 3108 5212 ἦττον
3149 5145 3345 5196 συνετά
3375 5144 3574 5214 λέγων·
3612 5150 3739 5200 κατ’

2150 5225 2330 5294 ὀλίγον
2355 5227 2413 5280 δὲ
2446 5225 2732 5297 ἀνεθείσης
2761 5228 2911 5299 αὐτῷ
2935 5230 3037 5298 τῆς
3064 5230 3312 5303 γλώττης
3344 5236 3524 5289 πάντα
3551 5237 3739 5290 διασαο

2151 5322 2262 5390 φεῖ,
2306 5321 2566 5393 προσθεὶς
2597 5324 2692 5377 καὶ
2718 5324 2787 5376 τά
2819 5323 2948 5394 περὶ
2975 5326 3073 5394 τῆς
3108 5327 3364 5395 Μεγάλου
3400 5331 3578 5396 οίκίας
3602 5375 3613 5387 .
3656 5333 3738 5386 Δι’

2150 5414 2370 5482 ἐκείνην
2400 5413 2510 5483 γὰρ
2550 5416 2640 5467 καὶ
2672 5414 2875 5483 μᾶλλον
2902 5418 2935 5486 ἡ
2979 5417 3381 5489 ἀγανάκτησις,
3409 5421 3533 5491 ἥτις
3567 5423 3737 5488 ζῶντι

2159 5504 2257 5573 μὲν
2288 5503 2367 5574 τῷ
2414 5503 2601 5574 Ἀγίῳ.
2637 5505 2732 5558 καὶ
2783 5506 2863 5559 ἔτι
2926 5507 3173 5577 περιόντι
3226 5509 3305 5580 τῷ
3355 5511 3474 5583 βίῳ,
3514 5513 3737 5583 φαύλως

2155 5593 2268 5663 ε’χε
2312 5594 2406 5647 κοιλ⁸
2437 5593 2637 5657 ἱκανῶς
2668 5593 3015 5660 ἐξουδενοῦτο
3038 5612 3051 5626 ⁸
3086 5600 3457 5667 μεταστάντος
3502 5604 3555 5656 δὲ
3596 5604 3738 5673 πρὸς

2260 5752 2274 5785 3
2315 5734 2545 5786 'l’s‘ubtb.

2148 5748 2274 5788 care
2315 5734 2484 5786 ’ἱέλὼ
2536 5776 2545 5786 .

2193 5806 2355 5879 _(l7)_
2387 5733 2526 5879 Nm?
2564 5804 2704 5858 adeo
2746 5804 2961 5861 scilicet
3016 5807 3363 5863 xenodochio
3415 5808 3739 5879 Sampsouis

2154 5875 2304 5942 ;dum
2345 5875 2433 5928 hic
2467 5876 2701 5947 viveret)
2738 5889 3096 5948 prospectum
3131 5890 3252 5934 erat
3286 5883 3353 5935 de
3388 5875 3666 5937 reditibus
3703 5898 3737 5937 e
