4010 6452
417 465 527 527 303

1722 441 2008 505 MENSIS
2041 441 2342 505 JUNIUS.

3586 426 3690 490 304

413 585 771 655 gravissumus
801 577 950 647 (eum
978 571 1234 627 morbum
1285 564 1485 621 medici
1522 571 1721 618 vocant
1761 558 2001 616 earbun~

2118 559 2167 628 τῇ
2204 556 2418 627 πλευρᾷ
2452 552 2805 625 ἐπισκήπτει,
2839 547 3158 605 παντάπασι
3203 547 3439 618 χαλεπὸν
3470 544 3695 616 (ἄνθρα-

413 653 623 745 culum)
661 669 894 740 (19,-.qui
926 674 1102 722 totum
1142 663 1259 719 fere
1290 663 1436 716 latus
1467 653 1998 726 comprehendebat,

414 778 467 823 et
498 766 742 836 quinque
774 760 1014 817 habebat
1043 755 1341 818 foramina,
1393 749 1668 807 laboranti
1705 762 1836 803 vero
1872 746 2005 801 affe-

413 868 570 915 rebat
600 835 825 912 delores
853 847 1254 906 intolerabiles.
1299 844 1516 900 Etenim
1545 856 1727 911 neque
1752 840 1845 894 hic
1874 835 2004 892 mali

414 948 663 1003 constitit
691 943 988 1005 acerbitas,
1027 937 1125 994 sed
1157 937 1323 991 etiam
1358 948 1533 1003 usque
1587 930 1655 985 ad
1706 927 2002 984 mamillam

414 1062 479 1100 ex
528 1046 701 1099 latere
756 1038 1088 1097 dimanavit.
1143 1042 1238 1088 aut
1282 1032 1448 1088 etiam
1497 1038 1860 1099 propagatum
1921 1028 2006 1078 est

414 1136 689 1206 quoddam
742 1130 893 1187 aliud
954 1128 1118 1184 tuber
1169 1122 1628 1182 acerbissimum,
1684 1115 1832 1187 quod
1882 1128 2003 1168 eam

414 1232 651 1283 maxime
675 1222 994 1287 tumefecit,
1045 1234 1114 1274 ex
1161 1231 1272 1287 quo
1310 1214 1485 1270 crevit
1523 1211 1769 1273 morbus,
1822 1208 2005 1278 itaque

415 1319 682 1381 invaluit;
720 1324 779 1371 ut
804 1312 1100 1369 videretur
1129 1308 1298 1364 etiam
1335 1305 1568 1361 medicis
1607 1301 1861 1374 superari
1895 1317 2004 1355 non

414 1425 596 1480 posse,
654 1408 871 1478 ipsique
907 1416 1128 1459 onmem
1159 1415 1313 1471 spem
1340 1396 1609 1469 longioris
1640 1397 1766 1450 vitae
1803 1393 2007 1464 abjiee-

414 1514 556 1558 rent.
589 1500 728 1557 Cum
754 1507 938 1552 autem
952 1493 1157 1550 Sancti
1193 1490 1667 1563 apprOpinquat-et
1710 1486 2003 1546 festivitas.

414 1593 612 1649 medici
650 1604 867 1653 omnes,
896 1598 954 1643 et
984 1585 1077 1657 qui
1111 1594 1381 1639 vocantur
1416 1580 1750 1638 Cltartularii
1780 1578 1915 1651 (ΞΟ),
1952 1585 2009 1630 et

413 1687 736 1756 quicunque
766 1681 857 1737 die
887 1679 1143 1750 sequenti
1178 1686 1358 1742 erant,
1388 1684 1448 1730 ut
1482 1689 1599 1728 mos
1630 1682 1715 1727 est
1746 1671 1848 1736 eis,
1880 1686 2010 1723 ven-

414 1777 526 1833 turi
553 1776 607 1831 in
635 1773 898 1845 templum
930 1769 1179 1841 praeclari
1214 1767 1472 1839 martyris
1500 1764 1683 1829 Mocii,
1727 1774 1785 1819 et
1818 1762 2010 1817 solitas

413 1865 693 1941 perarturi
736 1863 1086 1935 precationes
1136 1874 1389 1929 vespere,
1450 1873 1518 1912 eo
1575 1855 1796 1920 relicto,
1845 1853 2006 1923 plane

413 1958 660 2014 animum
712 1951 1115 2024 despondente,
1172 1955 1232 2003 et
1283 1945 1432 2001 omni
1483 1944 1627 1998 bona
1659 1956 1756 2013 spe
1807 1954 2004 2003 vacuo,

413 2054 786 2105 recesserunt.
821 2044 944 2114 lpse
990 2051 1173 2096 autem
1228 2052 1389 2092 mane
1439 2033 1732 2105 quemdam
1775 2031 2009 2087 accersit

412 2156 482 2196 ex
537 2138 938 2202 chartulariis,
996 2130 1318 2188 Michaelem
1380 2129 1640 2192 nomine,
1696 2126 2006 2190 ostiarium,

414 2233 508 2305 qui
568 2233 688 2287 haec
732 2226 870 2285 mihi
914 2226 1182 2283 narravit.
1234 2221 1608 2279 Xenodochio
1677 2235 1812 2273 vero
1878 2228 2012 2272 tune

415 2332 653 2397 praeerat
698 2322 925 2385 Bardas,
973 2318 1068 2390 qui
1130 2317 1248 2387 ipse
1291 2314 1487 2369 morbo
1536 2311 1825 2366 laborabat
1863 2324 1875 2360 :
1941 2307 2009 2362 ad

415 2436 582 2494 quem
614 2433 740 2476 cum
770 2415 1018 2473 venisset
1042 2413 1304 2469 ostiarius
1334 2411 1446 2475 ille,
1484 2408 1822 2476 vidissetque
1861 2414 2004 2460 stau-

419 2525 529 2570 tem
555 2522 832 2572 erectum,
867 2507 1089 2562 mundis
1125 2503 1382 2560 indutum
1414 2499 1661 2556 vestibus
1709 2497 2004 2565 etfsanum,

418 2604 679 2673 Impletur
699 2598 1089 2655 admiratione.
1121 2595 1327 2649 Putans
1360 2600 1543 2646 autem
1573 2604 1700 2667 eum
1725 2586 2005 2655 decipere,

418 2704 471 2751 et
518 2710 640 2750 esse
679 2701 907 2748 remotae
956 2690 1205 2743 mentis:
1263 2683 1362 2739 Hei
1416 2680 1591 2737 mihi!
1639 2680 1838 2750 inquit,
1876 2675 2010 2748 quid

418 2788 519 2843 tibi
538 2785 786 2844 accidit?
819 2781 927 2840 Sed
972 2792 1053 2849 tu,
1089 2778 1377 2849 respondit
1420 2774 1648 2838 Bardas,
1694 2789 1794 2828 cur
1843 2772 2011 2827 omit-

400 2890 540 2936 “tens
570 2880 702 2944 Deo,
745 2891 906 2947 quam
946 2889 1043 2944 par
1089 2880 1194 2936 est,
1219 2871 1351 2925 dare
1392 2866 1647 2939 gloriam,
1696 2864 1797 2920 ﬂes
1826 2862 2013 2934 potius

417 2984 472 3028 et
492 2970 835 3035 vociferaris,
858 2967 1087 3039 perinde
1119 2980 1185 3020 ac
1206 2963 1249 3021 si
1282 2964 1499 3033 lugeres
1518 2961 1542 3014 ’ἔ
1564 2958 1795 3014 Michael
1828 2965 2011 3011 autem

419 3081 485 3122 eo
519 3064 665 3136 quod
708 3071 916 3134 praeter
951 3073 1102 3131 spem
1141 3055 1442 3120 acciderat,
1481 3050 1796 3123 spectaculo
1839 3047 2013 3117 magis

419 3154 863 3227 obstupefactus,
902 3152 1202 3224 diligenter
1233 3164 1361 3204 eum
1395 3144 1797 3215 interrogabat,
1832 3152 1888 3195 et
1922 3157 2012 3194 ar-

2106 669 2178 706 κα
2229 651 2290 703 τδ
2322 649 2493 712 πάθος
2540 647 2741 720 ἰατρῶν
2765 647 2956 708 παῖδες
2995 640 3518 713 κατονομάζουσιν),
3547 640 3576 694 ὃ
3600 644 3692 693 καὶ

2108 745 2326 799 ἃπασαν
2356 741 2522 796 αὑτοῦ
2553 743 2652 813 τὴν
2677 739 2921 812 πλευράν
2954 737 3153 810 μικροῦ
3182 737 3462 809 περιέσχε.
3487 736 3581 788 καὶ
3609 736 3690 798 είς

2110 837 2270 893 πέντε
2316 838 2413 907 μὲν
2468 834 2609 897 ὀπὰς
2665 833 3000 906 διετέτρητο,
3042 832 3235 894 ὀδύνας
3280 828 3336 882 δὲ
3378 828 3691 897 ἀφορήτους

2108 928 2277 982 ἐδίδου
2309 927 2386 998 τῷ
2413 927 2710 996 πάσχοντι·
2743 924 2836 977 καὶ
2881 922 2988 994 γὰρ
3032 922 3092 974 οὐ
3128 922 3323 992 μέχρις
3367 919 3581 972 ἐκείνου
3631 917 3694 970 τὸ

2108 1022 2207 1092 τῆς
2235 1020 2435 1084 κακίας
2472 1018 2672 1090 πικρὸν
2709 1017 2841 1085 ἔστη
2868 1032 2880 1047 ·
2921 1015 3057 1069 ἀλλὰ
3088 1016 3195 1086 μὴν
3231 1013 3328 1068 καὶ
3357 1014 3439 1076 είς
3467 1013 3559 1065 τὸν
3587 1030 3694 1082 μα-

2112 1115 2236 1167 στὸν
2258 1114 2322 1167 ὲκ
2355 1115 2450 1183 τῆς
2488 1112 2727 1182 πλευρᾶς
2752 1108 2987 1179 διεδόθη,
3021 1107 3054 1180 ἢ
3083 1109 3177 1161 καὶ
3208 1107 3374 1178 ἑτέρα
3401 1123 3484 1168 τις
3511 1105 3697 1158 ἀνεδό·

2110 1202 2176 1274 θη
2227 1205 2535 1274 πικροτάτη
2578 1205 2901 1272 παραφυὰς,
2938 1202 3031 1254 καὶ
3065 1203 3239 1269 μέγαν
3278 1200 3444 1253 αὑτὸν
3477 1197 3570 1253 καὶ
3606 1198 3700 1261 ἐξ·

2110 1294 2358 1366 ῳδηκότα
2406 1294 2626 1365 διέθηκε
2653 1311 2666 1324 ·
2700 1294 2793 1349 καὶ
2817 1295 2878 1347 τὸ
2909 1293 3081 1356 πάθος
3118 1292 3313 1362 ηὔξετο
3345 1294 3440 1345 καὶ
3473 1291 3700 1362 ἰσχυρον

2108 1383 2304 1460 ἦν,,ὼς
2337 1389 2428 1442 καὶ
2464 1390 2577 1451 τοῖς
2607 1389 2813 1458 ἰατροῖς
2843 1390 3092 1457 κρεῖττον
3124 1388 3320 1449 ἰάσεως
3343 1380 3482 1439 εῖναι
3520 1385 3698 1450 δόξαι,

2111 1480 2207 1535 καλ⁸
2236 1480 2334 1544 τὰς
2357 1481 2455 1549 τῆς
2489 1477 2637 1551 ζωῆς
2672 1479 2824 1550 αύτῷ
2854 1479 3075 1543 ἐλπίδας
3103 1478 3498 1549 ἀπαγορεῦσαι.
3543 1479 3702 1532 Ἐπεὶ

2109 1571 2168 1626 δὲ
2223 1574 2317 1626 καὶ
2376 1573 2408 1645 ἡ
2458 1572 2549 1627 τοῦ
2594 1573 2781 1640 Ἀγίου
2824 1573 3015 1645 μνήμη
3050 1572 3348 1641 ὲγγίζουσα
3379 1568 3468 1644 ἦν,
3519 1573 3703 1643 ἰατροὶ

2112 1667 2336 1728 πάντες,
2376 1667 2470 1719 καὶ
2519 1667 2567 1718 οί
2613 1666 2760 1719 οὕτω
2794 1665 3126 1736 καλούμενοι
3155 1664 3557 1737 χαρτουλάριοι,
3602 1667 3705 1720 καὶ

2112 1758 2226 1812 ὅσοι
2260 1758 2437 1829 ἕτεροι
2483 1758 2711 1828 ἔμελλον
2752 1759 2834 1821 είς
2873 1757 2975 1830 τὴν
3012 1755 3298 1823 ἐπιοῦσαν,
3325 1756 3517 1829 ὥσπερ
3563 1758 3706 1810 εῑθιε-

2115 1850 2316 1919 σμένον
2355 1851 2560 1916 αὐτοῖς,
2595 1854 2676 1914 είς
2705 1849 2798 1904 τὸν
2828 1850 2921 1904 τοῦ
2961 1850 3219 1922 λαμπροῦ
3255 1851 3535 1922 μάρτυρος
3567 1852 3706 1905 Μω-

2112 1944 2234 1996 κίου
2267 1944 2397 1997 ναὸν
2424 1943 2744 2013 ἀφικέσθαι,
2773 1936 2869 1998 κάι
2901 1945 3001 2015 τὴν
3030 1944 3237 2016 συνήθη
3284 1945 3439 2015 λιτὴν
3479 1943 3702 1997 ἐκτελέ-

2115 2051 2236 2088 σαι·
2275 2035 2429 2103 τήνδε
2467 2034 2566 2106 τὴν
2648 2037 2892 2105 ἑσπέραν
2969 2037 3327 2099 ἀπολιπόντες
3379 2036 3544 2090 αὐτὸν
3599 2035 3710 2106 ἥδη

2119 2126 2494 2197 ἀπειρημένον
2514 2167 2530 2190 ,
2561 2126 2655 2180 καὶ
2680 2127 2898 2197 ἀγαθῶν
2916 2127 3149 2181 ἐλπίδων
3182 2128 3410 2199 ἔρημον,
3446 2129 3711 2189 ἀπιόντες

2113 2215 2338 2289 ᾤχοντο.
2381 2218 2588 2272 Ἐωθεν
2639 2219 2694 2271 δὲ
2752 2214 2907 2282 οὗτος
2973 2219 3363 2290 μετακαλεῖται
3414 2236 3537 2273 τινα
3589 2219 3707 2272 τῶν

2113 2313 2522 2383 χαρτουλαρίων
2548 2313 2597 2384 (δ
2639 2314 2916 2384 όστιάριος
2946 2314 3166 2385 Μιχαὴλ
3192 2308 3346 2378 οὗτος
3372 2308 3483 2385 ἦν),
3516 2314 3573 2376 ὃς
3603 2314 3709 2366 καὶ
3758 2306 3769 2315 ’

2112 2402 2287 2456 ταῦτα
2328 2420 2418 2472 μοι
2471 2403 2806 2475 δηγήσατοο
2859 2405 3144 2475 ξενοδόχος
3201 2404 3256 2457 δὲ
3310 2404 3618 2477 τηνικαῦτα
3684 2407 3712 2458 ὁ

2114 2496 2392 2568 Βάρδας,ό
2416 2496 2494 2567 τῷ
2525 2497 2685 2551 πάθει
2720 2499 2891 2568 τούτῳ
2910 2498 3373 2569 κατειλημμένος,
3402 2498 3709 2569 ἐτύγχανεν

2114 2585 2210 2642 ὢν.
2251 2587 2405 2640 Ἐπεὶ
2434 2585 2530 2641 οὖν
2564 2582 2718 2652 οὗτος
2758 2590 2989 2660 ἀφίκετο
3023 2589 3161 2661 πρὸς
3197 2590 3381 2653 αὑτὸν,
3428 2591 3711 2662 ἑστηκότα

2112 2678 2238 2750 δρᾷ,
2271 2679 2490 2750 καθαρά
2530 2696 2589 2732 τε
2634 2680 3015 2750 ἱματισμένον,
3059 2681 3152 2733 καὶ
3194 2680 3447 2746 ὑγιεινῶς
3493 2682 3711 2735 διακεί-

2118 2788 2278 2842 μενον
2304 2789 2316 2802 ·
2353 2770 2528 2833 οὕτως
2559 2770 2684 2825 ίδὼν
2711 2771 2928 2842 ἔχοντα,
2963 2772 3268 2845 πληροῦται
3296 2774 3397 2844 μὲν
3429 2773 3708 2844 θάμϐους,

2115 2866 2493 2934 παραφρονεῖν
2544 2863 2601 2916 δὲ
2655 2864 2822 2918 αὐτὸν
2869 2865 3117 2936 οἰόμενος
3153 2867 3246 2920 καὶ
3300 2867 3654 2938 ἐξεστηκέναι
3693 2909 3708 2933 ,

2115 2954 2253 3008 Οὐαί
2303 2973 2416 3025 μοι,
2461 2957 2615 3027 φησι,
2649 2957 2702 3010 τί
2735 2974 2819 3011 σοι
2846 2957 3076 3026 γέγονεν
3100 2959 3255 3023 ;⁴Καὶ
3292 2959 3388 3023 ὅς’
3434 2959 3595 3013 Ἀλλὰ
3638 2961 3709 3014 σύ

2117 3065 2178 3116 γε
2223 3048 2528 3115 ἀπολιπὼν,
2585 3050 2712 3122 ἔφη,
2761 3051 2822 3104 τὸ
2860 3052 3039 3118 δόξαν,
3078 3051 3269 3124 ὥσπερ
3297 3054 3405 3123 ἄρα
3460 3054 3588 3127 χρὴ,
3624 3054 3712 3126 τῷ

2115 3141 2235 3213 Θεῴ
2293 3147 2615 3215 προσάγειν,
2667 3144 2927 3216 οἰμώζεις
2978 3148 3203 3217 μᾶλλον,
3242 3148 3338 3203 καὶ
3383 3150 3548 3218 ὅμοια
3587 3154 3712 3213 τοῖς

421 3247 588 3301 debat
633 3245 849 3300 discere
888 3242 1038 3314 quod
1069 3241 1277 3295 factum
1333 3236 1533 3292 fuerat.
1569 3234 1664 3288 llle
1689 3246 1821 3286 vero
1865 3232 2007 3284 clara

2118 3234 2378 3307 θρηνοῦσι
2422 3236 2579 3308 βοᾷςς
2610 3238 2758 3308 Πλὴν
2789 3238 2902 3291 ἀλλ’
2928 3241 2955 3292 ό
2996 3240 3240 3313 Μιχαὴλ,
3264 3241 3360 3295 καὶ
3400 3241 3484 3295 ἔτι
3534 3241 3711 3298 πλέον

420 3347 474 3395 et
494 3339 638 3394 elata
668 3354 802 3395 voce
831 3338 1019 3392 statim
1049 3333 1220 3405 erepit
1253 3333 1438 3386 dicere
1483 3347 1494 3383 :
1532 3328 1641 3382 lies
1676 3326 1823 3380 enim
1854 3324 2001 3394 ejus-

423 3432 571 3489 modi
612 3440 698 3487 est
726 3430 896 3485 nimia
922 3427 1242 3484 exsultatio.

2111 3327 2191 3397 τῷ
2225 3327 2357 3398 παρ’
2382 3329 2574 3383 ἐλπίδα
2601 3331 2837 3398 θεάματι
2864 3329 3233 3402 ξενιζόμενος,
3272 3333 3461 3405 ἠρώτα
3501 3351 3558 3388 τε
3607 3338 3708 3389 καὶ

2114 3418 2499 3475 διεπυνθάνετο
2562 3422 2842 3494 ἐμμελῶς,
2885 3426 2980 3480 καὶ
3033 3426 3190 3497 ὲδίψα
3239 3429 3435 3498 μαθεῖν
3491 3427 3553 3481 τὸ
3613 3446 3714 3497 γε·

423 3528 670 3600 νόμενον.
746 3527 808 3579 Ὀ
877 3526 934 3579 δὲ
999 3524 1183 3593 λέγειν
1243 3521 1406 3582 εὐθὺς
1483 3516 1687 3588 ἤρξατο
1757 3513 2120 3585 λαμπροτέρα
2153 3515 2370 3589 γλώττῃ
2400 3521 2495 3571 καὶ
2546 3519 2880 3590 πομπικῶςο
2936 3523 3184 3577 τοιοῦτον
3207 3521 3379 3587 ὄντως
3449 3527 3481 3595 ἡ
3537 3542 3707 3597 περι-

420 3626 643 3697 χάρεια.

490 3714 610 3771 XX.
642 3715 964 3783 Postquam,
1001 3709 1200 3780 inquit,
1256 3723 1343 3763 me
1396 3706 1467 3759 ita
1525 3704 1783 3758 allectum
1838 3702 2009 3757 relin-

420 3815 679 3881 quentes,
711 3805 877 3862 domo
907 3803 1239 3867 recessistis,
1272 3816 1375 3872 ego
1416 3814 1446 3853 a
1493 3796 1676 3852 morbi
1721 3795 2011 3851 doloribus

420 3903 680 3976 agitatus,
732 3910 790 3955 et
838 3896 990 3969 quod
1043 3895 1193 3950 nulla
1250 3893 1443 3948 relicta
1480 3897 1628 3945 essu
1676 3904 1802 3960 spes
1857 3888 2005 3953 vitae,

418 3997 601 4051 victus
626 3989 973 4062 aegritudine,
1016 3997 1074 4042 et
1106 3985 1344 4041 maxime
1372 3984 1518 4053 quod
1552 3997 1665 4036 non
1708 3980 1843 4035 mihi
1875 3979 2008 4034 liee-

422 4095 508 4142 ret
538 4100 664 4141 cum
702 4082 825 4137 aliis
862 4079 1054 4136 venire
1081 4077 1150 4132 ad
1196 4075 1386 4132 Sancti
1417 4074 1760 4144 sepulcrum,
1794 4081 1851 4127 et
1881 4085 2006 4125 cum

421 4178 559 4249 ipsis
607 4176 893 4231 celebrare
948 4169 1303 4226 festivitatem
1348 4168 1490 4238 ejus,
1552 4174 1721 4221 totam
1790 4173 2009 4220 noctem

421 4268 665 4340 transegi
699 4265 988 4322 insomnis.
1017 4261 1109 4318 Sic
1142 4267 1325 4315 autem
1355 4260 1569 4331 jacens,
1614 4257 1779 4311 video
1812 4270 2010 4326 quem-

421 4364 549 4419 dam
580 4375 793 4424 senem,
837 4369 1124 4429 egressum
1178 4369 1209 4407 a
1256 4352 1460 4423 templo
1505 4350 1704 4406 domus
1735 4364 1872 4404 mea:
1903 4346 2011 4418 (vi-

421 4455 658 4511 debatur
722 4465 853 4505 vero
904 4462 1026 4503 esse
1089 4444 1417 4515 monachus)
1470 4440 1776 4512 procedere
1836 4453 2013 4510 usque

2190 3704 2276 3757 K’.
2333 3700 2486 3755 Ἐπεί
2525 3718 2614 3773 με,
2649 3717 2806 3773 φησι,
2845 3702 3240 3769 καταλιπόντες
3269 3704 3444 3772 οὕτως
3483 3707 3708 3778 ἔχοντα,

2117 3793 2302 3848 οἶκαδε
2329 3792 2485 3847 αὐτοὶ
2521 3794 2804 3865 ὲχωρεῖτε,
2825 3795 2957 3863 ἐγὼ,
2989 3797 3094 3849 ὑπό
3130 3814 3190 3851 τε
3218 3798 3328 3851 τῶν
3361 3798 3456 3853 τοῦ
3489 3801 3711 3865 πάθους

2116 3885 2322 3939 ὀδυνῶν
2355 3884 2711 3956 βαλλόμενος,
2746 3886 2851 3941 ὑπό
2881 3904 2940 3940 τε
2964 3887 3059 3941 τοῦ
3089 3888 3445 3957 ἀπεγνῶσθαί
3477 3908 3569 3960 μοι
3604 3893 3711 3954 τὰς

2116 3977 2215 4048 τῆς
2246 3976 2395 4046 ζωῆς
2435 3976 2660 4042 ἐλπίδας
2716 3978 2925 4050 ἀθυμία
2985 3980 3309 4050 νικώμενος,
3364 3984 3458 4035 καὶ
3499 3984 3712 4052 μᾶλλον

2117 4070 2200 4124 ὅτι
2255 4070 2331 4143 μὴ
2369 4071 2466 4125 καὶ
2505 4072 2670 4137 αὐτὸς
2708 4073 2954 4144 ἠξίωμαι
2987 4074 3087 4127 σὺν
3115 4077 3228 4137 τοῖς
3267 4075 3450 4139 ἄλλοις
3488 4079 3566 4139 είς
3611 4079 3711 4131 τὸν

2118 4162 2213 4217 τοῦ
2253 4162 2434 4232 Ἀγίου
2470 4180 2530 4217 τε
2567 4165 2738 4233 τάφον
2780 4165 3052 4235 οῐχεσθαι,
3086 4166 3181 4220 καὶ
3224 4168 3295 4224 τὰ
3340 4168 3438 4239 τῆς
3480 4169 3713 4243 μνήμης

2123 4255 2502 4326 συνεορτάσαι,
2541 4256 2825 4327 ἄγρυπνος
2855 4259 2994 4328 μετά
3039 4258 3258 4315 ἅπασαν
3299 4260 3396 4332 τὴν
3424 4261 3598 4316 νύκτα
3628 4267 3714 4319 δι-

2119 4346 2303 4416 ῆλθον.
2338 4346 2497 4401 Οὕτω
2524 4347 2581 4400 δὲ
2610 4352 2885 4419 κείμενος,
2908 4352 3020 4423 ὁρῶ
3046 4353 3280 4423 γέροντά
3308 4371 3429 4409 τινα
3450 4356 3543 4409 τοῦ
3570 4358 3713 4413 ναοῦ

2120 4435 2215 4489 τοῦ
2255 4436 2405 4490 οῐκου
2454 4454 2556 4507 μου
2594 4437 2957 4508 ἐξεληλυθότα
3004 4439 3187 4511 (ἐῴκει
3225 4441 3283 4495 δὲ
3325 4444 3421 4495 καὶ
3467 4447 3714 4515 μοναχὸς

422 4550 554 4603 dum
593 4544 837 4601 venisset
884 4541 941 4595 in
973 4538 1214 4594 medium
1273 4536 1439 4606 hujus
1492 4534 1726 4601 domus;
1777 4533 1872 4604 qui
1927 4546 2007 4587 me

2122 4523 2287 4600 εἶναι)
2311 4543 2326 4557 ·
2369 4521 2525 4592 οὗτος
2573 4531 2739 4599 μέσον
2769 4531 2864 4600 τῆς
2910 4532 3123 4596 οἰκείας
3152 4533 3355 4606 ταύτης
3388 4539 3713 4606 παραστὰς,

422 4637 736 4708 deSpicicns
764 4651 778 4689 :
809 4631 933 4687 Tibi
968 4631 1116 4694 dico,
1159 4628 1363 4699 inquit,
1404 4642 1587 4698 surge.
1634 4624 1882 4695 Cumque
1912 4639 2014 4695 ego

424 4726 858 4800 respOndercm:
905 4721 1195 4790 Quomodo
1230 4721 1335 4775 hoc
1376 4718 1511 4773 mihi
1569 4716 1846 4788 imperas?
1893 4716 2013 4770 Non

418 4821 569 4876 enim
612 4831 863 4888 possum.
898 4813 992 4867 llle
1019 4812 1104 4867 bis
1129 4821 1189 4864 et
1225 4820 1309 4866 ter
1346 4810 1539 4865 eadem
1577 4809 1817 4879 repetiit.
1875 4808 2014 4863 Tan-

420 4914 545 4969 dem
570 4920 756 4966 autem
788 4923 802 4960 :
838 4908 951 4977 Ego
1006 4905 1104 4960 tibi
1161 4903 1309 4966 dico,
1374 4904 1573 4973 inquit.
1620 4917 1804 4973 surge,
1847 4910 1904 4956 et
1942 4901 2009 4956 ad

420 5003 597 5059 sancti
648 4997 970 5069 Sampsonis
1009 4994 1324 5066 sepulcrum
1376 4996 1509 5049 vade
1549 5009 1712 5062 quam
1746 4996 2007 5063 primum.

418 5094 559 5150 Cum
588 5093 695 5148 hoc
719 5091 969 5153 dixisset,
1009 5102 1110 5159 ego
1166 5086 1348 5141 statim
1383 5100 1469 5139 me
1518 5101 1709 5155 parum
1756 5100 1786 5141 e
1841 5085 2006 5150 lecto,

416 5186 616 5252 exilui,
652 5193 710 5240 et
740 5184 893 5237 illum
926 5181 1037 5235 vidi
1080 5195 1272 5234 rursus
1304 5194 1588 5233 reversum
1626 5179 1679 5232 in
1714 5177 2005 5248 templum,

416 5297 488 5338 ex
533 5295 645 5352 quo
686 5276 822 5333 mihi
881 5275 1037 5329 visus
1094 5273 1279 5328 fuerat
1339 5286 1617 5342 egressus,
1678 5279 1733 5325 et
1787 5268 2006 5324 tandem

421 5374 652 5430 omnino
685 5369 938 5426 sublatus
969 5373 1058 5421 est
1103 5380 1169 5420 ex
1224 5363 1425 5420 oculis.
1475 5363 1631 5418 Tunc
1672 5376 1804 5417 vero
1848 5361 2010 5431 plane

410 5461 682 5528 surrexi,
726 5469 784 5515 et
830 5458 983 5513 visus
1045 5471 1167 5512 sum
1224 5455 1519 5510 liberatum
1562 5468 1682 5508 esse
1740 5452 1809 5506 ab
1861 5451 2010 5506 omni

420 5556 664 5611 dolore:
716 5561 775 5606 et
822 5547 1080 5605 mamillae
1157 5555 1429 5602 tumorem
1484 5545 1753 5600 ambabus
1811 5543 2013 5597 astrin-

408 5662 559 5717 gens
626 5642 903 5707 manibus,
965 5638 1113 5695 sensi
1169 5637 1425 5709 spiritum
1505 5637 1803 5708 quemdam
1861 5644 2012 5690 retro

500 5761 612 5830 (19)
649 5756 911 5830 "mopse,
936 5755 1332 5830 Carbunculus,
1365 5763 1450 5811 est
1486 5756 1643 5810 ulcus
1692 5765 2007 5830 crustosum

415 5847 458 5883 et
494 5826 872 5907 sanguine,in
904 5835 1081 5880 atram
1121 5827 1288 5879 bilem
1342 5842 1609 5881 converso
1659 5838 1713 5879 et
1762 5826 2010 5881 inferve-

418 5907 620 5956 ~ttcoute
644 5904 959 5949 excitatum.

2122 4621 2216 4674 καὶ
2247 4620 2459 4675 ἀπιδὼν
2482 4624 2619 4692 πρός
2652 4640 2717 4692 με
2744 4637 2756 4649 '
2776 4624 2865 4676 Σοὶ
2892 4624 3056 4693 λέγω,
3089 4627 3242 4694 φησὶ,
3268 4627 3503 4700 ἕγειραι.
3534 4628 3713 4700 Ἐμοῦ

2121 4711 2217 4765 δέ·
2255 4713 2381 4777 Πῶς
2410 4712 2568 4767 τοῦτο
2597 4713 2768 4786 ἔφης
2808 4716 2926 4770 οὐδὲ
2956 4718 3064 4788 γὰρ
3097 4718 3354 4790 δύναμαι,
3391 4722 3717 4796 φθεγξαμέ-

2122 4820 2235 4856 νου·
2274 4804 2482 4869 ὲκεῖνος
2530 4806 2624 4858 καὶ
2675 4805 2787 4868 δὶς,
2816 4808 2907 4859 καὶ
2964 4808 3085 4878 τρὶς
3137 4810 3470 4879 προτετίθει,
3501 4815 3716 4872 οὑτωσὶ

2121 4895 2315 4965 λέγων.
2346 4894 2673 4950 Τελευταῖον
2704 4898 2782 4964 δὲ,
2837 4897 2979 4968 Ἐγὼ
3006 4918 3089 4953 σοι
3116 4901 3284 4969 λέγω,
3312 4905 3467 4971 φησὶ,
3493 4905 3713 4977 ἐγείραι

2120 4990 2213 5041 καὶ
2241 4989 2321 5052 είς
2350 4988 2442 5042 τὸν
2482 4990 2576 5043 τοῦ
2603 4990 2761 5058 ἁγίου
2803 4989 3044 5062 Σαμψὼν
3091 4992 3260 5064 τάφον
3306 4996 3509 5050 ἄπελθε
3565 5001 3714 5069 πρὸς

2116 5082 2339 5152 τάχους.
2384 5083 2572 5147 Οὕτως
2606 5084 2871 5148 εἰπόντος,
2913 5085 3074 5149 εὐθὺς
3107 5085 3219 5154 ἐγὼ
3262 5089 3460 5158 μικρόν
3502 5108 3553 5144 τι
3596 5092 3714 5162 τῆς

2119 5177 2307 5245 κλίνης
2344 5178 2579 5248 ἐμαυτὸν
2614 5177 2841 5250 ἀνέσχον
2867 5197 2881 5209 ·
2912 5183 3170 5234 κάκεῖνον
3204 5181 3456 5253 ἐθεώμην
3489 5186 3570 5248 εἰς
3606 5186 3714 5240 τὸν

2119 5269 2269 5341 ναὸν,
2308 5268 2432 5322 ὅθεν
2473 5287 2566 5340 μοι
2599 5270 2831 5335 ἐξελθὼν
2884 5272 3081 5343 ἐφάνη,
3112 5270 3266 5338 αὖθις
3309 5276 3712 5346 ἐπανελθόντα,

2121 5361 2215 5416 καὶ
2245 5362 2415 5425 τέλος,
2444 5363 2625 5432 ἀφανῆ
2656 5364 2966 5433 γενόμενον.
3005 5366 3114 5420 Καὶ
3143 5368 3260 5420 τότε
3289 5367 3350 5439 δὴ
3382 5368 3502 5433 ὅλος
3536 5369 3715 5436 ἐξαν-

2136 5456 2287 5522 έστη,
2337 5454 2430 5506 καὶ
2469 5451 2659 5522 ἐῴκειν
2697 5453 2889 5525 όόύνης
2914 5455 3256 5527 ἀπηλλάχθαι
3307 5460 3521 5530 πάσης·
3573 5463 3713 5516 τότε

2119 5544 2321 5613 οἴδημα
2356 5543 2450 5596 τοῦ
2484 5544 2692 5615 μαστοῦ
2733 5547 2937 5615 ἀμφοῖν
2967 5549 3334 5619 ὲπιςφίγγων,
3385 5550 3715 5623 πνεύματος

2121 5632 2369 5705 ησθόμην
2427 5634 2536 5688 ἀπὸ
2593 5636 2687 5707 τῆς
2740 5638 2980 5709 πλευρᾶς
3023 5641 3247 5695 ὄπισθεν
3294 5644 3711 5717 ὐπαφιεμένου.

2196 5753 2307 5824 (ΞΟ)
2333 5754 2667 5836 Cbartularii
2717 5766 2886 5836 sun_t._
2914 5760 3135 5836 quibus
3160 5741 3493 5836 chartarum.
3518 5765 3715 5836 publi-

2119 5840 2313 5965 gltl-[titlm
2360 5827 2611 5881 custodia
2668 5827 3055 5884 mandabo—tur.
3108 5833 3180 5885 De
3237 5835 3322 5889 his
3385 5827 3715 5891 vide'Can—
