4010 6486
350 403 455 466 3θὸ

1574 394 1753 456 ῩΙΤᾹ
1794 395 1857 455 S.
1901 392 2345 456 SAMPSONIS.

3494 385 3603 451 303

350 507 483 563 Εττα
536 507 631 563 καὶ
680 505 781 578 τὴν
826 505 1074 562 σύνοικον
1121 507 1291 577 ήδέως
1328 508 1606 579 φωνήσας,
1630 510 1785 563 Δοκῶ
1809 527 1922 581 μοι,

2031 509 2208 567 emitti
2245 524 2276 566 e
2326 507 2522 565 latere.
2578 507 2786 564 Deinde
2820 507 3110 578 conjugom
3159 504 3413 561 hilariter
3473 503 3613 559 allo-

347 600 509 670 ιφην,
539 598 672 668 μηδὲ
701 596 1011 662 ὀδυνᾶσθαι,
1038 598 1172 653 ἀλλὰ
1207 599 1272 652 σὺ
1300 598 1425 662 τοὺς
1456 599 1838 671 ἐπικειμένους
1857 603 1924 675 τῇ

2031 609 2223 657 cutus:
2263 599 2392 655 Mihi
2441 598 2656 664 videor,
2710 599 2958 669 inquam,
3004 596 3141 653 nihil
3184 596 3310 652 mali
3357 595 3615 660 sentire;

347 690 535 758 πληγῇ
591 688 827 759 δεσμοὺς
897 688 1059 741 λῦσον
1111 689 1315 760 ἠρέμα.
1379 690 1489 744 Καὶ
1550 691 1688 762 αὐτὴ
1753 691 1927 757 οὕτως

347 780 655 843 incisam!
670 779 829 850 ἀηδία
851 778 1018 849 πολλὴ
1044 780 1245 849 ταύτην
1272 775 1407 852 εἶχε,
1431 781 1547 847 καλ,
1572 782 1643 834 Οἵ
1644 799 1733 852 μοι
1748 779 1926 854 [ἕφη],

350 873 430 934 τίς
459 866 616 934 οὗτος
643 875 669 925 ὁ
697 870 969 941 ἀμανίτης
1001 875 1028 925 ό
1056 874 1122 944 τῇ
1154 876 1332 943 πληγῇ
1366 874 1713 947 ἐπικείμενος
1735 892 1750 941 ;
1774 874 1846 928 Τὸ
1870 874 1927 927 δὲ

347 957 418 1032 ἦν
452 961 872 1033 διασεςημμένη
910 962 1049 1033 σὰρξ
1078 963 1173 1016 καὶ
1204 963 1513 1034 ἀπόϐλητος
1558 968 1671 1030 τοῖς
1697 967 1928 1036 ἀμφίοις

348 1052 815 1107 συνεκσπαθεῖσοι.
847 1051 1034 1115 Οὕτως
1085 1053 1256 1119 ἰαθεὶς
1298 1051 1411 1123 εγὼ
1455 1056 1550 1110 καὶ
1608 1055 1927 1127 παραδόξως

346 1140 760 1213 ἀναρρωσθεὶς,
813 1143 915 1197 οὐκ
955 1143 1036 1197 ἔτι
1087 1141 1198 1209 οἷός
1243 1145 1357 1216 εἰμι
1395 1147 1633 1216 ἐμαυτὸν
1685 1147 1925 1219 ἐπέχειν,

346 1232 486 1287 ἀλλά
513 1235 579 1304 τῇ
609 1234 701 1287 τοῦ
733 1235 1031 1303 ἰασαμένου
1067 1237 1392 1308 πειθόμενος
1423 1239 1636 1311 ἐντολῇ,
1668 1241 1802 1310 πρὸς
1835 1241 1927 1295 τὸν

322 1326 515 1384 Αὖτοῦ
553 1327 751 1396 ἄπειμι
793 1329 987 1397 τάφον,
1023 1332 1133 1392 τοῖς
1161 1330 1342 1395 ἄλλοις
1376 1332 1770 1403 συνεορτάσων.
1816 1333 1926 1387 Οὖ-

351 1433 454 1480 m;
488 1416 682 1482 εἰπὼν,
705 1418 848 1473 οὕτω
870 1419 935 1492 δὴ
965 1424 1060 1475 καὶ
1082 1426 1421 1494 παραχρῆμα
1449 1424 1644 1490 ἐποίει,
1674 1423 1766 1480 καὶ
1789 1426 1926 1498 πρὸς

347 1508 442 1562 τὸν
473 1508 671 1577 Ἀγιον
704 1511 921 1583 πλήρης
976 1513 1169 1586 ήδονῆς
1219 1515 1314 1568 καὶ
1349 1518 1525 1588 χαρᾶς
1574 1516 1762 1589 ἀπῄει,
1812 1520 1929 1582 τοῖς

351 1599 659 1655 συναντῶσι
690 1601 876 1687 μέντοι
919 1603 1015 1656 καὶ
1045 1604 1274 1659 ἄπιστόν
1307 1624 1360 1660 τι
1382 1607 1573 1679 χρῆμα
1599 1608 1798 1675 ἐδόκει,
1830 1608 1927 1664 καὶ

347 1690 445 1762 τὴν
481 1691 609 1762 ὄψιν
646 1692 1155 1768 ἀμφισϐητήσιμον.

414 1959 550 2016 KX.
585 1962 941 2034 Συντετάχοω
984 1966 1094 2028 τοῖς
1139 1953 1472 2034 προλαϐοῦσι
1522 1970 1614 2023 καὶ
1658 1971 1792 2024 αὐτὸ
1829 1970 1923 2024 τοῦ

339 2052 381 2105 Γ
385 2051 624 2122 εωργίου
657 2052 720 2106 τὸ
755 2053 942 2126 θαῦμα
968 2072 983 2087 ·
1014 2057 1077 2110 οὗ
1108 2057 1309 2127 φαῦλον
1331 2059 1459 2131 γὰρ,
1496 2061 1615 2114 οὐδὲ
1646 2062 1706 2116 τὸ
1738 2063 1922 2134 τυχὸν,

337 2144 451 2198 οὐδ’
480 2144 625 2200 ὥστε
675 2149 770 2200 καὶ
817 2148 1067 2219 παριδεῖν
1120 2150 1290 2215 ἄξιον.
1342 2144 1513 2217 οὗτος
1553 2154 1773 2226 οίκέτης
1824 2155 1926 2227 μὲν

338 2236 646 2306 ιτύγχανεν
673 2237 750 2292 ῶν
807 2239 1045 2310 μοναχοῦ
1102 2258 1248 2304 τινος
1295 2243 1390 2298 καὶ
1425 2245 1640 2316 ἱερέως,
1683 2245 1926 2318 Ἐφρατμ

340 2328 608 2417 τοδνομα,
646 2331 726 2403 τῷ
771 2332 866 2386 τοῦ
916 2332 1165 2405 ὕδρωπος
1224 2336 1282 2389 δὲ
1327 2341 1675 2410 περισχεθεὶς
1739 2340 1922 2410 πάθει,

342 2420 436 2476 καὶ
483 2422 563 2492 τῷ
599 2423 733 2496 ἱερῷ
763 2424 898 2495 οἴκῳ
937 2423 1030 2478 τοῦ
1071 2426 1325 2495 Μεγάλου
1358 2430 1702 2492 ἀνακλιθείςο
1734 2432 1925 2487 ἔπειτα

345 2516 439 2587 τὴν
472 2516 700 2587 χρονίαν
745 2517 1070 2573 κατάκλισιν
1108 2519 1469 2592 δυσχεράνας,
1509 2523 1792 2579 ἀπολιπὼν
1831 2528 1924 2581 τὸν

350 2604 489 2675 ἰερδν
538 2604 639 2660 τοῦ
676 2607 943 2662 δεσπότου
992 2609 1234 2664 οἰκίσκον
1291 2612 1535 2667 ἄπεισιν.
1583 2613 1643 2668 '0
1680 2616 1780 2683 μὲν
1830 2613 1923 2673 οὖν

352 2697 613 2769 δεσπότης
636 2700 738 2753 οὐκ
761 2699 905 2754 ἀνίει
939 2703 1220 2773 παραινῶν
1244 2704 1390 2773 αὐτῷ
1416 2707 1509 2759 καὶ
1535 2707 1923 2779 ὑποτ;θέμενος

345 2788 591 2843 ἀνελὸεῖν
616 2784 776 2853 αὖθις
808 2792 903 2845 καὶ
930 2792 1008 2862 τῷ
1031 2793 1125 2846 τοῦ
1164 2794 1348 2863 Ἀγίου
1387 2798 1524 2867 οἴκῳ
1554 2804 1920 2870 προσμεῖναι·

343 2882 467 2935 ἐπεὶ
496 2882 556 2936 δὲ
588 2880 664 2954 μὴ
693 2882 909 2937 ἔπειθεν
937 2885 1204 2953 (ἐφείδετο
1235 2887 1345 2958 γὰρ
1372 2889 1793 2960 αὐστηροτέρων
1827 2896 1925 2965 ρη-

343 2975 633 3044 μὰτωνδιά
654 2976 757 3046 τὴν
782 2976 876 3030 τοῦ
905 2977 1108 3042 πάθους
1122 2979 1428 3052 βαρύτητα)
1456 2999 1469 3013 ·
1496 2983 1615 3037 Κᾶν
1637 2984 1767 3053 γοῦν
1791 2986 1924 3041 εἵσω

238 3083 245 3089 ·
340 3065 437 3122 τοῦ
470 3068 766 3139 σύκτηρίου
815 3071 1046 3136 εἴσελθε,
1078 3071 1203 3142 ἔφη,
1248 3074 1418 3145 αὐτὴν
1455 3076 1556 3147 τὴν
1602 3077 1696 3131 τοῦ
1741 3078 1923 3148 Ἀγίου

1959 1851 2002 1906 Β

2031 692 2128 747 sed
2175 700 2236 747 tu
2289 691 2493 746 sensim
2540 691 2691 746 solve
2736 688 2954 744 vincula
3006 688 3175 759 plagae
3224 685 3502 756 imposita.
3534 684 3609 739 Ea

2032 792 2213 838 autem
2249 783 2327 838 sic
2361 783 2509 845 fecit,
2547 799 2654 836 non
2692 782 2812 837 sine
2853 795 3068 852 magna,
3110 795 3215 849 qua
3248 777 3610 840 adiciebatur,

2036 876 2318 941 molestia;
2345 886 2420 941 et,
2454 873 2548 930 Hei
2576 873 2735 940 mihi,
2772 873 2911 928 dixit
2940 890 2952 925 :
2984 871 3119 940 Quis
3153 879 3238 927 est
3279 870 3371 925 hic
3399 869 3613 923 aminn-

2036 978 2118 1025 tes
2148 968 2282 1043 (21).
2341 968 2437 1038 qui
2486 969 2655 1039 plagae
2699 976 2784 1021 est
2830 965 3164 1036 impositus?
3212 964 3269 1019 id
3315 977 3446 1017 vero
3491 971 3615 1015 erat

2033 1076 2160 1117 caro
2187 1060 2496 1125 putrefacta
2527 1069 2581 1116 et
2612 1067 2890 1130 separata,
2928 1074 3051 1128 qua:
3087 1072 3194 1111 una
3235 1071 3359 1110 cum
3411 1053 3610 1125 pannis

2033 1155 2221 1211 evulsa
2248 1154 2444 1208 fuerat.
2491 1152 2585 1209 Sic
2611 1168 2713 1224 ego
2752 1160 2997 1212 sanatus,
3039 1160 3094 1204 ct
3127 1158 3328 1219 prwter
3358 1162 3508 1215 spem
3554 1151 3611 1198 et

2032 1247 2347 1318 Opinionem
2391 1245 2641 1316 pristinas
2687 1244 2977 1300 restitutus
3014 1242 3341 1306 valetudini,
3376 1256 3483 1295 non
3524 1254 3611 1293 me

2031 1340 2185 1411 potui
2235 1339 2472 1409 amplius
2505 1338 2808 1399 continere,
2858 1338 2989 1408 quin
3041 1351 3288 1407 parerem
3334 1332 3611 1389 curatoris

2030 1431 2137 1487 mei
2160 1438 2454 1503 praecepto,
2480 1442 2535 1487 et
2566 1447 2652 1486 me
2683 1430 2989 1486 conferrem
3020 1429 3085 1484 ad
3116 1430 3237 1500 ejus
3270 1428 3607 1497 sepulcrum,

2030 1539 2156 1581 eum
2195 1523 2322 1581 aliis
2350 1523 2549 1580 festum
2596 1523 2998 1580 celebraturus.
3058 1520 3195 1575 Cum
3244 1522 3323 1576 sic
3356 1519 3606 1580 dixisset,

2031 1616 2214 1672 statim
2239 1631 2459 1686 quoque
2484 1615 2564 1671 sic
2595 1615 2747 1679 fecit,
2780 1625 2837 1670 et
2867 1613 2933 1669 ad
2958 1612 3220 1669 Sanctum
3245 1610 3383 1664 abiit
3411 1608 3609 1678 plenus

2031 1706 2233 1779 gaudio
2261 1715 2316 1762 et
2346 1706 2555 1763 laetitia.
2590 1705 2662 1761 iis
2690 1715 2895 1768 autem,
2935 1704 3028 1774 qui
3056 1703 3107 1758 ei
3141 1701 3344 1756 fiebant
3371 1699 3608 1779 obviam.

2032 1778 2123 1852 res
2149 1795 2440 1851 videbatur
2465 1796 2828 1856 incredibilis.
2869 1803 2926 1850 ct
2965 1794 3052 1849 vel
3109 1793 3176 1849 de
3215 1791 3333 1848 suis
3383 1778 3609 1844 dubita-

2029 1887 2160 1942 bant
2188 1888 2385 1943 oculis.

2098 1977 2243 2033 XXI.
2272 1978 2674 2050 ,Conjungatur
2718 1976 3160 2049 praecedentibus
3213 1974 3432 2045 Georgii
3472 1989 3614 2043 quo-

2027 2086 2137 2142 que
2165 2070 2492 2125 miraculum
2529 2089 2544 2125 :
2578 2085 2688 2125 non
2721 2080 2807 2125 est
2835 2070 2982 2124 enim
3023 2068 3166 2131 leve,
3213 2081 3316 2122 nec
3362 2066 3607 2134 vulgare,

2027 2175 2209 2230 neque
2238 2160 2352 2215 ullo
2382 2159 2546 2214 modo
2573 2157 3059 2215 contemnendum.
3096 2157 3148 2212 Is
3187 2164 3309 2211 erat
3358 2154 3611 2209 minister

2028 2250 2284 2307 monachi
2326 2250 2611 2323 cujusdam
2642 2259 2699 2307 et
2724 2249 3056 2316 sacerdotis,
3078 2248 3300 2304 nomine
3324 2245 3606 2316 Ephraim.

2025 2344 2163 2400 Cum
2197 2350 2380 2399 autem
2430 2341 2677 2414 bydrope
2709 2340 3010 2406 laboraret,
3037 2348 3095 2397 et
3126 2340 3179 2393 in
3232 2353 3386 2394 sacra
3426 2333 3611 2405 magni

2028 2436 2348 2507 Sampsonis
2380 2434 2498 2490 aede
2526 2443 2670 2489 esset
2704 2432 3000 2503 repositus,
3037 2431 3223 2487 omnia
3262 2428 3484 2500 quidem
3519 2441 3612 2480 re-

2026 2527 2190 2598 pulit,
2223 2542 2346 2598 quae
2378 2526 2429 2582 ei
2462 2542 2491 2581 a
2529 2524 2761 2580 medicis
2820 2524 2978 2595 prius
3018 2529 3179 2577 erant
3219 2521 3288 2575 ad
3338 2518 3609 2574 medelam

2027 2618 2296 2683 adhibita,
2331 2626 2521 2687 utpote
2548 2631 2576 2671 a
2609 2615 2810 2687 quibus
2837 2614 3096 2669 omnibus
3126 2612 3265 2667 nihil
3304 2612 3429 2681 opis
3478 2625 3608 2665 sen-

2027 2712 2207 2768 sisset.
2251 2709 2460 2766 Deinde
2486 2724 2611 2765 eum
2649 2692 2792 2779 agre
2836 2705 3027 2769 ferret,
3072 2702 3221 2774 quod
3259 2700 3468 2758 tamdiu
3497 2700 3612 2755 illic

2027 2804 2404 2864 deeumberet,
2432 2819 2585 2859 sacra
2629 2802 2720 2857 illa
2747 2801 2863 2856 aede
2894 2799 3107 2865 relicta,
3139 2797 3276 2853 abiit
3302 2796 3356 2852 in
3395 2794 3608 2851 domini

2026 2896 2437 2953 domunculam.
2478 2895 2597 2951 Non
2655 2894 2905 2950 cessabat
2953 2898 3137 2947 autem
3180 2889 3437 2946 dominus
3478 2901 3608 2942 eum

2027 3003 2254 3043 monere
2281 2995 2338 3043 et
2369 2985 2605 3051 hortari,
2671 2996 2730 3040 nt
2781 2994 3176 3048 reverteretur,
3213 2993 3270 3039 et
3318 2981 3373 3035 in
3420 2980 3608 3035 Sancti

2027 3082 2192 3138 domo
2236 3081 2418 3137 adhuc
2464 3089 2735 3134 maneret.
2786 3077 2923 3135 Cum
2963 3091 3092 3132 vero
3116 3090 3225 3131 non
3250 3072 3614 3146 persuaderet

349 3162 742 3231 προσκυνήσων
772 3161 960 3215 εἰκόνα
987 3179 994 3185 ·
1031 3158 1149 3216 εἷτα
1172 3164 1269 3219 τοῦ
1305 3166 1488 3221 ἐλαίου
1518 3167 1697 3221 λαϐὼν
1728 3185 1787 3221 τε
1827 3170 1924 3225 καὶ

2031 3178 2099 3247 (ιι
2151 3176 2340 3232 verbis
2395 3175 2543 3231 enim
2594 3170 2907 3228 abstinebat
2954 3167 3337 3240 asperioribus
3385 3170 3617 3236 propter

343 3248 708 3320 ἀλειψάμενος
744 3253 811 3321 τῇ
865 3251 1023 3325 κοίτῃ
1074 3256 1140 3324 τῇ
1192 3257 1281 3325 σῇ,
1318 3256 1657 3330 ἀνακλίθητι.
1706 3260 1815 3314 Καὶ
1862 3260 1921 3325 δς

343 3341 518 3394 Inois:
560 3342 624 3396 τὸ
672 3343 990 3404 κελευσθέν.
1030 3344 1277 3401 Ἐπειδὲ
1318 3350 1414 3404 καὶ
1442 3350 1627 3420 ἡμέρα
1670 3346 1760 3423 ἦν,
1806 3352 1922 3406 ὲκε-

343 3434 531 3489 λεύετο
589 3436 689 3506 μὲν
751 3437 902 3506 παρά
952 3437 1047 3491 τοῦ
1102 3439 1363 3495 δεσπότου
1409 3443 1501 3496 καὶ
1543 3442 1622 3497 ἔτι
1663 3446 1730 3499 τὰ
1760 3446 1923 3515 ὅμοια

344 3529 519 3582 ποιεῖν
544 3545 561 3562 ·
583 3531 613 3582 ὁ
640 3529 719 3592 δὲ,
749 3529 890 3583 Ἀλλ’
932 3529 1061 3600 ἐγὼ,
1103 3533 1291 3601 φησὶν,
1322 3533 1564 3606 ἔρῤωκα,
1599 3535 1695 3589 καὶ
1728 3540 1794 3609 τῇ
1828 3536 1920 3591 τοῦ

353 3621 544 3690 Ἀγίου
577 3621 807 3691 δυνάμει
846 3623 1096 3694 καθαρᾶς
1129 3625 1417 3681 ἀπέλαυκα
1452 3628 1694 3696 ὑγιείας·
1720 3630 1925 3700 ταύτης

345 3714 456 3785 γὰρ
492 3715 592 3784 τῆς
632 3716 827 3780 νυκτὸς
878 3716 997 3771 κατ’
1030 3717 1163 3788 ὄναρ
1195 3718 1484 3788 ἐπιφανείς
1518 3738 1609 3791 μοι
1652 3724 1680 3775 ὁ
1712 3722 1923 3790 Ἄγιος,

346 3807 443 3877 τῆς
484 3823 543 3861 τε
590 3808 800 3872 κοιλίας
836 3827 938 3879 μου
977 3809 1173 3883 ἦψατο,
1205 3812 1298 3866 καὶ
1340 3813 1532 3885 εἰρηκέ
1580 3830 1697 3884 μοι’
1731 3815 1924 3868 ’Λπιθι

345 3899 631 3966 ὑγιαίνων,
678 3901 832 3956 οὐδὲν
878 3902 986 3970 γὰρ
1030 3901 1112 3957 ἔτι
1165 3920 1248 3957 σοι
1298 3904 1407 3958 τῶν
1452 3906 1642 3960 κακῶν
1697 3906 1923 3978 ἐνοχλεῖ.

344 3991 471 4047 Οὐδ’
496 3994 657 4064 ἤρκει
690 3994 827 4063 πρὸς
866 3995 1050 4050 πίστιν
1076 3997 1217 4052 αὐτὰ
1247 3998 1324 4070 τῷ
1356 3998 1591 4071 δεσπότῃ
1612 4017 1629 4035 ·
1662 4000 1797 4056 ἀλλα
1831 4005 1925 4057 καὶ

345 4090 542 4156 πεῖραν
606 4088 877 4159 προσῆγε,
911 4092 1006 4144 καὶ
1050 4094 1464 4162 περιειργάζετο
1530 4095 1820 4165 πρόσωπόν
1867 4113 1926 4150 τε

338 4180 582 4255 ἀκεῖγου,
610 4183 705 4234 καὶ
736 4182 965 4248 κοιλίαν,
1009 4183 1099 4237 καὶ
1129 4185 1318 4248 πόδας,
1363 4186 1457 4240 καὶ
1487 4187 1555 4240 τὰ
1589 4187 1753 4242 λοιπά
1788 4188 1923 4260 μέλη

345 4287 404 4324 τε
436 4274 533 4325 καὶ
565 4273 731 4343 μέρη,
763 4275 860 4328 καὶ
896 4264 1018 4328 ἐπεὶ
1054 4276 1177 4330 οὐδὲ
1208 4277 1464 4349 λείψανόν
1517 4297 1574 4333 τε
1619 4280 1769 4352 ἐώρα
1802 4281 1926 4335 οὐδὲ

345 4363 492 4434 ἴχνος
525 4365 622 4419 τοῦ
654 4367 859 4432 πάθους
898 4368 1069 4434 οὐδὲν,
1112 4368 1241 4441 δόξῃ
1279 4374 1342 4439 τῇ
1392 4374 1528 4443 προς
1556 4371 1686 4426 Θεὸν
1726 4374 1927 4444 ἐχρῆτο

346 4459 441 4509 καὶ
492 4457 819 4531 εὐχαριστίᾳ
873 4460 941 4530 τῇ
999 4460 1136 4530 πρὸς
1183 4461 1276 4515 τὸν
1323 4461 1536 4529 Ἀγιον,
1606 4461 1795 4532 ἰατροῦ
1865 4480 1922 4516 τε

2024 3269 2201 3326 morbi
2245 3267 2595 3340 gravitatem)
2627 3284 2641 3321 :
2682 3264 3022 3331 Oratorium,
3053 3261 3254 3333 inquit,
3293 3258 3487 3313 saltem
3526 3254 3611 3308 in-

2023 3361 2276 3433 gredere,
2295 3361 2627 3415 adoraturus
2646 3357 2816 3429 ipsam
2849 3354 3036 3412 Sancti
3055 3352 3348 3423 imaginem
3378 3361 3391 3405 :
3411 3344 3612 3402 deinde

2024 3471 2150 3511 cum
2184 3456 2365 3510 oleum
2400 3451 2703 3522 acceperis,
2742 3459 2798 3505 et
2834 3457 2886 3504 te
2928 3447 3179 3508 unxeris.
3212 3444 3267 3498 in
3324 3449 3420 3495 tuo
3465 3438 3621 3493 lecto,

2025 3545 2306 3600 recumbe.
2370 3543 2464 3597 ille
2516 3548 2702 3596 autem
2761 3539 2920 3605 fecit,
2969 3534 3116 3605 quod
3166 3534 3358 3604 jussus
3405 3529 3609 3584 fuerat.

2025 3634 2321 3705 Postquam
2363 3648 2494 3688 vero
2536 3630 2782 3693 advenit,
2818 3626 3118 3701 jubebatur
3156 3622 3381 3697 quidem
3432 3636 3461 3675 a
3509 3620 3613 3674 do.

2027 3730 2177 3787 mino
2200 3728 2383 3783 adhuc
2412 3726 2593 3782 facere
2623 3724 2919 3790 similiter;
2954 3721 3047 3777 ille
3077 3727 3263 3775 autem
3297 3735 3311 3770 :
3345 3714 3453 3770 Sed
3484 3727 3613 3780 ego,

2028 3820 2226 3892 inquit,
2265 3820 2374 3891 jam
2419 3816 2693 3881 convalui,
2729 3824 2785 3871 et
2821 3812 3029 3869 Sancti"
3058 3811 3264 3865 virtute
3314 3821 3435 3862 sum
3474 3805 3615 3859 lnte~

2027 3930 2179 3989 gram
2212 3922 2502 3971 assecutus
2536 3910 2855 3965 sanitatem.
2902 3906 3027 3962 Haec
3074 3904 3220 3960 enim
3267 3910 3429 3956 nocte
3472 3897 3610 3953 mihi

2027 3987 2298 4078 apparens
2342 4003 2397 4059 in
2441 4000 2651 4058 somnis
2687 4000 2939 4062 Sanctus,
2974 4008 3157 4050 meum
3201 4001 3450 4049 ventrem
3479 3987 3611 4044 teti-

2028 4099 2127 4168 git,
2175 4107 2231 4151 et
2276 4095 2414 4150 dixit
2473 4091 2660 4146 mihi:
2710 4089 2857 4153 Abi,
2909 4102 3034 4143 cum
3087 4084 3163 4140 sis
3213 4097 3414 4149 sanus;
3473 4078 3612 4134 nihil

2028 4191 2174 4246 enim
2217 4188 2342 4242 mali
2375 4196 2427 4241 te
2462 4192 2619 4239 vexat
2658 4182 2918 4253 amplius.
2952 4178 3063 4234 l‘lac
3114 4187 3297 4232 autem
3339 4173 3406 4229 ad
3449 4170 3612 4227 ﬁdem

2029 4281 2255 4339 domino
2300 4277 2607 4335 faciendam
2650 4291 2773 4331 non.
2811 4273 3153 4329 suli‘ecerunt
3186 4287 3200 4325 :
3252 4268 3347 4323 sed
3383 4267 3615 4337 ipsemet

2027 4376 2338 4447 perieulum
2387 4374 2571 4429 lacere
2624 4369 2840 4433 voluit,
2885 4376 2941 4423 et
2995 4366 3288 4437 diligenter
3334 4370 3615 4416 scrutatus

2029 4468 2242 4523 vultum
2272 4467 2415 4537 ejus,
2439 4476 2495 4520 et
2523 4472 2798 4526 ventrem,
2831 4470 2886 4515 et
2908 4459 3097 4532 pedes,
3122 4467 3178 4513 et
3208 4456 3419 4526 reliqua
3444 4465 3617 4507 mem.

350 4548 528 4618 τυχὼν
561 4549 797 4618 ἀμίσθου
836 4551 930 4605 καὶ
953 4550 1241 4622 ἀψευδοῦς,
1283 4553 1377 4607 καὶ
1403 4553 1575 4622 ὑγιῶς
1603 4531 1792 4625 ἔχοντα
1835 4555 1925 4610 τὸν

2032 4557 2130 4613 bra
2154 4598 2168 4620 .
2204 4572 2329 4611 cum
2367 4556 2547 4610 nullas
2580 4554 2760 4608 morbi
2798 4531 3081 4622 reliquias,
3116 4560 3213 4604 aut
3252 4547 3486 4617 vestigia
3528 4560 3616 4599 re-

348 4641 567 4712 οξκέτην
603 4643 769 4709 ὀρῶν.

2038 4649 2265 4719 periret,
2326 4648 2496 4703 Deum
2549 4644 2813 4709 laudavit,
2875 4653 2931 4698 et
2984 4643 3185 4698 Sancto
3225 4642 3335 4712 egit
3387 4636 3610 4711 gratias,

348 4736 491 4807 quod
533 4736 589 4790 in
624 4735 743 4806 ipso
773 4737 1048 4793 medicum
1099 4746 1295 4794 nactus
1343 4737 1559 4803 fuisset,
1631 4744 1726 4810 qui
1771 4739 2142 4796 certissimam
2208 4741 2415 4795 famulo
2445 4754 2545 4794 suo
2592 4738 2711 4792 sine
2772 4735 3024 4790 mercede
3089 4732 3422 4789 reddidisset
3461 4730 3612 4785 salu-

349 4840 480 4885 “3m.

416 4922 548 4978 ΚΠ.
594 4923 755 4977 Ἀλλὰ
785 4925 880 4978 καὶ
921 4926 980 4980 τ’)
1011 4925 1113 4996 τῆς
1152 4927 1390 4999 Εἰρήνης
1424 4927 1596 4992 πάθος
1623 4927 1827 4997 ὁμοίως
1860 4921 1929 4998 ἦν

348 5011 498 5084 ῐχον·
536 5012 724 5082 ὓδρωψ
753 5015 860 5085 γὰρ
890 5016 984 5068 καὶ
1013 5016 1146 5070 αὐτὸ
1182 5016 1355 5081 πάθος
1382 5017 1440 5071 τὸ
1463 5016 1869 5089 χαλεπώτατον,
1900 5016 1930 5071 δ

349 5107 445 5163 καὶ
483 5108 711 5172 ἀστείας
755 5108 818 5179 δὴ
873 5111 969 5162 καὶ
1005 5109 1463 5181 θαυξιασιωτέρας
1501 5110 1659 5181 ἔτυχε
1700 5111 1799 5178 τῆς
1849 5110 1932 5163 ξά-

347 5217 509 5264 σεως.
542 5197 608 5253 Ἦ
649 5202 750 5270 μὲν
786 5200 879 5254 οὖν
917 5201 1124 5273 Εἰρήνη
1154 5203 1289 5274 γυνή
1327 5219 1407 5265 τις
1441 5196 1509 5273 ἦν
1548 5201 1667 5265 ἑνὸς
1713 5200 1820 5253 τῶν
1850 5200 1928 5271 τῷ

248 5307 264 5313 ’
349 5292 482 5364 ἰερῷ
527 5293 664 5362 οἴκῳ
717 5291 1134 5357 διακονοῦντων,
1189 5286 1347 5363 ἐφἰἶι
1398 5296 1492 5347 καὶ
1545 5291 1926 5358 ἀνακλιθεῖσα,

346 5383 481 5453 πρὸς
510 5384 613 5453 μὲν
642 5383 753 5437 τῶν
784 5386 987 5453 ἰατρῶν
1036 5384 1303 5457 ἀπείρητο
1336 5385 1434 5457 τὴν
1469 5385 1702 5452 ὑγίειαν.
1720 5386 1774 5438 ’0
1800 5382 1930 5457 μέν·

345 5492 427 5530 τοι
460 5478 651 5545 Ἄγιος
682 5476 882 5540 νυκτδς
923 5478 1151 5540 ἐπιστὰς
1196 5478 1335 5547 μετὰ
1377 5496 1540 5531 τινων
1588 5478 1682 5531 καὶ
1727 5480 1931 5548 ἐτέρων

346 5566 458 5633 δὸο,
493 5569 613 5638 μεθ’
643 5563 723 5623 ὧν
763 5568 863 5639 μὲν
905 5568 1096 5622 εἴωθεν
1117 5568 1191 5632 ὡς
1214 5570 1282 5623 τὰ
1314 5569 1485 5623 πολλὰ
1520 5566 1926 5639 ἐπιὶραίνεσθαι,

347 5662 467 5725 τοὺς
504 5660 687 5725 θείους
719 5677 780 5714 τε
824 5658 1168 5731 ἀναργύρους
1203 5656 1344 5716 εἶναι
1377 5661 1601 5727 τούτους
1649 5660 1783 5731 φασί
1812 5662 1926 5716 ’Κο-

408 5842 517 5913 (Ξῖ)
551 5841 873 5904 Αηιιιηὶιθε,
904 5837 1052 5911 fungi
1088 5841 1314 5911 species.

2101 4924 2271 4982 XXII.
2306 4924 2512 4980 Similis
2536 4920 2640 4974 fuit
2676 4920 2848 4975 lrenae
2878 4915 3166 4990 cujusdam
3206 4915 3455 4976 morbus,
3488 4928 3611 4984 qua:

2032 5017 2200 5073 etiam
2240 5018 2355 5087 ipsa
2406 5014 2653 5085 hydrope
2684 5010 2988 5077 laborabat,
3023 5022 3202 5080 eoque
3243 5006 3607 5077 gravissimo;
3670 4996 3674 5001 ’

2027 5126 2093 5167 ac
2156 5111 2280 5166 ideo
2332 5110 2504 5181 magis
2547 5107 2812 5165 solemnis
2867 5105 3150 5176 magisque
3207 5102 3456 5159 miranda
3507 5101 3613 5158 fuit

2024 5206 2144 5275 ejus
2170 5204 2403 5259 curatio.
2442 5201 2686 5257 Habebat
2719 5200 2810 5255 illa
2847 5198 3102 5253 maritum
3145 5213 3211 5252 ex
3260 5212 3453 5252 eorum
3503 5211 3611 5250 nn-

2032 5310 2205 5361 mero,
2257 5294 2353 5363 qui
2398 5292 2501 5349 aedi
2542 5290 2713 5347 saerae
2767 5288 3098 5353 inserviunt,
3147 5289 3203 5344 in
3243 5304 3350 5359 qua
3401 5294 3457 5343 et
3492 5287 3608 5355 ipsa

2030 5386 2416 5447 decumbebat,
2461 5385 2827 5454 desesperans
2874 5381 3106 5439 salutem
3135 5398 3164 5436 a
3196 5381 3427 5435 medicis
3462 5378 3611 5432 οιιιι-

2030 5479 2288 5534 nendam.
2327 5476 2562 5533 Sanctus
2606 5484 2791 5532 autem
2822 5484 2989 5531 noctu
3018 5486 3291 5543 apparens
3330 5484 3457 5526 eum
3485 5469 3610 5526 aliis

2030 5570 2268 5636 duobus;
2299 5584 2422 5624 cum
2450 5568 2651 5640 quibus
2684 5578 2741 5623 ut
2771 5568 3063 5640 plurimum
3095 5563 3305 5619 solebat
3340 5574 3607 5632 apparere

2033 5662 2149 5735 (eus
2180 5679 2306 5718 vere
2335 5678 2455 5718 esse
2502 5662 2696 5717 dicunt
2742 5659 2960 5716 divinos
3009 5656 3152 5721 illos,
3203 5655 3297 5726 qui
3340 5653 3459 5709 sino
3496 5649 3607 5705 ulla
