4010 6502
240 362 345 419 307⁷
1524 352 1676 405 ΜΕΝ
1688 351 1802 405 515

1941 350 2134 409 NlUS.

1951 240 2046 252 “~7-

3388 348 3500 412 303

240 466 531 522 medentur
578 465 835 536 pecunia,
867 463 1118 519 Cosmam
1163 469 1220 515 et
1273 459 1659 525 Daminanum)
1696 473 1820 513 eam

1941 460 2072 530 τμᾶν
2106 476 2201 512 και
2233 458 2526 532 Δαμιανδν,
2564 459 2728 530 ἤρετο
2759 460 2975 532 πρῶτον
3016 460 3187 530 αὑτὴν
3221 463 3249 515 ό
3283 465 3499 533 Ἀγιος,

243 562 478 630 primum
515 557 894 629 interrogavit,
925 554 1187 625 quidnam
1232 553 1356 607 mali
1386 560 1687 622 pateretur.
1718 548 1817 606 illa

242 662 423 707 autem
455 650 745 706 videbatur
774 650 952 719 ipsum
987 644 1189 700 malum
1222 643 1550 711 ostendere;
1584 641 1819 699 Sanctus

243 761 376 799 vero
412 758 581 799 unum
606 758 635 797 e
671 741 835 796 sociis
867 739 983 795 suis
1013 737 1241 808 alloqui,
1284 748 1339 792 et
1371 737 1554 791 dicere
1590 754 1603 790 :
1642 735 1819 806 Opor-

245 847 321 889 tet
346 837 465 906 ejus
487 832 680 889 femori
717 832 983 888 adbibere
1014 832 1335 887 sectionem.
1375 829 1442 885 Et
1474 829 1563 883 ille
1593 828 1818 899 quidem

243 926 321 980 sic
355 924 502 980 fecit.
537 923 731 979 Mulier
753 931 961 987 autem,
988 931 1050 976 ut
1080 936 1202 992 quae
1236 919 1493 975 dolorem
1525 918 1819 989 quemdam

243 1027 511 1080 senserat,
542 1031 574 1073 ο
601 1032 795 1072 somno
826 1027 913 1079 est
941 1016 1214 1081 excitata;
1267 1012 1402 1068 nihil
1436 1027 1570 1067 vero
1620 1024 1821 1082 cogno~

245 1109 323 1163 vit
357 1123 424 1162 ex
452 1109 521 1163 iis
541 1123 663 1178 quae
696 1122 853 1177 passa
887 1106 1082 1161 fuerat.
1122 1103 1259 1162 Cum
1291 1115 1476 1161 autem
1508 1105 1819 1167 diluxisset,

243 1199 309 1251 ad
343 1214 462 1253 eam
516 1197 784 1254 accedens
828 1196 1053 1262 famula,
1099 1196 1402 1267 vidensque
1471 1211 1670 1267 aquam
1718 1196 1823 1250 sub

244 1293 386 1345 lecto
407 1289 607 1356 fusam,
639 1289 925 1351 arbitrata.
957 1299 1015 1343 ut
1047 1296 1168 1343 erat
1197 1288 1510 1353 verisimile,
1552 1304 1672 1343 eam
1702 1303 1824 1343 esse

246 1380 883 1450 urinamzexprobravit
918 1380 1040 1450 ipsi,
1086 1380 1231 1451 quod
1287 1381 1520 1449 turpiter
1567 1379 1825 1435 indecore

244 1491 302 1528 se
334 1485 568 1543 gereret,
622 1482 677 1529 et
716 1473 861 1543 quod
911 1488 1093 1543 neque
1128 1473 1480 1536 surrexisset,
1526 1487 1706 1543 neque
1738 1472 1823 1525 ul-

247 1566 351 1619 lam
384 1574 634 1620 vocasset
659 1580 726 1619 ex
765 1563 1000 1627 ancillis,
1044 1565 1139 1619 sed
1174 1562 1513 1633 inquinasset
1563 1573 1619 1617 et
1647 1571 1828 1617 vestes

247 1666 301 1710 rt
342 1658 608 1730 stragula.
659 1658 752 1713 l-lla
800 1665 984 1713 autem
1017 1658 1270 1728 negabat,
1308 1657 1517 1721 dicens,
1574 1670 1632 1710 se
1688 1654 1826 1709 nihil

248 1752 354 1805 tale
383 1752 599 1806 fecisse.
634 1750 841 1807 Deinde
869 1760 1079 1805 remota
1111 1750 1319 1815 tunica,
1370 1764 1493 1804 cum
1528 1748 1638 1803 visa
1680 1755 1827 1802 esset

248 1838 443 1906 sectio,
475 1855 531 1900 et
555 1843 753 1897 humor
784 1842 1033 1901 eﬂiuens.
1073 1843 1327 1912 cognitus
1357 1840 1481 1894 inde
1514 1839 1618 1895 fuit
1649 1838 1826 1894 medi-

248 1951 348 1990 cus
380 1952 392 1988 :
422 1944 476 1990 et
506 1936 619 2005 ipsa
655 1952 784 1990 sana
815 1934 1045 2001 exstitit,
1082 1941 1139 1988 et
1180 1933 1404 1988 domum
1450 1946 1575 1987 eum
1625 1929 1827 2002 gaudio

247 2036 332 2082 εει
366 2042 605 2082 reversa.

320 2116 511 2173 XXIII.
563 2119 741 2188 Atque
802 2108 920 2173 haec
963 2115 1240 2172 sulﬂciunt
1279 2119 1344 2171 ad
1392 2115 1826 2188 cognoscendam

248 2212 477 2283 gratiam
509 2227 631 2281 quae
655 2226 851 2282 magno
886 2209 1172 2282 Sampsoni
1205 2210 1331 2266 data
1360 2211 1482 2265 fuit.
1514 2209 1653 2276 Quid
1680 2209 1829 2265 enim

252 2310 336 2377 (ut
369 2305 539 2361 estin
581 2303 866 2375 tragoedia)
909 2320 1202 2360 numerare
1247 2313 1467 2373 Oportet
1517 2305 1833 2358 innumera-

250 2398 381 2453 Biiia
412 2396 562 2466 (ἦν
587 2394 802 2449 Etenim
831 2394 1012 2464 qualia
1040 2396 1182 2449 facta
1217 2402 1367 2457 sunt,
1402 2409 1682 2465 nunquam
1711 2408 1832 2448 ces-

251 2497 377 2543 sant
410 2487 555 2549 fieri,
601 2484 699 2542 sed
740 2485 1027 2540 ﬂuminum
1084 2486 1257 2540 instar
1290 2502 1347 2539 se
1395 2484 1633 2551 habent;
1666 2497 1831 2556 atque

254 2581 380 2637 ideo
412 2581 739 2639 miraculum
785 2594 953 2634 unum
996 2577 1197 2634 suﬂicit
1245 2593 1343 2647 pro
1386 2576 1665 2639 omnibus.
1710 2585 1831 2631 tan-

252 2689 418 2747 quam
473 2672 678 2728 ﬂumen
726 2672 993 2727 divinitus
1052 2669 1246 2730 ﬂuens,
1306 2669 1450 2738 quod
1493 2669 1745 2740 procedit
1802 2684 1834 2723 c

253 2766 510 2837 sepulcro
550 2764 657 2819 viri
706 2765 904 2831 sancti,
933 2770 989 2817 et
1018 2760 1266 2832 quotidie
1296 2760 1474 2814 oritur
1510 2771 1768 2830 tanquam
1805 2775 1836 2814 e

254 2859 428 2917 fonte.
460 2857 716 2913 Procedit
743 2867 925 2915 autem
960 2872 1069 2913 non
1096 2870 1313 2924 semper
1344 2875 1357 2911 :
1394 2856 1489 2909 sed
1513 2854 1704 2927 paucis
1727 2853 1837 2909 die-

255 2951 366 3004 bus
397 2957 526 3004 ante
574 2947 776 3004 festum
807 2944 1203 3017 Thaumaturgi
1248 2947 1470 3017 quidam
1516 2945 1687 3002 veluti
1731 2946 1837 3000 hu-

256 3058 378 3097 mor
399 3049 647 3111 apparet,
683 3042 775 3113 qui
816 3040 1018 3098 deinde
1044 3039 1306 3110 paulatim
1356 3048 1612 3111 augetur,
1644 3048 1700 3094 et
1748 3054 1836 3093 rc-

1920 552 1973 605 τί
1997 553 2063 607 ἂν
2090 553 2182 607 καὶ
2216 553 2500 623 πάσχουσα
2527 551 2637 623 εἴη.
2678 551 2745 610 Ἥ
2776 553 2834 607 δὲ
2865 552 3247 608 ὑποῖεικνὺναι
3285 556 3499 611 ὲδόκειυ

1924 647 2016 700 καὶ
2049 647 2077 701 ὁ
2106 646 2298 711 "Arte;
2320 646 2399 700 ἑνὶ
2421 646 2625 701 τούτων
2645 644 2970 715 προσλαϐὼν
3001 647 3358 717 ὑπεφαίνετο·
3388 650 3497 704 Το-

1924 739 2032 809 μὴν
2062 739 2229 808 αὑτῆς
2255 739 2336 792 δεῖ
2363 738 2439 810 τῷ
2466 739 2624 810 μηρῷ
2656 740 2949 793 ἐπιθεῖναι.
2980 739 3090 793 Καὶ
3128 742 3156 794 ὁ
3189 741 3289 809 μὲν
3326 740 3503 807 οὕτως

1923 830 2117 886 ἐποίει.
2151 827 2216 883 Ἦ
2239 830 2521 901 δὲ,ὦσπερ
2552 830 2741 899 ὀδύνης
2767 831 3062 902 αἰσθομένη
3093 832 3257 895 τινὸς,
3289 833 3486 887 διυπνί-

1925 923 2071 990 ζετο,
2110 921 2253 991 ἔγνω
2278 922 2336 976 δὲ
2365 922 2516 976 οὐδὲν
2542 917 2616 977 ὧν
2644 923 2709 976 πέ
2721 922 2929 977 πονθεν.
2979 922 3065 987 Ὠς
3094 923 3149 976 δὲ
3187 925 3281 978 καὶ
3310 925 3501 995 ἡμέρα

1925 1008 2009 1083 ἦν,
2043 1015 2075 1083 ὴ
2116 1012 2382 1085 ὑπηρέτις
2415 1013 2552 1084 αὑτῇ
2584 1014 2974 1085 προσελθοῦσα,
3009 1015 3103 1068 καὶ
3133 1013 3277 1086 ὕδωρ
3308 1016 3413 1070 ὑπὸ
3433 1018 3503 1087 τῇ

1926 1103 2082 1176 κλίνῃ
2111 1106 2412 1175 κεχυμένον
2444 1105 2647 1168 ἰδοῦσα,
2684 1106 2851 1176 οὑράν
2880 1123 2936 1159 τε
2971 1106 3103 1160 αὑτό
3136 1101 3299 1172 εἶναι,
3326 1109 3403 1171 ὡς
3439 1108 3506 1161 τὸ

1926 1197 2095 1262 εἰκὸς,
2125 1197 2392 1268 οἰηθεῖσαι,
2435 1197 2494 1250 τὸ
2524 1198 2766 1267 ἄκοσμον
2789 1198 2926 1269 αὑτῇ
2957 1196 3227 1261 ὠνείδιζε,
3253 1197 3346 1252 καὶ
3374 1198 3507 1252 ἀτε-

1928 1289 2069 1360 χνῶς
2092 1289 2359 1363 ἄσχημον,
2390 1290 2469 1343 ὅτι
2505 1288 2579 1360 μὴ
2607 1289 2830 1360 ἀνέστη,
2871 1291 2966 1342 καὶ
3003 1288 3077 1360 μὴ
3105 1289 3331 1342 ἐκάλεσε
3395 1306 3507 1358 μηο

1926 1382 2121 1452 δεμίαν
2181 1382 2287 1435 τῶν
2318 1380 2798 1451 ὑπηρετουμένων,
2856 1379 2990 1434 ἀλλὰ
3037 1381 3133 1434 καὶ
3186 1379 3253 1432 τά
3308 1381 3506 1449 ἱμάτια

1928 1472 2166 1545 ᾔσχυνεν
2208 1472 2350 1525 οὑτω
2384 1472 2524 1543 μετὰ
2556 1471 2664 1525 τῶν
2697 1473 3058 1543 στρωμάτων.
3106 1473 3169 1524 Ἢ
3203 1471 3258 1524 δὲ
3289 1471 3511 1541 ἠρνεῖτο

1933 1564 2102 1635 μηδὲν
2170 1560 2410 1617 τοιοῦτον
2477 1562 2801 1633 εἰργάσθαι,
2859 1562 3098 1631 λέγουσα
3140 1576 3155 1592 °
3197 1559 3503 1631 Μηδαμῶς.

1935 1657 2169 1710 Ἔπειτα
2235 1655 2328 1710 τοῦ
2376 1656 2602 1725 χιτῶνος
2636 1654 3051 1718 ἀνασταλέντος,
3090 1654 3190 1724 τῆς
3224 1652 3398 1723 τομῆς
3442 1670 3506 1707 τε

1931 1747 2307 1816 διαφανείσης,
2339 1746 2547 1800 καὶτοῦ
2576 1747 2744 1816 ὑγροῦ
2775 1745 3196 1817 καταρρέοντος,
3225 1746 3253 1798 ό
3282 1744 3381 1814 μὲν
3419 1745 3507 1797 ία-

1932 1841 2057 1911 cpe,-
2106 1840 2263 1912 δῆλος
2296 1836 2387 1911 ἦν,
2428 1840 2568 1909 αὐτή
2598 1856 2653 1892 τε
2684 1838 2843 1908 ὑγιὴς
2872 1839 3170 1904 ἐδείκνυτο,
3201 1839 3295 1892 καὶ
3322 1836 3509 1892 οἶκαδε

1932 1933 2115 1999 καλῶς
2140 1934 2500 2006 ἐπανήρχετο.

2003 2135 2131 2192 ΚΓ.
2176 2138 2230 2189 Ἀ
2240 2137 2364 2208 ρκεί
2381 2137 2591 2201 τούτοις
2611 2135 2882 2205 γεύματος
2908 2134 3006 2204 τὴν
3035 2133 3164 2203 ὃλην
3189 2130 3520 2202 ἀποδειχθῆ-

1933 2245 2023 2284 ναι
2047 2228 2144 2282 τοῦ
2172 2228 2428 2298 Μεγάλου
2444 2229 2632 2299 χάριν.
2663 2227 2727 2281 Τί
2752 2226 2883 2296 γάρ,
2909 2229 3048 2281 κατὰ
3070 2224 3168 2296 τὴν
3184 2224 3519 2295 τραγῳδίαν.

1934 2322 2290 2395 ἀναρίθμητα
2347 2321 2730 2393 μετρήσασθαι
2763 2320 2883 2385 δεῖς
2938 2320 3032 2372 καὶ
3091 2318 3203 2386 γὰρ
3259 2316 3519 2373 οὐδέποτε

1934 2414 2109 2470 ταῦτα
2149 2413 2420 2484 λεγόμενα
2460 2412 2719 2483 λήγουσιν
2739 2425 2755 2442 ο
2793 2410 2929 2465 ἀλλὰ
2963 2413 3075 2473 τοῖς
3108 2410 3217 2463 τῶν
3248 2407 3513 2478 ποταμῶν

1937 2508 2203 2579 ῥεύμασιν
2230 2505 2447 2577 ἔχουσιν
2471 2504 2674 2575 ὁμοίως
2694 2520 2706 2534 ·
2734 2504 2911 2567 ἄλλως
2935 2503 2992 2557 δέ
3022 2519 3080 2557 τε
3124 2501 3221 2557 καὶ
3244 2501 3363 2564 ἐνὸς
3393 2500 3512 2554 ἀντῖ

1936 2601 2158 2654 πάντων
2187 2598 2513 2670 ἀρκοῦντος,
2534 2596 2628 2651 τοὺ
2659 2596 2975 2667 θεορρὑου,
3004 2597 3169 2664 φημὶ,
3195 2594 3458 2664 νάματος,
3489 2594 3517 2646 ἓ

1938 2694 2156 2765 πρόεισι
2190 2692 2298 2763 ’μὲν
2333 2692 2425 2745 τοῦ
2450 2692 2646 2761 τάφου,
2684 2691 2779 2745 καὶ
2809 2690 2998 2743 τοῦτον
3037 2688 3151 2759 ἔχει
3176 2687 3392 2757 γένεσιν
3422 2688 3517 2740 καὶ

1939 2785 2125 2855 πηγήν
2153 2799 2165 2812 ·
2199 2783 2416 2853 πρόεισι
2455 2780 2513 2836 δὲ
2540 2783 2639 2835 οὑκ
2667 2781 2775 2843 ἀεὶ,
2798 2781 2912 2837 ἀλλ’
2942 2780 3155 2848 ὀλίγαις
3187 2780 3286 2849 μὲν
3316 2779 3508 2847 πρότε-

1943 2892 2035 2947 ρον
2065 2860 2301 2946 ἡμέραις
2332 2874 2434 2943 τῆς
2474 2872 2568 2926 τοῦ
2606 2872 3025 2942 θαυματουργοῦ
3057 2873 3272 2942 ἑορτῆς,
3304 2864 3392 2925 οἷα
3429 2886 3519 2925 νο⁴

1940 2969 2019 3030 τὶς
2051 2964 2410 3035 ὑποφαίνεται
2431 2980 2445 2995 ο
2482 2963 2679 3016 ἔπειτα
2715 2962 2807 3016 καὶ
2840 2963 2900 3015 τὸ
2936 2962 3119 3031 ὀλίγον
3148 2959 3394 3028 αὒξεται,
3422 2959 3522 3014 καὶ

1941 3058 2186 3128 διαμένει
2219 3057 2357 3127 μετὰ
2387 3054 2482 3126 τὴν
2513 3054 2729 3125 ἑορτὴν,
2762 3055 2962 3109 οὑτωσὶ
3001 3052 3263 3123 πηγάζον,
3296 3051 3401 3115 ἕως
3427 3050 3521 3105 καί

258 3144 443 3190 manet
467 3133 616 3202 ‘post
656 3132 879 3200 festum,
913 3133 993 3193 sic
1029 3134 1362 3197 scaturiens,
1415 3132 1591 3187 donec
1632 3132 1832 3201 aliquot

1943 3165 2086 3211 τινες
2121 3147 2327 3219 ἡμέραι
2357 3146 2699 3218 παρέλθοιεν,
2738 3141 2860 3201 εἶτα
2896 3148 3156 3203 παύεται.
3188 3144 3334 3215 Πλὴν
3363 3138 3501 3213 οἶμα

256 3225 376 3280 dies
399 3224 769 3294 praeterierint
802 3243 814 3278 :
849 3222 1049 3281 deinde
1084 3226 1481 3296 cessat.Atque
1514 3223 1617 3278 hoc
1651 3222 1835 3288 modo,

260 3327 317 3370 ut
344 3317 564 3386 opinor,
605 3315 796 3387 majori
848 3323 933 3373 est
976 3315 1030 3371 in
1084 3317 1295 3373 honore
1335 3328 1391 3372 et
1447 3317 1834 3384 admiratione,

260 3425 420 3480 quam
455 3410 499 3464 si
526 3416 792 3479 perpetuo
822 3406 1039 3464 ﬂueret.
1069 3404 1338 3477 Quoniam
1364 3410 1444 3463 sic
1466 3422 1686 3465 servare
1720 3423 1840 3463 eer-

259 3514 393 3562 tum,
430 3510 481 3557 ct
516 3514 800 3571 nunquam
824 3498 1088 3557 aberrans
1116 3511 1334 3571 tempus
1364 3500 1571 3556 ﬂuendi
1606 3509 1667 3555 ct
1701 3500 1837 3555 defi~

259 3592 459 3659 eieudi,
503 3601 868 3663 praeterquam
899 3593 1049 3666 quod
1084 3593 1136 3651 id
1176 3592 1385 3665 gratius
1434 3602 1491 3649 et
1536 3593 1839 3649 admirabi-

259 3688 365 3743 lius
392 3689 482 3751 sit,
515 3698 600 3745 est
629 3687 797 3753 etiam
824 3689 997 3760 magis
1020 3688 1355 3744 venerabile.
1395 3687 1551 3755 Quod
1582 3688 1731 3744 enim
1754 3698 1839 3743 est

259 3789 611 3851 perpetuum,
642 3780 802 3838 affert
831 3780 1069 3838 fortasse
1098 3780 1266 3836 etiam
1293 3781 1602 3837 satietatem
1626 3798 1639 3845 ;
1673 3779 1837 3836 satie-

260 3885 344 3929 tas
366 3883 549 3929 autem
582 3873 798 3930 inducit
821 3876 1317 3946 contemptionem.

330 3966 514 4022 XXIV.
549 3967 662 4025 Hoc
686 3978 792 4035 est,
819 3969 965 4038 quod
994 3968 1091 4023 tibi
1123 3983 1153 4022 a
1174 3968 1333 4025 nobis
1358 3966 1588 4024 offertur
1607 3968 1836 4033 donum,

260 4061 495 4133 maxime
523 4060 684 4116 Pater
720 4060 1013 4130 Sampson,
1061 4060 1254 4118 nescio
1290 4060 1536 4132 quidem,
1576 4077 1644 4115 an
1668 4076 1733 4117 ex
1759 4058 1840 4115 tui

262 4152 432 4206 animi
457 4153 755 4218 sententia,
813 4151 910 4208 sed
961 4162 1111 4209 certe
1163 4168 1263 4223 pro
1333 4153 1539 4209 nostris
1603 4152 1839 4208 viribus.

261 4246 419 4313 Quod
455 4246 678 4318 quidem
718 4246 959 4318 benigne
998 4257 1054 4302 et
1091 4249 1306 4317 placide
1351 4249 1609 4319 accipias,
1647 4249 1740 4320 qui
1784 4264 1844 4305 es

263 4339 693 4410 benignissimus
735 4357 747 4394 :
797 4341 1229 4411 morborumque
1274 4350 1627 4404 nostrorum,
1677 4350 1843 4413 atque

265 4433 388 4488 ideo
416 4431 613 4488 animae
645 4432 848 4503 potius,
880 4447 1045 4503 quam
1084 4435 1356 4505 corporis,
1394 4434 1576 4490 bonus
1616 4436 1691 4491 sis
1733 4450 1843 4490 me-

260 4523 444 4589 dicus,
477 4521 589 4578 dux
611 4533 667 4581 et
692 4533 879 4582 custos
915 4525 1085 4581 totius
1124 4536 1328 4583 nostrae
1367 4527 1514 4593 vitae,
1558 4525 1839 4584 Christum

262 4615 503 4671 reddens
528 4617 659 4671 mihi
691 4618 1013 4689 propitium.
1063 4618 1235 4684 Quem
1269 4619 1387 4691 ipse
1433 4620 1656 4691 quidem
1701 4620 1838 4677 insi-

262 4710 445 4778 gniter
494 4708 756 4779 dilexisti,
806 4726 915 4782 ego
948 4722 1132 4767 autem
1183 4723 1535 4782 peccatorum
1584 4712 1841 4768 multitu-

262 4801 413 4866 dine,
449 4802 540 4857 hei
571 4804 727 4866 mihi,
754 4804 1044 4882 plusquam
1074 4805 1182 4859 dici
1219 4805 1416 4874 possit,
1447 4807 1746 4876 provocavi
1771 4805 1840 4861 ad

264 4892 402 4946 iram
435 4908 448 4942 :
478 4908 641 4965 quem
674 4894 835 4952 decet
862 4895 1043 4952 omnis
1067 4896 1260 4967 gloria,
1294 4896 1474 4952 honor
1501 4907 1559 4953 et
1589 4897 1843 4954 adoretio

264 5000 415 5041 nunc
488 4998 545 5042 et
617 5002 873 5058 semper,
942 5000 997 5045 et
1072 4994 1126 5043 in
1209 4990 1409 5045 szequa
1458 4991 1843 5065 _s:eculorum,

266 5077 467 5135 Amen.

339 5258 579 5331 (22)_ilis
606 5262 883 5317 annotatis
905 5263 1127 5317 minime
1161 5272 1453 5319 contentus
1483 5263 1677 5318 fuisset
1707 5279 1836 5319 erus

265 5326 414 5403 ditus
436 5326 888 5403 'Commentator,
921 5331 1016 5387 sed
1052 5346 1274 5403 quoque
1304 5347 1500 5387 novam
1523 5332 1836 5390 versionem

264 5399 548 5473 edomare,
586 5400 878 5469 voluisset,
906 5403 976 5473 si
1023 5399 1120 5472 per
1175 5399 1342 5459 vitam
1388 5403 1673 5469 licuisset;
1715 5416 1840 5473 quae

266 5471 450 5527 versit)
479 5470 664 5528 minus
690 5485 878 5540 presse
902 5470 1177 5529 inhaerens
1201 5473 1518 5529 Grteeorum
1548 5470 1846 5531 verborum

268 5540 473 5618 ordini,
497 5551 551 5595 et
584 5542 830 5618 periodis
860 5557 1035 5618 usque
1065 5544 1132 5618 ad
1174 5544 1704 5618 fastidiumaurium
1743 5543 1845 5600 La-

272 5612 512 5664 tinarum
554 5612 820 5678 prolixit;
862 5615 1035 5669 multo
1082 5614 1286 5671 clarius
1330 5615 1677 5673 exhibuisset
1717 5629 1841 5671 sen-

1942 3240 2115 3312 ταὺτῃ
2144 3238 2560 3309 Θαυμαζόμενον
2604 3238 2700 3294 καὶ
2729 3240 3074 3310 τιμιώτερον,
3103 3238 3135 3308 ἢ
3170 3239 3221 3291 εί
3257 3234 3515 3306 διηνεκῶς

1944 3333 2039 3387 καὶ
2075 3333 2329 3404 ἁλῆκτως
2353 3333 2581 3387 διετέλει
2617 3333 2740 3405 ῥέον
2760 3348 2775 3365 ο
2808 3333 2932 3385 ἐπεὶ
2955 3332 3081 3399 τόγε
3109 3330 3394 3400 συντηρεῖν
3423 3325 3513 3381 οὗ·

1942 3440 2051 3489 τως
2080 3422 2296 3492 ἀπλανῆ
2339 3439 2398 3475 τε
2430 3422 2526 3476 καὶ
2563 3422 2921 3492 ἀδιάψευστον
2953 3420 3045 3474 τὸν
3069 3416 3261 3490 καιρὸν
3290 3416 3382 3470 τδν
3420 3414 3528 3478 τῆς

1943 3516 2231 3589 ἐπιρροῆς,
2279 3515 2445 3586 φημὶ,
2489 3514 2583 3569 καὶ
2636 3513 2730 3567 τὸν
2774 3516 2873 3583 τῆς
2920 3497 3218 3580 ἐκλείψεως
3249 3507 3389 3577 μετὰ
3425 3504 3526 3559 τοῦ

1945 3607 2399 3680 θαυμασιώτερον
2448 3607 2544 3662 καὶ
2586 3604 2942 3678 χαριέστερον
2969 3597 3134 3667 εἶναι,
3172 3600 3373 3672 μᾶλλον
3405 3600 3527 3652 ἐστι

1945 3700 2040 3755 καὶ
2105 3698 2584 3772 σεϐασμιὼτερον’
2636 3701 2696 3752 τὺ
2744 3697 2852 3768 γὰρ
2917 3694 3164 3767 διηνεκὲς
3240 3692 3370 3757 ἴσως
3428 3690 3527 3744 καὶ

1945 3791 2281 3863 προσκορές·
2321 3793 2351 3846 ό
2401 3792 2458 3845 δὲ
2516 3790 2675 3861 κόρος
2732 3790 2963 3860 πρᾶγμα
3024 3786 3193 3857 φέρον
3236 3785 3316 3846 εἰς
3353 3799 3503 3836 κατα

1947 3886 2235 3956 φρόνησιν.

2017 3973 2143 4029 KA'.
2180 3973 2350 4028 Τοῦτό
2386 3990 2467 4029 τοι
2500 3974 2562 4027 τὸ
2603 3975 2734 4043 παρ’
2769 3971 2926 4042 ἡμῶν
2961 3968 3373 4041 προσαγόμενον
3417 3962 3529 4016 δὼ-

1950 4086 2121 4142 ρημα,
2165 4069 2392 4140 μέγιστε
2438 4068 2690 4139 Πατρῶν,
2738 4066 3123 4137 Σαμψὼν,οὐκ
3162 4058 3281 4118 οῖδα
3312 4061 3433 4132 μὲν,
3474 4064 3531 4115 εί

1947 4162 2091 4217 κατὰ
2116 4160 2345 4231 γνώμην
2371 4160 2470 4232 τὴν
2501 4160 2624 4232 σὴν,
2657 4162 2800 4214 κατὰ
2827 4158 3062 4230 δύναμιν
3092 4157 3148 4210 δὲ
3180 4157 3401 4219 πάντως
3426 4152 3529 4225 τὴν

1947 4254 2244 4327 ἡμετέραν,
2275 4254 2303 4307 ὃ
2331 4255 2425 4307 καὶ
2454 4254 2629 4325 δέχοιο
2654 4251 2943 4323 προσηνῶς
2983 4266 3045 4304 τε
3082 4249 3177 4303 καὶ
3219 4245 3530 4317 φιλανθρώο

1948 4364 2086 4412 πως,
2125 4347 2153 4398 ὁ
2179 4344 2453 4414 πανταχοῦ
2485 4343 2891 4415 φιλάνθρωπος,
2938 4339 3165 4395 καὶτῶν
3205 4336 3395 4393 παθῶν
3430 4338 3533 4390 καὶ

1948 4439 2124 4493 νόσων
2162 4438 2271 4491 τῶν
2302 4437 2613 4508 ἡμετέρων,
2646 4436 2741 4490 καὶ
2770 4435 2973 4506 μᾶλλον
3011 4433 3119 4488 τῶν
3145 4430 3414 4504 ψυχικῶν,
3444 4430 3531 4483 ία-

1948 4529 2079 4602 τρὸς
2123 4530 2240 4600 εἴης
2279 4527 2540 4599 χρηστὸς,
2583 4527 2809 4599 ἡγεμὼν
2849 4526 2944 4581 καὶ
2975 4525 3152 4597 φύλαξ
3184 4521 3389 4587 παντὸς
3428 4520 3529 4575 τοῦ

1949 4623 2074 4675 καθ’
2101 4623 2249 4694 ἡμᾶς
2296 4622 2445 4692 βίου·
2482 4621 2639 4676 ἴλεὼν
2676 4639 2765 4692 μοι
2806 4621 2978 4685 τιθεὶς
3019 4620 3113 4673 τὸν
3155 4615 3414 4689 Χριστὸν,
3465 4615 3527 4667 ὃν

1945 4716 2107 4780 αὑτὸς
2154 4714 2258 4786 μὲν
2299 4714 2665 4784 διαφερόντως
2712 4714 3031 4784 ἠγάπησας,
3064 4709 3177 4780 ἐγὼ
3216 4710 3273 4764 δὲ
3324 4707 3528 4777 πλήθει

1946 4805 2255 4878 ἁμαρτιῶν,
2287 4805 2456 4877 οἴμοι,
2485 4804 2795 4875 ἀδιηγήτως
2839 4803 3197 4874 παρώργισα·
3245 4793 3290 4868 ᾧ
3319 4797 3528 4868 πρέπει

1948 4900 2100 4954 πᾶσα
2118 4898 2267 4965 δόξα,
2301 4899 2434 4969 τιμὴ
2465 4899 2561 4953 καὶ
2590 4897 2981 4969 προσκύνησις,
3013 4895 3110 4950 νῦν
3150 4897 3247 4949 καὶ
3282 4894 3392 4958 ἀεὶ,
3428 4892 3532 4945 καὶ

1950 4992 2032 5054 εἰς
2055 4990 2183 5054 τοὺς
2209 4989 2410 5056 αἰῶνας
2440 4990 2548 5045 τῶν
2574 4989 2804 5044 αἰώνων.
2853 4991 2906 5042 Ἀ
2919 4991 3048 5058 μήν.

1947 5280 2069 5337 sum
2101 5266 2380 5337 auctoris,
2409 5266 2692 5337 magisque
2724 5263 2979 5319 intercisa
3004 5264 3207 5337 minus
3242 5260 3533 5337 fatigasset

1947 5335 2233 5390 lectorem.
2279 5334 2386 5391 Sed
2415 5331 2560 5407 quod
2595 5331 2685 5390 hic
2718 5350 2829 5389 non
2865 5334 3064 5407 potuit,
3108 5339 3285 5387 morte
3328 5331 3532 5407 imma-

1946 5412 2074 5460 tura
2096 5400 2484 5480 provenieute';
2512 5419 2695 5476 neque
2707 5419 2809 5459 nos
2838 5400 3002 5480 modo
3028 5415 3342 5473 possumus,
3369 5400 3534 5480 prcit)

1952 5470 2177 5546 moram,
2197 5491 2310 5531 non
2338 5476 2548 5531 ferente
2575 5470 2888 5546 {quamvis
2927 5470 3110 5528 tamen
3142 5486 3343 5546 negare
3379 5470 3534 5546 noli-

1954 5559 2096 5616 mus,
2130 5545 2288 5616 plura
2342 5546 2509 5601 etiam
2558 5540 2670 5601 nos'
2713 5544 2766 5600 in
2818 5553 2974 5601 textu
3019 5540 3341 5600 emendasse
3385 5540 3537 5596 inter

1953 5615 2336 5688 corrigendum
2371 5616 2776 5687 typothetarum
2810 5625 3011 5671 errata.
