4010 6428
224 352 325 410 309

1205 341 1379 400 VITA
1419 340 1475 398 S.
1519 333 1899 397 STEPHANI
1941 334 2034 393 ET
2078 332 2492 393 SOCIORUM.

3283 327 3296 336 '
3365 325 3476 389 310

933 637 1802 905 'MENSIS-
1897 721 2718 902 JULIUS.

355 1256 534 1367 DE
616 1250 822 1368 SS.
924 1249 1677 1366 STEPHANO
1763 1245 2453 1364 EPISCOPO
2548 1243 3322 1374 BHEGIENSI

1541 1490 1692 1578 ET
1759 1485 2182 1588 SOCIIS,

752 1689 1013 1751 SUERA
1047 1686 1458 1763 EPISCOPO,
1487 1683 1835 1753 AGNETE,
1869 1683 2349 1747 FELICITATE
2384 1685 2488 1746 ET
2541 1685 2962 1749 PERPETUA

1061 1832 1626 1891 MARTYRIBUS
1682 1829 1985 1886 RHEGII
2045 1830 2126 1886 IN
2183 1831 2656 1890 CALABRIA.

1240 1969 1381 2034 (Julii
1409 1971 1492 2022 die
1519 1970 1548 2020 5
1579 1970 1701 2020 Acta
1725 1967 1818 2018 SS.
1838 1965 2062 2016 Bolland.
2090 1967 2151 2018 ad
2172 1967 2301 2019 hanc
2323 1967 2500 2030 diem.)

299 2264 351 2316 l.
389 2261 655 2316 Notiores
697 2260 834 2315 olim
878 2259 1032 2314 fuere
1071 2259 1131 2314 hi
1170 2259 1344 2315 sancti
1383 2258 1529 2328 apud
1575 2259 1816 2324 Graecos,
1848 2259 2244 2332 Aepiscopum
2296 2260 2620 2329 Bovensem,
2655 2261 2748 2333 qui
2796 2259 3174 2334 suﬂ'raganeus
3215 2270 3298 2318 est
3349 2264 3498 2322 Rhe-

237 2370 394 2423 quam
439 2355 588 2424 apud
625 2353 880 2408 Latinos.
915 2353 1285 2408 Meminerunt
1315 2369 1507 2410 eorum
1550 2353 1816 2408 nonnulla

242 2447 435 2502 Item
471 2447 621 2517 apud
666 2463 790 2513 nos,
826 2447 1229 2504 Chilﬂetianum
1274 2456 1439 2516 atque
1470 2446 1818 2501 Sirmundia-

247 2555 403 2603 num;
457 2555 706 2609 quorum
762 2539 895 2594 illud
958 2538 1048 2595 die
1093 2556 1124 2593 ν
1167 2539 1298 2594 Julii
1341 2539 1516 2609 legit:
1545 2539 1820 2607 Στεφάνου

255 2631 485 2702 Κιὶάΰρ.
522 2634 621 2684 καὶ
647 2632 758 2684 τῶν
803 2632 899 2686 σὺν
948 2631 1097 2701 αὐτῷ
1128 2647 1144 2664 ο
1192 2630 1305 2687 Hoc
1334 2646 1465 2685 vero
1494 2631 1687 2686 eodem
1731 2631 1821 2687 die

250 2723 402 2791 paulo
432 2724 768 2792 explicatius
813 2745 824 2778 :
865 2723 974 2777 Τοῦ
1000 2725 1156 2792 ἁγίου
1191 2726 1485 2795 Μάρτυρος
1521 2726 1821 2794 Στεφάνου,

249 2811 339 2865 τοῦ
381 2813 464 2875 εἱς
513 2814 579 2867 τὸ
626 2814 848 2882 Ῥήγιον
889 2815 1207 2884 Καλαὸρίας
1246 2817 1521 2886 κειμένου,
1568 2818 1663 2870 καὶ
1708 2817 1818 2870 τῶν

247 2907 342 2958 σὺν
375 2907 528 2976 αὐτῷ
560 2909 734 2974 ἁγίων
759 2911 1256 2980 μαρτυρησάντων
1298 2929 1317 2963 ι
1344 2910 1528 2967 Sancti
1561 2910 1824 2982 Stephani

246 2999 526 3065 martyris,
561 2999 654 3066 qui
677 2999 822 3067 jacet
851 2999 1043 3070 Rhegii
1077 3000 1131 3055 in
1169 2999 1439 3066 Calabria,
1465 3013 1521 3056 et
1551 3001 1825 3057 sociorum

243 3087 363 3154 ejus
420 3096 779 3150 sanctorum,
835 3090 928 3159 qui
992 3106 1118 3146 cum
1174 3106 1243 3147 eo
1300 3094 1624 3164 martyrium
1690 3093 1825 3148 sub-

247 3177 457 3232 ierunt.
501 3197 522 3231 ι
557 3179 842 3237 Monachis
860 3199 1081 3252 quoque
1100 3182 1315 3256 Cryptae
1334 3186 1590 3252 Ferratre,
1627 3195 1682 3242 et
1709 3187 1830 3244 aliis

247 3270 646 3328 ecclesiasticis
681 3273 854 3330 Graeci
890 3279 1051 3342 ritus,
1090 3281 1480 3336 celebrandum
1513 3282 1707 3338 eodem
1740 3284 1828 3339 die

251 3366 637 3434 praescribitur
682 3367 904 3436 festum,
936 3369 1042 3422 Τοῦ
1082 3371 1239 3438 ἁγίου
1287 3374 1560 3442 Στεφάνου
1607 3375 1830 3445 καὶτῆς

256 3459 508 3521 συνοδίας
540 3460 728 3514 αὑτοῦ.
771 3460 980 3516 Similia
1024 3463 1228 3518 habent
1272 3465 1473 3520 Menma
1512 3467 1698 3522 Grmca
1751 3469 1832 3523 hi-

257 3548 549 3605 bliothecaa
577 3551 882 3618 Vaticanze;
909 3562 965 3609 et
991 3555 1121 3610 alibi
1152 3557 1254 3610 alia
1275 3557 1432 3612 facile
1460 3559 1832 3626 invenientur,

259 3657 380 3710 qua:
414 3643 548 3697 mihi
581 3646 692 3698 visa
726 3661 836 3700 non
863 3656 1012 3713 sunt,
1044 3664 1273 3719 quasque
1302 3650 1413 3720 jam
1447 3651 1591 3706 dicta
1639 3664 1834 3722 potue-

263 3743 390 3787 runt
423 3735 777 3792 confirmare.

331 3825 386 3879 2.
425 3826 586 3880 Nulla
623 3836 804 3884 tamen
850 3830 994 3900 apud
1029 3831 1423 3903 Martyrologos
1453 3833 1676 3891 Latinos
1715 3836 1837 3891 Ste-

266 3916 430 3983 phani
469 3918 638 3988 hujus
669 3929 726 3974 et
756 3922 1035 3976 sociorum
1069 3935 1369 3996 martyrum
1412 3937 1587 3982 exstat
1633 3946 1840 3986 memo-

262 4007 362 4062 ria.
390 4008 548 4074 Quod
577 4010 839 4067 indicium
865 4029 986 4070 esse.
1017 4019 1207 4085 possit,
1237 4034 1344 4073 non
1377 4020 1514 4076 adeo
1541 4022 1839 4089 celebrem,

263 4106 598 4176 scriptorum
623 4109 845 4164 illorum
876 4115 1235 4182 temporibus.
1262 4117 1500 4186 viguisse
1541 4121 1748 4174 cultum
1787 4122 1841 4176 in

267 4195 512 4254 Ecclesia
531 4200 745 4257 Latina.
769 4207 948 4274 Atque
977 4206 1106 4261 hinc
1138 4208 1338 4262 factum
1362 4209 1455 4273 sit,
1488 4220 1546 4264 ut
1575 4209 1845 4283 Rhegien—

268 4288 344 4342 sis
386 4291 860 4363 archiepiscopus,
893 4298 1125 4352 Annibal
1169 4299 1235 4353 de
1274 4299 1523 4367 Afﬂictis,
1557 4303 1640 4356 vir
1676 4305 1843 4376 multa

268 4383 636 4440 sanctimonia
665 4387 872 4450 clarus,
903 4388 1063 4445 initio
1099 4393 1284 4447 saeculi
1315 4395 1616 4462 superioris
1639 4398 1847 4468 suppli-

270 4476 481 4529 caverit
535 4482 952 4550 congregationi
1010 4500 1294 4540 sacrorum
1353 4487 1580 4542 Rituum
1637 4490 1843 4556 Romae,

270 4577 378 4629 quo
443 4583 463 4615 σ
500 4565 610 4620 sibi
666 4568 888 4639 suisque
934 4570 1332 4642 Rhegiensihus
1386 4574 1614 4630 facultas
1667 4575 1844 4640 ﬁeret,

277 4657 494 4722 publice
519 4661 830 4728 exponendi
856 4664 1168 4734 imaginem,
1199 4665 1256 4720 S.
1286 4665 1562 4736 Stephano
1591 4669 1850 4740 episeopo

275 4761 375 4799 suo
403 4761 469 4801 ac
501 4751 750 4817 martyri,
785 4763 950 4823 atque
973 4756 1164 4811 altaria
1194 4768 1246 4812 et
1272 4760 1470 4828 templa
1505 4761 1558 4813 in
1583 4760 1847 4817 honorem

273 4837 518 4904 ejusdem
569 4842 842 4912 erigendi.
883 4863 903 4896 ι
944 4846 1118 4902 Affert
1143 4865 1242 4918 pro
1278 4850 1484 4903 motive
1518 4851 1641 4906 talia
1683 4853 1853 4923 impe-

279 4931 480 4994 trandi,
507 4933 661 5002 quod
693 4953 711 4985 σ
750 4937 983 5002 pridem,
1011 4951 1175 5010 atque
1209 4942 1375 4995 etiam
1411 4951 1540 4997 tunc
1569 4945 1850 5013 temporis,

277 5024 671 5082 celebrabatur
701 5028 770 5084 de
800 5031 992 5086 eodem
1024 5044 1214 5088 sancto
1241 5034 1519 5103 Stephano
1559 5035 1852 5105 sociisque,

277 5117 368 5173 die
425 5135 458 5173 ν
500 5121 636 5176 Julii
681 5123 842 5180 Missa
899 5134 954 5180 et
996 5129 1099 5182 alia
1135 5128 1340 5185 Ofﬁcia.
1384 5148 1400 5179 ι
1443 5128 1510 5183 Ει
1540 5144 1691 5184 saera
1721 5144 1857 5183 con-

185 5261 195 5265 -
282 5211 555 5279 gregatio,
617 5214 890 5270 referente
942 5217 1222 5274 illustriss.
1279 5229 1335 5274 et
1400 5217 1861 5273 reverendissimo

288 5301 345 5354 Ι).
379 5303 696 5371 Francisco,
733 5307 914 5364 Sancti
950 5309 1139 5380 Angeh
1171 5313 1225 5364 in
1260 5311 1401 5364 Foro
1427 5308 1666 5364 Piscium
1697 5307 1858 5364 Card.

285 5394 786 5469 Buoncompagno,
839 5403 1070 5471 gratiam
1135 5405 1363 5474 petitam
1424 5401 1698 5458 concessit
1770 5417 1864 5455 an-

287 5503 358 5544 no
391 5491 552 5546 1622.
587 5493 660 5546 De
693 5493 846 5550 hisce
887 5494 1024 5548 mihi
1078 5503 1312 5558 constat,
1351 5495 1422 5549 ita
1470 5495 1673 5550 factum
1722 5510 1866 5558 esse,

286 5599 354 5638 ex
384 5586 702 5641 testimonio
735 5587 948 5642 Nicolai
983 5585 1168 5643 Marias
1194 5587 1482 5652 Modofari,
1517 5596 1650 5642 tunc
1685 5587 1871 5641 Romae

286 5679 538 5734 ecclesiae
569 5681 626 5736 S.
653 5681 882 5736 Thema:
913 5679 966 5734 in
997 5679 1230 5735 Parione
1272 5680 1524 5744 rectoris,
1554 5685 1610 5734 et
1644 5678 1872 5749 hujusce

289 5791 468 5832 causa:
515 5775 763 5848 Agentis,
798 5783 964 5845 atque
1003 5772 1197 5830 eodem
1233 5789 1393 5853 anno
1430 5771 1565 5831 1629.
1599 5771 1760 5828 electi
1817 5771 1874 5827 in

1921 2364 2146 2420 gienSIs.

1988 2440 2042 2494 5.
2079 2441 2468 2496 Praedictarum
2514 2443 2925 2512 Scripturarum
2966 2446 3065 2515 (uti
3110 2445 3156 2501 ls
3193 2445 3368 2510 addit,
3401 2447 3500 2517 qui

1923 2531 2046 2588 illas
2097 2532 2255 2588 nobis
2305 2534 2583 2603 submisit)
2619 2535 2913 2607 archetypa
2944 2546 3298 2594 asservantur
3330 2554 3502 2608 penes

1922 2621 2189 2677 Joannem
2243 2623 2524 2679 Simonem
2583 2625 2651 2681 de
2698 2627 3000 2691 Antonino,
3043 2626 3108 2682 U.
3143 2629 3192 2684 J.
3235 2627 3293 2683 ι).
3321 2629 3498 2682 virum

1925 2713 2202 2768 eruditum
2237 2724 2294 2770 et
2323 2716 2496 2785 pium,
2531 2725 2586 2772 et
2613 2719 2716 2787 ipsi
2755 2717 2811 2774 S.
2848 2718 3131 2789 Stephano
3168 2720 3303 2776 satis
3348 2722 3506 2775 addi-

1927 2817 2099 2872 ctum,
2138 2809 2296 2880 cujus
2329 2810 2620 2866 devotione
2661 2821 2716 2866 et
2748 2812 3006 2881 expensis
3037 2813 3297 2867 sacellum
3326 2821 3503 2868 exstat

1929 2899 2144 2968 (utique
2185 2909 2308 2969 post
2333 2910 2621 2971 acceptum
2666 2902 2756 2956 illa
2790 2902 2858 2958 de
2892 2919 2949 2959 re
2983 2919 3306 2975 reSponsum
3337 2923 3506 2961 sacra.-

1925 2991 2382 3064 Congregationis
2412 2993 2607 3065 Roma)
2646 3005 2988 3052 exstructum
3021 2998 3075 3051 in
3101 2997 3334 3053 ecclesia
3363 2998 3509 3054 Pric-

1931 3084 2237 3140 dicatorum
2286 3086 2343 3142 S.
2375 3086 2655 3158 Stephano
2689 3088 2955 3155 dicatum,
2983 3090 3036 3144 in
3062 3105 3172 3161 quo
3205 3091 3364 3146 annis
3392 3093 3506 3145 sin-

1931 3176 2074 3253 gulis
2098 3176 2422 3234 condecenti
2461 3194 2586 3234 cum
2623 3181 3027 3251 magnificentia
3070 3182 3244 3237 Missae
3293 3182 3506 3237 sacrit]-

1933 3268 2078 3322 cium
2107 3275 2166 3321 et
2192 3267 2444 3337 Vesperze
2474 3269 2707 3324 musicis
2731 3286 2853 3324 eum
2888 3272 3250 3326 concentibus
3289 3272 3342 3326 in
3368 3271 3509 3326 festo

1936 3359 2122 3416 Sancti
2155 3360 2478 3414 solemniter
2517 3360 2882 3417 celebrantur.
2927 3363 3083 3417 Circa
3133 3363 3346 3417 iconem
3376 3379 3509 3417 vero

1937 3452 2202 3507 antistitis
2227 3451 2516 3521 Stephani,
2545 3454 2794 3522 ejusdem
2818 3462 2935 3507 acta
2961 3466 3014 3508 et
3033 3454 3350 3526 martyrium
3383 3455 3512 3510 hinc

1940 3543 2070 3599 inde
2112 3544 2303 3614 figuris
2331 3556 2388 3601 et
2420 3548 2676 3604 versibus
2703 3548 3074 3607 declarantur.

2009 3635 2064 3690 4.
2093 3635 2291 3689 Iisdem
2333 3637 2445 3690 fere
2477 3638 2845 3707 temporibus,
2881 3641 3084 3708 quibus
3120 3642 3306 3696 Roma:
3343 3641 3510 3710 petita

1941 3740 2312 3796 concessaqne
2347 3728 2450 3783 fuit
2495 3726 2724 3783 facultas
2753 3732 3114 3786 construendi
3144 3731 3199 3786 S.
3237 3732 3514 3803 Stephano

1941 3820 2155 3883 altaria,
2187 3821 2404 3885 sacella,
2436 3824 2655 3892 templa,
2694 3825 2973 3893 impressit
3003 3824 3285 3880 Ferrarius
3311 3833 3514 3879 utrum-

1943 3927 2052 3982 que
2107 3914 2416 3984 catalogum
2468 3931 2649 3981 suum,
2681 3917 2914 3971 alterum
2957 3932 3155 3986 nempe
3197 3927 3513 3972 sanctorum

1945 4005 2131 4070 Italiae,
2166 4022 2311 4061 anno
2346 4008 2505 4071 1615,
2539 4009 2775 4062 alterum
2804 4010 3020 4063 illorum
3055 4009 3148 4079 qui
3182 4009 3234 4063 in
3267 4011 3516 4065 Romano

1947 4097 2326 4170 Martyrologio
2357 4115 2463 4153 non
2499 4099 2793 4164 habentur,
2822 4115 2966 4155 anno
2997 4100 3151 4156 1625.
3190 4101 3249 4154 In
3283 4108 3518 4177 utroque

1943 4201 2358 4254 commemorat,
2380 4192 2470 4247 die
2497 4193 2529 4247 5
2552 4192 2703 4256 Julii,
2731 4191 2788 4248 S.
2818 4179 3289 4262 Stephanum,sed
3312 4191 3519 4262 absque

1946 4284 2146 4349 sociis;
2196 4284 2248 4338 in
2305 4285 2477 4354 priori
2513 4285 2732 4354 quidem
2774 4301 2898 4340 cum
2938 4287 3120 4356 elogio
3156 4287 3261 4342 hoc
3295 4305 3308 4341 :
3345 4305 3365 4338 ‹
3404 4285 3523 4343 Stc-

1948 4376 2185 4444 phanns,
2221 4378 2358 4431 civis
2391 4377 2690 4448 Rheginus,
2731 4393 2761 4432 a
2791 4377 2848 4434 S.
2882 4378 3054 4434 Paulo
3095 4379 3364 4448 apostolo,
3395 4394 3520 4434 cum

1947 4486 2015 4524 ex
2073 4470 2229 4542 Syria
2283 4471 2512 4524 Romam
2569 4471 2787 4532 ductus,
2851 4469 3145 4542 Rhegium,
3204 4472 3522 4527 Brutiorum

1951 4563 2298 4632 metropolim
2333 4563 2658 4632 appulisset.
2695 4563 2762 4617 ad
2785 4561 3065 4619 Christum
3115 4580 3434 4628 conversus,
3468 4573 3524 4618 ct

1953 4657 2007 4710 in
2047 4655 2151 4710 [ide
2191 4656 2517 4720 instructus,
2556 4656 2769 4725 primus
2809 4655 3182 4724 Rheginorum
3233 4657 3525 4726 episcopus

1953 4750 2022 4804 ab
2065 4748 2257 4804 eodem
2309 4748 2556 4819 apostolo
2598 4747 2905 4801 ordinatur.
2957 4747 3085 4815 Qui,
3124 4756 3246 4818 post
3278 4747 3525 4820 Apostoli

1954 4845 2280 4910 discessum,
2313 4844 2441 4899 dum
2466 4859 2668 4898 munus
2707 4842 3021 4914 episcopale
3048 4843 3398 4913 praedicando
3427 4845 3528 4899 im-

1959 4936 2110 5006 pigre
2133 4945 2554 5005 exsequeretur,
2585 4935 2771 4990 multis
2801 4936 2912 5004 jam
2944 4935 3010 4990 ad
3044 4935 3202 4990 ﬁdem
3223 4936 3527 5005 perductis,

1962 5031 2016 5084 in
2046 5029 2357 5085 Neroniana
2398 5029 2781 5098 persecutione
2812 5028 3338 5097 comprehenditur;
3373 5045 3531 5084 cum-

1965 5139 2070 5194 que
2101 5131 2420 5177 constanter
2465 5120 2518 5174 in
2566 5119 2694 5174 ﬁdei
2731 5119 3080 5175 confessione
3133 5132 3532 5190 perseveraret,

1966 5225 2131 5287 atque
2188 5217 2376 5271 multis
2427 5215 2656 5270 aﬂ'ectus
2700 5212 3006 5282 suppliciis,
3033 5215 3309 5270 cruciatus
3345 5233 3536 5271 omnes

1970 5318 2304 5380 superasset,
2337 5307 2558 5362 demum
2605 5305 2800 5374 capitis
2850 5305 3275 5360 obtruncatione
3337 5317 3535 5380 marty;

1971 5405 2114 5458 rium
2143 5400 2560 5459 consummavit.
2600 5420 2616 5452 ›
2654 5399 2712 5454 1η
2747 5398 3033 5469 posteriori
3059 5408 3239 5453 autem
3257 5398 3538 5470 Catalogo,

1969 5495 2112 5552 idem
2163 5493 2451 5550 Ferrarius
2499 5493 2579 5547 sic
2630 5491 2795 5546 habet
2840 5509 2850 5543 :
2901 5507 2918 5540 ι
2960 5489 3152 5559 Ιὶιιεεὶἰ
3217 5490 3271 5546 in
3312 5489 3538 5553 Brutiis,

1969 5588 2027 5644 S.
2067 5586 2354 5657 Stephani,
2410 5583 2578 5656 pri-mi
2614 5582 2859 5655 ejusdem
2903 5581 3142 5651 episcopi
3183 5590 3238 5636 et
3285 5581 3544 5649 martyris

1970 5680 2071 5737 sub
2106 5679 2341 5736 Nerone.
2381 5697 2398 5729 ι

2044 5773 2094 5830 5.
2125 5771 2245 5828 Non
2293 5769 2443 5826 omni
2484 5783 2550 5824 ex
2594 5776 2746 5840 parte
2791 5764 2982 5821 istharc
3037 5761 3374 5819 concordant
3418 5773 3543 5817 cum
