4010 6488
978 336 1019 359 κ

498 383 602 451 311

1804 390 2041 454 MENS't
2051 391 2091 452 S
2130 389 2303 453 JULI
2316 389 2433 451 US.

2203 271 2298 283 κιρ-ο

3652 395 3759 460 312

496 505 648 560 Actis
671 502 895 570 Graecis,
929 520 1051 575 qua:
1083 503 1215 558 mihi
1243 503 1312 558 ab
1343 503 1493 560 hisce
1517 501 1709 576 viginti
1733 504 1918 571 annis,
1952 514 2083 560 tunc
2109 506 2160 566 Α
2186 500 2489 572 quidquam
2534 499 2742 558 habent
2785 499 2855 558 de
2894 503 3178 574 sepultura
3214 514 3533 561 sanctorum
3569 523 3759 581 corpo-

496 598 685 653 Romze
712 598 916 669 agenti,
942 614 971 652 a
997 597 1064 654 R.
1090 596 1150 653 Ρ.
1186 597 1427 668 Josepho
1482 597 1661 666 Denti,
1703 599 1903 655 domus
1948 615 2077 670 pro-

496 690 768 744 fessorutn
793 688 1076 743 societatis
1099 696 1306 743 nostra:
1345 688 1658 758 praeposito,
1695 688 1955 742 Messana:
1976 702 2075 741 cu-

497 790 615 836 rata
649 781 873 836 fuerunt
906 780 1143 835 describi
1197 797 1228 835 e
1258 781 1547 837 codicibus
1588 797 1692 837 ms.
1730 779 2074 836 celeberrimi

496 888 669 943 prope
706 873 901 926 urbem
946 871 1094 926 illam
1142 873 1463 927 monasterii
1518 873 1703 928 Sancti
1748 871 2070 937 Salvatoris,

494 965 706 1020 ordinis
762 964 819 1021 8.
870 963 1093 1027 Basilii;
1153 966 1231 1020 uti
1303 966 1558 1037 pluribus
1609 965 1723 1020 dixi
1778 965 1846 1020 ad
1895 965 2074 1021 Vitam

493 1058 553 1114 8.
579 1058 919 1114 Sebastiana:
964 1058 1027 1114 V.
1053 1058 1124 1114 Μ.
1160 1068 1307 1114 tomo
1348 1058 1414 1114 Vl
1447 1056 1620 1124 Junii,
1664 1073 1785 1128 quae
1831 1055 2075 1111 indidem

490 1152 562 1207 ab
590 1151 810 1219 eodem,
874 1153 953 1206 uti
1004 1152 1193 1208 multa:
1241 1152 1384 1217 aliae,
1427 1151 1561 1206 mihi
1614 1152 1802 1206 Gratce
1850 1149 2076 1205 fuerunt

489 1244 799 1301 submissae.
842 1245 989 1313 Hec,
1019 1245 1265 1316 inquam,
1300 1244 1433 1300 Acta
1478 1243 1533 1300 8.
1561 1243 1825 1315 Stephani
1879 1242 2074 1299 viden-

490 1346 581 1390 tur
603 1336 727 1392 fons
760 1351 905 1401 esse,
929 1352 996 1392 ex
1025 1352 1155 1408 quo,
1186 1345 1461 1408 quotquot
1477 1336 1546 1392 de
1580 1336 1674 1391 illo
1705 1334 1902 1391 Latine
1929 1336 2069 1391 scri—

488 1444 672 1499 psere,
695 1443 793 1484 sua
827 1429 1155 1495 hauserunt,
1188 1430 1314 1487 aliis
1372 1429 1599 1498 additis,
1653 1430 1780 1486 aliis
1822 1430 2070 1495 mutatis,

488 1537 593 1592 pro
645 1537 752 1578 suo
799 1523 1066 1595 cujusque
1118 1538 1305 1580 sensu.
1352 1523 1445 1580 Sic
1502 1523 1837 1594 Stephanus,
1870 1523 1965 1593 qui
2017 1523 2072 1577 in

486 1615 643 1673 Actis
693 1615 896 1672 Grazcis
946 1617 1149 1687 legitur
1197 1617 1373 1688 patria
1432 1617 1688 1675 Nicrenus
1731 1618 1786 1672 in
1818 1617 2071 1689 Bithynia

489 1707 685 1776 fuisse,
715 1720 772 1764 et
820 1724 943 1765 cum
1003 1709 1059 1766 S.
1114 1709 1287 1765 Paulo
1343 1711 1595 1782 apostolo
1647 1710 1917 1782 Rhegium
1972 1726 2070 1779 ap-

488 1800 728 1871 pulisse;
778 1801 922 1872 apud
969 1802 1281 1858 Ferrarium
1333 1802 1538 1859 dicitur
1583 1802 1721 1859 civis
1766 1802 2067 1873 Rheginus,

2188 610 2334 650 rum.
2398 594 2578 651 Facile
2638 594 2893 652 condono
2940 597 3001 652 P.
3055 595 3334 664 Cornelio,
3388 599 3667 673 Theologo
3711 615 3758 660 ct

2185 686 2618 766 Commentatori
2658 688 2713 743 in
2745 704 2960 744 sacram
2996 689 3337 760 Scripturam
3361 693 3591 758 eximio,
3619 698 3760 765 quod

2188 781 2296 836 llde
2341 790 2397 838 et
2432 781 2761 837 auctoritate
2791 781 3209 853 Rhegiensium,
3243 783 3485 839 virorum
3518 787 3760 844 erudito-

2186 891 2308 931 rum
2347 886 2401 931 et
2431 875 2848 946 primariorum,
2888 876 3012 930 talia
3045 877 3354 947 scripserit.
3391 878 3510 948 Ipse
3542 880 3760 936 interim

2184 967 2324 1023 nihil
2361 983 2461 1037 per
2495 982 2553 1022 se
2580 976 2989 1023 commentatur
3026 967 3096 1023 de
3127 984 3279 1023 mora
3323 978 3418 1024 aut
3467 986 3577 1025 non
3610 987 3761 1026 mora

2183 1056 2336 1113 Pauli
2362 1057 2595 1128 apostoli
2623 1057 2768 1129 apud
2795 1057 3089 1130 Rhegium.
3116 1057 3435 1130 Snpposuit.
3468 1078 3597 1117 verat
3620 1079 3762 1127 esse.

2184 1166 2308 1222 qum
2347 1151 2689 1222 Rhegienses
2717 1150 2787 1207 de
2817 1165 2969 1205 mora
3006 1151 3128 1224 ejus
3157 1151 3301 1224 apud
3339 1167 3400 1209 se
3439 1154 3605 1209 unius
3632 1153 3764 1222 diei,

2181 1253 2239 1299 et
2272 1243 2342 1299 de
2367 1257 2561 1314 magna
2593 1243 2956 1301 conversione
3002 1245 3296 1316 gentilium
3331 1244 3427 1300 illo
3456 1244 3549 1300 die
3590 1244 3767 1312 facta;

2185 1338 2317 1393 item
2356 1335 2426 1392 de
2455 1337 2609 1393 Actis
2641 1335 2698 1392 S.
2734 1334 3023 1407 Stephani,
3073 1337 3276 1393 saeculo
3330 1335 3539 1394 Christi
3585 1338 3768 1408 primo

2183 1424 2373 1483 Graece
2399 1425 2757 1497 conscriptis,
2788 1423 3155 1480 afﬁrmabant.
3185 1425 3256 1481 Et
3291 1426 3337 1481 si
3379 1426 3513 1497 quid
3559 1426 3654 1482 illa
3700 1427 3769 1484 de

2183 1533 2243 1572 re
2274 1533 2371 1588 per
2399 1532 2458 1574 se
2485 1525 2888 1572 commentatus
2920 1515 3136 1580 fuisset,
3168 1516 3361 1587 utique
3393 1518 3764 1583 ohservasset,

2180 1610 2329 1680 quod
2382 1610 2428 1665 si
2473 1610 2677 1666 Paulus
2708 1624 2820 1665 uno
2849 1608 2940 1666 die
2979 1608 3178 1682 Rbegii
3226 1625 3437 1665 moram
3485 1610 3764 1679 traxisset,

2182 1718 2291 1758 non
2320 1702 2591 1773 potuisset
2616 1703 2865 1759 secundo
2893 1702 2984 1759 die
3013 1701 3276 1758 Putoleos
3302 1702 3591 1774 attigisse:
3616 1704 3766 1775 quod

2186 1798 2358 1852 Lucas
2382 1796 2588 1853 factum
2625 1810 2747 1853 esse
2777 1796 2876 1853 ait.
2905 1795 3017 1852 Sed
3046 1795 3114 1851 de
3142 1794 3231 1850 bis
3257 1809 3383 1850 mox
3405 1794 3534 1850 alia.

450 1863 547 1941 et
596 1886 668 1942 ab
714 1863 1039 1958 vappellente
1096 1890 1219 1946 illas
1302 1891 1357 1945 i‘n
1430 1907 1559 1947 oras
1620 1892 1812 1958 Paulo,
1881 1863 2075 1961 [vlhegii
2110 1863 2153 1920 Β
2250 1891 2303 1946 8.
2331 1891 2545 1946 Interea
2573 1906 2638 1945 ex
2672 1889 2857 1946 citatis
2892 1888 3241 1946 editionibus
3267 1887 3677 1955 animadverto,
3710 1888 3764 1944 in

487 1979 772 2045 inventus,
820 1992 987 2050 atque
1040 1982 1117 2037 ibi
1168 1984 1236 2038 ad
1291 1982 1497 2039 Christi
1558 1983 1720 2039 [idem
1772 2000 2077 2041 conversus

486 2071 682 2128 fuisse.

561 2166 614 2221 6.
649 2166 1020 2239 Hieronymus
1062 2168 1330 2223 Maratioti
1368 2168 1425 2223 in
1469 2183 1569 2224 suo
1601 2166 1867 2224 Calabriae
1894 2169 2065 2226 Chro-

487 2258 635 2322 nico,
668 2257 855 2313 ltalice
897 2274 1046 2315 anno
1076 2257 1209 2315 1601
1240 2273 1465 2327 excuso,
1495 2275 1617 2331 pag.
1657 2258 1745 2331 47,
1776 2272 1831 2316 et
1859 2261 2074 2317 Marcus

486 2349 762 2405 Antonius
790 2350 950 2406 Potiti
985 2350 1040 2405 in
1071 2365 1173 2407 suo
1202 2350 1461 2407 similiter
1489 2350 1784 2418 Chronico,
1813 2353 2073 2410 Messanae

486 2441 759 2512 impresso
794 2458 928 2501 ann.
960 2442 1116 2510 1617,
1148 2459 1272 2515 pag.
1300 2443 1388 2500 80.
1417 2444 1568 2500 ldem
1601 2443 1806 2502 Paulus
1848 2446 2075 2503 Gualtc-

486 2534 607 2589 rius
656 2535 712 2588 in
769 2535 975 2592 sanctis
1021 2534 1308 2604 Calabriae,
1342 2535 1437 2606 qui
1489 2552 1635 2591 anno
1667 2535 1804 2595 1650
1840 2538 2069 2609 Neapoli

484 2625 833 2695 prodierunt,
885 2644 1006 2697 pag.
1049 2628 1139 2693 55,
1185 2637 1243 2682 et
1294 2626 1676 2683 Ferdinandus
1706 2628 1968 2699 Ughellus
2013 2632 2070 2687 in

485 2733 590 2773 suo
620 2717 797 2774 Italia
827 2734 996 2773 sacra:
1029 2727 1178 2774 tomo
1204 2717 1276 2773 IX
1303 2717 1455 2774 edito
1485 2734 1633 2774 anno
1669 2718 1828 2787 1662,
1865 2720 2072 2776 habent

2181 1992 2330 2040 textu
2367 1983 2561 2040 Gnaeo
2605 1990 2798 2040 nostro
2831 1982 3137 2053 sphalmata
3166 1982 3424 2054 quaedam
3469 1979 3767 2037 commissa

2177 2090 2319 2140 esse,
2352 2075 2744 2131 verosimiliter
2770 2074 3064 2131 oscitantis
3088 2074 3326 2142 librarii,
3363 2075 3475 2132 illis
3506 2075 3561 2130 in
3597 2074 3760 2142 locis,

2180 2166 2272 2220 ubi
2313 2180 2415 2237 ego
2447 2180 2547 2236 per
2583 2165 2795 2221 inclusa
2822 2165 2977 2221 hisee
3007 2164 3181 2238 signis
3210 2164 3266 2240 l]
3292 2166 3458 2222 verba
3500 2168 3765 2239 supplere

2177 2270 2411 2315 conatus
2442 2275 2587 2315 sum.
2637 2259 2787 2316 lnter
2835 2275 2974 2331 quas
3025 2260 3407 2316 correctiones
3446 2259 3614 2316 etiam
3658 2270 3761 2329 est,

2174 2351 2321 2421 quod
2356 2352 2579 2407 tertium
2627 2367 2829 2408 nomen
2871 2352 3193 2420 mulierum,
3233 2353 3398 2410 simul
3446 2369 3759 2425 passarum,

2174 2443 2450 2514 Perpetua
2494 2442 2937 2510 desiderabatur,
2987 2461 3112 2515 quas
3163 2445 3219 2501 in
3254 2445 3448 2502 Italico
3476 2453 3534 2501 et
3562 2445 3762 2501 Latino

2174 2535 2303 2590 Suet
2316 2550 2361 2590 te
2390 2535 2677 2605 episeopo,
2702 2536 2898 2606 Agneti
2916 2544 2972 2591 et
2988 2535 3263 2592 Felicitati
3289 2536 3675 2599 subnectitur.
3688 2535 3762 2591 Ex

2175 2632 2262 2685 his
2297 2641 2483 2687 autem
2517 2631 2654 2702 ipsis
2682 2631 3004 2686 nominibus
3039 2630 3270 2687 dubium
3301 2631 3445 2688 oriri
3463 2630 3666 2703 possit,
3697 2646 3760 2687 an

2172 2739 2365 2779 omnes
2408 2722 2497 2779 isti
2536 2738 2643 2778 una
2679 2738 2805 2778 cum
2832 2722 3112 2794 Stephano
3143 2723 3291 2794 passi
3323 2722 3532 2780 fuerint
3558 2725 3764 2780 saeculo

486 2812 666 2867 Vitam
701 2811 756 2867 8.
787 2811 1074 2883 Stephani,
1108 2827 1273 2883 quam
1313 2812 1525 2884 primus
1554 2830 1619 2869 ex
1655 2813 1844 2870 codice
1878 2813 2069 2870 Graeco
2169 2815 2376 2871 Christi
2407 2817 2605 2886 primo.
2636 2817 2773 2872 Acta
2796 2814 3046 2887 quidem,
3070 2817 3239 2872 etiam
3273 2816 3483 2884 Graeca,
3509 2831 3619 2872 non
3652 2826 3759 2873 tam

485 2905 888 2975 interpretatus
918 2914 1004 2960 est
1033 2904 1221 2960 ltalice
1250 2922 1264 2959 :
1298 2904 1579 2961 secundus
1613 2914 1667 2960 ct
1698 2916 1932 2977 quartus
1961 2906 2067 2962 La-

488 3002 659 3057 tinam
691 3000 987 3057 ediderunt
1016 3015 1083 3056 ex
1111 3003 1217 3056 alia
1254 3010 1420 3073 atque
1446 3000 1552 3057 alia
1582 3002 2064 3074 interpretatione.

486 3094 707 3148 'l‘ertius
747 3108 780 3150 e
822 3102 972 3151 textu
1010 3091 1203 3147 Latino
1234 3091 1475 3151 Italicam
1514 3091 1792 3148 fecitcutn
1823 3095 2066 3149 oratoria

2171 2909 2400 2979 antiqua
2440 2918 2592 2976 sunt,
2618 2924 2723 2964 nec
2772 2909 2919 2975 talia,
2962 2919 3023 2966 ut
3066 2910 3202 2965 illud
3248 2910 3383 2982 ipsis
3431 2918 3551 2966 tuto
3602 2910 3759 2967 credi

2170 3000 2360 3071 possit.
2396 2999 2737 3055 Testimonia
2774 2999 3267 3073 Martyrologorum
3292 3001 3442 3057 nulla
3468 3001 3750 3072 reperiun-

2173 3099 2282 3145 tur.
2315 3090 2515 3148 Cultus
2546 3106 2652 3147 nec
2682 3091 2840 3148 valde
2871 3093 3138 3164 antiquus
3183 3093 3330 3164 apud
3368 3092 3618 3157 Latinos,
3658 3108 3758 3148 nec

487 3183 934 3255 iuterpolatione.
966 3184 1174 3240 llorum
1216 3200 1319 3256 ego
1348 3185 1690 3243 editionibus
1721 3185 1867 3243 inter
1908 3202 1969 3243 se
2010 3197 2068 3243 et
2097 3210 2140 3266 ε
2174 3185 2332 3239 valde
2361 3183 2599 3240 celebris
2635 3183 2741 3241 fuit
2774 3193 2903 3241 ante
2933 3186 3193 3242 saeculum
3226 3200 3337 3242 xvn
3384 3184 3610 3256 quando
3639 3186 3760 3257 eius

491 3294 611 3332 cum
644 3286 797 3333 textu
829 3285 1019 3333 nostro
1056 3277 1243 3333 Graeco
1271 3278 1506 3346 collatis,
1534 3294 1849 3351 quanquam
1873 3278 2069 3335 eodem

490 3372 601 3425 fere
636 3370 883 3428 recidant
912 3371 1118 3435 omnia,
1145 3370 1310 3427 malui
1344 3381 1527 3426 tamen
1563 3386 1763 3426 novam
1797 3371 2069 3442 interpre-

491 3463 753 3520 tationem
783 3462 984 3526 facere,
1015 3463 1361 3519 consimilem
1397 3471 1587 3518 nostro
1620 3478 1727 3519 ms.
1757 3462 1969 3530 Graeco,
2000 3466 2069 3519 il-

489 3570 705 3625 lamque
744 3555 907 3610 simul
942 3556 1286 3626 imprimere,
1331 3564 1393 3611 ut
1422 3556 1610 3611 omnia
1639 3558 1812 3629 magis
1835 3558 2069 3613 authen-

487 3650 594 3705 tica
618 3651 748 3704 sint.
785 3648 967 3706 Editio
990 3647 1205 3720 Ughelli
1242 3651 1473 3721 propius
1496 3649 1703 3706 insistit
1741 3662 1933 3707 nostro
1962 3669 2065 3707 ms.

489 3741 675 3797 Graeco
711 3759 726 3795 :
761 3740 1101 3797 MaraliOtina
1134 3751 1190 3797 ct
1220 3741 1493 3798 Politiana
1519 3740 1576 3797 in
1601 3742 1796 3813 paucis
1815 3743 2069 3813 aliquan-

489 3851 601 3891 tum
623 3835 975 3902 discordant;
1001 3845 1057 3889 et
1086 3836 1141 3890 in
1163 3835 1258 3891 illo
1279 3836 1578 3906 prreeipue,
1602 3837 1751 3907 quod
1779 3834 2069 3907 designent

480 3928 636 3984 diem
702 3926 954 4000 martyrii
1006 3927 1303 3997 septimum
1354 3926 1518 3995 Julii;
1572 3941 1739 3997 quem
1782 3925 2066 3997 Ugbellus,

488 4030 674 4075 noster
710 4028 893 4074 textus
923 4018 1170 4085 Graecus,
1203 4018 1406 4075 Mentea
1445 4029 1503 4075 ct
1540 4018 1844 4089 Menologia
1874 4019 2064 4083 citata,

490 4113 824 4168 unanimiter
852 4119 1115 4191 asserunt
1136 4112 1392 4180 quintum
1416 4112 1568 4169 Julii.

556 4203 610 4258 Ἰ.
639 4202 933 4259 Cornelius
974 4218 1004 4257 a
1035 4200 1241 4272 Lapidc
1276 4202 1330 4257 in
1362 4203 1497 4258 Acta
1527 4204 1901 4273 apostolorum
1943 4220 2068 4275 cap.

490 4297 682 4352 ultimo
727 4295 796 4349 ad
838 4294 931 4351 illa
979 4295 1174 4358 verba,
1230 4294 1542 4349 Det-mimus
1589 4293 1875 4363 Rhegium,
1916 4312 2066 4351 com—

491 4397 765 4453 mentans,
792 4387 943 4442 varia
994 4386 1182 4451 habet,
1216 4403 1338 4457 qua:
1379 4387 1506 4451 sibi,
1536 4398 1668 4442 tunc
1700 4388 1886 4444 Roma.-
1915 4405 2070 4444 emn-

490 4482 751 4545 moranti.
782 4478 1057 4537 submissa
1101 4480 1326 4535 fuerunt
1383 4497 1413 4535 a
1466 4479 1893 4550 Rhegiensibus,
1939 4483 2071 4537 viris

2174 3277 2531 3348 amplilicatio
2562 3279 2737 3349 petita
2771 3279 2875 3335 fuit
2916 3296 2946 3335 a
2981 3279 3038 3336 S.
3073 3280 3301 3336 Rituum
3330 3278 3760 3351 congregatione

2175 3370 2363 3426 Romae
2390 3380 2446 3425 et
2468 3370 2716 3436 obtenta.
2738 3387 2838 3442 per
2857 3371 3177 3429 facultatem
3202 3372 3513 3443 exponendi
3537 3370 3762 3442 publice

2175 3461 2471 3533 imaginem
2498 3464 2701 3529 sancti,
2742 3464 2974 3535 ejusque
2996 3462 3209 3519 nomini
3248 3462 3444 3519 altaria
3474 3472 3530 3518 et
3555 3462 3761 3532 lelllfla

2173 3554 2516 3611 dedicandi:
2551 3572 2676 3626 qua:
2725 3565 2959 3611 eatenus
3015 3555 3167 3611 nulla
3217 3555 3497 3611 habuerit.
3555 3553 3761 3619 Locus,

2174 3650 2268 3706 ubi
2299 3650 2573 3721 sepultum
2598 3649 2702 3706 fuit
2724 3665 2926 3721 corpus
2951 3650 3004 3706 in
3034 3650 3368 3707 hodiernum
3392 3665 3568 3722 usque
3585 3650 3763 3715 diem,

2174 3743 2253 3798 uti
2287 3743 2483 3799 scribit
2510 3743 2810 3800 historicus
2845 3742 3174 3815 Rhegiensis
3204 3743 3417 3800 Polites
3448 3757 3597 3799 anno
3624 3743 3758 3800 1617

2174 3836 2407 3907 reperiri
2435 3850 2547 3890 non
2576 3836 2777 3906 potuit.

2242 3928 2295 3985 9.
2329 3927 2408 3982 Ex
2462 3925 2570 3991 his,
2607 3926 2858 3996 inquam,
2893 3926 3135 3982 dubitari
3176 3925 3376 3997 possit,
3410 3941 3481 3981 an
3534 3926 3595 3982 S.
3629 3925 3759 3983 Ste-

2172 4021 2390 4090 phanus
2411 4032 2536 4073 cum
2562 4016 2729 4073 sociis
2753 4017 2868 4072 suis
2896 4017 3215 4088 martyrium
3245 4032 3438 4088 passus
3468 4017 3540 4073 sit
3557 4017 3763 4073 smeulo

2173 4113 2387 4182 primo;
2413 4125 2591 4182 coque
2624 4110 2818 4181 magis,
2853 4111 3001 4179 quod
3039 4110 3171 4166 totis
3208 4110 3387 4165 tribus
3424 4110 3622 4181 primis
3657 4125 3762 4166 ste-

2171 4203 2316 4259 culis
2356 4203 2673 4274 episcopus.
2714 4217 2828 4257 suae
2871 4200 3116 4258 civitatis
3152 4202 3318 4268 alius,
3351 4202 3761 4274 Rhegiensibus

2173 4315 2282 4352 non
2339 4298 2410 4353 sit
2452 4306 2638 4351 notus.
2676 4294 2733 4350 Si
2787 4293 2964 4361 dicas,
3006 4309 3106 4364 per
3153 4293 3509 4351 traditionem
3563 4306 3761 4351 notum

2173 4406 2295 4446 esse
2340 4388 2399 4443 8.
2434 4387 2776 4458 Stephanum
2833 4402 2934 4456 pro
2964 4386 3166 4442 saeculo
3217 4387 3436 4457 primo,
3489 4402 3758 4458 queram,

2174 4501 2275 4539 cur
2309 4481 2450 4537 alius
2477 4480 2774 4551 episcopus
2805 4494 2905 4550 pro
2945 4478 3142 4535 eodem
3187 4480 3391 4534 saeculo
3441 4488 3498 4534 et
3537 4478 3759 4535 duobus

490 4574 723 4631 eruditis
765 4585 822 4628 et
874 4573 1156 4644 primariis
1189 4590 1203 4626 :
1238 4583 1403 4643 atque
1438 4589 1504 4627 ex
1536 4574 1756 4629 illorum
1803 4575 1908 4629 [ide
1954 4576 2070 4631 hazc
2106 4553 2146 4606 ί)
2179 4574 2563 4646 sequentibus,
2593 4573 2850 4630 similiter
2885 4583 3051 4631 notus
3074 4588 3188 4629 non
3218 4573 3311 4628 sit.
3351 4574 3596 4645 lnquies,
3631 4574 3760 4646 quia

489 4676 723 4723 narrat:
772 4685 791 4718 ι
837 4666 974 4722 Silet
1031 4664 1123 4721 ltic
1176 4665 1344 4720 tnulta
1395 4663 1593 4729 Lucas,
1649 4683 1715 4722 ac
1763 4670 2065 4737 praesertim

490 4760 883 4833 Rhegiensium
913 4775 945 4813 a
972 4759 1146 4814 Paulo
1176 4758 1617 4824 conversionem,
1659 4777 1770 4816 uno
1810 4760 1918 4823 die.
1958 4778 2067 4831 quo

489 4852 631 4924 apud
653 4868 749 4908 eos
778 4852 956 4918 haesit,
983 4849 1182 4915 factam
1212 4867 1226 4903 :
1253 4867 1376 4921 qua:
1406 4869 1472 4906 ex
1498 4852 1756 4907 Ecclesit-
1790 4854 2068 4924 Rhcgicn-

489 4948 563 5000 sis
586 4945 982 5009 monumentis,
1007 4944 1202 4998 eodem
1226 4959 1344 4998 sevo
1382 4944 1603 5013 (nempe
1634 4946 1836 4999 szeculo
1861 4945 2066 5000 Christi

489 5038 684 5110 primo)
718 5037 909 5094 Graece
961 5036 1313 5105 conscriptis,
1350 5051 1416 5090 ac
1465 5036 1667 5090 deinde
1720 5038 1773 5091 in
1808 5037 2067 5093 Latinum

489 5132 691 5187 idioma
741 5129 1044 5191 translatis,
1078 5140 1149 5207 et,
1181 5130 1269 5206 in._
1303 5130 1760 5200 archiepiscopati
1820 5133 2070 5187 archivio

490 5224 809 5289 asservatis,
832 5238 863 5277 a
890 5212 1300 5302 Rbegicnsibus
1349 5224 1482 5278 viris
1512 5224 1749 5279 eruditis
1777 5236 1832 5279 et
1871 5227 2071 5295 prima-

489 5316 588 5372 riis
626 5312 693 5371 ad
729 5329 817 5369 me
843 5312 1071 5369 Romam
1104 5296 1447 5379 transmissa,
1481 5315 1570 5368 hic
1622 5315 2005 5370 transcriham.
2046 5336 2062 5366 ι

487 5404 834 5465 Transcribit
889 5416 1076 5465 autem
1138 5408 1211 5460 ibi
1264 5408 1393 5461 Acta
1447 5402 1638 5461 Latina
1693 5407 1749 5462 S.
1804 5407 2069 5478 Stephani

491 5501 762 5574 episcopi,
800 5516 831 5556 a
862 5500 1033 5566 Pitth
1060 5500 1309 5570 apostolo
1338 5499 1765 5570 Rhegiensibns,
1798 5511 1855 5555 ut
1889 5501 2066 5565 aiunt,

493 5598 548 5651 in
580 5594 816 5650 transitu
840 5592 1103 5657 ordinati,
1128 5608 1248 5662 qum
1294 5592 1398 5649 alia
1436 5608 1542 5647 non
1584 5605 1716 5650 sunt
1757 5608 1921 5663 quam
1951 5610 2070 5664 qua:

490 5703 593 5744 nos
620 5686 763 5742 infra
783 5685 978 5742 damus
1003 5683 1451 5750 Graeco-Latina;
1488 5700 1591 5741 nec
1620 5695 1798 5741 tamen
1836 5686 1908 5742 ibi
1943 5697 2072 5742 sunt

496 5783 747 5849 integra;
795 5793 919 5833 nam
976 5776 1235 5834 desinunt
1290 5780 1350 5835 in
1396 5779 1657 5850 martyrio
1719 5780 1804 5835 his
1843 5781 2067 5839 verbis:

510 5891 528 5922 ι
565 5870 719 5939 Quod
773 5871 918 5942 digni
973 5871 1196 5928 fuerunt
1249 5887 1352 5944 pro
1408 5872 1627 5929 Christo
1683 5874 1854 5943 mori;
1899 5893 1914 5926 ι
1971 5889 2072 5931 nec

2179 4668 2406 4737 antiqua
2460 4665 2705 4722 civitatis
2757 4665 2963 4736 scripta
3017 4664 3458 4731 interciderunt;
3507 4675 3763 4737 superest

2176 4773 2358 4817 autem
2393 4761 2501 4815 vita
2533 4759 2590 4816 8.
2635 4758 2923 4831 Stephani,
2959 4774 3082 4831 quae
3124 4758 3304 4828 ipsum
3336 4757 3393 4813 8.
3424 4759 3578 4814 Pauli
3630 4774 3764 4830 apo-

2176 4853 2302 4910 stoli
2328 4853 2660 4923 discipulum
2684 4851 2839 4920 facit,
2870 4850 3073 4907 Audio.
3107 4850 3215 4907 Sed
3247 4851 3337 4906 illa
3368 4850 3488 4920 ipsa
3512 4851 3625 4906 vita
3650 4866 3761 4907 non

2176 4944 2319 5014 sapit
2363 4943 2581 5013 longam
2612 4942 3021 5012 antiquitatem,
3056 4957 3161 4997 nec
3205 4950 3387 5014 potest
3424 4949 3553 4997 ante
3587 4957 3759 4998 secu-

2177 5037 2291 5090 lum
2325 5033 2604 5090 decimum
2641 5034 2848 5104 scripta
2880 5033 3074 5099 fuisse,
3103 5035 3150 5088 si
3179 5050 3287 5089 non
3322 5034 3418 5090 diu
3444 5043 3589 5106 post.
3622 5033 3763 5104 Spa-

2180 5131 2257 5183 tio
2280 5138 2467 5184 autem
2496 5142 2718 5193 novem,
2754 5126 2970 5192 decem,
2997 5136 3093 5182 aut
3144 5126 3387 5197 plurium
3432 5126 3761 5184 seculorum

2180 5233 2312 5278 tunc
2345 5222 2555 5292 elapso,
2590 5221 2814 5291 quando
2859 5220 3064 5291 scripta
3116 5221 3239 5287 fuit,
3288 5230 3471 5292 potest
3520 5220 3761 5291 scriptor

2177 5316 2349 5370 multa
2383 5315 2665 5384 ignorasse
2681 5314 2751 5369 de
2767 5315 2935 5384 gestis
2959 5314 3135 5369 sancti
3165 5315 3273 5378 sui,
3292 5312 3759 5384 quemadmodum

2179 5424 2328 5466 nunc
2357 5408 2491 5462 nihil
2527 5408 2597 5461 de
2626 5406 2732 5462 illis
2763 5405 2939 5463 scitur
2979 5420 3049 5460 ex
3098 5405 3428 5476 antiquitate
3468 5413 3672 5474 praeter
3706 5403 3761 5457 id

2177 5502 2326 5572 quod
2360 5501 2415 5556 in
2444 5500 2553 5554 vita
2590 5508 2888 5555 narrantur
2918 5516 2933 5552 :
2968 5509 3024 5554 et
3062 5498 3235 5570 magis
3268 5507 3448 5568 potest
3478 5497 3760 5568 ignorasse

2179 5601 2392 5649 certum
2424 5601 2645 5662 tempus
2664 5606 2777 5658 quo
2803 5590 3027 5656 vixerit,
3059 5590 3435 5664 martyrioque
3465 5598 3763 5643 coronatus

2180 5686 2366 5741 fuerit.
2407 5685 2464 5739 In
2509 5684 2613 5738 hac
2646 5698 2831 5752 porro
2857 5683 3202 5755 ignoratione
3238 5691 3337 5738 aut
3363 5682 3599 5753 maligna
3645 5690 3758 5734 tra-

2179 5777 2409 5837 ditionis
2451 5776 2596 5846 vulgi
2636 5777 2757 5832 luce
2794 5776 3039 5832 scribere
3088 5791 3290 5831 exorso
3336 5775 3512 5830 visum
3569 5772 3759 5833 fuerit,

2176 5872 2375 5943 aptiori
2413 5880 2658 5941 tempore
2706 5869 3046 5943 Siepltanum
3090 5869 3289 5925 adduci
3338 5867 3609 5940 Rhegium
3641 5879 3753 5923 nan

2700 6135 2733 6157 τι
