4010 6484
846 417 877 424 ,ρ

360 422 475 488 $13

1321 422 1502 485 VITA
1541 423 1605 485 S.
1656 419 2038 481 STEPHANI
2078 421 2175 481 ΕΤ
2213 420 2634 483 SOCIORUM.

3523 426 3632 489 3H

357 551 550 606 posse,
584 549 747 605 quam
771 550 886 606 quo
909 534 1113 591 Paulus
1134 535 1416 606 apostolus
1441 535 1636 592 eodem
1665 537 1943 607 appulisse
1974 543 2017 597 Α
2049 548 2179 592 runt
2212 536 2504 608 Rhegium.
2540 537 2661 593 Non
2710 537 2974 593 dicuntur
3018 537 3211 593 urbem
3245 537 3501 603 intrasse,
3533 556 3633 597 ne.-

358 628 649 684 sciebatur
673 647 688 695 ;
716 637 773 682 et.
816 628 1080 698 praesumi
1117 637 1359 698 poterat,
1390 628 1569 699 ipsum
1607 629 1810 686 ibidem
1849 644 1949 700 pro

355 735 426 777 se
454 719 696 791 aliquem
726 720 1014 789 reliquisse
1035 721 1379 791 episcopum.

443 812 532 869 10.
561 813 703 867 Tum
741 827 875 867 vero
901 813 1073 882 quaeri
1106 822 1287 884 potest
1315 812 1383 868 de
1413 813 1579 869 sociis
1616 823 1947 886 symmarty-

358 907 522 962 ribus
561 904 620 961 S.
652 905 940 975 Stephani,
973 904 1146 961 Sucro
1173 905 1455 976 episcopo,
1489 915 1544 960 et
1576 906 1945 971 mulieribus,

358 1003 597 1067 Agnete,
632 997 919 1052 Felicitate
945 1005 1002 1051 et
1030 998 1325 1068 Perpetua,
1346 999 1488 1054 unde
1511 998 1636 1055 illos
1664 1000 1949 1067 acceperit

355 1097 460 1145 aut
515 1098 804 1144 mutuatus
850 1088 990 1143 forte
1036 1089 1112 1144 sit
1154 1090 1394 1159 scriptor
1426 1088 1788 1160 Vitaedﬁque
1833 1091 1949 1146 hac

356 1181 602 1236 obscura
634 1178 858 1233 aliunde
878 1189 1013 1234 sunt
1038 1196 1052 1230 :
1091 1194 1193 1235 nec
1222 1179 1382 1236 facile
1407 1180 1645 1249 capiam,
1672 1182 1950 1250 quomodo

359 1273 478 1328 illis
512 1271 757 1327 inducta
786 1270 1073 1339 religionis
1092 1271 1418 1327 Christiana
1443 1272 1635 1336 initiis,
1664 1273 1776 1329 duo
1802 1274 1952 1330 Rhe-

354 1363 433 1433 gii
481 1361 695 1417 fuerint
735 1362 1004 1432 episcopi,
1032 1362 1255 1432 quando
1287 1363 1357 1418 de
1388 1378 1498 1418 uno
1523 1365 1642 1419 solo
1670 1379 1781 1419 non
1809 1382 1948 1421 con-

356 1464 473 1511 stat
507 1463 689 1510 certo.
724 1453 797 1509 De
830 1454 1161 1510 mulieribus
1189 1470 1411 1525 quoque
1443 1456 1684 1511 certiora
1724 1456 1946 1514 deside-

357 1546 471 1600 rari
502 1555 757 1615 possunt,
790 1560 859 1600 ne
892 1544 1019 1615 quis
1043 1554 1272 1616 cogatur
1295 1544 1587 1614 suspicari,
1619 1546 1946 1616 Perpetuam

356 1643 531 1704 atque
554 1633 918 1699 Felicitatem,
938 1634 1183 1688 omnium
1206 1634 1320 1689 fere
1339 1635 1692 1704 antiquorum
1721 1637 1947 1692 Patrum

355 1721 588 1790 scriptis
617 1721 944 1787 celebratas,
974 1723 1027 1776 in
1051 1723 1231 1779 Africa
1258 1740 1382 1778 cum
1408 1725 1530 1778 aliis
1550 1726 1716 1780 sociis
1740 1718 1946 1797 marty-

356 1827 474 1873 res.
509 1813 737 1869 ineunte
767 1815 968 1871 saculo
1006 1815 1166 1870 tertio
1202 1832 1410 1888 passas,
1443 1817 1713 1888 Rhegium
1750 1820 1945 1876 tradu-

356 1914 481 1959 etas
506 1903 699 1961 fuisse.

430 1995 525 2051 ll.
560 1996 672 2068 Ego
696 1997 919 2068 quidem
953 2015 1052 2071 per
1085 1999 1201 2055 hac
1238 2000 1405 2056 dubia
1447 2018 1566 2057 mea
1598 2002 1735 2058 nihil
1780 2003 1945 2060 dero-

355 2093 551 2154 gatum
598 2087 760 2142 velim
797 2089 1056 2157 veritati;
1088 2089 1183 2145 sed
1227 2092 1399 2162 magis
1429 2092 1617 2162 cupio,
1652 2094 1944 2148 veritatem

356 2194 428 2232 ex
467 2177 583 2233 illis
629 2179 988 2237 illustriorem
1032 2181 1151 2237 fieri
1190 2199 1289 2253 per
1322 2184 1579 2255 aptasad
1613 2185 1780 2241 dubia
1826 2203 1947 2242 mea

358 2269 760 2341 Rhegiensium
791 2275 1117 2331 solutiones.
1144 2277 1303 2332 Aliud
1330 2293 1551 2349 quoque
1578 2278 1808 2334 dubium
1838 2280 1949 2336 huc

361 2364 633 2432 pertinet,
672 2365 763 2419 ubi
798 2367 866 2422 de
900 2368 1077 2438 prima
1105 2367 1500 2440 Rbegiensium
1544 2370 1610 2426 ad
1644 2370 1850 2427 Christi
1885 2374 1948 2428 li-

362 2450 490 2507 dem
541 2455 907 2510 conversione
954 2472 1053 2527 per
1100 2457 1329 2513 Paulum
1382 2460 1714 2531 apostolum,
1764 2477 1946 2518 sermo

364 2551 467 2598 est.
494 2544 853 2615 Popularium
889 2562 1016 2612 vox,
1042 2559 1100 2604 et
1131 2551 1535 2621 quodammodo
1565 2553 1945 2625 Evangelium,

373 2634 437 2688 de
456 2650 564 2704 quo
591 2635 848 2693 dubitare
879 2639 1032 2693 nefas
1056 2640 1149 2703 sit,
1178 2644 1393 2697 insonat
1415 2643 1668 2708 auribus,
1694 2646 1945 2711 Paulum,

367 2740 488 2781 cum
520 2743 549 2782 e
574 2727 733 2800 Syria
759 2730 1028 2803 Rhegium
1053 2735 1378 2802 appulisset,
1401 2736 1688 2792 ducendus
1716 2737 1945 2793 Romam

363 2832 393 2871 a
424 2822 758 2877 centurione
803 2831 859 2877 et
894 2825 1219 2881 custodibus
1248 2827 1364 2882 suis
1396 2830 1461 2882 a.l
1498 2828 1739 2883 tribunal
1771 2828 1950 2885 Casa-

360 2909 463 2975 ris,
514 2912 573 2967 in
614 2912 866 2984 ingressu
912 2917 1066 2971 urbis
1110 2917 1458 2989 Rhegiensis,
1505 2920 1738 2991 capisse
1782 2920 1947 2977 Chri-

360 3011 514 3055 stum
547 3005 883 3062 annuntiare
918 3024 933 3062 :
973 3007 1181 3065 incolas
1218 3020 1402 3065 autem
1452 3011 1730 3068 obstinato
1761 3013 1946 3069 animo

358 3095 411 3147 ei
439 3095 795 3164 prohibuisse
824 3098 1136 3156 istiusmodi
1166 3104 1645 3159 aunun’tFationem
1670 3122 1687 3173 ;
1724 3107 1944 3163 tandem

2049 628 2179 682 dum
2225 643 2436 683 moram
2486 627 2743 683 diurnam
2795 627 2869 684 ibi
2918 627 3146 696 fecisse;
3180 630 3277 685 sed
3307 630 3493 700 potius
3524 631 3632 687 iter

2050 721 2349 790 prosecuti,
2375 736 2404 775 e
2428 728 2728 793 conspectu
2762 719 2980 791 Rhegii,
3010 722 3230 777 favente
3259 732 3474 788 austro,
3491 733 3633 797 post

2053 831 2221 871 unum
2284 814 2429 869 diem
2489 808 2878 884 navigationis,
2926 823 3197 869 venerunt
3246 816 3337 870 die
3381 798 3629 871 secundo

2049 904 2328 961 Puteolos.
2375 904 2563 974 Neque
2593 905 2766 968 enim,
2800 904 2845 959 si
2880 922 2988 959 uno
3011 906 3101 960 die
3127 906 3322 976 Rbegii
3354 907 3632 962 substitis-

2047 1007 2194 1063 sent,
2242 996 2553 1067 potuissent
2604 996 2694 1050 dic
2757 997 2998 1051 secundo
3043 997 3305 1052 Puteolos
3359 998 3629 1067 attigisse,

2048 1089 2472 1159 quibuscunque
2501 1088 2779 1144 stantibus
2807 1089 3007 1154 ventis,
3028 1098 3248 1159 propter
3271 1089 3628 1161 longinquam

2048 1182 2293 1237 locorum
2329 1181 2670 1241 distantiam.

2124 1273 2208 1330 15.
2241 1274 2317 1329 lta
2350 1275 2632 1330 intellecto
2662 1274 2803 1329 sacri
2834 1274 3121 1344 scriptoris
3155 1283 3328 1336 textu.
3355 1274 3434 1328 uti
3466 1274 3628 1343 plane

2045 1366 2267 1421 videtur
2306 1367 2533 1436 intelligi
2569 1366 2772 1421 debere
2796 1405 2811 1431 ,
2851 1367 3130 1421 evanescit
3166 1366 3478 1435 prodigium
3531 1380 3630 1418 co-

2047 1458 2250 1513 lumna:
2293 1474 2616 1514 marmorea
2666 1457 2912 1512 ardentis
2941 1457 2994 1511 in
3022 1456 3439 1511 conversionem
3480 1455 3632 1510 Rhe-

2047 1551 2341 1622 gieusium,
2378 1553 2488 1605 imo
2522 1561 2577 1606 et
2624 1549 2912 1605 conversio
2951 1548 3196 1619 ipsorum
3235 1563 3333 1617 per
3367 1545 3626 1610 Paulum,

2047 1650 2101 1695 et
2137 1640 2413 1694 ordinatio
2448 1639 2712 1709 Stephani
2746 1647 2878 1693 tunc
2901 1638 3167 1707 temporis
3192 1637 3244 1691 in
3280 1636 3626 1705 episcopum.

2047 1731 2201 1797 Quod
2232 1730 2277 1783 si
2316 1730 2441 1799 quis
2463 1729 2627 1783 etiam
2661 1728 2939 1782 sustinere
2980 1724 3131 1788 velit,
3170 1722 3400 1777 Paulum
3431 1721 3629 1776 civita-

2052 1829 2159 1876 tem
2216 1820 2521 1892 ingressum
2583 1818 2772 1881 fuisse,
2822 1816 3009 1887 ibique
3054 1816 3145 1870 die
3184 1829 3294 1868 uno
3334 1812 3627 1874 mansisse.

2050 1912 2297 1969 nondum
2350 1913 2606 1967 columna
2656 1925 2965 1965 marmorea
3010 1909 3232 1962 arserit.
3260 1905 3401 1973 Quid
3441 1903 3631 1960 enim?

2049 2004 2103 2061 Si
2143 2004 2195 2059 id
2239 2003 2444 2060 factum
2482 2003 2696 2066 fuisset,
2734 2002 2930 2065 Lucas,
2983 1998 3137 2055 Pauli
3185 1999 3391 2061 socius,
3437 1995 3629 2066 utique

2048 2099 2322 2154 scivisset.
2383 2095 2441 2152 Si
2489 2097 2762 2159 scivisset,
2809 2095 3001 2164 utique
3050 2091 3390 2162 scripsisset.
3427 2085 3629 2157 Utpote

2048 2191 2142 2261 qui
2175 2191 2349 2245 multo
2381 2189 2596 2244 tninora
2626 2186 2780 2242 Pauli
2829 2195 2981 2257 gesta
3034 2185 3089 2239 in
3131 2183 3313 2239 Melita
3354 2180 3532 2236 insula
3571 2187 3630 2233 et

2048 2282 2200 2346 alibi,
2234 2293 2340 2336 tam
2377 2280 2571 2337 sedulo
2600 2279 2653 2334 in
2683 2277 3010 2334 memoriam
3049 2274 3390 2346 posteritatis
3421 2270 3630 2341 scripto

2049 2374 2416 2446 consignavit.
2449 2373 2637 2429 Utitur
2675 2372 2729 2426 iu
2772 2387 2829 2426 re
2862 2370 3055 2432 simili,
3084 2367 3249 2424 simili
3284 2371 3631 2433 argumenta-

2051 2467 2198 2522 tione
2229 2464 2285 2521 S.
2312 2463 2703 2534 Hieronymus.
2740 2461 3052 2530 Legebatur
3078 2458 3255 2529 ipsius
3284 2456 3466 2512 adhuc
3493 2462 3631 2508 tem-

2048 2572 2182 2628 pore
2213 2556 2354 2610 liber
2391 2555 2456 2609 de
2490 2552 2662 2625 gestis
2689 2552 2842 2608 Pauli
2876 2560 2931 2606 et
2955 2550 3196 2614 Thecla,
3236 2548 3291 2603 in
3326 2563 3437 2618 quo
3476 2557 3533 2601 et
3559 2545 3628 2600 de

2050 2647 2325 2717 baptizato
2354 2646 2514 2701 leone
2541 2643 2889 2699 narrabatur.
2916 2640 3072 2707 Quod
3113 2638 3454 2695 refutatur-us
3485 2637 3624 2707 ipse,

2046 2739 2130 2796 sic
2160 2740 2238 2794 ait
2275 2757 2286 2791 :
2326 2758 2344 2791 ε
2382 2739 2552 2809 Igitur
2583 2737 2875 2807 Περιόδους
2930 2733 3080 2788 Pauli
3110 2741 3166 2788 et
3188 2731 3423 2794 Thecla,
3456 2738 3513 2784 ct
3540 2737 3628 2783 to-

2049 2841 2159 2886 tam
2209 2831 2468 2901 baptizati
2527 2829 2707 2886 leonis
2762 2829 3029 2892 fabulam,
3091 2826 3236 2881 inter
3279 2822 3626 2899 apocryphas

2047 2927 2349 2996 scripturas
2378 2934 2780 2996 computamus.
2810 2922 2979 2991 Quale
3014 2921 3159 2977 enim
3197 2927 3303 2984 est,
3330 2928 3391 2974 ut
3421 2916 3626 2972 indivi-

2048 3019 2192 3075 duus
2215 3034 2401 3074 comes
2436 3018 2682 3088 Apostoli
2718 3018 2914 3079 Lucas,
2943 3017 3086 3071 inter
3113 3024 3342 3070 caeteras
3369 3012 3491 3082 ejus
3516 3024 3625 3073 res,

2050 3113 2154 3168 hoc
2178 3112 2356 3167 solum
2387 3111 2764 3182 ignoraverit?
2807 3131 2827 3164 ι
2863 3110 3131 3166 Similiter
3165 3105 3441 3178 quomodo
3477 3103 3627 3158 idem

362 3194 574 3251 tamen,
608 3187 942 3259 deprecante
972 3192 1254 3258 Paulo,‘ut
1286 3209 1346 3250 se
1383 3195 1655 3251 dicentem
1688 3199 1944 3256 audirent

2052 3205 2404 3279 iguoraverit,
2456 3221 2745 3261 accensam
2794 3219 2824 3258 a
2870 3218 3038 3275 parva
3075 3200 3386 3260 candelula,
3425 3195 3627 3268 pradi-

360 3277 583 3332 tantillo
610 3288 880 3351 tempore,
911 3297 1022 3353 quo
1043 3285 1329 3353 parvulum
1354 3287 1597 3342 candela
1623 3287 1941 3358 frustulum,

360 3371 513 3440 quod
540 3387 706 3427 manu
732 3374 958 3429 tenebat
990 3392 1305 3444 accensum,
1340 3378 1712 3452 deflagrasset,
1745 3382 1798 3437 id
1826 3398 1946 3453 per-

362 3463 604 3520 misisse.
669 3465 810 3520 Tum
872 3483 1007 3523 vero
1075 3471 1309 3526 Paulum
1376 3474 1620 3529 candela
1702 3477 1945 3533 ardentis

361 3554 661 3610 fruStulum
686 3556 1016 3628 imposuisse
1044 3560 1370 3629 columella,
1401 3580 1522 3633 qua
1542 3565 1682 3621 forte
1705 3569 1939 3631 astabat,

362 3664 726 3717 marmorea;
762 3663 819 3706 et
865 3651 1006 3709 hanc
1048 3654 1386 3724 columnam,
1419 3669 1743 3729 consumpta
1788 3659 1943 3715 brevi

364 3740 653 3796 caudelula
717 3739 995 3800 flammam
1035 3748 1356 3818 concepisse
1413 3757 1470 3804 et
1510 3751 1821 3819 porrexisse
1855 3767 1947 3807 ar-

364 3830 519 3887 dere.
553 3831 675 3900 Que
707 3834 825 3890 viso
854 3835 1129 3909 prodigio,
1167 3839 1376 3895 incolas
1403 3840 1564 3897 fidem
1595 3840 1801 3898 Christi
1828 3858 1946 3899 am-

364 3925 614 3996 plexatos
641 3924 835 3983 fuisse.

438 4017 526 4072 12.
563 4016 683 4074 lloc
718 4018 945 4087 factum,
977 4037 1085 4077 non
1118 4032 1329 4079 tantum
1359 4024 1507 4096 vulgi
1535 4040 1814 4091 sermone,
1846 4027 1942 4082 sed

365 4108 532 4166 etiam
574 4110 787 4183 scripto
820 4113 1135 4171 celebratur
1168 4133 1198 4173 a
1225 4117 1403 4174 Marco
1427 4118 1667 4174 Antonio
1698 4119 1860 4174 Politi
1887 4120 1943 4174 in

365 4198 643 4257 Chronico
676 4201 969 4273 Rhegiensi
1018 4221 1142 4276 pag.
1174 4207 1264 4273 80,
1320 4207 1414 4263 sed
1462 4209 1645 4263 obiter
1700 4215 1942 4263 tantum.

366 4291 611 4349 Primum
646 4293 783 4349 mibi
830 4297 887 4350 in
920 4296 1005 4352 his
1039 4299 1268 4355 dubium
1313 4307 1421 4362 est.
1468 4308 1655 4355 utrum
1710 4298 1941 4356 Paulum

367 4384 565 4457 Rbegii
603 4386 870 4443 miracula
902 4389 1116 4455 fecerit,
1151 4399 1247 4447 aut
1281 4391 1496 4464 aliquos
1525 4392 1591 4447 ad
1619 4392 1781 4447 fidem
1812 4408 1943 4448 con-

366 4478 622 4541 verterit,
658 4479 768 4534 imo
816 4496 883 4535 an
916 4480 1071 4537 istam
1105 4484 1300 4539 urbem
1339 4500 1404 4540 ex
1450 4484 1799 4556 navigatione
1850 4486 1942 4542 illa

2047 3309 2208 3354 cante
2247 3298 2438 3368 Rhegii
2484 3298 2675 3363 Paulo,
2712 3296 3021 3353 columnam
3058 3305 3422 3349 marmoream
3455 3289 3627 3344 arsis-

2048 3392 2151 3446 se?
2179 3410 2197 3443 ι
2237 3390 2405 3445 Addit
2432 3389 2802 3462 Hieronymus
2830 3404 2898 3442 ex
2929 3386 3292 3450 Tertulliano,
3331 3401 3350 3434 ι
3393 3380 3628 3450 Presby-

2050 3493 2228 3538 terum
2252 3481 2547 3552 quemdam
2576 3481 2630 3534 in
2661 3480 2790 3534 Asia
2822 3478 3169 3546 σπουδαστήν
3190 3473 3421 3544 apostoli
3451 3471 3625 3534 Pauli,

2047 3569 2362 3624 convictum
2392 3583 2513 3623 esse
2544 3566 2687 3637 apud
2716 3567 3007 3631 Joannem,
3043 3563 3188 3634 quod
3233 3570 3427 3616 auctor
3479 3568 3628 3616 esset

2046 3661 2195 3727 libri,
2227 3671 2283 3715 et
2314 3659 2651 3732 confessum,
2675 3672 2734 3712 se
2762 3658 2868 3712 hoc
2896 3655 3051 3711 Pauli
3085 3668 3274 3709 amore
3306 3652 3502 3706 fecisse
3527 3666 3542 3716 ;
3571 3657 3629 3703 et

2046 3754 2119 3808 ob
2144 3754 2197 3808 id
2227 3752 2295 3808 de
2322 3754 2444 3808 loco
2470 3750 2762 3807 excidisse.
2799 3767 2818 3800 ι
2851 3748 3020 3818 Digna
3053 3743 3339 3800 lictoribus
3373 3742 3428 3795 in
3460 3740 3629 3795 rebus

2047 3845 2220 3901 sacris
2247 3860 2312 3899 ac
2341 3843 2502 3899 seriis
2526 3858 2705 3912 pana,
2730 3841 2849 3896 sive
2880 3838 3139 3894 finxerint
3160 3849 3347 3897 amore
3376 3824 3628 3904 persona

2046 3935 2295 4007 privata,
2320 3933 2435 3988 sive
2462 3947 2648 3985 amore
2670 3930 2883 4000 patria,
2906 3936 2966 3983 ut
2988 3944 3075 3983 res
3104 3928 3225 3997 ejus
3258 3935 3437 3995 gestas
3459 3937 3626 3993 quam

2046 4028 2316 4084 altissime
2343 4034 2618 4096 repetant,
2649 4034 2745 4080 aut
2771 4022 3193 4078 conversionem
3224 4018 3344 4090 ejus
3372 4015 3438 4070 ad
3467 4014 3628 4071 Chri-

2046 4121 2116 4177 sti
2156 4119 2317 4174 fidem
2355 4120 2422 4172 ah
2453 4117 2720 4188 apostolis
2753 4114 3052 4170 deducant.
3170 4168 3173 4175 ν

2119 4215 2205 4269 Η.
2239 4210 2610 4267 Procedamus
2644 4223 2833 4278 porro.
2872 4206 2995 4262 Non
3032 4213 3244 4261 tantum
3284 4200 3440 4258 Pattli
3489 4208 3631 4256 tem-

2045 4320 2180 4376 pore
2226 4304 2472 4375 ignotum
2528 4299 2632 4353 fuit
2685 4296 2997 4368 prodigium
3045 4294 3292 4349 ardentis
3335 4292 3628 4353 columna,

2045 4412 2236 4452 verum
2278 4396 2443 4450 etiam
2484 4391 2633 4447 mille
2677 4389 2840 4445 annis
2879 4398 3022 4460 post,
3056 4403 3232 4459 usque
3277 4386 3344 4441 ad
3391 4396 3627 4454 tempus,

2045 4505 2156 4560 quo
2212 4486 2472 4555 primaria
2527 4484 2585 4538 S.
2641 4481 2904 4553 Stephani
2965 4481 3108 4545 vita,
3173 4494 3339 4550 quam
3404 4476 3626 4534 Graco-

369 4571 681 4628 intraverit.
711 4571 916 4629 Scribit
946 4575 1138 4642 Lucas,
1169 4592 1354 4633 comes
1390 4576 1446 4634 S.
1492 4577 1646 4633 Pauli
1685 4577 1741 4634 in
1788 4577 1944 4634 navi-
1976 4584 2027 4644 Ι)
2055 4582 2303 4636 Latinam
2336 4578 2554 4642 damus,
2588 4576 2898 4642 conscripta
2939 4571 3061 4626 fuit.
3102 4571 3234 4642 Ejus
3274 4568 3480 4640 quippe
3534 4583 3630 4621 au-

367 4667 589 4737 gatione
639 4664 1167 4739 Syriaco-Romano,
1221 4686 1345 4741 qua
1386 4671 1558 4737 vidit;
1601 4679 1657 4727 et
1691 4680 1945 4727 accurate

368 4768 521 4814 notat
547 4773 759 4815 moram
809 4775 973 4830 quam
1000 4761 1055 4816 in
1084 4762 1401 4818 civitatibus
1433 4763 1612 4820 obviis
1638 4772 1942 4827 traxerunt,

367 4851 461 4907 Sic
487 4850 706 4918 Melita,
732 4852 829 4918 ait,
861 4853 1183 4911 hibernasse
1214 4857 1447 4911 Paulum
1485 4866 1596 4910 tres
1621 4872 1859 4922 menses,
1889 4865 1947 4912 et

366 4957 489 5015 qua
522 4942 731 4999 ibidem
766 4943 976 5001 interea
1007 4946 1138 5001 fecit
1175 4947 1438 5002 miracula
1465 4957 1521 5002 et
1555 4947 1948 5002 conversiones

364 5036 681 5113 gentilium,
736 5036 1019 5096 describit.
1080 5039 1370 5112 Syracusis
1436 5039 1622 5095 triduo
1677 5039 1945 5096 substite-

367 5146 535 5203 runt;
587 5134 837 5191 Puteolis
894 5141 1085 5204 rogatu
1146 5131 1378 5186 fratrum
1441 5139 1764 5186 manserunt
1826 5132 1947 5186 dies

363 5240 600 5301 septem.
641 5230 716 5284 De
735 5227 944 5297 Rlngio
971 5235 1153 5280 autem
1184 5225 1321 5280 nihil
1351 5224 1533 5281 simile
1561 5223 1816 5280 meminit
1838 5223 1946 5277 Lu-

361 5337 442 5377 ac
473 5329 677 5376 textus.
720 5319 799 5374 En
836 5320 1023 5383 verba,
1052 5322 1316 5372 Actorum
1360 5331 1482 5387 cap.
1515 5316 1596 5370 ult
1631 5334 1645 5371 :
1674 5335 1692 5366 ‹
1728 5317 1795 5370 Et
1820 5331 1944 5370 cum

361 5415 710 5469 venissemus
747 5412 1098 5484 Syracusam,
1135 5409 1442 5464 mansimus
1473 5408 1548 5463 ibi
1584 5408 1787 5464 triduo.
1815 5408 1945 5462 lude

361 5498 849 5578 circumlegcntcs,
876 5502 1203 5559 devenimus
1230 5501 1522 5572 Rhegium,
1544 5509 1743 5571 etpost
1772 5515 1944 5555 unum

364 5600 538 5663 diem,
564 5608 746 5654 stante
782 5605 1010 5662 austro;
1051 5594 1297 5649 secundo
1340 5592 1429 5649 die
1458 5592 1713 5648 venimus
1752 5592 1948 5647 Puteo-

363 5694 471 5757 los,
506 5690 596 5746 ubi
644 5687 891 5746 inventis
937 5686 1224 5752 fratribus,
1268 5685 1442 5756 rogati
1488 5700 1680 5741 sumus
1726 5699 1947 5740 manere

364 5786 507 5851 apud
538 5801 656 5850 cos,
693 5784 823 5838 dies
846 5789 1058 5850 septem
1090 5796 1103 5833 :
1143 5787 1198 5835 et
1227 5778 1311 5835 sic
1345 5778 1600 5835 venimus
1632 5778 1878 5833 Romam.
1921 5795 1939 5829 ι

366 5878 530 5949 Igitur
554 5879 761 5935 l’aulus
797 5883 855 5931 et
879 5874 1076 5943 Lucas,
1112 5872 1435 5946 navigantes
1469 5871 1738 5942 Syracusa
1773 5887 1943 5929 veno-

2055 4681 2196 4737 ctor,
2224 4670 2480 4741 quamvis
2504 4667 2730 4722 Paulum
2760 4663 2982 4717 inducat
3019 4661 3324 4731 Rhegium:
3352 4658 3538 4727 ibique
3567 4655 3631 4710 li-

2054 4764 2179 4819 dcm
2222 4760 2602 4822 annuntiasse,
2641 4758 2844 4811 multos
2882 4753 3209 4822 baptizasse,
3251 4758 3417 4820 atque
3461 4748 3628 4805 etiam

2055 4857 2408 4929 presbyteros
2443 4861 2500 4909 et
2528 4852 2819 4922 episcopos
2856 4846 3141 4903 ordinasse
3174 4844 3343 4909 dicat,
3379 4842 3630 4911 adeoque

2056 4951 2252 5004 innuat
2281 4947 2588 5018 longiorem
2624 4955 2831 4997 moram
2876 4937 3082 4995 ibidem
3125 4940 3400 5000 traxisse;
3446 4943 3629 4988 tamen

2054 5056 2158 5095 suo
2188 5049 2437 5110 tempore
2464 5036 2707 5092 nondum
2743 5032 2926 5094 scivit,
2958 5028 3104 5100 quod
3134 5027 3325 5083 incola
3349 5023 3630 5095 Rhegien~

2055 5148 2145 5187 ses
2176 5131 2336 5186 initio
2365 5126 2724 5199 pertinaciter
2758 5119 3148 5195 prohibuerint
3176 5116 3347 5174 Paulo
3367 5115 3620 5187 pradica-

2056 5241 2116 5280 re
2166 5222 2352 5287 fidem,
2406 5218 2607 5273 deinde
2657 5231 2789 5271 vero
2840 5231 2938 5286 per
2997 5210 3307 5283 prodigium
3362 5208 3634 5265 columna

2058 5330 2381 5373 marmorea
2406 5311 2654 5367 ardentis
2695 5308 2948 5363 conversi
2978 5305 3048 5361 ab
3071 5306 3192 5375 ipso
3221 5301 3447 5361 fuerint.
3486 5297 3630 5365 Quin

2061 5410 2172 5463 imo
2203 5405 2339 5463 satis
2377 5404 2621 5460 declarat
2652 5408 2849 5454 auctor
2880 5399 3024 5462 vita,
3054 5396 3395 5466 Rhegienses
3424 5390 3495 5445 ab
3524 5388 3633 5445 iui-

2059 5500 2157 5562 tio,
2192 5499 2403 5568 absque
2445 5493 2557 5550 ullo
2598 5488 2865 5560 singulari
2902 5486 3193 5550 miraculo,
3240 5483 3466 5539 Paulum
3499 5495 3635 5536 cou—

2055 5593 2369 5647 cionantem
2394 5599 2598 5658 pronos
2625 5580 2964 5638 auscultasse
2995 5595 3011 5633 :
3043 5587 3099 5632 et
3124 5575 3290 5633 sicuti
3323 5585 3468 5631 terra
3490 5572 3632 5627 bona

2056 5689 2377 5751 susceptum
2407 5689 2596 5732 semen
2629 5669 2959 5741 multiplicat
2996 5666 3339 5737 centuplum,
3387 5665 3462 5719 ita
3509 5664 3632 5717 illos

2056 5772 2366 5842 suscepisse
2411 5766 2641 5823 verbum
2676 5763 2774 5819 Dei
2811 5778 2876 5818 ex
2905 5776 3003 5816 ore
3035 5758 3215 5814 l'auli.
3251 5757 3425 5812 Debet
3464 5755 3632 5826 igitur

2058 5866 2244 5925 fabula
2274 5864 2376 5921 ista
2403 5860 2644 5933 primum
2679 5868 2807 5914 nata
2830 5854 2998 5914 fuisse
3025 5853 3080 5911 iu
3114 5849 3327 5920 vulgus,
3350 5855 3472 5919 post
3501 5856 3627 5903 ata-
