3994 6482
415 441 525 504 315

1754 439 2035 500 MENSIS
2068 433 2366 496 IULIUS.

3575 414 3677 482 326

415 565 528 611 tem
560 554 695 611 dicti
727 556 1016 624 srriptoris
1048 565 1103 611 et
1135 556 1278 613 forte
1313 557 1407 613 diu
1440 568 1582 628 post,
1616 574 1683 612 ex
1712 557 1874 613 otiosi
1903 554 2001 610 ali-
2029 554 2076 614 Α
2106 546 2362 619 discipuli
2394 554 2489 601 aut
2523 543 2732 599 Christi
2762 540 3003 605 Domini,
3036 549 3132 595 aut
3159 546 3479 593 sanctorum
3507 536 3677 628 Petri,

416 651 577 720 cujus
631 649 884 714 cerebro,
933 665 1054 719 qua:
1099 666 1226 705 mox
1279 652 1440 722 vulgo
1489 652 1778 722 placuerit,
1831 660 1997 720 atque

415 743 583 797 etiam
624 757 653 795 a
690 743 949 811 praedicto
984 743 1409 816 chronographo
1450 746 1776 815 Rhegiensi,
1813 744 1999 800 Marco

418 831 657 886 Antonio
687 832 874 894 Politi,
918 844 1140 903 recepta
1187 835 1373 891 fuerit.
1433 837 1813 908 Scriptoribus
1851 837 1998 903 aliis,

419 924 723 980 Maraﬁotio
755 925 809 979 in
844 924 1123 983 Chronico
1150 928 1441 991 Calabrize,
1480 941 1646 1002 atque
1688 932 1918 1002 Ughello
1945 930 2001 985 in

419 1014 693 1084 episcopis
737 1016 1182 1085 thegiensibus;
1222 1022 1351 1076 item
1383 1023 1555 1078 Paulo
1611 1023 1889 1079 Gualterio
1946 1024 1999 1077 in

421 1104 685 1161 Calabria:
726 1106 965 1173 Sanctis,
998 1119 1052 1165 et
1096 1112 1219 1167 Vita
1247 1113 1302 1168 S.
1331 1112 1618 1184 Stephani,
1653 1115 1744 1185 qui
1787 1124 1915 1169 ante
1949 1123 2006 1168 et

424 1207 548 1267 post
615 1199 878 1261 Politum.
943 1219 1041 1258 sua
1089 1205 1424 1272 ediderunt,
1481 1224 1590 1263 non
1652 1209 1802 1264 ausis
1864 1225 2005 1279 prm-

424 1290 560 1345 dicti
619 1292 882 1363 prodigii,
932 1310 995 1350 ac
1028 1296 1152 1352 talis
1199 1300 1575 1356 conversionis
1612 1302 2004 1375 Rhegiensium

426 1382 493 1435 ad
547 1382 709 1437 ﬁdem
749 1383 983 1451 Christi,
1036 1388 1121 1441 vel
1157 1389 1325 1443 verbo
1372 1391 1706 1453 meminisse.
1740 1398 1885 1465 quod
1932 1397 2009 1452 fac

428 1489 594 1530 Clalll.

502 1567 590 1621 i5.
623 1567 914 1638 Superest,
953 1581 1014 1626 ut
1044 1572 1113 1628 de
1146 1582 1307 1630 a'tate
1341 1575 1395 1631 S.
1429 1576 1694 1648 Stephani
1741 1589 1797 1635 et
1834 1585 2012 1639 socio-

432 1673 555 1711 rum
601 1660 721 1730 ejus
750 1674 1075 1735 martyrum,
1107 1668 1333 1723 verbum
1370 1670 1655 1728 addamus.
1700 1674 1843 1731 Satis
1877 1693 2012 1732 cun-

437 1757 585 1802 stare
659 1762 840 1819 potest
891 1771 956 1810 ex
1018 1745 1288 1813 hactenus
1356 1762 1679 1830 disputatis,
1749 1766 1927 1834 ipsum
1983 1786 2012 1823 a

2100 642 2255 699 Pauli
2285 649 2378 694 aut
2400 636 2723 698 Clementis,
2748 643 2883 696 etc.,
2915 631 3175 702 quodque
3202 628 3457 684 venerint
3484 627 3680 697 praedi-

2103 748 2229 787 care
2263 727 2618 798 Evangelium
2650 724 2705 778 in
2736 733 2918 777 vastas
2947 722 3112 776 hasce
3140 719 3455 789 provincias
3483 719 3684 772 saeculo

2107 823 2285 893 primo
2331 818 2763 883 Christianismi,
2819 815 2877 871 S.
2924 814 3187 870 Ursinum
3229 810 3681 873 Bituricensium,

2108 916 2167 969 S.
2200 912 2652 968 Austremouium
2695 912 3097 971 Arvernorum,
3135 906 3192 961 S.
3232 903 3533 959 Martialem
3580 903 3684 957 Le-

2110 1004 2534 1066 movicensium,
2593 1001 2651 1057 S.
2722 1002 3056 1056 Frontonem
3125 993 3685 1055 Petrocoricensium,

2110 1095 2165 1150 S.
2198 1094 2562 1162 Eutrophium
2590 1090 3041 1156 Santonensium,
3082 1108 3100 1141 ι
3142 1096 3199 1142 et
3232 1100 3371 1156 quos
3402 1099 3569 1154 porro
3596 1098 3693 1137 re-

2110 1192 2300 1240 censet
2326 1181 2522 1254 magno
2548 1196 2779 1236 numero
2808 1180 2946 1234 alios
2983 1196 2995 1232 :
3034 1198 3052 1230 ι
3087 1192 3228 1248 quos
3259 1175 3457 1244 inquit,
3483 1173 3697 1228 doctis-

2110 1275 2240 1329 simi
2302 1273 2428 1338 viri,
2489 1272 2687 1335 Faber,
2746 1271 3076 1340 Bosqnetus,
3126 1267 3436 1335 Launoyus,
3504 1265 3697 1318 Patres

2114 1366 2451 1422 Sirmundus
2482 1376 2537 1420 et
2568 1364 2847 1427 Petavius,
2880 1362 3085 1431 aliique
3110 1361 3320 1431 plures,
3354 1363 3700 1413 censuerunt

2112 1475 2223 1515 non
2282 1460 2503 1514 venisse
2565 1457 2673 1513 nisi
2724 1457 2928 1513 sarculo
2961 1454 3124 1510 tertio
3170 1465 3265 1509 aut
3299 1462 3519 1523 quarto.
3552 1470 3570 1501 ι
3619 1448 3700 1502 De

2114 1551 2400 1606 nonnullis
2433 1558 2751 1606 sanctorum
2780 1548 3000 1603 illorum
3029 1553 3086 1600 et
3113 1560 3216 1600 nos
3241 1543 3601 1622 tractavimus
3638 1540 3702 1593 in

2119 1644 2267 1700 Actis
2322 1644 2551 1707 nostris,
2604 1652 2659 1697 et
2707 1642 2823 1697 fere
2880 1639 3262 1696 consentimus
3322 1652 3446 1691 cum
3513 1634 3705 1689 citatis

2119 1736 2465 1793 auctoribus.

434 1841 495 1955 Ξ.
522 1843 692 1949 Patllo
720 1862 750 1900 e
784 1850 1133 1919 navigatione
1161 1816 2013 1930 Syriaco-limuana'episcopum
2043 1895 2091 1955 Β
2193 1851 2279 1906 Π·
2315 1851 2371 1905 In
2415 1848 2600 1905 Sicma
2643 1865 2863 1920 (ιιιοίιυθ
2907 1846 3259 1919 δγτειειιεείηίν
3310 1846 3403 1950 (im
3450 1854 3709 1899 sanetum

437 1934 634 2004 Rhegii
684 1941 1044 1996 constitutum
1096 1961 1205 1999 non
1254 1945 1424 2002 fuisse
1457 1967 1469 2003 :
1499 1949 1550 2004 id
1596 1951 1815 2007 interim
1864 1955 2017 2010 aiunt

445 2025 804 2094 Rhegienscs,
838 2041 1003 2100 atque
1037 2034 1175 2088 adeo
1218 2051 1280 2089 ex
1332 2037 1550 2091 illorum
1585 2042 1846 2110 opinione
1886 2062 2019 2100 cott-

443 2118 674 2175 stitutus
702 2121 808 2176 fuit
837 2139 985 2178 anno
1016 2124 1223 2193 Christi
1252 2128 1318 2183 56
1349 2147 1458 2200 quo
1489 2131 1609 2188 illac
1640 2137 1856 2190 transiit
1886 2139 2022 2193 Pau-

445 2208 552 2262 lus.
581 2210 654 2263 De
690 2227 835 2265 anno
862 2222 1045 2268 autem
1083 2216 1450 2275 determinato
1474 2227 1716 2296 martyrii
1750 2227 2022 2284 nihildum

447 2299 590 2366 apud
635 2301 783 2369 ipsos
837 2305 962 2372 legi.
1023 2305 1313 2363 Ferrarius
1363 2313 1576 2380 scribit,
1623 2332 1843 2386 passum
1903 2338 2024 2377 esse

448 2388 789 2458 Stephanum
820 2397 923 2449 sub
945 2398 1165 2454 Nerone
1192 2419 1205 2453 :
1237 2402 1382 2471 quod
1421 2415 1595 2460 certat
1618 2424 1741 2465 cum
1764 2411 1939 2478 Actis,
1971 2415 2024 2469 in

447 2481 654 2551 quibus
681 2484 903 2556 legitur,
937 2488 1116 2559 ipsum
1157 2494 1440 2561 praefuisse
1485 2498 1808 2570 episcopum
1851 2518 2028 2561 annos

448 2574 640 2629 decem
696 2588 752 2632 et
808 2590 1041 2650 septem.
1078 2585 1152 2637 Ex
1184 2600 1295 2655 quo
1343 2591 1725 2659 consequitur,
1763 2598 2029 2668 martyrio

448 2665 773 2725 defunctum
798 2688 917 2728 esse
951 2691 1101 2731 anno
1132 2677 1223 2739 73,
1263 2681 1408 2749 quod
1432 2698 1589 2753 reque
1627 2687 1885 2743 sustineri
1911 2665 2029 2747 non

450 2768 651 2826 potest.
675 2761 813 2827 Quia
846 2765 1042 2832 scitur,
1078 2784 1181 2823 nec
1210 2770 1302 2824 illo
1333 2787 1499 2837 anno,
1529 2792 1630 2830 nec
1655 2778 1864 2849 aliquot
1890 2797 2031 2851 pra:-

450 2852 800 2921 cedentibus,
832 2872 935 2912 nec
983 2860 1195 2929 aliquot
1232 2867 1725 2936 subsequentibus,
1766 2889 2032 2943 persecu—

450 2944 658 2999 tionem
719 2950 885 3003 ullam
945 2952 1119 3010 fuisse
1168 2968 1371 3012 motam
1424 2971 1616 3017 contra
1664 2964 2028 3024 Christianos.

451 3033 820 3100 Quamobrem
855 3042 1001 3099 aliud
1030 3055 1245 3118 tempus
1265 3053 1623 3120 qumrendum
1650 3064 1753 3120 est,
1774 3072 1884 3126 quo
1914 3060 2033 3128 epi-

451 3142 653 3197 scopus
680 3131 881 3198 factus,
903 3153 1125 3209 quoque
1153 3144 1477 3215 martyrium
1501 3162 1699 3214 passus
1727 3149 1794 3203 sit
1828 3149 1882 3205 S.
1913 3151 2033 3209 Ste-

2122 1960 2282 1998 suum
2324 1943 2685 2007 Marcianum,
2714 1943 2952 2012 primum
2985 1940 3226 1996 civitatis
3248 1938 3571 2008 episcopum
3598 1952 3712 1991 no-

2125 2035 2356 2100 minant,
2390 2036 2868 2105 contendantque,
2903 2033 3193 2089 Antiochia
3225 2033 3329 2087 sibi
3378 2048 3409 2086 a
3454 2030 3510 2085 S.
3546 2030 3713 2084 Petro

2126 2126 2372 2196 apostolo
2400 2128 2735 2185 submissum
2775 2126 2964 2194 fuisse,
2985 2126 3355 2181 ostenduntur
3377 2122 3446 2178 ad
3470 2124 3612 2178 diem
3647 2122 3716 2177 li.

2124 2219 2270 2274 Junii
2309 2219 2507 2279 nostri.
2540 2219 2851 2282 aberrasse,
2882 2220 3175 2289 ipsumque
3216 2228 3493 2282 sanctum,
3538 2216 3717 2286 impe-

2129 2312 2384 2367 rantibus
2409 2312 2703 2367 Valeriano
2730 2319 2786 2366 et
2813 2310 3087 2377 Gallieno,
3119 2311 3319 2365 saeculo
3342 2311 3526 2374 tertio,
3561 2325 3719 2364 mar-

2131 2404 2332 2476 tyrium
2363 2402 2716 2459 sustinuisse.
2745 2402 2937 2459 Umbri
2966 2403 3244 2465 similiter,
3275 2411 3334 2456 ut
3360 2416 3537 2471 nuper
3570 2400 3723 2455 dixi-

2131 2513 2276 2563 mus,
2326 2499 2380 2551 itt
2441 2505 2679 2551 tractatu
2731 2496 3092 2568 praeliminat'i
3142 2496 3207 2549 ad
3256 2503 3466 2549 tomunt
3503 2493 3521 2547 Ι
3558 2495 3719 2561 Julii,

2132 2591 2391 2647 all'eclant
2425 2590 2811 2660 antiquitatem
2850 2590 3150 2660 primorum
3183 2589 3391 2657 aliquot
3425 2588 3723 2657 episcopo-

2135 2699 2252 2737 rum
2280 2698 2529 2745 suorum,
2555 2696 2695 2752 quos
2719 2681 2873 2735 aiunt
2900 2697 2929 2734 a
2954 2680 3009 2734 S.
3039 2679 3203 2735 Petro
3229 2680 3476 2750 apostolo
3503 2695 3531 2734 e
3560 2678 3723 2747 Syria

2135 2773 2202 2827 ad
2235 2789 2293 2829 se
2328 2773 2523 2829 missos
2561 2773 2765 2840 fuisse;
2804 2773 2898 2841 qui
2934 2788 3041 2827 non
3074 2771 3177 2825 nisi
3207 2772 3550 2842 temporibus
3588 2772 3725 2826 Dio-

2136 2862 2357 2917 cletiani
2410 2871 2464 2917 et
2499 2861 2813 2917 Maximiani
2862 2865 3120 2918 vixerunt
3165 2880 3228 2919 ac
3275 2874 3545 2935 martyres
3590 2862 3722 2917 facti

2136 2964 2284 3010 sunt.
2316 2954 2462 3009 Nihil
2491 2956 2690 3011 attinet
2730 2955 2886 3026 plura
2939 2971 3240 3028 congerere
3283 2955 3551 3025 exempla.
3608 2954 3726 3009 Res

2137 3046 2372 3103 eruditis
2426 3047 2716 3102 notissima
2776 3056 2879 3102 est.
2947 3047 3021 3103 De
3077 3048 3134 3103 S.
3190 3047 3492 3118 Stephano,
3540 3046 3726 3115 primo

2139 3136 2533 3208 Rhegieusium
2564 3137 2845 3207 episcOpo,
2875 3138 2984 3209 jam
3010 3137 3316 3191 ostendisse
3344 3135 3474 3190 mihi
3506 3134 3724 3197 videor,

452 3216 695 3286 phan'us.
730 3223 864 3279 lllud
898 3237 1082 3283 autem
1127 3230 1381 3290 invenire
1415 3252 1523 3290 non
1551 3238 1659 3293 erit
1686 3240 1846 3297 facile
1871 3259 1884 3296 :
1909 3259 2025 3300 cum

2143 3228 2321 3299 ipsum
2358 3245 2459 3285 nec
2485 3229 2687 3285 saeculo
2712 3228 2912 3299 primo,
2945 3244 3045 3284 nec
3090 3246 3120 3284 a
3157 3229 3211 3284 S.
3249 3228 3421 3284 Paulo
3444 3227 3726 3297 apostolo,

444 3309 717 3379 'Ughellus
749 3315 915 3385 dicat,
955 3339 973 3373 τ
1003 3330 1127 3391 post
1164 3322 1511 3396 Stephanum
1558 3346 1736 3401 usque
1784 3335 1852 3388 ad
1893 3335 2037 3392 Con-

460 3406 687 3493 stantini
736 3409 910 3479 Magni
948 3422 1185 3485 tempus,
1227 3419 1537 3489 episcopos,
1570 3425 1666 3493 qui
1709 3424 1767 3479 in
1817 3427 2040 3486 civitate

462 3492 760 3566 llbegtensi
782 3501 1108 3573 ﬂoruerunt,
1135 3509 1460 3566 desiderari.
1484 3532 1502 3565 ι
1533 3492 1683 3587 Rogo
1708 3517 1877 3589 igitur
1902 3521 2044 3578 Rhe-

458 3588 697 3657 gienses,
732 3603 791 3647 ut
820 3596 924 3667 ipsi
961 3614 1101 3656 nova
1137 3616 1272 3658 cura
1320 3603 1374 3658 in
1414 3621 1530 3662 rem
1579 3588 1749 3665 illam,
1777 3618 2039 3684 tanquam

456 3697 634 3748 suam,
665 3687 895 3757 propius
921 3690 1229 3762 inquirant.

530 3773 620 3869 16.
664 3777 835 3834 Nobis
884 3783 1107 3852 quidem
1163 3790 1513 3858 eXperientia
1553 3803 1789 3863 constat,
1837 3797 2043 3869 ubique

457 3867 704 3959 gentium
765 3872 1073 3931 obtinuisse
1124 3887 1181 3935 et
1229 3881 1503 3950 obtinere,
1548 3895 1744 3958 estque
1790 3867 2045 3959 pluribus

458 3956 869 4022 quodammodo
902 3964 1176 4034 innatum,
1200 3977 1261 4023 ut
1289 3988 1472 4028 rerum
1499 3956 1722 4032 suarum
1748 3956 2047 4050 antiquita-

461 4059 571 4101 tem
605 4049 889 4118 aﬂ‘ectent,
918 4071 1154 4128 eamque
1207 4078 1369 4131 quam
1429 4067 1695 4124 altissime
1746 4049 2042 4131 attollant:

461 4142 610 4207 quod
652 4153 709 4197 ct
741 4144 1067 4216 frequenter
1099 4167 1203 4211 usu
1231 4157 1385 4210 venit
1416 4157 1471 4212 in
1507 4161 1661 4216 Actis
1704 4173 2043 4233 sanctorum,

462 4247 587 4299 quae
622 4246 746 4303 post
785 4237 947 4311 longa
992 4252 1240 4313 tempora
1292 4262 1360 4302 ex
1400 4250 1698 4322 caliginosa
1745 4256 2048 4314 traditione

465 4328 562 4371 aut
604 4327 934 4395 apocryphis
982 4330 1208 4401 scriptis
1263 4337 1621 4409 colliguntur.
1671 4341 1729 4398 ld
1780 4347 2047 4405 accidisse

2141 3319 2364 3389 quando
2396 3320 2441 3375 is
2475 3320 2752 3390 navigavit
2775 3321 3029 3382 Romam,
3056 3318 3372 3373 ordinatum
3404 3317 3573 3372 fuisse
3605 3317 3733 3388 epi-

2143 3426 2372 3482 scopum
2411 3428 2424 3464 :
2461 3413 2684 3483 quando
2728 3423 2912 3467 autem
2956 3411 3246 3468 ordinatus
3289 3411 3473 3476 fuerit,
3507 3425 3731 3481 nequeo

2144 3502 2428 3570 divinare;
2463 3504 2590 3574 quia
2623 3503 2691 3559 de
2726 3504 2832 3559 hoc
2870 3503 3152 3574 Stephano
3179 3503 3345 3559 silent
3380 3512 3486 3557 tam
3517 3502 3728 3573 Marty-

2145 3595 2317 3667 rologi
2353 3596 2555 3659 Latini,
2597 3613 2761 3668 quam
2802 3597 2895 3651 alii
2932 3597 3235 3667 scriptorcs
3266 3594 3499 3665 an:iqui,
3531 3594 3733 3649 saltem

2145 3685 2240 3759 qui
2286 3695 2412 3740 ante
2439 3686 2622 3742 Vitam
2673 3688 2792 3759 ejus
2839 3687 3100 3758 scriptam
3148 3686 3402 3741 vixerint.
3453 3685 3736 3740 Fortassis

2145 3787 2332 3846 posset
2378 3778 2500 3849 ejus
2530 3777 2854 3849 martyrium
2911 3777 2978 3832 ad
3015 3784 3261 3846 tempora
3303 3772 3626 3829 Diocletiani
3680 3781 3736 3828 et

2146 3870 2461 3925 Maximiani
2494 3870 2710 3937 referri,
2744 3869 2875 3940 quia
2906 3868 3041 3924 nulli
3067 3869 3157 3923 alii
3189 3876 3316 3923 ante
3344 3866 3478 3922 illud
3511 3876 3737 3936 tempus

2149 3961 2265 4018 noti
2295 3971 2426 4017 sunt
2456 3962 2704 4034 episcopi
2731 3961 3100 4033 Rbegienses.
3132 3961 3336 4017 Verum
3380 3960 3620 4014 certiora
3663 3960 3735 4014 de

2147 4053 2237 4109 his
2288 4056 2731 4126 exspectabimus
2781 4072 2809 4111 a
2855 4054 3260 4127 Bhegiensibus
3304 4053 3454 4125 ipsis,
3507 4060 3568 4106 ut
3620 4052 3735 4123 jam

2149 4146 2284 4205 dixi.

2221 4256 2309 4312 i8.
2352 4256 2606 4313 Diximus
2653 4272 2900 4327 quoque,
2945 4254 3092 4311 unde
3139 4255 3519 4325 acceperimus
3594 4256 3735 4313 Acta

2148 4350 2357 4418 Graeca,
2391 4359 2449 4406 et
2479 4350 2608 4421 quia
2639 4348 2793 4406 tarde
2830 4350 3060 4405 fuerunt
3096 4344 3345 4412 collecta,
3381 4347 3737 4419 comperiun-

467 4415 885 4513 Fancflsfalliae
911 4422 1194 4511 Prioribus
1218 4429 1512 4502 episcopis,
1539 4433 1852 4492 luculenter
1884 4448 2049 4498 testa-
2153 4449 2245 4496 tur
2275 4415 2384 4497 non
2416 4415 2628 4513 magnae
2658 4440 2784 4496 ﬁdei
2812 4456 2957 4497 esse.
2992 4440 3072 4494 En
3101 4439 3238 4509 ipsa,
3268 4415 3612 4507 cumjttostra
3648 4438 3735 4493 in-

469 4511 561 4606 tur
591 4507 878 4606 Philippus
918 4507 1125 4585 Labbe,
1160 4522 1506 4592 antiquitatis
1537 4527 1811 4598 eruditus,
1843 4532 1889 4588 si
1921 4535 2049 4606 quis
2080 4593 2119 4606 _
2156 4507 2574 4604 terpretatione.
2601 4532 2820 4588 Titulus
2856 4532 2980 4588 talis
3015 4507 3400 4601 prae—ﬁgebatur
3426 4546 3441 4583 :
3473 4528 3739 4599 Ἀθλησις

469 4598 632 4663 alius,
663 4602 718 4655 in
747 4604 1028 4663 Breviario
1051 4625 1153 4666 suo
1177 4613 1571 4688 chronologico
1601 4619 1855 4678 Historia:
1879 4593 2025 4683 sach

2154 4593 2257 4678 τοέ
2280 4627 2432 4679 ὁσίου
2459 4625 2671 4698 Πατρὸς
2696 4625 2854 4697 ἡμῶν
2885 4593 3282 4696 ἱεροέιάρτιῖρος
3308 4622 3603 4691 Στεφάνου»
3634 4593 3738 4692 ἐληο

468 4697 525 4791 et
556 4692 800 4760 profanae
822 4706 891 4750 ad
925 4713 1129 4754 annum
1160 4700 1365 4759 Christi
1398 4706 1488 4772 69,
1521 4707 1595 4763 ita
1621 4711 1874 4767 scribens
1906 4729 2025 4770 anni

2151 4719 2474 4790 τροπολετου
2502 4692 2606 4790 τῆξ
2641 4692 2962 4791 Κάλαὸρίαξ
2994 4692 3016 4773 ε⁷
3038 4692 3321 4774 Certamen
3349 4717 3522 4772 sancti
3555 4715 3737 4770 Patris

471 4784 610 4840 1665
634 4807 646 4841 :
685 4805 703 4837 ‹
731 4788 815 4844 Ab
839 4793 999 4848 annis
1021 4794 1178 4871 facile
1207 4799 1540 4869 octingentis
1566 4802 1755 4871 plures
1781 4807 2052 4877 majorum
2156 4784 2344 4876 nostri,
2369 4813 2511 4867 sacri
2544 4784 2796 4885 martyris
2830 4784 3108 4885 Stephani,
3132 4808 3481 4882 metmpolita:
3512 4808 3739 4863 civitatis

470 4889 785 4975 nostrorum
816 4885 1195 4956 crediderunt,
1223 4891 1372 4962 quod
1400 4892 1563 4963 primi
1587 4896 1831 4966 episcopi
1858 4900 2056 4956 l'unda-
2155 4902 2340 4975 Rhegii
2362 4905 2415 4960 in
2438 4904 2716 4961 Calabria.

473 4977 623 5026 tores
651 4973 1023 5033 Ecclesiarunt
1064 4980 1380 5038 uestrarum
1427 4999 1528 5054 per
1565 4984 1820 5055 Galliam,
1848 4988 2056 5048 fuerint
