3994 6416
253 341 354 407 317

1232 351 1407 410 VITA
1447 353 1507 414 S.
1551 352 1935 414 STEPHANI
1977 353 2071 412 ET
2114 351 2531 416 SOCIORUM.

266 473 2072 498 M—

932 625 1302 739 ACTA
1397 625 2062 739 AUCTORE
2151 549 2872 740 ANONYMO

1418 831 1548 892 Nisi
1591 830 1752 890 forte
1789 830 1873 892 sit
1911 831 2400 909 Metaphrastcs.

637 978 715 1032 Et
749 978 944 1034 codice
977 995 1078 1034 ms.
1107 979 1425 1034 monasterii
1456 979 1643 1035 Sancti
1690 979 2014 1042 Salvatoris,
2051 978 2266 1034 ordinis
2301 980 2357 1035 S.
2391 980 2574 1034 Basilii
2597 996 2768 1051 prope
2803 980 3136 1036 Messanam.

326 1277 404 1329 A'.
439 1269 621 1338 Οὗτος
649 1277 678 1328 6
709 1275 865 1343 ἅγιος
909 1276 1243 1347 ίερομάρτυς
1291 1277 1562 1343 Στέφανος
1603 1278 1848 1347 ὑπῆρχεν
1876 1282 1923 1339 Α

266 1372 366 1427 ἀπὸ
394 1371 611 1433 πόλεως
641 1367 882 1430 Νικαίας
904 1385 918 1400 °
961 1371 1366 1441 κατερχομένου
1409 1372 1465 1424 δὲ
1503 1371 1713 1424 Παύλου
1749 1372 1844 1425 τοῦ

266 1463 570 1518 ἀποστόλου
603 1465 662 1515 ὲν
687 1464 756 1532 τῇ
801 1461 1012 1533 Ῥώμῃ,
1037 1463 1507 1534 συνηκολούθησεν
1539 1464 1688 1534 αὐτῷ
1719 1464 1847 1535 ἄχρι

268 1560 469 1637 πόλεως
504 1557 730 1628 Ῥηγίου
759 1557 856 1627 τῆς
882 1556 1222 1628 Καλαϐρίας.
1253 1558 1444 1628 Εὑρὼν
1467 1560 1494 1612 6
1523 1559 1848 1622 Ἀπὶστολος

267 1653 356 1722 τήν
388 1651 550 1704 πόλιν
577 1649 748 1704 οὖσαν
781 1649 1128 1714 κατείδωλον,
1170 1650 1438 1722 ἐκήρυξεν
1481 1652 1542 1704 ἐν
1575 1652 1711 1723 αὐτῇ
1758 1651 1846 1704 λό-

263 1762 352 1811 γον
381 1744 620 1814 Κυρίου,
655 1743 751 1795 καὶ
779 1742 970 1811 ὥσπερ
1011 1743 1190 1813 ἀγαθὴ
1223 1743 1314 1796 τὸν
1354 1745 1557 1816 σπόρον
1579 1745 1847 1815 δεχομένη

261 1839 350 1889 καὶ
375 1835 848 1898 ὲκατοστεύουσα,
878 1832 1057 1898 οὕτως
1088 1837 1138 1887 οἰ
1162 1838 1219 1888 ὲν
1247 1837 1386 1905 αὐτῇ
1420 1837 1510 1890 τὸν
1542 1838 1697 1906 λόγον
1738 1840 1849 1892 ἐδέ-

259 1931 421 1996 ξαντο
442 1947 456 1962 ι
490 1928 820 1999 κατηχήσας
851 1922 1009 1991 οὗτος
1039 1929 1240 1993 αὐτοὺς
1276 1932 1304 1982 6
1349 1930 1582 1996 Παῦλος,
1620 1932 1714 1986 καὶ
1750 1933 1850 2003 βα-

262 2026 458 2086 πτίσας
493 2021 788 2088 πλείστους
809 2024 888 2085 είς
927 2021 992 2075 τὸ
1025 2023 1197 2091 ὄνομα
1230 2024 1323 2076 τοῦ
1362 2024 1599 2094 Πατρός,
1626 2026 1722 2078 καὶ
1758 2025 1846 2079 τοῦ

261 2117 412 2183 rio-3,
455 2115 556 2170 καὶ
588 2115 686 2170 τοῦ
727 2116 882 2184 ἁγίου
913 2117 1250 2184 Πνεύματος.
1290 2116 1628 2188 προχειρίζει
1666 2118 1852 2181 αὐτοῖς

265 2210 704 2281 ὶρχιεπίσκοπον
751 2210 1044 2277 Στέφανον.
1085 2212 1178 2272 Ὃς
1211 2210 1395 2274 καλῶς
1434 2211 1709 2280 ποιμάνας
1750 2211 1852 2282 τὴν

267 2305 733 2375 ἐμπιστευθεῖσαν
767 2302 918 2372 αὐτῷ
943 2303 1203 2373 ποίμνην,
1234 2304 1466 2368 πολλοὺς
1500 2303 1578 2374 τῷ
1607 2305 1851 2377 ἑσπερίῳ

269 2399 473 2468 (μέρει)
539 2397 889 2466 ὑπέστρεψεν
947 2399 1028 2458 είς
1075 2398 1174 2466 τὴν
1229 2396 1324 2449 ττῦ
1374 2397 1612 2469 Χριστοῦ
1668 2398 1852 2452 πίστιν

272 2493 386 2550 ταῖς
417 2489 592 2542 αὑτοῦ
632 2488 1030 2550 διδασκαλίαις.
1080 2488 1384 2558 Διατρίψας
1429 2485 1522 2542 οῦν
1576 2489 1636 2541 ὲν
1675 2489 1855 2560 ταύτῃ

278 2587 340 2654 τῇ
365 2584 514 2635 πόλει
561 2583 706 2635 ἐπτὰ
751 2581 849 2634 καὶ
880 2581 1012 2636 δέκα
1041 2582 1341 2646 ἐνιαυτοὺς,
1388 2581 1483 2634 καὶ
1519 2581 1854 2644 ἔπιδ’κδπθυς

278 2676 369 2727 καὶ
401 2675 813 2744 πρεσϐυτέρους
842 2673 1250 2744 χειροτονήσας,
1279 2675 1370 2725 καὶ
1397 2673 1498 2740 τῆς
1527 2674 1854 2744 Ἐκκλησίας

271 2764 402 2816 Θεοῦ
433 2767 628 2834 χάριτι
673 2763 1134 2835 μεγαλυνθείσης,
1165 2764 1397 2835 ἐκινήθη
1430 2764 1672 2834 διωγμὸς
1714 2765 1856 2817 κατὰ

271 2858 373 2908 τῶν
401 2858 776 2927 Χριστιανῶν.

336 2947 412 3004 B'.
471 2948 794 3019 Ἐκρατήθη
852 2947 958 3001 ὑπὸ
994 2947 1242 3018 ἰέρακος
1301 2949 1569 3020 ἡγεμόνος
1610 2951 1636 3002 6
1667 2949 1857 3017 ’Ἄγιος

270 3043 589 3114 πῳσαίῖιος
633 3041 728 3094 τοῦ
767 3041 1228 3110 Χριστιανισμοῦ,
1263 3041 1358 3095 καὶ
1399 3042 1723 3112 ἠναγκάσθη
1761 3045 1860 3112 ἀρ·-

270 3137 538 3206 νήσασθαι
564 3136 657 3188 τὸν
679 3135 938 3205 Χριστὸν,
961 3135 1057 3188 καὶ
1082 3136 1240 3188 θῦσαι
1269 3137 1384 3199 τοῖς
1410 3136 1683 3200 εἰδώλοις·
1716 3138 1773 3200 ὃς
1803 3137 1858 3190 δὲ

270 3228 362 3280 οὐκ
393 3226 684 3296 ἠνέσχετο,
721 3226 858 3278 ἀλλὰ
907 3226 1109 3296 μᾶλλον
1158 3227 1442 3300 παρρησίᾳ
1489 3227 1579 3281 τὸν
1620 3227 1860 3296 Χριστὸν

270 3320 639 3390 ἐμολογήσας,
673 3318 806 3370 Θεὸν
837 3319 967 3372 ὄντα
1002 3319 1098 3372 καὶ
1130 3320 1373 3390 Ποιητὴν
1400 3321 1622 3374 πάντων
1647 3334 1660 3349 ·
1701 3319 1768 3372 τὰ
1803 3319 1861 3371 δὲ

271 3410 491 3470 εἴδωλα,
545 3408 681 3474 ξύλα
721 3407 816 3462 καὶ
859 3408 1040 3471 λίθους
1085 3397 1412 3480 ἀναίσθητα,
1463 3410 1602 3480 ἔργα
1659 3409 1862 3480 χειρῶν

272 3504 606 3574 ἀνθρώπων,
640 3501 734 3555 τοῦ
773 3501 1025 3556 δ;αὸόλου
1062 3503 1445 3573 ὲφευρήματα.
1471 3501 1563 3555 Διὺ
1597 3502 1861 3555 τύπτεται

274 3595 514 3663 ἀ·,;ειδῶς
564 3593 689 3659 (σὺν
733 3592 812 3664 τῷ
848 3592 1064 3663 Σουηρᾷ
1098 3592 1400 3662 ἐπισκόπῳ)
1432 3593 1524 3644 καὶ
1552 3590 1722 3654 λίθοις
1762 3589 1863 3652 τὰς

275 3689 422 3757 ἆζάις
455 3687 826 3751 συνθλῶνται,
860 3685 955 3739 καὶ
984 3687 1062 3748 εἰς
1097 3687 1328 3755 κάμινον
1358 3683 1531 3754 πυρὸς
1559 3682 1864 3753 ἐμϐληθέν·

275 3797 383 3845 τες,
436 3777 670 3848 ἐξῆλθον
721 3775 1016 3837 ἀϐλαϐεἴςο
1076 3775 1196 3830 ὅθεν
1239 3775 1482 3830 πλεῖστοι
1531 3775 1864 3827 ἐπίστευσαν

275 3873 349 3941 τῷ
380 3871 630 3941 Χριστῷ,
662 3869 780 3935 καὶ,
820 3869 1012 3938 Μέγας
1062 3868 1090 3919 ὁ
1118 3868 1278 3933 Θεὸς,
1327 3867 1655 3938 ἀνεϐόησαν,
1693 3867 1720 3920 6
1761 3866 1866 3918 ὑπὸ

2025 1281 2064 1334 Ι.
2098 1281 2332 1335 Sanctus
2365 1277 2454 1333 hic
2486 1287 2692 1350 martyr
2729 1277 3062 1346 Stephanus,
3100 1277 3321 1332 civitate
3350 1277 3528 1332 Nicaea

1952 1385 2128 1437 ortus,
2173 1388 2296 1426 cum
2346 1371 2546 1426 Paulus
2594 1369 2876 1439 apostolus
2915 1368 3361 1438 proﬁcisceretur
3421 1369 3529 1421 lto-

1957 1481 2121 1530 mam,
2171 1464 2348 1532 ipsum
2403 1463 2697 1516 comitatus
2742 1460 2844 1514 fuit
2901 1473 3076 1528 usque
3130 1460 3196 1513 ad
3253 1459 3530 1513 civitatem

1951 1556 2222 1625 Rhegium
2265 1553 2552 1609 Calabriaa.
2585 1552 2878 1608 lnvcniens
2915 1561 3097 1605 autem
3129 1551 3423 1620 Apostolus
3456 1553 3530 1604 ci-

1951 1650 2173 1703 vitatem
2221 1648 2390 1712 illam,
2449 1658 2617 1702 totam
2672 1647 3042 1708 idololatra-m,
3097 1645 3412 1714 praedicavit
3456 1642 3534 1697 ibi

1956 1741 2180 1795 verbum
2215 1741 2310 1794 Dei
2347 1757 2359 1792 :
2397 1749 2453 1794 ct
2482 1739 2945 1809 quemadmodum
2993 1739 3135 1794 bona
3167 1749 3306 1792 terra
3343 1753 3534 1792 semen

1955 1833 2150 1902 recipit
2177 1833 2617 1902 multiplicatque
2647 1832 2990 1900 centuplum,
3021 1831 3093 1884 ita
3119 1830 3312 1884 incolae
3339 1831 3534 1884 civita-

1956 1924 2026 1977 tis
2066 1923 2294 1976 verbum
2344 1930 2696 1990 receperunt.
2734 1921 2948 1976 lnterea
2983 1919 3336 1974 catechizans
3386 1920 3536 1988 ipsos

1954 2017 2177 2077 Paulus,
2212 2015 2511 2084 baptizavit
2559 2015 2830 2084 plurimos
2880 2013 2933 2067 in
2985 2012 3210 2066 nomine
3252 2011 3434 2066 Patris
3477 2019 3535 2066 et

1955 2108 2077 2165 Filii
2120 2116 2176 2164 et
2215 2107 2455 2177 Spiritus
2487 2107 2664 2162 sancti
2689 2123 2702 2171 ;
2732 2116 2901 2176 atque
2931 2104 3211 2160 ordinavit
3239 2103 3316 2160 ibi
3345 2103 3534 2158 archi-

1953 2203 2276 2272 episcopum
2311 2200 2674 2270 Stephanum,
2711 2201 2805 2270 qui
2832 2207 2980 2255 recte
3012 2213 3242 2268 pascens
3277 2195 3537 2252 commis-

1954 2309 2074 2350 sum
2108 2293 2212 2348 sibi
2245 2308 2486 2364 gregem,
2529 2291 2734 2347 multos
2782 2291 2837 2345 in
2869 2290 3312 2346 occidentalibus
3340 2288 3537 2359 plagis,

1955 2383 2231 2438 convertit
2258 2382 2511 2437 doctrina
2542 2397 2640 2436 sua
2672 2379 2741 2434 ad
2775 2380 2936 2434 iidem
2973 2379 3201 2434 Christi.
3237 2379 3535 2446 Postquam

1958 2476 2123 2546 igitur
2156 2473 2552 2545 septemdecim
2585 2488 2761 2527 annos
2793 2471 2867 2526 ibi
2892 2472 3187 2541 exegisset,
3218 2471 3540 2539 episcopos-

1956 2585 2064 2639 que
2088 2578 2142 2621 ct
2178 2567 2528 2637 presbyteros
2547 2572 2940 2626 consecrasset,
2973 2573 3136 2632 atque
3168 2562 3410 2617 Ecelesia
3442 2576 3539 2630 per

1887 2641 1928 2695 Β
1961 2659 2054 2715 Dei
2094 2660 2327 2727 gratiam
2374 2655 2651 2724 perampla
2683 2663 2828 2710 esset
2858 2671 2872 2708 :
2906 2665 3052 2709 mota
3089 2655 3192 2708 fuit
3229 2654 3540 2724 persecutio

1960 2760 2150 2807 contra
2177 2749 2544 2804 Christianos.

2032 2937 2096 2991 ll.
2128 2935 2187 2989 In
2219 2934 2311 2990 illa
2347 2942 2532 2988 autem
2569 2931 3005 3001 comprehensus
3028 2928 3096 2982 ab
3135 2928 3363 2982 llierace
3402 2942 3543 2996 prae-

1962 3031 2078 3085 side
2110 3029 2167 3085 S.
2201 3028 2536 3098 Stephanus,
2571 3037 2828 3095 tanquam
2871 3032 3066 3078 auctor
3105 3019 3544 3082 Christianismi,

1963 3130 2188 3177 coactus
2221 3119 2322 3174 fuit
2361 3134 2564 3188 negare
2605 3116 2888 3172 Christum
2922 3122 2977 3169 el
3007 3113 3320 3168 sacrificare
3359 3108 3544 3164 idolis.

1962 3213 2118 3282 Quod
2186 3213 2277 3267 ille
2333 3227 2442 3265 non
2506 3212 2810 3272 sustinens,
2885 3206 3071 3277 potius
3129 3204 3414 3259 confessus
3463 3210 3546 3256 est

1962 3307 2246 3363 Chriswm
2291 3305 2461 3358 Deum
2507 3317 2628 3357 esse
2663 3311 2718 3355 et
2748 3307 3051 3355 creatorem
3091 3297 3374 3362 omnium;
3404 3293 3546 3347 idola

1964 3416 2100 3456 vero
2131 3413 2252 3453 esse
2293 3398 2438 3468 ligna
2487 3404 2545 3451 et
2589 3394 2821 3464 lapides.
2860 3407 3024 3448 sensu
3057 3389 3301 3461 carentia
3329 3428 3342 3449 ,
3381 3401 3546 3454 opera

1965 3507 2230 3548 manuum
2275 3489 2586 3552 hominum,
2620 3495 2677 3541 et
2715 3485 2920 3541 diaboli
2958 3485 3204 3537 inventa.
3247 3481 3388 3535 Ilinc
3428 3479 3548 3532 sine

1965 3584 2275 3642 cessatione
2299 3583 2632 3637 verberatur
2667 3595 2776 3633 una
2805 3594 2931 3632 cum
2967 3575 3231 3645 episcopo
3269 3573 3464 3636 Suera,
3494 3579 3549 3625 ct

1967 3679 2137 3736 facies
2165 3692 2356 3734 eorum
2385 3674 2662 3745 lapidibus
2683 3678 3071 3734 conteruntur,
3105 3676 3160 3723 et
3187 3666 3240 3720 in
3272 3664 3550 3719 caminum

1968 3774 2111 3846 ignis
2165 3771 2373 3842 injecti,
2429 3768 2558 3823 inde
2605 3767 2863 3822 exierunt
2903 3762 3077 3818 illaesi.
3114 3761 3233 3828 Quo
3283 3757 3550 3812 miraculo

1970 3866 2195 3937 plurimi
2247 3862 2610 3919 crediderunt
2669 3859 2724 3913 in
2774 3857 3080 3921 Christum,
3127 3854 3548 3908 exclamantes:

275 3967 576 4036 Στεφάνου,
605 3964 702 4019 καὶ
725 3965 943 4034 Σουηρᾶ
972 3962 1081 4017 τῶν
1100 3963 1408 4034 ἀρχιερέων
1431 3961 1863 4034 κηρυττόμενος.

1969 3960 2197 4029 Magnus
2246 3965 2332 4013 est
2373 3957 2538 4019 Deus,
2572 3968 2735 4024 quem
2780 3949 3094 4019 Stephanus
3134 3955 3192 4001 et
3221 3945 3392 4000 Suera
3435 3942 3553 4011 cpi-

288 4057 377 4112 Ἐν
406 4053 495 4121 οἷς
525 4057 776 4126 ὑπῆρχον
815 4058 1078 4124 γυναῖκες
1108 4057 1327 4125 σεμναὶ,
1374 4055 1598 4125 ’Δγνῆς,
1631 4055 1861 4124 Φιλικη-

276 4152 376 4216 τὰς
420 4151 545 4219 (καὶ
572 4148 924 4221 Περπετούα)
955 4149 1527 4220 προσαγορευόμεναι,
1562 4149 1864 4219 μαθήτριαι

277 4243 371 4296 τοῦ
415 4243 573 4297 ὁσίου
621 4240 897 4310 Στεφάνου
933 4239 1300 4311 ὑπάρχουσαι,
1339 4239 1865 4310 παρῤησιασάμεναι

279 4336 598 4408 ἔμπροσθεν
657 4336 857 4388 στᾶσαι
902 4333 1143 4402 Ἱέρακος
1178 4332 1471 4404 ἡγεμόνος,
1504 4333 1867 4402 ὡμολόγησαν

281 4434 337 4484 τὸ
368 4433 550 4500 ὄνομα
586 4428 683 4482 τοῦ
727 4427 989 4498 Χριστοῦ,
1019 4427 1151 4482 Θεὸν
1199 4425 1454 4497 ἀληθινὸν
1493 4426 1599 4480 καὶ·
1627 4426 1868 4496 Ποιητὴν

283 4524 506 4576 πάντων
539 4519 986 4591 ἀνακηρύξασαι.

349 4614 427 4670 1".
458 4613 601 4667 Τότε
644 4610 822 4682 θυμοῦ
873 4611 1160 4680 πλησθεὶς,
1188 4608 1481 4664 ἐκέλευσεν
1508 4609 1682 4672 αὑτὰς
1722 4607 1869 4678 ξίφει

284 4703 679 4777 ἀποτμηθῆναι
730 4705 848 4775 ἃμα
877 4702 1135 4772 Στεφάνῳ
1177 4703 1273 4756 καὶ
1310 4701 1530 4773 Σουηρᾷ
1577 4703 1690 4763 τοῖς
1729 4701 1872 4771 ἀρχ-

287 4799 555 4870 ιερεῦσιν.
600 4788 677 4850 οὗ
719 4797 1030 4867 γινομένου,
1073 4793 1397 4865 παραυτίκα
1442 4794 1734 4848 ἀπέδωκαν
1773 4793 1874 4857 τὰς

289 4895 451 4962 ἁγίας
499 4889 686 4945 αὐτῶν
723 4890 905 4960 ψυχὰς
927 4889 1004 4959 τῷ
1033 4887 1248 4960 Κυρίῳ,
1281 4886 1738 4958 εὐχαριστοῦντες
1782 4887 1876 4938 καὶ

293 4986 720 5058 ῑγαλλιώμενοι,
772 4985 856 5039 ὅτι
901 4984 1217 5055 ἠξιώθησαν
1268 4983 1411 5054 ὑπὲρ
1445 4981 1688 5055 Χριστοῦ
1734 4983 1876 5036 ἀποι-

289 5084 496 5136 Εανείν.
523 5080 601 5133 Τὸ
630 5080 688 5134 δὲ
733 5078 918 5148 τίμιον
959 5079 1122 5149 σῶμα
1159 5078 1256 5132 τοῦ
1288 5079 1434 5132 ὁσίου
1482 5077 1879 5150 ἱερομάρτυρος

288 5175 607 5244 Στεφάνου,
640 5172 732 5224 ὑπ’
777 5171 989 5242 ἀνδρῶν
1043 5171 1287 5224 εὐσεϐῶν
1330 5171 1471 5241 ἀωρὶ
1523 5171 1624 5241 τῆς
1685 5169 1879 5233 νυκτὸς

288 5267 557 5337 κομισθὲν
602 5267 662 5322 ἐν
693 5265 774 5335 τῷ
813 5265 1034 5335 νοτιαίῳ
1071 5266 1232 5336 μέρει
1272 5265 1372 5336 τῆς
1430 5265 1605 5334 αὐτῆς
1642 5263 1875 5328 πόλεως,

1970 4051 2122 4122 scopi
2155 4050 2476 4122 praedicant.
2521 4049 2669 4102 lnter
2699 4046 2800 4100 hos
2831 4057 3052 4114 quoque
3101 4049 3260 4096 erant
3308 4039 3554 4091 honestae

1969 4147 2209 4206 feminae,
2243 4144 2425 4214 Agnes
2461 4151 2516 4195 et
2549 4139 2804 4194 Felicitas
2834 4146 2891 4191 ct
2933 4137 3204 4204 Perpetua
3236 4129 3558 4195 nominatae,

1971 4237 2254 4308 discipula:
2273 4234 2457 4290 sancti
2481 4229 2744 4302 Stephani
2771 4247 2787 4297 ;
2813 4244 2934 4298 quae
2955 4228 3128 4281 libera
3165 4239 3319 4287 voce,
3347 4228 3560 4277 stantes

1971 4345 2156 4386 coram
2190 4327 2418 4382 Hierace
2441 4323 2694 4397 praeside,
2717 4321 2985 4376 confessae
3013 4325 3142 4373 sunt
3168 4331 3368 4371 nomen
3395 4313 3560 4369 Chri-

1972 4428 2064 4494 sti,
2095 4427 2274 4498 ipsum
2308 4425 2480 4480 Deum
2506 4436 2701 4476 verum
2741 4427 2795 4475 et
2825 4419 3114 4474 Factorem
3139 4415 3387 4470 omnium
3413 4426 3560 4482 prte-

1974 4523 2244 4577 dicantcs.

2046 4614 2141 4670 lll.
2179 4613 2338 4667 Tunc
2386 4623 2611 4680 prmses,
2664 4603 2953 4660 iracundia
3017 4601 3235 4670 plenus,
3297 4595 3559 4667 praecepit

1977 4708 2113 4779 ipsis
2167 4705 2348 4777 gladio
2395 4700 2670 4773 amputari
2724 4706 2910 4768 caput,
2966 4695 3044 4749 uti
3081 4702 3140 4748 et
3176 4691 3459 4759 Stephano
3501 4696 3556 4740 et

1979 4803 2167 4858 Suerae
2222 4797 2522 4870 episcopis.
2555 4793 2674 4861 Quo
2727 4791 2894 4853 facto,
2945 4785 3561 4870 reddiderunt'sanctas

1980 4894 2196 4951 animas
2231 4869 2362 4948 suas
2395 4888 2648 4950 Domino,
2685 4883 2890 4955 gratias
2925 4885 3150 4949 agentes
3185 4881 3244 4928 et
3273 4869 3560 4927 exsultan-

1982 4998 2086 5054 tcs,
2111 4985 2260 5056 quod
2287 4981 2438 5053 digni
2479 4979 2686 5035 fuerint
2727 4989 2827 5046 pro
2867 4972 3088 5025 Christo
3127 4965 3289 5021 mori.
3319 4964 3560 5056 Venera-

1980 5082 2092 5137 bile
2124 5054 2308 5134 autem
2335 5073 2511 5130 sancti
2547 5069 2812 5140 Stephani
2837 5078 3038 5134 corpus
3061 5077 3091 5115 a
3125 5059 3258 5114 viris
3291 5054 3562 5125 religiosis

1981 5181 2144 5229 nocte
2202 5169 2531 5237 intempesta
2585 5163 2932 5232 deportatum
2993 5154 3099 5208 fuit
3147 5153 3203 5206 in
3261 5147 3562 5204 australem

1985 5275 2201 5340 partem
2230 5261 2480 5334 ejusdem
2509 5255 2772 5318 civitatis,
2811 5267 2874 5305 ac
2906 5247 3218 5317 depositum
3263 5243 3316 5298 in
3348 5248 3566 5340 secreto

288 5360 562 5429 κατετέθη
604 5361 662 5413 ἐν
711 5358 791 5429 τῷ
842 5356 1202 5430 ήσυχαστικῷ
1250 5358 1416 5411 αὐτοῦ
1467 5357 1763 5428 εὐκτηρίῳ,
1805 5355 1863 5408 ὡ.

1987 5332 2109 5434 ejus
2139 5332 2404 5421 oratorio,
2436 5351 2585 5424 quod
2623 5349 2848 5405 circiter
2884 5339 3106 5398 milliari
3141 5351 3252 5393 uno
3287 5351 3316 5388 a
3342 5332 3565 5388 civitate

289 5455 396 5508 ἀπὸ
461 5453 707 5523 σημείου
756 5451 877 5515 ἐνὸς
935 5450 1034 5521 τῆς
1081 5451 1328 5516 πόλεως,
1384 5451 1646 5514 πλείστας
1707 5449 1880 5514 ἰάσεις

289 5546 592 5602 ἐπιτελοῦν.
641 5544 728 5600 Τὰ
782 5544 841 5597 δὲ
884 5545 992 5597 τῶν
1036 5542 1240 5598 λοιπῶν
1285 5544 1457 5614 ἁγίων
1506 5543 1574 5598 τὰ
1624 5543 1876 5615 σώματα,

291 5642 513 5712 Ebur-.95
539 5639 878 5705 ἐπισκόπου,
907 5637 1119 5708 σεμνῆς
1155 5637 1352 5708 ’Δγνῆς
1385 5637 1478 5691 καὶ
1509 5635 1880 5708 Φιλικητάτης

288 5746 406 5808 (καὶ
445 5739 850 5814 Περπετούας),
894 5736 1024 5790 ἔνθα
1059 5735 1487 5807 ἀπετμήθησαν,
1524 5735 1628 5787 ὑπὸ
1669 5729 1900 5793 πιστῶν,

291 5837 684 5911 κατετέθησαν,
719 5833 870 5901 ὑπὲρ
901 5828 995 5884 τοῦ
1025 5829 1230 5902 κόσμου
1258 5828 1675 5902 πρεσϐεύοντες,

1982 5430 2161 5519 abest,
2213 5449 2481 5524 plurimas
2528 5458 2764 5516 operans
2817 5438 3151 5495 curationes.
3206 5430 3563 5524 Reliquorum

1982 5563 2116 5604 vero
2137 5515 2454 5601 sanctorum
2484 5550 2736 5607 corpora,
2763 5533 2950 5588 Sacrae
2970 5523 3238 5598 episcopi,
3270 5515 3564 5574 venerabi-

1982 5642 2053 5697 lis
2081 5636 2335 5708 Agnetis,
2375 5627 2680 5687 Felicitatis
2724 5635 2781 5680 et
2807 5625 3115 5691 Perpetua),
3148 5615 3220 5673 ibi
3255 5629 3283 5668 a
3311 5608 3566 5708 ﬁdelibus

1982 5702 2232 5802 deposita
2261 5727 2438 5791 fuere,
2468 5720 2562 5777 ubi
2589 5717 3005 5782 occubuerant;
3034 5705 3376 5788 pro.mundo
3401 5702 3568 5758 inter-

1981 5825 2261 5882 cedentes.
