3994 6420
536 387 641 451 319
1834 356 2131 444 MENSl§
2158 386 2453 448 muns.
3691 384 3800 450 320

1624 532 1797 549 σθαι-*ιν-

1009 740 1189 852 DE
1280 738 1889 853 SANCTIS
1990 742 2284 855 XLV
2375 737 3320 854 MARTYRIBUS

1707 966 2086 1027 NICOPOLI
2124 966 2203 1027 ΙΝ
2239 965 2608 1028 ARMENIA

1335 1152 2300 1246 COMMENTARIUS
2387 1157 2985 1247 PlUEVlUS.

1703 1347 1849 1411 (Acta
1882 1350 1966 1400 SS.
1995 1350 2247 1411 Bulland.,
2271 1351 2381 1403 Maii
2406 1354 2489 1402 die
2516 1352 2614 1413 l0.)

1804 536 2180 548 κ’...-

533 534 1892 563 W

2196 534 3807 575 mmmam

1894 553 2183 564 Ἥ

598 1665 645 1716 1.
678 1664 958 1732 Nicopolis
984 1664 1036 1717 in
1062 1662 1338 1731 Armenia,
1363 1664 1432 1720 ab
1457 1665 1580 1719 aliis
1608 1664 1859 1733 pluribus
1890 1666 2138 1734 ejusdem
2158 1666 2401 1735 nominis
2431 1663 2751 1717 civitatibus
2769 1662 3051 1719 additione
3078 1665 3243 1735 hujus
3261 1663 3563 1734 prcrincite
3599 1662 3811 1718 distin-

523 1761 634 1818 cta,
669 1768 697 1806 a
730 1752 993 1822 Pompeio
1023 1752 1215 1821 Magno
1242 1754 1465 1809 condita
1491 1755 1561 1808 ob
1590 1732 1964 1809 Mithridatem
2001 1753 2076 1807 ibi
2111 1732 2475 1817 debellatum,
2504 1761 2733 1809 auctore
2768 1753 2940 1808 Dione
2983 1732 3194 1818 Cassio,
3247 1732 3346 1807 lib.
3385 1768 3547 1807 xxxvi
3606 1753 3801 1807 llistoo

525 1843 736 1895 riarum
775 1841 1174 1908 Romanorum,
1201 1843 1414 1897 exstitit
1445 1843 1876 1898 clarissimorum
1910 1852 2217 1913 martyrum
2258 1842 2398 1898 XLV
2426 1842 2701 1913 palwstra,
2731 1841 3057 1897 constantia:
3087 1856 3280 1896 eorum
3313 1842 3470 1898 testis
3497 1852 3549 1896 et
3580 1850 3769 1912 specta
3788 1871 3808 1883 -

522 1928 657 1991 trix,
698 1943 765 1983 ac
793 1928 1318 1998 gloriaatheatrum;
1354 1929 1554 1984 civitas
1585 1947 1715 1986 sane
1741 1941 1853 1985 tum
1887 1931 2087 2002 insigni
2119 1930 2224 1987 hoc
2264 1933 2548 2001 triumpho
2576 1931 2800 1993 nobilis,
2834 1940 2949 1985 tum
2984 1929 3217 1985 mirifice
3257 1930 3549 2001 prmdicari
3580 1931 3808 1995 merita,

522 2015 671 2085 quod
704 2016 1048 2084 temporibus
1074 2017 1318 2073 Valentis
1344 2017 1699 2087 imperatoris
1734 2019 2064 2074 inconcussa
2093 2020 2310 2075 steterit
2336 2020 2607 2075 adversus
2632 2020 2958 2074 Arianorum
2986 2019 3278 2089 procellas,
3315 2029 3377 2073 ut
3403 2019 3662 2089 pluribus
3686 2034 3809 2074 me-

524 2104 687 2158 minit
711 2103 772 2160 S.
788 2104 1036 2160 Basilius
1065 2105 1120 2159 in
1152 2106 1375 2176 epistol.
1403 2107 1604 2169 atldit.,
1631 2108 1778 2162 sicut
1813 2110 1996 2178 signat
2026 2108 2300 2164 Baronius
2334 2111 2387 2164 in
2422 2109 2800 2165 potationibus
2828 2108 2939 2171 hic,
2967 2108 3022 2172 6,
3045 2108 3101 2172 9,
3130 2108 3219 2171 10,
3245 2110 3304 2161 11
3337 2107 3483 2161 0112
3503 2107 3640 2162 edit.
3665 2106 3803 2162 Nut.

528 2192 1026 2248 celebratissimam
1050 2211 1184 2249 vero
1211 2206 1528 2251 sanctorum
1568 2206 1870 2268 martyrum
1904 2199 2230 2252 memoriam
2257 2198 2427 2255 fuisse
2461 2198 2514 2253 in
2547 2200 2724 2255 sacris
2761 2197 2984 2263 tabulis,
3019 2197 3244 2253 abunde
3295 2196 3573 2252 constabit
3625 2211 3692 2251 ex
3737 2195 3813 2251 iis

533 2295 656 2349 qua:
689 2280 758 2336 de
777 2296 971 2336 eorum
1004 2283 1155 2337 cultu
1181 2284 1587 2341 subnectimus.

597 2369 654 2423 2.
689 2368 1053 2440 Menologium
1087 2370 1447 2433 Basiliauum,
1469 2374 1536 2428 ad
1569 2374 1777 2429 calcem
1811 2374 1942 2429 tomi
1967 2374 2130 2445 primi
2170 2375 2337 2446 hujus
2366 2377 2573 2431 mensis
2618 2385 2740 2445 post
2781 2375 3264 2432 annuntiationem
3298 2391 3313 2428 :
3352 2375 3558 2432 Eodem
3614 2389 3809 2431 11101180

530 2456 701 2528 (110110
726 2457 816 2512 die
840 2463 919 2528 ι),
962 2460 1149 2529 passio
1175 2472 1494 2516 sanctorum
1528 2462 1669 2518 XLV
1701 2472 2026 2535 martyrum,
2055 2465 2149 2533 qui
2180 2464 2234 2518 in
2272 2465 2523 2535 Nicopoli
2552 2465 2820 2537 martyrio
2853 2465 3035 2521 affecti
3075 2474 3225 2529 sunt,
3272 2484 3291 2516 1
3332 2466 3406 2520 ita
3440 2464 3510 2520 de
3538 2464 3646 2519 illis
3664 2479 3811 2533 pra-

531 2544 680 2600 dicat
711 2563 726 2599 :
764 2563 785 2597 ι
820 2546 1196 2617 Quadraginta
1235 2550 1482 2626 quinque
1507 2549 1714 2605 Christi
1746 2560 2018 2624 martyres
2043 2554 2299 2607 vixerunt
2329 2553 2433 2607 sub
2470 2569 2640 2623 regno
2672 2555 2865 2609 Licinii
2898 2564 2955 2609 et
2983 2555 3308 2623 praefectura
3332 2552 3529 2624 Lysiae,
3565 2566 3808 2622 quarunt

526 2631 806 2701 principes
838 2634 992 2689 fuere
1056 2635 1344 2702 Leontius,
1386 2638 1698 2701 Mauritius,
1736 2640 1929 2694 Daniel
1958 2650 2013 2694 et
2044 2642 2339 2695 Antonius.
2364 2641 2765 2713 Cumpreltcnsi
2800 2644 2985 2707 itaque
3027 2642 3327 2696 astiterunt
3347 2640 3474 2696 duci
3534 2641 3705 2711 Lysite
3750 2640 3807 2694 in

525 2714 777 2790 Nicopoli
813 2722 1108 2787 Armenim,
1144 2723 1545 2796 Christumque
1576 2728 1820 2784 confessi
1853 2740 1909 2783 et
1944 2729 2088 2783 idola
2120 2731 2414 2795 exsecrati,
2450 2732 2688 2801 cmsiquc
2718 2746 2782 2785 ac
2801 2729 3079 2799 lapidibus
3112 2745 3208 2784 ora
3234 2737 3291 2783 et
3327 2727 3523 2783 faciem
3551 2726 3804 2792 contriti,

528 2808 585 2861 in
612 2824 892 2864 carcerem
916 2813 1164 2866 conclusi
1198 2823 1348 2879 sunt,
1375 2831 1473 2885 per
1500 2816 1620 2871 dies
1652 2818 1839 2888 plures
1876 2819 2086 2888 absque
2118 2819 2245 2874 cibo
2280 2830 2691 2888 permanentes.
2731 2818 2955 2884 Milites,
2991 2834 3185 2874 eorum
3255 2817 3623 2873 constantiam
3664 2830 3805 2869 con-

530 2897 751 2965 spicati,
791 2898 1014 2954 Christo
1046 2901 1426 2958 crediderunt.
1460 2904 1668 2961 Deinde
1693 2921 1723 2959 c
1750 2923 1974 2961 carcere
2008 2908 2194 2978 ejecti,
2221 2920 2277 2963 et
2305 2924 2467 2963 crura
2497 2908 2791 2964 securibus
2812 2908 3065 2974 abscissi,
3090 2908 3146 2962 bi
3175 2907 3401 2977 quidem
3428 2908 3542 2973 jam
3569 2904 3804 2963 mortui.

532 2986 612 3041 illi
656 2996 839 3044 autem
878 2991 1061 3047 adhuc
1117 2994 1414 3063 spirantes,
1465 2997 1519 3051 in
1557 2999 1834 3052 caminum
1858 2999 2001 3069 ignis
2058 2997 2271 3069 injecti,
2302 3011 2527 3052 cursum
2572 3005 3053 3061 consummaruot,
3098 2995 3433 3064 accipientes
3491 2990 3807 3048 immortale

534 3089 787 3146 regnum,
820 3080 966 3149 quod
995 3091 1246 3151 paratum
1276 3084 1410 3154 ipsis
1440 3085 1547 3139 fuit
1570 3101 1600 3140 a
1634 3086 1860 3141 Christo
1880 3099 2009 3142 ante
2044 3088 2235 3143 mundi
2272 3088 2749 3142 constitutionem.
2787 3104 2805 3137 1
2841 3084 2984 3141 Alibi
3014 3086 3214 3156 saepius
3250 3085 3446 3139 horum
3495 3091 3803 3150 martyrum

530 3166 781 3222 recurrit
806 3171 1071 3224 memoria
1104 3171 1155 3225 in
1176 3171 1384 3228 Grzecis
1420 3173 1598 3237 fastis,
1631 3190 1694 3229 ac
1715 3176 2041 3246 plerumque
2064 3194 2188 3232 cum
2228 3193 2397 3248 parvo
2424 3177 2620 3247 elogio,
2654 3176 2912 3231 videlicet
2938 3176 2991 3229 in
3016 3175 3234 3231 Menaeis
3265 3175 3548 3245 impressis
3571 3188 3803 3229 corum-

479 3265 491 3275 ‘
532 3272 641 3325 que
673 3257 853 3313 intlirc
883 3269 935 3313 et
965 3258 1264 3333 llorologio
1303 3263 1666 3329 Graecorum;
1717 3266 1845 3320 item
1890 3267 1942 3321 in
1994 3266 2392 3337 Supplemequ
2440 3265 2505 3319 ad
2546 3265 2747 3319 1110111011
2802 3279 2867 3318 ex
2921 3263 3225 3336 Syoaxario
3280 3262 3562 3318 Sirmondi
3612 3271 3669 3315 et
3696 3276 3807 3319 ms.

531 3343 900 3411 Chifl‘letii,in
928 3348 1150 3405 Menaeis
1182 3351 1532 3407 biblimhecm
1562 3353 1962 3415 Ambrosianus,
2017 3354 2223 3409 Memno
2278 3353 2564 3419 Chiﬂletii,
2627 3354 2935 3424 Menologio
2983 3352 3146 3408 Slavo
3182 3352 3435 3415 Russico,
3501 3349 3650 3420 quod
3703 3365 3809 3420 pro

534 3432 751 3489 Leontio
771 3436 965 3491 scribit
998 3438 1215 3499 Leonis,
1247 3440 1482 3496 Maximo
1507 3441 1870 3513 Cythetorum
1901 3443 2202 3514 episcopo;
2230 3445 2433 3514 quibus
2461 3444 2587 3497 addi
2616 3450 2798 3514 potest
2822 3459 2924 3497 ms.
2962 3459 3027 3496 ex
3064 3443 3205 3497 111110
3236 3442 3437 3512 linguae
3460 3438 3712 3494 Arabica:
3735 3437 3811 3495 de

534 3522 645 3577 vita
676 3524 1070 3581 nonnullorunt
1105 3536 1446 3593 sanctorum,
1475 3530 1744 3602 Typicum
1784 3531 1841 3587 S.
1873 3530 2053 3597 Saba,
2084 3547 2190 3587 nec
2223 3547 2334 3586 non
2369 3532 2615 3602 epitome
2639 3545 2845 3585 excusa
2900 3516 3193 3601 Menologii
3229 3546 3243 3583 :
3285 3529 3526 3597 denique
3555 3525 3811 3581 11011010-

531 3613 682 3683 gium
718 3613 901 3668 Sirlcti
944 3635 957 3669 :
988 3632 1018 3670 0
1045 3631 1156 3685 quo
1184 3627 1370 3686 postea
1401 3635 1596 3675 eorum
1630 3621 1900 3677 memoria
1960 3620 2183 3676 transiit
2211 3620 2278 3675 ad
2316 3619 2766 3691 Martyrologium
2822 3617 3153 3681 Romanum,
3213 3616 3295 3671 sic
3333 3615 3459 3671 illos
3513 3614 3808 3671 referens:

539 3720 561 3753 1
597 3701 845 3771 Nicopoli
900 3704 954 3758 in
992 3704 1275 3771 Armenia,
1308 3717 1625 3765 sanctorum
1665 3719 1967 3782 martyrum
2000 3710 2239 3775 Leontii,
2265 3709 2529 3770 Mauritii,
2568 3708 2809 3764 Dauiclis
2843 3715 2899 3762 ct
2947 3708 3249 3769 sociorum,
3299 3707 3390 3777 qui
3438 3706 3541 3760 sub
3592 3703 3815 3761 Licinio

531 3786 871 3858 imperatore
896 3801 953 3847 et
981 3792 1137 3865 Lysia
1170 3796 1405 3864 prtesiale
1444 3798 1596 3853 varie
1627 3799 1955 3867 excruciati,
1992 3799 2214 3854 tandem
2245 3799 2300 3853 in
2328 3799 2507 3870 ignem
2541 3798 2800 3867 conjecti,
2826 3797 3075 3869 martyrii
3104 3811 3327 3851 cursum
3355 3795 3741 3851 confecerunt.
3787 3811 3810 3847 1

532 3877 785 3935 Molanus
812 3881 934 3935 illos
963 3884 1128 3937 etiam
1150 3884 1334 3946 habet.
1361 3894 1415 3940 et
1434 3885 1765 3965 Calesinius.
2623 3873 2631 3882 ’

610 3967 665 4023 5.
688 3967 891 4025 Mcnzea
921 3970 1208 4041 impressa,
1244 3975 1320 4027 uti
1348 3976 1514 4030 ctiam
1546 3976 1754 4031 dictum
1779 3993 1972 4033 eorum
1998 3977 2478 4048 Supplementum,
2506 3993 2664 4033 sacro
2692 3986 2995 4048 martyrum
3027 3974 3229 4047 agmini
3255 3974 3329 4029 ita
3353 3972 3615 4030 accinunt
3648 3987 3665 4024 :

1392 4136 1724 4208 ῐῐᾳρεμϐολή
1750 4154 1835 4208 τις
1866 4137 2066 4208 εὑρέθη
2096 4137 2174 4207 τῷ
2208 4139 2327 4208 Θεῷ
2367 4140 2461 4192 νέα

1390 4207 1577 4274 Τόλμῃ
1611 4206 2043 4278 παρεμβαλοῦσα
2074 4206 2166 4261 καὶ
2195 4206 2369 4278 πυρὸς
2403 4210 2593 4276 μέσον.

1398 4278 1624 4329 Κτεῖκεν
1659 4276 1986 4349 ἀρισοενέας
2019 4279 2220 4351 δεκάτη
2249 4276 2358 4350 τὲὖρ
2389 4280 2785 4345 Νικοπολίταις.

1392 4388 1541 4442 Nova
1570 4398 1749 4444 castra
1787 4391 1993 4447 Numen
2022 4392 2245 4447 militem
2278 4394 2476 4449 invenit
2517 4409 2709 4448 nonum

1386 4460 1649 4535 ,1111100101
1680 4464 2109 4535 (111811111101111010
2133 4465 2187 4518 in
2210 4467 2585 4535 1110111010908.

1400 4528 1655 4586 Flantma
1680 4542 1827 4587 necat
1854 4534 2056 4588 decima
2083 4551 2335 4605 generosa
2360 4528 2706 4606 Nicopolitas.

542 4686 690 4742 Idem
726 4683 1181 4756 Supplementum
1213 4684 1379 4740 habet
1415 4700 1521 4740 noc
1566 4686 1846 4757 singulare
1873 4686 1942 4742 de
1990 4703 2182 4743 eorum
2217 4688 2368 4743 cultu
2402 4706 2418 4743 :
2468 4688 2717 4743 Τελεῖται
2749 4692 2802 4743 δὲ
2842 4692 2872 4760 ἡ
2906 4692 2985 4743 αὐι

2217 4688 2368 4743 0111111
2402 4706 2418 4743 :
2468 4688 2717 4743 Τελεῖται
2749 4692 2802 4743 δὲ
2842 4692 2872 4760 ἡ
2906 4691 3089 4745 αὐτῶν
3119 4692 3340 4759 σύναξις
3370 4704 3427 4744 εν
3472 4691 3549 4762 τῷ
3572 4689 3687 4760 ναῷ
3709 4691 3817 4761 τῆς

541 4776 701 4843 ἁγίας
752 4773 1040 4844 Ἀκυλίνης
1064 4773 1293 4844 πλησίον
1314 4773 1409 4828 τοῦ
1434 4774 1624 4844 φόρου.
1669 4774 1998 4830 Celebralnr
2033 4784 2217 4831 autem
2247 4793 2439 4833 eorum
2490 4779 2813 4835 solemnitas
2873 4782 2928 4834 in
2980 4788 2985 4832 l

2196 4793 2217 4830 a
2247 4793 2439 4833 eorum
2490 4779 2813 4835 solemnitas
2873 4782 2928 4834 in
2980 4781 3185 4850 templo
3215 4780 3272 4838 S.
3331 4781 3604 4851 Aquilium
3634 4796 3817 4849 prope

539 4864 765 4920 Forum.
808 4884 828 4919 1
862 4865 939 4921 Dc
964 4864 1167 4934 templo
1194 4863 1252 4920 S.
1276 4863 1550 4934 Aquilintc
1577 4865 1690 4934 agit
1713 4864 1952 4929 Cangius
1981 4866 2078 4922 lib.
2112 4881 2166 4922 tv
2201 4866 2386 4923 CPolis
2416 4866 2751 4933 Christiana),
2781 4884 2898 4939 pag.
2930 4868 2985 4923 11

2201 4866 2386 4923 CPolis
2416 4866 2751 4933 Christiana),
2781 4884 2898 4939 pag.
2930 4868 3051 4924 144.

610 4954 666 5009 4.
697 4953 968 5008 Baronius
992 4963 1122 5007 tom.
1156 4952 1242 5015 ΙΙΙ,
1277 4968 1398 5022 pag.
1441 4953 1562 5016 162,
1587 4968 1743 5007 110111.
1766 4953 1855 5016 16,
1888 4970 2055 5023 agens
2073 4956 2140 5010 de
2171 4957 2324 5012 hisce
2362 4958 2722 5026 martyribus,
2756 4973 2985 5027 agonem
3017 4974 3210 5013 eorum
3236 4960 3411 5032 afﬁgit
3432 4976 3577 5015 anno
3599 4958 3728 5015 516.
3750 4961 3816 5016 In

542 5041 854 5112 Menologio
893 5040 1320 5096 Slavo—Russico
1350 5049 1635 5112 ponuntur
1666 5042 1809 5112 passi
1831 5059 1977 5097 anno
2002 5043 2127 5098 507.
2156 5042 2325 5101 Liber
2354 5047 2554 5117 lingua:
2601 5048 2865 5111 Arabicze,
2892 5048 2960 5102 de
2993 5064 3105 5117 quo
3146 5066 3337 5118 supra,
3373 5051 3595 5105 videtur
3656 5050 3818 5116 ipsos

542 5130 768 5200 alligare
790 5130 1136 5199 temporibus
1163 5129 1525 5193 Diocletiani;
1564 5144 1688 5183 cum
1728 5140 1854 5199 post
1884 5131 2369 5188 annuntiationcm
2397 5135 2602 5190 ibidem
2637 5135 2875 5190 addatur
2904 5134 3168 5189 Actorum
3210 5139 3336 5190 111ςο
3388 5146 3485 5191 aut
3512 5136 3703 5207 elogii,
3750 5144 3817 5191 ut

542 5229 798 5284 autumo,
837 5218 1171 5288 principium
1199 5236 1216 5270 1
1257 5218 1312 5272 in
1345 5218 1547 5273 diebus
1582 5218 1909 5273 Diocletiani
1950 5239 1963 5274 :
1993 5239 2010 5271 1
2040 5232 2097 5275 et
2131 5225 2451 5289 ascribitur,
2483 5226 2578 5281 fol.
2617 5226 2701 5279 15.
2735 5226 2909 5280 Το1110
2941 5226 2982 5281 γ
3009 5227 3158 5290 Maii,
3189 5243 3314 5297 pag.
3346 5227 3467 5286 131,
3506 5228 3561 5281 in
3610 5240 3815 5287 annot.

541 5308 609 5363 ad
640 5323 762 5379 cap.
796 5310 829 5363 5
859 5310 1124 5364 Actorum
1151 5308 1207 5364 S.
1248 5310 1444 5365 Donati
1474 5307 1828 5365 etsociorum
1858 5321 2162 5381 martyrum
2184 5311 2270 5367 lit.
2309 5313 2347 5374 f.
2378 5314 2603 5384 ponitur
2637 5313 2884 5369 Licinius
2916 5314 3150 5384 010ρὶ880
3174 5315 3434 5386 persequi
3456 5313 3821 5371 Christianos

547 5413 694 5452 anno
727 5397 853 5453 516.
891 5395 1066 5453 Secus
1094 5398 1355 5467 opinatur
1379 5397 1580 5468 Pagius
1603 5398 1657 5452 in
1689 5396 1894 5453 Critica
1922 5397 2052 5453 hist.
2089 5397 2359 5456 Chronol.
2394 5412 2528 5457 tom.
2564 5402 2608 5468 1,
2636 5419 2757 5473 pag.
2791 5401 2921 5467 581,
2957 5419 3213 5468 00118008,
3244 5404 3428 5458 nullos
3452 5413 3729 5476 martyres
3760 5406 3821 5462 in

548 5491 938 5561 persecutione
963 5489 1255 5546 Liciniana
1290 5489 1462 5545 fuisse
1496 5506 1688 5562 passos
1714 5500 1841 5545 ante
1868 5507 2075 5545 annum
2105 5490 2234 5555 519,
2255 5505 2435 5560 neque
2458 5500 2585 5544 ante
2620 5489 2756 5545 illud
2803 5500 3020 5561 tempus
3052 5490 3326 5545 Licinium
3363 5493 3823 5561 persecutionem

548 5579 813 5635 Ecclesia:
844 5578 1119 5634 intulisse.
1150 5579 1541 5634 Tillemontius
1577 5589 1710 5635 10111.
1736 5580 1800 5647 V,
1828 5596 1951 5651 pag.
1988 5581 2114 5645 512,
2146 5579 2327 5634 obiter
2356 5593 2424 5633 ex
2452 5578 2659 5635 Graecis
2689 5578 2892 5636 tabulis
2913 5589 3134 5634 sanctos
3158 5580 3365 5636 Christi
3425 5582 3640 5652 pugiles
3658 5597 3829 5636 com-

551 5682 886 5730 memorans,
912 5682 1116 5722 annum
1146 5669 1390 5742 martyrii
1426 5686 1533 5723 non
1564 5669 1919 5724 determinat.
1945 5669 2014 5724 Et
2045 5685 2176 5724 vero
2198 5683 2261 5721 ea
2309 5667 2574 5737 temporis
2618 5672 2779 5730 ratio,
2821 5683 2986 5737 quam
3028 5668 3143 5738 figit
3187 5667 3406 5740 Pagius,
3456 5686 3566 5725 non
3592 5669 3828 5728 videtur

552 5755 931 5825 improbabilia
970 5774 981 5809 :
1013 5772 1191 5828 neque
1216 5760 1363 5813 enim
1402 5769 1648 5829 apparet.
1686 5776 1847 5830 quem
1879 5760 2225 5829 potissimum
2258 5759 2524 5830 martyrio
2551 5774 2693 5829 szrpe
2730 5759 2878 5814 dicto
2918 5760 3167 5829 assigurs
3188 5776 3418 5824 annum,
3446 5776 3611 5831 quam
3656 5762 3829 5818 illum

553 5860 662 5913 quo
734 5845 977 5901 Licinius
1004 5847 1152 5903 varia
1184 5847 1237 5901 in
1268 5848 1615 5906 Christianos
1650 5850 1997 5905 machinatus
2030 5860 2134 5914 est,
2166 5863 2263 5903 cos
2290 5863 2317 5902 e.
2345 5847 2544 5919 palatio
2574 5862 2674 5903 suo
2697 5846 2929 5920 pellens,
2951 5846 3188 5905 concilia
3224 5849 3530 5917 celebrare,
3571 5866 3668 5906 eos
3720 5867 3833 5909 ve-
