3994 6458
271 430 382 494 32]
1247 434 1717 494 MARTYRIUM
1759 436 1862 495 SS.
1907 437 2050 495 XLV
2095 437 2546 500 MARTYRUM.
3440 437 3545 496 3‘22

269 558 423 608 tans.
463 544 682 616 aliaque
705 560 871 604 ouant
893 547 1130 618 plurima
1178 559 1371 603 contra
1401 563 1498 602 eos
1523 558 1775 603 statuens
1805 567 1868 604 ac
1905 527 2104 623 gerens
2138 555 2190 606 in
2221 555 2408 608 odium
2434 553 2780 610 Constantini
2814 557 2880 610 de
2921 555 3120 626 quibus
3150 554 3422 610 Eusebius
3444 554 3540 609 lib.

270 651 288 688 I
320 633 399 688 De
431 631 553 689 Vita
575 633 937 702 Constantini,
968 635 1148 706 capite
1177 635 1267 702 51,
1301 636 1369 691 52
1393 645 1448 692 et
1479 637 1640 707 seqq.
1668 638 1814 708 agit;
1845 655 1965 709 qua;-
1998 639 2252 694 Pctavins
2284 642 2470 712 alligat
2504 658 2649 697 anno
2675 643 2879 700 Christi
2912 643 3038 709 519,
3073 651 3133 696 ut
3155 643 3344 696 videre
3373 652 3456 696 est
3486 642 3540 695 in

270 732 438 791 parte
473 723 648 777 altera
687 721 765 776 De
789 722 1034 777 doctrina
1071 732 1398 794 temp..pag.
1432 724 1555 790 7-18;
1593 725 1823 788 addens,
1861 743 2051 796 passos
2073 746 2194 784 esse
2225 732 2365 785 inea
2404 733 2797 800 persecutione
2819 730 2914 786 XL
2951 741 3222 801 martyres
3247 730 3301 785 in
3335 729 3545 800 Cappa-

270 811 462 874 docia,
496 810 699 882 frigore
728 820 980 875 enectos,
1010 811 1368 876 etBasilium,
1397 812 1628 868 Aniasiae
1655 814 1896 869 Pontica:
1945 819 2295 887 episcopum,
2353 818 2622 890 martyrio
2672 819 2954 886 affectum,
3013 820 3260 888 citatque
3316 819 3540 872 Eusebii

268 897 614 953 Chronicon.
657 899 854 954 Actum
887 899 956 954 de
990 899 1085 952 illo
1115 908 1201 954 est
1235 908 1370 954 tom.
1400 901 1462 955 Ill
1497 901 1723 971 Aprilis,
1758 919 1883 974 pag.
1909 903 2033 968 416,
2077 907 2322 976 apposita
2355 907 2591 977 epocha,
2618 907 2766 963 circa
2787 923 2918 961 ann-
2944 908 3081 972 5‘22;
3113 907 3181 962 de
3239 908 3306 961 iis
3355 918 3540 960 autem

273 986 364 1038 die
390 987 456 1041 lo
483 986 682 1040 Martii.
723 987 790 1041 ad
825 985 943 1042 haec
977 986 1200 1041 Eusebii
1225 986 1539 1044 Chronicon
1576 989 1770 1044 Latine
1818 1007 2038 1046 versum
2058 995 2201 1063 apud
2233 995 2535 1064 Josephum
2584 994 2928 1065 Scaligerum
2973 1010 3103 1065 pag.
3162 995 3286 1059 180,
3339 995 3405 1048 ad
3447 1011 3538 1047 an.

271 1095 461 1135 catur
487 1080 692 1148 habet;
718 1080 994 1137 «Licinius
1014 1081 1358 1137 Christianos
1379 1083 1448 1136 de
1466 1084 1670 1152 palatio
1693 1100 1791 1137 suo
1813 1085 1989 1154 pellit.
2006 1105 2022 1136 ι
2041 1086 2299 1142 Dicamus
2316 1104 2466 1159 ergo,
2486 1100 2757 1161 martyres
2782 1090 2987 1145 obiisse
3013 1090 3158 1144 circa
3183 1104 3386 1144 annum
3411 1087 3540 1143 519.

344 1168 398 1224 5.
434 1168 580 1234 Quid
601 1168 838 1223 sentiam
878 1168 947 1224 de
974 1168 1147 1233 Actis,
1170 1183 1200 1224 e
1231 1168 1422 1224 Graeco
1463 1170 1518 1223 in
1545 1169 1800 1224 Latinum
1833 1187 2139 1226 sermonem
2173 1189 2203 1227 a
2229 1190 2315 1228 me
2334 1177 2638 1240 conversis,
2661 1177 2853 1246 paucis
2879 1177 3148 1246 intellige.
3172 1175 3289 1231 Non
3321 1177 3541 1232 sincera

273 1257 364 1310 illa
389 1271 543 1323 esse,
576 1257 671 1311 sed
694 1255 948 1326 episodio
976 1256 1097 1326 plus
1123 1271 1237 1311 uno
1279 1257 1546 1312 adornata
1598 1257 2010 1330 dramatieeque
2073 1263 2402 1332 composita,
2452 1265 2826 1319 indubitatum
2879 1264 3014 1318 mihi
3063 1265 3302 1319 videtur.
3354 1264 3541 1334 Spirat

272 1345 568 1398 enimvero
599 1344 653 1398 in
678 1345 791 1398 illis
817 1344 1103 1415 ingenium
1130 1344 1537 1414 Metaphrastis,
1570 1347 1656 1399 vel
1685 1347 1876 1401 saltem
1912 1349 2139 1403 alterius
2159 1350 2443 1421 cujusdam
2469 1351 2520 1406 ei
2545 1366 2652 1405 non
2688 1351 2976 1414 absimilis,
3013 1349 3241 1419 tragmili
3270 1350 3410 1404 sacri
3444 1366 3543 1420 po-

275 1432 383 1484 tius
438 1446 611 1500 quam
653 1431 856 1486 sinceri
883 1431 1130 1487 historici
1157 1448 1357 1487 nomen
1390 1433 1700 1503 promeriti.
1730 1433 2067 1504 Argumento
2106 1446 2556 1505 suntsequentes
2587 1437 3029 1492 observationes.
3070 1436 3280 1500 Primo,
3324 1450 3538 1506 preces,

271 1519 459 1574 verbis
501 1522 843 1589 psalmorum
870 1522 1037 1577 nimis
1068 1522 1396 1592 compositae
1430 1523 1793 1584 concinnatis,
1831 1532 1891 1576 ut
1922 1523 2128 1577 videsis
2154 1540 2306 1577 num.
2349 1526 2382 1578 8
2417 1534 2471 1579 et
2499 1525 2586 1580 12.
2617 1523 2896 1590 Secundo,
2945 1524 3196 1580 inductio
3235 1534 3539 1594 martyrum

280 1608 577 1676 utriusque
608 1622 774 1662 sexus
801 1623 1041 1663 necnon
1078 1609 1393 1678 exemplum
1426 1608 1482 1663 S.
1515 1609 1872 1674 Potamienae,
1897 1612 2242 1680 temporibus
2272 1613 2587 1668 Maximiani
2609 1630 2708 1684 pro
2740 1614 2944 1668 tuenda
2978 1613 3244 1683 pudicitia
3292 1614 3348 1666 in
3381 1613 3538 1667 lebe-

271 1704 406 1757 tem,
447 1697 574 1764 pice
597 1696 958 1762 instructum,
982 1712 1014 1752 a
1045 1712 1146 1752 suo
1175 1696 1401 1752 domino
1435 1698 1673 1768 injectae,
1705 1713 1904 1752 nomne
1946 1699 2224 1752 theatrum
2257 1699 2509 1769 spirant?
2541 1700 2599 1755 S.
2625 1700 2915 1764 Leontius,
2941 1717 3004 1755 ea
3040 1714 3272 1754 narrans
3316 1709 3375 1753 ut
3415 1700 3540 1754 ani-

269 1798 392 1836 mos
418 1785 630 1838 excitet
658 1790 726 1838 ad
765 1784 986 1841 fortiter
1023 1801 1123 1856 pro
1155 1786 1379 1841 Christo
1400 1787 1802 1852 dimicandum,
1832 1787 1970 1841 dicit
2005 1801 2065 1840 se
2097 1800 2162 1838 ea
2191 1785 2473 1855 accepisse
2513 1807 2530 1837 ‹
2560 1802 2589 1840 a
2611 1789 2871 1856 magistro
2899 1803 3021 1852 suo,
3055 1788 3150 1857 qui
3179 1786 3439 1842 veniebat
3468 1801 3539 1842 ex

265 1871 505 1942 Egypto,
549 1881 609 1926 et
639 1873 863 1928 audisse
893 1890 951 1929 se
975 1874 1162 1930 aiebat
1194 1891 1224 1929 a
1245 1874 1303 1930 S.
1327 1875 1571 1929 Antonio
1603 1886 1808 1931 asceta.
1841 1896 1858 1924 ι
1892 1875 2090 1942 Quaero
2117 1874 2213 1944 qui
2234 1874 2327 1929 hic
2351 1874 2624 1929 Antonius
2648 1875 2843 1930 aceta?
2879 1877 3153 1931 Antonius
3200 1891 3447 1946 magnus,
3478 1887 3538 1931 ut

264 1960 495 2028 opinor,
523 1961 933 2020 celeberrimus
967 1963 1211 2032 plurium
1242 1965 1643 2019 monachorum
1679 1964 1846 2020 abbas
1881 1983 1894 2019 :
1926 1963 1972 2018 si
2004 1963 2095 2018 ille
2125 1971 2232 2025 est,
2267 1978 2432 2033 quem
2464 1963 2717 2033 conjicio,
2740 1963 2875 2018 satis
2904 1963 3179 2033 disparata
3208 1976 3536 2019 connectere

267 2048 498 2104 videtur
530 2051 812 2120 scriptor;
847 2066 974 2106 cum
1008 2053 1056 2107 is
1097 2062 1206 2107 tam
1235 2053 1326 2108 diu
1357 2053 1559 2108 obierit
1589 2062 1712 2123 post
1745 2053 1802 2109 S.
1825 2052 2141 2118 Leontium,
2172 2067 2318 2106 anno
2340 2055 2534 2121 utique
2562 2051 2689 2106 ⁸556.
2721 2051 2829 2106 Res
2856 2052 2960 2105 illa:
2981 2061 3296 2117 narrantur,
3325 2068 3353 2106 a
3380 2068 3535 2106 num.

262 2135 297 2186 8
335 2137 392 2189 in
446 2136 582 2190 fine.
623 2137 834 2202 Tertio,
870 2138 1147 2203 diabolus,
1177 2137 1558 2211 Esculapium
1591 2144 1879 2209 mentitus,
1909 2145 2218 2212 ducemque
2251 2139 2468 2212 Lysiam
2516 2150 2707 2196 contra
2740 2149 3009 2212 martyres
3042 2142 3348 2206 concitans,
3371 2141 3539 2211 quid-

267 2238 394 2275 nam
427 2231 514 2276 est
543 2223 650 2278 nisi
681 2241 847 2280 scena
874 2225 1199 2292 dramatica,
1236 2243 1389 2281 num.
1418 2228 1484 2281 12
1513 2228 1537 2280 ?

334 2311 387 2364 6.
416 2309 652 2376 Quinto,
684 2328 834 2368 mors
863 2321 1188 2385 martyrum,
1222 2314 1327 2370 hoc
1352 2314 1520 2369 modo
1545 2314 1870 2380 accelerata,
1899 2313 1992 2383 qui
2029 2315 2270 2370 refertur
2288 2331 2443 2370 num.
2465 2315 2554 2380 16,
2583 2315 2743 2370 fallor
2767 2316 2810 2370 si
2835 2314 3053 2385 plenam
3083 2315 3245 2370 fidem
3270 2316 3534 2372 inveniat.

266 2397 454 2460 Sexto.
485 2400 675 2469 prodit
702 2401 757 2455 in
783 2417 1004 2457 scenam
1038 2403 1261 2470 mulier,
1297 2404 1509 2458 sanctis
1535 2419 1733 2472 aquam
1763 2402 1868 2456 sub
1897 2403 2142 2457 vestibus
2171 2404 2311 2456 clam
2343 2403 2398 2456 in
2426 2418 2648 2457 carcere.
2679 2403 2956 2466 deferens,
2985 2421 3138 2460 num.
3176 2406 3232 2457 11
3259 2421 3274 2469 ;
3298 2421 3421 2475 quas
3443 2404 3530 2461 de-

270 2501 378 2539 nuo
403 2487 551 2540 redlt
586 2504 742 2543 num.
769 2490 855 2544 l9.
877 2491 1074 2555 Erunt,
1112 2500 1172 2545 ut
1194 2491 1415 2561 opinor,
1445 2491 1650 2560 quibus
1684 2505 1878 2560 preces
1897 2500 1953 2544 ct
1985 2505 2126 2559 aqua
2148 2505 2179 2542 e
2206 2505 2344 2559 rupe
2366 2490 2554 2545 elicita
2583 2506 2692 2544 non
2722 2493 2950 2545 omnino
2985 2493 3334 2558 arridebant,
3379 2509 3538 2551 nunt.

271 2572 358 2627 22.
384 2575 638 2644 Denique
668 2576 934 2631 Actorum
965 2579 1269 2634 sinceritati
1303 2595 1413 2632 non
1438 2579 1788 2633 mediocriter
1811 2576 1984 2632 officit
2014 2595 2251 2649 sequens
2284 2579 2553 2644 clausula,
2579 2595 2608 2633 a
2649 2581 2906 2649 gentnnis
2947 2582 3098 2634 Actis
3161 2582 3356 2636 abesse
3400 2597 3532 2636 con-

274 2673 444 2722 sueta.
479 2681 608 2734 quae
637 2665 874 2720 habetur
909 2683 1062 2722 num.
1094 2669 1186 2729 23,
1224 2669 1278 2722 in
1320 2683 1428 2737 qua
1471 2667 1748 2721 Sisinnius
1776 2666 1852 2720 ita
1873 2665 2043 2720 Deum
2073 2667 2436 2737 oratjamjam
2478 2667 2802 2720 moriturus.
2846 2687 2864 2718 ι
2896 2667 3031 2737 Opis
3065 2679 3172 2722 tuae
3195 2669 3431 2740 indiges,
3457 2680 3535 2723 te-

274 2765 379 2818 que
395 2762 598 2806 nostro
626 2753 943 2809 interventu
973 2756 1317 2816 invocantes.
1346 2756 1532 2809 statim
1556 2755 1778 2814 exaudi.
1809 2755 2131 2821 Domine,in
2157 2770 2486 2824 quacunque
2527 2754 2856 2808 necessitate
2886 2764 2941 2807 et
2976 2756 3308 2825 indigentia;
3338 2771 3535 2826 quam-

265 2845 348 2894 vis
379 2839 434 2894 in
474 2841 752 2896 viduitate
785 2851 841 2897 et
871 2843 1144 2908 orbitate;
1181 2845 1433 2914 quamvis
1472 2843 1527 2897 in
1573 2843 2062 2913 peregrinatione;
2113 2842 2366 2911 quamvis
2417 2841 2473 2895 in
2527 2841 2848 2894 infirmitate
2902 2843 3155 2911 corporis
3200 2853 3258 2898 et
3303 2844 3530 2903 animae;

263 2930 525 2998 quamvis
552 2931 609 2984 in
633 2946 746 2985 aere
777 2931 960 2985 alieno
991 2939 1045 2987 et
1083 2932 1419 2997 calumniis;
1462 2932 1714 3002 quamvis
1747 2933 1800 2985 in
1825 2929 2025 2984 acerba
2057 2931 2361 2996 servitute;
2395 2930 2650 2999 quamvis
2683 2931 2738 2984 in
2803 2930 3091 2984 hominum
3143 2946 3207 2985 ac
3252 2932 3533 3000 pecudum

264 3020 599 3088 contagione
623 3037 637 3085 ;
663 3022 923 3090 quamvis
957 3020 1010 3073 in
1043 3021 1180 3074 mari
1205 3021 1478 3091 quispiam
1513 3021 1584 3075 sit
1615 3020 1936 3090 naufragus,
1972 3029 2081 3074 etc.
2113 3019 2192 3072 Tu
2219 3018 2320 3085 illi,
2385 3034 2504 3082 rex,
2543 3033 2641 3087 per
2676 3031 2779 3071 nos
2830 3018 3032 3072 solatio
3070 3019 3168 3082 sis,
3212 3028 3267 3072 et
3348 3020 3530 3074 statim

262 3108 490 3170 exaudi,
517 3117 938 3178 utcognoscant
961 3109 1152 3162 mundi
1191 3109 1356 3179 hujus
1387 3109 1601 3174 incolae,
1630 3110 1864 3162 multum
1888 3123 1990 3163 nos
2023 3107 2178 3177 diligi
2204 3106 2304 3160 abs
2346 3113 2419 3172 te,
2447 3113 2504 3160 et
2549 3105 2824 3169 exaudiri,
2885 3122 2949 3160 ac
2991 3107 3135 3159 malo
3170 3107 3399 3161 cuilibet
3440 3108 3531 3162 fiat

263 3210 406 3265 aqua
439 3197 558 3252 haec
581 3199 637 3252 in
657 3198 950 3260 medelam,
974 3213 1098 3252 nam
1124 3198 1191 3252 ad
1225 3198 1634 3252 invocationem
1665 3198 1741 3252 tui
1764 3196 1982 3252 ebulliit
2018 3195 2415 3248 etinnovatum
2461 3201 2544 3247 est
2586 3203 2745 3246 vetus
2797 3193 3132 3246 miraculum
3190 3194 3246 3246 in
3301 3195 3530 3262 gloriam

263 3283 447 3338 Patris
476 3293 532 3338 et
558 3284 684 3338 Filii
733 3295 790 3339 et
818 3283 1062 3354 Spiritus
1092 3285 1292 3349 saneti,
1327 3285 1380 3337 in
1409 3285 1625 3338 laudem
1649 3294 1706 3339 et
1729 3285 2052 3338 memoriam
2081 3292 2387 3354 martyrum
2426 3294 2647 3338 tuorum
2676 3285 2921 3353 quinque
2946 3293 3004 3337 et
3033 3283 3417 3353 quadraginta.

333 3373 385 3426 7.
418 3373 574 3427 Inter
599 3383 868 3444 martyres
891 3373 1108 3428 XXXVI
1140 3373 1486 3428 Alexandria:
1512 3388 1719 3442 passos,
1746 3372 1815 3427 de
1844 3371 2374 3442 quibusbocitidem
2394 3372 2485 3426 die
2510 3372 2692 3441 agitur
2712 3371 2988 3440 superius,
3023 3373 3132 3425 duo
3161 3372 3323 3439 primi
3347 3371 3529 3426 Leon-

263 3462 376 3516 tius
400 3474 460 3516 et
488 3462 800 3527 Mauritius,
821 3471 878 3516 et
909 3463 1139 3532 quintus
1170 3461 1386 3525 Daniel,
1418 3462 1598 3516 tribus
1620 3461 1827 3515 nostris
1853 3461 2192 3532 martyribus
2221 3460 2640 3531 Nicopolitanis,
2676 3473 2912 3528 quorum
2939 3474 3261 3528 expressum
3293 3459 3532 3513 vidimus

263 3566 493 3616 nomen,
523 3565 756 3620 prorsus
788 3551 1108 3620 homonymi
1131 3558 1281 3606 sunt.
1311 3549 1443 3617 Qua:
1495 3549 1847 3620 homonymia
1889 3547 2266 3617 suspicionem
2317 3545 2553 3600 fortasse
2600 3545 2856 3599 nonnulli
2905 3546 3154 3615 prmberc
3191 3547 3414 3614 poterit,
3441 3547 3530 3599 hic

262 3657 447 3710 aque,
480 3656 545 3694 ac
569 3640 726 3706 alibi,
763 3640 888 3709 plus
913 3639 1104 3704 semel,
1132 3639 1374 3693 inducta:
1402 3638 1658 3709 alicujus,
1702 3635 2064 3701 confusionis,
2097 3651 2206 3688 una
2233 3634 2468 3689 fortasse
2498 3643 2800 3704 martyrum
2853 3643 3028 3688 turma
3066 3634 3121 3685 in
3157 3633 3297 3687 duas
3334 3635 3531 3688 distra-

263 3738 374 3793 cta,
403 3729 517 3792 vel,
549 3729 594 3782 si
623 3729 729 3782 hoc
757 3744 868 3782 non
895 3729 1001 3792 vis,
1031 3727 1262 3781 alterius
1299 3727 1354 3781 in
1417 3727 1649 3780 alteram
1701 3723 2025 3778 nominibus
2052 3722 2338 3777 derivatis.
2382 3721 2584 3777 Verum
2629 3721 2892 3790 quoniam
2925 3719 3056 3790 quid
3092 3721 3363 3774 hiclateat
3416 3737 3529 3792 my-

262 3818 443 3879 sterii,
487 3817 649 3871 nobis
673 3817 894 3886 assequi
931 3832 1040 3870 non
1080 3825 1166 3871 est
1207 3825 1550 3885 promptum,
1602 3813 1658 3867 in
1696 3813 1836 3868 duas
1879 3826 1978 3866 eos
1998 3811 2207 3866 classes
2246 3807 2628 3873 distinximus,
2677 3810 2855 3862 secuti
2897 3807 3284 3878 Martyrologia
3331 3809 3529 3862 lliero-

263 3905 525 3973 nymiana
559 3923 573 3957 :
605 3905 684 3957 uti
729 3903 1093 3958 indicavimus
1118 3917 1309 3973 supra,
1345 3902 1440 3956 ubi
1472 3901 1540 3956 de
1582 3899 1747 3955 dictis
1786 3901 2011 3972 triginta
2055 3915 2148 3954 sex
2184 3897 2522 3968 martyribus
2561 3897 2799 3968 egimus,
2842 3903 2900 3951 et
2944 3895 3325 3950 difficultatem
3384 3895 3528 3950 hanc

262 4006 372 4044 non
410 3991 894 4061 przctcrtnisintus.

330 4080 384 4131 8.
430 4078 707 4150 'l‘amayus
733 4079 910 4133 solius
939 4078 994 4134 S.
1022 4079 1242 4135 Leontii
1267 4093 1468 4134 nomen
1501 4077 1802 4147 exprimit,
1850 4088 1906 4134 et
1953 4081 2137 4134 socios
2181 4086 2454 4148 martyres
2493 4075 2719 4131 confuse
2751 4093 2764 4130 :
2807 4092 2826 4126 ς
2867 4073 3115 4143 Nicopoli
3164 4073 3218 4126 in
3244 4073 3525 4137 Armenia.

260 4167 320 4221 S.
353 4167 574 4223 Leontii
605 4169 888 4240 martyris,
935 4170 1031 4239 qui
1062 4184 1189 4225 cum
1227 4168 1352 4224 aliis
1394 4169 1562 4222 sociis
1593 4182 1823 4237 agonem
1866 4165 2249 4221 admirabilem
2290 4163 2608 4233 complevit.
2648 4183 2666 4214 ι
2701 4163 2820 4216 [loc
2871 4172 3056 4226 recte;
3095 4161 3189 4215 sed
3225 4161 3526 4215 clausulam

259 4266 621 4326 sequentem,
675 4276 694 4309 ς
724 4261 882 4329 cujus
911 4260 1124 4314 exuviae
1158 4273 1330 4313 sacrae
1375 4257 1429 4310 in
1471 4258 1677 4326 oppido
1708 4255 2015 4312 Alcaudete
2038 4298 2052 4322 ,
2101 4255 2356 4322 diwcesis
2381 4253 2712 4309 Giennensis
2743 4253 2796 4305 in
2827 4251 3082 4307 (mnobio
3113 4251 3432 4304 monialium
3465 4250 3528 4307 Β.

255 4345 438 4400 (Σιδηε
464 4345 653 4400 debita
686 4347 872 4400 cultus
897 4345 1321 4401 honorificentia
1351 4355 1668 4410 servantur,
1702 4363 1720 4394 ι
1753 4360 2019 4414 quorsum
2047 4343 2334 4414 adjunxit?
2364 4341 2502 4397 Cum
2543 4342 2597 4395 in
2633 4342 2778 4394 notis
2804 4339 2870 4393 ad
2902 4341 3052 4393 hunc
3080 4339 3263 4394 locum
3293 4339 3527 4392 candide

259 4433 591 4500 profiteatur
626 4452 646 4484 ι
684 4433 959 4503 suspicari
990 4449 1070 4498 se,
1115 4448 1274 4487 erase
1334 4434 1573 4487 amicum
1610 4432 1924 4493 eruditum,
1965 4446 1983 4478 ι
2022 4427 2284 4480 nimirum
2322 4425 2382 4479 P.
2417 4425 2710 4478 Martinum
2746 4421 2986 4476 Xemena
3015 4422 3244 4482 Jurado.
3277 4437 3342 4474 ex
3369 4422 3529 4491 cujus

259 4520 532 4576 relatione
561 4521 839 4590 praedictis
888 4520 1073 4576 Sancti
1119 4520 1371 4589 reliquiis
1411 4521 1575 4574 istum
1629 4520 1812 4573 locum
1858 4517 2186 4587 assignaret,
2234 4531 2252 4564 σ
2301 4522 2356 4566 et
2412 4513 2526 4565 haec
2576 4512 2808 4581 pignora
2858 4525 2980 4564 esse
3026 4511 3258 4563 alterius
3307 4509 3525 4562 Leontii

262 4611 521 4681 martyris
557 4611 744 4665 Romae
773 4609 951 4681 passi;
987 4611 1054 4665 de
1075 4625 1188 4679 quo
1213 4619 1383 4679 agunt
1413 4608 1783 4679 Maurolycus,
1808 4604 2146 4662 Galesinius.
2167 4613 2224 4656 et
2253 4601 2544 4669 Philippus
2575 4598 2873 4653 Ferrarius
2897 4599 2952 4651 in
2991 4597 3237 4662 generali
3264 4594 3527 4665 Catologo

261 4693 595 4749 Sanctorum
651 4694 743 4749 die
786 4694 820 4749 9
872 4693 1007 4749 Julii
1055 4694 1151 4748 fol.
1185 4693 1314 4759 281,
1376 4694 1760 4748 etsuademur
1813 4706 1881 4744 ex
1923 4707 1991 4745 eo
2041 4689 2187 4759 quod
2243 4689 2430 4742 comiti
2462 4687 2851 4740 Beneventano
2885 4685 3007 4752 ejus
3043 4684 3273 4736 exuvias
3321 4682 3526 4735 obtulit

263 4781 463 4836 Paulus
516 4783 580 4845 γ,
616 4783 780 4838 Pont.
815 4783 960 4837 Max.
1011 4791 1290 4836 extractas
1335 4797 1399 4836 ex
1441 4780 1706 4835 Romanis
1751 4778 2113 4841 cmmeteriis;
2151 4792 2248 4830 nec
2299 4776 2407 4829 huc
2444 4789 2619 4842 usque
2669 4772 2878 4825 sciatur
2921 4768 3288 4838 Nicopolitani
3337 4769 3524 4823 Itonia:

262 4871 523 4926 advectas
547 4871 747 4927 fuisse.
789 4888 809 4921 ι
848 4869 1044 4936 Recte,
1079 4879 1139 4923 ut
1177 4869 1396 4939 opinor,
1428 4869 1520 4922 hic
1545 4884 1602 4922 se
1634 4878 1690 4923 et
1711 4867 1878 4920 alium
1913 4881 2073 4920 suum
2110 4865 2307 4920 ducem
2335 4861 2562 4931 currigit
2589 4860 2880 4929 Tamayus.
2919 4857 3139 4913 Utinam
3185 4858 3240 4910 in
3270 4855 3525 4926 pluribus

262 4959 383 5015 aliis
407 4961 603 5016 eadem
632 4959 903 5015 felicitate
937 4970 995 5013 et
1021 4959 1288 5013 facilitate
1309 4972 1366 5012 se
1400 4956 1773 5012 correxisset!
1807 4958 1896 5011 Sic
1924 4957 2094 5026 pluris
2116 4956 2312 5009 fierent
2337 4953 2456 5022 ejus
2480 4963 2690 5005 merces
2712 4947 2856 5017 apud
2880 4947 3128 5001 eruditos
3156 4943 3522 5015 hagiophilos,

259 5051 426 5104 etiam
448 5051 752 5120 lliSpanos,
781 5047 1169 5118 indignatione
1196 5045 1383 5116 potius
1410 5061 1474 5098 ac
1508 5045 1622 5098 risu
1664 5059 1808 5114 smpe
1833 5045 2136 5114 digniores,
2168 5055 2331 5096 ouam
2367 5037 2565 5109 pretio.
