3994 6484
429 447 552 551 ἔξεο
641 504 648 512 -

1760 485 2048 549 MENSIS
2085 483 2384 546 IULIUS.

3605 483 3717 546 324

1575 809 2551 947 ΜΑΡΤΥΡΙΟΝ

1276 1054 1496 1143 ΤΩΝ
1578 1054 1924 1141 ΑΓΙΩΝ
1997 1041 2174 1140 ΜΕ
2248 1051 2876 1140 ΜΑΡΤΥΡΩΝ.

1589 1518 1591 1521 .
1644 1417 2516 1536 MARTYRIUM

1139 1664 1680 1758 SANCTOR
1709 1665 1869 1755 UM
1951 1666 2195 1755 XLV
2286 1660 3014 1750 MABTYBUM.

2030 1884 2102 1899 α

1911 2034 2139 2092 CAPUT
2183 2037 2224 2090 Ι.

727 2177 958 2248 Vulgata
985 2193 1014 2229 a
1052 2173 1254 2228 Licinio
1285 2172 1454 2227 edicto
1486 2181 1673 2224 contra
1705 2168 2061 2233 Christianos,
2093 2168 2360 2220 sislunmr
2385 2181 2566 2219 coram
2591 2163 2722 2217 duce
2760 2162 2919 2234 Lysia
2945 2165 3117 2215 sancti
3146 2173 3431 2233 martyres.

433 2368 437 2372 ,
523 2309 562 2362 1.
595 2307 844 2362 Licinius
884 2306 1187 2374 imperator
1213 2319 1657 2373 quaquaversum
1695 2301 1880 2356 edicta
1906 2299 2029 2353 vul—

2211 2294 2290 2351 A'.
2341 2297 2584 2358 Λικίνιος
2637 2298 2665 2349 ὁ
2721 2294 2979 2364 βασιλεὺς
3033 2295 3321 2348 ἀπέστειλε
3367 2293 3726 2362 διατάγματα

453 2405 623 2474 gavit,
656 2410 714 2454 ut
737 2400 781 2454 si
811 2399 901 2469 qui
940 2397 1321 2467 reperirentur
1347 2395 1672 2458 Christiani,
1699 2391 2032 2448 omnimodis

453 2497 849 2564 plecterentur.
878 2491 1056 2544 Erlicti
1097 2505 1228 2543 vero
1250 2490 1531 2558 exemplar
1563 2503 1883 2556 expressum
1912 2494 2032 2540 erat

453 2587 532 2640 sic
566 2603 579 2639 :
611 2584 856 2638 Licinius
899 2585 1220 2651 imperator,
1280 2581 1572 2640 maximus,
1599 2591 1885 2649 angustus,
1924 2578 2029 2641 his,

452 2676 543 2745 qui
574 2691 670 2743 per
711 2673 902 2726 orbem
933 2682 1208 2724 terrarum
1235 2677 1504 2738 prwsunt,
1541 2668 1772 2720 salutem
1809 2685 1823 2721 ε
1877 2665 2033 2719 Post-

451 2784 618 2837 quam
673 2766 936 2820 divinitas
987 2772 1176 2818 nostra
1206 2763 1348 2815 facta
1377 2772 1463 2815 est
1487 2759 1689 2813 certior
1721 2760 1820 2826 (Ι),
1871 2772 2035 2826 quos-

453 2861 577 2914 dam
619 2873 810 2912 eorum
871 2858 964 2924 qui
985 2853 1288 2908 Christiani
1319 2852 1689 2921 appellantur,
1713 2865 1822 2902 non
1855 2848 2031 2902 solum

452 2951 714 3004 beneﬁcis
741 2949 846 3002 diis
880 2964 988 3001 non
1008 2946 1341 3008 sacrilicare,
1373 2944 1468 2997 sed
1485 2942 1651 2997 etiam
1683 2941 1774 3011 pio
1803 2941 2032 2995 deorum

453 3043 628 3097 cultui
671 3042 901 3111 injurias
934 3041 1213 3108 irrogare;
1263 3038 1396 3107 quin
1452 3037 1563 3090 imo
1622 3043 1892 3105 praetextu
1951 3035 2034 3087 eis

454 3135 824 3198 sacriﬁcandi,
864 3123 1132 3203 plurimos
1167 3131 1301 3185 deos
1332 3131 1416 3185 vel
1447 3131 1568 3198 ipso
1589 3139 1863 3182 nocturno
1891 3135 2033 3181 tem-

452 3244 587 3298 pore
624 3226 981 3292 contrivisse,
1018 3226 1348 3294 punitosque
1371 3222 1572 3292 sapius
1596 3237 1705 3276 non
1736 3220 2034 3289 resipuisse

454 3330 548 3374 aut
584 3319 889 3373 honoribus
919 3318 1166 3376 allectos.
1199 3325 1293 3372 aut
1326 3325 1474 3370 metu
1506 3315 1872 3378 absterritos;
1909 3311 2034 3366 ideo

452 3422 696 3483 potestas
746 3421 932 3466 nostra
986 3411 1161 3480 jubet,
1198 3419 1257 3463 ut
1309 3409 1624 3476 ubicunque
1685 3407 2036 3460 invenientur

451 3505 776 3571 Christiani,
809 3505 914 3559 diis
943 3505 996 3557 hi
1024 3504 1354 3564 sacriﬁcent,
1380 3501 1702 3570 magnisque
1731 3499 2034 3553 honoribus

451 3616 516 3655 ac
539 3599 698 3654 donis
728 3598 1028 3652 fruantur:
1091 3597 1426 3651 reluctantes
1484 3603 1691 3658 autem,
1746 3609 1852 3647 una
1907 3609 2031 3648 cum

454 3691 722 3748 uxoribus
756 3688 1052 3750 acliberis,
1091 3688 1201 3758 igni
1257 3703 1317 3741 ac
1347 3685 1495 3740 l'crro
1534 3684 2035 3751 tradamur;l‘acul-

453 3794 592 3839 tates
623 3786 850 3854 insuper
878 3783 1098 3836 illorum
1130 3795 1323 3835 omnes
1385 3777 1764 3848 publicentur,
1801 3777 1857 3831 in
1899 3787 2037 3832 tem-

451 3879 696 3950 plorum,
718 3877 907 3931 furtim
936 3876 1004 3928 ab
1043 3874 1176 3938 ipsis
1198 3887 1543 3937 eversorum,
1573 3887 1677 3926 nec
1707 3888 1814 3927 non
1846 3887 2036 3926 muro-

453 3987 578 4026 rum
639 3970 1064 4039 etpublicorum
1121 3967 1444 4022 balneorum
1487 3965 1802 4020 utilitatem.
1853 3965 2034 4019 Invio-

451 4063 619 4118 labile
657 4065 841 4131 itaque
874 4061 1168 4128 imperium
1217 4068 1468 4113 nostrum
1503 4058 1709 4122 edocti,
1764 4067 2033 4128 quantum

453 4155 662 4210 conniti
694 4153 945 4223 potestis,
977 4152 1033 4204 id
1077 4150 1224 4221 quod
1255 4151 1575 4205 mandatum
1615 4161 1720 4216 est,
1765 4165 2036 4220 exsequa-

455 4247 611 4310 mini,
652 4262 720 4301 ne
747 4261 854 4300 una
906 4261 1006 4300 vos
1043 4261 1170 4301 cum
1230 4245 1570 4315 impiissimis
1619 4244 2032 4314 periclitcmini.

455 4339 620 4396 Hisce
649 4341 835 4410 itaque
868 4340 1099 4410 vulgatis
1123 4339 1178 4392 in
1199 4340 1396 4409 plateis
1417 4340 1639 4394 urbium
1671 4338 1886 4403 edictis,
1912 4353 2038 4392 san-

453 4433 531 4487 cti
563 4433 658 4487 Dei
709 4433 896 4488 famuli
919 4433 1090 4504 gavisi
1126 4443 1276 4498 sunt,
1302 4434 1541 4489 oblatam
1562 4432 1804 4502 martyrii
1834 4447 2038 4501 oppor-

457 4526 749 4600 tunitatem
777 4526 1220 4583 considerantes.

527 4707 591 4762 ll.
624 4707 773 4762 Inter
806 4707 921 4762 haec
943 4708 1227 4775 publicato
1262 4707 1696 4778 Nicopolitarum
1728 4709 1783 4762 in
1814 4708 2037 4763 civitate

455 4797 658 4862 edicto,
689 4800 912 4868 quando
940 4801 1167 4863 timores
1199 4800 1544 4869 ingruerent,
1570 4807 1626 4854 et
1652 4799 1936 4854 instructae
1952 4815 2039 4855 es-

454 4899 579 4944 sent
641 4890 992 4956 carnificinaa,
1035 4901 1218 4946 erecta
1275 4892 1420 4962 ligna
1467 4891 1536 4944 ad
1592 4891 2033 4961 suspensionem,

2135 2389 2278 2442 κατὰ
2316 2391 2501 2442 πᾶσαν
2531 2387 2629 2459 τὴν
2655 2387 3011 2457 οίκουμένην,
3051 2387 3127 2450 ὡς
3170 2389 3224 2442 εί
3254 2405 3399 2450 τινες
3439 2388 3727 2456 εὑρεθεῖεν

2135 2481 2477 2553 Χριστιανοὶ,
2514 2482 2743 2543 τούτους
2793 2480 2957 2533 παντὶ
3012 2480 3199 2550 τρόπμ
3253 2479 3599 2542 κολάζεσθαι.
3661 2480 3727 2532 ’0

2135 2577 2192 2630 δὲ
2226 2577 2396 2638 τύπος
2446 2576 2538 2628 τοῦ
2589 2575 2962 2643 διατάγματος
2999 2573 3190 2626 τοῦτον
3230 2568 3344 2642 εἷχε
3388 2574 3482 2626 τὸν
3535 2588 3716 2642 χαρα-

2136 2668 2318 2738 κτῆρα
2353 2685 2366 2700 ·
2396 2670 2636 2730 Λικίνιος
2667 2669 3049 2736 αὐτοκράτωρ,
3101 2667 3381 2736 μέγιστος,
3426 2665 3720 2728 σεϐαστδς,

2135 2764 2249 2825 τοῖς
2279 2763 2418 2815 κατὰ
2438 2761 2536 2831 τὴν
2569 2764 2896 2830 οἰκουμένην
2929 2761 3191 2830 ἄρχουσιν
3219 2760 3434 2828 χαίρειν
3455 2774 3468 2788 ·
3499 2758 3727 2826 Ἐπειδὴ

2138 2856 2394 2925 ἐδιδάχθη
2434 2857 2465 2924 ή
2502 2855 2755 2924 ἡμετέρα
2786 2855 3018 2922 θειότης,
3053 2855 3134 2906 ὅτι
3167 2853 3311 2914 τινὲς
3345 2852 3455 2905 τῶν
3487 2852 3729 2921 λεγομέ-

2138 2965 2243 3000 νων
2277 2947 2624 3018 Χριστιανῶν
2658 2948 2721 2999 οὐ
2788 2946 2948 3016 μόνον
3000 2947 3061 2999 ού
3095 2946 3282 2998 θύουσι
3339 2949 3451 3007 τοῖς
3493 2944 3727 3012 εὐεργέ-

2134 3058 2258 3103 ταις
2291 3040 2454 3103 θεοῖς,
2491 3041 2628 3094 ἀλλὰ
2683 3044 2775 3094 καὶ
2823 3040 3168 3108 ἐνυϐρίζουσι
3219 3041 3319 3112 τὴν
3375 3039 3577 3109 εὐσεϐῆ
3610 3038 3728 3091 τῶν

2139 3131 2278 3185 θεῶν
2342 3133 2671 3203 θρησκείαν,
2710 3133 3001 3196 πλείστους
3055 3131 3114 3183 δὲ
3160 3131 3317 3195 θεοὺς
3367 3133 3463 3185 καὶ
3507 3134 3564 3184 ὲν
3604 3131 3730 3195 νυξὶ

2141 3225 2470 3296 συνέτριψαν
2495 3225 2765 3294 προφάσει
2797 3226 2890 3278 τοῦ
2927 3224 3077 3278 θύειν
3103 3226 3307 3290 αὐτοῖς,
3337 3225 3433 3277 καὶ
3459 3224 3728 3293 πολλάκις

2139 3319 2500 3380 κολασθέντες
2529 3320 2590 3370 ού
2622 3319 3014 3390 μετετέθησαν,
3047 3319 3108 3372 ού
3140 3322 3326 3389 τιμαῖς
3354 3321 3617 3383 εἴξαντες,
3660 3321 3726 3372 ού

2141 3410 2291 3481 φόϐῳ
2325 3412 2805 3482 μεταπεισθέντες,
2847 3413 2935 3466 διὰ
2977 3413 3135 3466 τοῦτο
3181 3413 3392 3465 κελεύει
3435 3415 3494 3464 τὸ
3524 3413 3730 3482 ἡμέτεο

2144 3521 2235 3575 ρον
2285 3506 2508 3575 κράτος,
2539 3505 2676 3558 ὅπου
2706 3505 2751 3557 δ’
2782 3505 2848 3559 ἃν
2899 3503 3175 3574 εὑρεθεῖεν
3215 3505 3552 3573 Χριστιανοὶ,
3598 3504 3729 3555 τού-

2141 3614 2264 3660 τους
2328 3596 2490 3651 θῦσαι
2555 3600 2668 3661 τοῖς
2720 3599 2884 3663 θεοῖς,
2931 3599 3028 3652 καὶ
3079 3598 3255 3668 τιμῶν
3297 3598 3571 3667 μεγίστων
3629 3597 3729 3649 καὶ

2139 3688 2358 3758 δωρεῶν
2397 3690 2692 3744 ἀπολαύειν
2725 3708 2740 3723 ο
2776 3693 2903 3754 τοὺς
2933 3692 2988 3744 δὲ
3028 3691 3103 3762 μὴ
3131 3692 3454 3752 πεισθέντας
3498 3690 3596 3742 σὺν
3627 3709 3731 3757 γυ·-

2140 3782 2286 3847 ναιξὶ
2326 3784 2420 3836 καὶ
2475 3784 2685 3844 τέκνοις
2717 3785 2852 3854 πυρὶ
2883 3785 2974 3836 καὶ
3018 3785 3263 3856 μαχαίρᾳ
3303 3783 3727 3855 παραδίδοσθαι,

2138 3877 2236 3947 τὴν
2267 3877 2322 3929 δέ
2359 3894 2423 3945 γε
2452 3875 2689 3948 ὓπαρξιν
2734 3877 2916 3930 αὐτῶν
2963 3879 3143 3932 πᾶσαν
3178 3876 3605 3947 δημοσιευθῆναι
3642 3877 3729 3936 εἰς

2140 3970 2458 4040 ἐπιμέλειαν
2499 3971 2664 4035 ναῶν,
2693 3969 2803 4021 τῶν
2831 3972 2924 4023 ὑπ’
2956 3970 3136 4022 αὐτῶν
3163 3971 3336 4039 κλοπῇ
3367 3965 3730 4036 καθαιρεθέν-

2139 4077 2270 4124 των,
2301 4061 2395 4113 καὶ
2422 4061 2621 4130 τειχῶν
2653 4060 2748 4114 καὶ
2772 4060 3012 4130 λουτρῶν
3043 4058 3343 4130 δημοσίων.
3385 4056 3599 4116 Είδότες
3629 4050 3730 4106 οὖν

2139 4156 2201 4207 τὸ
2232 4153 2592 4224 ἀπαράϐατον
2617 4154 2715 4224 τῆς
2744 4154 3023 4223 ἡμετέρας
3051 4153 3358 4214 κελεύσεως
3402 4150 3566 4202 παντὶ
3596 4147 3724 4200 σθέ-

2140 4263 2221 4300 νει
2249 4247 2311 4298 τὸ
2361 4246 2704 4317 προσταχθὲν
2752 4248 2833 4309 εἰς
2871 4247 3032 4315 ἔργον
3085 4247 3369 4312 ἐνέγκατε,
3403 4244 3479 4306 ὡς
3519 4244 3594 4312 μὴ
3630 4244 3723 4294 καὶ

2141 4339 2288 4409 ὑμᾶς
2338 4340 2791 4408 συγκινδυνεῦσαι
2832 4343 2945 4402 τοῖς
2982 4339 3337 4401 ἁθεωτάτοις.
3365 4334 3584 4390 Τούτων
3615 4336 3725 4387 τῶν

2140 4435 2582 4503 προσταγμάτων
2615 4431 2992 4504 προτεθέντων
3036 4436 3095 4486 ὲν
3130 4435 3252 4495 ταῖς
3281 4431 3567 4491 πλατείαις
3614 4429 3727 4481 τῶν

2141 4523 2374 4590 πόλεων,
2425 4526 2474 4575 οἱ
2530 4523 2678 4592 ἅγιοι
2730 4523 3028 4576 δοῦλοιτοῦ
3076 4523 3318 4594 Χριστοῦ
3361 4523 3602 4592 ἔχαιρον,
3633 4520 3726 4572 τὸν

2141 4617 2336 4684 καιρὸν
2360 4616 2454 4668 τοῦ
2489 4616 2796 4686 μαρτυρίου
2834 4617 3188 4680 σκοποῦντες.

2214 4708 2286 4764 B'.
2320 4711 2429 4763 Καὶ
2452 4709 2514 4778 δὴ
2537 4709 2633 4762 καὶ
2665 4711 2724 4762 ὲν
2745 4713 2809 4782 τῇ
2845 4709 3217 4765 Νικοπολιτῶν
3239 4709 3599 4780 προτεθέντος
3632 4707 3728 4760 τοῦ

2141 4803 2537 4872 διατάγματος,
2571 4807 2666 4857 καὶ
2694 4805 2805 4857 τῶν
2840 4805 3021 4873 φόϐων
3047 4804 3465 4874 ὲπισειομένων,
3501 4805 3590 4854 καὶ
3617 4803 3729 4854 τῶν

2143 4896 2520 4967 κολαστηρίων
2587 4897 3092 4967 εὐτρεπισθέντων,
3137 4897 3311 4962 ξύλων
3380 4894 3581 4966 ὀρθίων
3645 4899 3728 4958 εἰς

459 4983 673 5053 ungula:
687 4983 879 5038 ferrea:
899 4991 1073 5038 acutae
1095 4984 1160 5036 ad
1179 4983 1549 5046 abrasionem,
1563 4983 1806 5039 cassides
1830 4985 2032 5055 ignitae,

2144 4989 2684 5060 ἀνάρτησινβνύχων
2703 5005 2761 5042 τε
2798 4989 3034 5058 σιδηρῶν
3069 4990 3325 5060 ἀκμαίων
3353 4990 3432 5052 εἰς
3465 4987 3724 5054 εῐσξεσιν,

455 5075 577 5128 olla:
607 5079 904 5139 ferventes,
936 5086 1094 5139 rotae,
1123 5076 1287 5140 clavi,
1324 5077 1478 5130 nervi
1539 5075 1733 5130 bubuli
1768 5078 2032 5142 indurati,

455 5167 658 5236 aliique
680 5170 960 5223 cruciatus
989 5169 1321 5236 atrociores;
1344 5177 1400 5223 et
1427 5169 1558 5223 dum
1585 5170 1897 5226 advenisset
1924 5171 2033 5225 dux

455 5260 664 5330 Lysias.
691 5262 782 5316 ubi
821 5262 1074 5318 universa
1097 5262 1526 5334 Armenimlegio
1557 5263 1752 5318 sortito
1781 5265 2034 5319 eratdis-

456 5353 685 5418 tributa,
735 5357 1119 5426 comprehensi
1164 5367 1292 5412 sunt
1339 5358 1609 5423 nonnulli,
1640 5358 1735 5427 qui
1769 5357 2037 5412 Christia-

454 5461 632 5502 nosse
652 5449 1028 5513 declarabant,
1071 5450 1330 5504 Leontius
1354 5459 1409 5505 et
1441 5451 1732 5505 Mauritius
1764 5460 1818 5506 et
1847 5452 2036 5505 Daniel

453 5538 559 5593 viri
597 5542 862 5595 natalium
887 5542 1183 5612 splendore
1231 5543 1542 5612 conspicui,
1571 5553 1626 5598 et
1660 5543 2035 5599 doctrinarum

451 5634 788 5699 eruditione,
827 5635 1059 5704 vitaeque
1093 5635 1161 5689 ad
1191 5635 1397 5690 Christi
1425 5636 1572 5706 leges
1598 5635 2037 5691 conformatione

527 5789 604 5852 (ι)
657 5788 768 5841 isto
808 5793 1085 5862 quondam
1122 5793 1282 5847 titulo
1315 5793 1680 5862 imperatores
1700 5794 1871 5848 fuisse
1896 5810 2036 5848 nun-

457 5867 720 5930 capulos,
779 5861 1056 5928 colligitur
1116 5878 1183 5914 ex
1250 5861 1481 5930 epistula
1541 5864 1902 5917 Valentiniani
1968 5864 2035 5918 ad

456 5925 829 5980 Theodosium
883 5925 1455 6002 imperatorem-data,
1505 5949 1624 6002 qum
1680 5944 1764 5988 cst
1810 5950 2038 5987 numero

2145 5082 2241 5136 καὶ
2271 5083 2545 5136 κασσίδων
2578 5082 3123 5152 πεπυρακτωμένων,
3166 5084 3420 5153 τηγάνων
3465 5081 3559 5134 καὶ
3602 5097 3730 5150 τρο-

2143 5174 2278 5246 χῶν,
2329 5177 2423 5228 καὶ
2462 5175 2629 5245 ἥλων,
2663 5176 2755 5228 καὶ
2785 5175 3094 5246 βουνεύρων
3138 5174 3340 5245 ξηρῶν,
3389 5173 3485 5226 καὶ
3515 5173 3729 5243 ἑτέρων

2142 5266 2539 5337 χαλεπωτέρων
2575 5268 2970 5338 κολαστηρίων,
3007 5270 3104 5321 καὶ
3143 5267 3594 5339 παραγενομένου
3628 5264 3726 5318 τοῦ

2142 5358 2335 5422 δουκὸς
2360 5358 2560 5421 Λυσία,
2607 5353 2761 5427 ᾧπερ
2791 5355 2858 5427 ἦν
2894 5361 3403 5430 ἀποκεκληρωμένη
3445 5361 3477 5428 ἠ
3519 5358 3730 5426 λεγεὼν

2142 5453 2293 5504 πᾶσα
2350 5452 2382 5520 ἡ
2431 5452 2749 5522 Ἀρμενίας,
2809 5454 3225 5524 συνελήφθησαν
3275 5471 3440 5520 τινες,
3493 5456 3728 5519 ἑαυτοὺς

2142 5543 2482 5615 καταδήλους
2513 5547 2862 5616 ποιήσαντες,
2897 5549 2978 5599 ὃτι
3011 5548 3331 5619 Χριστιανοὶ
3356 5550 3517 5613 εἰσιν,
3557 5550 3731 5603 Λεόνο

2138 5654 2256 5701 τιος
2309 5637 2404 5691 καὶ
2445 5639 2772 5708 Μαυρίκιος,
2825 5640 2919 5692 καὶ
2964 5642 3186 5715 Δανιὴλ,
3222 5642 3415 5714 ἄνδρες
3462 5643 3734 5715 ἐπίσημοι

2146 5795 2647 5923 ζίεὲἓῖηιὲιαὲιὶηω,
2665 5809 2720 5854 et
2739 5800 2978 5856 habetur
2992 5812 3147 5872 parte
3173 5820 3188 5859 ι
3209 5803 3430 5860 concilii
3465 5803 3741 5862 Chalccd.
