3994 6444
333 416 444 480 325

1303 422 1771 483 MARTYRIUM
1816 423 1920 484 SS.
1965 424 2114 482 XLV
2157 422 2615 482 MARTYRUM.

3489 426 3597 489 326

328 529 443 582 τῶν
479 530 537 583 ἐν
566 530 632 600 τῇ
660 528 814 583 πόλει
845 530 995 598 γένει
1044 547 1102 584 τε
1140 532 1235 586 καὶ
1283 535 1562 588 παιδεύσει
1615 535 1790 604 λόγων
1823 537 1910 589 καὶ

2025 536 2365 600 illustres,et
2399 552 2505 590 una
2528 550 2652 590 cum
2693 535 2826 606 ipsis
2874 536 3234 609 quadraginta
3267 537 3381 604 alii,
3439 537 3604 595 Chri-

313 621 438 692 ,βίῳ
473 621 611 674 κατά
643 623 884 692 Χριστὸν
921 623 1340 694 διαπρέποντες,
1377 627 1473 679 σὺν
1501 627 1686 688 αὐτοῖς
1735 627 1794 680 δὲ
1823 630 1917 680 καὶ

326 714 511 784 ἕτεροί
544 731 602 765 τε
661 712 714 782 μ’
746 715 1000 782 λέγοντες
1060 717 1288 781 ἑαυτοὺς
1338 714 1482 772 εἶναι
1528 720 1914 790 Χριστιανοὺς,

330 807 425 858 καὶ
478 805 958 877 αὖτοπροαιρέτως
1012 810 1370 879 προελθόντες
1426 812 1504 884 τῷ
1567 813 1765 885 Λυσίᾳ.
1814 816 1913 878 Ὃς

328 896 674 966 θεασάμενος
716 898 815 970 τὴν
853 900 1128 970 τοσαύτην
1178 903 1288 955 τῶν
1317 904 1530 975 ἀνδρῶν
1581 906 1913 974 προθυμίαν,

327 987 520 1057 ἠρώτα
557 991 777 1055 αὐτοὺς,
809 991 986 1059 λέγων
1009 1009 1024 1022 ο
1055 994 1229 1048 Πόθεν
1262 995 1388 1048 ἐστέ
1419 1014 1433 1063 ;
1466 997 1560 1050 καὶ
1601 999 1682 1061 τίς
1711 1000 1858 1051 ἐστιν
1886 998 1916 1048 6

329 1081 531 1143 πείσας
554 1083 702 1151 ὑμᾶς
737 1083 813 1153 μὴ
862 1084 1130 1149 εύσεσεῖν,
1163 1090 1298 1156 μήτε
1326 1087 1476 1141 θύειν
1497 1091 1609 1152 τοῖς
1637 1089 1778 1152 θεοῖς
1801 1093 1912 1153 τοῖς

326 1174 648 1243 οὐρανίοιςς
707 1174 764 1226 '0
799 1178 951 1244 ἆγιος
987 1178 1236 1241 Λεόντιος
1256 1178 1404 1247 λέγει
1429 1197 1443 1211 ·
1493 1181 1684 1250 Ἡμεῖς
1715 1182 1915 1246 πάντες

325 1267 653 1336 Χριστιανοί
713 1270 902 1336 ἐσμεν.
960 1271 1070 1323 Καὶ
1104 1271 1154 1323 οί
1216 1270 1319 1338 μὲν
1353 1272 1452 1342 τὴν
1499 1275 1656 1327 πόλιν
1710 1273 1914 1344 ταύτην

324 1359 611 1428 οἰκοῦμεν,
641 1363 690 1412 οἱ
721 1361 778 1414 δὲ
799 1362 894 1414 καὶ
926 1363 988 1415 ὲκ
1020 1363 1120 1432 τῆς
1152 1365 1336 1436 χώρας
1375 1367 1472 1436 τῆς
1505 1366 1609 1420 ὑπὸ
1638 1366 1733 1438 τὴν
1761 1364 1912 1418 πόλιν

325 1451 643 1521 ὦρμηνται.
697 1453 807 1505 Καὶ
838 1455 1040 1523 πατρὶς
1087 1455 1186 1524 μὲν
1219 1458 1350 1526 ἡμῖν
1388 1456 1527 1526 αὕτη
1569 1459 1600 1524 ἡ
1646 1456 1909 1522 ἐπίγειος,

325 1543 512 1613 πατὴρ
541 1544 600 1596 δὲ
630 1545 870 1615 Χριστὸς
896 1548 924 1598 6
955 1547 1280 1616 ἐπουράνιος
1304 1564 1318 1578 ⁸
1352 1549 1447 1602 καὶ
1478 1550 1641 1612 αὐτός
1691 1550 1842 1600 ἐστιν
1884 1550 1912 1600 6

321 1634 547 1699 διδάξας
581 1637 733 1706 ἡμᾶς
760 1639 854 1689 καὶ
886 1637 1083 1700 πείσας
1141 1638 1284 1702 θεοῖς
1317 1641 1541 1709 κούφοις
1573 1643 1666 1694 καὶ
1687 1640 1912 1710 τυφλοῖς

325 1729 402 1798 μή
432 1728 751 1794 λατρεύειν,
783 1731 923 1800 μήτε
954 1731 1140 1801 ἔργοις
1172 1732 1371 1804 χειρῶν
1393 1732 1700 1804 ἀνθρώπων
1737 1749 1910 1802 προσ-

323 1837 536 1873 κυνειν.

395 1911 474 1962 I".
540 1912 748 1975 Λυσίας
799 1910 994 1967 εἷπεν·
1031 1915 1143 1968 Καὶ
1193 1915 1296 1970 ποῦ
1363 1919 1514 1971 ἐστιν
1566 1921 1594 1972 6
1636 1918 1908 1990 Χριστός;
1946 1905 1987 1959 Β

321 2004 462 2072 Οὐχὶ
499 2005 828 2076 ἐσταυρώθη
865 2008 962 2060 καὶ
994 2009 1298 2077 ἀπέθανεν;
1340 2011 1400 2062 '0
1455 2011 1613 2079 ἅγιος
1660 2011 1910 2073 Λεόντιος

320 2094 474 2161 λέγει
505 2109 520 2123 ·
548 2095 642 2164 Μὴ
669 2097 832 2164 μόνον
872 2097 935 2150 τὸ
963 2096 1238 2152 ἀπέθανεν
1269 2099 1546 2163 ἀκούσεις,
1577 2101 1694 2154 ἀλλ’
1725 2102 1910 2172 ἐννοή-

319 2187 448 2256 θητι
482 2189 566 2241 ὅτι
598 2191 691 2242 καὶ
724 2188 936 2262 ἠγέρθη
969 2192 1065 2243 καὶ
1095 2190 1203 2256 ζῶν
1227 2193 1376 2246 ἐστιν
1405 2195 1462 2246 ἐν
1492 2197 1604 2256 τοῖς
1624 2194 1872 2265 οὐρανοῖς
1894 2209 1908 2224 ⁸

321 2281 467 2334 ἑκὼν
499 2281 610 2352 γὰρ
636 2283 915 2336 ἀπέθανεν
955 2284 1021 2336 δι’
1048 2285 1218 2356 ἡμᾶς,
1247 2287 1341 2339 καὶ
1373 2288 1536 2340 πάλιν
1573 2289 1802 2359 ἠγέρθη,
1836 2288 1910 2351 ὡς

324 2375 434 2433 υίὸς
462 2373 538 2427 ῶν
571 2374 666 2427 τοῦ
696 2374 857 2429 Θεοῦ.
879 2375 1087 2440 Λυσίας
1119 2373 1270 2430 εἶπεν
1297 2396 1310 2410 ·
1349 2380 1561 2434 Οὐκοῦν
1588 2379 1652 2450 ζῇ
1685 2380 1776 2434 νῦν
1802 2397 1816 2442 ;
1854 2381 1910 2434 Ὀ

324 2467 481 2535 ᾰγιος
536 2466 797 2530 Λεόντιος
842 2467 1024 2532 λέγει’
1057 2462 1102 2522 ὦ
1139 2470 1338 2534 Λυσία,
1392 2473 1442 2524 οἱ
1496 2473 1750 2542 ὑμέτεροι
1799 2472 1912 2525 θεοὶ

329 2558 697 2622 ἀποθανόντες
729 2561 792 2612 οὐ
824 2560 993 2624 ζῶσιν
1020 2577 1034 2591 ·
1063 2562 1090 2614 6
1131 2562 1186 2614 δὲ
1216 2566 1486 2636 ἡμέτερος
1506 2566 1786 2633 Δεσπότης
1818 2563 1913 2617 καὶ

332 2652 479 2717 Θεὸς,
509 2655 537 2705 6
587 2652 655 2704 τὰ
693 2651 874 2705 πάντα
906 2655 973 2724 τῇ
1011 2653 1115 2724 ἰδίᾳ
1139 2654 1291 2725 δεξιᾷ
1339 2658 1716 2727 καταρτήσας,
1748 2657 1912 2726 οὐρα·

328 2741 433 2806 νὸν,
467 2741 598 2812 γῆν,
637 2741 939 2806 θάλασσαν,
985 2745 1081 2795 καὶ
1120 2745 1332 2807 πάντας
1370 2745 1717 2814 ἀνθρώπους,
1769 2747 1910 2817 ὑπὲρ

324 2831 487 2900 ἡμῶν
534 2833 838 2896 ἀπέθανεν,
873 2832 958 2884 ἵνα
987 2833 1138 2902 ἡμᾶς
1163 2834 1464 2904 ἀποσπάσῃ
1499 2833 1600 2902 τῆς
1625 2831 1908 2885 εἰδωλολα-

323 2924 553 2994 τρείας·
609 2925 819 2985 ἐκεῖνος
873 2923 967 2993 ζῇ,
998 2925 1094 2977 καὶ
1133 2925 1281 2993 ἡμᾶς
1335 2923 1576 2987 ἐδίδαξεν
1631 2924 1910 2992 ὑπεραπο-

319 3014 581 3084 θνήσκειν
630 3014 822 3080 αὐτοῦ,
850 3014 939 3066 ἵνα
990 3015 1083 3067 καὶ
1129 3017 1314 3086 ἡμεῖς,
1349 3017 1735 3081 ἀποθανόντες,
1781 3035 1908 3069 συν-

319 3106 590 3176 ζήσωμεν
620 3105 794 3175 αὐτῷ.
827 3106 1036 3170 Λυσίας
1091 3103 1245 3160 εἶπεν
1270 3125 1283 3137 ·
1347 3110 1482 3178 υὺχὶ
1521 3108 1728 3163 δώδεκά
1769 3111 1908 3163 εἰσιν

322 3199 440 3252 θεοὶ
476 3199 764 3269 οὺράνιοις
808 3200 964 3251 ποῖον
996 3194 1089 3252 οὖν
1128 3200 1194 3253 σὺ
1235 3199 1414 3269 λέγεις
1447 3200 1634 3272 ἕτερον
1658 3201 1811 3266 Θεὸν,
1848 3202 1907 3266 ὃς

321 3293 584 3366 ἐποίησεν
608 3293 860 3364 οὐρανὸν,
892 3295 987 3347 καὶ
1013 3293 1139 3364 γῆν,
1175 3296 1271 3347 καὶ
1299 3294 1575 3348 θάλασσαν
1603 3313 1618 3363 ;
1661 3295 1718 3348 '0
1754 3295 1908 3364 ἅγιος

321 3393 582 3453 Λεόντιος
608 3389 757 3458 λέγει
784 3406 798 3420 ·
833 3389 984 3441 Ποῖοί
1011 3390 1150 3442 εἰσιν
1210 3390 1259 3440 οῖ
1311 3387 1423 3441 θεοὶ
1477 3390 1667 3457 ὑμῶν;
1703 3391 1908 3453 Λυσίας

320 3482 475 3551 λέγει
505 3497 519 3511 ·
556 3482 713 3545 Ζεὺς,
750 3481 845 3534 καὶ
879 3479 1177 3544 Ἀπόλλων,
1207 3480 1302 3532 καὶ
1345 3480 1694 3550 Ἀσκληπιὸς,
1734 3485 1828 3536 καὶ
1860 3482 1908 3533 εί

320 3577 500 3639 ἄλλοι,
530 3573 625 3636 οὓς
666 3573 816 3626 σέϐει
863 3573 895 3642 ἡ
931 3570 1215 3642 σύμπασα.
1263 3572 1322 3626 '0
1347 3571 1504 3638 ἇγιος
1537 3573 1789 3636 Λεόντιος
1823 3573 1908 3626 λέ-

319 3683 408 3733 γει
437 3683 452 3697 ⁶
487 3666 624 3729 Ζεὺς
673 3660 765 3717 οὖν
824 3664 944 3727 θεός
1005 3664 1196 3730 ἑστιν;
1257 3663 1464 3726 Λυσίας
1511 3659 1702 3716 εἶπεν
1749 3666 1906 3728 Οὐαὶ,

320 3759 605 3829 ἔμμάνης,
642 3756 900 3826 ἄνθρωπε
935 3753 1297 3824 βλασφημῶν·
1338 3755 1502 3817 αύτός
1537 3756 1686 3827 ἐστιν
1717 3758 1745 3809 6
1773 3774 1909 3828 κρα-

319 3850 430 3902 τῶν
465 3852 594 3910 τοὺς
633 3849 925 3917 οὖρα-νοις,
963 3847 1146 3915 πατὴρ
1179 3845 1392 3915 ἀνδρῶν
1429 3863 1487 3899 τε
1527 3849 1619 3899 καὶ
1650 3848 1806 3900 θεῶν.
1851 3847 1908 3901 '0

321 3947 480 4013 ᾰγιος
539 3945 794 4005 Λεόντιος
844 3941 996 4008 λέγει
1025 3959 1037 3972 ~
1072 3941 1132 3992 Et
1179 3937 1273 3994 οὖν
1317 3939 1439 4003 θεός
1498 3943 1648 3994 ἐστιν
1700 3945 1727 3995 ό
1771 3943 1908 4006 Ζεὺς

321 4040 568 4102 πάντως,
604 4038 687 4090 ὅτι
721 4036 815 4087 καὶ
847 4034 1067 4103 ἰσχυρός
1102 4036 1270 4097 ἐστιν,
1305 4036 1398 4084 καὶ
1431 4033 1586 4101 ὑμῶν
1617 4036 1724 4086 τῶν
1762 4034 1906 4087 ἐκδί-

319 4148 434 4183 κων
468 4128 529 4181 οὐ
556 4126 754 4197 χρῄζει
781 4125 1153 4193 ἀσεϐούμενος
1178 4140 1190 4153 ·
1230 4125 1448 4188 πάντως
1477 4125 1534 4176 δὲ
1574 4127 1666 4178 καὶ
1699 4125 1908 4188 δίκαιός

317 4226 460 4286 ἐστι,
525 4223 620 4274 καὶ
682 4217 1092 4288 μισοπόνηρος,
1147 4215 1326 4281 μισῶν
1400 4217 1669 4287 μοιχείαν,
1735 4215 1907 4286 μισῶν

319 4296 606 4385 πορνείαν,
677 4309 853 4380 μισῶν
902 4306 1317 4379 άρῤητοποιίαν,
1378 4307 1552 4376 μισῶν
1608 4309 1909 4378 ἀδελφογα-

320 4409 480 4478 μίαν,
509 4402 685 4475 μισῶν
717 4401 1012 4471 πολέμους,
1055 4399 1148 4453 καὶ
1179 4398 1354 4468 φιλῶν
1403 4401 1652 4471 εἰρήνην,
1698 4400 1757 4453 '0
1800 4402 1907 4471 γὰρ

318 4505 453 4563 Θεὸς
501 4497 712 4568 ὀφείλει
764 4494 971 4555 τέλειος
1004 4487 1169 4557 εἶναι,
1199 4493 1294 4546 καὶ
1323 4494 1654 4565 ἀπροσδεὴς,
1691 4496 1781 4548 καὶ
1809 4495 1906 4547 ἀν-

2022 630 2232 685 stiauos
2259 646 2316 684 se
2342 631 2661 685 dictitantes
2694 632 2842 685 ultro
2863 632 2930 686 ad
2982 631 3198 703 Lysiam
3222 643 3600 689 accesserunt.

2019 721 2120 788 Qui
2151 723 2315 776 talem
2349 722 2558 776 invitis
2584 725 2988 794 contemplatus
3011 725 3177 778 animi
3216 724 3598 780 celsitudinem

2018 822 2398 883 percontatus,
2421 813 2545 870 illos
2573 823 2679 875 est,
2714 813 2907 870 dicens
2933 833 2945 868 :
2968 815 3191 886 Cujates
3219 819 3376 880 estis,
3395 825 3451 870 et
3476 816 3602 886 quis

2017 915 2213 960 auctor
2239 905 2400 960 vobis
2425 914 2529 969 est,
2564 921 2632 960 ne
2661 907 2870 960 cultum
2915 917 3010 962 aut
3061 908 3393 962 sacriﬁcium
3445 908 3600 964 defe-

2017 993 2152 1048 ratis
2186 995 2290 1048 diis
2314 995 2667 1051 caelestibus?
2698 995 2800 1050 Cui
2856 1006 3080 1051 sanctus
3108 997 3372 1054 Leontius
3414 1017 3428 1053 :
3465 999 3600 1053 0m-

2017 1097 2116 1138 ues
2149 1098 2252 1138 nos
2303 1082 2605 1140 Christiani
2659 1101 2872 1154 sumus,
2909 1098 2967 1142 et
2999 1103 3103 1143 nos
3146 1090 3369 1157 quidem
3407 1090 3599 1144 urbem

2017 1173 2160 1228 hanc
2182 1175 2498 1241 incolimus,
2519 1176 2596 1232 illi
2622 1193 2752 1232 vero
2771 1194 2800 1231 e
2832 1179 3074 1248 regione,
3100 1197 3220 1250 quae
3241 1182 3362 1236 urbi
3385 1183 3596 1245 subest,

2016 1267 2383 1324 advenerunt.
2425 1269 2489 1321 Et
2522 1269 2697 1338 patria
2728 1271 2949 1339 quidem
2995 1275 3273 1329 terrestris
3315 1276 3476 1330 nobis
3509 1292 3598 1332 ea-

2014 1357 2138 1412 dem
2175 1367 2278 1425 cst,
2314 1359 2476 1413 Pater
2519 1376 2651 1415 vero
2685 1362 2925 1418 caelestis
2955 1363 3238 1432 Christus;
3287 1377 3451 1436 atque
3508 1369 3598 1423 hic

2013 1461 2118 1517 est,
2141 1453 2235 1522 qui
2267 1469 2368 1509 nos
2391 1454 2598 1521 docuit,
2630 1465 2686 1512 et
2714 1457 2990 1526 persuasit
3014 1461 3148 1515 deos
3173 1471 3356 1516 mutos
3400 1478 3462 1516 ac
3496 1479 3600 1517 ete-

2013 1560 2108 1599 cos
2135 1560 2246 1600 non
2279 1545 2485 1613 colere,
2513 1563 2620 1604 nec
2647 1565 2814 1620 opera
2871 1567 3134 1606 manuum
3170 1553 3456 1609 hominum
3493 1556 3598 1610 ad-

2013 1655 2192 1699 orare.

2089 1909 2351 1966 Ill.Dixit
2377 1910 2569 1983 Lysias
2607 1913 2880 1969 :Ubinam
2932 1923 3016 1968 est
3082 1914 3374 1969 Christus?
3420 1915 3596 1970 Num-

2014 2002 2146 2071 quid
2164 2005 2314 2057 cruci
2336 2003 2535 2060 afﬁxus
2550 2013 2603 2059 et
2620 2015 2871 2059 mortuus
2898 2005 3020 2060 est?
3043 2006 3144 2060 Cui
3168 2015 3392 2062 sanctus
3416 2007 3595 2063 Leon-

2014 2093 2164 2147 tius:
2203 2093 2322 2149 Non
2353 2095 2532 2149 solum
2562 2096 2690 2150 audi
2737 2106 3016 2151 mortuum
3042 2113 3184 2164 esse,
3247 2099 3343 2153 sed
3401 2116 3596 2155 resur-

2012 2185 2221 2241 rexisse
2250 2187 2562 2253 considera,
2599 2197 2656 2243 et
2708 2190 2895 2244 vivere
2959 2190 3016 2243 in
3059 2191 3246 2254 cmlis;
3305 2191 3400 2245 sed
3445 2192 3592 2245 enim

2013 2291 2268 2335 mortuus
2288 2289 2373 2334 est
2408 2281 2589 2335 libens
2614 2289 2840 2350 prapter
2871 2297 2992 2347 nos,
3018 2291 3072 2336 ct
3121 2282 3320 2336 iterum
3349 2298 3598 2338 resurre-

2012 2370 2112 2435 xit,
2170 2381 2427 2440 tanquam
2475 2374 2746 2427 exsistens
2784 2373 2954 2428 Filius
3005 2375 3121 2428 Dei.
3169 2375 3316 2428 Dixit
3359 2376 3593 2446 Lysias:

2012 2464 2220 2534 Nempe
2249 2465 2416 2518 etiam
2451 2480 2598 2518 nunc
2629 2465 2806 2519 vivit?
2835 2467 2931 2520 Cui
2964 2475 3186 2522 sanctus
3225 2467 3488 2521 Leontius
3514 2487 3525 2522 :
3550 2466 3595 2522 Ο

2012 2555 2194 2628 Lysia,
2223 2557 2298 2612 dii
2326 2556 2526 2619 vestri,
2556 2566 2848 2627 postquam
2901 2559 3104 2612 mortui
3143 2570 3295 2626 sunt,
3360 2576 3468 2613 non
3515 2561 3597 2613 vi-

2014 2658 2151 2703 vunt
2175 2665 2188 2713 ;
2215 2659 2270 2703 at
2299 2665 2429 2703 vero
2459 2650 2724 2704 Dominus
2754 2658 2941 2705 noster
2967 2665 3031 2704 ac
3055 2650 3222 2714 Deus,
3248 2651 3342 2720 qui
3369 2651 3595 2706 dextera

2012 2756 2109 2795 sua
2136 2741 2408 2811 gubernat
2441 2742 2650 2805 omnia,
2687 2743 2913 2808 caelum,
2947 2751 3172 2807 terram,
3207 2759 3356 2796 mare
3384 2753 3440 2797 et
3487 2743 3595 2798 ho-

2012 2835 2190 2889 mines
2223 2849 2437 2898 omncs,
2465 2851 2564 2904 pro
2595 2835 2774 2899 nobis,
2842 2844 3096 2890 mortuus
3126 2846 3230 2900 est,
3288 2845 3342 2888 ut
3379 2852 3478 2889 uos
3527 2851 3595 2890 ex

2011 2923 2286 2979 idolorum
2318 2925 2468 2979 cultu
2499 2925 2834 2980 extraheret.
2889 2926 3036 2979 Vivit
3073 2926 3140 2989 is,
3189 2927 3453 2979 etdocuit
3493 2941 3594 2980 nos

2010 3032 2114 3088 pro
2142 3033 2200 3072 se
2231 3018 2394 3083 mori,
2424 3028 2484 3073 ut
2516 3018 2742 3082 mortui,
2790 3033 2916 3072 cum
2969 3018 3062 3071 illo
3124 3017 3391 3072 vivamus.
3451 3017 3593 3072 Dixit

2010 3107 2204 3180 Lysias
2247 3125 2261 3161 ι
2306 3108 2500 3164 Nonne
2536 3108 2828 3163 duodecim
2859 3109 2936 3162 dii
2962 3110 3216 3164 cmlestes
3253 3111 3415 3164 sunt?
3449 3110 3593 3176 Qua-

2012 3200 2122 3255 lem
2153 3217 2284 3273 ergo
2309 3211 2365 3256 tu
2384 3201 2553 3256 alium
2591 3202 2732 3256 dicis
2758 3201 2954 3269 Deum,
2995 3203 3088 3272 qui
3130 3201 3260 3256 fecit
3291 3203 3491 3257 malum
3539 3211 3596 3256 et

2018 3304 2218 3348 terram
2253 3303 2311 3348 et
2341 3292 2529 3348 mare?
2565 3293 2800 3350 Sanetus
2834 3292 3099 3349 Leontius
3144 3295 3321 3348 dixit:
3359 3295 3595 3359 Quinam

2012 3387 2089 3440 dii
2122 3386 2286 3441 vestri
2311 3385 2483 3440 sunt?
2514 3385 2704 3456 Lysias
2731 3385 2902 3440 dixit:
2939 3388 3169 3456 lnsuper
3195 3396 3250 3440 et
3291 3387 3486 3456 Apollo
3539 3396 3597 3441 et

2009 3477 2382 3548 Esculapius,
2402 3476 2628 3547 aliique,
2649 3494 2790 3549 quos
2811 3477 2962 3532 orbis
2976 3479 3107 3532 colit
3127 3478 3438 3532 universus.
3461 3478 3598 3532 San-

2011 3581 2134 3626 ctus
2161 3572 2426 3625 Leontius
2457 3571 2598 3625 dixit
2633 3589 2645 3624 :
2674 3571 2890 3640 Jupiter
2916 3586 3048 3640 ergo
3084 3571 3230 3626 Deus
3255 3572 3376 3624 est?
3405 3569 3596 3641 Lysias

2011 3666 2186 3721 dixit:
2213 3666 2354 3719 Vah!
2392 3665 2620 3730 insanis,
2649 3665 2814 3718 homo
2841 3665 3160 3734 blaspheme
3189 3683 3200 3719 :
3230 3665 3348 3732 ipse
3368 3673 3472 3726 est,
3499 3663 3594 3732 qui

2011 3761 2184 3814 caelos
2211 3768 2380 3819 tenet,
2412 3757 2812 3826 hominumque
2846 3767 2998 3827 pater
3050 3766 3104 3811 et
3136 3757 3388 3811 deorum.
3455 3756 3594 3811 San-

2009 3863 2131 3908 ctus
2159 3853 2422 3907 Leontius
2441 3852 2616 3906 dixit:
2654 3850 2708 3904 Si
2733 3851 2899 3921 igitur
2923 3849 3060 3903 deus
3090 3860 3173 3904 cst
3195 3851 3434 3918 Jupiter,
3464 3849 3593 3918 quia

2010 3946 2237 4000 omnino
2269 3945 2550 4015 fortisLest,
2577 3943 2735 3998 vobis
2765 3943 3172 4005 defensoribus,
3206 3941 3426 4011 quando
3453 3942 3592 4009 inju-

2010 4040 2095 4092 ria
2128 4039 2371 4104 lzeditur,
2403 4054 2513 4093 non
2543 4039 2785 4108 indiget;
2822 4038 3246 4105 omninojustus
3270 4044 3356 4090 est
3384 4045 3439 4089 et
3464 4035 3594 4088 mali

2009 4147 2159 4196 osor,
2193 4147 2320 4186 osor
2348 4132 2751 4195 fornicationis,
2809 4145 2938 4186 osor
2983 4128 3263 4194 adulterii,
3317 4143 3448 4183 osor
3491 4129 3591 4182 oh-

2011 4227 2299 4281 scenitatis
2333 4224 2605 4290 nefanda,
2662 4240 2791 4278 osor
2824 4224 3092 4287 incestus,
3133 4238 3260 4277 osor
3321 4223 3590 4277 bellorum

2009 4330 2065 4375 et
2087 4335 2278 4375 amans
2308 4319 2476 4389 pacis.
2512 4318 2728 4372 Etenim
2762 4319 2906 4372 Deus
2936 4317 3214 4386 perfectus
3247 4317 3318 4371 sit
3351 4326 3591 4386 oportet,

2009 4413 2383 4483 egestatisque
2438 4425 2504 4466 ac
2558 4411 2767 4480 peccati
2827 4425 3065 4480 expers:
3133 4424 3258 4463 nam
3298 4410 3343 4464 si
3404 4417 3591 4479 peccat

2009 4510 2148 4562 deus
2179 4514 2380 4568 vester,
2413 4514 2670 4574 peccatur
2691 4514 2810 4570 est;
2835 4513 2889 4558 et
2937 4503 3048 4558 Deo
3075 4512 3198 4573 eget
3247 4504 3418 4559 altero
3469 4515 3594 4572 pec»

319 4596 666 4664 αμάρτητος.
717 4589 844 4642 Ἐὰν
894 4588 1003 4657 γὰρ
1049 4585 1273 4658 ἁμάρτῃ
1313 4587 1342 4637 6
1379 4585 1497 4647 θεὸς
1527 4586 1702 4655 ὑμῶν,
1751 4587 1902 4640 ἐστὶν

2015 4616 2135 4658 care
2167 4598 2374 4663 nescio,
2413 4598 2480 4651 ad
2517 4597 2958 4652 emendationem
2987 4610 3166 4649 suam.

322 4686 672 4757 ἁμαρτωλὸς,
698 4683 789 4735 καὶ
815 4681 978 4737 άλλου
1005 4679 1141 4733 Θεοῦ
1166 4679 1352 4749 χρείαν
1380 4678 1494 4749 ἔχει
1517 4679 1904 4749 άναμαρτήτου

322 4784 395 4843 εἰς
427 4778 722 4847 διόρθωσιν
751 4773 965 4826 ἑαυτοῦ.

388 4876 463 4927 Δ’.
496 4871 709 4931 Λυσίας
738 4863 893 4920 εἶπεν
914 4882 930 4897 ο
960 4865 1031 4919 Σὺ
1083 4861 1137 4919 εἴ
1163 4866 1191 4918 6
1222 4863 1461 4930 δικάζων
1497 4864 1566 4920 τὰ
1595 4864 1707 4918 τῶν
1742 4864 1905 4932 θεῶν,

321 4963 469 5035 κακὴ
497 4961 744 5030 κεφαλὶμ
775 4959 868 5011 M1
901 4959 1000 5026 τὴν
1033 4956 1310 5028 σωτηρίαν
1341 4954 1449 5007 τῶν
1482 4954 1644 5024 θεῶν,
1684 4955 1780 5010 καὶ
1807 4956 1908 5027 τὴν

317 5057 484 5126 ἐμὴν,
511 5053 701 5115 κακῶς
731 5051 984 5104 ἀπολέσω
1017 5039 1204 5120 ὑμᾶς.’
1233 5050 1291 5101 ὐ
1339 5048 1496 5117 ἆγιος
1529 5048 1783 5111 Λεόντιος
1818 5049 1906 5100 λέ-

318 5166 443 5216 γει·
497 5147 593 5216 Μὴ
656 5144 956 5212 ἀγανάκτει
1013 5144 1111 5209 τὴν
1170 5140 1432 5211 ἀλήθειαν
1481 5142 1735 5195 ἀκούων·
1793 5143 1907 5205 τοῖς

317 5239 634 5310 ἀνθρώποις
661 5239 797 5290 πᾶσι
832 5236 988 5305 νόμοι
1040 5235 1334 5299 τέθεινται,
1365 5235 1413 5289 οἱ
1449 5235 1548 5304 μὲν
1590 5233 1822 5301 λογικοὶ,
1856 5234 1906 5286 ol.

317 5333 372 5386 δὲ
423 5333 675 5400 φυσικοὶ,
731 5331 808 5392 ὡς
857 5331 918 5382 οὐ
969 5327 1075 5399 χρὴ
1121 5326 1410 5399 ἄνθρωπον
1445 5327 1732 5396 ἀλλοτρίαν
1762 5326 1906 5396 ἔχειν

317 5428 578 5495 γυναῖκα,
607 5423 732 5477 οὔτε
757 5421 1180 5491 άδελφογαμεῖν,
1211 5419 1332 5472 οὔτε
1359 5420 1632 5488 πολέμους
1661 5421 1906 5490 ἀγαπᾷν,

319 5523 412 5574 καὶ
445 5520 728 5591 προξενεῖν
756 5515 982 5587 ὄλεθρον
1015 5517 1128 5578 τοῖς
1155 5513 1492 5582 ἀνθρώποις.
1521 5514 1691 5582 Εἴπερ
1726 5512 1908 5580 σωτῆ-

322 5630 421 5685 ρας
467 5614 667 5673 αὐτοὺς
716 5609 930 5670 καλεῖς,
962 5605 1195 5675 ὤφειλον
1219 5605 1423 5674 μᾶλλον
1455 5607 1518 5656 ὲκ
1549 5605 1644 5674 τῆς
1682 5605 1907 5673 εὶρήνης

318 5708 535 5773 σώζειν,
581 5709 675 5760 καὶ
708 5700 1127 5772 περιποιεῖσθαι
1155 5701 1280 5764 τοὺς
1311 5698 1658 5768 σεϐομένους.
1698 5698 1758 5750 Ei
1781 5697 1836 5749 δὲ
1879 5699 1907 5750 6

315 5805 436 5865 θεὸς
487 5803 642 5873 ὑμῶν
681 5797 919 5852 τοιαῦτα
967 5793 1382 5864 διαπράττεται,
1417 5790 1663 5850 καὶτοὺς
1699 5789 1910 5860 ἀνθρώ-

317 5916 445 5962 πους
475 5898 724 5954 πεισάτω
753 5891 923 5945 λῦσαι
955 5889 1079 5950 τοὺς
1116 5887 1314 5956 νόμους
1341 5903 1353 5916 ·
1384 5887 1417 5956 ἦ
1446 5886 1539 5937 καὶ
1578 5883 1653 5946 ὡς
1696 5885 1905 5955 ἀν’)ρω‹

2079 4867 2166 4922 lV.
2205 4865 2393 4938 Lysias
2417 4864 2555 4920 dixit
2589 4882 2601 4916 :
2630 4863 2709 4917 Tu
2758 4877 2980 4917 causam
3037 4861 3178 4918 dicis
3225 4878 3421 4918 eorum
3467 4879 3590 4934 qua:

2009 4959 2076 5014 ad
2112 4959 2248 5014 deos
2273 4959 2530 5020 attinent,
2591 4954 2792 5008 malum
2857 4952 3064 5024 caput?
3097 4954 3198 5009 Per
3253 4955 3484 5010 deorum
3533 4968 3590 5011 et

2009 5066 2189 5106 meam
2223 5052 2481 5114 salutem,
2523 5048 2664 5102 male
2694 5063 2789 5102 vos
2823 5047 3069 5116 perdam.
3126 5047 3360 5103 Sanctus
3411 5048 3590 5104 Leon-

2011 5145 2122 5200 tius
2149 5145 2286 5201 dicit
2321 5164 2336 5199 :
2365 5145 2444 5200 Ne
2466 5144 2686 5214 indigne
2725 5143 2872 5197 feras
2911 5141 3105 5199 audire
3135 5143 3448 5201 veritatem.
3482 5145 3592 5200 llo-

2010 5237 2257 5291 minibus
2292 5236 2551 5292 omnibus
2587 5246 2693 5290 tam
2719 5234 2861 5287 ratio
2911 5249 3076 5304 quam
3109 5244 3304 5290 natura
3338 5238 3588 5304 pnescri—

2009 5329 2310 5398 psitleges,
2341 5343 2453 5382 nou
2484 5341 2606 5382 esse
2635 5341 2753 5394 par,
2803 5333 2866 5380 ut
2908 5325 3075 5378 homo
3131 5327 3364 5381 alienam
3393 5327 3592 5382 habeat

2011 5436 2265 5488 uxorem,
2299 5430 2469 5490 utque
2499 5420 2810 5474 committat
2843 5418 3140 5483 incestum,
3167 5428 3261 5474 aut
3287 5419 3424 5474 bella
3459 5419 3590 5474 dili-

2009 5517 2238 5582 gat,_aut
2261 5509 2582 5562 hominibus
2613 5507 2913 5577 perniciem
2944 5506 3165 5561 inferat.
3211 5505 3269 5561 Si
3300 5522 3398 5562 eos
3429 5523 3592 5563 vocas

2009 5605 2394 5674 sospitatores,
2423 5601 2695 5657 deberent
2721 5601 2906 5671 potius
2929 5617 2995 5656 ex
3027 5615 3159 5670 pace
3190 5617 3408 5656 servare
3433 5609 3489 5655 et
3521 5601 3591 5656 de

2010 5698 2320 5752 cultoribus
2341 5697 2457 5751 suis
2490 5695 2628 5749 bene
2661 5696 2881 5750 mereri.
2911 5694 2966 5749 Si
2990 5695 3128 5750 deus
3153 5703 3335 5749 vester
3366 5696 3469 5748 ista
3502 5693 3591 5748 fa-

2012 5793 2109 5856 cit,
2168 5791 2403 5845 suadeat
2442 5789 2766 5843 homiuibus
2814 5790 3028 5844 solvere
3085 5789 3263 5858 leges;
3304 5788 3388 5843 vel
3446 5787 3592 5843 sicut

2013 5883 2199 5950 homo,
2235 5883 2371 5938 deus
2397 5891 2578 5956 vester
2612 5889 2754 5950 agat,
2792 5891 2848 5936 et
2878 5881 3128 5936 homines
3161 5881 3428 5935 imitetur.
3455 5879 3589 5935 Nam
