3994 6444
402 443 508 505 327

1736 427 2029 490 MENSIS
2063 426 2364 490 IULIUS.

3562 416 3677 481 323

400 563 448 617 si
480 559 583 625 illi,
616 557 708 629 qui
747 555 957 612 faciunt
986 570 1050 610 ea
1081 568 1204 625 quae
1232 552 1321 608 lex
1353 566 1462 607 non
1482 549 1659 623 jubet,
1710 543 1976 619 praevari-

2096 562 2183 609 τος
2235 542 2524 615 πραττέτω
2577 541 2605 594 ό
2649 539 2772 603 θεὸς
2803 538 2981 609 ὑμῶν,
3014 536 3110 591 καὶ
3158 534 3497 608 μιμησάσθω
3541 537 3677 600 τοὺς

397 664 613 709 eatores
655 651 953 715 dicuntur,
1006 661 1335 717 summoque
1374 643 1649 715 supplicio
1690 653 1747 698 et
1801 648 1976 696 morte

398 748 516 817 ipsa
563 743 715 815 digni
761 752 921 810 sunt;
972 741 1050 797 dii
1099 740 1268 795 vestri
1319 737 1771 809 praevaricatores
1826 732 1976 803 quali

395 839 618 895 tandem
671 837 865 891 mortis
900 848 1102 905 genere
1140 841 1270 887 sunt
1302 828 1492 900 digni?
1520 827 1785 882 Homines
1820 825 1979 879 novi-

397 946 520 985 nms
556 930 648 998 qui
699 928 769 983 ab
824 927 946 981 istis
982 940 1043 980 se
1089 923 1371 995 spurcitiis
1424 921 1853 982 continuerunt;
1922 925 1980 972 et

392 1023 526 1096 justi
559 1021 928 1092 appellantur.
947 1016 1236 1072 libidinem
1264 1023 1603 1068 aversantes.
1630 1010 1772 1083 Ergo
1802 1008 1981 1064 homi-

398 1132 499 1171 nes
523 1114 876 1169 continentes
911 1110 1019 1165 diis
1067 1107 1545 1163 incontinentibus
1574 1103 1980 1175 praestantiores

398 1218 548 1263 sunt.
580 1206 639 1262 Si
681 1222 792 1261 non
825 1204 901 1258 ita
932 1219 1023 1258 res
1058 1218 1115 1258 se
1162 1200 1348 1265 habet,
1401 1200 1497 1255 sed
1543 1199 1684 1254 male
1720 1197 1855 1261 dixi,
1898 1207 1978 1252 te-

396 1299 717 1354 stimonium
751 1296 885 1350 mihi
917 1294 1169 1366 perhibe.
1198 1292 1388 1362 Neque
1439 1292 1587 1346 enim
1634 1291 1775 1344 male
1827 1288 1976 1354 dixi;

396 1409 522 1447 nam
558 1391 633 1445 dii
667 1407 777 1446 non
808 1398 958 1454 sunt,
991 1388 1084 1458 qui
1116 1399 1362 1452 servant,
1389 1386 1482 1441 sed
1521 1384 1743 1455 pessimi
1775 1383 1982 1437 damno-

396 1500 513 1549 nes,
543 1483 740 1537 animis
770 1482 1070 1553 perniciem
1098 1480 1413 1534 afferentes.

469 1668 535 1723 γ.
559 1665 796 1722 Sanctus
820 1666 1011 1721 Daniel
1044 1666 1182 1720 dicit
1205 1673 1396 1720 sancto
1428 1662 1660 1718 Leontio
1685 1678 1699 1717 :
1721 1661 1869 1717 Belle
1899 1659 1982 1716 di-

399 1760 547 1825 xisti,
565 1760 747 1826 Pater,
779 1768 833 1814 et
853 1759 1014 1813 nobis
1040 1759 1299 1814 omnibus
1316 1758 1529 1812 animos
1552 1755 1835 1811 addidisti.
1866 1755 1983 1809 Dux

397 1849 578 1905 dixit:
620 1849 818 1903 Malum
848 1858 1034 1916 caput,
1077 1856 1134 1903 et
1185 1847 1334 1902 omni
1386 1847 1666 1902 dementia
1718 1846 1979 1915 plenum;

2093 638 2423 707 ἀνθρώπους
2445 650 2460 664 ’
2491 634 2541 687 εί
2567 632 2677 703 γὰρ
2697 634 2746 686 οἱ
2772 631 3106 702 πράττοντες
3133 628 3169 684 ἃ
3200 628 3275 701 μὴ
3317 630 3346 682 ό
3377 629 3548 699 νόμος
3577 645 3678 682 κε-

2090 730 2263 791 λεύει,
2301 728 2619 800 παράνομοι
2653 726 2925 794 λέγονται,
2959 723 3055 777 καὶ
3077 721 3353 794 τιμωρίας
3377 723 3673 793 μεγίστης,

2089 824 2188 877 καὶ
2224 823 2459 876 Θανάτου
2494 818 2637 885 ἄξιοί
2660 819 2799 872 εἰσιν
2825 858 2841 884 ,
2883 818 2933 871 οἱ
2963 815 3077 869 θεοὶ
3104 815 3261 886 ὑμῶν
3290 813 3684 886 παρανομοῦν-

2088 929 2179 975 τες
2240 911 2422 965 πόσων
2454 909 2703 964 θανάτων
2748 906 2893 972 ἄξιοί
2945 904 3124 959 εἰσινί
3165 905 3404 973 Οἴδαμεν
3457 903 3685 976 ἀνθρὼ-

2090 1023 2228 1068 πους
2262 1003 2776 1075 ὲγκρατευομένους
2793 1000 2903 1055 ἀπὸ
2926 1000 3039 1053 τῶν
3065 997 3424 1069 ἀκαθαρσιῶν
3440 996 3679 1059 τούτων,

2094 1098 2193 1152 καὶ⁵
2225 1098 2475 1166 λέγονται
2503 1096 2724 1160 δίκαιοι,
2757 1093 3164 1165 φυλασσόμενοι
3194 1091 3303 1146 ἀπὸ
3340 1089 3632 1158 ἀσελγείας
3655 1103 3675 1118 ⁸

2090 1189 2290 1245 οὐκοῦν
2321 1190 2369 1242 οί
2404 1188 2697 1259 ἐγκρατεῖς
2739 1186 3023 1256 ἄνθρωποι
3065 1182 3177 1236 τῶν
3230 1180 3371 1234 θεῶν
3413 1178 3681 1251 ἀκρατῶν

2090 1282 2399 1353 κρείττονες
2431 1283 2559 1335 εἱσι.
2615 1280 2679 1333 El
2705 1279 2763 1333 δὲ
2793 1279 2894 1332 οὐκ
2940 1276 3054 1348 ἔχει
3094 1274 3293 1339 οὕτως,
3325 1272 3462 1327 ἀλλά
3483 1272 3685 1335 κακῶς

2091 1373 2269 1440 εἶπον,
2320 1362 2679 1445 μαρτύρτίσόν
2712 1388 2840 1443 μοι’
2888 1371 2988 1425 οὐκ
3018 1364 3175 1423 εἷπον
3204 1368 3313 1437 γὰρ
3345 1365 3554 1431 κακῶς,
3590 1366 3684 1419 ὅτι

2089 1470 2189 1521 οὐκ
2226 1470 2333 1521 sint
2386 1469 2501 1521 θεοὶ
2551 1467 2819 1532 σώζοντες
2855 1508 2871 1534 ,
2906 1464 3044 1518 ἀλλὰ
3088 1462 3343 1532 δαίμονες
3395 1461 3682 1521 κάκιστοι,

2090 1562 2473 1631 ὀλοθρεύοντες
2494 1558 2692 1629 ψυχάς.

2164 1649 2238 1705 ιε’.
2289 1650 2347 1703 Ὀ
2379 1651 2533 1720 am;
2560 1648 2757 1720 Δανιὴλ
2795 1648 2942 1717 λέγει
2969 1646 3046 1717 τῷ
3084 1646 3226 1716 ἁγίῳ
3256 1641 3492 1711 Λεοντίῳ
3516 1655 3530 1671 ·
3559 1642 3683 1695 Κα-

2091 1744 2200 1808 λῶς
2224 1740 2411 1808 εἶπας,
2450 1742 2655 1813 Πάτερ,
2675 1742 2771 1794 καὶ
2802 1742 3015 1802 Πάντας
3037 1741 3188 1810 ἡμᾶς
3218 1737 3682 1813 ἐπαρεθάρῤυνας.

2107 1837 2163 1892 '0
2194 1836 2321 1901 δοὺξ
2361 1831 2548 1890 εἷπενι
2579 1834 2740 1903 Κακὴ
2766 1831 2998 1904 κεφαλὴ.
3055 1832 3149 1884 καὶ
3198 1832 3379 1899 πάσης
3415 1827 3689 1889 ἀπονοίας

398 1958 582 1998 nonne
614 1943 759 1997 Deus
780 1952 986 2007 vester,
1025 1951 1283 2011 tanquam
1313 1940 1594 1995 maleficus
1615 1939 1764 1994 cruci
1787 1937 1984 1995 afﬁxus

2096 1928 2529 2000 πεπληρωμένη,
2577 1926 2702 1997 οὐχὶ
2756 1925 2786 1978 ό
2840 1924 2972 1987 Θεὸς
3019 1921 3176 1992 ὑμῶν
3226 1919 3548 1990 ἐσταυρώθη
3600 1917 3688 1982 ὡς

397 2033 729 2102 est;ecquis
788 2041 971 2087 autem
1018 2033 1250 2087 deorum
1310 2041 1630 2085 nostrorum
1657 2029 1852 2084 afﬁxus
1900 2036 1986 2085 est

398 2124 590 2182 cruci?
618 2125 855 2180 Sanctus
904 2123 1170 2177 Leontius
1189 2124 1323 2177 dicit
1352 2141 1366 2177 :
1414 2123 1560 2177 Deus
1610 2132 1802 2177 noster
1831 2122 1983 2177 cruci

399 2217 596 2273 affixus
619 2225 741 2283 est;
767 2217 902 2286 quin
934 2215 1045 2270 imo
1079 2216 1134 2269 in
1164 2230 1327 2269 cruce
1358 2215 1479 2285 ejus
1498 2214 1821 2286 gloriamur,
1854 2230 1989 2269 con-

399 2320 482 2365 tra
508 2326 670 2380 quam
695 2309 768 2364 dii
792 2309 958 2365 vestri
993 2308 1127 2363 nihil
1161 2308 1462 2378 quidquam
1493 2308 1704 2361 valent.
1732 2305 1988 2362 Christus

400 2404 547 2459 enim
573 2404 767 2459 volens
797 2401 1076 2456 hominem
1102 2417 1327 2457 servare
1352 2419 1381 2455 a
1416 2402 1529 2463 tali,
1569 2417 1691 2471 qua:
1734 2401 1988 2455 invaluc-

400 2504 506 2557 rat,
538 2493 847 2562 impietate,
882 2492 1196 2546 voluntarie
1238 2506 1297 2546 se
1335 2491 1562 2546 tradidit
1590 2490 1817 2554 Judmis,
1872 2490 1990 2548 ba'c

398 2603 499 2657 per
530 2585 829 2656 prophetas
861 2585 1218 2649 vaticinatus,
1254 2595 1314 2639 ut
1347 2586 1632 2654 antiquam
1676 2585 1840 2652 primi
1885 2584 1989 2637 ho-

399 2679 567 2733 minis
595 2678 1103 2748 prmvaricationcm
1136 2693 1236 2747 per
1265 2691 1488 2731 crucem
1523 2676 1781 2741 solveret,
1815 2676 1880 2730 ad
1910 2676 1993 2730 in-

401 2772 619 2827 ternum
648 2770 1033 2834 descenderet,
1062 2786 1188 2825 eum
1216 2773 1478 2840 aperiret,
1540 2772 1756 2826 animas
1797 2772 1992 2826 libera-

403 2871 590 2922 ret,et
638 2863 1105 2915 resurrectionem
1157 2861 1319 2914 nobis
1367 2863 1619 2917 donaret.
1679 2861 1762 2915 Dii
1805 2870 1988 2917 autem

401 2956 600 3019 vestri,
631 2954 848 3024 Jupiter
878 2954 1101 3024 quidem
1131 2964 1354 3024 pmpter
1381 2955 1655 3009 luxuriam
1692 2954 1873 3010 factus
1908 2964 1993 3011 est

406 3060 631 3118 Cygnus,
663 3055 851 3102 taurus
878 3062 941 3100 ac
974 3062 1224 3116 serpens.
1257 3046 1670 3119 Quidnamergo
1704 3048 1995 3105 amabilius

406 3151 512 3203 est,
545 3141 812 3205 Deumne,
838 3150 1127 3210 postquam
1162 3140 1348 3205 homo,
1383 3156 1547 3210 quem
1590 3141 1817 3206 fecerat,
1850 3142 1990 3196 mala

407 3248 507 3287 sua
544 3233 825 3287 voluntate
850 3231 1111 3302 perierat,
1141 3231 1408 3297 Deumne,
1442 3230 1689 3303 inquam,
1732 3248 1832 3303 pro
1875 3233 1993 3303 ipso

407 3325 548 3380 mori
576 3333 632 3379 et
651 3333 1131 3394 resurgere,at.jue
1158 3324 1498 3394 huncipsurn
1519 3324 1682 3377 simul
1705 3338 1991 3393 resurgere

407 3417 845 3473 misericordiam
888 3426 1286 3481 consecutum;
1338 3431 1405 3469 an
1459 3418 1529 3469 ob
1567 3415 1842 3469 luxuriam
1871 3415 1991 3469 fieri

406 3508 679 3562 ciconiam
703 3517 758 3563 et
791 3521 984 3577 repere
1016 3506 1089 3560 ob
1122 3505 1439 3560 libidinem?
1479 3504 1742 3561 Similiter
1768 3519 1990 3575 quoque

406 3600 639 3669 Apollo,
682 3600 821 3655 deus
870 3607 1079 3665 vester,
1111 3597 1339 3653 fulmine
1391 3599 1577 3668 periit,
1612 3598 1754 3653 utin
1785 3597 1990 3652 fabulis

412 3693 609 3749 vestris
636 3692 691 3747 in
742 3708 963 3749 scenam
992 3692 1178 3747 datur.
1226 3690 1576 3761 Esculapius
1608 3707 1739 3746 vero
1774 3704 1831 3746 et
1853 3690 1993 3745 iler-

412 3782 559 3838 cules
584 3783 815 3839 fulmine
843 3783 1032 3839 itidem
1071 3783 1166 3838 icti
1200 3794 1252 3838 et
1285 3784 1406 3853 igne
1429 3782 1641 3837 etelesti
1674 3781 1986 3851 consumpti

411 3876 671 3943 fuerunt;
705 3892 813 3931 non
864 3862 1012 3931 enim
1065 3876 1142 3930 dii
1188 3884 1369 3939 erant,
1419 3874 1516 3931 sed
1560 3876 1911 3946 impostores.

2089 2022 2430 2092 κακοῦργοςς
2464 2021 2547 2083 τίς
2582 2019 2640 2073 δὲ
2668 2017 2778 2072 τῶν
2826 2015 2965 2070 θεῶν
3012 2014 3169 2085 ἡμῶν
3200 2011 3563 2083 ὲσταυρὼθης
3611 2011 3682 2065 '0
3712 2038 3717 2043 -

2088 2116 2243 2184 ἅγιος
2271 2115 2523 2174 Λεόντιος
2556 2111 2737 2179 λέγει·
2793 2108 2851 2162 '0
2880 2110 2979 2179 μὲν
3010 2107 3280 2178 ἡμέτερος
3315 2106 3450 2169 Θεὸς
3481 2106 3686 2157 ἐσταυ-

2093 2210 2262 2281 ρώθη,
2299 2210 2393 2262 καὶ
2425 2204 2826 2275 ἐγκαυχώμεθα
2857 2205 2914 2256 ὲν
2939 2201 3025 2272 τῷ
3047 2200 3266 2271 σταυρῷ
3301 2200 3492 2264 αὑτοῦ,
3521 2196 3588 2251 δι’
3615 2190 3689 2251 οὗ

2088 2306 2137 2357 οἱ
2164 2303 2280 2356 θεοὶ
2310 2301 2464 2371 ὑμῶν
2492 2300 2594 2352 οὐκ
2618 2303 2699 2351 ὲτι
2728 2296 3006 2368 ἰσχύουσιν
3033 2314 3047 2327 ·
3077 2298 3106 2350 ό
3135 2293 3245 2366 γὰρ
3274 2292 3528 2366 Χριστὸς,
3549 2290 3688 2362 βου-

2091 2396 2321 2464 λόρειρος
2355 2392 2527 2445 σῶσαι
2548 2392 2637 2446 τὸν
2668 2390 2953 2461 ἄνθρωπον
2976 2389 3063 2443 διὰ
3091 2389 3192 2458 τὴν
3213 2390 3681 2458 ὲπικρατῇσασαν

2091 2487 2297 2557 ταύτην
2342 2485 2634 2557 ἀθεότητα,
2669 2483 2936 2548 ἑκουσίως
2971 2480 3164 2537 ἑαυτὸν
3209 2481 3502 2552 παρέδωκε
3558 2480 3680 2541 τοῖς

2105 2580 2410 2647 Ἰουδαίοις,
2462 2578 2823 2649 προκηρύξας
2868 2577 3040 2631 ταῦτα
3072 2577 3161 2631 διὰ
3199 2575 3308 2630 τῶν
3350 2571 3679 2644 προφητῶν,

2095 2674 2184 2728 ῐνα
2211 2673 2299 2727 διὰ
2319 2672 2415 2725 τοῦ
2444 2670 2683 2742 σταυροῦ
2718 2670 3038 2741 παράϐασιν
3069 2668 3309 2738 ἀρχαίαν
3336 2667 3433 2720 τοῦ
3464 2682 3691 2736 πρωτο-

2095 2764 2339 2818 πλάστου
2361 2762 2523 2836 λύσῃ,
2553 2764 2649 2815 καὶ
2680 2759 2915 2830 κατέλθῃ
2947 2760 3024 2822 είς
3047 2758 3139 2812 τὸν
3170 2757 3326 2830 ᾅδην,
3360 2756 3458 2810 καὶ
3489 2755 3685 2827 ἀνοίξῃ

2095 2859 2308 2923 τοῦτον,
2369 2858 2467 2911 καὶ
2523 2854 2774 2927 ἀπολύσῃ
2802 2854 3002 2923 ψυχὰς,
3055 2855 3145 2905 καὶ
3190 2851 3491 2903 ἀνάστασιν
3540 2849 3684 2917 ἡμῖν

2096 2951 2416 3023 δωρήσηται
2445 2964 2458 2978 ·
2492 2953 2541 3003 οἱ
2571 2949 2627 3002 δὲ
2654 2949 2907 3017 ὑμέτεροι
2940 2946 3073 3008 θεοὶ,
3108 2945 3243 3007 Ζεὺς
3291 2942 3394 3014 μὲν
3437 2941 3505 2994 δι’
3530 2941 3689 2993 ἀσω-

2097 3047 2220 3099 τίαν
2279 3045 2501 3109 κύκνος,
2544 3043 2638 3097 καὶ
2669 3040 2892 3112 ταῦρος,
2938 3038 3035 3092 καὶ
3064 3037 3294 3108 ἑρπετόν
3331 3037 3588 3104 ὲγένετο’
3627 3032 3691 3087 τι

2097 3133 2192 3190 οὖν
2219 3139 2367 3189 ἐστιν
2396 3134 2778 3206 ὲραστότερον,
2825 3131 2955 3184 Θεὸν
2997 3131 3090 3182 τὸν
3122 3129 3429 3198 ποιήσαντα
3458 3125 3689 3194 ἄνθρω-

2101 3248 2224 3296 πον,
2261 3232 2355 3282 καὶ
2383 3227 2700 3283 ἀπολωλότα
2747 3226 2837 3279 διὰ
2900 3225 3035 3278 ἰδίαν
3087 3221 3284 3277 ἑαυτοῦ
3326 3219 3503 3290 κακὴν
3544 3234 3689 3290 προ-

2096 3326 2329 3395 αἰρεσιν,
2350 3321 2646 3376 ἀποθανεῖν
2664 3320 2757 3373 τὸν
2773 3319 2905 3372 Θεὸν
2934 3318 3000 3372 δι’
3024 3317 3206 3379 αὐτὸν,
3235 3315 3331 3370 καὶ
3355 3313 3685 3383 ἀναστῆναι,

2096 3413 2194 3466 καὶ
2251 3411 2651 3481 συναναστῆναι
2706 3408 2897 3462 τοῦτον
2931 3406 3242 3479 ἐλεηθέντα,
3280 3406 3315 3476 ἢ
3345 3403 3412 3457 δι’
3437 3402 3687 3457 ἀσωτίαν

2094 3502 2348 3572 γενέσθαι
2384 3501 2680 3573 πελαργόν,
2715 3502 2812 3554 καὶ
2845 3502 3040 3573 ἕρπειν
3091 3499 3179 3554 διὰ
3230 3500 3330 3569 τὴν
3378 3498 3683 3569 πῡρνείανς

2110 3596 2343 3667 ὐμοίως
2366 3595 2424 3648 δὲ
2447 3597 2543 3647 καὶ
2568 3594 2869 3659 Ἀπόλλων,
2900 3596 2928 3647 ό
2950 3592 3070 3657 θεὸς
3094 3592 3123 3644 ὕ
3133 3591 3271 3663 μῶν,
3300 3588 3687 3661 ἐκεραυνώθη,

2093 3686 2167 3749 ὡς
2200 3689 2257 3739 ὲν
2281 3688 2396 3750 τοῖς
2427 3687 2622 3755 μύθοις
2652 3686 2809 3756 ὑμῶν
2832 3685 3216 3758 τραγῳδεῖται.
3265 3681 3593 3753 Ἀσκληπιὸς
3624 3681 3687 3733 δὲ

2097 3780 2191 3831 καὶ
2239 3778 2526 3848 Ἡρακλῆς
2552 3777 3008 3848 ὲκεραυνώθησαν
3076 3778 3169 3830 καὶ
3205 3776 3379 3839 αὐτοὶ,
3419 3776 3511 3829 καὶ
3541 3791 3685 3828 κατ-

2099 3871 2515 3943 εδαπανήθττπτν
2562 3872 2692 3943 πυρὶ
2712 3868 2969 3942 οὐρανίῳ,
2996 3868 3057 3923 οὗ
3101 3868 3206 3941 γὰρ
3235 3863 3377 3941 ἦσαν
3405 3867 3535 3933 θεοὶ,
3560 3864 3689 3921 ἀλλ’

2099 3964 2396 4036 ἀπατηλοί.

1874 4135 2101 4194 CAPUT
2142 4138 2208 4205 ll,

565 4270 754 4324 Sancti
791 4268 1057 4340 lapidibus
1087 4285 1320 4343 percussi
1348 4277 1397 4324 et
1428 4271 1481 4325 in
1511 4286 1780 4325 carcerem
1815 4271 2060 4343 conjecti,
2096 4272 2260 4325 variis
2299 4270 2553 4343 exemplis
2586 4288 2617 4325 a
2652 4282 2836 4326 sancto
2868 4269 3086 4326 Leontio
3124 4270 3536 4339 conﬁrmantur.

482 4411 572 4465 Vl.
596 4410 750 4467 .Tum
785 4409 899 4465 dux
928 4411 1104 4466 iratus
1121 4411 1396 4481 lapidibus
1417 4412 1604 4467 vultus
1639 4427 1833 4468 eorum
1886 4427 1986 4469 cae-

2169 4413 2260 4482 (τ’.
2317 4414 2427 4469 Καὶ
2479 4413 2725 4484 χολώσας
2782 4414 2810 4466 ό
2860 4414 2986 4480 ease
3041 4412 3296 4468 ἐκέλευσε
3355 4415 3526 4480 λίθοις
3575 4417 3684 4482 τὰς

419 4499 467 4554 1i
493 4501 678 4570 jussit.
712 4499 937 4554 Etdixit
967 4521 979 4554 :
1006 4499 1115 4555 Ora
1174 4516 1368 4556 eorum
1397 4504 1692 4573 percutite,
1741 4519 1810 4559 ex
1865 4505 1993 4573 qui-

419 4595 516 4646 bus
540 4591 879 4661 blasphemia
909 4594 1094 4663 erupit
1120 4604 1313 4649 contra
1342 4595 1495 4649 deos.
1532 4595 1785 4650 Percussi
1816 4596 1992 4650 sancti

417 4685 607 4739 dicunt
637 4692 872 4755 tyranno
898 4703 912 4739 :
935 4685 1082 4741 Deus
1115 4694 1167 4740 te
1198 4702 1566 4756 percussurus
1592 4697 1697 4765 est,
1740 4689 1995 4744 minister

417 4775 649 4842 Satanae,
666 4778 797 4848 quia
816 4778 1059 4833 audiens.
1072 4780 1378 4845 veritatem,
1396 4781 1586 4835 ebrius
1603 4796 1664 4837 es
1690 4781 1991 4851 impietate.

417 4864 650 4919 Sanctus
687 4864 952 4920 Leontius
978 4867 1114 4920 dicit
1148 4885 1161 4921 :
1186 4867 1425 4933 Fratres,
1453 4884 1521 4924 ne
1556 4870 1866 4927 maledicite
1884 4872 1992 4937 his,

415 4960 507 5028 qui
569 4975 638 5013 ex
696 4975 757 5014 sc
802 4960 938 5030 ipsis
981 4962 1259 5017 maledicti
1306 4974 1466 5031 sunt,
1541 4965 1851 5023 benedicite
1893 4982 1994 5037 po-

416 5049 548 5113 tius,
583 5064 844 5119 quomam
875 5052 949 5107 ita
982 5053 1251 5123 scriptum
1290 5067 1375 5110 est
1410 5074 1424 5111 :
1463 5076 1481 5108 ι
1508 5057 1826 5114 Benedicite
1864 5075 1994 5130 per-

414 5142 777 5209 sequentibus
807 5158 907 5199 vos
948 5147 1002 5212 ';
1046 5164 1066 5198 t
1093 5146 1405 5204 benedicite
1431 5160 1487 5205 et
1515 5166 1623 5204 non
1660 5152 1990 5208 maledicite.

415 5231 536 5286 Dux
568 5231 705 5287 dicit
734 5250 749 5288 :
778 5233 996 5304 Leonti,
1038 5252 1138 5306 per
1166 5241 1301 5294 deos
1323 5239 1476 5307 jure,
1505 5241 1551 5295 si
1600 5243 1997 5312 obtemperetis

413 5322 575 5388 mihi,
598 5334 655 5380 et
685 5325 1031 5395 sacrificetis,
1060 5330 1333 5400 quidquid
1365 5332 1678 5397 volueritis,
1713 5334 1859 5390 dabo
1892 5351 1996 5390 vo-

415 5413 504 5469 bis
534 5433 547 5469 :
574 5430 701 5471 nam
735 5416 1020 5489 hucusque
1049 5434 1148 5475 vos
1169 5423 1429 5489 sustinui,
1467 5425 1828 5481 ronsiderans
1842 5426 1997 5480 futu-

415 5521 562 5573 rum,
592 5519 654 5563 ut
688 5511 1064 5566 mutaremini.
1109 5512 1166 5567 Si
1195 5513 1382 5584 itaque
1442 5515 1868 5586 imperatoribus
1912 5535 1997 5575 re-

413 5596 728 5669 fragamini,
745 5610 802 5654 et
826 5602 871 5656 si
890 5618 1001 5657 non
1021 5607 1285 5662 veneritis
1305 5608 1412 5663 diis
1429 5610 1816 5680 sacriﬁcaturi,
1832 5627 1999 5668 mem-

416 5687 516 5743 bra
537 5701 720 5745 vestra
748 5695 931 5749 corvis
967 5704 1024 5749 et
1053 5698 1286 5754 canibus
1327 5700 1512 5755 cibum
1564 5717 1889 5776 proponam,
1940 5715 1995 5760 et

495 5859 514 5915 ι
549 5867 738 5929 Matth.
776 5886 827 5937 ν,
865 5873 951 5929 44.

2095 4505 2248 4575 ὄψεις
2278 4505 2459 4560 αὐτῶν
2484 4506 2758 4575 δέρεσθαι,
2790 4509 2883 4560 καὶ
2916 4507 3065 4575 λέγει
3093 4523 3107 4537 ·
3147 4505 3393 4561 Τύπτετε
3437 4510 3506 4563 τὰ
3552 4512 3685 4564 στό-

2098 4615 2248 4667 ματα
2303 4586 2506 4660 αὐτῶν,
2525 4597 2649 4651 ὅθεν
2674 4596 2867 4668 ἐξῆλθε
2893 4597 3212 4669 βλασφημία
3243 4601 3319 4663 είς
3348 4599 3474 4663 τοὺς
3499 4599 3678 4666 θεούς.

2095 4691 2160 4744 Οἱ
2191 4688 2247 4742 δὲ
2276 4688 2423 4757 ἅγιοι
2464 4690 2793 4759 τυπτόμενοι
2845 4690 3096 4758 λέγουσιν
3133 4690 3212 4761 τῷ
3245 4693 3493 4763 τυράννῳ
3515 4707 3532 4724 ο
3566 4695 3684 4749 Ta-

2096 4800 2255 4837 πτειν
2299 4799 2359 4835 σε
2393 4783 2578 4852 μέλλει
2624 4786 2653 4836 ό
2705 4782 2858 4847 Θεὸς,
2901 4785 3149 4855 ὐπηρέτα
3183 4784 3277 4837 τοῦ
3319 4786 3554 4852 Σατανᾶ,
3595 4789 3683 4843 ὅτι

2093 4876 2196 4947 τὴν
2232 4876 2491 4946 ἀλήθειαν
2521 4876 2739 4930 ἁκούων
2792 4876 3017 4946 μεθύεις
3041 4879 3106 4947 τῇ
3138 4876 3386 4946 ἀσεϐεῖς.
3432 4879 3493 4933 ὐ
3522 4881 3683 4946 ἅγιος

2095 4968 2556 5037 Λεόντιοςλέγει·
2607 4967 2877 5037 Ἀδελφοί,
2913 4966 2989 5038 μὴ
3016 4970 3331 5040 καταρᾶσθε
3362 4971 3491 5034 τοὺς
3515 4971 3682 5025 αὐτο-

2096 5061 2467 5129 καταράτους,
2499 5061 2634 5114 ἀλλὰ
2670 5059 2875 5126 μᾶλλον
2915 5062 3218 5129 εὐλογεῖτεο
3261 5063 3451 5133 ἐπειδὴ
3503 5062 3683 5129 οὕτως

2096 5154 2508 5224 ἐπιγέγραπται
2534 5170 2548 5183 ⁶
2580 5154 2864 5222 Εὑλογείτε
2896 5155 3024 5218 τοὺς
3054 5153 3349 5219 διώκοντας
3373 5156 3518 5226 ὑμᾶς
3544 5173 3559 5187 ·
3587 5159 3684 5211 εὑ-

2095 5244 2328 5313 λογείτε,
2360 5245 2455 5297 καὶ
2490 5243 2564 5314 μὴ
2590 5245 2924 5315 καταρᾶσθε.
2969 5245 3030 5298 '0
3058 5245 3186 5310 δοὺξ
3209 5241 3395 5299 εἷπενο
3428 5247 3679 5313 Λεόντιε,

2100 5335 2179 5403 μὰ
2216 5335 2344 5399 τοὺς
2373 5335 2552 5400 θεοὺς,
2599 5338 2696 5389 ἐὰν
2725 5336 2987 5406 πεισθῆτὲ
3022 5354 3135 5409 μοι,
3164 5340 3260 5394 καὶ
3313 5339 3492 5400 θύετε,
3520 5340 3550 5393 ὃ
3580 5341 3681 5393 ἐὰν

2100 5424 2385 5495 βούλησθε,
2448 5426 2672 5497 παρέξω
2725 5428 2890 5497 ὑμῖν·
2945 5429 3052 5492 ἕως
3100 5429 3209 5499 γὰρ
3268 5429 3366 5482 τοῦ
3411 5431 3683 5500 παρόντος

2097 5518 2412 5589 ἠνεσχόμην
2441 5519 2616 5589 ὑμῶν,
2656 5521 2877 5573 σκοπῶν
2907 5521 3007 5589 τὴν
3041 5521 3369 5593 μεταϐολήν.
3414 5524 3542 5577 Ἐὰν
3585 5519 3684 5577 οὖν

2098 5611 2486 5682 παρακούσητε
2540 5613 2648 5665 τῶν
2715 5614 3157 5686 αὐτοκρατόρων,
3216 5618 3309 5671 καὶ
3367 5615 3464 5687 μὴ,
3507 5631 3684 5687 προσ-

2100 5705 2365 5773 ελθόντες,
2425 5705 2626 5777 θύσητε
2683 5709 2797 5771 τοῖς
2847 5706 3010 5773 θεοῖς,
3060 5710 3127 5763 τὰ
3179 5708 3317 5780 μέλη
3374 5709 3528 5780 Σιμῶν
3568 5712 3685 5772 τοῖς
