3994 6426
282 419 397 481 3Ξ9

1239 415 1711 478 MAR'I‘YRIUM
1751 415 1857 478 SS.
1900 414 2051 476 XLV
2088 414 2545 474 MARTYBUM.

3447 418 3552 482 3ξο

284 534 488 603 κόραξι
539 535 632 586 καὶ
692 533 802 595 τοῖς
844 532 972 584 κυσὶ
1021 529 1186 602 βορὰν
1221 531 1546 601 παραθήσω,
1578 530 1675 584 καὶ
1713 529 1866 583 οὐδὲν

1990 529 2107 585 nihil
2139 528 2294 583 vobis
2326 527 2577 598 proderit
2602 528 2766 582 stulta
2808 529 3133 603 pervicacia.
3189 531 3422 589 Sanctus
3441 537 3554 591 An-

284 629 433 696 ῦμᾶς
466 623 735 694 ὠφελήσει
769 626 802 695 ἡ
834 625 1044 693 ματαία
1075 623 1347 687 ἔνστασις.
1387 623 1444 677 Ὀ
1474 623 1630 691 ἅγιος
1672 622 1869 675 Ἀντώ-

284 735 401 780 νιος
454 716 638 784 λέγει·
683 715 865 778 notet;
907 715 1048 777 θεοῖς
1077 714 1318 774 κελεύεις
1352 712 1512 768 θῦσαι
1543 715 1726 783 ήμᾶς;
1757 715 1868 767 Λυ-

289 809 416 870 σίας
472 807 660 872 λέγει·
704 806 919 858 Θύσατε
963 805 1040 873 τῷ
1070 804 1153 857 Διῒ
1185 806 1386 875 καὶτῷ
1431 805 1752 858 Ἀπόλλωνι.
1807 806 1869 856 ’0

286 902 448 967 ἅγιος
489 900 738 962 Λεόντιος
767 893 922 950 εἶπεν
947 913 960 926 ·
1005 898 1067 950 '0
1096 899 1228 961 Θεὸς
1261 897 1437 967 ὑμῶν,
1473 897 1667 950 ἐαυτὸν
1700 895 1871 948 σῶσαι

290 993 370 1062 μῆ
395 993 720 1061 δυνάμενος,
759 988 1036 1042 Ἀπόλλων
1061 989 1277 1058 λέγεται
1299 1005 1312 1019 ο
1343 988 1502 1043 τοῦτο
1537 989 1696 1058 ὑμεῖς
1733 1004 1874 1056 μαρ-

284 1085 532 1151 repel-.5.

364 1176 439 1228 Z'.
479 1176 896 1246 Ἀγανακτήσας
919 1172 1014 1232 οῦν
1043 1179 1071 1231 ό
1101 1175 1325 1240 Λυσίας,
1358 1176 1451 1229 καὶ
1478 1176 1544 1228 ἐκ
1573 1173 1665 1227 τοῦ
1696 1170 1870 1243 θυμοῦ

287 1265 417 1325 τοὺς
446 1264 767 1334 ὀφθαλμοὺς
796 1266 1096 1336 διαπύρους
1128 1266 1382 1336 ποιήσας,
1415 1264 1508 1318 καὶ
1533 1264 1726 1334 τρίσας
1745 1264 1874 1325 τοὺς

290 1357 535 1420 ὀδόντας,
560 1357 850 1411 ἐκέλευσεν
871 1360 1074 1430 σιδήρῳ
1094 1357 1312 1428 δεθῆναι
1335 1357 1515 1411 αὐτῶν
1537 1357 1636 1420 τὰς
1658 1359 1871 1426 χεῖρας,

292 1449 387 1499 καὶ
420 1452 550 1510 τοὺς
591 1448 779 1513 πόδας,
816 1449 911 1501 καὶ
945 1449 1146 1512 κλοιοῖς
1197 1447 1530 1518 βαρυτάτοις
1565 1463 1875 1514 κατασφιγ-

290 1539 527 1609 χθέντας
581 1542 916 1610 ἁποτεθῆναι
977 1543 1059 1605 είς
1115 1541 1177 1595 τὸ
1223 1541 1596 1610 δεσμωτήριον
1649 1541 1730 1602 είς
1784 1538 1876 1592 τὸν

290 1629 508 1700 πύργον
563 1630 661 1701 τῆς,
714 1633 922 1696 πόλεως
959 1633 1062 1703 τῆς
1101 1633 1408 1704 βλεπούσης
1455 1633 1596 1684 κατὰ
1657 1632 1871 1702 βορέαν,

289 1722 419 1772 ἔνθα
457 1723 552 1774 καὶ
583 1722 736 1791 πηγὴ
767 1723 1120 1793 ὑπεκτρέχει,
1166 1724 1366 1792 ῥέουσα
1398 1723 1600 1789 ἔξωθεν
1638 1724 1734 1791 τῆς
1775 1721 1877 1777 πύλ-

287 1812 387 1882 λης
422 1814 522 1883 τῆς
552 1815 794 1877 πόλεως·
823 1815 1203 1885 παραγγείλας
1233 1817 1346 1878 τοῖς
1380 1815 1748 1885 φυλάσσουσιν
1775 1816 1875 1868 αύ-

1977 621 2162 677 tonius
2191 621 2331 675 dixit
2363 637 2376 674 :
2413 619 2735 690 Cujusmodi
2761 621 2870 676 diis
2892 621 3204 679 sacriﬁcare
3233 641 3332 682 nos
3359 629 3524 698 jubes

1977 713 2168 785 Lysias
2197 712 2331 766 dicit
2383 731 2396 767 :
2449 711 2767 768 Sacriﬁcate
2793 713 3276 782 JovietApollini.
3321 720 3556 779 Sanctus

1978 806 2240 860 Leontius
2272 807 2442 860 dixit:
2476 805 2626 861 Deus
2664 815 2870 870 vester,
2909 809 3002 878 qui
3047 811 3402 882 semetipsum
3438 831 3560 870 ser-

1978 914 2107 954 vare
2147 913 2257 952 non
2299 908 2497 968 potest,
2532 899 2727 968 Apollo
2751 900 2970 955 dicitur.
2998 901 3057 955 ld
3096 904 3435 960 conﬁtemini
3465 923 3563 962 vos

1979 1008 2107 1062 ψει.

2008 1220 2018 1238 ,
2053 1175 2161 1230 Vll.
2191 1172 2512 1245 Indignatus
2556 1189 2689 1245 ergo
2724 1171 2934 1245 Lysias,
2982 1174 3157 1229 oculis
3208 1173 3564 1232 inflammatis

1982 1284 2095 1339 pra:
2125 1268 2314 1322 furore
2349 1282 2414 1322 ac
2461 1267 2723 1321 dentibus
2751 1267 3038 1331 frendens,
3065 1283 3260 1322 manus
3283 1284 3476 1324 eorum
3499 1286 3563 1326 ac

1981 1358 2150 1428 pedes
2174 1358 2382 1413 catenis
2423 1357 2619 1412 vinciri
2647 1357 2848 1427 jussit;
2885 1366 2942 1412 et
2979 1359 3190 1413 catenis
3223 1360 3564 1429 gravissimis

1982 1447 2420 1512 excarniﬁcatos,
2457 1447 2512 1502 in
2545 1463 2824 1502 carcerem
2844 1449 3116 1520 compingi
3151 1450 3205 1503 in
3245 1450 3383 1504 turri
3420 1452 3562 1506 civi-

1985 1541 2136 1602 tatis,
2179 1555 2300 1610 qua:
2324 1540 2554 1594 Boream
2581 1539 2828 1608 respicit.
2852 1538 3008 1595 Unde
3031 1540 3195 1593 etiam
3222 1539 3346 1594 fons
3365 1557 3566 1596 excur-

1984 1633 2077 1696 rit,
2104 1630 2283 1685 ﬂuens
2313 1641 2467 1685 extra
2488 1639 2703 1699 portam
2727 1630 2988 1686 civitatis.
3023 1630 3292 1685 Militibus
3348 1631 3443 1700 qui
3469 1639 3566 1686 eos

1983 1724 2394 1787 custodiebant,
2425 1723 2643 1776 Menaeae
2669 1731 2723 1777 et
2755 1722 3051 1785 Beleradaz,
3084 1723 3138 1776 id
3181 1724 3424 1778 mandati
3465 1724 3564 1778 de—

1984 1817 2086 1880 dit,
2121 1815 2310 1870 dicens
2341 1831 2355 1867 :
2390 1813 2605 1878 Videte,
2641 1812 2846 1868 Mentea
2879 1821 2935 1866 et
2967 1811 3254 1879 Belerade,
3289 1815 3566 1882 quomodo

285 1903 413 1963 τοὺς
476 1907 865 1974 στρατιώταις,
915 1906 1131 1976 Μεναία
1192 1907 1286 1959 καὶ
1342 1906 1651 1977 Βηληράδῃ,
1703 1906 1878 1975 λέγων

1990 1911 2136 1978 ipsos
2160 1906 2505 1961 custodiatis.
2551 1906 2687 1959 Nam
2723 1921 2822 1974 per
2875 1903 3279 1974 Esculapium,
3321 1905 3365 1959 si
3400 1907 3569 1960 resci-

285 1994 483 2056 αὐτοῖς
510 2011 524 2025 ⁸
556 1994 815 2059 Βλέπετε,
846 1989 894 2048 ὦ
916 1997 1130 2050 Μεναῖα
1158 1999 1254 2049 καὶ
1279 1996 1590 2067 Βηληράδη,
1628 1997 1744 2060 πῶς
1774 1997 1872 2049 αύ-

285 2087 417 2150 τοῦς
469 2087 812 2157 φυλάττετεο
861 2089 942 2159 μὰ
988 2089 1083 2142 τὸν
1123 2089 1232 2159 γὰρ
1270 2089 1622 2161 Ἀσκληπιὸν,
1649 2089 1732 2142 δτι
1780 2089 1876 2141 ἐὰν

289 2179 477 2248 μάθω,
512 2180 598 2232 ὅτι
655 2181 820 2251 ἄρτος
858 2182 892 2252 ἢ
929 2181 1076 2252 ὕδωρ
1117 2181 1271 2249 ἐδόθη
1302 2183 1485 2244 αὐτοῖς
1515 2181 1668 2251 παρά
1707 2197 1874 2246 τινος,

290 2273 388 2341 τήν
420 2274 653 2326 ἐκείνων
695 2274 968 2344 τιμωρίαν
1005 2275 1136 2342 ύμῖν
1174 2268 1438 2345 ἐπιθήσω,
1473 2275 1569 2327 καὶ
1614 2275 1749 2343 πυρὶ
1780 2275 1878 2326 σὺν

291 2365 526 2428 ἐκείνοις
558 2365 706 2433 ὑμᾶς
736 2365 1022 2420 ἁναλώσω.
1056 2368 1117 2420 Οἱ
1142 2366 1198 2418 δὲ
1228 2366 1582 2437 στρατιῶται,
1607 2367 1673 2419 τὰ
1704 2365 1880 2434 δεσμὰ

292 2458 624 2527 περιθέντες
653 2461 766 2520 τοῖς
797 2458 998 2525 ἁγίοις,
1028 2458 1285 2511 ἐνέὸαλον
1311 2461 1391 2521 εἰς
1422 2457 1515 2510 τὸν
1543 2458 1770 2525 πύργον.
1811 2457 1878 2512 υί

296 2553 357 2606 δὲ
377 2552 520 2618 ἅγιοι
549 2552 629 2615 ὡς
659 2551 718 2618 ἐξ
741 2553 858 2614 ἐνὸς
889 2551 1152 2620 στόματος
1178 2551 1363 2618 ἔλεγον
1379 2550 1764 2618 ’.Εὐλογοῦμέν
1795 2569 1877 2615 σε,

303 2644 492 2712 Κύριε,
524 2644 620 2696 τὸν
649 2643 885 2698 Βασιλέα
919 2643 1016 2712 τῆς
1037 2641 1220 2711 δόξης,
1261 2639 1352 2693 τὸν
1387 2639 1481 2693 ἐπὶ
1517 2641 1738 2694 Ποντίου
1784 2641 1881 2692 Πι-

296 2733 455 2785 λάτου
501 2735 869 2804 παραστάντα
903 2734 982 2796 είς
1029 2736 1316 2802 κριτήριον
1356 2732 1446 2786 διὰ
1475 2732 1574 2797 τὰς
1605 2733 1884 2803 ἡμετέρας

296 2822 578 2891 ἁμαρτίας
603 2837 618 2850 ·
656 2824 721 2874 σὺ
755 2825 864 2891 γὰρ
899 2816 952 2874 εἷ
990 2823 1022 2890 ή
1058 2819 1290 2891 ἀληθινὴ
1324 2820 1460 2887 ζωὴ,
1489 2823 1517 2873 ό
1547 2820 1689 2891 ὑπὲρ
1721 2821 1883 2890 ήμῶν

293 2916 402 2968 τῶν
429 2914 779 2985 ἁμαρτωλῶν
817 2913 974 2970 θυσία
1003 2913 1199 2980 δοθεὶς,
1233 2917 1260 2967 ό
1296 2914 1392 2967 τοῦ
1432 2915 1710 2985 ’Δληθινοῦ
1746 2916 1881 2969 Θεοῦ

298 3009 424 3072 Υἱὸς
458 3007 738 3076 ἀληθινὸς,
767 3007 864 3061 καὶ
907 3006 1006 3060 τοῦ
1054 3007 1152 3060 σοῦ
1185 3007 1396 3078 Πατρὸς
1437 3007 1729 3078 ἀρχιερεύς
1758 3023 1772 3036 ο
1808 3007 1884 3078 μὴ

293 3103 558 3170 χωρήσῃς
619 3101 768 3170 ἡμᾶς
817 3097 914 3152 τοῦ
970 3098 1122 3152 ἐλέου
1186 3115 1302 3163 σου,
1359 3100 1497 3169 μήτε
1540 3099 1746 3169 ταύτης
1786 3101 1885 3168 τῆς

294 3192 689 3262 ἁδελφότητος,
723 3190 931 3254 ἐνώσας
961 3192 1114 3262 ἡμᾶς
1153 3193 1365 3254 πάντας
1399 3193 1466 3262 τῇ
1503 3193 1567 3262 σῇ
1596 3191 1880 3264 ὁμολογίᾳ,

297 3283 394 3333 καὶ
421 3287 657 3350 ποιήσας
691 3281 840 3350 ἡμᾶς
870 3280 1204 3350 όμοψύχους,
1229 3280 1434 3334 ἓνωσον
1468 3282 1626 3351 ήμῶν
1662 3283 1756 3335 καὶ
1785 3284 1886 3352 τὴν

295 3373 610 3425 τελείωσινο
641 3373 738 3425 καὶ
765 3376 841 3443 μὴ
863 3375 1096 3444 ποιήσῃς
1125 3373 1275 3443 ήμᾶς
1300 3375 1359 3426 ἐν
1391 3372 1580 3444 μηδενὶ
1606 3375 1886 3445 χωρισθῆ-

297 3481 384 3516 ναι
420 3463 519 3517 ἀπ’
559 3462 830 3533 ἀλλήλων,
861 3464 1010 3526 ὅπως
1072 3463 1276 3526 ἰδόντες
1333 3464 1490 3534 ήμῶν
1541 3467 1649 3534 τὴν
1710 3466 1884 3535 καλὴν

302 3555 622 3625 προθυμίαν
669 3557 718 3607 ot
760 3554 977 3617 ἀσεϐεῖς
1011 3554 1266 3624 ἐργάται,
1309 3554 1745 3626 ἐπιθυμήσουσιν
1779 3558 1882 3628 τὴν

299 3649 478 3719 καλὴν
517 3648 678 3718 ήμῶν
713 3648 952 3719 πρᾶξιν..
987 3648 1119 3700 Ἰδοὺ
1150 3649 1261 3718 γὰρ
1291 3649 1350 3700 ἐν
1386 3650 1570 3704 σκότει
1609 3651 1876 3723 κατεϐλή-

303 3741 480 3808 θῃμεν
511 3739 806 3802 πεινῶντες
833 3741 927 3793 καὶ
954 3739 1236 3808 διψῶντες,
1272 3740 1365 3794 καὶ
1401 3743 1432 3811 ή
1460 3741 1605 3811 ψυχὴ
1629 3742 1790 3812 ήμῶν
1823 3745 1880 3796 ἐν

1978 2015 2133 2065 vero,
2167 2007 2261 2053 aut
2307 2013 2504 2068 panem
2536 2007 2632 2051 aut
2675 2011 2872 2065 aquam
2916 1995 2998 2049 eis
3049 2012 3077 2048 a
3127 1995 3384 2065 quopiam
3441 1997 3566 2050 data

1979 2106 2121 2152 esse,
2142 2104 2302 2158 paena
2340 2087 2562 2141 illorum
2588 2101 2686 2139 vos
2713 2084 2980 2148 multabo,
3016 2091 3071 2138 et
3099 2083 3222 2154 igne
3241 2085 3402 2139 simul
3440 2101 3567 2140 cum

1980 2181 2090 2236 illis
2131 2196 2231 2235 vos
2280 2180 2530 2250 perdam.
2599 2179 2799 2234 Milites
2839 2192 3048 2246 autem,
3102 2182 3322 2235 vincula
3360 2181 3568 2235 sanctis

1978 2273 2487 2342 circumponentes,
2531 2271 2584 2324 in
2615 2272 2810 2324 turrim
2845 2273 3224 2342 conjecerunt.
3267 2271 3453 2326 Sancti
3503 2287 3570 2326 ex

1983 2381 2097 2420 uno
2118 2365 2275 2434 quasi
2300 2380 2396 2419 ore
2436 2363 2694 2417 dicebant
2728 2379 2741 2416 :
2773 2363 3173 2420 Benedicamus
3199 2376 3272 2426 te.
3315 2365 3570 2428 Domine.

1981 2453 2183 2524 Regem
2232 2455 2440 2524 gloriae,
2477 2453 2571 2522 qui
2624 2461 2848 2522 propter
2891 2465 3113 2524 peccata
3152 2467 3342 2511 nostra
3383 2471 3572 2512 coram

1983 2547 2180 2602 Pontio
2209 2545 2384 2601 Pilato
2415 2548 2639 2602 astitisti
2665 2549 3015 2617 judicandus.
3052 2549 3134 2604 Tu
3159 2551 3307 2605 enim
3345 2568 3472 2606 vera
3510 2569 3572 2608 es

1984 2638 2116 2700 vita,
2173 2653 2275 2707 pro
2335 2638 2500 2692 nobis
2548 2639 2932 2708 peccatoribus
2983 2641 3035 2694 in
3075 2642 3311 2696 hostiam
3385 2643 3569 2705 datus,

1984 2729 2103 2784 veri
2134 2731 2228 2784 Dei
2256 2746 2419 2786 verus
2439 2731 2630 2793 Filius,
2663 2733 2951 2803 Patrisque
2985 2733 3062 2788 tui
3083 2733 3371 2801 Pontifex;
3397 2752 3466 2790 ne
3485 2753 3574 2790 sc-

1986 2835 2116 2889 para
2153 2836 2301 2875 nosa
2334 2821 2712 2877 misericordia
2743 2831 2858 2888 tua,
2880 2839 3057 2894 neque
3092 2825 3161 2879 ab
3195 2825 3297 2882 hac
3330 2825 3572 2882 fraterna

1986 2911 2403 2980 conjunctione,
2453 2912 2548 2981 qui
2581 2927 2774 2965 omnes
2797 2928 2898 2967 nos
2927 2914 3052 2968 unis
3082 2915 3161 2969 tui
3202 2917 3570 2982 confessione,

1985 3016 2042 3060 ct
2075 3005 2238 3060 unius
2259 3005 2430 3060 eﬂicis
2469 3000 2788 3068 voluntatis,
2812 3014 3044 3060 mortem
3077 3022 3297 3078 quoque
3320 3021 3570 3066 nostram

1988 3099 2108 3165 uni;
2137 3115 2240 3154 nec
2270 3098 2530 3170 permitte
2566 3106 2625 3152 ut
2654 3097 2794 3151 alter
2824 3097 2893 3152 ab
2920 3099 3097 3153 altero
3126 3100 3182 3154 in
3209 3100 3396 3172 aliquo
3420 3094 3583 3172 sepaJ

1989 3206 2198 3256 remur,
2233 3198 2293 3243 ut
2326 3189 2580 3244 videntes
2617 3188 2890 3258 egregiam
2933 3200 3176 3245 nostram
3230 3193 3570 3250 alacritatem

1991 3283 2146 3353 impii
2211 3283 2450 3337 ministri
2496 3283 2748 3352 exemplo
2791 3290 2981 3336 nostro
3039 3295 3384 3340 moveantur.
3429 3287 3573 3342 Ecce

1989 3377 2138 3430 enim
2175 3375 2229 3429 in
2265 3375 2523 3429 tenebras
2556 3374 2763 3428 detrusi
2796 3389 3011 3435 sumus,
3038 3376 3352 3432 esurientes
3394 3393 3459 3433 ac
3490 3381 3571 3433 si-

1990 3470 2211 3530 tientes,
2234 3476 2290 3523 et
2327 3468 2546 3522 animus
2572 3476 2762 3520 noster
2785 3466 2859 3536 .in
2892 3467 3124 3522 vinculis
3156 3469 3419 3536 tabescit;
3471 3473 3569 3526 sed

1991 3573 2070 3627 tu,
2135 3561 2389 3624 Domine,
2452 3559 2777 3628 patientiam
2851 3559 3013 3612 nobis
3071 3559 3160 3619 da.
3237 3562 3576 3632 cursumque

1986 3661 2238 3708 nostrum
2287 3653 2510 3722 perﬁce,
2551 3659 2611 3704 ut
2661 3650 2876 3704 nullum
2905 3665 2936 3705 e
2975 3651 3136 3706 nobis
3179 3650 3409 3707 Satanas
3469 3668 3562 3708 ca-

1986 3747 2124 3816 piat.

300 3835 523 3903 δετμοῖς
560 3833 859 3904 ἐκτήκεται
883 3848 898 3863 ·
930 3832 1069 3886 ἀλλὰ
1121 3832 1211 3896 σὺ,
1278 3833 1473 3904 Κύριε,
1519 3835 1745 3904 χάρισαι
1790 3837 1924 3908 ήμῖν
1960 3840 2060 3910 τὴν
2101 3836 2380 3909 ὑπομονὴν
2409 3834 2505 3889 καὶ
2541 3833 2829 3910 τελείωσον
2893 3833 3050 3904 ήμῶν
3091 3831 3184 3886 τὸν
3219 3832 3440 3904 δρόμον,
3484 3835 3573 3889 ἵνα

304 3931 515 4002 μηδένα
555 3931 616 3997 ἐξ
649 3930 808 3999 ἡμῶν
833 3932 861 3982 ό
895 3930 1142 3994 Σατανᾶς
1168 3930 1528 4002 χειρὼσηται.

374 4028 456 4080 ιιι.
507 4024 622 4078 Καὶ
667 4022 954 4085 κλίναντες
1005 4023 1075 4076 τὰ
1107 4025 1315 4091 γόνατα
1354 4023 1752 4095 προσηύξαντο,
1793 4028 1887 4081 καὶ

302 4121 640 4180 ἀναστάντες
670 4116 1066 4187 ἐκαθεσθησαν,
1088 4117 1176 4169 διὰ
1201 4117 1262 4169 τὺ
1303 4116 1656 4187 μὴδύνασθαι
1685 4121 1884 4184 αὐτοὺς

303 4211 506 4283 ὀρθοὺς
543 4210 774 4278 στῆναιο
826 4201 972 4279 ἦσαν
1008 4207 1115 4276 γὰρ
1173 4209 1230 4258 ἐν
1277 4209 1388 4268 τοῖς
1443 4207 1662 4277 δεσμοῖς
1713 4227 1886 4263 κατα.

306 4303 716 4372 καμπτόμενα,
762 4298 862 4353 καὶ
932 4296 1164 4368 ἔψαλλον
1225 4298 1532 4368 συμφώνως
1597 4300 1845 4370 λέγοντες
1868 4315 1892 4337 ο

314 4396 645 4464 ’λ’πομένων
701 4393 973 4463 ὑπέμεινα
1026 4391 1117 4445 τὸν
1170 4392 1412 4461 Κύριον,
1459 4395 1554 4447 καὶ
1615 4397 1886 4467 προσέσχε

309 4506 420 4558 μοι,
457 4488 555 4540 καὶ
587 4485 878 4556 είσήκουσε
910 4486 1006 4555 τῆς
1035 4485 1278 4555 δεήσεώς
1315 4502 1440 4552 μου,
1474 4487 1566 4539 καὶ
1607 4488 1887 4557 ἁνήγαγέν

2066 4025 2202 4080 Vill.
2236 4023 2304 4078 Et
2337 4020 2492 4076 [lexis
2512 4019 2748 4090 genibus
2775 4017 3043 4082 orabant;
3071 4023 3125 4072 et
3151 4027 3440 4088 postquam
3459 4034 3582 4074 sur-

1993 4119 2286 4179 rexissent,
2323 4113 2716 4174 consederunt,
2735 4126 2802 4166 eo
2823 4109 2970 4180 quod
2995 4119 3148 4164 recto
3173 4125 3406 4179 corpore
3433 4119 3580 4166 stare

1997 4227 2109 4266 non
2145 4216 2402 4280 poterant
2437 4208 2618 4275 (erant
2647 4205 2852 4274 quippe
2901 4201 2959 4256 in
3000 4201 3237 4257 vinculis
3280 4202 3577 4271 incurvati)

1999 4317 2058 4361 et
2091 4317 2198 4358 una
2229 4315 2363 4356 voce
2413 4298 2706 4362 canebant,
2735 4297 2984 4352 dicentes
3019 4313 3032 4350 :
3073 4313 3090 4346 ι
3127 4295 3464 4365 Exspectans
3483 4311 3578 4350 ex-

1997 4391 2242 4463 spectavi
2273 4390 2588 4453 Dominum,
2628 4396 2684 4440 et
2721 4385 2960 4440 intendit
2991 4383 3146 4448 mihi,
3201 4393 3258 4439 et
3299 4383 3583 4439 exaudivit

1995 4485 2302 4540 orationem
2333 4495 2534 4545 meam,
2572 4487 2629 4533 et
2657 4479 2849 4533 eduxit
2884 4493 2971 4531 me
3015 4476 3085 4531 de
3120 4475 3242 4530 lacu
3267 4475 3579 4531 miseriaect

310 4598 377 4649 με
409 4583 478 4632 ἐκ
509 4579 720 4631 λάκκου
769 4576 1148 4644 ταλαιπωρίας
1197 4576 1293 4629 καὶ
1334 4577 1444 4630 ἀπὸ
1478 4579 1648 4648 πηλοῦ
1696 4579 1881 4643 ίλεύος.

2000 4581 2069 4635 de
2107 4580 2225 4634 luto
2253 4575 2388 4631 fecis
2419 4577 2461 4630 ³.
2496 4593 2514 4626 ι
2542 4573 2720 4642 Atque
2749 4570 2969 4639 expleto
2991 4571 3224 4640 psalmo.
3254 4569 3579 4626 ceciderunt

309 4675 418 4726 Καὶ
442 4670 838 4742 πληρώσαντες
858 4670 950 4720 τὸν
973 4667 1212 4736 ψαλμὸν,
1235 4668 1439 4723 ἔπεσαν
1461 4670 1554 4722 ἐπὶ
1576 4670 1888 4740 πρόσωπον,

309 4768 399 4816 καὶ
426 4763 766 4822 ἀναστάντες
796 4760 958 4813 πάλιν
981 4759 1212 4829 ἔψαλλον
1232 4760 1502 4828 λέγοντεςο
1533 4763 1889 4830 Εἱσάκουσον,

306 4861 333 4910 ὀ
359 4859 494 4918 Θεὸς
529 4853 842 4922 προσευχῆς
874 4868 996 4921 μου,
1030 4854 1086 4902 ἐν
1113 4851 1192 4921 τῷ
1233 4850 1452 4904 δέεσθαί
1503 4869 1569 4921 με
1605 4853 1742 4924 πρὸς
1789 4856 1852 4906 σέ
1873 4870 1887 4886 ·

308 4952 416 5004 ἀπὸ
451 4949 624 5019 φόδου
658 4947 860 5018 ἐχθροῦ
892 4943 1078 5009 ἐξελοῦ
1116 4943 1214 5013 τὴν
1242 4944 1422 5014 ψυχήν
1450 4961 1576 5014 μου.
1621 4945 1892 4998 Ἐσκέπα-

311 5047 408 5106 σας
451 5060 523 5114 με
565 5042 676 5095 ἀπὸ
715 5042 1025 5110 συστροφῆς
1072 5037 1549 5107 πονηρευομένων,
1601 5039 1707 5092 ἀπὸ
1751 5038 1892 5110 πλή-

309 5137 439 5201 θους
499 5134 890 5208 ἐργαζομένων
942 5133 1182 5188 ἀδικίαν.
1234 5133 1344 5185 Καὶ
1371 5131 1762 5202 πληρώσαντες
1803 5132 1893 5183 τὸν

307 5228 550 5298 ψαλμὸν,
579 5227 674 5279 καὶ
718 5227 1045 5295 ποιήσαντες
1074 5226 1270 5296 τρίτην
1311 5220 1500 5293 εὐχὴν,
1545 5218 1890 5284 ἐκαθέζοντο,

310 5320 564 5391 ἀλλήλων
606 5324 676 5371 τὰ.
707 5318 883 5388 δεσμὰ
923 5316 1376 5385 καταφιλοῦντες,
1409 5313 1506 5367 καὶ
1531 5313 1892 5382 προσέχοντες

308 5413 566 5483 ἀλλήλοις
594 5411 952 5482 ήγαλλιῶντο.
1003 5407 1062 5461 '0
1099 5409 1156 5461 δέ
1193 5407 1349 5476 ἅγιος
1391 5404 1643 5465 Λεόντιος
1690 5401 1896 5474 ἤρξατο

309 5507 658 5578 παρακαλεῖν
689 5505 887 5565 αὐτοὺς
915 5505 1006 5556 καὶ
1040 5503 1222 5568 λέγειν
1244 5518 1258 5532 ·
1304 5498 1549 5568 Ἀδελφοὶ
1571 5497 1743 5567 τίμιοι
1797 5500 1892 5548 καὶ

306 5601 645 5672 θεράποντες
674 5598 772 5651 καὶ
797 5595 974 5649 δοῦλοι
998 5593 1089 5648 τοῦ
1114 5593 1377 5665 Χριστοῦ,
1395 5593 1657 5659 γενναίως
1681 5589 1898 5642 ἅπαντα

311 5695 703 5764 ὑπομείνωμεν
720 5707 734 5722 ο
769 5689 949 5744 οἴδατε
977 5689 1085 5745 γὰρ
1115 5688 1180 5741 ἐκ
1202 5687 1311 5741 τῶν
1336 5685 1496 5739 θείων
1521 5682 1777 5753 Γραφῶν,
1803 5683 1903 5737 ὅσα

383 5842 403 5872 '
446 5842 587 5898 Psal.
621 5853 810 5893 xxux.
857 5836 916 5895 Ξ,
945 5835 1000 5887 3.
1034 5832 1053 5863 ³
1087 5831 1229 5887 Psal.
1258 5848 1404 5896 um,
1440 5829 1495 5896 2,
1541 5829 1594 5882 5.

664 5938 943 5994 ι’λτιιαι..
991 5929 1107 5988 (in.
1158 5927 1333 5990 CXV.

2000 4673 2056 4726 in
2090 4671 2306 4734 faciem,
2331 4679 2389 4722 et
2419 4673 2705 4736 surgentes
2735 4677 2956 4716 rursum
2997 4660 3338 4722 cecinerunt,
3387 4660 3578 4714 dicen-

2001 4777 2083 4820 tes
2113 4781 2126 4818 :
2164 4761 2430 4826 «Exaudi,
2460 4759 2626 4820 Deus,
2658 4754 2961 4810 orationem
2998 4768 3201 4814 meam,
3235 4766 3359 4806 cum
3383 4752 3582 4823 depre-

1999 4873 2096 4913 cor
2126 4855 2192 4910 ad
2225 4865 2277 4908 te
2307 4872 2320 4907 :
2351 4869 2382 4907 a
2418 4853 2612 4905 timore
2643 4845 2852 4901 inimici
2886 4847 3041 4916 eripe
3073 4847 3313 4900 animam
3375 4860 3576 4900 meam.

1999 4947 2293 5004 Protexisti
2323 4961 2408 5001 me
2442 4959 2473 4998 a
2499 4949 2772 4997 conventu
2807 4936 3249 5008 malignantium,
3268 4953 3297 4992 a
3324 4937 3577 4992 multitu-

1999 5042 2127 5097 dine
2143 5039 2490 5110 operantium
2507 5035 2850 5104 iniquitatem
2864 5029 2905 5084 ³.
2919 5049 2934 5082 ι
2947 5031 3124 5100 Atque
3139 5029 3355 5098 expleto
3369 5031 3580 5101 psalmo

1995 5140 2053 5186 et
2079 5131 2241 5186 tertia
2291 5128 2434 5183 facta
2475 5125 2725 5180 oratione
2781 5120 3104 5182 consedere,
3171 5119 3311 5174 alter
3352 5120 3582 5175 alterius

1996 5224 2215 5280 vincula
2238 5221 2571 5282 osculantes,
2599 5226 2656 5272 et
2677 5231 2735 5270 se
2759 5222 2950 5269 mutuo
2972 5213 3308 5281 stringentes
3334 5213 3580 5269 exsulta-

1998 5317 2151 5372 bant.
2192 5315 2429 5370 Sanctus
2460 5325 2588 5364 vero
2627 5307 2894 5362 Leontius
2957 5304 3164 5358 hortari
3208 5303 3358 5373 ipsos
3411 5304 3582 5372 cmpit

1996 5419 2054 5462 et
2092 5407 2276 5461 dicere
2307 5421 2319 5456 :
2346 5403 2567 5457 Fratres
2599 5393 2923 5460 venerandi,
2959 5391 3267 5461 famulique
3307 5406 3372 5446 ac
3429 5390 3580 5445 servi

1993 5496 2221 5558 Christi,
2249 5505 2520 5565 generoso
2545 5488 2732 5541 animo
2761 5484 2945 5539 omnia
3003 5483 3301 5538 toleremus
3346 5499 3360 5535 :
3403 5481 3582 5535 nostis

1999 5592 2146 5647 enim
2178 5604 2208 5645 e
2265 5585 2437 5640 sacris
2464 5582 2710 5644 Litteris,
2748 5585 2956 5648 quanta
2978 5573 3307 5632 sustinuerit
3336 5572 3440 5627 Job
3464 5573 3583 5645 (sed

2007 5679 2156 5735 enim
2193 5691 2291 5732 vos
2313 5689 2424 5728 non
2454 5673 2588 5727 latet
2617 5669 2740 5726 linis
2767 5666 3007 5738 Domini)
3063 5677 3337 5720 memores
3386 5671 3584 5725 estote,

3093 5897 3156 5962 ll
