3994 6434
405 404 507 474 331
574 402 576 405 ’

1701 375 1988 440 MENSIS
2027 372 2327 434 IULIUS.

3565 350 3679 414 339

401 519 552 591 quod
583 517 823 573 Joannes
856 507 1098 576 Baptista
1126 503 1306 574 capite
1363 505 1649 574 truncatus
1716 494 1838 591 sit,“
1869 490 1962 547 Ste

2119 488 2394 554 nréptewev
2439 481 2582 546 Ἰὼϐ,
2616 479 2750 536 ἀλλά
2779 478 2873 532 καὶ
2907 475 2966 529 τὸ
3001 473 3153 536 τέλος
3192 469 3398 542 Κυρίου
3430 469 3636 538 ἔγνωτε
3661 484 3680 498 ο

2157 578 2168 591 ι
2325 577 2350 591 λ
2492 576 2504 591 ρ
2707 573 2780 591 κέ.
2829 569 3088 591 9|-.L-..-_-
3141 564 3242 591 ..ιη
3290 566 3313 591 ι
3361 563 3680 591 0-...”L-

401 579 623 684 phanus
659 613 844 660 autem
879 597 1178 668 lapidatus,
1209 593 1408 648 Petrus
1457 586 1744 658 apostolus
1799 579 1987 683 Romae

403 671 724 761 crucifixus,
753 691 960 748 Paulus
987 687 1168 754 capite
1196 686 1470 746 minutus,
1513 677 1757 731 Thomas
1803 671 1990 741 spicu-

407 797 477 852 lis
500 790 808 848 confossus.
840 781 986 849 Quot
1033 793 1168 834 vero
1194 777 1372 831 sancti
1424 768 1768 840 temporibus
1819 761 1989 817 Maxi-

408 884 575 943 miani
601 875 972 949 imperatoris,
1002 870 1152 926 Decii
1176 877 1231 922 et
1249 865 1497 928 Adriani,
1517 862 1858 926 aliorumque
1887 855 1988 906 im-

407 977 627 1046 piorum
666 943 1090 1036 imperatorum,
1127 954 1392 1025 martyrio
1425 956 1535 1005 s‘nt
1557 947 1762 1010 aﬂccti,
1795 958 1850 998 et
1873 943 1990 1010 glo-

407 1033 555 1124 i‘iose
585 1033 819 1116 coronas
847 1049 1160 1111 consecuti,
1218 1057 1275 1102 et
1308 1041 1571 1099 fortunati
1622 1039 1692 1093 ab
1734 1033 1993 1091 omnibus

408 1155 803 1232 pmdicentur,
832 1154 892 1200 et
920 1143 1099 1199 nostis
1120 1139 1345 1195 omnino
1377 1143 1432 1189 et
1457 1130 1708 1187 audistis.

484 1422 578 1482 11.
611 1420 887 1486 Quorsum
915 1419 1100 1466 autem
1130 1406 1280 1461 viros
1314 1403 1527 1473 pugiles
1563 1407 1996 1454 commemorare

413 1482 656 1573 attinetr‘i
682 1509 784 1566 Ubi
836 1504 1101 1560 mulieres
1139 1510 1382 1567 quoque,
1443 1492 1704 1562 religione
1746 1496 1802 1542 et
1851 1482 1996 1573 virili

413 1572 603 1663 animo
634 1605 981 1671 praestantes,
1038 1587 1417 1644 imbecillitate
1443 1597 1605 1636 sexus
1622 1577 1894 1648 deposita,
1943 1572 1997 1625 in

413 1664 652 1752 Christo
694 1691 1002 1760 posuerunt
1051 1693 1228 1748 spem,
1259 1675 1332 1730 ob
1388 1672 1684 1743 repositam
1727 1667 1784 1721 in
1843 1664 2000 1719 caelis

415 1789 670 1860 gloriam.
694 1752 848 1835 Dicit
874 1775 1023 1829 enim
1053 1769 1320 1827 Dominus
1355 1765 1410 1818 in
1442 1759 1753 1829 Evangeliis
1781 1773 1797 1813 :
1836 1772 1856 1807 ι
1894 1752 1998 1819 Qui

2099 577 2383 649 μέμνησθε
2437 576 2654 637 πάντως
2704 573 2786 625 ὅτι
2829 569 3088 637 Ἰωάννης
3139 564 3242 636 μὲν
3287 566 3316 618 ό
3361 563 3683 631 Βαπτιστὴς

2095 667 2532 739 ἀπεκεφαλίσθη.
2567 667 2839 734 Στέφανος
2876 663 2934 716 δὲ
2979 657 3358 729 ἐλιθοὸολήθη,
3391 657 3599 726 Πέτρος
3648 655 3685 706 ὁ

2097 761 2398 822 ἀπόστολος
2427 761 2484 813 ἐν
2527 757 2719 830 Ῥώμῃ
2750 752 3099 824 ἐσταυρώθη,
3136 749 3348 812 Παῦλος
3391 749 3686 812 ἀποκεφα-

2097 851 2280 920 λίσθη,
2309 853 2511 920 Θωμᾶς
2539 849 2809 918 ἐκεντήθη
2835 863 2847 876 °
2879 849 2994 899 ὅσοι
3041 843 3099 897 δὲ
3133 843 3280 909 ἅγιοι
3329 843 3388 892 ἐν
3416 841 3526 900 τοῖς
3556 835 3689 909 χρόο

2099 957 2210 1003 νοις
2271 937 2622 1008 Μαξιμιανοῦ
2672 937 2767 991 τοῦ
2827 935 3115 1005 βασιλέως,
3165 934 3260 986 καὶ
3314 929 3530 992 Δεκίου,
3584 926 3688 978 καὶ

2113 1033 2397 1103 ’Λδριανοῦ
2443 1031 2676 1085 καὶτῶν
2712 1030 2888 1084 ἄλλων
2931 1028 3146 1081 ἀσεϐῶν
3178 1024 3465 1094 βασιλέων,
3512 1021 3692 1088 ἐμαρ·

2100 1123 2368 1196 τύρησαν,
2403 1123 2664 1188 ἐπιδόξως
2715 1124 2808 1176 καὶ
2863 1125 2990 1184 τοὺς
3038 1117 3339 1187 στεφάνους
3380 1111 3689 1171 ἀπέλαϐον,

2103 1219 2197 1270 καὶ
2230 1217 2629 1286 μακαρίζονται
2657 1213 2807 1285 παρὰ
2838 1214 3080 1277 πάντων,
3112 1214 3205 1264 καὶ
3231 1210 3432 1276 ἔγνωτε
3463 1207 3695 1267 πάντως

2105 1312 2198 1362 καὶ
2228 1308 2480 1363 ἀκούετε.

2175 1401 2253 1454 Θθ.
2294 1401 2402 1453 Καὶ
2449 1399 2503 1452 τί
2550 1399 2634 1452 δεῖ
2665 1398 2794 1469 περὶ
2828 1397 3038 1468 ἀνδρῶν
3081 1395 3434 1466 ἀθλησάντων
3463 1390 3692 1457 λέγεινς

2107 1491 2283 1545 ὐπου
2307 1506 2370 1557 γε
2392 1490 2487 1542 καὶ
2502 1491 2758 1556 γυναῖκες
2783 1487 3056 1549 θεοσεὸεῖς
3083 1487 3176 1539 καὶ
3193 1485 3462 1556 ἀνδρεῖαι,
3480 1479 3695 1534 ἀποθέ-

2109 1599 2269 1652 μεναι
2298 1583 2357 1635 τὸ
2387 1583 2488 1649 τῆς
2519 1582 2734 1650 φύσεως
2764 1580 2953 1632 ἄτονον
2985 1580 3081 1632 καὶ
3115 1577 3362 1639 ἀσθενὲς,
3394 1577 3698 1642 ἐνίσχυσαν

2105 1674 2205 1745 τὴν
2230 1675 2312 1736 είς
2347 1674 2583 1744 Χριστὸν
2616 1672 2808 1725 ἐλπίδα
2863 1670 2952 1723 διὰ
2981 1671 3080 1740 τὴν
3109 1669 3480 1738 ἀποκειμένην
3511 1667 3568 1716 ἐν
3592 1663 3698 1717 οὺ-

2113 1771 2294 1835 ρανυῖς
2327 1765 2506 1830 δόξαν.
2550 1765 2610 1819 '0
2638 1765 2745 1836 γὰρ
2774 1765 2976 1834 Κύριος
3013 1759 3166 1817 εἶπεν
3200 1766 3258 1814 ἐν
3298 1763 3410 1822 τοῖς
3443 1760 3701 1826 Εὑαγγι-

416 1847 504 1934 ἷῐιο
533 1870 889 1931 conﬁtebitur
956 1877 1142 1918 coram
1198 1855 1539 1916 hominibus,
1589 1847 1896 1905 conﬁtebor
1945 1854 2002 1899 et

2119 1860 2260 1919 ιίοιςο
2288 1859 2420 1921 «Ὃς
2451 1857 2516 1910 ἄν
2541 1857 2858 1927 ὁμολογήσῃ
2892 1873 2960 1925 με
3011 1853 3323 1924 ἔμπροσθεν
3353 1848 3696 1920 ἀνθρώπων,

417 1986 522 2039 ego
552 1982 676 2022 eum
700 1976 884 2018 coram
907 1958 1074 2013 Patre
1104 1967 1251 2016 meo,
1280 1949 1375 2019 qui
1397 1950 1453 2001 in
1481 1944 1639 1999 cmlis
1668 1951 1753 1994 est
1778 1958 1791 1994 :
1822 1947 1879 1992 et
1907 1936 2004 2006 qui

419 2030 708 2134 negaverit
752 2069 839 2108 me
869 2064 1054 2106 coram
1083 2043 1434 2105 hominibus,
1458 2036 1754 2108 negabitur
1782 2041 1838 2087 et
1888 2030 2006 2100 ipse

419 2129 606 2208 coram
640 2144 851 2216 angelis
877 2139 1037 2196 Dei".
1085 2156 1104 2189 ι
1141 2137 1332 2204 Itaque
1369 2133 1414 2186 si
1467 2129 1748 2187 mulieres,
1775 2137 2007 2195 quarum

420 2255 617 2299 natura
657 2237 873 2292 inﬁrma
906 2240 1011 2295 est,
1059 2228 1295 2282 viriliter
1361 2224 1737 2283 decertarunt,
1802 2223 2009 2286 quanto

423 2334 595 2401 magis
628 2345 728 2384 nos
753 2327 890 2382 tales
943 2338 1008 2376 ac
1068 2328 1249 2375 tantos
1302 2331 1403 2386 pro
1463 2313 1690 2368 Christo
1742 2307 2010 2377 martyrio

421 2422 679 2498 ρει-(ιιηεί
738 2415 996 2490 oportet?
1048 2411 1298 2467 Audistis
1347 2408 1416 2463 de
1458 2417 1648 2461 sancta
1680 2400 2008 2471 Enphemia,

421 2491 734 2584 Capitolina
765 2508 1062 2565 etJulitta,
1105 2503 1339 2570 aliisque
1393 2497 1604 2551 sanctis
1657 2491 2010 2555 mulieribus,

422 2620 654 2680 quarum
679 2600 899 2655 nomina
945 2597 1151 2664 scripta
1197 2600 1325 2646 sunt
1388 2589 1442 2643 in
1498 2587 1658 2642 libris
1717 2585 2010 2645 caelorum,

424 2674 589 2768 quam
631 2704 855 2748 strenue
889 2686 1232 2749 dimicarint,
1261 2692 1314 2738 et
1338 2680 1621 2735 diabolum
1655 2674 2009 2731 debellarint.

425 2791 469 2845 Ε
504 2787 709 2858 quibus
737 2779 1020 2837 dilectioni
1042 2787 1239 2831 vestra:
1271 2771 1574 2827 recensebo
1618 2768 1847 2838 dignum
1894 2779 2014 2817 ser-

427 2895 673 2942 nionem,
724 2885 1166 2930 commemorans
1188 2883 1253 2920 ea
1285 2880 1406 2934 (ιιιςιξ
1436 2872 1623 2931 ιιοορρι
1659 2877 1688 2914 3
1723 2875 1866 2921 \‘ll‘O,
1897 2872 2013 2909 ma-

428 2972 604 3043 gistro
630 2975 841 3026 nostro,
879 2963 971 3032 qui
1009 2959 1268 3014 veniebat
1304 2972 1370 3009 ex
1402 2953 1657 3024 Egypto,
1683 2961 1738 3006 et
1793 2949 2013 3002 audisse

430 3080 488 3121 se
520 3061 700 3120 aiebat
726 3075 757 3112 a
784 3064 974 3112 sancto
1009 3051 1249 3106 Antonio
1276 3057 1480 3103 aseeta.

500 3345 570 3402 Χ.
605 3340 970 3413 Temporibus
991 3335 1301 3392 Maximiani
1333 3332 1704 3404 persecutoris
1738 3328 2015 3397 fuitpncl-

430 3440 483 3494 la
510 3436 757 3508 quasdam
801 3431 1164 3491 Alexandrim,
1208 3427 1440 3494 alicujus
1494 3440 1524 3476 a
1577 3420 1844 3477 divitibus
1894 3419 2019 3473 istic

433 3529 783 3599 degentibus,
811 3522 1034 3578 ancilla.
1098 3520 1307 3573 Nomen
1362 3516 1468 3586 ipsi
1522 3523 1640 3568 erat
1699 3513 2018 3566 Potamiena

434 3625 534 3691 (2).
567 3617 926 3689 Cogebatura
954 3627 1056 3667 suo
1078 3610 1299 3665 domino
1353 3608 1420 3660 ad
1480 3603 1861 3660 concubitum.
1927 3601 2019 3655 Illa

437 3715 618 3770 dixit:
663 3710 881 3766 Ancilla
917 3705 1123 3760 Christi
1149 3717 1294 3766 sum,
1325 3715 1435 3754 non
1478 3697 1714 3752 Scortor.
1753 3693 2020 3748 Dominus

434 3823 566 3863 vero
590 3804 658 3859 ad
684 3814 902 3871 tempus
923 3795 1150 3866 aliquod
1210 3793 1312 3864 ipsi
1361 3790 1609 3847 insultat.
1659 3785 1782 3857 ipsa
1833 3797 2018 3838 autem

434 3915 545 3954 non
578 3895 746 3967 gessit
777 3905 1010 3946 morem.
1045 3887 1094 3940 Is
1131 3887 1316 3954 itaque
1338 3883 1502 3938 simul
1538 3881 1791 3950 diligens,
1853 3878 2019 3932 simul

437 3991 732 4050 miserans,
759 3998 868 4035 non
905 3977 1132 4038 cecidit,
1175 3975 1270 4028 sed
1301 3975 1563 4043 przel‘ecto
1616 3985 1738 4025 eam
1791 3967 2018 4022 tradidit

439 4082 633 4135 dicens
666 4094 679 4128 :
714 4074 772 4128 Si
807 4068 1093 4142 proposito
1123 4081 1247 4119 meo
1289 4062 1654 4126 obsecundet,
1710 4059 2018 4121 annuntia;

439 4174 524 4227 sin
556 4168 760 4224 minus,
818 4163 952 4233 puni
988 4159 1157 4220 illam,
1221 4166 1280 4210 ut
1326 4156 1708 4209 Christianam.
1755 4151 2020 4206 Plat-recto

439 4264 625 4329 itaque
676 4257 900 4317 tradita,
963 4251 1261 4318 multisque
1312 4246 1723 4300 adulationibus
1775 4247 1843 4298 ab
1901 4243 2020 4312 ipso

441 4359 669 4413 tentata,
700 4356 756 4400 nt
809 4344 925 4399 heri
961 4343 1132 4412 jussis
1183 4341 1610 4408 obtemperaret,
1682 4337 2022 4405 respondens

439 4443 577 4497 dixit
611 4439 728 4493 :Ne
764 4437 886 4490 talis
923 4448 1162 4503 unquam
1195 4430 1494 4499 ﬁatjudex,
1530 4429 1622 4498 qui
1657 4429 1812 4500 jubet
1843 4429 2012 4482 a::cil-

2108 1951 2432 2022 ὁμολογήσω
2477 1951 2641 2003 αὐτὸν
2684 1950 2841 2018 κάγὼ
2873 1949 3182 2019 ἔμπροσθεν
3217 1946 3310 2000 τοῦ
3343 1942 3555 2014 Πατρός
3583 1957 3699 2011 μου

2107 2043 2203 2096 τοῦ
2231 2047 2288 2096 ἐν
2315 2044 2565 2114 οὐρανοῖς
2585 2059 2598 2072 ο
2633 2046 2728 2097 καὶ
2772 2043 2832 2105 ὃς
2863 2043 2927 2095 ἂν
2953 2038 3341 2111 ἀπαρνήσηταί
3381 2053 3447 2107 με
3481 2035 3703 2102 ἐμπροο

2115 2139 2241 2190 σἿεν
2272 2138 2382 2190 τῶν
2407 2137 2736 2208 ἀνθρώπων,
2768 2136 3226 2205 ἀπαρνεθήσητσιι
3267 2131 3361 2184 καὶ
3392 2128 3552 2189 αὐτὸς
3591 2126 3700 2191 εμ-

2112 2229 2348 2300 προσθεν
2366 2230 2472 2281 τῶν
2490 2230 2738 2296 ἀγγέλων
2755 2227 2848 2281 τοῦ
2868 2227 3025 2281 Θεοῦ.
3039 2247 3057 2279 ι
3083 2229 3142 2279 Εἰ
3159 2225 3250 2280 οὖν
3271 2225 3546 2294 γυναῖκες.
3562 2213 3639 2273 ὧν
3659 2219 3700 2288 ή

2113 2320 2273 2389 φύσις
2301 2319 2579 2385 ἀσθένεια,
2612 2319 2880 2387 ἀνδρικῶς
2908 2317 3270 2386 ἠγωνίσαντο,
3305 2315 3456 2382 πόσῳ
3491 2308 3706 2380 μᾶλλον

2113 2413 2398 2482 ὀφείλομεν
2438 2414 2598 2483 ἡμεῖς
2626 2412 2676 2464 οί
2707 2411 2940 2464 τοιοῦτοι
2971 2411 3063 2462 καὶ
3105 2413 3350 2462 τοσοίτοι
3387 2406 3527 2476 ὑπὲρ
3561 2407 3705 2476 Χρι-

2115 2507 2242 2559 στοό
2279 2508 2663 2576 μαρτυρῆσαις
2713 2504 2967 2557 Ἀκούετε
3011 2503 3141 2572 περὶ
3171 2503 3268 2572 τῆς
3301 2503 3464 2570 ἁγίας
3501 2504 3697 2570 Εὐφη-

2119 2601 2268 2668 μίας,
2306 2600 2402 2650 καὶ
2440 2596 2872 2665 Καπιτουλίνης,
2926 2596 3020 2647 καὶ
3064 2594 3374 2664 Ἰουλίττης,
3433 2595 3530 2648 καὶ
3585 2599 3702 2650 τῶν

2115 2688 2291 2741 ἄλλων
2327 2689 2499 2754 ἁγίων
2530 2686 2830 2754 γυναικῶν,
2880 2678 2954 2736 ὧν
2984 2685 3052 2736 τὰ
3097 2684 3338 2753 ὀνόματα
3385 2685 3445 2738 ἐν
3490 2685 3703 2755 βίϐλοις

2115 2780 2224 2833 τῶν
2251 2778 2498 2846 οὐρανῶν
2540 2780 2680 2830 εἰσιν
2713 2779 3065 2847 ἀνάγραπτοι,
3098 2777 3214 2837 πῶς
3246 2775 3516 2848 λαμπρῶς
3547 2781 3706 2846 ὴγω-

2116 2872 2357 2933 νίσαντο,
2389 2869 2482 2921 καὶ
2517 2867 2776 2936 ἐνίκησαν
2800 2868 2890 2917 τὸν
2923 2866 3171 2919 διάϐολον
3194 2882 3206 2895 ·
3234 2869 3294 2919 ἐν
3329 2863 3411 2930 οἷς
3441 2868 3704 2939 διηγησο-

2121 2977 2218 3028 μαι
2251 2963 2315 3030 τῇ
2349 2960 2536 3029 ἀγάπῃ
2575 2958 2726 3028 ὑμῶν
2787 2957 2943 3024 λόγον
2991 2959 3162 3022 ἄξιον,
3230 2961 3607 3029 μνημονεύων.
3661 2963 3706 3014 ἃ.

2117 3054 2332 3122 ἀκήκοα
2385 3055 2535 3121 παρά
2581 3052 2794 3120 ἀνδρὸς,
2851 3052 3172 3105 διδασκάλου
3231 3055 3411 3122 ἡμῶν,
3447 3053 3705 3117 ἐλθόντος

2119 3145 2228 3198 ἀπὸ
2255 3146 2352 3215 τῆς
2379 3145 2680 3213 Αἰγύπτου,
2701 3144 2800 3196 καὶ
2821 3144 2982 3207 αὐτὸς
3009 3145 3196 3212 ἔλεγεν
3219 3146 3516 3216 ἀκηκοέναι
3544 3149 3705 3217 παρὰ

2119 3236 2213 3290 τοῦ
2239 3237 2400 3305 ἀγίου
2445 3237 2732 3289 ’Λντωνίου
2757 3234 2851 3289 τοῦ
2884 3236 3148 3304 ἀσκητοῦ.

2193 3331 2248 3384 l'.
2273 3332 2396 3383 Ὅτι
2411 3332 2468 3383 ἐν
2481 3333 2590 3391 τοῖς
2608 3330 2821 3400 καιροῖς
2839 3328 3186 3398 Magium-:05
3201 3329 3293 3384 τοῦ
3310 3330 3539 3384 διώκτου
3558 3333 3703 3402 κόρη

2118 3437 2204 3484 τις
2222 3426 2279 3475 ἐν
2307 3422 2708 3492 Ἀλεξανδρείᾳ,
2722 3423 2883 3490 δούλη
2904 3423 3044 3484 τινὸς
3063 3423 3381 3492 ὑπάρχουσα
3396 3424 3503 3475 τῶν
3520 3427 3704 3478 ἐκεῖσε

2120 3515 2414 3569 ’πλουσίων⁹
2451 3514 2591 3585 αὕτη
2627 3515 2683 3569 δὲ
2719 3515 2937 3584 ἐλέγετο
2964 3517 3306 3585 Ποτσμιήνα.
3347 3519 3703 3589 Ἡναγκάσῡη

2122 3608 2273 3677 παρὰ
2304 3607 2394 3660 τοῦ
2425 3608 2558 3660 ἰδίου
2585 3608 2847 3660 δεσπότου
2906 3608 3298 3674 συγκαθεύδειν
3335 3610 3502 3678 αύτῷ.
3553 3609 3618 3662 'H
3645 3613 3706 3663 ot

2121 3695 2278 3751 εἶπεν
2305 3715 2319 3730 ο
2361 3701 2483 3751 Ὅτι
2521 3698 2760 3768 Χριστοῦ
2805 3701 2921 3768 ειμι
2973 3699 3160 3772 δούλη,
3193 3702 3286 3753 καὶ
3325 3701 3387 3755 οὐ
3424 3703 3702 3771 πορνεύω.

2134 3791 2193 3845 Ὀ
2219 3792 2274 3844 δὲ
2305 3791 2570 3860 δεσπότης
2605 3791 2836 3860 ἐφήδετο
2871 3791 3044 3860 αὐτῆς
3083 3792 3187 3854 ἐως
3218 3793 3362 3853 τινός
3383 3806 3396 3820 ’
3432 3793 3463 3862 ἡ
3496 3793 3551 3844 δὲ
3598 3795 3709 3848 οὐκ

2122 3881 2351 3951 ἐπείσθη
2373 3899 2385 3912 ·
2417 3883 2579 3944 αὐτὸς
2613 3884 2714 3951 μὲν
2738 3883 2854 3951 ἅμα
2883 3883 3134 3950 ἀγαπῶν,
3161 3882 3277 3953 ἅμα
3307 3883 3364 3936 δὲ
3392 3886 3485 3936 καὶ
3510 3884 3708 3952 ἐλεῶν,

2121 3978 2221 4028 οὐκ
2257 3976 2510 4040 ἔτυπτεν,
2561 3977 2698 4029 ἀλλά
2732 3976 3050 4045 παρέδωκεν
3097 3978 3268 4044 αὐτὴν
3317 3977 3395 4047 τῷ
3443 3979 3702 4048 ἡγεμόνι,

2118 4069 2326 4135 λέγων·
2381 4068 2504 4120 -Εὰν
2541 4067 2769 4136 συνθῆτε
2803 4068 2882 4136 τῷ
2921 4067 3108 4137 σκοπῷ
3160 4085 3287 4137 μου,
3323 4069 3494 4138 φῆσαι
3536 4071 3706 4141 αὐτῇ,

2122 4159 2170 4211 εί
2197 4161 2251 4212 δὲ
2283 4160 2381 4229 μὴ,
2405 4159 2634 4212 κόλασον
2657 4158 2825 4229 αὐτὴν
2848 4159 2922 4220 ὡς
2946 4159 3303 4228 Χριστιανήν.
3329 4160 3709 4229 ιίαραδοθεῖσα

2111 4253 2176 4306 ’δὲ
2206 4252 2282 4321 τῷ
2315 4253 2567 4321 ἡγεμόνι,
2602 4252 2692 4303 καὶ
2724 4251 2896 4303 πολλὰ
2928 4251 3063 4319 παρ’
3095 4250 3262 4304 αὑτοῦ
3298 4251 3704 4306 κολακευθείσα

2123 4343 2216 4395 τοῦ
2246 4344 2533 4410 πεισθῆναι
2563 4345 2675 4405 τοῖς
2703 4343 2795 4394 τοῦ
2827 4345 3090 4396 δεσπότου
3119 4344 3442 4413 κελεύμασι,
3466 4345 3700 4416 ἀποκρι-

2126 4433 2280 4486 θεῖσα
2309 4431 2462 4486 εἷπεν
2483 4451 2496 4464 °
2526 4436 2618 4504 Μὴ
2652 4438 2860 4501 γένιιτο
2891 4434 3130 4498 τοιοῦτός
3166 4452 3292 4488 πλτε
3325 4436 3604 4507 δικαστὴς,
3643 4437 3705 4500 ὃς

436 4537 545 4590 lam
579 4531 802 4585 obedire
826 4527 1041 4580 libidini
1066 4523 1293 4576 domini.
1334 4522 1582 4591 Cumque
1626 4527 1917 4591 pra-lectus
1946 4521 2009 4572 ti-

2126 4528 2335 4582 κελεύει
2365 4526 2572 4596 ἀσωτίᾳ
2606 4526 2870 4578 δεσπότου
2900 4527 3096 4596 δούλην
3131 4528 3555 4582 ὑποτάσσεσθαι.
3595 4528 3706 4580 Τοῦ

437 4639 648 4682 morem
674 4624 948 4675 incuteret
978 4636 992 4672 :
1024 4617 1082 4671 In
1111 4617 1348 4670 lebetem
1387 4626 1436 4670 te
1468 4616 1778 4684 conjiciam,
1812 4623 1870 4666 ut
1895 4615 2014 4682 pice

437 4708 797 4777 comburaris,
842 4726 967 4765 cum
1020 4709 1325 4764 christiana
1381 4708 1490 4770 sis;
1545 4707 1658 4760 hzec
1698 4706 1838 4760 dixit
1883 4706 1960 4759 illi
1999 4723 2011 4758 :

437 4809 543 4863 Per
576 4815 741 4874 caput
779 4800 1134 4870 imperatoris
1163 4801 1418 4868 (multum
1443 4799 1590 4851 enim
1617 4799 1761 4851 hunc
1791 4811 2014 4851 revere-

438 4897 536 4968 ris)
571 4913 637 4949 ne
666 4897 859 4964 jubeas
884 4893 1047 4947 simul
1073 4901 1126 4945 et
1157 4892 1324 4945 semel
1347 4907 1430 4944 me
1467 4891 1654 4960 projici
1680 4893 1732 4944 in
1753 4892 2010 4954 lebetem,

438 4988 532 5040 std
570 4985 830 5057 paulatim
863 4983 1102 5048 demitti,
1130 4991 1189 5035 ut
1227 4983 1379 5035 noris
1417 4993 1684 5052 quantum
1739 4981 2015 5035 oatientiae

437 5078 695 5131 Christus
729 5076 862 5128 mihi
898 5075 1088 5128 dontt.

513 5299 603 5354 XI.
639 5299 761 5369 ipsa
793 5299 979 5369 itaque
1010 5301 1063 5354 in
1101 5299 1337 5353 lebetem
1379 5299 1598 5369 injecta,
1627 5299 1791 5354 simul
1856 5311 2023 5370 atque

440 5394 532 5463 pix
555 5391 622 5445 ad
653 5393 852 5446 collum
877 5391 1152 5462 pervenit,
1185 5392 1439 5460 spiritum
1469 5407 1628 5445 suum
1661 5393 1902 5446 tradidit.
1936 5393 2028 5448 Vi-

438 5487 603 5549 detis,
635 5485 785 5554 quod
816 5484 1041 5548 mulier,
1093 5497 1217 5552 quae
1270 5493 1390 5537 erat
1455 5483 1570 5537 sola
1629 5494 1686 5537 et
1720 5484 1918 5538 ancilla
1971 5494 2028 5539 et

482 5651 500 5679 δ
549 5651 741 5706 Matth.
803 5668 856 5719 x,
901 5652 991 5720 aa,
1041 5653 1134 5708 53.

2125 4622 2183 4674 δὲ
2225 4619 2494 4690 ἡγεμόνος
2533 4618 2898 4690 φοϐήσαντος,
2922 4620 3004 4671 ὅτι
3033 4624 3090 4672 ἐν
3125 4619 3202 4685 τῷ
3230 4620 3415 4687 λέϐητί
3441 4637 3499 4672 σε
3529 4622 3703 4690 ἐμϐάς

2125 4713 2220 4776 λω,
2257 4711 2617 4778 συγκαίεσθαι
2647 4715 2710 4779 τῇ
2745 4711 2913 4779 πίσσῃ
2947 4711 3022 4772 ὡς
3051 4711 3386 4779 Χριστιανην
3427 4709 3592 4762 οὖσαν
3618 4727 3631 4739 ·
3670 4713 3704 4782 ἡ

2123 4806 2179 4856 δὲ
2207 4800 2358 4854 εἶπεν
2393 4802 2541 4871 αύτῴ
2572 4803 2671 4870 τὴν
2702 4804 2948 4870 κεφαλήν
2974 4819 3054 4853 σοι
3082 4802 3175 4855 τοῦ
3202 4803 3488 4871 βασιλέως,
3515 4803 3705 4874 ἐπειδὴ

2128 4896 2263 4947 πολὺ
2299 4895 2435 4964 φοϐῇ
2471 4895 2654 4957 αὐτὸν,
2693 4897 2766 4962 μὴ
2805 4895 3084 4956 κελεύσεις
3123 4896 3232 4947 ἀπὸ
3271 4895 3422 4958 ἅπαξ
3475 4897 3703 4966 ῥιφῆναί

2131 5004 2197 5056 με
2247 4989 2304 5038 ἐν
2361 4986 2437 5054 τῷ
2500 4985 2718 5054 λέῦητι,
2773 4985 2908 5038 ἀλλὰ
2963 4988 3102 5038 κατὰ
3164 4988 3360 5056 μικρὸν
3429 4987 3709 5057 χαλασθῇ-

2128 5098 2238 5139 ναι,
2292 5079 2376 5131 ἵνα
2435 5077 2602 5147 γνῴη
2654 5081 2828 5146 π’ὶσην
2898 5096 2990 5147 μοι
3042 5079 3318 5148 ὑπομονὴν
3381 5080 3408 5128 ὁ
3468 5080 3707 5148 Χριστὸς

2121 5173 2436 5243 χαρίζεται.

2193 5295 2295 5347 ιΑι.
2326 5294 2435 5345 Καὶ
2473 5292 2764 5361 βληθείσης
2801 5292 2971 5362 αὐτῆς
2993 5293 3051 5344 ἐν
3075 5292 3153 5361 τῷ
3175 5292 3384 5362 λέὸητι,
3420 5291 3497 5354 ὡς
3538 5286 3709 5361 ἦλθεν

2123 5388 2255 5456 περὶ
2286 5386 2378 5438 τὸν
2409 5386 2683 5455 τράχηλον
2727 5389 2759 5454 ἡ
2827 5386 3016 5449 πίσσα,
3077 5385 3329 5438 ἀπέδωκε
3373 5385 3470 5453 τὴν
3519 5383 3708 5452 ψυχὴν

2125 5481 2318 5551 αὐτῆς.
2367 5481 2587 5551 ὈρΞιτε,
2620 5479 2705 5532 ὅτι
2739 5478 2876 5549 γυνὴ
2908 5477 3045 5549 μόνη
3092 5477 3184 5532 καὶ
3215 5477 3382 5548 δούλη
3425 5477 3708 5546 ὑπάρχου-

515 5804 592 5868 (Ξ)
635 5806 706 5859 De
739 5807 838 5862 hac
870 5809 923 5864 S.
963 5809 1284 5866 Potantiena
1313 5811 1536 5882 juniorc
1564 5823 1746 5870 actum
1779 5822 1912 5868 tom.
1953 5812 2018 5867 ll.
2061 5813 2206 5868 Junii
2235 5831 2359 5884 pag.
2391 5814 2442 5871 6.
