3994 6424
304 383 413 446 3-33

1250 384 1724 445 MARTYRIUM
1767 387 1872 445 SS.
1917 387 2065 446 XLV
2104 389 2560 454 MARTYRUM.

3454 399 3556 463 331.

291 510 384 554 σα,
412 493 506 546 καὶ
539 491 614 562 μὴ
647 491 849 562 ἔχουσα
877 495 1078 565 ἑαυτῆς
1103 496 1377 562 ἐξουσίαν,
1407 497 1580 560 οὕτως
1609 501 1675 568 τῇ
1703 499 1879 568 μεγά-

1993 518 2103 573 quae
2125 521 2234 560 non
2272 505 2510 561 habebat
2539 515 2868 578 potestatem
2897 511 2980 565 sui
3015 509 3210 582 ipsius,
3233 525 3339 570 tam
3366 531 3557 587 magna

290 583 361 650 λῇ
407 582 656 650 ὑπομονῇ
722 583 1032 654 κατῄσχυνε
1063 585 1154 636 τὸν
1186 585 1473 656 τύραννον.
1509 587 1575 639 Τί
1617 587 1685 640 ἂν
1717 589 1883 642 εἴποι-

292 690 396 744 μεν
428 676 632 744 ήμεῐςς
671 674 704 745 ἢ
741 676 876 730 ποία
910 675 1208 747 ὑπέρθεσις
1241 677 1394 730 ἔσται
1449 677 1546 732 τοῦ
1581 678 1657 748 μὴ
1687 681 1886 735 ἀποθα-

288 771 403 820 νεῖν
443 769 584 839 ὑπὲρ
619 767 716 823 τοῦ
751 769 962 840 Κυρίου
997 768 1156 839 ήμῶν
1196 769 1369 840 Ἰησοῦ
1407 772 1685 842 Χριστοῦ;
1726 775 1882 827 Μετὰ

292 864 407 931 γὰρ
447 861 549 932 τὴν
588 861 882 915 τελείωσιν
923 862 1081 930 ἡμῶν
1143 863 1200 916 αί
1242 863 1344 934 μὲν
1375 863 1545 934 ψυχαὶ
1585 866 1743 934 ήμῶν
1781 865 1885 919 ὐπὸ

291 955 470 1022 ἁγίων
508 954 762 1021 ἀγγέλων
799 952 1254 1023 δορυφοροῦνται,
1293 955 1387 1008 καὶ
1430 957 1488 1008 ἐν
1518 958 1584 1026 τῇ
1632 956 1882 1028 βασιλείᾳ

289 1045 403 1097 τῶν
455 1045 710 1114 οὐρανῶν
765 1045 1026 1113 στέφανοι
1073 1047 1167 1099 καὶ
1220 1048 1381 1114 τιμαὶ
1433 1047 1682 1100 ἔσονται·
1719 1049 1789 1101 τά
1825 1049 1884 1102 δὲ

291 1136 528 1205 λείψανα
586 1137 749 1204 ἡμῶν
796 1135 940 1204 μετὰ
988 1138 1164 1206 χαρᾶς
1212 1139 1306 1191 καὶ
1330 1137 1492 1207 δόξης
1522 1139 1664 1192 κατὰ
1699 1141 1884 1194 πᾶσαν

292 1227 393 1297 τὴν
437 1226 775 1296 οἰκουμένην
833 1226 1236 1294 ἐκπέμπονται.
1299 1227 1409 1280 Καὶ
1454 1227 1632 1281 ταῦτα
1683 1228 1877 1292 εἰπὼν,

293 1318 512 1380 πάντας
547 1315 1149 1389 παρεθάρῤυνεν,ὦστε
1185 1317 1281 1371 καὶ
1311 1319 1512 1376 αὐτοὺς
1541 1320 1740 1374 είπεῖν.
1774 1319 1882 1373 Τοῦ

295 1411 510 1478 Κυρίου
566 1411 629 1463 τὸ
682 1409 896 1482 θέλημα
945 1410 1208 1479 γενέσθω.
1274 1411 1574 1474 Καύσωνος
1619 1411 1677 1464 δὲ
1729 1411 1883 1476 ὄντος

291 1501 598 1571 ἀφορήτου,
623 1501 790 1572 ήνξκα
844 1502 1017 1556 ταῦτα
1069 1505 1188 1564 τοῖς
1235 1503 1415 1569 ἁγίοις
1444 1503 1751 1567 συνέϐαινε,
1787 1502 1884 1556 καὶ

294 1592 680 1663 ικκαιομένων
726 1593 908 1646 αὐτῶν
952 1596 1019 1663 τῇ
1062 1593 1213 1663 δίψῃ,
1239 1593 1337 1646 καὶ
1377 1592 1738 1662 κωλυομένων
1773 1592 1882 1645 τῶν

288 1683 514 1736 οἰκείων
545 1682 826 1758 ἐπιδοῦναι
873 1686 1059 1749 αὐτοῖς
1097 1685 1284 1756 ἄρτον,
1335 1685 1368 1757 ἢ
1406 1685 1574 1755 ῦδιυρ,
1617 1687 1756 1757 γυνή
1798 1703 1884 1750 τις

291 1774 560 1844 θεοσεϐὴς
599 1777 828 1846 ὀνόματι
861 1777 1132 1848 Βασιανὴ,
1157 1777 1511 1848 εὐσχημόνως
1538 1777 1878 1848 ἑνδυσαμένη

1987 595 2252 664 patientia
2288 605 2578 668 tyrannum
2613 599 2947 656 confuderit.
2979 602 3120 669 Quid
3155 620 3288 676 ergo
3317 623 3418 663 nos
3478 611 3564 664 di-

1987 690 2212 743 cemus?
2233 699 2328 744 aut
2360 691 2542 760 qualis
2566 691 2755 749 dilatio
2775 695 2883 748 erit
2908 711 3017 750 non
3041 696 3180 752 mori
3208 714 3306 768 pro
3328 700 3564 757 Domino

1989 792 2178 835 nostro
2205 781 2336 837 Iesu
2377 783 2637 838 Christo?
2668 786 2802 840 Nam
2834 797 2958 856 post
3004 798 3238 844 mortem
3291 802 3562 856 nostram,

1987 873 2186 928 animae
2219 885 2423 931 nostra:
2452 886 2771 933 sanctorum
2810 879 3128 950 angelorum
3170 883 3432 938 satellitio
3464 887 3563 940 sti-

1988 965 2300 1033 pabuntur;
2330 978 2387 1020 et
2412 967 2466 1022 in
2503 984 2673 1039 regno
2699 970 2965 1025 cmlorum
3003 987 3225 1028 corona;
3250 983 3305 1029 et
3329 975 3567 1031 honores

1985 1067 2188 1112 erunt:
2219 1059 2469 1128 reliquiae
2501 1069 2684 1114 autem
2708 1073 2911 1118 nostra:
2931 1079 3057 1118 cum
3105 1065 3308 1135 gaudio
3359 1076 3416 1121 et
3464 1067 3569 1122 ho-

1986 1162 2124 1202 nore
2145 1163 2244 1218 per
2266 1151 2584 1206 universum
2612 1151 2803 1206 orbem
2830 1155 3304 1211 transmittentur.
3328 1157 3455 1212 Haec
3485 1159 3567 1212 Ia-

1985 1243 2101 1301 tus,
2159 1239 2656 1295 omnibusanimos
2687 1241 2924 1306 addidit,
2982 1243 3121 1298 adeo
3149 1254 3208 1298 ut
3269 1247 3371 1316 ipsi
3426 1263 3569 1318 quo-

1985 1345 2094 1400 que
2134 1329 2426 1386 dicerent:
2460 1333 2676 1388 Domini
2710 1335 2965 1391 voluntas
3014 1336 3132 1390 fiat.
3186 1337 3325 1394 Cum
3381 1349 3565 1396 autem

1984 1437 2096 1491 quo
2137 1432 2383 1494 tempore
2415 1426 2532 1480 hazc
2563 1427 2892 1484 eveniebant
2937 1430 3164 1496 sanctis,
3216 1441 3384 1488 :estus
3422 1445 3569 1490 esset

1987 1512 2376 1581 intolerabilis,
2404 1527 2461 1571 et
2499 1534 2610 1588 pra:
2642 1519 2732 1573 siti
2762 1531 3165 1586 exurerentur;
3203 1539 3441 1594 cumque
3484 1524 3570 1580 in—

1985 1621 2153 1676 super
2181 1607 2541 1664 interdictum
2564 1609 2885 1666 domesticis
2917 1622 3066 1667 esset
3091 1613 3340 1682 praebere
3364 1614 3446 1668 eis
3473 1628 3572 1684 pa-

1985 1710 2113 1751 nem
2143 1705 2241 1750 aut
2275 1712 2498 1766 aquam,
2529 1700 2728 1753 mulier
2759 1700 3008 1770 quaedam
3041 1702 3150 1770 pia,
3193 1703 3419 1758 nomine
3465 1704 3572 1758 Ba-

1985 1789 2163 1852 siana,
2187 1789 2446 1845 muliebri
2471 1792 2673 1847 amictu
2729 1791 2932 1848 decore
2963 1794 3176 1859 induta,
3208 1795 3441 1850 mal’orio
3489 1797 3571 1866 (3)

292 1867 393 1936 τὴν
439 1869 764 1935 γυναικείαν
819 1870 1038 1941 στολὴν,
1076 1870 1173 1924 καὶ
1220 1871 1488 1940 μαφόριον
1543 1869 1884 1941 πλατύτερον

1993 1883 2206 1947 latiore,
2272 1898 2436 1953 quam
2499 1884 2731 1950 solebat,
2774 1883 3138 1949 circumdata,
3173 1887 3386 1955 poculis
3414 1901 3571 1956 aqua:

295 1961 395 2027 τῆς
423 1960 719 2030 συνηθείας
745 1961 1208 2032 περιϐαλλομένη,
1245 1961 1502 2024 κώθωνας
1531 1961 1724 2026 ὓδατος
1747 1962 1884 2032 πλή-

295 2069 414 2121 ρεις
448 2053 858 2124 διαζωσαμένη,
915 2054 1010 2107 καὶ
1060 2053 1136 2118 ὡς
1169 2053 1510 2123 ἐπισκέψεως
1553 2054 1714 2123 χάριν
1743 2056 1878 2107 ἀνυ-

294 2148 522 2207 cintus;
549 2146 687 2216 πρὸς
709 2145 904 2209 αὐτιὺς
928 2146 1380 2216 εἰσπορευομένη,
1402 2145 1650 2208 ἐπότιζεν
1679 2146 1879 2208 αὐτοὺς

295 2237 694 2301 λανθανόντως.

1987 1974 2168 2044 plenis
2192 1975 2370 2029 cincta
2403 1983 2459 2029 et
2489 1983 2745 2044 tanquam
2777 1977 2989 2032 visendi
3017 1979 3190 2047 gratia
3218 1977 3338 2034 sine
3389 1978 3572 2047 suspi-

1989 2067 2147 2122 cione
2182 2067 2248 2120 ad
2280 2081 2375 2122 eos
2402 2067 2670 2136 proiecta,
2697 2067 2836 2121 clam
2871 2067 3007 2138 ipsis
3030 2081 3220 2138 petum
3251 2069 3424 2124 dedit.

1749 2392 1978 2448 CAPUT
2019 2395 2112 2448 111.

741 2513 925 2570 Sancti
965 2515 1166 2584 [rustra
1211 2515 1284 2569 ad
1327 2515 1528 2586 cultum
1578 2514 1799 2568 deorum
1834 2515 2167 2586 inritantur;
2211 2517 2265 2568 in
2300 2530 2424 2570 neos
2459 2523 2508 2569 et
2554 2523 2844 2586 tyrannum
2874 2517 3138 2570 invehitur

1239 2597 1458 2641 sanctus
1494 2585 1772 2650 Leontius;
1817 2585 1961 2639 clam
2017 2603 2050 2638 a
2093 2586 2312 2639 muliere
2352 2585 2628 2656 petantur.

379 2713 478 2771 ιε’.
526 2710 1102 2782 Διανυκτερεύσαντες
1157 2711 1215 2764 δὲ
1267 2713 1325 2764 ὲν
1372 2711 1452 2780 τῷ
1509 2712 1689 2764 σκότει
1744 2706 1886 2781 ἦσαν

307 2807 730 2877 ἀγαλλιώμενοι,
763 2805 840 2868 ὡς
867 2806 924 2858 ὲν
957 2805 1161 2874 ἡμέρᾳ,
1189 2803 1284 2856 καὶ
1318 2803 1546 2872 ἔψαλλον
1575 2803 1714 2873 ὁμοῦ
1746 2804 1889 2858 πάν-

304 2916 392 2961 τες
414 2899 687 2967 λέγοντες·
707 2914 728 2948 ι
755 2894 972 2961 Ἐξελοῦ
993 2913 1058 2966 με
1083 2898 1147 2948 ὲκ
1168 2895 1277 2948 τῶν
1295 2894 1507 2965 ἐχθρῶν
1536 2911 1661 2964 μου,
1679 2895 1708 2946 ὁ
1731 2895 1884 2958 Θεὸς,

302 2995 396 3043 καὶ
458 2991 526 3042 ὲκ
569 2991 682 3041 τῶν
712 2989 1171 3057 ἐπανισταμένων
1201 2986 1288 3038 ἐπ’
1318 2987 1419 3057 ἐμὲ
1463 2985 1736 3058 λύτρωσαί
1783 3001 1884 3056 με·

2057 2709 2172 2765 XII.
2202 2711 2341 2765 Dum
2377 2727 2508 2766 vero
2548 2721 2958 2782 pernoctarent,
2989 2714 3042 2768 in
3079 2716 3320 2772 tenebris
3342 2727 3449 2773 tam
3475 2735 3569 2776 ex-

1986 2804 2266 2859 sultabant
2301 2821 2466 2874 quam
2509 2805 2562 2858 in
2590 2807 2731 2870 luce,
2763 2807 3166 2877 cantabantque
3200 2826 3306 2865 una
3338 2828 3564 2869 omnes:

1993 2915 2012 2948 (
2045 2897 2210 2966 Eripe
2244 2913 2330 2952 me
2355 2897 2422 2951 de
2452 2897 2714 2963 inimicis,
2749 2899 2892 2953 Deus
2938 2914 3115 2965 meus,
3152 2910 3207 2956 et
3258 2904 3327 2958 ab
3380 2905 3568 2962 insur-

1986 2990 2244 3059 gentibus
2273 2992 2326 3043 in
2361 3005 2448 3043 me
2477 2990 2685 3044 redime
2712 3006 2820 3044 me.
2856 2990 3052 3047 Libera
3104 3010 3189 3048 me
3221 2996 3288 3051 ab
3332 3013 3568 3068 operan-

304 3083 468 3152 ῥῦσαί
499 3099 567 3150 με
604 3084 670 3135 ὲκ
700 3081 812 3133 τῶν
842 3079 1234 3150 ἐργαζομένων
1277 3079 1374 3149 τὴν
1405 3081 1662 3148 ἀνομίαν,
1695 3082 1791 3132 καὶ
1822 3079 1884 3144 ἐξ

1993 3080 2142 3135 tibus
2161 3081 2531 3152 iniquitatem,
2563 3082 2702 3136 etde
2724 3083 2859 3138 viris
2876 3086 3204 3155 sanguinum
3219 3090 3368 3144 salva
3383 3108 3469 3148 me
3487 3093 3528 3158 ³,
3543 3113 3561 3144 ι

302 3175 511 3245 ἀνδρῶν
559 3175 812 3245 αἱμάτων
847 3172 1019 3226 σῶσόν
1063 3191 1152 3242 με,
1182 3191 1201 3223 ι
1242 3173 1338 3225 καὶ
1393 3172 1460 3225 τά
1487 3172 1634 3240 ἑξῆς.
1668 3173 1732 3226 Οἱ
1777 3173 1885 3244 γὰρ

303 3269 551 3322 πλεῖστοι
574 3268 754 3324 αὐτῶν
784 3267 986 3340 νεαρᾶς
1007 3267 1223 3340 ἡλικίας
1259 3261 1401 3339 ἦσαν
1432 3265 1884 3339 ἐκμεμαθηκότες

301 3363 426 3426 τοὺς
455 3363 733 3432 ψαλμοὺς.
768 3360 886 3415 Καὶ
920 3359 1243 3422 τελέσαντες
1282 3359 1384 3427 τὴν
1431 3359 1754 3428 νυκτερινὴν
1797 3359 1887 3409 εύ-

301 3459 424 3527 χὴν,
459 3456 731 3522 ἐκάθηντο
778 3453 1126 3523 ἐκδεχόμενοι
1152 3451 1248 3521 τὴν
1279 3451 1432 3522 παρὰ
1460 3450 1555 3503 τοῦ
1587 3449 1724 3503 Θεοῦ
1761 3450 1887 3520 βοή-

301 3551 480 3605 θειαν.
543 3547 608 3601 Ὀ
657 3547 714 3599 δὲ
769 3545 930 3610 δούξ,
966 3548 1024 3597 ὲν
1077 3544 1322 3615 φροντίδι
1377 3544 1690 3611 γενόμενος,
1755 3542 1887 3613 ποίᾳ

306 3639 551 3710 τιμωρίᾳ
606 3638 826 3692 κολάσει
871 3637 1000 3700 τοὺς
1047 3637 1260 3704 ἁγίους,
1294 3636 1500 3696 ἄϋπνος
1527 3636 1754 3689 διετέλει
1787 3637 1889 3707 τὴν

303 3734 501 3786 νύκτα.
554 3733 689 3800 Περὶ
733 3729 793 3782 δὲ
849 3732 941 3783 τὴν
973 3727 1169 3798 ὄρθρον
1221 3727 1652 3795 ἀφυπνώσαντος
1694 3729 1886 3794 αὐτοῦ,

305 3828 558 3897 παρέστη
603 3824 754 3893 αὐτῷ
796 3825 825 3877 ὁ
861 3825 1126 3887 Σατανᾶς,
1159 3824 1372 3890 λέγων·
1418 3822 1723 3891 Ἀνδρέζου,
1769 3823 1884 3875 Λυ-

305 3921 435 3974 σία·
495 3917 610 3987 ἐγὼ
661 3919 771 3987 γάρ
825 3919 940 3987 είμι
996 3920 1025 3970 ὁ
1085 3917 1437 3989 Ἀσκληπιὸς,
1503 3921 1584 3981 εἰς
1639 3917 1697 3972 ὃν
1757 3919 1886 3987 χθὲς

303 4011 524 4081 ὤμνυες
548 4028 562 4041 ·
599 4011 737 4064 ἀλλὰ
785 4011 1028 4074 ἀναστὰς
1057 4011 1373 4080 τιμώρησον
1414 4011 1538 4072 τοὺς
1567 4011 1888 4081 ἀνθρώπους

303 4107 568 4168 τούτους·
600 4103 749 4169 ἅπαξ
815 4104 925 4174 γὰρ
982 4104 1478 4174 βλασφημήσαντες
1526 4105 1621 4157 καὶ
1671 4103 1888 4173 ἐνυϐρί-

306 4213 502 4260 σαντες
553 4195 656 4249 οὐκ
693 4199 834 4249 είσιν
861 4194 1001 4260 ἄξιοι
1040 4196 1139 4265 τῆς
1171 4195 1445 4266 ἡμετέρας
1479 4194 1734 4267 θεότητος
1758 4212 1774 4228 ο
1803 4195 1888 4261 ξέα

307 4307 399 4344 σον
427 4287 524 4343 οὐν
547 4289 775 4351 αὐτούς·
804 4285 923 4341 οἶδα
965 4287 1075 4358 γὰρ
1114 4288 1214 4358 τὴν
1261 4287 1515 4340 ἔνστασιν
1562 4289 1764 4355 αὐτῶν,
1806 4290 1888 4343 ὅτι

303 4381 426 4434 οὐτε
459 4381 682 4432 θύουσιν
710 4381 864 4450 ἡμῖν,
895 4377 1019 4432 οὔτε
1063 4378 1464 4448 προσκυνοῦσιν
1488 4393 1503 4409 ·
1565 4378 1741 4432 πολλὰ
1779 4379 1888 4447 γάρ

1991 3183 2098 3228 etc.
2123 3174 2338 3244 Quippe
2374 3176 2598 3244 plurimi
2637 3176 2854 3231 illorum
2882 3179 2950 3232 ab
2988 3181 3214 3236 ineunte
3237 3193 3396 3240 astate
3423 3189 3570 3256 psal-

1991 3280 2111 3324 mos
2169 3267 2597 3338 perdidicerant.
2645 3267 2940 3330 Nocturnis
2995 3275 3252 3346 precibus
3301 3277 3569 3356 absolutis

1992 3359 2281 3424 sedebant,
2332 3375 2718 3434 exspectantes
2765 3383 2796 3422 a
2849 3368 2960 3422 Deo
3015 3371 3302 3426 auxilium.
3343 3372 3411 3427 At
3434 3375 3565 3436 dux.

1991 3467 2122 3505 cura
2153 3453 2441 3508 confectus
2495 3471 2735 3525 quonam
2765 3455 3032 3528 supplicio
3055 3470 3276 3518 sanctos
3303 3463 3567 3528 afﬁceret.

1992 3552 2208 3596 noctem
2241 3546 2576 3615 transigebat
2604 3547 2891 3604 insomnis.
2917 3551 3023 3605 Sed
3055 3553 3148 3607 ubi
3181 3555 3284 3610 sub
3313 3570 3568 3612 auroram

1992 3636 2443 3703 obdormivisset,
2495 3638 2710 3694 adstitit
2772 3641 2908 3710 ipsis
2954 3644 3208 3712 Satanas,
3272 3664 3337 3703 ac
3399 3650 3566 3705 dixit:

1991 3727 2164 3783 Macte
2215 3729 2435 3792 animis,
2506 3731 2706 3802 Lysia:
2763 3748 2865 3804 ego
2921 3750 3162 3806 namque
3217 3738 3568 3812 Esculapius

1992 3833 2137 3878 sum.
2165 3835 2265 3888 per
2293 3835 2456 3889 quem
2500 3821 2762 3878 hesterno
2808 3825 2896 3880 die
2946 3827 3170 3896 iurasti,
3218 3841 3469 3889 atstrato
3515 3843 3570 3889 te

1991 3912 2237 3983 proripe,
2267 3923 2323 3968 et
2351 3914 2474 3969 illos
2497 3914 2750 3970 homines
2787 3917 3000 3986 plecte:
3056 3936 3180 3975 nam
3229 3924 3399 3979 semel
3452 3927 3571 3980 bla-

1993 4007 2262 4076 sphemiis
2290 4006 2594 4076 etinjuriis
2644 4008 2729 4062 usi
2777 4011 3064 4066 divinitate
3114 4026 3302 4069 nostra
3357 4016 3568 4088 indigni

1992 4109 2142 4154 sunt.
2169 4099 2331 4155 Proin
2360 4099 2507 4154 caade
2561 4099 2719 4163 illos;
2783 4103 2898 4156 scio
2961 4103 3162 4172 quippe
3203 4107 3570 4174 pervicaciam

1993 4192 2259 4261 ipsorum,
2294 4190 2440 4262 quod
2476 4206 2578 4246 nec
2601 4191 2762 4246 nobis
2785 4195 2896 4248 sint
2919 4194 3304 4262 sacrificaturi,
3328 4215 3430 4254 nec
3453 4202 3575 4256 cul-

1994 4292 2109 4337 tum
2150 4283 2407 4346 delatori,
2433 4298 2555 4337 nam
2577 4283 2747 4338 multa
2779 4286 3068 4341 adversum
3114 4303 3201 4344 me
3232 4289 3493 4346 dixerunt
3515 4293 3570 4347 in

1993 4391 2238 4432 carcere.
2266 4376 2387 4431 Mox
2411 4392 2543 4446 ergo
2569 4379 2849 4434 coltfracta
2883 4379 3123 4450 ipsorum
3167 4395 3289 4437 ossa
3338 4382 3572 4442 ﬂammis

304 4467 493 4535 ελεγον
541 4468 662 4520 κατ’
695 4466 832 4536 ἐμοῦ
865 4469 922 4519 ἐν
951 4470 1017 4538 τῇ
1053 4467 1299 4538 φυλακῇ.
1331 4467 1506 4529 Εὐθὺς
1531 4467 1648 4539 οὖν,
1677 4468 1883 4532 κλάσας

1993 4469 2278 4533 combure,
2308 4469 2609 4524 etlluvium
2636 4469 2836 4541 Lycum
2863 4471 3101 4540 inquire,
3125 4482 3180 4528 et
3213 4475 3287 4528 ibi
3309 4475 3425 4532 haec
3455 4477 3573 4534 dis-

304 4562 486 4614 αὐτῶν
514 4563 586 4615 τὰ
623 4563 779 4629 ὀστᾶ,
815 4561 1022 4615 καῦσον
1057 4562 1198 4616 αὐτὰ
1232 4563 1386 4632 πυρὶ,
1420 4564 1516 4616 καὶ
1557 4563 1888 4633 ἐπιζήτησον

304 4655 397 4707 τον
434 4652 619 4708 Λύκον
655 4653 922 4722 ποταμὸν,
975 4654 1070 4706 καὶ
1115 4655 1234 4706 ἐκεῖ
1270 4653 1414 4706 αὐτὰ
1453 4653 1754 4707 ἁπόλεσον·
1797 4669 1892 4721 φο-

304 4745 510 4816 ϐοῦμαι
537 4746 650 4815 γὰρ
678 4747 751 4816 μή
787 4763 925 4810 πως,
958 4747 1053 4798 ἐὰν
1079 4745 1316 4817 εὕρωσιν
1348 4747 1489 4800 αὐτὰ
1527 4747 1576 4800 οί
1619 4747 1890 4818 Χριστια-

305 4841 406 4903 νοὶ,
447 4840 913 4908 οίκοδομήσαντες
955 4839 1139 4904 οἷκους
1194 4838 1468 4909 μεγάλους
1520 4840 1612 4892 καὶ
1649 4855 1887 4908 περιφα-

304 4935 435 4995 νεῖς,
480 4933 604 4984 ἐκεῖ
628 4930 827 4994 αὐτοὺς
859 4929 1258 5002 κατορύξωσιν,
1303 4931 1593 4993 κάκείνους
1634 4930 1887 4990 σέϐοντες

305 5026 400 5078 καὶ
428 5021 726 5094 τιμῶντες,
765 5024 862 5093 ἐμὲ
893 5021 1359 5088 ἐξουθενίσουσιν·
1398 5021 1602 5094 σπουδῇ
1647 5018 1743 5076 οὖν
1786 5023 1890 5076 ἀπ-

303 5117 491 5171 όλισον
512 5114 734 5176 αὐτούς.

373 5208 477 5262 II".
522 5205 794 5269 Ἀναστάς
830 5201 927 5259 οὖν
962 5206 990 5259 ὁ
1035 5202 1165 5270 δούξ
1198 5204 1258 5258 τδ
1288 5203 1434 5275 πρωῒ
1484 5203 1623 5275 μετᾶ
1657 5204 1894 5274 σπουδῆς

304 5299 509 5368 πολλῆς
561 5302 658 5353 καὶ
709 5299 1035 5368 φαντασίας,
1080 5298 1177 5352 καὶ
1219 5297 1462 5368 πλήθους
1513 5295 1892 5366 στρατιωτῶν,

304 5399 396 5448 καὶ
432 5394 673 5459 ἐξελθὼν
717 5393 823 5456 ἔξω
848 5393 949 5460 τῆς
980 5393 1192 5456 πόλεως
1231 5391 1307 5456 ὡς
1341 5391 1449 5445 ἀπὸ
1491 5389 1756 5462 βημάτων
1790 5387 1888 5461 ρν’,

306 5490 397 5542 καὶ
434 5486 615 5555 εὐρὼν
645 5491 814 5542 τόπον
859 5486 1216 5557 ὑψηλότερον,
1259 5485 1495 5548 καθίσας
1536 5487 1629 5537 ἐπὶ
1663 5483 1755 5537 τοῦ
1790 5483 1886 5554 βή-

338 5650 360 5682 ⁸
399 5651 543 5707 Psal.
585 5665 744 5714 mu,
800 5647 946 5716 ΜΞ,
989 5649 1043 5703 3.

1994 4562 2186 4630 perde.
2225 4561 2294 4616 At
2327 4562 2476 4616 enim
2503 4577 2719 4624 vereor,
2747 4578 2836 4625 ne,
2871 4562 2915 4616 si
2937 4562 3235 4619 Christiani
3265 4567 3568 4630 inveniant,

1995 4654 2089 4724 qui
2125 4653 2320 4709 domos
2343 4669 2566 4725 magnas
2599 4652 2944 4709 :ndilicarunt
2974 4665 3029 4709 et
3055 4656 3322 4722 illustres,
3365 4659 3572 4714 ibidem

1996 4761 2092 4801 eos
2122 4746 2429 4810 defodiunt,
2464 4747 2699 4816 illosque
2751 4748 3065 4802 reverentia
3092 4756 3148 4803 et
3185 4749 3395 4804 honore
3447 4767 3575 4821 per-

1995 4850 2293 4910 sequentes
2327 4855 2411 4894 me
2439 4839 2798 4908 pessumdent
2825 4857 2840 4892 :
2865 4839 3036 4909 perde
3069 4841 3252 4912 itaque
3278 4843 3426 4912 ipsos
3452 4845 3574 4900 sine

1999 4947 2173 4986 "1073.

2064 5200 2204 5256 XIII.
2255 5201 2375 5254 Dux
2422 5196 2606 5267 itaque
2655 5209 2779 5251 cum
2811 5210 2972 5252 mane
3015 5196 3348 5255 surrexisset
3404 5199 3574 5256 multa

1991 5311 2118 5350 cum
2190 5291 2568 5353 festinatione,
2646 5289 2880 5344 visionis
2939 5289 3179 5361 imagine
3215 5305 3280 5345 ac
3333 5287 3571 5345 militum

1994 5387 2374 5452 multitudine,
2405 5396 2848 5456 atqueegressus
2897 5389 3046 5438 esset
3099 5391 3248 5437 extra
3292 5381 3573 5436 civitatem

1995 5482 2148 5550 quasi
2178 5491 2244 5534 ad
2296 5480 2531 5550 spatium
2554 5493 2814 5549 passuum
2841 5483 3064 5537 centum
3095 5483 3152 5529 et
3180 5471 3575 5546 quinquaginta

371 5812 449 5883 (ἶ)
490 5813 598 5866 VOS
660 5812 770 5865 ista
844 5805 1113 5873 significat
1189 5808 1596 5878 operimentum
1654 5802 1886 5875 rapitis,
1930 5804 2162 5858 maxime
2190 5802 2542 5864 feminarum,
2580 5799 2646 5853 de
2679 5815 2783 5868 qua
2815 5797 3073 5868 Caugius.

759 5956 876 6001 ./
