3994 6482
415 390 522 452 335

1720 387 2007 449 MENSIS
2045 389 2341 451 IULIUS.

3573 396 3684 460 επ

414 510 712 574 locatoque
745 502 1122 558 sublimiorem
1178 500 1501 567 invenisset,
1528 502 1730 558 sedens
1781 504 1835 560 in
1904 504 1979 557 tri

2110 522 2301 574 ματος,
2360 506 2652 559 ἐκέλευσεν
2697 505 2930 576 ἀχθῆναι
2991 508 3119 572 τοὺς
3181 507 3413 578 ἁγίους·
3471 512 3568 564 καὶ
3635 513 3688 563 οἱ

410 598 624 662 bunali,
661 609 882 652 sani-tos
930 597 1140 651 accersi
1193 597 1381 667 jussit.
1416 596 1526 650 Nec
1569 613 1723 650 mura
1749 614 1761 648 :
1790 598 1995 652 milites

411 694 687 760 ejeccruut
718 691 881 759 ipsos,
922 706 985 743 ac
1046 689 1259 744 vinctos
1295 689 1577 744 stiterunl.
1634 688 1748 743 Dux
1807 699 1990 744 autem

412 785 520 835 lim
546 782 739 835 obtutu
769 782 893 835 illos
917 796 1227 850 pererrans,
1256 780 1339 834 sic
1378 780 1525 833 fatur
1555 797 1568 833 :
1603 781 1769 835 Scitis
1792 794 1991 849 peper-

411 873 553 931 cisse
582 894 670 930 me
701 877 859 930 vobis
890 874 1037 941 heri,
1072 889 1142 929 ne
1183 877 1479 928 tormentis
1509 872 1994 936 crueiaremini,et

410 972 461 1022 in
493 965 835 1022 hodiernum
864 982 1037 1037 usque
1068 965 1213 1020 diem
1240 966 1572 1027 connivisse,
1609 975 1668 1018 ut
1701 963 1866 1018 hodie
1883 962 1992 1017 diis

405 1060 801 1121 sacriﬁcantes,
847 1058 1276 1127 imperatoribus
1311 1056 1453 1111 ﬁatis
1486 1055 1669 1119 amici,
1696 1064 1751 1109 et
1804 1055 1988 1123 nobis;

405 1164 459 1208 ct
491 1163 779 1223 postquam
814 1159 1059 1205 vestrum
1092 1149 1326 1219 quilibet
1355 1147 1752 1203 sacriﬁcaverit
1786 1146 1851 1201 ad
1884 1146 1991 1200 du-

404 1258 601 1300 centos
626 1259 832 1299 aureos
852 1243 1110 1313 accipiat,
1140 1251 1434 1311 vestesque
1464 1250 1521 1296 et
1568 1241 1711 1295 dona
1745 1239 1853 1293 alia
1888 1238 1991 1292 im—

405 1339 703 1410 peratoria.
747 1337 890 1392 Ecce
914 1337 1086 1401 enim,
1108 1336 1406 1405 plerosque
1434 1341 1679 1388 vestrum
1717 1329 1991 1387 sacriﬁca-

404 1449 461 1485 re
501 1432 637 1483 rclle
669 1429 862 1494 video;
894 1427 940 1482 si
965 1442 1096 1496 ergo
1146 1440 1355 1480 morem
1411 1424 1549 1478 mibi
1607 1422 1833 1492 geratis,
1865 1435 1991 1475 mox

402 1523 721 1576 tauroshuc
745 1518 943 1574 adduci
971 1516 1248 1580 niaiidavi,
1275 1525 1334 1569 ut
1355 1515 1464 1571 diis
1487 1514 1805 1575 immoletis,
1829 1527 1993 1583 prun.

401 1616 556 1669 dium
590 1613 746 1667 vobis
804 1621 1053 1681 paretur,
1110 1617 1168 1664 et
1251 1607 1398 1662 inter
1455 1606 1646 1676 epulas
1703 1603 1992 1674 splendida

400 1720 624 1778 quoque
656 1702 944 1772 accipiatis
972 1701 1133 1769 dona.
1170 1698 1268 1754 Sin
1310 1697 1539 1753 obedire
1593 1695 1886 1756 recusatis,
1921 1690 1989 1747 ad

399 1797 548 1851 aliud
579 1802 977 1849 tormentorum
1001 1806 1196 1861 genus,
1229 1786 1529 1858 procedere
1550 1793 1790 1854 oportet.
1821 1782 1988 1838 Proin

2101 597 2440 667 στρατιῶται
2470 598 2531 650 τὸ
2559 599 2722 668 τάχος
2751 598 3074 664 ἐκϐαλόντες
3103 601 3301 663 αὐτοὺς
3329 600 3689 673 παρέστησαν

2095 688 2438 759 δεδεμένους.
2475 691 2585 744 Καὶ
2634 692 2889 755 ἀτενίσας
2919 692 3000 756 εἰς
3030 694 3229 758 αὐτοὺς
3254 696 3282 747 ὁ
3312 694 3457 761 δοῦξ,
3485 691 3683 749 εἷπεν·

2094 780 2311 843 Οἴδατε,
2364 782 2447 835 ὅτι
2507 782 2656 852 χθὲς,
2692 785 3023 853 φεισάμενος
3071 788 3229 857 ἡμῶν
3263 788 3359 840 τοῦ
3394 788 3469 858 μὴ
3500 804 3686 858 προσ-

2099 874 2257 942 άγειν
2305 876 2436 945 ὑμῖν
2471 875 2765 945 βασάνους,
2801 882 2882 942 είς
2925 881 3025 951 τὴν
3063 883 3306 951 σήμερον
3346 880 3692 948 ἐταμιευσά-

2105 982 2239 1035 μην,
2281 966 2367 1019 ἵνα
2401 965 2502 1037 τὴν
2534 969 2779 1040 σήμερον
2830 969 3098 1034 θύσαντες
3150 973 3265 1033 τοῖς
3306 969 3476 1037 θεοῖς,
3532 971 3691 1040 φίλοι

2099 1057 2334 1126 γένησθε
2374 1060 2485 1112 τῶν
2523 1060 2942 1133 αὐτοκρατόρων
2980 1065 3077 1117 καὶ
3125 1064 3304 1134 ἡμῶν,
3358 1064 3453 1117 καὶ
3508 1064 3691 1124 θύσας

2095 1148 2323 1210 ἕκαστος
2352 1149 2508 1220 ὑμῶν
2539 1150 2681 1222 λάϐῃ
2721 1153 2859 1222 πρὸς
2895 1151 2939 1206 σ’
2974 1153 3239 1224 χρυσοῦς,
3283 1156 3378 1207 καὶ
3411 1153 3685 1223 ἐσθῆτας,

2094 1240 2190 1291 καὶ
2225 1239 2391 1301 ἄλλας
2440 1240 2653 1311 δωρεὰς
2697 1242 3019 1312 βασιλικάς·
3068 1245 3179 1298 loci:
3224 1246 3354 1315 γὰρ,
3389 1246 3503 1316 ὀρῶ
3547 1246 3686 1309 τοὺς

2095 1330 2384 1393 πλείστους
2417 1331 2571 1400 ὑμῶν
2602 1331 2857 1397 θέλοντας
2892 1333 3074 1389 θῦσαι.
3117 1335 3242 1390 Ἐὰν
3274 1332 3368 1389 οῦν
3407 1336 3685 1406 πεισθῆτὲ

2097 1437 2208 1488 μοι,
2266 1422 2520 1474 ἐντεῦθεν
2564 1423 2662 1492 ἤδη
2707 1425 2970 1479 ἐκέλευσα
3014 1425 3248 1497 ἀχθῆναι
3292 1426 3548 1497 ταύρους,
3587 1428 3689 1480 ἵνα

2095 1511 2298 1582 θύσητε
2329 1516 2442 1577 τοῖς
2465 1514 2628 1579 θεοῖς,
2663 1517 2759 1568 καὶ
2797 1517 3022 1588 γένηται
3054 1520 3184 1588 ὑμῖν
3215 1520 3459 1588 ἄριστον,
3484 1519 3584 1573 καὶ
3616 1522 3690 1572 ὲν

2094 1608 2161 1674 τῇ
2221 1606 2430 1677 εὐωχίᾳ
2482 1606 2723 1677 λήψεσθε
2787 1610 2880 1661 καὶ
2942 1610 3041 1672 τὰς
3103 1610 3315 1679 δωρεὰς
3380 1610 3677 1683 λαμπράς.

2106 1697 2234 1749 Ἐὰν
2278 1697 2336 1749 δὲ
2385 1697 2460 1767 μὴ
2509 1700 2772 1769 πεισθῆτέ
2827 1718 2941 1769 μοι,
2992 1702 3210 1773 ἀνάγκη
3243 1701 3337 1755 ἐπὶ
3381 1702 3442 1756 τὸ
3486 1703 3689 1771 ἕτερον

2095 1783 2234 1851 εἶδος
2270 1787 2379 1842 τῶν
2413 1789 2668 1859 βασάνων
2696 1791 2894 1847 ἐλθεῖν.
2938 1794 3253 1862 Παρακαλῶ
3283 1790 3376 1847 οὖν
3411 1795 3555 1865 ὑμᾶς
3593 1796 3684 1864 μὴ

396 1899 593 1946 auctor
614 1886 769 1941 vobis
791 1901 912 1940 sum
943 1899 1009 1938 ne
1029 1882 1364 1938 dulcissima:
1388 1878 1533 1933 lueis
1563 1890 1731 1931 usura
1760 1872 1979 1944 privari,

2096 1880 2428 1951 στερηθῆναι
2456 1881 2552 1935 τοῦ
2584 1882 2924 1951 γλυκυτάτου
2954 1886 3151 1953 φωτὸς,
3171 1885 3307 1957 μηδὲ
3334 1887 3686 1956 χωρισθῆναι

400 2000 469 2039 ne
498 1983 569 2037 ab
597 1980 862 2052 uxoribus
891 1987 947 2033 et
980 1976 1173 2031 liberis
1193 1983 1249 2029 et
1273 1973 1467 2027 amicis
1485 1969 1732 2041 separari
1768 1982 1866 2020 vos
1889 1980 1983 2036 pa-

401 2075 653 2136 tiamini;
690 2074 787 2129 sed
818 2070 1150 2128 sacriﬁcium
1191 2066 1464 2129 offeratis,
1491 2074 1568 2126 et,
1611 2061 1700 2116 cui
1760 2057 1988 2114 libuerit

398 2170 526 2231 dco,
566 2167 692 2220 Ilius
721 2162 1008 2218 adoleatis.

471 2258 610 2313 XIV.
654 2257 811 2311 Tune
846 2270 956 2309 uno
993 2251 1148 2322 quasi
1181 2266 1248 2306 ex
1298 2264 1396 2305 ore
1434 2249 1613 2305 sancti
1671 2245 1933 2301 dixerunt
1968 2259 1983 2297 :

306 2377 313 2382 ι
398 2352 707 2408 Auatliema
746 2348 870 2412 tibi,
909 2356 1164 2419 tyranne,
1205 2358 1512 2413 congruum
1552 2340 1724 2395 furori
1765 2348 1858 2393 tuo
1889 2352 1985 2392 co-

398 2454 759 2516 gnomentum
782 2440 1016 2506 sortite;
1041 2439 1204 2510 jubes
1224 2436 1372 2491 enim
1415 2450 1518 2489 nos
1542 2450 1571 2487 a
1593 2433 1707 2487 Deo
1762 2431 1984 2485 virente

397 2536 658 2594 deﬁcere.
684 2545 746 2589 et
769 2532 1003 2602 impuris
1025 2540 1082 2585 et
1111 2527 1500 2584 abominandis
1531 2523 1875 2580 daemonibus
1895 2536 1985 2576 sa-

397 2628 983 2685 criﬁcareEnimvero
1005 2632 1059 2678 et
1088 2622 1497 2681 indumentum,
1516 2625 1570 2672 et
1594 2617 1776 2680 cibus,
1806 2623 1862 2669 et
1886 2626 1984 2683 po-

399 2734 510 2793 tius,
539 2734 601 2779 et
629 2722 946 2783 thesaurus,
968 2725 1024 2772 et
1058 2723 1237 2786 pater,
1268 2722 1326 2769 et
1345 2713 1579 2778 amicus,
1604 2720 1662 2766 et
1690 2708 1861 2764 frater
1880 2722 1982 2760 nov

398 2818 483 2874 his
511 2825 596 2872 est
622 2814 894 2870 Dominus
917 2821 1104 2867 noster
1130 2809 1293 2865 Jesus
1324 2804 1601 2865 Cbrisms,
1634 2802 1729 2874 qui
1755 2816 1855 2855 nos
1885 2815 1983 2853 vo—

399 2909 565 2979 cavit.
599 2906 717 2961 Dux
746 2904 882 2959 dicit
917 2920 929 2955 :
968 2901 1285 2957 Etiamnum
1327 2897 1485 2951 vobis
1522 2909 1690 2966 parco
1719 2893 1803 2948 vel
1834 2892 1980 2961 inju-

401 3000 483 3053 ria
524 2995 833 3059 lacessitus,
891 3008 1019 3048 uam
1075 3001 1130 3047 ct
1182 2990 1487 3045 amicorum
1535 2990 1678 3041 ferre
1728 2983 1982 3039 defectus

397 3097 759 3159 a-quumcst;
807 3084 1126 3153 relictisque
1180 3080 1458 3142 omnibus,
1504 3086 1696 3134 sancto
1745 3074 1980 3129 Leontio

398 3181 538 3236 dixit
561 3222 570 3231 .
593 3179 712 3234 Pra’.
739 3178 967 3247 reliquis
988 3175 1252 3247 mysteria
1271 3171 1559 3244 gentilium
1583 3167 1756 3240 prob‘e
1777 3166 1977 3222 callere
2004 3206 2047 3263 ε

400 3281 452 3324 te
484 3269 667 3333 rideo,
698 3266 857 3338 plane
898 3283 928 3320 a
971 3279 1146 3336 puero
1182 3263 1377 3318 iisdem
1445 3259 1782 3316 institutum.
1833 3255 1975 3322 Quid

395 3358 1047 3433 ergoiQuandoquidem
1108 3355 1346 3426 Jupiter,
1372 3353 1567 3423 Apollo
1614 3359 1670 3405 et
1725 3347 1977 3404 Aiseula-

398 3456 524 3525 pius
551 3453 626 3508 dii
664 3450 762 3507 tibi
786 3466 908 3506 esse
942 3464 1051 3504 non
1068 3447 1351 3513 videntur;
1372 3446 1630 3515 Neptuno
1660 3452 1756 3497 aut
1790 3442 1975 3496 Dianae

395 3547 634 3602 hostiam
690 3545 864 3599 litate.
924 3541 1161 3597 Sanctus
1208 3537 1475 3594 Leontius
1513 3536 1686 3591 dicit:
1736 3534 1971 3595 Erratis,

394 3642 525 3694 dum
564 3651 661 3691 eos
689 3635 874 3690 dicitis
899 3648 1021 3687 esse
1046 3631 1201 3687 deos.
1222 3628 1291 3684 At
1313 3632 1459 3685 enim
1490 3626 1827 3681 immortales
1871 3622 1973 3677 lio-

396 3729 606 3783 minum
635 3739 847 3781 mentes
879 3724 986 3779 diis
1012 3722 1338 3776 mortalibus
1362 3727 1662 3790 praestant;
1695 3715 1901 3770 etenim
1926 3712 1972 3767 si

393 3840 425 3876 e
485 3821 625 3877 ctelo
679 3830 735 3872 et
763 3829 909 3873 terra
955 3817 1187 3872 deorum
1223 3824 1538 3869 vestrorum
1576 3825 1697 3865 esse
1745 3822 1975 3878 genera-

393 3916 596 3979 tionem
631 3912 849 3977 dicunt,
880 3910 1191 3979 caelumque
1244 3921 1309 3961 ac
1359 3914 1508 3961 terra
1554 3902 1793 3959 obnoxia
1842 3905 1974 3954 sunt

391 3995 734 4074 corruptioni
762 4003 1075 4069 elementa;
1112 4013 1365 4072 prorsus,
1397 3997 1659 4068 quoniam
1693 3993 1974 4066 genitores

393 4112 524 4152 suos
547 4097 837 4152 imitantur
866 4092 986 4159 ﬁlii,
1016 4102 1453 4162 corrumpuntur
1485 4091 1612 4161 ipsi,
1646 4097 1706 4143 ut
1758 4086 1970 4160 genito-

393 4208 502 4245 res.
536 4189 654 4245 Jam
677 4202 810 4242 vero
833 4188 876 4242 si
903 4186 1249 4255 corruptioni
1289 4184 1515 4239 obnoxii
1549 4190 1698 4249 sunt,
1739 4194 1974 4251 quomo-

378 4285 465 4357 qdo
487 4283 562 4337 dii
593 4279 978 4352 appellantur?
1005 4278 1130 4334 Etsi
1150 4286 1365 4332 mentes
1391 4276 1699 4336 hominum,
1732 4271 1972 4327 vinculis

392 4373 677 4444 corporeis
708 4372 920 4436 solutae,
974 4383 1085 4424 non
1119 4371 1418 4443 sustinent
1476 4380 1822 4439 permanere,
1846 4378 1969 4417 cum

392 4482 596 4536 corpus
640 4480 753 4519 non
784 4463 1022 4526 exsistit,
1052 4468 1110 4517 at
1140 4461 1391 4515 divinum
1447 4458 1742 4531 quemdam
1782 4458 1965 4511 locum

2093 1975 2370 2043 γυναικῶν
2397 1977 2493 2029 καὶ
2527 1976 2778 2042 παιδίων,
2816 1980 2912 2032 καὶ
2943 1980 3136 2048 φίλων,
3172 1980 3310 2035 ἀλλὰ
3349 1978 3530 2045 θῦσαι,
3575 1982 3686 2035 καὶ

2091 2067 2362 2140 θυμιᾶσαι
2384 2069 2606 2123 λίϐανον
2628 2071 2726 2142 οἵῳ
2757 2071 3014 2141 βούλεσθε
3041 2071 3171 2144 θεῷ.

2158 2252 2257 2306 ῐΔ’.
2299 2250 2434 2305 Τότε
2487 2252 2689 2316 πάντες
2725 2252 2775 2305 ot
2822 2252 2968 2321 ἅγιοι
3017 2252 3092 2314 ὡς
3136 2252 3196 2319 ἐξ
3240 2252 3361 2316 ἑνὸς
3400 2266 3684 2321 στοματος

2087 2339 2272 2397 εἷπον·
2310 2342 2589 2413 Ἀνάθεμά
2631 2361 2732 2408 σοι,
2782 2345 3037 2414 τύραννε,
3069 2346 3167 2413 τῆς
3208 2344 3419 2405 οἰκείας
3460 2342 3683 2411 λύσσης

2087 2436 2345 2506 ἐπώνυμε
2368 2454 2383 2467 ·
2422 2437 2663 2498 κελεύεις
2702 2439 2847 2505 ἡμᾶς
2890 2438 3196 2507 ἀποστῆναι
3225 2436 3333 2489 ἀπὸ
3360 2434 3496 2489 Θεοῦ
3528 2434 3678 2499 ζῶν-

2084 2544 2197 2591 τος,
2227 2530 2323 2581 καὶ
2354 2527 2518 2582 θῦσαι
2548 2528 2800 2597 δαίμοσιν
2836 2527 3171 2597 ἀκαθάρτοις
3200 2529 3295 2581 καὶ
3331 2526 3639 2597 βδελυκτοίς
3659 2541 3678 2555 ο

2085 2622 2220 2691 ἡμῖν
2275 2621 2385 2691 γὰρ
2440 2622 2534 2675 καὶ
2577 2619 2803 2688 ἔνδυμα.
2839 2620 2933 2673 καλ⁸
2968 2618 3173 2689 βρῶσις
3218 2621 3317 2673 καὶ
3362 2622 3541 2684 πόσις,
3573 2620 3680 2671 καὶ

2084 2713 2382 2786 θησαυρὸς,
2438 2712 2533 2765 καὶ
2585 2714 2790 2782 πατὴρ,
2846 2712 2938 2764 καὶ
2987 2712 3158 2781 φίλος,
3212 2713 3306 2765 καὶ
3361 2711 3608 2781 ἀδελφὸς,
3640 2714 3679 2764 ὁ

2085 2808 2290 2878 Κύριος
2352 2806 2511 2876 ἡμῶν
2581 2806 2785 2877 Ἰησοῦς
2852 2806 3090 2877 Χριστός
3151 2808 3302 2860 ἐστιν
3357 2808 3387 2859 ὁ
3430 2806 3678 2868 καλέσας

2082 2901 2255 2970 ἡμᾶς.
2325 2899 2384 2952 ὐ
2435 2898 2565 2962 δοὺξ
2620 2898 2807 2966 λέγει·
2873 2899 2995 2951 Ἔτι
3056 2897 3210 2968 ὑμῶν
3262 2898 3513 2968 φείδομαι
3572 2898 3675 2951 καὶ

2085 2990 2481 3061 ὑϐριζόμενος·
2520 2991 2732 3045 δίκαιον
2793 2991 2902 3061 γάρ
2948 2993 3068 3045 ἐστι
3118 2994 3212 3045 καὶ
3245 2992 3313 3046 τὰ
3344 2992 3453 3046 τῶν
3494 2992 3676 3061 φίλων

2084 3083 2446 3154 ἐλαττώματα
2498 3081 2823 3153 βαστάζειν·
2885 3085 2978 3137 καὶ
3046 3083 3365 3138 καταλιπὼν
3430 3086 3677 3147 πάντας,

2084 3174 2235 3243 λέγει
2266 3175 2343 3245 τῷ
2379 3174 2521 3244 ἁγίῳ
2553 3175 2824 3245 Λεοντίῳ·
2867 3175 3013 3247 Ὀρῶ
3052 3192 3111 3229 σε
3146 3177 3349 3246 μᾶλλον
3396 3175 3458 3231 εὖ
3484 3176 3672 3229 εἰδότα,

2085 3266 2154 3322 τά
2189 3268 2298 3321 τῶν
2338 3266 2612 3337 Ἐλλήνων
2646 3268 2944 3338 μυστήρια,
2971 3269 3190 3332 πάντως
3238 3269 3325 3321 ὃτι
3366 3268 3431 3322 ὲκ
3470 3269 3674 3331 παιδος

2083 3358 2352 3429 ἐμυήθης.
2423 3358 2490 3411 Τί
2554 3353 2693 3422 οὖν;
2748 3357 2938 3428 ἐπειδὴ
2987 3359 3049 3412 ού
3110 3358 3330 3413 δοκοῦσί
3377 3377 3458 3414 σοι
3518 3355 3668 3414 εἶναι

2084 3450 2199 3503 θεοὶ
2233 3450 2368 3512 Ζεὺς
2399 3453 2495 3503 καὶ
2533 3449 2807 3503 Ἀπόλλων
2851 3451 2946 3504 καὶ
2985 3450 3349 3521 Ἀσκληπιὸς,
3396 3452 3665 3506 καθίσατε

2081 3541 2160 3613 τῷ
2192 3540 2505 3605 Ποσειδῶνι,
2536 3541 2569 3611 ἦ
2602 3543 2672 3611 τῇ
2710 3541 3007 3610 ’Λρτέμιδι.
3036 3541 3092 3595 Ὀ
3115 3540 3269 3609 ἅγιος
3294 3543 3544 3606 Λεόντιος
3566 3543 3668 3596 λέ-

2083 3648 2197 3700 γει·
2228 3630 2606 3700 Πεπλάνησθε,
2643 3630 2799 3693 θεοὺς
2840 3631 3066 3696 τούτους
3089 3633 3369 3700 λέγοντες·
3398 3635 3558 3688 ὁπότε
3602 3639 3666 3689 αἱ

2079 3725 2252 3794 ψυχαὶ
2295 3724 2402 3777 τῶν
2433 3722 2737 3792 ἀνθρώπων
2766 3724 3027 3779 ἀθάνατοι
3051 3725 3232 3792 οὖσαι,
3265 3727 3549 3798 κρείττους
3578 3730 3669 3780 εἰ-

2082 3819 2135 3868 σί
2171 3816 2279 3869 τῶν
2327 3815 2466 3868 θεῶν
2496 3815 2604 3867 τῶν
2639 3815 2871 3885 θνητῶν.
2921 3816 2982 3870 Ei
3035 3816 3145 3889 γὰρ
3193 3818 3253 3886 ἐξ
3294 3818 3527 3890 ούρανοῦ
3558 3820 3663 3873 καὶ

2081 3907 2186 3977 γῆς
2237 3906 2487 3975 λέγουσ.ν
2526 3904 2666 3960 εἶναι
2722 3910 2820 3977 τὴν
2868 3908 3122 3978 γέννησιν
3154 3909 3266 3964 τῶν
3306 3909 3443 3964 θεῶν
3476 3911 3660 3980 ὑμῶν,

2079 4000 2308 4073 οὐρανὸς
2344 4000 2401 4053 δὲ
2449 4000 2545 4052 καὶ
2585 4001 2658 4069 γῆ
2688 4000 2902 4072 φθαρτὰ
2935 4003 3178 4071 στοιχεῖά
3215 4006 3358 4056 εἰσι·
3417 4004 3661 4068 πάντως,

2078 4092 2161 4146 ὅτι
2219 4092 2312 4145 καὶ
2353 4092 2421 4144 τὰ
2467 4091 2634 4145 τέκνα
2684 4093 2979 4163 μιμοῦνται
3028 4095 3155 4158 τοὺς
3199 4098 3511 4166 γενήτορας.
3563 4099 3663 4151 καὶ

2056 4185 2393 4259 τφθείρονται
2448 4187 2539 4238 καὶ
2606 4186 2796 4251 αὐτοὶ,
2853 4185 2930 4249 ὡς
2980 4186 3032 4240 οι
3083 4191 3299 4255 γονεῖς·
3364 4190 3414 4241 εί
3454 4189 3511 4242 δέ
3549 4190 3666 4243 εἰσι

2079 4279 2329 4346 φθαρτοὶ,
2362 4276 2477 4338 πῶς
2505 4277 2863 4346 ὀνομάζονται
2892 4278 3030 4346 Osci;
3058 4280 3164 4333 Καὶ
3194 4281 3243 4333 εί
3273 4282 3329 4334 αί
3352 4280 3523 4352 ψυχαὶ
3550 4283 3665 4335 τῶν

2076 4366 2406 4437 ἀνθρώπων,
2428 4367 2833 4438 άποσπώμεναι
2874 4369 2984 4422 τῶν
3032 4373 3323 4442 σωμάτων,
3357 4375 3458 4427 οὐκ
3487 4376 3666 4426 ἐπαν-

2077 4462 2293 4529 έχοιται
2326 4458 2399 4519 ὡς
2428 4459 2502 4529 μὴ
2532 4460 2783 4528 σώματος
2814 4462 3174 4531 παραμένειν,
3203 4464 3340 4517 ἀλλά
3366 4482 3487 4518 τινα
3516 4464 3664 4519 θεῖον

392 4546 700 4622 oecupant;
735 4554 887 4610 diine
918 4564 1079 4610 erant
1106 4555 1163 4609 hi
1192 4555 1284 4624 qui
1326 4560 1578 4623 quaerunt
1613 4566 1676 4606 ea
1705 4565 1827 4621 quae
1877 4550 1974 4603 ho-

2087 4553 2242 4604 τόπον
2270 4545 2807 4620 καταλᾶμϐάνουσιν,
2833 4554 2883 4605 εί
2916 4553 3028 4606 θεοὶ
3060 4550 3200 4624 ἦσαν
3230 4556 3450 4623 ἐκείνοι,
3482 4558 3534 4610 οἳ
3564 4559 3665 4629 ζη-

391 4650 604 4706 rninum
633 4658 847 4703 mentes
871 4646 1140 4713 oderunt,
1170 4657 1227 4702 et
1259 4660 1508 4705 venerea:
1540 4643 1790 4699 libidinis
1840 4658 1973 4713 pru-

391 4743 499 4799 ritu
536 4739 811 4812 gaudent?
855 4737 1044 4808 ltaque
1082 4739 1126 4796 si
1182 4738 1472 4809 quisquam
1504 4736 1705 4790 audeat
1737 4732 1922 4787 dicere
1954 4748 1967 4784 :

390 4834 538 4890 Deus
566 4848 667 4905 ego
706 4848 851 4897 sum,
884 4840 1084 4902 praeter
1119 4845 1289 4884 unum
1356 4830 1649 4884 Dominum
1718 4834 1968 4880 nostrum

387 4927 578 4983 Jcsum
614 4925 920 4990 Christum,
965 4924 1133 4978 alium
1160 4938 1381 4993 quoque
1412 4921 1679 4976 mundum
1717 4918 1807 4973 ille
1833 4932 1968 4972 eou-

389 5021 780 5090 dat,dicalque
816 5035 831 5073 :
862 5018 1021 5073 Hunc
1048 5032 1149 5086 ego
1181 5015 1446 5070 mundum
1477 5013 1721 5075 condidi,
1752 5027 1817 5066 ac
1855 5020 1968 5064 tum

388 5114 613 5168 demum
639 5113 783 5166 Deus
812 5120 1183 5179 nuneupetur,
1224 5110 1272 5163 is
1303 5108 1451 5163 enim
1495 5106 1713 5161 Domini
1761 5120 1827 5162 ac
1877 5119 1969 5158 re-

389 5207 474 5275 gis
499 5204 671 5259 nostri
696 5202 825 5259 Jesu
855 5201 1062 5258 Christi
1097 5215 1191 5256 ars
1219 5209 1276 5256 et
1302 5199 1585 5270 epiﬁeium
1611 5207 1719 5253 est.

458 5378 575 5442 XV.
615 5378 849 5437 Sanetus
907 5376 1173 5436 Leontius
1222 5378 1423 5431 iratum
1472 5391 1537 5430 ac
1581 5374 1966 5446 perturbatum

385 5474 743 5540 cons;:icatus
788 5470 984 5525 ducem
1048 5471 1128 5523 sic
1181 5467 1413 5523 iniit:0
1459 5466 1590 5530 dux,
1636 5467 1763 5521 audi
1808 5457 1968 5538 inquo

387 5565 572 5619 animo
598 5579 612 5615 :
637 5560 765 5631 quia
788 5575 874 5615 me
910 5558 1093 5615 dixisti
1120 5557 1289 5613 rebus
1336 5557 1622 5627 gentilium
1663 5559 1963 5625 initiatum,

386 5654 540 5713 audi.
570 5668 693 5723 qua:
721 5651 899 5705 dicam
918 5661 1111 5706 contra
1147 5659 1274 5705 tuos
1297 5649 1452 5705 deos.
1484 5650 1963 5717 Quemadmodum

387 5756 445 5802 tu
482 5745 527 5798 si
586 5744 768 5798 Caesar
817 5743 1206 5811 uominareris,
1238 5753 1294 5799 et
1317 5744 1637 5815 imperatori
1658 5745 1820 5800 bilem
1850 5762 1966 5800 ino-

387 5851 567 5903 veres,
598 5837 865 5906 supplicio
900 5838 1101 5909 dignus
1124 5837 1289 5905 fores;
1311 5838 1393 5894 sic
1414 5838 1504 5895 dei
1532 5854 1754 5911 quoque
1774 5843 1961 5909 vestri,

2078 4638 2263 4692 τοῦσιν
2292 4638 2328 4692 ἂ
2356 4641 2411 4691 αἱ
2441 4640 2612 4709 ψυχαὶ
2650 4641 2758 4693 τῶν
2816 4644 3121 4713 ἀνθρώπων
3148 4646 3392 4715 μισοῦσι,
3426 4651 3520 4701 καὶ
3545 4652 3665 4719 χαί--

2081 4748 2268 4803 ρουσιν
2328 4732 2609 4801 πορνείαις
2663 4735 2760 4787 καὶ
2812 4735 3033 4806 κνήσει;
3089 4737 3153 4790 Et
3207 4737 3301 4792 οῦν
3347 4741 3520 4810 τολμᾷ
3573 4758 3664 4805 τις

2078 4824 2253 4877 εἰπεῖν
2274 4839 2288 4853 ’
2319 4822 2441 4876 Ὀτι
2464 4824 2594 4887 (956,-
2623 4827 2761 4892 εἰμι,
2785 4828 2962 4894 παρὲξ
2992 4830 3109 4892 ἑνὸς
3138 4830 3233 4884 τοῦ
3262 4834 3467 4902 Κυρίου
3499 4833 3665 4904 ἡμῶν

2090 4916 2265 4984 Ἰησοῦ
2295 4916 2558 4987 Χριστοῦ,
2607 4924 2822 4989 ποιήσει
2875 4922 2967 4975 καὶ
3016 4919 3169 4987 οὗτος
3211 4924 3398 4994 ἕτερον
3427 4929 3659 4995 κόσμον,

2077 5006 2173 5058 καὶ
2203 5006 2336 5077 εἴπῃ
2374 5007 2456 5058 ὅτι
2491 5007 2691 5060 Τοῦτον
2735 5011 2826 5062 τὸν
2866 5013 3074 5081 κόσμον
3109 5012 3219 5080 ἐγὼ
3257 5016 3512 5084 ἐποίηεα,
3564 5019 3662 5069 καὶ

2075 5099 2197 5149 τὸτε
2254 5098 2498 5166 λεγέσθω
2552 5100 2719 5162 Θεός·
2767 5097 2923 5164 οὗτος
2979 5105 3087 5173 γὰρ
3138 5104 3234 5157 τοῦ
3298 5107 3505 5175 Κυρίου
3561 5110 3660 5162 καὶ

2078 5191 2342 5262 βασιλέως
2395 5192 2552 5261 ἡμῶν
2610 5194 2785 5265 Ἰησοῦ
2838 5196 3076 5266 Χριστοῦ
3152 5202 3267 5251 ἐστι
3331 5201 3493 5269 τέχνη
3557 5205 3658 5254 καὶ

2074 5284 2486 5354 δημιούργημα-

2147 5374 2250 5429 ΙΕ’.
2288 5378 2397 5428 Καὶ
2425 5375 2766 5444 θεασάμενος
2808 5379 2835 5429 ὁ
2876 5376 3029 5443 ἅγιος
3070 5380 3321 5442 Λεόντιος
3363 5383 3453 5434 τὸν
3488 5382 3661 5438 δοῦκα

2075 5470 2397 5540 θυμωθέντα
2421 5471 2516 5524 καὶ
2539 5470 2995 5541 στρεϐλούμενον,
3018 5474 3166 5543 λέγει
3199 5476 3346 5547 αὐτῷ
3364 5493 3377 5506 ·
3413 5472 3484 5529 Ὦ
3506 5479 3659 5546 ὃοῦξ,

2073 5565 2413 5630 ἀνεξικάκως
2455 5565 2722 5618 ἄκουσον·
2772 5567 2956 5637 ἐπειδὴ
2996 5570 3105 5639 γὰρ
3141 5565 3291 5629 εἶπές
3340 5587 3406 5640 με
3440 5573 3659 5642 μύστην

2073 5652 2212 5709 εἶναι
2252 5658 2359 5709 τῶν
2389 5655 2736 5727 Ἑλληνικῶν
2768 5661 3133 5729 πραγμάτων,
3186 5662 3352 5715 ἄκουε
3393 5667 3462 5717 τὰ
3508 5667 3659 5719 κατὰ

2072 5751 2180 5803 τῶν
2233 5751 2373 5804 θεῶν
2431 5768 2562 5804 σου·
2618 5751 2678 5804 ὃν
2744 5755 2945 5822 τράπον
3006 5755 3115 5823 γὰρ
3169 5757 3232 5809 σὺ
3279 5759 3375 5809 ἐὰν
3432 5757 3656 5830 Καίσαρ

2072 5843 2328 5913 κληθεὶς,
2367 5844 2461 5898 καὶ
2504 5847 2849 5917 παροργίσιας
2897 5847 2989 5901 τὸν
3045 5847 3295 5918 βασλέα,
3355 5851 3656 5923 τιμωρίαις
