3994 6430
296 382 405 443 337

1238 386 1714 448 MARTYRIUM
1755 388 1861 451 SS.
1904 390 2056 451 XLV
2097 393 2560 477 MARTYRUM.

3458 398 3581 465 338·

287 497 442 561 ἄξιος
465 489 517 546 εἴ
535 511 550 525 ·
572 491 754 557 οὕτως
785 496 880 550 καὶ
915 499 967 553 oi
997 498 1111 552 Osci
1134 499 1289 569 ὐμῶν
1309 502 1356 552 οἱ
1381 500 1877 572 δαίμονες,τολμή-

1993 505 2261 563 daemones
2288 548 2303 572 ,
2332 508 2466 565 deos
2492 523 2613 566 sese
2646 525 2969 581 nuncupare
3002 509 3144 574 ausi,
3181 511 3429 567 maxima:
3453 530 3568 583 pte-

293 605 492 650 σαντες
529 589 765 652 ἑαυτοὺς
799 590 960 654 θεοὺς
994 591 1199 655 καλεῖν,
1237 591 1415 664 ἔνοχοί
1460 595 1569 647 εισι
1617 595 1882 664 μεγίστης

292 682 594 747 κολάσεως.
628 684 780 756 Ὅρα
819 684 879 738 δὲ
925 687 1024 739 καὶ
1055 687 1243 758 ἕτερον
1288 690 1630 760 παράδοξον·
1686 691 1776 745 διὰ
1828 690 1881 744 τί

292 776 460 844 ὐμείς
500 776 549 828 οὶ
580 773 790 831 ἔκδικοι
822 777 936 831 τῶν
971 778 1110 833 θεῶν
1144 780 1299 849 ὑμῶν
1326 782 1678 852 καθεκάστην
1719 782 1882 836 ἐλατ-

290 867 529 934 τοῦσθες
560 870 724 939 ἡμεῖς
743 868 800 921 δὲ
830 871 881 922 oi
910 869 1052 941 ὑπὲρ
1084 871 1323 941 Χριστοῦ
1362 872 1538 926 δοῦλοι
1563 872 1883 943 διωκόμενοι

290 958 391 1012 καὶ
428 957 871 1028 ἀποθνήσκοντες
900 959 1278 1030 πληθύνομενς
1315 962 1423 1016 Καὶ
1451 962 1610 1016 τοῦτο
1639 965 1884 1019 πεισάτω

290 1068 378 1117 σε,
401 1051 664 1122 τύραννε,
707 1052 791 1105 ὅτι
820 1052 1000 1107 δοῦλοι
1038 1057 1203 1125 ἐσμεν
1236 1056 1329 1109 τοῦ
1362 1057 1496 1110 Θεοῦ
1527 1056 1623 1110 τοῦ
1657 1058 1879 1129 ἠγαπηο

290 1146 483 1213 μένου.
542 1145 658 1198 Καὶ
713 1144 991 1215 θυμωθεὶς
1045 1148 1074 1199 6
1120 1147 1246 1214 δοὺξ
1295 1147 1481 1217 λέγει’
1516 1148 1728 1202 Θύσατε
1771 1152 1885 1215 τοῖς

294 1235 441 1298 θεοῖς
472 1253 488 1267 ·
523 1237 670 1301 ἐπεὶ,
710 1237 786 1306 μὰ
847 1237 941 1290 τὸν
1005 1239 1336 1308 Ἀσκληπιὸν
1393 1241 1489 1295 καὶ
1531 1241 1625 1296 τὸν
1670 1242 1880 1308 Ἥλιον,

290 1329 390 1399 οὐχ
426 1328 812 1399 ὐπερόήσεσθε
847 1329 946 1401 τὴν
974 1329 1182 1399 αὐριον.
1220 1332 1287 1385 Oi.
1308 1331 1365 1386 δὲ
1390 1332 1539 1400 ἆγιοι
1571 1333 1772 1402 πάντες
1806 1333 1884 1396 ὡς

293 1419 353 1480 ἐξ
403 1418 529 1483 ἐνὸς
588 1421 858 1490 στὸματος
918 1417 1109 1476 εἷπονο
1184 1422 1378 1494 Ἡμεῖς
1447 1425 1641 1495 Κυρίῳ
1704 1424 1882 1495 Ἰησοῦ

292 1510 689 1581 προσφέρομεν
744 1511 973 1583 λογικὴν
1045 1514 1329 1586 λατρείαν,
1369 1517 1584 1589 καρπόν
1656 1518 1885 1590 χειλέων

292 1602 478 1670 ἡμῶν,
515 1604 611 1655 καὶ
649 1605 876 1668 ἑαυτοὺς
901 1605 1229 1678 ὁλοκλήρους
1268 1608 1378 1661 τῶν
1419 1609 1704 1679 ῥυομένων
1737 1610 1885 1680 ἡμᾶς

231 1762 239 1771 _
290 1694 392 1761 τῆς
450 1693 761 1764 μεύοὐσης
815 1696 1086 1766 κρίσεως·
1139 1697 1199 1753 σὲ
1235 1698 1315 1761 δὲ,
1363 1698 1560 1765 Λυσία,
1604 1700 1723 1771 ἅμα
1774 1705 1882 1766 τοῖς

292 1782 439 1847 θεοῖς
472 1803 569 1838 σου
602 1787 902 1853 κολάζοντα
937 1789 996 1842 ἐν
1022 1790 1215 1863 γεέννῃ
1247 1791 1419 1865 πυρὸς
1449 1792 1739 1849 ἀσϐέστου.

1985 613 2071 652 nae
2104 598 2183 652 rei
2212 609 2360 654 sunt.
2402 600 2548 666 Quin
2578 602 2687 658 imo
2718 603 2951 658 alteram
2976 617 3199 674 quoque
3233 618 3349 658 rem
3391 603 3574 660 inere-

1985 688 2212 747 dibilem
2238 692 2384 747 vide.
2411 692 2523 749 Cur
2556 710 2674 759 vos,
2701 694 2930 751 deorum
2964 705 3274 751 vestrorum
3297 697 3569 760 vindices.

1987 781 2041 836 in
2072 782 2191 838 dies
2218 784 2483 853 deﬁcitis;
2520 802 2620 843 nos
2652 796 2841 844 contra
2876 789 3021 844 servi
3053 804 3151 858 pro
3174 787 3396 844 Christo
3440 805 3569 859 pcr-

1985 876 2328 931 secutionem
2377 880 2674 948 patientes.
2732 890 2791 936 et
2848 882 3175 946 morientes,
3225 881 3564 937 crescimus?

1984 968 2081 1023 Vel
2112 970 2248 1041 illud
2274 971 2372 1026 tibi
2423 974 2772 1042 persuadeat,
2806 983 3059 1046 tyranne,
3095 975 3282 1030 dilecti
3317 990 3418 1029 nos
3465 974 3558 1028 ΠΗ

1987 1075 2176 1118 servos
2200 1077 2345 1120 esse.
2373 1065 2492 1119 Dux
2515 1065 2701 1120 furore
2725 1079 2992 1122 accensus
3011 1065 3147 1121 dicit
3177 1086 3190 1121 :
3217 1066 3335 1121 Diis
3371 1067 3568 1121 immo-

1984 1152 2129 1211 late:
2163 1156 2291 1225 quia
2315 1173 2412 1226 per
2441 1157 2817 1229 Esculapium
2839 1165 2896 1213 et
2923 1160 3250 1224 solem,non
3279 1159 3421 1212 ultra
3448 1172 3571 1212 cra-

1986 1248 2193 1303 Stinum
2246 1249 2465 1304 vivetis.
2530 1247 2719 1304 Sancti
2770 1261 2956 1303 autem
2996 1263 3062 1302 ex
3118 1264 3228 1303 uno
3258 1247 3418 1318 quasi
3475 1232 3572 1301 ore

1985 1339 2245 1394 dixerunt
2275 1340 2423 1394 :Nos
2450 1339 2682 1394 Domino
2709 1340 2840 1396 Jesu
2895 1341 3185 1396 offerimus
3243 1339 3573 1395 rationabile

1985 1431 2335 1500 obsequium,
2370 1432 2610 1486 fructum
2642 1432 2915 1486 lahiorum
2948 1442 3285 1495 nostrorum,
3315 1447 3438 1501 quae
3470 1444 3572 1485 nos

1987 1523 2136 1593 ipsos
2160 1524 2376 1593 integre
2398 1524 2717 1579 liberabunt
2747 1539 2776 1579 a
2807 1524 2994 1579 futuro
3017 1524 3266 1595 judicio;
3305 1533 3358 1578 te
3413 1538 3571 1585 vero,

1985 1617 2168 1688 Lysia,
2196 1632 2305 1671 una
2328 1633 2451 1672 cum
2476 1617 2585 1672 diis
2612 1618 2745 1684 tuis,
2777 1616 2996 1687 ignibus
3014 1615 3569 1687 gehettnaraddiccnt

1985 1707 2549 1778 inexstinguibilibus.

366 1874 488 1942 ΚΤ.
519 1878 629 1930 Καὶ
654 1879 888 1947 κολάσας
912 1881 939 1932 6
964 1855 1090 1946 δούξ
1116 1855 1371 1936 ὲκξλευσε
1399 1855 1624 1950 πάντας
1671 1902 1738 1955 γυ
1748 1903 1887 1957 μνωι

2056 1881 2195 1937 XVI.
2231 1882 2350 1937 Dux
2379 1882 2553 1937 iratus
2580 1883 2647 1938 ad
2677 1883 2825 1954 ligna
2852 1884 3088 1950 oblonga
3122 1882 3319 1937 nudari
3379 1894 3574 1937 omnes

291 1968 455 2038 θῆναι
488 1971 568 2030 εἰς
597 1969 735 2035 ξύλα
781 1972 992 2043 μακρὰ,
1026 1973 1122 2027 καὶ
1182 1974 1403 2038 ξέεσθαι
1433 1976 1584 2041 ὄνυξι
1618 1977 1881 2050 σιδηροῖς,

290 2063 389 2113 καὶ
415 2062 717 2129 ὀστράκοις
768 2062 985 2127 ὀξέσιν·
1044 2065 1139 2118 καὶ
1170 2065 1424 2120 ἐκέλευσε
1480 2068 1610 2139 βοᾷν
1661 2068 1754 2123 τὸν
1784 2071 1887 2140 κή-

295 2166 446 2217 ρυκα
469 2166 485 2181 ο
517 2151 582 2201 Li
624 2152 737 2214 τοῖς
772 2151 918 2216 θεοῖς
958 2154 1035 2226 μὴ
1074 2155 1316 2220 θύοντες,
1366 2158 1504 2211 ἀλλὰ
1537 2161 1629 2213 καὶ
1664 2160 1884 2230 ἐνυϐρι-

292 2241 505 2305 ζοντες,
537 2242 714 2296 ταῦτα
742 2246 1067 2316 πάσχουσιν.
1092 2250 1156 2302 0i
1185 2248 1242 2301 δὲ
1268 2249 1437 2318 ἅγιοι,
1465 2249 1733 2323 ξεόμενοι,
1769 2255 1887 2308 ἐλε-

292 2349 428 2401 γον’
466 2329 541 2387 Ὦ
601 2335 858 2406 τύραννε,
911 2340 963 2393 si
1009 2339 1156 2411 ἔχεις
1196 2340 1474 2413 δεινότερα
1520 2344 1882 2419 κολαστήρια,

301 2426 626 2497 προσάγαγε
649 2443 665 2461 ο
709 2429 884 2483 ταῦτα
917 2430 1026 2501 γὰρ
1052 2433 1186 2503 ἡμῖν
1227 2434 1374 2487 ἐστιν
1402 2435 1883 2509 εὐκαταφρόνητα.

302 2518 413 2571 Καὶ
460 2520 563 2590 ήδη
606 2520 756 2593 ὥρας
788 2522 958 2595 ἕκτης
992 2526 1429 2598 καταλαϐούσης,
1458 2528 1552 2582 καὶ
1591 2528 1689 2585 τοῦ
1729 2528 1884 2601 ἡλίου

310 2611 747 2679 καταφλέξαντος
776 2613 876 2683 τὴν
912 2614 1019 2685 γῆν
1065 2616 1272 2681 πᾶσαν,
1309 2613 1453 2689 ἦσαν
1491 2620 1542 2671 οε
1573 2617 1723 2688 ἅγιοι
1763 2618 1883 2687 ξεό-

305 2718 475 2771 μενοι.
518 2700 589 2755 'U
617 2701 674 2756 δὲ
707 2702 855 2768 δοὺξ,
889 2705 1172 2771 πεινάσας,
1204 2707 1496 2762 ἐκέλευσεν
1528 2708 1728 2773 αὐτοὺς
1750 2725 1886 2764 κατ-

300 2793 592 2864 ενεχθῆναι
627 2795 726 2849 καὶ
756 2797 1093 2868 ἁποτεθῆναι
1116 2801 1174 2853 ὲν
1202 2802 1268 2872 τῇ
1297 2800 1535 2872 φυλακῇ,
1564 2802 1886 2873 ἐντειλάμε-

299 2905 390 2949 vo;
411 2887 631 2958 μηδένα
659 2887 856 2943 θεάσαι
903 2891 1123 2957 αὐτοὺς,
1155 2892 1294 2963 μήτε
1329 2891 1476 2963 ὕδωρ
1514 2893 1699 2957 αὐτοῖς
1745 2894 1885 2948 ἀπο-

296 2982 549 3052 δοθῆναι.
584 2976 695 3035 Ἦν
727 2982 787 3036 δέ
818 2999 903 3046 τις
927 2982 1245 3055 πολιτευτὴς
1272 2985 1331 3037 ὲν
1351 2987 1416 3057 τῇ
1455 2984 1610 3040 πόλει
1643 2984 1886 3058 τοῦνομα

311 3071 567 3143 Ἡρώδης
601 3072 955 3142 Χριστιανὸς,
987 3073 1418 3145 ὑποκρινόμενος
1447 3075 1507 3130 6t
1549 3075 1641 3130 τὸν
1673 3076 1881 3149 ἑλληνι-

1980 1972 2148 2043 jussit
2171 1983 2229 2028 et
2251 1974 2473 2044 ungulis
2496 1973 2696 2028 ferreis
2730 1990 2795 2029 ac
2824 1974 3005 2029 acutis
3048 1974 3207 2029 testis
3243 1972 3383 2035 radi,
3428 1988 3573 2042 prte-

1984 2079 2293 2135 conemque
2315 2066 2553 2121 clamare
2590 2084 2604 2118 :
2631 2066 2735 2134 Qui
2763 2082 2871 2121 non
2898 2066 3240 2130 sacrificant,
3267 2065 3362 2121 sed
3390 2065 3576 2135 potius

1985 2154 2249 2226 iniuriam
2284 2156 2550 2219 inferunt.
2603 2157 2718 2213 haec
2750 2157 3057 2227 patiuntur.
3083 2157 3221 2211 Dum
3249 2156 3426 2212 sancti
3477 2173 3578 2211 ex-

1984 2247 2464 2313 carniﬁcarentur,
2488 2247 2788 2303 dixerunt:
2818 2247 2866 2304 0
2896 2258 3151 2320 tyranne,
3184 2247 3228 2304 si
3289 2246 3576 2305 acerbiora

1986 2338 2087 2393 tibi
2111 2339 2226 2394 sint
2249 2346 2547 2401 tormenta,
2574 2338 2795 2409 profer:
2820 2339 3115 2403 haecenim
3139 2340 3574 2396 contemnimus.

1984 2429 2122 2485 Cum
2149 2430 2262 2501 jam
2282 2441 2436 2486 esset
2461 2430 2598 2484 hora
2620 2439 2772 2486 sexta
2799 2439 2857 2486 et
2877 2431 2958 2486 soi
2989 2430 3322 2487 accenderet
3351 2446 3574 2485 onmem

1987 2529 2211 2588 terram,
2241 2522 2418 2577 sancti
2452 2521 2812 2578 radebantur.
2846 2521 2996 2578 Inter
3037 2524 3155 2578 haec
3184 2523 3321 2587 dux,
3352 2521 3575 2577 consilii

1987 2611 2173 2682 inops,
2191 2613 2358 2684 jussit
2378 2627 2478 2669 eos
2515 2612 2717 2668 abduci
2741 2621 2803 2668 et
2828 2613 3039 2669 carceri
3073 2614 3403 2683 mancipari,
3435 2628 3580 2682 prae-

1986 2704 2204 2775 cipiens
2231 2720 2303 2761 ne
2328 2705 2457 2776 quis
2483 2720 2584 2761 eos
2607 2705 2838 2770 viseret,
2888 2720 2996 2760 neu
3032 2719 3232 2774 aquam
3276 2704 3574 2775 praaberet.

1986 2798 2121 2853 Erat
2145 2797 2372 2868 quidam
2412 2797 2731 2868 reipublicae
2776 2797 3197 2853 administrator
3232 2796 3293 2851 in
3329 2795 3576 2859 civitate.

1986 2888 2214 2944 nomine
2246 2888 2517 2953 Herodes,
2550 2890 2911 2961 christianus,
2939 2890 3036 2946 sed
3081 2888 3374 2961 gentilium
3416 2902 3577 2942 sacra

1989 2979 2315 3044 simulabat,
2344 2980 2492 3051 apud
2518 2996 2684 3052 quem
2714 2981 2828 3036 dux
2868 2981 3175 3037 habitabat.
3227 2979 3477 3036 Habebat
3531 2982 3581 3036 is

1990 3072 2293 3136 notarium.
2323 3072 2549 3128 nomine
2584 3073 2887 3138 Philinum,
2929 3074 3024 3144 qni
3058 3090 3089 3129 a
3118 3082 3312 3129 sancto
3341 3073 3578 3129 Leontio

298 3165 462 3232 σμον,
518 3158 721 3233 παρ⁹ᾧ
769 3164 963 3235 ἔμενεν
1013 3167 1042 3219 6
1083 3164 1230 3230 δούξ.
1303 3165 1473 3237 Ἔσχε
1531 3165 1591 3222 δὲ
1639 3167 1889 3239 νοτάριον

1993 3164 2343 3236 diligebatur.
2374 3165 2671 3236 Postquam
2705 3167 2862 3222 illum
2900 3168 3306 3232 accersivisset,
3351 3177 3582 3224 sanctus

295 3258 515 3311 Φίλινον
571 3257 822 3327 ὀνόματι.
865 3253 1036 3321 Οὗτος
1085 3252 1155 3329 ἦν
1198 3258 1568 3329 ἀγαπώμενος
1609 3260 1763 3332 παρὰ
1799 3261 1893 3315 τοῦ

300 3351 460 3416 ἁγίου
491 3344 786 3403 Λεοντίοῶ
821 3351 916 3405 καλ¹
941 3351 1634 3420 μεταστειλάμνοςάὐτδν
1674 3356 1704 3408 6
1737 3355 1894 3423 ἅγιος

304 3441 563 3503 Λεόντιος
628 3440 812 3508 λέγει·
876 3440 1098 3511 Ἀδελφὲ
1158 3441 1372 3507 Φίλινε,
1441 3442 1695 3498 ἀπελθὼν
1764 3444 1890 3498 sint

311 3530 555 3604 Ἡρώδῃ,
592 3533 701 3596 ἵνα,
737 3535 786 3585 ει
815 3531 928 3603 ἔχει
955 3533 1078 3586 τινὰ
1116 3536 1198 3597 εἰς
1229 3535 1319 3586 τὸν
1350 3533 1517 3587 δοῦκα
1555 3535 1891 3607 παρρησίαν,

308 3623 501 3693 οὔριον
531 3625 679 3694 ἡμᾶς
712 3623 1008 3696 τελειώσῃ⁶
1046 3624 1339 3693 ηὐλαδεῖτο
1388 3624 1499 3696 γὰρ
1536 3628 1608 3696 μή
1660 3643 1744 3690 τις
1787 3626 1895 3680 τῶν

307 3719 480 3784 ἀξίων
524 3718 781 3783 δελιάσας
830 3719 1210 3790 ἀπαγορεύσῃ.
1278 3716 1337 3774 '0
1386 3719 1445 3773 δὲ
1488 3719 1744 3775 ἀπελθὼν
1776 3723 1895 3789 ἀπο,

305 3812 531 3878 ἠγγειλε
581 3812 760 3864 πάντα
812 3811 892 3880 τῷ
942 3810 1368 3881 πολιτευομένῳ.
1414 3810 1473 3865 ’0
1514 3811 1572 3865 δὲ
1627 3811 1753 3877 δοὺξ
1825 3808 1894 3884 ἦν

307 3904 547 3967 allisa;
592 3903 758 3956 αὐτὸν
793 3902 881 3956 ἐπ’
909 3903 1150 3973 ἄριστον,
1185 3902 1281 3956 καὶ⁹
1324 3904 1655 3973 περιέμενεν
1703 3902 1889 3959 αὐτόν.

323 3997 574 4065 Ἡρώδης
621 3998 678 4051 δὲ
726 4000 1028 4070 παρῃτεῖτο
1077 3996 1292 4065 λέγων’
1332 3997 1478 4063 Ὅτι,
1528 3996 1718 4069 ἐπειδὴ
1764 3996 1895 4068 χθὲς

309 4086 451 4143 εἶδον
470 4089 582 4142 τῶν
613 4089 1166 4144 καταδίκωνὲκείνων
1204 4088 1303 4153 τὰς
1337 4089 1577 4160 πλευρὰς
1610 4088 1893 4159 ξεομὲνας,

310 4180 559 4244 σιανθεὶς
595 4180 913 4251 ἁνετράπην
934 4180 1028 4235 τοῦ
1057 4181 1357 4250 στομάχου,
1410 4180 1508 4235 καὶ
1546 4180 1609 4232 οὐ
1654 4179 1893 4250 δύναμαι

309 4275 628 4342 ἀριστῆσαι.
677 4275 789 4327 Καὶ
829 4272 859 4325 6
906 4273 1034 4337 δοὺξ
1083 4273 1445 4344 ἐπηρώτησεν
1471 4269 1635 4324 αὐτὸν
1679 4269 1893 4337 λέγων’

312 4367 379 4419 Τί
424 4361 523 4419 οὖν
567 4365 750 4434 βούὶει
789 4364 876 4418 ἵνα
917 4365 1168 4436 ποιήσιος
1216 4364 1362 4418 oet
1398 4357 1581 4417 εἶπεν·
1636 4363 1771 4432 Οὐχὶ
1815 4361 1893 4426 ὼς

311 4457 716 4525 ἀνθεστηκότες
775 4458 890 4522 τοῖς
949 4458 1059 4510 τῶν
1115 4457 1544 4526 αὐτοκρατόρων
1585 4454 1897 4525 θεσπίσμα-

1997 3254 2264 3311 Leontius
2290 3256 2430 3312 dixit
2459 3274 2475 3312 :
2507 3256 2749 3324 Pbiiine,
2783 3257 2977 3321 frater,
3005 3258 3164 3323 vade,
3201 3259 3407 3315 Herodi
3464 3260 3574 3321 die.

1998 3356 2079 3411 ut,
2113 3348 2159 3403 si
2190 3347 2325 3418 quid
2347 3347 2494 3418 apud
2518 3348 2718 3404 ducem
2740 3350 2907 3415 valet,
2930 3350 3211 3419 impetret,
3239 3358 3300 3404 ut
3331 3364 3433 3404 nos
3454 3363 3579 3404 cras

1998 3448 2173 3495 morte
2198 3439 2397 3495 alliciat
2425 3456 2439 3493 :
2473 3441 2706 3496 timebat
2742 3441 2915 3505 enim,
2947 3456 3035 3496 ne-
3076 3441 3202 3509 quis
3253 3449 3574 3496 sanctorum

1996 3546 2111 3600 pra:
2143 3530 2351 3586 timore
2382 3530 2666 3587 deﬁceret.
2708 3531 2806 3586 llle
2846 3541 3032 3586 autem
3063 3531 3259 3585 abiens
3289 3530 3578 3586 renuntia-

1998 3623 2078 3678 vit
2105 3621 2290 3677 omnia
2316 3602 2634 3692 reipublicae
2675 3620 3135 3678 administratori.
3183 3623 3302 3677 Dux
3331 3636 3464 3676 vero
3493 3620 3578 3676 in-

1997 3715 2208 3770 vitabat
2246 3715 2423 3785 ipsum
2465 3714 2533 3769 ad
2577 3714 2883 3784 prandium
2912 3724 2979 3769 et-
3017 3715 3148 3786 jam.
3190 3713 3571 3784 exspectabat.

1997 3807 2247 3864 Herodes
2266 3807 2562 3863 excusabat
2588 3822 2669 3873 se,
2700 3807 2894 3862 dicens
2918 3825 2931 3862 :
2963 3807 3122 3874 Quia,
3144 3815 3435 3876 postquam
3459 3805 3580 3859 heri

1999 3899 2112 3954 vidi
2134 3899 2367 3954 istorum
2404 3914 2625 3954 reorum
2656 3898 2829 3953 latera
2858 3898 3000 3964 radi,
3034 3899 3175 3953 male
3208 3898 3405 3952 allecto
3450 3906 3581 3950 sto—

2000 3992 2196 4046 macho
2218 4005 2475 4046 reversus
2504 4006 2626 4046 sum
2656 4000 2714 4046 et
2742 4006 2960 4061 nequeo
2999 3991 3291 4061 prandere.
3329 3990 3446 4044 Dux
3494 3989 3584 4044 in-

2001 4084 2305 4155 terrogavit
2327 4098 2478 4147 eum,
2502 4083 2694 4138 dicens
2724 4101 2738 4133 ι
2771 4083 2913 4150 Quid
2946 4084 3114 4154 igitur
3144 4083 3332 4149 vis,ut
3358 4082 3583 4139 faciam?

2000 4175 2101 4230 Ille
2132 4185 2317 4229 autem
2349 4174 2490 4229 dixit
2518 4191 2533 4228 :
2568 4174 2766 4229 Nonne
2791 4175 2871 4240 hi,
2918 4176 3012 4245 qui
3044 4174 3244 4231 edictis
3278 4177 3581 4247 imperato-

2000 4282 2128 4321 rum
2151 4266 2452 4331 obsistunt,
2481 4275 2661 4322 morte
2715 4266 2867 4338 digni
2916 4267 3082 4322 sunt?
3133 4266 3249 4324 Cur
3298 4282 3432 4339 ergo
3470 4282 3581 4323 non

2001 4357 2319 4412 moriuntur
2360 4356 2635 4426 propere?
2668 4355 2764 4410 [ile
2819 4371 2954 4410 vero
3001 4356 3274 4427 promisit,
3313 4372 3436 4413 cras
3485 4373 3584 4413 eos

2004 4452 2115 4523 igni
2139 4449 2488 4505 addicturum
2517 4448 2674 4519 juxta
2727 4448 3077 4517 imperatoris
3092 4450 3369 4504 mandata.

314 4571 400 4607 σιν
460 4552 604 4618 ἄξιοι
658 4555 768 4606 εἱσι
832 4552 1104 4618 θανάτους
1155 4554 1221 4606 'l‘i
1272 4551 1366 4606 οὖν
1431 4546 1535 4606 οὐκ
1606 4551 2051 4621 ἀποθνήσκουσιν
2102 4545 2424 4617 συντόμως;
2507 4544 2571 4597 ’0
2613 4545 2670 4597 δὲ
2723 4544 2993 4616 ὑπέσχετο
3060 4546 3161 4616 τὴν
3203 4546 3419 4618 αὔριον-
3447 4548 3582 4618 πυρὶ

314 4646 659 4716 παραδοῦναι
711 4648 912 4711 αὐτοὺς
955 4648 1096 4703 κατὰ
1154 4649 1223 4705 τὰ
1268 4648 1619 4719 διατάγματα
1669 4646 1763 4702 τοῦ
1801 4646 2093 4719 βασιλέως.

384 4738 485 4797 1Ζ’.
520 4743 632 4795 Καὶ
683 4743 712 4794 6
743 4740 977 4805 1Μελινος,
1014 4740 1258 4803 ἀκούσας
1293 4740 1488 4806 ταῦτα,
1534 4740 1761 4811 δραμὼν
1791 4744 1890 4795 ἀπ‹

2077 4735 2243 4793 XVII.
2273 4736 2368 4792 His
2401 4734 2623 4800 auditis,
2685 4735 2934 4789 cucurrit
2970 4734 3241 4800 Philinus,
3297 4736 3585 4792 et~sanctis

317 4834 543 4901 ἡγγειλε
564 4835 681 4897 τοῖς
701 4833 884 4900 ἁγίοις
901 4849 918 4867 ο
940 4835 989 4886 oi
1020 4834 1102 4900 δὲ,
1125 4833 1549 4904 φαιδρυνθὲντες
1578 4832 1678 4895 τὰς
1700 4832 1905 4903 ψυχὰς,

318 4925 635 4995 ἐξεδέχοντο
662 4924 725 4978 τὸ
753 4925 927 4995 πέρας
956 4925 1095 4993 μετὰ
1121 4924 1295 4994 καλῆς
1321 4924 1657 4995 προθυμίας,
1691 4925 1789 4977 καὶ
1812 4924 1904 4977 εὐ·

320 5016 562 5086 λόγησαν
609 5017 812 5080 πάντες
846 5017 942 5070 τὸν
966 5018 1182 5071 Φίλινον
1219 5017 1309 5070 διὰ
1349 5019 1454 5087 τὴν
1493 5017 1764 5085 ὑπακοὴν,
1809 5015 1904 5069 καὶ

333 5108 586 5178 Ἡρώδην
642 5106 733 5160 διὰ
779 5108 881 5173 τὴν
908 5109 1169 5178 σπουδήν.
1211 5109 1277 5161 Ἦ
1305 5107 1363 5160 δὲ
1405 5107 1650 5177 συνήθως
1690 5107 1903 5176 ἀποφὲ-

318 5217 490 5267 ρουσα
516 5200 703 5261 αὐτοῖς
734 5198 799 5253 τὸ
833 5197 981 5269 ὕδωρ
1031 5198 1293 5268 ἐλευθέρα
1335 5196 1451 5269 εἶχε
1504 5199 1606 5267 μὲν
1640 5197 1702 5251 τὸ
1731 5197 1899 5268 ὕδωρ,

314 5294 391 5356 ὡς
425 5294 491 5344 τί,
514 5291 769 5361 σύνηθες,
807 5292 900 5345 ἐπὶ
928 5292 989 5345 τὸ
1011 5291 1301 5360 διάζωσμα
1319 5308 1337 5325 ο
1368 5291 1675 5345 κωλυθεῖσα
1697 5291 1755 5344 δὲ
1787 5294 1903 5345 εισ-

315 5384 517 5450 ελθεῐν,
555 5385 812 5454 ἠρωτᾶτο
841 5384 993 5454 παρὰ
1023 5384 1133 5438 τῶν
1159 5384 1363 5452 ἁγίων,
1395 5385 1444 5438 εἰ
1475 5384 1587 5453 ἔχει
1620 5382 1788 5454 ὕδωρ.
1835 5382 1900 5438 ἸΙ

314 5474 373 5526 δὲ
402 5472 495 5526 διὰ
521 5474 652 5537 τοὺς
679 5473 1045 5544 παρεστῶτας
1074 5476 1381 5545 ἠρνήσατο·
1406 5476 1502 5527 καὶ
1528 5474 1681 5542 λέγει
1718 5475 1852 5529 αὐτὸ
1872 5477 1902 5529 6

312 5563 475 5630 ἆγιος
506 5563 765 5627 Λεόντιος
790 5567 860 5632 τῇ
888 5564 1173 5635 θ’Δρμενιῳ
1209 5567 1362 5637 φωνῇ
1401 5565 1676 5637 Βασιανῇ·
1718 5566 1783 5619 Ei.
1825 5566 1901 5639 μὴ

308 5660 556 5727 ﬁnem;
574 5658 703 5730 ἄρτι
726 5659 795 5712 τὸ
812 5656 959 5730 ὕδωρ
974 5660 1032 5711 ὲν
1051 5658 1312 5731 ταύτῃτῇ
1346 5660 1584 5732 ἀνάγκη,
1607 5661 1692 5713 ὅτι
1728 5677 1901 5713 κατα-

315 5751 634 5823 φλεγόμεθα
666 5755 763 5807 καὶ
809 5752 867 5804 αἱ
915 5752 1136 5825 καρδίαι
1181 5752 1338 5824 ήμῶν
1368 5752 1709 5820 σϐέννυνται,
1748 5754 1843 5808 καὶ
1873 5752 1901 5807 ὃ

315 5845 578 5916 imit-.13;
604 5848 737 5919 ήμῑν
762 5843 952 5912 καλὸν,
973 5843 1046 5911 ὡς
1069 5844 1186 5901 οὐδὲ
1203 5881 1216 5901 ο
1244 5863 1295 5901 κ’
1320 5847 1545 5923 τεφὰνη,
1569 5846 1661 5902 καὶ
1680 5844 1753 5913 ὡς
1776 5846 1900 5902 οὔτε

1999 4827 2362 4893 renuntiavit,
2392 4829 2486 4896 qui
2523 4825 2724 4881 animis
2781 4826 2990 4882 hilares
3075 4827 3472 4896 exspectabant
3523 4829 3584 4882 ii-

2000 4935 2128 4975 nem
2153 4935 2279 4972 cum
2311 4919 2528 4989 egregia
2559 4919 2870 4981 alacritate,
2898 4926 3178 4975 et-omnes
3226 4920 3368 4976 bene
3394 4936 3576 4990 preca-

1998 5011 2203 5066 bantur
2232 5011 2466 5076 Pbilino,
2498 5009 2647 5079 quod
2675 5003 2937 5082 gessisset
2963 5026 3194 5074 morem,
3237 5020 3296 5067 et
3355 5011 3583 5078 Herodi,

2000 5104 2147 5175 quod
2168 5104 2477 5159 festinaret.
2505 5105 2572 5157 At
2596 5119 2861 5175 generosa
2880 5104 2982 5159 ista
3006 5104 3225 5168 mulier,
3247 5120 3368 5175 qure
3384 5122 3582 5177 aquam

1998 5198 2066 5252 ad
2086 5204 2311 5253 sanctos
2348 5195 2569 5251 deferre
2630 5204 3020 5260 consueverat,
3078 5211 3276 5268 aquam
3317 5197 3384 5253 de
3431 5216 3586 5254 more

2008 5289 2113 5346 sub
2139 5288 2393 5344 cinctura
2422 5287 2699 5343 condebat
2731 5305 2746 5342 :
2777 5302 2971 5343 verum
3001 5287 3255 5359 ingressu
3282 5289 3586 5361 prohibita,

2009 5380 2454 5451 interrogabatur
2474 5394 2502 5432 a
2520 5380 2746 5442 sanctis,
2768 5394 2836 5433 an
2857 5381 3333 5451 aquamhaberet.
3356 5381 3587 5455 Negavit

2011 5475 2127 5546 ipsa
2178 5482 2408 5544 propter
2435 5479 2697 5527 astantes.
2725 5471 2964 5528 Sanctus
3000 5472 3268 5529 Leontius
3300 5473 3406 5531 hoc
3446 5476 3586 5531 dixit

2009 5580 2267 5623 sermone
2283 5566 2524 5620 Armeno
2561 5563 2805 5619 Basianae
2834 5581 2849 5620 :
2895 5563 2952 5620 Si
2986 5580 3097 5620 non
3127 5567 3362 5622 attulisti
3383 5584 3585 5638 aquam

2009 5659 2065 5714 in
2091 5660 2195 5714 hac
2218 5658 2550 5721 necessitate
2580 5658 2729 5729 (nam
2763 5658 3164 5725 eomburimnr,
3193 5667 3249 5714 et
3271 5661 3437 5717 corda
3486 5678 3586 5718 nos

2011 5763 2122 5806 stra
2148 5750 2601 5820 exstinguuntur)
2634 5766 2768 5807 sane
2797 5749 2946 5821 quod
2966 5751 3124 5807 nobis
3147 5751 3326 5809 fecisti
3352 5751 3583 5820 bonum.

2015 5856 2273 5915 tanquam
2303 5842 2440 5899 nihil
2489 5841 2746 5914 apparuit
2782 5851 2837 5899 et
2896 5850 3155 5914 tanquam
3204 5859 3431 5917 prorsus
3476 5864 3586 5906 non
