3994 6488
442 391 547 452 339

1740 389 2022 448 MENSIS
2061 389 2091 447 J
2106 390 2360 452 ULIUS.

3599 390 3708 453 350

443 503 674 556 factum.
705 499 823 556 Hoc
848 511 1030 555 autem
1053 501 1212 566 dixit,
1252 502 1479 554 hortans
1515 515 1656 564 eam,
1721 511 1779 555 ut
1820 518 2018 572 aquam
2051 525 2063 566 Α

2151 504 2260 567 ηλως
2289 506 2536 572 γεγονός.
2567 505 2738 558 Τοῦτο
2769 505 2825 558 δι
2871 505 3025 572 ἔλεγε
3074 503 3516 573 προτρεπόμενος
3561 508 3701 574 αὐτῇ

445 593 689 649 afferret.
731 591 825 646 llla
857 607 989 646 vero
1025 603 1183 662 porta
1203 607 1446 661 egressa,
1479 607 1819 662 parvamque
1848 603 2022 649 etan-

446 694 658 755 gustam
685 693 842 737 nacta
871 684 1195 747 fenestram,
1235 699 1434 754 aquam
1468 685 1550 738 eis
1587 701 1685 752 per
1734 686 1880 739 illam
1911 695 2022 741 tra-

445 777 605 831 didit.
631 777 696 830 Et
727 785 1014 846 postquam
1057 775 1329 832 bibissent
1369 786 1425 830 et
1481 777 1775 833 revl'ocillati
1812 786 2020 840 essent,

446 868 831 937 precabantur,
859 876 919 921 ut
943 865 1038 921 ﬁlii
1070 868 1189 937 ejus
1218 877 1274 922 et
1300 868 1394 921 ﬁlii
1420 868 1657 922 ﬁliorum
1698 869 1817 938 ejus
1836 884 2022 923 sacer-

445 961 604 1014 dotes
627 961 840 1026 ﬁerent,
874 959 928 1015 in
957 960 1090 1014 tanti
1118 960 1329 1015 servitii
1351 960 1876 1030 compensationem.

2121 595 2347 662 ἔνεέγκαι
2391 596 2454 650 τὸ
2498 595 2664 666 ὕδωρ.
2709 597 2775 649 Ἢ
2813 595 2869 649 δὲ
2915 593 3212 660 ἐξελθοῦσα
3241 595 3340 664 τῆς
3372 595 3569 665 πύλης,
3605 599 3704 650 καὶ

2119 686 2356 755 εὑροῦσα
2393 687 2598 756 μικρὰν
2637 690 2731 740 καὶ
2760 687 2954 756 στενήν
2988 686 3203 754 θυρίδα,
3244 685 3334 739 διὰ
3361 686 3566 755 ταύτης
3599 688 3708 739 ὑπ-

2120 776 2319 831 έδωκεν
2350 779 2535 841 αὐτοῖς
2581 779 2640 832 τὸ
2673 778 2843 849 ὕδωρ.
2871 779 2982 831 Kal
3010 778 3230 841 πιόντες
3264 779 3358 830 καὶ
3387 778 3708 846 ἀναψύξαν-

2119 885 2210 929 τες
2233 869 2542 938 ὲπηύξαντο
2581 873 2718 940 αὐτῇ
2753 871 2881 932 τοὺς
2911 871 3082 932 υίούς,
3117 870 3210 922 καὶ
3248 871 3399 932 υίούς
3424 870 3536 923 τῶν
3569 871 3708 923 υίῶν

2118 960 2288 1028 αὐτῆς
2339 961 2418 1023 είς
2451 961 2635 1031 ἱερέας
2668 961 2926 1030 γενέσθαι
2973 961 3266 1030 διαμοιδὴν
3301 959 3402 1030 τῆς
3446 961 3710 1030 τοιαύτης

2123 1049 2447 1120 θεραπείας.

1903 1209 2131 1268 CAPUT
2169 1210 2259 1266 IV.

449 1344 736 1398 Orantibus
774 1354 1002 1416 apparet
1037 1349 1292 1418 angelus;
1337 1357 1714 1404 convertuntur
1755 1348 1860 1401 duo
1891 1343 2430 1418 carcerisicustodes;
2468 1346 2800 1418 damnantur
2847 1347 3022 1400 sancti
3071 1353 3338 1416 martyres
3391 1346 3467 1401 ad
3498 1349 3720 1416 ignem;

1262 1412 1400 1490 aqua
1428 1436 1455 1472 c
1482 1435 1610 1489 rupe
1633 1418 1847 1480 elicita;
1889 1412 2182 1468 translatio
2220 1423 2269 1468 et
2303 1415 2477 1469 cultus
2514 1417 2896 1487 reliquiarum.

520 1544 709 1600 XVIII.
745 1547 983 1616 Vespere
1017 1547 1183 1612 facto,
1214 1548 1512 1602 cantabant
1539 1548 1827 1602 dicentes:
1868 1563 1886 1595 ι
1921 1543 2028 1598 Do-

453 1634 621 1698 mine,
645 1635 845 1689 exaudi
887 1636 1194 1691 orationem
1223 1654 1422 1700 meam,
1446 1648 1502 1692 et
1535 1639 1741 1692 clamor
1765 1650 1920 1690 meus
1958 1633 2024 1688 ad

457 1734 508 1777 te
537 1725 900 1786 veniat“,etc.
931 1747 949 1777 ι
986 1727 1052 1780 Ει
1077 1727 1295 1796 expleto
1323 1727 1553 1796 psalmo,
1587 1723 2028 1780 corroboraban-

460 1825 551 1868 tur
588 1816 641 1868 in
669 1816 919 1876 vinculis.
955 1817 1158 1883 gratias
1192 1827 1417 1886 agentes
1442 1818 1572 1882 Deo,
1609 1823 1832 1869 orantes
1864 1820 1920 1866 et
1946 1809 2033 1864 di-

455 1918 642 1962 centes
676 1926 689 1962 :
716 1910 944 1964 Domine
967 1910 1121 1972 .Iesu,
1153 1910 1248 1978 qui
1290 1919 1474 1978 portas
1498 1909 1639 1961 mala
1671 1906 1851 1960 omnis
1870 1919 2028 1960 crea-

458 2008 616 2060 turse,
667 1999 806 2054 nihil
873 2000 1258 2054 absconditum
1301 2007 1386 2054 est
1425 2013 1610 2051 coram
1651 2007 1724 2058 te.
1751 1996 1844 2065 qui
1878 2010 2032 2050 scru-

459 2093 595 2146 taris
621 2093 807 2156 corda,
833 2101 889 2146 et
913 2092 1112 2162 probas
1137 2106 1296 2146 renes
1321 2109 1332 2144 :
1367 2098 1425 2144 tu
1452 2091 1581 2153 seis,
1609 2106 1719 2158 quo
1743 2090 2034 2158 ﬁagremus

462 2185 543 2238 tui
578 2183 875 2248 desiderio,
918 2185 1102 2238 cernis
1132 2191 1440 2246 tormenta;
1484 2183 1778 2236 animabus
1833 2181 2036 2238 nostris

459 2276 702 2335 medere,
741 2289 866 2328 nam
898 2289 1129 2343 corpora
1154 2282 1337 2327 nostra
1367 2271 1692 2326 tradidimus
1711 2282 1936 2341 propter
1959 2278 2034 2332 te;

461 2368 584 2422 dele
616 2367 937 2436 iniquitates
970 2375 1190 2420 nostras
1224 2365 1279 2418 in
1311 2363 1656 2433 corruptibili
1684 2373 1872 2417 nostra
1903 2362 2036 2416 vita:

461 2477 627 2529 parva
656 2461 856 2529 quippe
887 2459 1004 2513 hare
1033 2458 1195 2512 nobis
1228 2465 1378 2518 sunt.
1431 2466 1488 2510 et
1527 2455 1754 2509 minime
1784 2454 2035 2517 molesta,

461 2552 535 2607 ob
565 2553 791 2612 multam
821 2551 876 2604 in
915 2558 985 2616 te,
1017 2550 1269 2614 Domine,
1304 2548 1656 2613 charitatem;
1688 2559 1739 2602 te
1762 2545 2040 2600 desidera-

463 2657 608 2703 mus,
645 2653 694 2695 te
714 2643 990 2696 timemus.
1026 2641 1224 2710 Aspice
1263 2655 1292 2693 e
1348 2640 1514 2700 oculo,
1545 2649 1600 2694 et
1624 2653 1723 2693 nos
1769 2637 1950 2708 erige;
1983 2645 2040 2690 tu

462 2735 666 2789 etenim
690 2733 993 2790 consolaris
1025 2748 1129 2788 nos
1158 2733 1212 2786 in
1240 2733 1389 2786 omni
1415 2733 1773 2788 tribulatione
1826 2739 2038 2794 nostra,

467 2839 528 2882 ut
556 2827 833 2898 possimus
862 2826 1160 2881 sustinere.
1199 2825 1346 2879 Nihil
1393 2824 1501 2880 loci
1556 2825 1758 2878 habeat
1791 2824 2039 2877 Satanas.

465 2920 545 2974 Ne
578 2935 678 2974 nos
731 2935 762 2974 a
802 2919 1045 2973 fraterno
1106 2917 1212 2972 hoc
1258 2931 1447 2972 amore
1501 2931 1693 2986 separa
1733 2933 1746 2969 :
1795 2917 2042 2969 omnium

469 3013 616 3066 enim
644 3019 893 3066 nostrum
916 3019 1090 3065 mater
1114 3019 1199 3064 est
1227 3010 1362 3064 ﬁdes
1391 3009 1444 3062 in
1479 3017 1551 3063 te.
1579 3009 1648 3062 Et
1677 3017 1758 3067 tu,
1792 3005 2042 3070 Domine,

469 3105 631 3159 Pater
656 3113 864 3167 noster,
900 3103 1141 3172 gloriﬁca
1179 3119 1376 3157 nomen
1403 3112 1556 3157 tuum
1583 3102 1636 3155 in
1668 3099 1929 3155 membris
1944 3113 2044 3152 no-

469 3198 622 3261 stris,
651 3205 709 3252 et
738 3206 995 3266 tanquam
1024 3195 1076 3249 in
1108 3195 1448 3249 holocaustis
1473 3195 1708 3248 arietum
1760 3201 1817 3246 et
1858 3200 2046 3244 tauro-

2203 1544 2311 1596 IH'.
2365 1543 2645 1615 Ἐσπέρας
2677 1545 2734 1597 δὲ
2783 1543 3226 1613 καταλαϐούσης,
3264 1543 3493 1607 ἔψαλλον
3528 1545 3725 1613 λέγον-

2126 1650 2252 1697 τες·
2289 1653 2306 1686 ι
2329 1635 2523 1707 Κύριε,
2557 1636 2876 1689 εἰσάκουσον
2907 1637 3006 1704 τῆς
3038 1636 3348 1705 προσευχῆς
3373 1654 3496 1704 μου,
3532 1638 3627 1688 καὶ
3670 1638 3708 1706 ή

2130 1729 2350 1799 κραυγή
2386 1747 2487 1798 μου
2517 1729 2655 1799 πρός
2675 1746 2732 1781 σε
2762 1729 3020 1788 ὲλΟέτω,›
3045 1728 3141 1780 καὶ
3170 1729 3237 1780 τὰ
3265 1729 3412 1798 ἑξῆς.
3433 1729 3543 1780 Kal
3575 1729 3726 1797 πλη-

2135 1819 2413 1886 ρώσαντες
2465 1818 2556 1871 τὸν
2585 1817 2824 1887 ψαλμὸν,
2856 1813 3000 1888 ἦσαν
3033 1818 3335 1888 ἐρρωμένοι
3376 1820 3432 1870 ἐν
3481 1821 3592 1883 τοῖς
3632 1819 3729 1871 δε-

2135 1914 2315 1981 σμοῖς,
2369 1911 2822 1982 εὐχαριστοῦντες
2879 1909 2957 1980 τῷ
3010 1909 3228 1978 Κυρίῳ,
3296 1910 3542 1978 δεόμενοι
3623 1911 3730 1964 καὶ

2133 2004 2383 2072 λέγοντες
2403 2021 2416 2036 ·
2451 2004 2623 2074 Κύριε
2659 2001 2854 2069 Ἰησοῦ,
2891 2002 2918 2052 ό
2945 2001 3230 2070 βαστάζων
3258 2001 3325 2053 τὰ
3359 2002 3505 2054 κακὰ
3535 2001 3729 2070 πάσης

2133 2097 2233 2163 τῆς
2268 2096 2519 2158 κτίσεως,
2577 2095 2730 2147 οὐδὲν
2787 2095 3030 2164 κρυπτὸν
3080 2095 3230 2162 παρὰ
3263 2093 3366 2156 σοὶ,
3412 2093 3440 2145 ό
3479 2092 3730 2164 ἐρευνῶν

2137 2188 2387 2256 καρδίας,
2419 2187 2514 2238 καὶ
2555 2185 2868 2255 δοκιμάζων
2901 2184 3136 2256 νεφρούς
3163 2201 3176 2214 ·
3207 2185 3271 2238 σὺ
3307 2185 3596 2237 ἐπίστασαι
3621 2181 3731 2256 τὴν

2137 2279 2415 2348 ἡμετέραν
2460 2279 2540 2340 είς
2586 2277 2645 2328 σὲ
2705 2275 3058 2345 προθυμίαν·
3103 2276 3236 2346 ὁρᾷς
3277 2275 3376 2336 τὰς
3424 2274 3733 2345 βασάνους,

2143 2370 2296 2422 ίασαι
2351 2367 2510 2439 ἡμῶν
2544 2367 2640 2430 τὰς
2669 2366 2848 2435 ψυχάς
2873 2382 2886 2395 ·
2924 2366 2993 2419 τὰ
3037 2366 3148 2435 γὰρ
3179 2364 3406 2435 σώματα
3440 2367 3598 2435 ήμῶν
3631 2366 3732 2420 διὰ

2144 2462 2200 2514 σὲ
2227 2460 2625 2529 παρεδώκαμεν
2650 2474 2664 2488 ·
2694 2456 3098 2526 συναπάλειψον
3119 2456 3276 2524 ήμῶν
3299 2457 3364 2508 τὰ
3392 2457 3732 2527 ἀνομήματα

2143 2558 2202 2608 ἐν
2260 2552 2338 2623 τῷ
2389 2550 2616 2622 φθαρτῷ
2674 2550 2832 2620 ήμῶν
2879 2550 3018 2620 βίῳ⁸
3057 2548 3233 2620 μικρὰ
3263 2549 3373 2616 γὰρ
3423 2552 3553 2618 ἡμῖν
3606 2551 3734 2603 ἐστι

2141 2645 2336 2709 ταῦτα,
2392 2646 2486 2696 καὶ
2545 2643 2846 2712 ἀνάλγητα,
2907 2641 2995 2693 διὰ
3052 2641 3151 2710 τὴν
3211 2640 3412 2710 πολλὴν
3459 2642 3592 2709 περὶ
3637 2644 3727 2703 σὲ,

2145 2738 2413 2796 Δέσποτα,
2439 2737 2664 2805 ἀγάπην
2687 2749 2700 2764 ·
2731 2733 2790 2786 σὲ
2831 2732 3125 2800 ποθοῦμεν,
3163 2733 3219 2785 σὲ
3253 2731 3553 2800 φοϐοῦμεν.
3580 2733 3740 2785 Κάτ-

2149 2833 2223 2884 ιδε
2254 2829 2566 2900 οὐρανόθεν,
2590 2827 2687 2880 καὶ
2717 2825 3143 2896 παραθάρῤυνον
3176 2825 3344 2892 ἡμᾶς·
3377 2824 3440 2875 σύ
3473 2825 3581 2893 γὰρ
3620 2821 3673 2876 ei
3704 2823 3740 2876 ὀ

2146 2920 2484 2992 παρακαλῶν
2517 2920 2664 2987 ἡμᾶς
2707 2919 2800 2971 ἐπὶ
2832 2918 2978 2986 πάσῃ
3025 2919 3091 2986 τῇ
3137 2915 3313 2984 θλίψει
3355 2918 3507 2985 ήμῖν,
3552 2917 3630 2979 είς
3667 2917 3740 2970 τὸ

2146 3011 2410 3064 δύνασθαι
2445 3011 2594 3079 ἡμᾶς
2641 3009 2963 3074 ἐπενεγκεῖν
2987 3023 3002 3038 '
3055 3010 3148 3060 καὶ
3183 3011 3256 3076 μὴ
3289 3011 3458 3076 ἐχέτω
3488 3009 3653 3061 τόπον
3704 3011 3744 3062 ὁ

2148 3105 2394 3166 Σατανᾶς
2410 3119 2423 3132 ·
2456 3105 2530 3174 μὴ
2553 3102 2794 3173 χωρίσῃς
2821 3103 2965 3172 ἡμᾶς
2985 3102 3084 3170 τῆς
3101 3102 3461 3170 ἁδελφότητος
3485 3103 3695 3170 ταύτης
3718 3119 3737 3134 ο

2152 3199 2337 3267 μήτηρ
2368 3198 2477 3267 γὰρ
2517 3195 2734 3248 πάντων
2774 3193 2932 3264 ήμῶν
2965 3195 2998 3262 ή
3032 3193 3109 3256 είς
3144 3194 3203 3245 σὲ
3249 3194 3452 3256 πίστις.
3491 3195 3603 3248 Kal
3640 3195 3746 3262 ait,

444 3306 590 3357 ,rum
617 3299 673 3344 et
706 3290 760 3343 in
780 3288 1118 3360 myriadibus
1153 3289 1439 3359 pinguium
1462 3288 1648 3341 ovium
1667 3286 2045 3341 admittamur.

2156 3289 2355 3356 Κύριε,
2385 3287 2576 3358 Πατὴρ
2604 3287 2784 3357 ἡμῶν,
2815 3285 3038 3348 δόξασόν
3069 3301 3160 3337 σου
3211 3285 3270 3338 τὸ
3307 3285 3480 3354 ὄνομα
3531 3289 3588 3340 ἐν
3617 3289 3744 3352 τοῖς

471 3383 563 3439 Sic
590 3381 684 3437 ﬁat
711 3381 1040 3438 sacriﬁcium
1065 3394 1314 3438 nostrum
1352 3382 1407 3435 in
1459 3390 1756 3450 conspectu
1790 3388 1906 3440 tuo,
1936 3379 2045 3433 Do-

470 3475 640 3539 mine,
664 3485 721 3530 et
751 3473 1068 3544 perﬁciatur
1091 3489 1276 3530 coram
1321 3482 1404 3538 te;
1438 3473 1567 3542 quia
1614 3471 1942 3526 benedictus
1987 3486 2048 3526 es

447 3577 527 3622 .et-
551 3567 886 3638 gloriﬁcatus
913 3569 967 3622 in
989 3566 1174 3622 omnia
1209 3565 1425 3620 saecula.
1459 3565 1526 3619 Et
1557 3579 1681 3618 cum
1729 3578 1923 3618 omnes
1972 3562 2049 3616 di-

470 3659 702 3721 xissent.
737 3659 935 3724 Amen,
967 3666 1187 3713 noctem
1222 3657 1586 3711 traduxerunt
1630 3655 1935 3710 insomnes.
1967 3653 2047 3708 Ad

471 3750 651 3806 noctis
678 3749 942 3813 medium,
974 3762 1234 3819 magnum
1264 3747 1536 3815 psalmum
1595 3743 1702 3800 sibi
1756 3743 2046 3798 funebrem

471 3841 816 3899 cecinerunt.

545 4107 688 4162 XIX.
720 4105 880 4161 Hunc
912 4111 1200 4175 postquam
1250 4102 1626 4172 implevissent
1671 4111 1728 4157 et
1779 4111 2047 4162 orassent.

475 4215 605 4255 ecce
625 4199 855 4270 angelus
881 4195 1099 4252 Domini
1146 4194 1321 4250 astitit
1370 4203 1428 4248 et
1465 4195 1642 4249 lucem
1682 4193 1926 4261 implevit
1951 4193 2052 4249 ha-

473 4291 804 4354 bitaculum,
858 4298 916 4345 et
961 4287 1098 4342 dicit
1145 4285 1278 4357 ipsis
1317 4285 1627 4346 :Gaudete.
1687 4300 1858 4356 prope
1895 4285 2053 4340 adest

474 4392 659 4438 vester
690 4382 814 4435 ﬁnis
843 4389 899 4435 et
943 4379 1168 4434 nomina
1227 4387 1410 4433 vestra
1453 4379 1509 4432 in
1539 4378 1684 4433 libro
1745 4378 2050 4433 viventium

475 4477 682 4546 scripta
717 4484 872 4530 sunt.
895 4473 1170 4529 Conﬁdite
1207 4491 1231 4526 :-
1263 4472 1530 4527 Dominus
1578 4470 1884 4526 vobiscum.
1927 4470 2052 4526 Haac

457 4571 622 4640 .fatus
671 4569 927 4624 discessit
957 4566 1026 4621 ab
1047 4566 1130 4620 eis
1163 4565 1410 4636 angelus.
1437 4564 1822 4618 Adoravcrnnt
1852 4561 2050 4623 sancti,

476 4676 530 4720 et
559 4665 1022 4736 gratias‘egerunt
1049 4661 1181 4715 Deo.
1215 4635 1283 4716 At
1309 4675 1440 4714 vero
1471 4659 1695 4721 milites,
1747 4657 1840 4728 qui
1865 4664 2054 4711 custo-
2089 4635 2130 4688 ι)

478 4759 706 4813 dicbant
739 4757 886 4811 fores
907 4756 1164 4820 carceris,
1187 4754 1418 4808 Meuanas
1445 4761 1502 4806 et
1522 4751 1812 4806 Belerades
1842 4757 2058 4818 specta-

480 4857 612 4904 runt
638 4848 861 4916 quidem
923 4847 1135 4907 lumen,
1174 4854 1230 4899 et
1257 4859 1448 4900 vocem
1492 4842 1671 4912 angeli
1722 4841 2056 4903 audierunt;

481 4941 577 4997 sed
600 4941 816 4995 vultum
844 4941 966 5009 ejus
992 4955 1101 4992 non
1125 4937 1408 4992 viderunt.
1449 4935 1594 4990 Dicit
1641 4933 1892 4990 Beleradi
1949 4931 2058 4986 Me-

478 5050 630 5089 nzeas
655 5033 1042 5104 Egyptiorum
1103 5031 1289 5098 lingua
1338 5031 1517 5095 (erant
1572 5025 1778 5094 quippe
1855 5038 2058 5094 genere

481 5128 742 5199 IEgyptii)
771 5145 784 5181 :
809 5125 1003 5181 Viden’
1029 5132 1087 5178 et
1109 5120 1319 5184 audin’,
1356 5120 1524 5174 frater
1554 5117 1834 5182 Belerade,
1877 5117 2056 5186 qualis

483 5219 629 5288 regis
662 5216 866 5270 milites
901 5215 1012 5270 sint
1045 5213 1169 5269 isti?
1201 5212 1314 5282 Ego
1345 5225 1476 5264 sane
1508 5208 1578 5263 ab
1599 5209 1757 5263 initio
1773 5207 2059 5264 Christia-

483 5313 574 5368 nis
601 5312 812 5366 amicus
839 5309 916 5364 fui
943 5327 955 5362 :
979 5323 1160 5378 neque
1178 5309 1325 5362 enim
1359 5303 1585 5359 student
1612 5316 1943 5372 quemquam
1968 5302 2060 5355 lae-

466 5396 640 5469 dere,
668 5403 765 5460 sed
796 5399 1092 5457 attendunt
1119 5397 1224 5454 sibi
1258 5397 1411 5468 ipsis,
1437 5395 1649 5466 jejunio
1682 5402 1958 5457 vacantes,
2007 5403 2064 5448 et

486 5500 660 5554 Deum
713 5509 873 5552 suum
900 5500 1226 5564 praecantes,
1247 5489 1484 5544 maxime
1509 5488 1562 5541 in
1585 5501 1807 5548 aurora,
1839 5495 1894 5540 et
1912 5485 2065 5540 nullo

488 5608 600 5648 non
641 5601 891 5658 tempore
925 5588 1079 5642 illum
1113 5583 1431 5640 adorantes.
1465 5580 1613 5636 Nihil
1643 5580 1852 5651 injusti,
1888 5579 2063 5650 iniqui

471 5687 627 5748 _mlnl
675 5683 918 5748 faciunt;
955 5680 1256 5751 hOSpitales
1290 5688 1439 5742 51ml,
1468 5691 1656 5732 omnes
1710 5675 1966 5745 diligunt.
1999 5675 2067 5729 Et

559 5826 578 5852 ‘
611 5824 749 5878 Psal.
787 5839 857 5887 cx,
889 5822 941 5875 ἓ.

2158 3380 2378 3451 μέλεσιν
2408 3378 2585 3448 ήμῶν,
2618 3380 2710 3430 καὶ
2740 3378 3211 3447 προσδεχθείημεν
3238 3378 3310 3441 ὡς
3337 3380 3394 3431 ἐν
3425 3379 3744 3433 ὁλοκαυτὼς-

2160 3489 2296 3544 μασι
2349 3471 2523 3542 κριῶν
2551 3472 2646 3524 καὶ
2667 3469 2906 3541 ταύρων,
2942 3471 3037 3523 καὶ
3071 3471 3145 3533 ὡς
3171 3472 3228 3524 ἐν
3261 3472 3524 3540 μυριάσιν
3551 3473 3744 3542 ἀρνῶν

2158 3565 2384 3618 πιόνων.
2419 3561 2579 3615 Οὕτω
2611 3561 2854 3629 γενέσθω
2894 3562 2926 3630 ή
2961 3560 3122 3612 θυσία
3149 3561 3306 3630 ήμῶν
3342 3561 3572 3615 ἐνώπιόν
3612 3580 3744 3631 σου,

2158 3651 2354 3722 Κύριε,
2387 3650 2480 3703 καὶ
2501 3649 2805 3702 ὲκτελέσθω
2833 3649 3058 3702 ὄπισθέν
3087 3666 3182 3702 σου
3206 3666 3220 3680 ”
3251 3651 3332 3704 ὅτι
3361 3651 3651 3721 εὐλόγητος
3682 3652 3742 3707 εῖ

2157 3744 2254 3798 καὶ
2277 3742 2666 3812 δεδοξασμένος
2691 3743 2771 3804 είς
2805 3743 3013 3804 πάντας
3041 3744 3165 3805 τοὺς
3193 3743 3415 3808 αίῶνας.
3443 3746 3551 3797 Kal
3592 3747 3741 3800 πάν-

2156 3853 2266 3889 των
2295 3835 2593 3899 εἰπόντων,
2631 3833 2825 3903 Ἀμὴν,
2854 3833 3159 3887 διετέλεσαν
3183 3835 3398 3893 ἄϋπνοι.
3429 3838 3561 3908 Περὶ
3588 3839 3644 3890 δὲ
3673 3840 3742 3892 τὸ

2162 3928 2517 4000 μεσονύκτιον
2558 3926 2789 3996 ἔψαλλον
2827 3927 2920 3979 τὸν
2952 3928 3127 3995 μέγαν
3162 3928 3397 3998 ψαλμὸν,
3443 3931 3752 3998 ἐπιτάφιον.

2157 4023 2394 4082 ἑαυτοῖς.

2231 4116 2334 4166 Ιθθ.
2388 4111 2502 4165 Καὶ
2552 4109 2964 4182 πληρωσὰντων
3022 4109 3201 4163 αὐτῶν
3252 4111 3346 4164 καὶ
3396 4112 3737 4183 εὐξαμένων,

2161 4207 2295 4269 ἰδοὺ,
2342 4203 2574 4271 ἄγγελος
2637 4202 2847 4272 Κυρίου
2880 4203 3112 4265 ἐπιστὰς
3144 4202 3430 4274 ἐπλήρωσε
3470 4206 3645 4276 φωτξς
3673 4207 3741 4260 τὸ

2159 4299 2388 4368 οἴκημα,
2421 4295 2516 4349 καὶ
2551 4293 2699 4363 λέγει
2749 4294 2933 4357 αὐτοῖς
2958 4310 2973 4326 ο
3004 4293 3270 4364 Χαίρετεο
3302 4298 3469 4364 ἐγγὺς
3513 4297 3668 4365 ὑμῶν
3703 4300 3736 4369 ή

2157 4389 2463 4448 τελείωσις,
2491 4387 2586 4440 καὶ
2613 4387 2683 4438 τὰ
2709 4385 2952 4453 ὀνόματα
2981 4385 3136 4452 ὑμῶν
3165 4388 3224 4438 ὲν
3254 4386 3426 4456 βίϐλῳ
3463 4387 3573 4440 τῶν
3601 4386 3746 4452 ζὼν-

2159 4499 2269 4534 των
2297 4479 2714 4551 ἀνεγράφησαν.
2755 4479 3025 4547 Θαρσεῖτε
3052 4491 3065 4505 '
3097 4477 3125 4529 ό
3157 4476 3360 4545 Κύριος
3411 4478 3532 4548 μεθ’
3559 4480 3740 4548 ὑμῶν.

2161 4575 2272 4628 Kal
2299 4573 2474 4628 ταῦτα
2505 4570 2678 4624 εἰπὼν
2708 4571 2736 4623 ό
2764 4569 2996 4638 ἄγγελος
3031 4569 3278 4638 ἀπῆλθεν
3309 4571 3406 4624 ἀπ’
3431 4572 3634 4626 αὐτῶν.
3675 4574 3743 4627 Ol

2158 4669 2214 4721 δὲ
2245 4667 2390 4734 ἅγιοι
2423 4663 2866 4736 προσεκύνησαν,
2911 4663 3006 4714 καὶ
3051 4662 3467 4732 ηὐχαρίστησαν
3514 4664 3591 4734 τῷ
3625 4666 3752 4718 Κυι

2159 4761 2280 4831 ρίῳ.
2317 4759 2380 4811 Οἱ
2418 4757 2475 4810 δὲ
2527 4756 2880 4824 στρατιῶται,
2928 4756 2977 4808 oi
3024 4755 3394 4822 φυλάσσοντες
3433 4757 3533 4819 τὰς
3564 4757 3742 4828 θύρας

2158 4852 2255 4919 τῆς
2296 4848 2564 4918 φυλακῆς,
2622 4846 2869 4908 Μεναίας
2924 4846 3017 4898 καὶ
3066 4845 3412 4915 Βηληράδης,
3446 4847 3753 4904 ἐθεάσαντο,

2162 4941 2263 5011 μὲν
2299 4940 2361 4992 τὸ
2416 4937 2553 5007 φῶς,
2591 4936 2685 4989 καὶ
2712 4935 2810 5006 τὴν
2841 4934 3028 5003 φωνὴν
3055 4933 3157 4986 ’τοῦ
3194 4935 3432 5000 ἀγγέλου
3473 4935 3742 5004 ἥκουσαν,

2159 5032 2220 5086 τὸ
2253 5031 2309 5084 δὲ
2338 5029 2632 5099 πρόσωπον
2659 5025 2823 5080 αὐτοῦ
2851 5026 2952 5078 οὐκ
2983 5021 3144 5078 εἶδον.
3176 5026 3284 5076 Kal
3315 5025 3463 5092 λέγει
3496 5025 3746 5090 Μεναίας

2167 5120 2246 5191 τῷ
2299 5117 2590 5189 Βηληράδῃ
2627 5119 2692 5184 τῇ
2730 5116 2838 5168 τῶν
2869 5113 3186 5182 Αἰγυπτίων
3227 5117 3402 5184 φωνῇ,
3444 5109 3607 5184 (ἦσαν
3633 5117 3746 5186 γὰρ

2169 5213 2460 5282 Αίγύπτιον,
2487 5211 2548 5263 τὸ
2581 5210 2783 5276 γένος)’
2817 5209 2977 5277 Ὁρᾷς
3009 5208 3103 5259 καὶ
3131 5205 3374 5269 ἀκούεις,
3409 5205 3605 5274 ἀδελφὲ
3635 5207 3751 5274 Βη..

2160 5306 2390 5378 ληράδη,
2415 5304 2528 5357 οἴου
2555 5302 2820 5372 βασιλέως
2841 5301 2981 5352 εἰσίν
3001 5293 3148 5352 οῦτοι
3179 5297 3510 5368 στρατιῶται
3531 5315 3546 5364 ;
3581 5298 3742 5365 κάγὼ

2162 5399 2222 5463 ἐξ
2259 5397 2436 5466 ἀρχῆς
2475 5395 2625 5465 φίλος
2671 5394 2781 5447 τῶν
2825 5391 3170 5463 Χριστιανῶν
3205 5391 3458 5461 τυγχάνω
3483 5407 3496 5422 ·
3529 5392 3592 5444 ού
3635 5392 3749 5461 γὰρ

2169 5489 2560 5554 σπουδάζουσιν
2585 5487 2795 5541 ἀδικεῖν
2825 5502 2966 5546 τινα,
2993 5483 3109 5536 ἀλλ’
3140 5485 3354 5544 ἑαυτοῖς
3412 5485 3747 5553 προσέχουσι

2165 5581 2539 5654 νηστεύοντες,
2565 5579 2660 5633 καὶ
2693 5577 2937 5648 δεόμενοι
2974 5575 3070 5630 τοῦ
3101 5575 3239 5629 Θεοῦ
3266 5575 3469 5639 αὐτῶν,
3508 5575 3751 5642 μάλιστα

2167 5676 2370 5736 ἑλλοῖς
2403 5672 2642 5742 δρθροις,
2680 5673 2773 5722 καλ
2807 5671 2862 5721 ἐν
2893 5668 3039 5738 πάσῃ
3077 5668 3132 5721 δὲ
3162 5665 3280 5736 ὥρᾳ
3309 5666 3749 5737 προσκυνοῦντες
