3994 6426
284 361 391 425 341

1256 359 1726 423 MARTYRIUM
1768 358 1875 419 SS.
1918 357 2069 417 XLV
2107 362 2576 426 MARTYRUM.

3460 362 3568 430 3&2

281 478 477 540 αὐτὸν,
509 475 676 547 μηδδν
731 477 920 532 ἄδικον
957 477 988 546 ἢ
1023 478 1344 546 παράνομον
1378 474 1866 544 διαπραττόμενοι,

2005 479 2119 535 icut
2153 490 2209 536 tu
2237 498 2350 552 prae
2382 499 2466 538 me
2497 485 2666 548 nosti,
2693 495 2828 555 quot
2857 485 3092 540 solitarii
3118 484 3172 539 in
3202 483 3435 556 Ᾰίεγριο
3462 485 3568 540 mi-

283 567 582 636 φιλόξενοι,
627 568 843 633 πάντας
893 568 1240 638 ἀγαπῶντες.
1293 569 1422 632 Καὶ,
1456 567 1526 630 ὡς
1575 568 1672 620 καὶΙ
1709 565 1872 628 αὐτὸς

1978 575 2165 629 racula
2199 574 2448 629 faciunt?
2477 573 2590 630 Cur
2620 591 2750 646 ergo
2782 591 3087 641 moramur.
3122 586 3218 631 aut
3251 575 3584 630 tardamusi-

280 654 433 722 οἶδας
473 659 582 730 πρὸ
615 659 778 729 ἐμοῦ,
809 660 936 722 τοὺς
977 661 1036 712 ἐν
1080 659 1342 730 Αἰγύπτῳ
1380 659 1672 730 ἑρημίτας,
1701 657 1874 710 ὁπόσα

2003 664 2137 720 iunc
2167 665 2494 720 certaminis
2528 677 2748 735 tempus
2813 677 2921 723 est.
2979 667 3096 723 Una
3141 681 3266 720 cum
3316 665 3452 734 ipsis
3514 666 3581 720 in.-

283 751 830 821 θαυματουργοῦσιν.
867 752 934 805 Τί
978 748 1073 805 οὗν
1116 752 1411 822 μέλλομεν,
1439 751 1470 819 ἢ
1501 749 1872 819 βραδύνομενς

283 844 400 896 Νῦν
429 845 624 914 καιρὸς
645 843 881 913 ἀγῶνος.
925 844 1076 914 Ἐμοὶ
1103 844 1254 898 δοκεῖ
1280 842 1542 896 εἰσελθεῖν
1569 843 1666 896 σὺν
1693 842 1878 903 αὐτοῖς

285 937 342 986 ιν
373 939 440 1006 τῇ
478 937 718 1005 φυλακῇ,
753 937 853 988 καὶ
882 935 1264 1005 παρακαλέσαι
1289 934 1488 998 αὐτοὺς
1517 932 1774 999 δέξασθαί
1809 948 1877 1001 με

290 1033 388 1083 συν
418 1030 631 1092 αὐτοῖς.
675 1029 766 1080 Σοὶ
802 1028 860 1082 δὲ
889 1029 942 1080 τί
962 1029 1130 1086 δοκεῖ.
1157 1028 1351 1096 ἀδελφέ
1376 1045 1390 1092 ;
1424 1029 1531 1081 Καὶ
1561 1029 1589 1080 ὁ
1623 1025 1879 1096 Βηληρά-

284 1125 386 1190 δης
447 1123 554 1192 ἔφη
583 1137 599 1152 ο
654 1122 714 1175 Εἰ
747 1114 898 1174 οὗτοι
953 1121 1053 1174 οὐκ
1106 1122 1456 1190 ἐφοϐήθησαν
1496 1121 1586 1172 τὸν
1625 1121 1878 1182 θάνατον,

287 1216 406 1268 ἀλλ’
437 1214 584 1284 ὑπὲρ
613 1213 708 1266 τοῦ
738 1213 876 1267 Θεοῦ
908 1213 1090 1266 αὐτῶν
1116 1213 1257 1281 μετὰ
1285 1214 1462 1284 χαρᾶς
1502 1213 1881 1281 ἀποθνήσκου-

291 1323 364 1367 σι,
413 1307 510 1356 καὶ
565 1303 813 1356 τοιοῦτον
863 1303 981 1372 φῶς
1039 1303 1352 1373 βλέπουσιν,
1405 1299 1516 1356 οἷον
1588 1303 1682 1354 καὶ
1722 1303 1882 1372 ἡμεῖς

294 1398 421 1449 ίδεῖν
455 1394 885 1464 κατηξιώθημεν
917 1395 995 1465 τῷ
1027 1397 1115 1447 ἐπ’
1137 1397 1321 1456 αὐτοῖς
1355 1395 1596 1462 φανέντι,
1623 1395 1768 1447 διατί
1793 1394 1887 1448 καὶ

291 1490 452 1555 ἡμεῖς
480 1488 700 1558 μέτοχοι
719 1487 815 1556 τῆς
835 1489 1009 1556 χαρᾶς
1032 1486 1213 1540 αὐτῶν
1237 1487 1298 1539 ού
1325 1485 1589 1556 γινόμεθα
1612 1506 1626 1549 ;
1658 1487 1887 1539 Ἥθελον

289 1581 346 1631 δὲ
387 1579 442 1630 εῐ
471 1594 552 1641 τις
582 1580 675 1630 τὸν
721 1578 915 1640 δοῦκα,
952 1578 1040 1630 ἵνα
1074 1579 1393 1647 ἠνάγκασεν
1423 1579 1721 1632 ἀποθανεῖν
1749 1579 1889 1647 ὑπὲρ

287 1671 385 1724 τοῦ
413 1670 553 1724 Θεοῦ
587 1671 752 1724 αὐτοῦ
794 1671 1156 1740 ’Λσκληπιοῦ,
1209 1671 1242 1741 ἢ
1288 1671 1650 1735 Ἀπόλλωνος,
1693 1673 1788 1724 καὶ
1831 1671 1890 1724 ὃν

291 1764 603 1830 καθέξατο·
656 1763 773 1816 ἀλλ’
807 1765 1015 1826 ἐκεῖνος
1059 1765 1160 1833 μὲν
1195 1764 1475 1833 φιλοζωεῖ,
1506 1763 1665 1834 ήμῶν
1698 1764 1754 1816 δέ
1790 1766 1890 1818 καὶ

289 1859 392 1919 τὰς
440 1857 695 1919 ἁννῶνας
765 1857 992 1920 καὶτὰς
1037 1858 1208 1920 ἄλλας
1259 1857 1580 1926 εὐεργεσίας
1618 1857 1884 1923 ὑπέτεμε,

289 1955 387 2006 καὶ
438 1954 646 2020 ἄνδρας
695 1955 942 2018 δικαίους
979 1957 1300 2010 ἀποκτενείο
1335 1957 1736 2026 προσέλθωμεν
1765 1953 1882 2007 οῦν.

362 2043 448 2098 κ’.
497 2046 608 2098 Καὶ
643 2045 1031 2116 εἰσδραμόντες
1063 2049 1407 2118 προσέπεσον
1429 2049 1542 2109 τοῖς
1572 2047 1772 2114 ἁγίοις,
1799 2045 1887 2097 λέ-

290 2153 488 2204 γοντες
510 2151 522 2162 ·
572 2135 769 2205 Κύριοι
804 2135 989 2204 ήμῶν,
1017 2138 1113 2188 καὶ
1139 2135 1316 2189 δοῦλοι
1351 2136 1446 2190 τοῦ
1499 2133 1761 2205 Χριστοῦ,
1803 2133 1888 2186 δέ·

293 2228 458 2294 ξασθε
503 2227 604 2279 καὶ
637 2228 787 2296 ἡμᾶς
814 2229 870 2279 ἐν
902 2227 978 2298 τῷ
1012 2227 1232 2297 ἀριθμῴ
1259 2227 1414 2298 ὑμῶν
1436 2243 1449 2258 ο
1480 2226 1889 2296 ἐπιστεύσαμεν

293 2323 402 2389 γὰρ
446 2321 614 2390 ἡμεῖς
658 2321 740 2382 είς
771 2317 863 2372 τὸν
905 2318 1114 2389 Κύριον
1161 2319 1319 2390 ἡμῶν
1371 2318 1583 2389 Ἰησοῦν
1628 2318 1884 2390 Χριστὸν,

295 2414 386 2466 τὶν
415 2414 792 2480 ἀγαπήσαντα
817 2412 986 2482 ἡμᾶς.
1024 2411 1270 2478 Εῦξασθε
1298 2411 1393 2465 οῦν
1425 2414 1519 2466 καὶ
1544 2411 1674 2480 περὶ
1704 2411 1887 2481 ήμῶν,

298 2506 382 2560 Iv:
427 2508 502 2575 μὴ
529 2505 609 2566 ὡς
647 2504 1011 2574 βραδύναντες
1045 2503 1478 2572 ἐκκλεισθῶμεν.
1531 2503 1646 2558 Καὶ
1684 2504 1890 2567 πάντες

305 2597 435 2666 ἐμοῦ
493 2597 932 2668 περιπλακέντες
978 2595 1163 2659 αὐτοῖς
1212 2597 1262 2648 0i
1310 2595 1458 2662 ἅγιοι
1509 2593 1890 2664 κατεφίλησαν

303 2692 498 2751 αὖτοὺς
533 2691 677 2758 μετὰ
704 2691 902 2759 κτρᾶς,
929 2688 1180 2753 λέγοντες
1201 2703 1216 2718 ο
1254 2686 1500 2755 Ἀδελφοὶ
1535 2686 1695 2756 ἡμῶν
1725 2687 1849 2740 ἐστε
1870 2701 1888 2718 ·

297 2783 328 2832 6
377 2783 488 2848 γὰρ
534 2779 744 2848 Κύριος
791 2777 951 2848 ήμῶν
987 2775 1196 2846 Ἰησοῦς
1237 2775 1476 2846 Χριστὸς
1506 2777 1601 2828 καὶ
1633 2775 1760 2838 τοὺς
1788 2774 1891 2843 τῆς

298 2874 602 2941 ἑνδεκάτης
636 2872 788 2940 ὧρας
819 2871 1060 2940 ἐργάτας
1090 2869 1308 2933 ἐδέξατο
1340 2870 1421 2932 είς
1448 2869 1539 2921 τὸν
1569 2867 1889 2938 ἀμπελῶνα·

300 2967 375 3033 μὴ
425 2961 526 3018 οὖν
573 2965 884 3032 δειλιάσῃτε
911 2978 925 2992 ο
969 2956 1012 3030 ᾧ
1042 2962 1150 3032 γὰρ
1180 2963 1538 3015 ἐπιστεύσατε
1573 2961 1786 3030 Κυρίῳ,
1813 2960 1892 3030 τῷ

297 3059 525 3126 ὀφθέντι
565 3059 701 3129 ἡμῖν
751 3058 844 3109 καὶ
885 3055 1204 3122 λαλήσαντι,
1232 3053 1397 3118 αὐτὸς
1445 3053 1590 3124 ὑμᾶς
1633 3053 1891 3106 ἐκάλεσεν

1977 759 2514 815 carceremintroire
2556 759 2691 814 mihi
2728 753 3216 829 placctﬂpsosque
3277 758 3568 818 obtestari.

1980 861 2041 906 ut
2077 867 2163 906 me
2194 851 2248 906 in
2282 868 2444 906 suum
2471 851 2742 920 accipiant
2795 852 3163 906 consortium.
3198 850 3340 917 Quid
3384 859 3570 904 autem

1983 943 2081 998 tibi
2111 943 2350 1009 videtur,
2383 942 2589 998 frater?
2613 951 2669 996 et
2697 942 2992 998 Belerades
3021 942 3159 997 dixit
3195 960 3208 995 :
3235 941 3290 997 Si
3336 949 3570 994 mortem

1982 1035 2060 1091 illi
2089 1051 2197 1090 non
2239 1037 2454 1098 timent,
2485 1035 2579 1091 sed
2614 1045 2842 1106 propter
2883 1036 3053 1090 Deum
3101 1051 3263 1089 suum
3321 1034 3574 1088 moriun-

1985 1137 2077 1182 tur
2125 1142 2250 1181 cum
2277 1126 2498 1196 gaudio,
2525 1137 2577 1181 et
2613 1126 2718 1180 tale
2747 1127 2934 1180 lumen
2964 1125 3264 1195 aspiciunt,
3299 1124 3446 1193 quali
3474 1137 3580 1177 nos

1985 1236 2207 1290 quoque
2243 1221 2503 1290 dignatus
2534 1228 2618 1273 est
2649 1219 2762 1281 ille,
2797 1218 2890 1288 qui
2927 1217 3014 1271 his
3033 1216 3291 1286 apparuit
3315 1234 3330 1282 ;
3356 1215 3489 1284 quid
3516 1215 3572 1270 ni

1987 1309 2170 1379 gaudii
2207 1309 2455 1378 ipsorum
2491 1309 2788 1378 participes
2842 1307 3036 1361 ﬁamus
3069 1307 3236 1360 etiam
3267 1305 3404 1360 nos?
3450 1303 3576 1359 Vel-

1987 1401 2118 1462 lem,
2152 1409 2212 1454 ut
2242 1401 2366 1469 quis
2397 1400 2592 1454 ducem
2625 1408 2845 1469 cogeret
2875 1400 2940 1452 ad
2966 1396 3313 1453 moriendum
3343 1411 3441 1466 pro
3469 1395 3574 1450 deo

1990 1511 2091 1549 suo
2109 1494 2426 1562 Escnlapio
2456 1502 2552 1548 aut
2585 1493 2858 1562 Apolline,
2913 1508 3154 1562 eumque
3189 1487 3572 1560 apprehende-

1993 1594 2075 1640 ret
2112 1603 2126 1640 :
2161 1586 2256 1640 sed
2296 1585 2444 1640 enim
2479 1585 2568 1640 ille
2602 1594 2750 1639 amat
2783 1585 2985 1649 vitam;
3032 1592 3250 1638 nostras
3283 1596 3418 1636 vero
3473 1595 3575 1635 an-

1992 1695 2170 1734 nonas
2195 1679 2270 1744 (4)
2300 1688 2356 1732 et
2387 1678 2492 1732 alia
2528 1677 2799 1732 beneﬁcia
2827 1676 3087 1740 succidit,
3115 1691 3180 1730 ac
3221 1674 3374 1728 viros
3395 1674 3587 1744 iustos.

1994 1771 2220 1828 occidit.
2253 1771 2597 1826 Accedamus
2626 1770 2832 1840 itaque.

2066 2041 2183 2097 XX.
2220 2043 2288 2098 Et
2315 2051 2670 2098 accurrentes
2698 2038 3267 2098 accideruntsanctis.
3298 2036 3580 2090 dicentes:

1993 2136 2212 2192 Domini
2251 2135 2429 2190 nostri
2469 2144 2525 2189 et
2552 2135 2697 2188 servi
2731 2132 2959 2196 Christi,
2993 2146 3096 2186 nos
3124 2145 3346 2200 quoque
3379 2129 3433 2182 in
3477 2142 3584 2181 nu-

1994 2243 2209 2281 merum
2242 2235 2488 2282 vestrum
2539 2225 2814 2281 admittite
2869 2242 2882 2276 :
2913 2223 3256 2278 credidimus
3293 2222 3440 2276 enim
3479 2232 3584 2275 nos

1996 2322 2052 2376 in
2079 2319 2370 2374 Dominum
2395 2327 2644 2373 nostrum
2668 2318 2855 2374 Jesum
2882 2316 3189 2378 Christum,
3235 2315 3327 2384 qui
3388 2314 3585 2369 dilexit

1996 2429 2120 2468 nos.
2147 2412 2314 2467 Orate
2344 2413 2530 2480 itaque
2560 2424 2661 2478 pro
2697 2408 2881 2469 nobis,
2910 2424 2978 2462 ne
3019 2416 3278 2476 tanquam
3312 2405 3465 2460 tarde
3489 2419 3585 2458 ve-

1997 2506 2215 2560 nientes
2244 2502 2626 2558 excludamur.
2681 2501 2866 2557 Sancti
2911 2516 3107 2555 omnes
3155 2500 3280 2554 illos
3320 2497 3582 2568 amplexi,

1997 2596 2248 2651 osculum
2275 2595 2547 2649 dederunt
2592 2608 2716 2648 cum
2753 2593 2963 2655 laetitia,
3015 2592 3262 2646 dicentes
3299 2610 3312 2644 :
3360 2590 3583 2646 Fratres

1998 2688 2174 2744 nostri
2224 2687 2397 2752 estis;
2430 2701 2554 2739 nam
2577 2685 2845 2740 Dominus
2885 2693 3074 2738 noster
3109 2681 3271 2739 Iesus
3326 2681 3582 2736 Christus

1997 2784 2150 2838 horae
2185 2780 2491 2834 undecimae
2523 2778 2808 2846 operarios
2838 2777 3060 2832 admisit
3107 2777 3159 2830 in
3189 2777 3448 2830 vineam:
3483 2788 3584 2828 no-

1997 2876 2095 2929 lite
2119 2888 2250 2943 ergo
2281 2873 2474 2926 timere
2496 2889 2511 2934 ;
2536 2885 2660 2924 nam
2693 2870 2982 2933 Dominus,
3011 2869 3100 2923 cui
3125 2868 3460 2927 credidistis.
3488 2865 3583 2936 qui

1999 2964 2162 3020 nobis
2193 2965 2469 3034 apparuit,
2493 2973 2550 3018 et
2607 2961 2897 3017 nobiscum
2933 2961 3152 3016 locutus
3177 2971 3279 3018 est.
3316 2959 3432 3028 ipse
3487 2972 3590 3012 vos

1999 3058 2234 3114 vocavit.
2267 3066 2529 3124 tanquam
2560 3055 2778 3127 dignos.
2810 3053 2941 3110 Orta
2973 3065 3157 3107 autem
3181 3053 3327 3108 luce.
3358 3051 3464 3104 dux
3495 3064 3587 3105 ac-

297 3153 374 3213 ὼς
435 3149 625 3214 ἀξίους
675 3149 858 3211 ὄντας.
916 3148 1137 3218 Πρωῖας
1185 3147 1241 3200 δὲ
1277 3146 1602 3217 γενομένης,
1644 3144 1889 3216 ἠκούσθη

2003 3151 2453 3221 ccpit.custodes
2485 3163 2606 3204 esse
2654 3148 3063 3217 praevaricatos,
3099 3153 3154 3201 et
3195 3161 3224 3199 a
3269 3147 3590 3198 vinctorum

298 3241 478 3295 ταῦτα
506 3240 587 3312 τῷ
615 3241 789 3306 δουκὶ,
824 3242 906 3294 ὅτι
948 3243 1043 3293 καὶ
1067 3242 1114 3293 οἱ
1146 3239 1388 3310 φύλακες
1417 3239 1763 3310 παρέϐησαν,
1799 3241 1895 3293 καί

299 3337 406 3386 εἰσι
464 3337 563 3386 σὺν
611 3337 724 3394 τοῖς
777 3333 1108 3400 δεσμώταις.
1151 3333 1212 3385 '0
1244 3332 1300 3385 δὲ
1327 3332 1454 3390 δοὺΞ
1487 3331 1895 3400 βλασφημήσας

299 3427 428 3490 τοὺς
465 3425 621 3486 θεοὺς
649 3424 817 3478 αὐτοῦ
857 3419 1034 3488 εἶπεν,
1064 3425 1148 3476 ὅτι
1194 3423 1291 3477 ἕνα
1337 3422 1459 3475 καθ’
1494 3422 1590 3476 ἕνα
1619 3424 1896 3488 ἀπώλεσε,

307 3522 380 3590 μὴ
403 3521 702 3588 δυνάμενοι
738 3521 952 3581 ἑαυτοῖς
990 3519 1280 3589 βοηθῆσαι,
1309 3517 1428 3571 ἀλλ’
1455 3519 1766 3586 ἐκδέχονται
1799 3519 1898 3586 τὴν

303 3611 332 3662 δ
361 3612 391 3662 '1
424 3610 534 3661 τῶν
565 3609 869 3679 ἀνθρὼπων
898 3609 1204 3676 ἐκδίκησν.
1243 3610 1351 3662 Καὶ
1384 3607 1618 3672 ἐξελθὼν
1648 3609 1749 3675 τῆς
1784 3609 1888 3662 πό-

309 3703 468 3764 λεως,
516 3701 773 3755 ἐκάθισεν
822 3702 880 3754 ἐν
928 3700 1003 3770 τῷ
1037 3701 1260 3772 συνήθει
1304 3700 1478 3768 τόπῳ,
1515 3701 1610 3752 καὶ⁹
1651 3701 1900 3765 δεδωκὼς

313 3795 541 3858 πρόοδον
593 3796 736 3847 κατὰ
793 3794 904 3846 τῶν
957 3794 1150 3861 ἁγίων,
1195 3793 1482 3845 ἐκέλευσεν
1527 3794 1725 3858 αὐτοὺς
1765 3811 1902 3864 προ-

308 3888 544 3958 αχθῆναι
573 3905 588 3921 ο
623 3888 720 3941 καὶ
763 3887 1099 3955 θεασάμενος
1133 3886 1224 3938 τὸν
1251 3887 1495 3940 Μεναίαν
1520 3887 1613 3939 καὶ
1649 3887 1903 3958 Βηληρά-

308 3983 406 4051 δην
434 3981 668 4043 ἑαυτοὺς
697 3981 1058 4041 συνδέσαντας
1089 3982 1200 4043 τοῖς
1226 3981 1423 4046 ἁγίοις,
1471 3980 1770 4050 ἐμειδίασε,
1806 3981 1904 4034 καὶ

311 4073 462 4141 λέγει
507 4073 796 4144 Ἀππιανῷ
837 4073 914 4142 τῷ
949 4073 1248 4144 πρίγκιπι·
1289 4073 1550 4141 Θεωρεῖς,
1613 4073 1902 4139 ’Λππιανέ,

311 4166 394 4218 δτι
441 4165 560 4218 ἐστι
622 4183 710 4227 τις
761 4165 857 4218 καὶ
895 4168 952 4219 ἐν
992 4168 1106 4228 τοῖς
1139 4166 1379 4235 χείροσιν
1413 4165 1576 4236 ἡδονὴ
1608 4169 1638 4235 ὴ
1674 4165 1904 4220 θάνατον

314 4258 562 4327 φέῳυσα
581 4273 597 4290 ο
635 4259 746 4311 ἰδοὺ
773 4258 883 4328 γὰρ
902 4259 951 4310 οί
972 4259 1308 4329 στρατιῶται
1332 4257 1424 4312 τδν
1448 4259 1676 4314 θάνατον
1703 4261 1906 4328 μᾶλλον

314 4353 613 4421 ἠγάπησαν
642 4351 674 4421 ἢ
711 4353 811 4419 τὴν
861 4352 1029 4422 ζωήν.
1078 4352 1375 4414 Ἀππιανδς
1404 4348 1559 4406 εἶπεν
1587 4368 1601 4382 ⁸
1637 4353 1904 4417 Δέσποτα,

316 4446 550 4498 κόλασον
582 4444 783 4506 αὐτοὺς
809 4443 937 4515 ξένῃ
955 4443 1220 4514 τιμωρίᾳ.
1265 4443 1323 4496 'U
1349 4443 1407 4496 δέ
1435 4443 1563 4508 δοὺξ
1589 4443 1738 4513 λέγει
1757 4459 1773 4476 ⁸
1803 4444 1904 4511 Οὔ,

2002 3244 2252 3316 partibus
2275 3241 2452 3309 stare';
2491 3251 2547 3296 et
2578 3241 2714 3295 deos
2745 3255 2876 3295 suos
2919 3239 3262 3294 conviciatus
3289 3237 3445 3292 dixit.
3489 3248 3588 3289 eos.

2002 3355 2177 3393 unum
2208 3347 2326 3406 post
2354 3337 2588 3391 alterum
2618 3333 2873 3404 periisse,
2913 3332 3006 3400 qui
3049 3347 3158 3384 non
3225 3337 3452 3396 possent
3481 3325 3596 3382 sibi.

2001 3431 2141 3499 ipsis
2179 3426 2457 3488 auxiliari,
2486 3425 2581 3480 sed
2619 3427 2687 3479 ab
2711 3423 3032 3478 hominibus
3072 3435 3264 3490 pmnas
3307 3419 3441 3488 pali.
3493 3416 3590 3472 Ci-

2001 3525 2171 3576 vitate
2201 3534 2458 3590 egressus
2487 3528 2755 3572 consueto
2778 3515 3029 3571 consedit
3058 3514 3201 3570 loco.
3239 3523 3294 3564 et
3326 3512 3494 3564 misso
3518 3509 3588 3564 ad

2003 3624 2223 3668 sanctos
2257 3613 2350 3682 qui
2376 3615 2428 3666 in
2453 3610 2538 3665 via
2579 3611 2802 3679 prteiret
2841 3607 3040 3662 adduci
3073 3607 3358 3677 eosjnssit
3404 3621 3418 3658 :
3459 3603 3585 3657 exin

2004 3707 2264 3761 ale-meam
2294 3713 2350 3757 et
2383 3703 2699 3758 Beleradem
2737 3700 3166 3766 contemplatus,
3214 3713 3338 3752 cum
3379 3693 3590 3751 sanctis

2003 3799 2241 3862 vinctos,
2268 3796 2498 3851 subrisit
2531 3805 2587 3848 et
2603 3793 2854 3863 Appiano
2879 3791 3113 3862 principi
3143 3790 3217 3856 (5)
3243 3789 3375 3844 dit-it
3403 3805 3416 3842 :
3452 3786 3590 3842 Cer-

2005 3891 2400 3960 nis,Appiane,
2425 3887 2572 3958 quod
2599 3888 2681 3942 vel
2716 3888 2768 3940 in
2800 3885 3078 3939 inferioris
3109 3892 3250 3937 notze
3269 3879 3592 3935 hominibus

2006 3985 2260 4052 voluptas
2298 3980 2548 4050 qua-dam
2589 3979 2660 4032 sit
2704 3977 2948 4048 perferre
2977 3983 3235 4029 mortem.
3269 3972 3410 4028 Ecce
3439 3971 3589 4025 enim

2008 4075 2214 4130 milites
2261 4081 2496 4126 mortem
2555 4070 2869 4124 dilexerunt
2923 4067 3107 4137 potius
3162 4080 3326 4135 quam
3391 4063 3586 4116 vitam.

2009 4171 2294 4238 Appianus
2343 4163 2521 4219 dixit:
2559 4161 2826 4222 Domine,
2866 4160 3131 4213 inusitato
3187 4156 3436 4212 cruciatu
3493 4168 3592 4210 eos

2009 4261 2209 4331 plecte.
2251 4259 2368 4312 Dux
2401 4269 2532 4309 vero
2564 4253 2740 4307 dixit:
2781 4251 2923 4315 Non,
2952 4265 3053 4319 per
3074 4247 3228 4308 deos,
3265 4261 3375 4301 non
3402 4243 3594 4300 crucio

2012 4358 2184 4427 ipsos,
2236 4365 2306 4407 ne
2343 4347 2600 4406 cruciati.
2643 4354 2701 4400 et.
2749 4343 2885 4398 deos
2933 4338 3172 4395 confessi
3217 4337 3438 4400 vivant;
3491 4333 3590 4389 sed

2011 4423 2314 4520 pronuntio
2344 4438 2672 4498 sententiam
2697 4443 2890 4490 contra
2922 4431 3064 4491 illos,
3098 4438 3156 4483 ut
3175 4442 3283 4482 una
3313 4440 3438 4482 cum
3468 4423 3596 4478 aliis

320 4538 398 4605 μὲ
427 4538 561 4599 τοὺς
585 4536 766 4599 θεοὺς,
788 4535 851 4588 οὐ
875 4535 1092 4599 κολάζω
1121 4537 1342 4597 αὐτοὺς,
1373 4537 1571 4607 μήπως
1601 4537 1894 4608 κολαζόμε-

2013 4539 2438 4596 eomburantur,
2471 4542 2548 4591 et,
2586 4528 2733 4600 quod
2762 4533 3045 4595 optarunt,
3078 4521 3374 4589 accipiant.

317 4647 398 4682 νοι
460 4629 562 4682 καὶ
621 4627 1060 4696 ὁμολογήσαντες
1099 4628 1226 4688 τοὺς
1280 4627 1436 4692 θεοὺς
1481 4627 1763 4699 ζήσουσιν,
1793 4632 1910 4688 ἀλλ’
1949 4632 2326 4704 ἀποφαίνομαι
2353 4626 2474 4680 κατ’
2510 4622 2691 4676 αὐτῶν
2719 4621 2867 4681 ὅπως
2935 4615 3034 4668 σὺν
3091 4617 3202 4676 τοῖς
3231 4612 3412 4674 ἄλλοις
3444 4609 3596 4662 καῶρ

322 4743 406 4777 σιν
428 4741 446 4757 ο
474 4724 505 4777 δ
539 4722 920 4792 ἐπεθύμησαν,
949 4722 1211 4778 λάϐωσιν.

394 4815 526 4871 KA'.
585 4817 932 4886 Ἀπεφήνατο
978 4812 1073 4871 οὖν
1117 4819 1242 4871 κατ’
1274 4817 1480 4880 αὐτῶν,
1517 4817 1694 4886 λέγων
1717 4835 1733 4851 ο
1764 4813 1913 4874 οὗτοι

324 4915 372 4964 0i
401 4911 638 4972 ἑστῶτες
671 4911 776 4979 πρὸ
798 4911 892 4963 τοῦ
919 4910 1163 4979 βήματος
1196 4927 1300 4979 μου
1328 4912 1378 4963 οἱ
1405 4911 1564 4964 πέντε
1592 4913 1686 4964 καὶ
1718 4929 1913 4966 τεσσα-

328 5005 572 5071 ράκοντα
609 5001 710 5070 τῆς
740 5002 850 5054 τῶν
878 5001 1225 5068 Χριστιανῶν
1249 5001 1549 5072 θρησκείας
1581 5002 1914 5072 θρησκεύον-

323 5112 415 5160 τες
449 5095 838 5162 τυγχάνοντες,
865 5094 962 5148 καὶ
999 5093 1453 5164 παρακούσαντες
1482 5095 1593 5148 τῶν
1633 5096 1909 5166 αὐτοκρα-

327 5190 501 5259 τόρων
540 5188 833 5257 βασιλέων,
868 5189 964 5240 καὶ
1011 5190 1087 5257 μὴ
1117 5187 1382 5250 θύσαντες
1419 5191 1531 5251 τοῖς
1570 5189 1736 5254 θεοῖς,
1777 5191 1914 5260 πρύμ

327 5297 487 5352 τερον
542 5279 646 5350 μὲν
699 5280 958 5333 πελέκεσι
1007 5279 1391 5348 τεμνέσθωσαν
1460 5283 1648 5350 χεῖρας
1686 5284 1780 5333 καὶ
1815 5283 1910 5334 πό-

327 5375 456 5437 δας,
513 5373 707 5425 ἔπειτα
762 5370 896 5440 πυρὶ
953 5369 1460 5441 παραδιιθήτωσαν,
1515 5373 1608 5424 καὶ
1663 5372 1912 5442 ἀπωλείᾳ

331 5469 426 5519 τοῦ
485 5465 666 5519 Λύκου
720 5462 992 5532 ποταμοῦ.
1037 5464 1100 5516 Oi
1147 5464 1202 5515 δὲ
1250 5464 1548 5533 ὑπηρέται,
1586 5465 1912 5533 ποιήσαντες

332 5556 670 5621 καθεσθῆναι
694 5555 821 5617 τοὺς
849 5555 1038 5621 ἁγίους
1069 5555 1162 5607 ἐπὶ
1186 5554 1282 5608 τοῦ
1303 5554 1554 5625 ἐδάφους,
1579 5557 1912 5612 κατέτεμνον

409 5713 486 5782 (il
529 5713 662 5769 Nota
690 5724 780 5766 est
821 5711 1035 5768 Latinis
1085 5729 1185 5769 vox
1219 5729 1471 5779 annona;
1520 5714 1608 5769 hic
1638 5714 1776 5768 forte
1817 5730 1913 5769 su-

339 5783 507 5838 mitur
525 5800 626 5856 pro
659 5782 888 5838 salario.

2081 4816 2226 4873 XXI.
2288 4807 2632 4868 Sententiam
2687 4799 3194 4872 itaque'adversus
3266 4811 3363 4852 eos
3431 4795 3608 4860 tulit,_

2011 4911 2244 4964 dicens:
2287 4904 2376 4963 lli.
2409 4899 2502 4970 qui
2537 4905 2665 4952 ante
2700 4892 2943 4950 tribunal
2987 4905 3170 4946 meum
3205 4895 3388 4944 astant
3423 4887 3592 4956 quin-

2009 5016 2118 5072 que
2158 5005 2216 5054 et
2258 4991 2619 5066 quadraginta
2671 4986 2987 5042 t-hristianze
3031 4978 3447 5051 superstitionis
3476 4978 3593 5036 cul-

2010 5101 2183 5154 tores,
2219 5081 2651 5156 imperatoribus
2689 5075 2950 5148 Augustis
3003 5071 3286 5134 reluctati,
3335 5071 3442 5126 diis
3482 5086 3593 5127 non

2019 5183 2396 5240 immolarunt,
2427 5175 2606 5246 primo
2623 5171 2844 5242 quidem
2874 5165 3210 5237 bipennibus
3231 5173 3594 5234 amputentur

2020 5289 2216 5332 manus
2237 5287 2301 5327 ac
2333 5269 2522 5340 pedes,
2557 5265 2688 5320 dein
2722 5263 2831 5333 igni
2862 5260 3176 5320 tradantur.
3201 5268 3257 5313 et
3284 5257 3411 5328 Lyci
3441 5254 3607 5310 ﬂuvii.

2019 5367 2187 5424 undis
2219 5370 2470 5435 pereant.
2505 5356 2738 5413 Ministri
2778 5363 2963 5409 autem
2996 5361 3214 5410 sanctos
3243 5349 3394 5404 humi
3419 5348 3598 5402 collo-

2021 5466 2232 5521 cantes,
2269 5454 2389 5509 sine
2435 5465 2589 5506 mora
2637 5447 2902 5503 membris
2949 5450 3316 5500 trmncarunt:
3357 5452 3606 5510 quorum

2023 5551 2116 5605 alii
2153 5549 2208 5602 in
2258 5559 2388 5616 pyra
2435 5542 2667 5598 ardente
2703 5536 3109 5610 sanguinolenti
3152 5533 3392 5589 animam
3428 5529 3602 5585 exha-

2022 5709 2178 5833 Glt5t
2220 5703 2413 5790 Latine
2449 5703 2708 5773 princeps,
2746 5699 2812 5756 de
2841 5716 2952 5771 quo
2985 5694 3226 5767 Cangius
3271 5692 3325 5748 in
3361 5697 3598 5758 utroque

2091 5791 2321 5833 (δεεστ-ιο.

2091 5791 2321 5833 08531³10.
