3994 6482
427 333 532 398 343
1731 344 2003 405 MENSIE

2112 346 2359 415 ULIUS,
3586 350 3703 414 344

423 448 648 505 labant:
683 452 773 515 alii
814 467 946 510 vero
972 454 1155 510 adhuc
1183 455 1491 527 spirabant.
1523 457 1675 514 Inter
1705 474 1846 530 quos
1874 462 2003 521 Ani-

2114 465 2212 519 xal.
2236 465 2486 536 ἐμέλιζον
2517 467 2575 523 ἐν
2609 468 2812 540 σπουδῇ
2836 485 2849 500 ·
2879 468 2972 523 καὶ
2990 469 3040 523 οἱ
3067 470 3164 540 μιν
3191 469 3302 524 τῶν
3327 470 3519 539 ἁγίων,
3543 472 3600 524 tv
3629 474 3704 542 τῇ

409 544 602 615 iectus,
640 544 1050 614 contemplatus
1098 545 1334 600 fractum
1369 561 1491 603 esse
1520 562 1651 604 crus
1677 565 1862 617 suunt,
1899 566 2003 605 non

2116 560 2266 631 πυρᾷ
2326 560 2423 614 τοῦ
2480 561 2763 627 καύσωνος
2835 563 3348 632 ἐξαιματωθέντες,
3406 565 3709 621 ἀπέδωκαν

424 647 656 700 prorsus
674 634 1122 702 abscissum,‘sed
1147 636 1476 694 deformiter
1497 649 1726 705 tortum,
1762 645 2003 712 corporis

2114 652 2214 715 τὰς
2244 650 2426 722 ψυχάς
2447 671 2460 684 ·
2497 655 2546 707 οί
2581 654 2640 707 δὲ
2679 652 2761 709 ἐτι
2791 655 3122 724 ἐμπνέοντες
3144 652 3308 727 ἦσαν,
3342 658 3400 710 ἐν
3430 652 3511 717 οἷς
3547 656 3643 711 καὶ
3675 659 3711 709 ὁ

422 726 509 779 sui
562 726 701 781 mala
758 727 969 792 ridens,
1025 729 1472 799 dixit:Adeste,
1531 733 1755 799 fratres,
1825 735 2003 791 videte

2112 742 2269 810 ἅγιος
2310 743 2601 815 Ἀνίκητος
2641 745 2981 814 θεασάμενος
3023 747 3117 799 τδν
3144 726 3317 817 μηρὸν
3362 746 3528 801 αὐτοῦ
3564 746 3710 800 κλα-

419 816 618 905 falcem
648 817 970 890 frugiferam
998 840 1011 874 :
1043 832 1210 893 atque
1248 823 1331 878 illi
1379 825 1547 881 simul
1571 841 1695 881 cum
1729 825 1850 898 ipso
1877 843 2003 899 gau-

2116 830 2336 895 σθέντα,
2367 832 2430 884 ού
2465 832 2631 886 παντὶ
2660 833 2716 887 δὲ
2749 833 3054 905 τμηθέντα,
3100 816 3239 889 ἀλλά
3273 835 3551 906 στρεὸλῶς
3578 836 3712 890 κεί-

418 900 646 965 debant.
699 910 772 965 At
820 922 1048 969 sanctus
1094 914 1398 982 Sisinnius,
1444 916 1636 973 fractis
1678 917 1903 989 organis
1951 927 2003 972 et

2114 937 2300 991 μενον,
2354 924 2677 991 καταγελῶν
2740 925 2838 978 τοῦ
2904 926 3158 996 σώματος
3215 915 3407 992 αὐτοῦ,
3469 927 3658 996 ἔλεγεν
3684 942 3709 961 ⁸

415 1022 616 1077 magno
644 1008 951 1079 praecordia
998 1010 1373 1068 inflammatus
1414 1019 1586 1075 aestu,
1635 1026 1747 1082 pra:
1780 1010 1868 1064 isti
1896 1010 2003 1067 dis-

2112 1012 2298 1078 Δεῦτε,
2335 1014 2495 1078 ἴδετε,
2518 1015 2762 1085 ἀδελφοὶ,
2791 1017 3072 1086 δρεπάνην
3104 1018 3391 1089 καρπικήν
3418 1034 3435 1050 ο
3469 1021 3567 1074 καὶ
3597 1020 3712 1072 αὐ-

410 1101 791 1177 cruciabatur,
807 1119 870 1158 ac
901 1103 1180 1159 volutatus
1207 1104 1261 1159 in
1291 1105 1596 1176 subjectam
1619 1116 1830 1176 petram
1857 1104 2003 1161 haud

2112 1105 2193 1159 τοὶ
2220 1106 2275 1159 δέ
2313 1106 2462 1179 αύτῷ
2490 1108 2999 1181 συνεφαιδρύνοντο.
3036 1110 3095 1165 '0
3116 1112 3173 1164 δὲ
3202 1110 3358 1180 ἅγιος
3403 1111 3708 1178 Σισίννιος,

410 1192 609 1257 procul
640 1192 711 1247 ab
741 1193 866 1249 aliis
902 1193 1130 1263 sanctis,
1165 1205 1359 1265 aperto
1396 1211 1516 1264 ore,
1559 1196 1855 1253 Dominum
1879 1211 2007 1252 ora-

412 1285 512 1349 vit,
547 1284 743 1343 dicens
767 1304 782 1340 :

2106 1203 2409 1270 ηκατεαγεὶς
2468 1203 2537 1256 τά
2603 1204 2810 1275 σκέλη,
2868 1207 2965 1259 καὶ
3020 1205 3233 1276 σφόδρα
3297 1205 3714 1275 καταφλεχθεὶς

2108 1292 2178 1345 τὰ
2238 1292 2449 1359 ἔγκατα
2503 1296 2569 1347 ἐκ
2632 1295 2732 1365 τῆς
2790 1296 2975 1367 δίψης,
3039 1297 3349 1367 κατεσύρη,
3419 1297 3714 1361 κυλισθεὶς

411 1382 493 1443 εἰς
523 1379 624 1452 τὴν
655 1382 1031 1458 ὑποκειμένην
1060 1385 1272 1456 πέτραν
1308 1386 1370 1441 οὐ
1410 1386 1633 1461 μακρὰν
1670 1387 1779 1441 τῶν
1820 1385 2000 1443 ἄλλων
2039 1386 2238 1457 ἁγίων,
2301 1389 2396 1444 καὶ
2426 1389 2647 1458 ἀνοίξας
2677 1392 2739 1446 τὸ
2766 1392 2944 1464 στόμα
2974 1392 3146 1448 αὐτοῦ
3212 1392 3412 1466 ἐδεήθη
3459 1392 3557 1448 τοῦ
3588 1395 3717 1448 Κυ-

411 1479 553 1552 ρίου.
584 1479 782 1549 λέγων·

412 1640 419 1647 ,
483 1572 651 1631 XXII.
696 1574 952 1644 Domine,
999 1556 1277 1636 donorum
1323 1596 1651 1651 magnorum
1693 1580 1878 1647 dator,
1909 1579 2003 1645 qui

2183 1577 2314 1633 ΚΒ.
2345 1575 2523 1645 Κύριε
2551 1575 2923 1648 μεγαλόδωρε,
2955 1576 2986 1631 δ
3029 1577 3096 1630 ἐκ
3145 1574 3355 1646 πέτρας
3385 1574 3714 1645 ἀκροτόμου

411 1665 832 1725 multitudinem
869 1670 1048 1740 plebis
1078 1688 1144 1728 ac
1170 1672 1361 1744 populi
1389 1674 1670 1730 sitientem
1722 1681 2001 1744 praerupta

411 1774 443 1811 e
471 1774 608 1828 rupe
639 1763 864 1830 potasti,
887 1765 981 1835 qui
1006 1766 1258 1822 Rubrum
1288 1783 1441 1824 mare
1458 1767 1716 1824 bifariam
1738 1766 1999 1832 secuisti,

413 1860 475 1906 ut
504 1853 745 1922 populus
775 1856 1086 1913 emanibus
1121 1858 1297 1931 iniqui
1336 1860 1689 1932 eriperetur;
1727 1860 1825 1930 qui
1852 1868 2005 1915 cata-

410 1952 595 2000 ractas
655 1948 779 2003 cmli
817 1952 1119 2020 aperuisti;
1152 1956 1250 2024 qui
1298 1953 1543 2010 evocasti
1598 1969 1772 2024 aquas
1807 1952 1998 2019 maris,

408 2047 466 2113 et
499 2038 744 2096 eil'udisti
769 2041 892 2098 illas
918 2045 972 2097 in
999 2043 1197 2101 faciem
1227 2047 1502 2102 universae
1547 2054 1746 2112 terrae;
1780 2044 1875 2115 qui
1905 2045 2004 2099 be-

406 2130 675 2191 .ltedixisti
695 2149 889 2204 aquas,
927 2151 1051 2206 quae
1072 2145 1202 2191 sunt
1232 2136 1288 2192 in
1323 2136 1589 2200 Iordane,
1622 2152 1723 2208 per
1744 2147 1999 2193 sanctum

408 2222 686 2293 baptisma
722 2235 914 2290 tuum;
941 2228 1038 2297 qui
1070 2228 1261 2285 dixisti
1288 2247 1301 2284 :
1334 2229 1447 2302 Ego
1472 2245 1594 2285 sum
1617 2245 1761 2299 aqua
1793 2229 1915 2284 viva
1944 2230 1999 2296 ’ς

408 2326 630 2387 petram
682 2320 829 2377 hanc
878 2325 1072 2393 aperi,
1125 2341 1325 2396 aquam
1382 2327 1643 2389 effunde,
1697 2327 2000 2397 pauxillum

408 2418 577 2477 potus
631 2412 768 2468 mihi
820 2414 1003 2484 praebe
1034 2433 1047 2468 :
1082 2424 1139 2471 et
1175 2431 1245 2472 ex
1296 2417 1402 2473 hoc
1453 2431 1780 2487 cognoscam
1815 2416 1860 2471 si
1901 2430 2004 2470 nos

410 2503 630 2574 diligas,
656 2515 709 2560 et
736 2507 782 2560 si
804 2508 954 2578 digni
976 2508 1169 2571 simus,
1193 2510 1444 2574 Domine,
1464 2508 1561 2580 qui
1581 2518 1634 2565 te
1656 2510 2000 2565 invocemus.

409 2593 607 2663 Cernis
672 2599 847 2665 enim,
899 2615 1221 2673 compagem
1262 2602 1516 2672 corporis
1562 2602 1738 2658 nostri
1779 2616 2001 2656 omnem

409 2699 794 2760 consumptam
824 2700 881 2747 et
927 2692 1115 2748 aridos
1161 2708 1264 2749 nos
1309 2709 1432 2750 esse
1465 2705 1724 2765 tanquam
1772 2703 1999 2749 testam.

408 2781 507 2839 illo
543 2781 661 2837 haec
685 2791 881 2839 orante
911 2784 965 2839 in
996 2796 1173 2855 petra,
1214 2787 1408 2858 ingens
1456 2803 1488 2843 e
1536 2799 1692 2860 petra
1750 2804 2005 2844 murmur

410 2872 694 2938 insonuit,
749 2883 807 2929 et
852 2877 1119 2947 strepitus
1165 2893 1477 2947 aquarum:
1518 2888 1794 2949 ruptaque
1843 2888 2000 2949 petra

408 2962 613 3021 cﬂ‘udit
654 2981 856 3036 aquam
892 2945 1179 3040 limpidam
1215 2945 1281 3025 ac
1333 2945 1750 3042 nitidam-quat
1793 2945 1860 3027 in—
1893 2972 1999 3026 ho-
2027 2945 2071 3005 Ο

411 3052 670 3111 diernum
742 3072 919 3128 usque
976 3059 1121 3114 diem
1192 3069 1530 3131 spectatur:
1591 3070 1649 3117 et
1709 3071 1998 3131 postquam

411 3155 642 3201 sanctus
689 3146 970 3205 Sisinnius
1002 3150 1268 3218 bibisset,
1316 3151 1609 3207 benedixit
1666 3152 1864 3216 Deum,
1915 3152 2003 3207 di-

410 3252 579 3295 cens:
618 3238 898 3295 Benedico
939 3249 1012 3306 te,
1040 3243 1293 3309 Domine,
1338 3244 1489 3314 quod
1520 3244 1761 3299 animam
1789 3244 2002 3301 satiasti

411 3329 656 3393 inanem.
690 3330 881 3390 Laudo
918 3342 990 3399 te,
1026 3334 1163 3400 Rex,
1187 3346 1244 3391 et
1277 3336 1548 3407 glorifico,
1574 3337 1672 3406 qui
1726 3337 2003 3393 exsistens

410 3430 539 3480 ante
562 3424 781 3492 saecula,
816 3435 980 3482 natus
1005 3443 1065 3483 es
1090 3444 1120 3482 e
1161 3428 1396 3498 Deipara
1431 3428 1631 3496 Maria,
1664 3430 1792 3499 quia
1813 3471 1828 3496 ,
1875 3438 2002 3485 tan-

411 3528 757 3587 quam'puer
810 3534 906 3589 per
947 3520 1032 3575 lac
1075 3520 1299 3589 matris,
1337 3536 1439 3591 per
1482 3538 1621 3593 opus
1674 3523 1822 3595 quod
1869 3539 2005 3580 con-

411 3607 603 3663 didisti
629 3619 912 3666 saturatos
938 3626 1083 3667 sum.

482 3700 674 3759 XXIII.
718 3704 947 3777 Largire
979 3707 1116 3762 mihi
1141 3715 1199 3763 et
1217 3708 1428 3765 sanctis
1452 3709 1721 3765 fratribus
1744 3725 2005 3767 consum-

409 3812 565 3853 mare
597 3813 823 3854 cursum
855 3799 913 3853 in
943 3808 1036 3855 tua
1072 3801 1249 3871 gratia
1282 3810 1342 3857 et
1369 3818 1504 3872 spe;
1559 3811 1617 3857 et
1654 3803 1824 3858 sicuti
1856 3804 2004 3860 inter

412 3904 514 3945 nos
555 3890 699 3944 uniti
749 3891 954 3947 animis
992 3891 1206 3949 fuimus
1236 3904 1582 3962 constanter,
1632 3895 1706 3950 ita
1739 3896 2003 3950 uniamur

410 3979 655 4037 ossibus.
690 3981 824 4053 Opis
854 3992 963 4039 tua:
994 3985 1236 4057 indiges,
1268 3996 1435 4058 teque
1466 3998 1660 4044 nostro
1682 3990 2001 4045 interventu

411 4075 760 4141 invocantes,
793 4077 981 4132 statim
1023 4079 1257 4145 exaudi,
1287 4080 1543 4145 Domine,
1582 4081 1637 4136 in
1668 4096 2004 4152 quacunque

409 4165 745 4225 necessitate
791 4176 849 4223 et
894 4168 1231 4240 indigentia;
1278 4172 1535 4243 quamvis
1581 4172 1638 4227 in
1674 4183 2003 4244 paupertate

2108 1671 2285 1741 δῆμον
2315 1671 2489 1743 μέγαν
2539 1671 2635 1726 καὶ⁵
2663 1670 2793 1726 λαὸν
2821 1670 3064 1742 διψῶντα
3093 1670 3343 1735 ποτίσας,
3383 1669 3412 1722 ό
3445 1667 3561 1733 θεὶς
3595 1670 3715 1736 τὴν

2123 1762 2394 1834 Ἐρυθρὰν
2420 1764 2699 1819 θάλασσαν
2725 1765 2992 1835 τμήματα
3023 1765 3137 1828 δύο,
3159 1763 3290 1817 ἴναό
3321 1761 3411 1824 σὸς
3432 1760 3554 1824 λαὸς
3587 1760 3717 1815 ἀπὸ

2109 1855 2316 1928 χειρῶν
2356 1855 2564 1923 ἀνόμου
2613 1854 2811 1927 ρυσθῇ,
2850 1856 2879 1909 ὁ
2916 1854 3139 1919 ἀνοίξας
3168 1854 3298 1917 τοὺς
3342 1854 3713 1922 καταράκτας

2108 1949 2204 2005 τοῦ
2232 1950 2490 2022 ούρανοῦ,
2514 1950 2545 2002 ό
2581 1946 3068 2020 προσκαλούμενος
3101 1946 3163 1999 τὸ
3195 1944 3343 2016 ὕδωρ
3368 1944 3469 2014 τῆς
3495 1943 3715 1998 θαλάσ-

2112 2058 2235 2112 σης,
2270 2042 2368 2095 καὶ
2420 2039 2628 2111 ἐκχέων
2684 2039 2820 2093 αὐτὸ
2876 2039 2971 2092 ἐπὶ
3022 2039 3320 2110 πρόσωπον
3368 2039 3549 2104 πάσης
3598 2036 3713 2107 τῆς

2110 2135 2238 2205 γῆς,
2282 2137 2312 2189 ό
2352 2135 2657 2203 εὐλογήσας
2690 2133 2760 2188 τά
2785 2132 2957 2187 ὕδατα
3006 2135 3066 2186 ἐν
3095 2132 3175 2201 τῷ
3214 2129 3455 2203 Ἰορδάνῃ
3485 2128 3575 2182 διά
3601 2125 3712 2181 τοῦ

2102 2230 2270 2299 ἁγίου
2338 2245 2433 2282 σου
2490 2227 2893 2297 βαπτίσματος,
2945 2227 2974 2281 ὁ
3023 2223 3237 2279 εἰπών·
3293 2221 3436 2292 Ἐγώ
3467 2222 3588 2292 είμι
3636 2218 3714 2274 τδ

2112 2322 2260 2392 ὕδωρ
2299 2320 2362 2375 τὸ
2404 2320 2545 2385 ζωόν
2569 2336 2584 2351 ·
2617 2318 2889 2385 διάνοιξον
2933 2316 3037 2389 τὴν
3077 2317 3288 2387 πέτραν
3321 2312 3554 2383 ταύτην,
3601 2310 3713 2366 καὶ

2107 2414 2303 2485 ἔκχεον
2341 2412 2507 2483 ὕδωρ,
2534 2412 2630 2466 καὶ
2665 2411 2890 2465 πότισόν
2931 2427 3000 2482 με
3037 2408 3261 2481 μικρὸν,
3290 2408 3388 2463 καὶ
3434 2408 3494 2461 ἐν
3522 2405 3712 2475 τούτῳ

2110 2507 2396 2576 γνώσομαι
2419 2506 2470 2558 εί
2499 2503 2803 2576 ἠγάπησας
2827 2504 3001 2574 ἡμᾶς,
3032 2502 3129 2556 καὶ
3151 2502 3202 2555 εί
3229 2500 3373 2566 ἄξιοί
3403 2502 3574 2569 ἐσμεν
3596 2496 3711 2568 τῆς

2113 2602 2215 2671 σῆς
2248 2599 2616 2670 ἐπικλήσεως,
2647 2598 2919 2651 Δέσποτα.
2956 2595 3121 2666 Ὀρᾷς
3152 2594 3264 2664 γὰρ
3296 2593 3380 2646 ὅτι
3410 2593 3561 2646 πᾶσα
3592 2605 3713 2659 πη-

2110 2696 2264 2766 γμὰς
2318 2693 2410 2749 τοῦ
2458 2693 2717 2764 σώματος
2763 2691 2925 2762 ἡμῶν
2969 2689 3370 2760 ἐξεδαπανήθη,
3411 2688 3506 2742 καὶ
3545 2685 3714 2756 ξηροὶ

2110 2786 2423 2856 γεγόναμεν
2449 2783 2527 2847 ὡς
2571 2783 2869 2853 ὄστρακον.
2911 2780 3034 2833 Ἔτι
3077 2779 3135 2834 δέ
3167 2778 3362 2833 τούτου
3392 2776 3708 2848 εὐχομένου

2112 2882 2173 2934 ἐν
2226 2882 2298 2950 τῇ
2345 2879 2524 2948 πέτρᾳ
2565 2876 2787 2946 ἀθροον,
2830 2874 3049 2946 ταραχή
3094 2890 3182 2936 τις
3228 2872 3455 2939 γέγονεν
3497 2871 3562 2922 ἐκ
3600 2871 3709 2939 τῆς

2106 2969 2343 3038 πέτρας,
2386 2968 2482 3022 καὶ
2530 2965 2737 3036 βόμϐος
2783 2963 3013 3026 ὖδατος’
3051 2964 3148 3016 καὶ
3186 2963 3419 3033 ῥαγεῑσα
3454 2962 3488 3030 ἡ
3520 2960 3706 3031 πέτρα

2107 3061 2398 3127 ἐξέϐλυσεν
2420 3058 2564 3129 ὕδωρ
2588 3057 2785 3120 διειδές
2815 3074 2875 3109 τε
2905 3059 3000 3110 καὶ
3023 3054 3211 3121 καλὸν,
3235 3056 3373 3127 ὅπερ
3404 3053 3706 3125 θεωρεῖται

2111 3155 2278 3225 μέχρι
2333 3151 2435 3221 τῆς
2492 3151 2776 3219 σήμερονο
2814 3147 2911 3202 καὶ
2969 3146 3112 3203 πιὼν
3162 3147 3192 3201 ὁ
3240 3147 3396 3216 ἆγιος
3432 3145 3711 3209 Σισίννιος

2106 3246 2384 3318 ηὐλόγησε
2440 3245 2532 3298 τὸν
2575 3242 2713 3297 Θεὸν
2756 3242 2934 3311 λέγων
2958 3256 2975 3275 ο
3016 3240 3207 3312 Ὑμνῶ
3246 3257 3307 3294 σε
3330 3277 3348 3306 ,
3385 3238 3585 3310 Κύριε,
3616 3239 3710 3293 ὅτι

2108 3340 2417 3413 ἐχόρτασας
2459 3337 2640 3409 ψυχὴν
2682 3330 2873 3407 κενήν.
2912 3334 3062 3390 Αίνῶ
3099 3351 3182 3401 σε,
3215 3332 3463 3404 βασιλεῦ,
3496 3335 3592 3387 καὶ
3618 3332 3710 3387 δο-

2106 3433 2317 3504 ξολογῶ
2360 3432 2456 3486 τὸν
2505 3429 2839 3503 προαιώνιον
2880 3427 3147 3500 τεχθέντα
3190 3428 3257 3481 ἐκ
3286 3427 3388 3495 τῆς
3428 3425 3707 3480 Θεοτόκου

2107 3530 2351 3599 Μαρίας,
2375 3527 2459 3581 ὃτι
2493 3524 2799 3597 ἐκορέσθην
2834 3521 2929 3577 τοῦ
2955 3520 3050 3576 σοῦ
3081 3519 3408 3592 κτίσματος,
3444 3518 3708 3591 καθάπερ

2109 3622 2327 3678 παιδίον
2344 3620 2489 3689 γάλα
2527 3617 2757 3690 μητρός.

2179 3711 2306 3767 Kl".
2346 3710 2707 3778 Καταξίωσόν
2739 3726 2807 3781 με
2838 3708 2934 3764 καὶ
2967 3708 3096 3772 τοὺς
3135 3707 3513 3779 ήγιασμένους
3544 3705 3707 3760 ἀδελ-

2106 3806 2246 3878 φούς
2280 3823 2384 3877 μου
2417 3802 2784 3873 τελειωθῆναι
2811 3803 2879 3873 τῇ
2905 3803 2972 3873 σῇ
3011 3800 3195 3871 χάριτι
3231 3800 3327 3853 καὶ
3350 3797 3530 3852 ἐλπίδι
3551 3814 3565 3828 ’
3605 3798 3709 3850 καὶ

2107 3901 2302 3970 ὥσπερ
2348 3897 2645 3966 ἡνώθημεν
2675 3895 2799 3957 ταῖς
2840 3892 3045 3963 ψυχαῖς
3082 3890 3449 3954 ἀδιστάκτως,
3484 3887 3706 3942 emeat-

2111 4013 2212 4068 μεν
2251 3995 2347 4048 καὶ
2392 3993 2507 4059 τοῖς
2551 3988 2765 4052 ὀστέοις
2786 4002 2800 4016 '
2832 3987 2931 4040 καὶ
2967 3985 3077 4039 τῶν
3109 3984 3306 4056 χρείαν
3339 3984 3575 4054 ἐχόντων
3604 3982 3709 4052 τῆς

2106 4089 2213 4163 σῆς
2245 4087 2527 4160 βοηθείας,
2565 4084 2664 4139 καὶ
2698 4079 3168 4153 παρακαλούντων
3209 4094 3268 4131 σε
3313 4077 3381 4131 δι’
3414 4076 3575 4148 ἡμῶν
3609 4092 3712 4129 τα-

2107 4186 2255 4256 χέως
2319 4184 2652 4247 ἐπάκουσον,
2709 4176 2912 4249 Κύριε,
2952 4178 3013 4230 ἐν
3066 4176 3276 4246 ἑκάστη
3335 4174 3556 4245 ἀνάγκη
3608 4174 3710 4228 καὶ

412 4259 711 4328 quisquam
732 4260 983 4326 exsistat,
1004 4263 1261 4332 quamvis
1281 4265 1337 4320 in
1363 4264 1633 4322 viduitate
1659 4276 1717 4321 et
1740 4266 2001 4336 orbitate,

2112 4279 2276 4351 χρείᾳ
2296 4296 2311 4310 ο
2349 4274 2455 4331 κᾶν
2478 4276 2536 4328 ἐν
2565 4272 2732 4344 πενίᾳ
2762 4288 2847 4336 τις
2875 4270 3124 4343 ύπάρχῃ,
3155 4268 3261 4334 κᾶν
3303 4270 3361 4321 ἐν
3383 4268 3584 4338 χηρείᾳ
3609 4266 3710 4320 καὶ

411 4352 669 4422 quamvis
702 4353 756 4408 in
788 4355 1260 4427 peregrinatione,
1292 4360 1548 4430 quamvis
1578 4361 1633 4416 in
1680 4361 2004 4419 infirmitate

411 4445 665 4515 corporis
695 4455 752 4503 et
779 4448 1001 4514 animae,
1049 4451 1304 4520 quamvis
1356 4453 1413 4508 in
1444 4469 1553 4510 aere
1597 4455 1781 4511 alieno
1805 4463 1863 4511 et
1908 4471 2006 4511 ca-

411 4538 665 4605 lumniis,
697 4542 953 4611 quamvis
983 4543 1037 4597 in
1080 4544 1281 4600 acerba
1306 4547 1598 4614 servitute,
1652 4549 1905 4619 quamvis
1948 4551 2005 4606 in

414 4632 705 4689 hominum
762 4643 860 4689 aut
903 4637 1183 4706 pecudum
1229 4641 1595 4712 contagione,
1651 4644 1906 4714 quamvis
1947 4645 2004 4699 in

414 4728 552 4781 mari
574 4729 869 4800 quisquam
900 4732 974 4786 sit
1013 4732 1339 4805 naufragus,
1388 4742 1644 4806 quamvis
1679 4737 1921 4809 denique
1951 4739 2008 4793 in

412 4821 542 4881 aliis
564 4838 753 4878 rerum
787 4834 1100 4895 temporum
1166 4842 1232 4883 ac
1276 4828 1529 4885 locorum
1574 4829 1891 4899 adiunctis;
1948 4840 2008 4885 tu

414 4914 592 4980 illum,
622 4916 760 4980 Rex,
787 4933 890 4988 per
915 4934 1019 4975 nos
1058 4920 1448 4992 interpellatus
1475 4925 1661 4979 statim
1690 4925 1913 4991 exaudi,
1947 4934 2008 4979 ut

414 5018 751 5077 cognoscant
788 5027 985 5067 omnes
1028 5014 1221 5069 mundi
1277 5014 1444 5086 hujus
1488 5016 1717 5082 incolae,
1768 5019 2005 5073 multum

414 5114 519 5154 nos
545 5099 700 5171 diligi
724 5102 823 5157 abs
854 5111 929 5167 te,
964 5114 1023 5160 et
1048 5106 1326 5173 exaudiri,
1359 5124 1425 5164 ac
1468 5110 1613 5165 malo
1644 5110 1877 5165 cuilibet
1912 5110 2009 5164 ﬁat

413 5206 556 5259 aqua
591 5192 709 5247 haec
741 5193 795 5247 in
838 5195 1135 5258 medelam,
1182 5212 1310 5252 nam
1353 5198 1421 5253 ad
1459 5199 1870 5257 invocationem
1927 5200 2005 5254 tui

413 5284 654 5347 ebulliit,
667 5295 725 5341 et
742 5287 1068 5343 innovatum
1084 5299 1343 5347 estvetus
1357 5291 1687 5347 miraculum
1706 5294 1761 5347 in
1772 5292 2004 5365 gloriam

417 5377 628 5438 I‘atris,
665 5387 724 5433 et
754 5378 900 5445 Filii,
941 5389 998 5435 et
1050 5381 1291 5451 Spiritus
1335 5384 1537 5446 sancti.
1581 5384 1638 5437 iu
1682 5383 1904 5439 laudem
1950 5393 2008 5440 et

414 5472 739 5527 memoriam
770 5483 1073 5545 martyrum
1106 5485 1330 5531 tuorum
1371 5478 1615 5548 quinque
1653 5487 1708 5533 et
1764 5479 2008 5549 quadra-

413 5565 584 5631 ginta.

424 5736 431 5743 .
488 5655 680 5712 XXIV.
725 5660 901 5730 Atque
941 5663 1045 5719 hoc
1088 5676 1281 5723 orante
1328 5669 1380 5723 iu
1417 5678 1593 5739 petra,
1635 5670 1859 5736 milites,
1909 5669 2004 5741 qui

478 5805 495 5835 "
526 5802 684 5858 Joan.
710 5822 782 5873 tv,
824 5809 906 5864 10.

2111 4371 2372 4445 ὀρφανίᾳ,
2404 4368 2509 4424 κᾶν
2536 4369 2595 4422 ἐν
2619 4365 2927 4437 ἀποδημίᾳ,
2954 4363 3059 4418 κᾶν
3081 4364 3143 4417 ἐν
3167 4362 3428 4433 ἀσθενείᾳ
3452 4361 3711 4432 σώματος

2110 4466 2210 4522 καὶ
2247 4461 2450 4535 ψυχῆς,
2482 4460 2580 4515 καὶ
2620 4460 2679 4513 tv
2717 4460 2933 4530 χρέεσι,
2980 4457 3078 4511 καὶ
3144 4456 3563 4524 συκοφαντίαις,
3599 4453 3709 4509 κᾶν

2111 4561 2172 4614 ἐν
2203 4557 2382 4627 πικρᾷ
2412 4552 2652 4624 δουλείᾳ,
2676 4550 2782 4606 κᾶν
2819 4550 2879 4605 tv
2906 4549 3088 4622 φθορᾷ
3105 4548 3416 4620 ἀνθρώπων
3453 4548 3487 4619 ἦ
3525 4547 3707 4612 ζώων,

2110 4651 2219 4707 κᾶν
2267 4653 2326 4704 ἐν
2353 4647 2603 4721 θαλάσσῃ
2631 4641 3040 4717 χειμαζόμενός
3068 4658 3154 4705 τις
3188 4641 3299 4709 είη,
3337 4641 3444 4694 κᾶν
3480 4642 3538 4693 ἐν
3568 4639 3709 4710 ἄλλῃ

2112 4744 2439 4816 περιστάσει
2467 4738 2779 4812 προσαχθῇ,
2814 4738 2903 4800 σὺ,
2929 4734 3188 4801 Βασιλεῦ,
3219 4733 3288 4787 δι’
3322 4733 3483 4806 ἡμῶν
3519 4733 3707 4803 παρά-

2111 4839 2310 4909 κλησιν
2335 4835 2476 4918 ταχὺ
2512 4833 2845 4898 ἐπάκουσον,
2887 4830 2974 4883 ἵνα
3005 4828 3178 4897 γνῶσι
3239 4826 3444 4889 πάντες
3480 4827 3533 4879 oi
3562 4827 3708 4881 κατᾶ

2110 4933 2215 5003 τὴν
2269 4929 2622 4999 οίκουμένην,
2669 4927 2754 4979 ὅτι
2820 4922 2961 4979 πολὺ
3015 4921 3317 4991 ἠγάπησας
3374 4919 3542 4991 ἡμᾶς,
3610 4921 3710 4972 καὶ

2111 5023 2335 5087 ἀκούεις
2386 5020 2584 5095 ἡμῶνο
2641 5018 2739 5072 καὶ
2799 5016 2861 5070 τὸ
2913 5015 3061 5084 ὓδωρ
3102 5013 3267 5066 τοῦτο
3317 5010 3565 5080 γενέσῧω
3626 5013 3710 5075 είς

2112 5120 2261 5173 ίασιν
2284 5116 2345 5169 ἐν
2374 5114 2540 5168 παντὶ
2562 5110 2760 5167 πάθει*
2794 5110 2861 5178 σῇ
2893 5107 3002 5177 γὰρ
3057 5105 3351 5176 ἐπικλήσει
3385 5104 3707 5174 ἐξόμσρισε,

2102 5211 2209 5264 υκαι
2273 5205 2508 5260 παλαιὸν
2569 5202 2758 5272 θαῦμα
2821 5200 3069 5270 ἀνεφάνη
3118 5198 3200 5260 είς
3254 5195 3417 5260 δόξαν
3464 5195 3708 5267 Πατρὸς,

2112 5304 2209 5357 καὶ
2266 5298 2424 5365 Υίοῦ,
2471 5297 2568 5352 καὶ
2610 5296 2772 5364 ἁγίου
2820 5291 3141 5362 Πνεύματος
3167 5306 3183 5322 ·
3244 5288 3471 5342 ἔπαινον
3510 5287 3570 5341 δὲ
3608 5288 3710 5341 καὶ

2116 5397 2311 5468 μνείαν
2345 5393 2459 5447 τῶν
2492 5389 2792 5464 μαρτύρων
2849 5404 2945 5442 σου
3005 5386 3115 5441 τῶν
3148 5384 3313 5439 πέντε
3360 5383 3454 5438 καὶ
3506 5395 3711 5436 τεσσα-

2114 5490 2379 5560 ράκοντα.

2183 5671 2309 5727 KA'.
2342 5671 2454 5725 Καὶ
2495 5668 2687 5724 τούτου
2721 5667 3019 5738 εὐχομένου
3049 5668 3105 5720 ἐν
3131 5667 3194 5736 τῇ
3234 5664 3431 5735 πέτρᾳ,
3462 5660 3509 5714 οἱ
3541 5673 3706 5732 στρα-
