3994 6438
303 341 413 404 345

1266 345 1739 410 MARTYRIUM
1775 351 1879 411 SS.
1924 353 2074 414 XLV
2117 357 2581 424 MARTYRUM.

3439 366 3554 429 3&6

310 457 526 523 τιῶται,
556 454 866 519 καύσαντες
886 454 1118 526 κάμινον
1150 459 1207 512 ἐν
1238 461 1302 528 τῇ
1337 458 1491 530 χώρα
1527 459 1752 530 πλησίον
1781 464 1882 530 τῆς

1991 469 2356 526 accenderant
2417 490 2607 544 pyram
2686 477 2740 530 in
2789 493 2985 547 campo
3037 493 3209 548 prope
3259 479 3565 546 civitatem,

306 549 542 611 πόλεως,
575 549 671 600 καὶ
694 548 775 610 είς
819 547 955 617 ὕψος
977 547 1275 616 θρέψαντες
1315 547 1494 612 ξύλοις
1525 551 1586 602 τὸ
1626 551 1756 620 πῦρ,
1790 553 1887 605 καὶ

306 642 634 710 ποιήσαντες
680 639 877 707 ὁμοίαν
925 641 1025 708 τῆς
1066 639 1440 702 Βαϐυλωνίας,
1490 635 1654 710 ἦλθον
1681 643 1887 710 ἐπᾶραι

304 733 536 796 αὐτούς’
575 733 672 784 καὶ
699 732 926 800 ζητοῦσι
959 731 1050 784 τὸν
1077 731 1333 801 ἀριθμὸν,
1359 733 1451 786 καὶ
1481 735 1508 784 6
1538 727 1620 796 εἷς
1652 733 1884 786 ἔλειπεν.

313 826 377 876 Ὀ
410 824 470 876 δὲ
499 824 654 890 ἅγιος
681 823 945 884 Σισίννιος
971 824 1164 894 ἐϐόησε
1211 823 1405 891 λέγων.
1437 817 1564 879 Ὦδὲ
1592 827 1726 893 είμι,
1761 818 1887 877 Ὦδὲ

308 924 446 989 εξμι.
505 920 786 985 Ἐλθόντες
817 921 873 974 δὲ
902 921 996 975 καὶ
1028 920 1346 990 ἀπάραντες
1379 921 1474 974 καὶ
1506 921 1716 987 τοῦτον,
1751 923 1891 992 ἢγα-

309 1029 401 1078 γεν
443 1016 539 1067 ἐπὶ
565 1013 627 1066 τὸ
658 1012 791 1084 πῦρ.
845 1013 957 1067 Καὶ
994 1013 1248 1082 λέγουσιν
1292 1016 1340 1066 oi
1380 1013 1524 1080 ἆγιοι
1555 1015 1845 1083 ὁμοψύχως
1869 1027 1884 1041 ⁶

316 1122 334 1152 ι
365 1102 458 1165 Εἰς
490 1104 680 1175 χεῖράς
716 1122 834 1170 σου,
867 1105 1060 1176 Κύριε,
1087 1106 1521 1177 παραθησόμεθα
1561 1108 1659 1169 τὰς
1710 1106 1887 1176 ψυχὰς

307 1198 526 1264 ἡμῶν»
551 1201 666 1256 καὶ.
698 1220 715 1252 ι
743 1200 1046 1268 Εὐλογητὸς
1075 1199 1296 1271 Κύριος,
1320 1201 1376 1262 ὃς
1393 1201 1491 1252 οὐκ
1517 1199 1716 1253 ἔδωκεν
1739 1201 1888 1268 ἡμᾶς

303 1294 385 1353 εἰς
407 1292 587 1362 θήραν
613 1296 726 1356 τοῖς
756 1294 967 1348 ὀδοῦσιν
1001 1294 1206 1347 αὐτῶν·
1239 1311 1256 1343 ι
1291 1294 1385 1347 καὶ
1407 1292 1702 1362 ψάλλοντες
1727 1293 1888 1365 ἐϐλή-

305 1383 484 1452 θησαν
505 1388 586 1449 είς
616 1387 677 1439 τὺ
703 1386 834 1456 πῦρ.
866 1387 931 1441 Ol
961 1385 1016 1439 at
1037 1387 1222 1456 δήμιοι
1249 1385 1484 1455 ὲξῆπτον
1509 1386 1607 1457 τὴν
1630 1387 1884 1454 κάμινον,

303 1478 642 1548 μιμούμεκοι
712 1480 840 1542 τοὺς
905 1479 1230 1540 Χαλδαίους.
1309 1481 1423 1533 Καὶ
1488 1479 1886 1534 τελειωθέντων

306 1571 492 1624 αὐτῶν
528 1573 589 1624 ὲν
622 1574 686 1639 τῇ
720 1571 908 1642 ἡμέρᾳ
947 1573 1138 1642 ταύτῃ,
1182 1572 1304 1643 ἥτις
1344 1571 1459 1626 ἔστι
1522 1574 1619 1627 τοῦ
1660 1571 1884 1626 Ἰουλίου

303 1664 532 1733 δεκάτη,
587 1663 877 1716 ἐκέλευσεν
939 1664 968 1716 ὀ
1023 1662 1148 1727 δοὺξ
1202 1663 1529 1732 συλλεγῆναι
1591 1663 1774 1716 αὐτῶν
1814 1663 1884 1716 τὰ

300 1758 456 1821 ὀστᾶ,
496 1756 594 1810 καὶ
645 1757 872 1825 ῥιφῆναι
935 1756 992 1807 ἐν
1044 1754 1124 1825 τῷ
1179 1753 1433 1824 ποταμῷ,
1477 1754 1555 1825 τῷ
1599 1754 1884 1824 λεγομένῳ

299 1849 511 1918 Λύκῳ,
567 1847 647 1917 τῷ
694 1849 806 1901 ὃντι
858 1849 1176 1917 (inaequalia.
1230 1845 1289 1912 ἓξ
1338 1846 1436 1914 τῆς
1489 1846 1738 1908 πόλεως·
1792 1848 1886 1898 καὶ

297 1937 637 2005 κομίσαντες
700 1937 929 2006 ἐζήτουν
989 1935 1156 1988 τόπον
1209 1936 1518 2005 ἐπιτήδειον
1579 1937 1718 2000 πρὸς
1784 1938 1889 1990 ἀπ-

298 2031 502 2083 ώλειαν
533 2029 645 2081 τῶν
679 2028 852 2096 ἁγίων
881 2027 1172 2098 λειψάνων.
1203 2027 1357 2094 Εῖλιξ
1405 2028 1460 2080 δέ
1493 2031 1609 2081 ἐστι
1649 2028 1786 2100 πρὸς
1818 2032 1883 2100 τῆ

297 2116 523 2191 γεφύρᾳ
596 2120 786 2191 βαθὺς,
845 2121 944 2174 καὶ
1000 2120 1060 2174 ἐν
1118 2119 1268 2191 αὐτῷ
1321 2121 1703 2175 κατεκένωσαν
1759 2123 1887 2186 τοὺς

301 2235 372 2287 μα
385 2234 416 2286 ρ
428 2234 449 2265 3
461 2216 688 2276 ίππους.

371 2308 504 2362 κε’.
541 2307 606 2360 Ὃ
629 2307 705 2387 δὲ.
721 2307 986 2378 ποταμὸς,
1011 2306 1264 2376 καθάπερ
1293 2307 1773 2381 παρακαταθήκην
1793 2308 1887 2361 λα-

301 2398 410 2452 ϐὼν
463 2399 575 2451 τῶν
607 2397 780 2466 ἁγίων
829 2398 900 2452 τὰ
943 2397 1193 2467 λείψανα,
1233 2399 1327 2450 καὶ
1367 2398 1442 2460 ὡς
1493 2399 1725 2466 ὀφείλων
1770 2398 1886 2452 σῶα

303 2491 391 2544 tu".
412 2488 656 2558 ἀκέραια
679 2487 999 2554 ἀποδοῦναι,
1029 2489 1166 2542 αὐτὰ
1197 2488 1519 2556 συναγαγὼν
1543 2492 1601 2543 ὲν
1626 2490 1708 2544 ἐνὶ
1731 2490 1886 2559 τόπῳ

308 2583 748 2652 παρεφύλαττεν.
819 2580 1326 2650 Ἀναχωρησὰντων
1378 2583 1434 2634 δὲ
1481 2582 1590 2634 τῶν
1648 2582 1881 2651 δημίων,

308 2674 492 2742 ἄνδρες
545 2671 848 2734 θεοσεϐεῖς,
899 2669 1078 2724 δοῦλοι
1120 2670 1216 2724 τοῦ
1266 2670 1424 2736 Θεοῦ,
1461 2672 1554 2724 καὶ
1585 2671 1884 2742 ὁμότροποι

305 2766 410 2818 τῶν
444 2764 642 2830 ἁγίων,
673 2763 931 2825 λαϐόντες
961 2763 1111 2825 τινας
1143 2763 1447 2832 ἐμπείρους
1479 2763 1690 2824 εἰδότας
1727 2763 1888 2816 πολυ-

301 2855 695 2925 πραγμονῆσαι
744 2853 814 2906 τὰ
847 2853 990 2924 βάθη
1023 2853 1119 2906 τοῦ
1165 2853 1438 2922 ποταμοῦ,
1467 2853 1742 2925 ἀνῄραντο
1787 2855 1884 2907 ὅλα

302 2949 443 3017 μετὰ
470 2948 573 3017 τῆς
606 2944 758 3018 [γῆς]
785 2949 1229 3016 συνηγιασμένης
1257 2947 1465 3014 αὐτοῖς,
1495 2946 1569 3008 ὡς
1594 2946 1888 3018 πληρωθῆ-

296 3058 386 3093 vat
424 3040 526 3110 τὴν
559 3040 821 3109 Γραφήνο
861 3057 880 3090 ι
913 3039 1179 3092 Φυλάσσει
1212 3038 1414 3109 Κύριος
1444 3040 1620 3092 πάντα
1654 3038 1721 3092 τὰ
1745 3040 1879 3093 ὀστᾶ

1991 561 2170 628 ignem
2227 563 2392 633 lignis
2444 567 2498 620 in
2551 569 2788 625 sublime
2834 571 3146 625 nutrientes
3197 571 3252 625 in
3303 571 3567 625 similitu-

1989 655 2178 710 dinem
2214 657 2457 716 fornacis
2507 661 2879 733 Babylonicae,
2930 672 3240 728 venerunt,
3302 674 3360 717 ut
3413 665 3569 731 ipsos

1991 751 2279 818 tollerent;
2308 770 2604 810 numerum
2629 757 2843 823 ineunt,
2876 769 2931 814 et
2955 773 3099 812 unus
3122 756 3567 812 desiderabatur.

1992 843 2226 900 Sanctus
2246 856 2426 900 autem
2448 846 2728 903 Sisinnius
2753 849 3030 905 clamavit.
3054 849 3275 904 dicens:
3307 847 3403 902 Hic
3420 865 3566 912 sum,

1991 936 2084 990 hic
2113 953 2255 991 sum.
2285 939 2582 1007 Venientes
2606 955 2737 994 vero
2767 941 2918 994 hunc
2947 955 3166 1009 quoque
3194 939 3562 1002 sustulerunt,

1989 1038 2048 1084 et
2079 1031 2430 1086 adduxerunt
2465 1033 2518 1087 in
2566 1032 2766 1102 ignem.
2807 1033 2875 1087 Et
2915 1034 3107 1088 dicunt
3139 1032 3314 1086 sancti
3363 1031 3565 1085 unani-

1990 1123 2189 1177 miter:
2223 1142 2241 1174 ‹
2282 1122 2340 1177 In
2375 1139 2570 1181 manus
2605 1135 2744 1189 tuas,
2790 1126 3042 1191 Domine,
3076 1125 3566 1180 tradimusanimas

1990 1226 2209 1271 nostras
2229 1218 2271 1282 ⁸;
2314 1236 2332 1268 ι
2369 1225 2462 1274 et:
2503 1237 2522 1270 ι
2575 1220 2906 1274 Benedictus
2959 1221 3246 1282 Dominus.
3297 1219 3394 1288 qui
3451 1235 3564 1272 non

1989 1307 2142 1363 dedit
2196 1325 2297 1364 nos
2344 1311 2397 1364 in
2443 1311 2752 1380 captionem
2806 1312 3066 1368 dentibus
3109 1312 3374 1375 corum’;
3441 1329 3458 1360 ι
3505 1321 3565 1364 et

1991 1411 2276 1457 cantantes
2340 1403 2394 1458 in
2446 1405 2626 1474 ignem
2681 1405 2869 1473 iujecti
2919 1415 3069 1459 sunt.
3113 1406 3290 1459 Porro
3338 1403 3562 1458 lictores

1990 1495 2365 1550 accenderunt
2395 1512 2584 1566 pyram
2607 1537 2620 1558 .
2675 1497 2954 1551 imitantes
2992 1495 3298 1551 Chaldaeos.
3356 1494 3562 1548 Eodem

1988 1603 2099 1657 quo
2122 1587 2378 1642 obierant
2407 1587 2520 1648 die.
2557 1604 2680 1659 quae
2705 1599 2790 1644 est
2820 1588 3034 1643 declma
3071 1586 3224 1650 Julii,
3255 1585 3422 1656 jussit
3451 1584 3562 1638 dux

1987 1681 2168 1750 colligi
2199 1696 2392 1737 eorum
2426 1696 2570 1743 ossa,
2603 1697 2667 1736 ac
2716 1681 2908 1750 projiri
2959 1680 3014 1733 in
3068 1679 3314 1739 (luvium,
3362 1690 3565 1746 cogno-

1991 1783 2176 1828 mento
2213 1772 2441 1845 Lycum.
2470 1773 2800 1828 milliaribus
2823 1788 2916 1826 sex
2946 1788 2974 1826 a
3003 1771 3222 1825 civitate
3242 1770 3562 1824 distantem.

1988 1864 2107 1930 Qun
2137 1864 2230 1918 ubi
2260 1864 2610 1926 detulissent,
2636 1864 3013 1932 quaesiverunt
3038 1870 3225 1931 aptum
3279 1861 3462 1914 locum
3494 1857 3561 1912 ad

1988 1955 2304 2026 perdendas
2339 1963 2560 2009 sanctas
2584 1955 2866 2022 reliquias.
2907 1953 3222 2008 Profundus
3263 1962 3349 2007 est
3374 1960 3565 2006 vortex

1990 2063 2162 2119 prope
2193 2055 2444 2118 pontem,
2472 2047 2526 2101 in
2552 2061 2662 2117 quo
2684 2055 3027 2102 evacuarunt
3053 2044 3326 2100 sacculos.

2059 2316 2227 2371 XXV.
2267 2315 2337 2370 At
2363 2313 2564 2370 ﬂuvius
2594 2312 2832 2384 depositi
2870 2312 3046 2368 instar
3072 2318 3390 2365 sanctorum
3435 2305 3566 2361 reli-

1989 2410 2148 2479 quias
2185 2408 2419 2476 accepit,
2473 2416 2643 2476 utque
2684 2422 2790 2476 pro
2827 2420 2932 2470 eo,
2965 2420 3030 2459 ac
3073 2403 3340 2466 debebat,
3389 2401 3568 2456 salvas

1988 2512 2153 2571 atque
2210 2501 2517 2554 incolumes
2568 2499 2856 2556 redderet.
2905 2513 3000 2552 eas
3059 2511 3227 2550 unum
3279 2495 3332 2548 in
3383 2493 3566 2547 locum

1990 2594 2250 2648 collectas
2267 2591 2630 2645 conservavit.
2649 2589 2966 2644 Lictoribus
2983 2603 3113 2642 vero
3137 2584 3262 2640 inde
3284 2583 3565 2655 digressis,

1989 2687 2093 2741 viri
2140 2685 2407 2754 religione
2457 2665 2736 2752 insignes,
2780 2680 2923 2736 servi
2965 2679 3096 2742 Dei,
3139 2687 3195 2732 et
3249 2683 3565 2732 sanctorum

1990 2779 2242 2834 moribus
2284 2775 2637 2840 consimiles,
2681 2771 2980 2842 assumptis
3031 2767 3360 2839 quihusdam
3412 2761 3565 2817 ﬂuvii

1987 2870 2261 2943 profunda
2302 2869 2592 2938 explorare
2629 2865 2853 2935 peritis,
2899 2863 3142 2931 integras
3186 2858 3564 2919 sustulerunt,

1988 2979 2114 3018 cum
2153 2961 2490 3017 sanctiﬁcata
2516 2957 2651 3026 ipsis
2679 2953 2893 3028 [terra]
2921 2965 2978 3007 ut
3034 2953 3355 3022 impleretur
3419 2947 3568 3002 Scri-

1989 3065 2149 3126 ptura
2176 3072 2189 3108 :
2229 3073 2246 3104 ι
2285 3051 2539 3108 Custodit
2569 3048 2834 3102 Dominus
2859 3047 3039 3100 omnia
3067 3059 3189 3098 ossa
3217 3057 3408 3096 eorum
3436 3041 3501 3092 ¹⁰.
3541 3057 3560 3089 ι

301 3131 484 3186 αὐτῶν
504 3149 551 3182 ο»
591 3132 684 3183 καὶ
706 3131 1033 3198 ἐνέγκαντες
1061 3132 1120 3182 ὲν
1147 3134 1212 3202 τῇ
1243 3132 1390 3184 πόλει
1413 3131 1669 3185 ἀνέθεντο
1692 3134 1748 3184 ὲν
1770 3133 1884 3194 τοῖς

1991 3146 2056 3201 Et
2078 3153 2368 3214 postquam
2409 3141 2462 3195 in
2497 3139 2773 3194 civitatem
2818 3136 3176 3196 invexissent,
3211 3133 3264 3186 in
3309 3129 3569 3184 oratoriis

298 3224 618 3296 εὐκτηρίοις
647 3226 840 3287 οἴκοις,
868 3225 1094 3294 εἰρήνης
1125 3222 1182 3276 δὲ
1224 3223 1467 3291 βαθείας,
1492 3224 1591 3294 τῆς
1617 3223 1711 3276 τοῦ
1746 3225 1880 3294 Χρι-

304 3317 430 3370 στοῦ
473 3315 910 3384 φιλανθρωπίας,
942 3315 1035 3367 καὶ
1063 3317 1128 3384 τῇ
1162 3315 1409 3385 βασιλεία
1440 3315 1532 3367 τοῦ
1560 3315 1885 3368 εὐσεϐεστά-

300 3427 393 3462 του
456 3407 899 3471 Κωνσταντίνου,
945 3406 1038 3460 καί
1082 3409 1186 3460 εἰσι
1242 3407 1439 3476 πύργοι
1493 3407 1590 3469 τῆς
1645 3407 1886 3471 πίστεως

305 3503 572 3564 ἂσειστοι,
617 3502 845 3568 ἀστέρες
901 3499 1110 3568 λογικοὶ
1153 3499 1460 3569 λάμποντες
1511 3499 1882 3568 Χριστιανοῖς,

305 3594 440 3663 ἄνθη
471 3593 582 3645 τῶν
609 3593 753 3645 κατὰ
789 3593 890 3661 τὴν
909 3592 1236 3660 οἰκουμένην
1265 3590 1593 3662 ἐκκλησιῶν,
1619 3591 1889 3661 πρεσϐευ-

305 3686 395 3741 ταὶ
423 3686 535 3739 τῶν
556 3684 923 3755 ἁμαρτωλῶν,
951 3685 1191 3753 φύλακες
1221 3684 1328 3736 τῶν
1355 3683 1617 3749 εὐσεϐῶν,
1650 3685 1890 3756 προστά-

290 3776 388 3826 ’ται
421 3773 524 3841 τῆς
561 3790 622 3826 τε
654 3774 790 3836 ἰδίας
823 3773 1032 3836 πόλεως
1082 3777 1176 3828 καὶ
1214 3774 1311 3843 τῆς
1346 3775 1692 3844 οἰκουμένης,
1728 3775 1888 3844 εὐερ-

305 3865 456 3930 γέται
483 3865 594 3918 τῶν
629 3867 988 3934 κεκτημένων
1017 3866 1214 3928 αὐτοὺς
1255 3867 1313 3918 ὲν
1337 3867 1560 3936 Χριστῷ
1596 3865 1773 3936 Ἰησοῦ
1810 3863 1888 3934 τῷ

306 3957 493 4027 Κυρίῳ
517 3955 700 4027 ήμῶν,
733 3949 778 4024 ᾧ
806 3958 1008 4025 πρέπει
1036 3957 1163 4022 δόξα
1196 3958 1316 4025 ἄμα
1345 3957 1424 4024 τῷ
1467 3957 1643 4026 Πατρὶ
1690 3955 1784 4008 καὶ
1811 3956 1888 4026 τῷ

306 4049 558 4120 παναγίῳ
595 4049 877 4119 Πνεύματι
927 4049 1022 4104 νῦν
1052 4049 1147 4104 καὶ
1172 4050 1280 4115 ἀεὶ,
1305 4050 1398 4103 καὶ
1420 4049 1500 4112 είς
1528 4047 1654 4112 τοὺς
1681 4047 1886 4110 αἰῶνας

306 4139 410 4192 τῶν
431 4142 673 4196 αίώνων.
724 4141 900 4210 ’Δμήν

1990 3253 2056 3292 ea
2105 3241 2499 3305 reposuerunt,
2542 3246 2666 3285 cum
2711 3227 2984 3298 profunda
3026 3234 3171 3279 esset
3216 3238 3354 3292 pax.
3402 3222 3569 3273 dante

1989 3329 2086 3384 Dei
2109 3326 2473 3396 benignitate,
2501 3322 2752 3393 piissimo
2789 3317 3155 3374 Constantino
3202 3321 3484 3383 regnante,
3515 3319 3572 3364 et

1993 3417 2166 3472 turris
2217 3417 2320 3486 ipsi
2370 3422 2500 3468 sunt
2563 3411 2686 3465 fidei
2733 3411 3099 3469 inconcussa,
3142 3405 3313 3459 stellae
3356 3403 3571 3455 ratione

1990 3508 2236 3579 praedita:
2261 3503 2594 3560 Christianis
2642 3503 2924 3559 lucentes.
2979 3497 3142 3550 ﬂores
3184 3491 3567 3554 ecclesiarum,

1987 3614 2109 3668 qua!
2137 3613 2236 3665 per
2262 3595 2452 3648 orbem
2486 3603 2754 3645 terrarum
2776 3596 2924 3647 sunt.
2953 3587 3350 3640 intercessores
3371 3595 3568 3652 pecca-

1989 3696 2219 3748 torum,
2262 3684 2480 3754 piorum
2536 3680 2817 3741 custodes,
2868 3676 3110 3729 civitatis
3152 3688 3265 3726 sua:
3307 3682 3364 3725 et
3415 3669 3570 3722 orbis

1989 3777 2236 3833 universi
2289 3774 2588 3846 praesides,
2647 3768 3030 3825 benefaetorcs
3081 3779 3309 3828 eorum,
3364 3761 3458 3831 qui
3508 3774 3568 3814 se

1987 3870 2277 3941 possident
2317 3867 2372 3920 in
2412 3864 2632 3920 Christo
2685 3862 2812 3916 Jcsu
2854 3860 3090 3926 Domino
3138 3865 3363 3916 nostro,
3402 3867 3565 3920 quem

1986 3960 2341 4032 decetgloria
2385 3956 2548 4011 simul
2594 3970 2718 4009 cum
2775 3954 2958 4018 Patre,
3001 3959 3057 4005 et
3099 3955 3291 4002 sancto
3331 3945 3565 4014 Spiritu,

1986 4066 2137 4106 nunc
2158 4060 2214 4105 et
2243 4063 2480 4117 semper,
2501 4054 2557 4099 et
2585 4044 2640 4098 in
2663 4043 2863 4099 saecula
2888 4039 3238 4097 sazculorum.
3267 4037 3463 4091 Amen.

371 4321 392 4354 ⁸
421 4322 570 4382 Psal.
600 4339 728 4394 xxx,
763 4323 814 4380 6.
860 4325 880 4356 ⁸
918 4324 1063 4383 Psal.
1104 4341 1301 4396 cum,
1335 4326 1391 4383 6.
1423 4328 1466 4360 ὀ
1497 4327 1642 4385 Psal.
1673 4343 1868 4390 χχχιιι,
1897 4325 1989 4382 ει.
