3994 6480
422 385 525 448 3H
1722 371 2007 434 MEXSIS
2040 369 2339 431 IULIUS.
3574 352 3687 415 358

494 516 2071 543 ..ΝΜ

2079 493 3489 543 -ψ-..η-Μω
3500 503 3656 533 π

432 532 477 565 ³
494 535 505 542 Α
528 532 1255 555 ψει-’φ’-ᾠ-σ--Γ
1263 541 1269 552 Ι
1312 532 1317 535 “
1332 532 1341 533 7
1352 532 1443 550 —Il
1438 532 2019 550 -’-"—W
2023 533 2149 543 _

1393 729 1782 863 ΒΙΟΣ
1861 721 2700 856 ΕΥΓΕΝΙΟΥ

1001 977 1199 1065 ΚΑΙ
1273 976 1677 1066 ΜΑΡΙΑΣ
1750 970 1971 1058 ΤΗΣ
2026 966 2611 1060 ΘΥΓΑΤΡΟΣ.
2687 961 3069 1050 ΑΥΤΟΥ

2409 502 3489 539 ww

2176 530 2406 542 __—-————

1040 1335 1502 1491 VITA
1616 1330 2193 1486 BEATI
2286 1327 3085 1486 EUGENII

1568 1609 1665 1670 ET
1723 1606 2008 1671 MARIE
2060 1605 2302 1667 FlLiAi’.
2363 1603 2546 1667 EJUS

906 1782 1103 1847 (Latine
1125 1784 1179 1832 in
1203 1779 1342 1832 Actis
1360 1777 1450 1829 SS.
1482 1775 1708 1831 Bolland.
1735 1776 1797 1826 ad
1819 1776 1954 1827 diem
1980 1772 2036 1826 1⁵1
2058 1770 2179 1824 Julii
2204 1786 2219 1833 ;
2243 1771 2417 1822 Grece
2450 1782 2512 1820 ex
2537 1771 2649 1821 cod.
2673 1782 2765 1820 ms.
2798 1770 2955 1821 Paris.
2977 1783 3028 1820 ο.
3055 1769 3216 1834 1558.)

2015 1951 2085 1967 ..-

496 2110 538 2165 1.
579 2108 634 2162 lu
664 2108 758 2161 illo
785 2115 1032 2176 tempore
1073 2114 1194 2161 erat
1240 2104 1327 2157 vir
1356 2102 1580 2173 quidam
1628 2103 1684 2157 in
1713 2101 1996 2172 Bithynia,
2030 2099 2073 2160 Δ

2175 2095 2253 2152 Ᾱ’.
2281 2096 2481 2164 Γέγονέ
2511 2112 2595 2161 τις
2622 2097 2763 2167 ἀνὴρ
2798 2098 2855 2149 ὲν
2886 2100 2953 2166 τῇ
2984 2097 3210 2168 Βιθυνίᾳ
3264 2096 3493 2169 ὀνόματι
3527 2097 3714 2170 E671-

425 2204 649 2256 nomihe
681 2201 975 2269 Eugenius.
1013 2198 1061 2253 Is
1109 2197 1348 2251 habebat
1380 2212 1609 2251 uxorem
1642 2196 1804 2249 valde
1834 2194 2002 2248 hone-

2138 2207 2242 2251 10;.
2267 2185 2434 2251 Οὗτος
2462 2189 2589 2258 ἔσχε
2624 2193 2888 2256 γυναῖκα,
2933 2191 3058 2258 ἥτις
3102 2192 3365 2262 ἐγέννησε
3406 2192 3715 2263 θυγάτριον

426 2306 588 2355 stam,
614 2305 667 2349 et
695 2294 865 2347 Deum
908 2292 1219 2355 timentem,
1270 2305 1393 2360 quae
1433 2287 1651 2358 peperit
1684 2286 1849 2340 filiam
1886 2285 2003 2340 uni.

2134 2282 2381 2350 ιονογενῆ
2413 2281 2509 2335 καὶ
2536 2281 2763 2334 ἐκάλεσε
2815 2282 2876 2333 τὸ
2905 2283 3081 2350 ὄνομα
3121 2283 3297 2352 αὐτῆς
3346 2286 3565 2357 Μαρία.
3601 2288 3711 2341 Τε-

428 2403 571 2451 eam,
600 2397 655 2441 et
680 2387 893 2441 vocavit
922 2400 1121 2439 nomen
1154 2384 1275 2454 ejus
1302 2384 1546 2437 Mariam.
1581 2381 1789 2435 Mortua
1825 2387 2005 2433 autem

2141 2372 2453 2443 saansaan;
2484 2372 2540 2425 δὲ
2568 2373 2663 2439 τῆς
2689 2372 2895 2441 μητρὸς
2920 2373 3117 2441 αὐτῆς,
3143 2373 3443 2444 ἀνέθρεψεν
3469 2378 3497 2430 6
3518 2378 3718 2450 πατὴρ

427 2481 548 2550 ejus
573 2494 763 2541 uxore,
795 2477 1051 2532 educavit
1084 2476 1248 2530 ﬁliam
1283 2490 1436 2530 suam
1474 2474 1751 2545 Eugenius
1787 2472 1842 2526 in
1870 2471 2004 2525 bona

2142 2465 2291 2534 ιὺτῆς
2327 2464 2386 2517 τὸ
2437 2464 2650 2517 παιδίον
2697 2466 2754 2516 ὲν
2782 2465 2952 2537 πολλῇ
2987 2468 3325 2520 καταστάσει
3348 2466 3719 2535 διδασκαλίας

428 2580 484 2626 et
519 2571 750 2625 honesta
776 2571 909 2624 vita.
938 2569 1074 2625 Cum
1108 2585 1239 2624 vero
1268 2569 1536 2623 crevisset
1578 2565 2005 2630 adulescentula,

2139 2558 2212 2611 ut
2246 2556 2431 2628 σεμνῷ
2467 2558 2587 2627 βίῳ.
2645 2557 2985 2631 Αὐξηοείσης
3024 2559 3081 2612 δὲ
3115 2559 3213 2630 τῆς
3253 2561 3531 2629 νεάνιδος,
3581 2558 3716 2618 εἶπα

430 2664 565 2718 dixit
592 2663 641 2717 ei
677 2671 830 2731 pater
868 2663 989 2733 ejus
1020 2680 1032 2715 :
1080 2662 1214 2716 Filia
1263 2661 1609 2723 charissima,
1643 2675 1773 2714 ecce
1823 2672 2007 2713 omnes

2139 2651 2259 2721 πρὸς
2294 2651 2467 2719 αὐτὴν
2493 2653 2519 2704 6
2554 2651 2737 2722 πατὴρ
2767 2652 2936 2722 αὐτῆς
2961 2669 2974 2684 ·
3013 2652 3242 2715 Τέκνον.
3276 2654 3409 2720 ίδοὺ,
3435 2656 3613 2711 πάντα
3638 2655 3716 2712 τὰ

430 2772 582 2811 meas
630 2756 921 2811 facultates
962 2755 1120 2809 trado
1162 2755 1215 2809 in
1272 2769 1467 2808 manus
1516 2762 1659 2807 tuas.
1712 2753 1822 2824 Ego
1867 2752 2007 2807 enim

2140 2740 2448 2811 ὃπάρχοντά
2485 2758 2576 2810 μοι
2600 2741 2797 2811 δίδωμι
2824 2744 2904 2804 εἰς
2936 2743 3128 2813 χεῖράς
3155 2761 3249 2796 σου
3272 2761 3286 2774 ο
3320 2744 3431 2813 ἐγὼ
3452 2746 3508 2800 δὲ
3536 2748 3717 2816 ἀπέρ-

430 2848 593 2913 vado,
628 2859 686 2901 ut
733 2848 938 2902 salvam
970 2847 1164 2901 faciam
1213 2845 1450 2900 animum
1501 2861 1701 2899 meam.
1732 2843 1866 2899 Cum
1900 2842 2007 2897 haec

2137 2852 2288 2905 (ομαι
2344 2835 2402 2888 ὲν
2460 2834 2541 2903 τῷ
2603 2838 3083 2907 μοναστηρίῳτὴν
3123 2836 3302 2923 ψυχήν
3353 2857 3458 2906 μου
3513 2841 3714 2896 σῶσαι.

433 2952 617 2994 autem
662 2956 690 2993 τι
731 2950 881 3007 patre
928 2955 1029 2994 suo
1082 2939 1352 2993 audiisset
1401 2937 1838 2997 adulescentula,
1882 2935 2010 2989 dicit

2142 2926 2523 2995 Ἀποκριοείσα
2551 2926 2607 2980 δὲ
2640 2929 2673 2997 ἡ
2702 2928 2885 2991 νεᾶνις
2910 2923 3070 2981 εἶπεν
3093 2945 3106 2959 ’
3140 2930 3345 3007 Πάτερ,
3376 2933 3440 2985 σὺ
3476 2936 3575 3004 τὴν
3603 2934 3719 3004 ψυ-

431 3032 482 3083 ei
523 3050 533 3081 :
568 3031 747 3092 Pater,
799 3040 853 3084 tu
885 3031 967 3085 vis
999 3032 1233 3100 teipsum
1267 3046 1511 3093 servare,
1555 3039 1724 3085 etme
1762 3029 2008 3099 perdere.

2142 3017 2225 3087 [ἠν
2251 3033 2344 3069 σου
2376 3016 2556 3080 θέλεις
2585 3017 2784 3082 σῶσαι,
2826 3020 2919 3072 καὶ
2949 3019 3049 3089 τὴν
3073 3021 3215 3090 ἐμὴν
3244 3023 3552 3088 ἀπολέσας
3592 3028 3719 3080 Οὐκ

434 3122 628 3179 Nc5cis
680 3123 970 3177 Dominum
1024 3124 1210 3178 dicere
1247 3124 1300 3177 in
1351 3124 1714 3194 Evangeliis:
1770 3143 1788 3173 ι
1826 3124 2011 3177 Pastor

2144 3105 2293 3176 ιῖδας,
2325 3110 2407 3162 ὅτι
2440 3109 2589 3177 λέγει
2623 3112 2650 3164 6
2683 3111 2919 3180 Κύριος·
2967 3131 2986 3162 ι
3040 3112 3099 3166 '0
3126 3116 3335 3184 ποιμὴν
3356 3118 3384 3169 6
3413 3115 3577 3181 καλὸς
3611 3120 3721 3190 τὴν

436 3215 614 3268 bonus
643 3215 880 3268 animam
913 3231 1066 3269 suam
1100 3216 1253 3284 ponit
1289 3231 1389 3286 pro
1425 3216 1622 3270 ovibus
1665 3216 1723 3269 ‘?
1759 3234 1776 3267 ι
1808 3216 2013 3271 Rursus

2145 3202 2301 3274 μυχὴν
2324 3201 2491 3255 αὑτοῦ
2524 3203 2741 3272 τίθησιν
2764 3204 2908 3274 ὑπὲρ
2930 3205 3042 3259 τῶν
3070 3207 3360 3277 προϐάτων
3382 3226 3396 3275 ;
3432 3228 3452 3262 ι
3488 3210 3585 3264 καὶ
3609 3212 3722 3266 πά-

434 3321 568 3360 vcro
606 3306 732 3360 alihi
765 3307 937 3362 dicit:
968 3325 986 3358 σ
1012 3308 1330 3375 Quisalvam
1364 3308 1493 3363 facit
1515 3310 1882 3371 animam,est
1904 3317 2011 3361 tan-

2143 3311 2207 3348 ιιν
2239 3293 2426 3360 λέγει’
2468 3311 2487 3345 ι
2532 3294 2727 3365 Ψυχὴν
2768 3296 2796 3347 6
2849 3294 3041 3359 σώζων
3083 3297 3238 3351 ἔσται
3285 3298 3362 3362 ὡς
3422 3300 3451 3351 6
3505 3300 3720 3371 κτήσας

436 3413 600 3466 quam
628 3397 717 3467 qui
742 3408 912 3453 creat.
940 3420 955 3449 ι
983 3399 1105 3455 Haec
1138 3416 1260 3455 eum
1296 3401 1565 3461 andiissct
1592 3409 1748 3470 pater
1767 3402 1888 3468 eius
1915 3401 2013 3453 Ιίυε

2139 3388 2317 3458 ιύτήν.
2360 3406 2379 3439 ι
2416 3387 2606 3442 Ταῦτα
2639 3389 2883 3451 ἀκούσας
2905 3388 2933 3440 6
2966 3388 3151 3458 πατὴρ
3186 3389 3359 3460 αὐτῆς
3394 3389 3545 3460 λέγει
3572 3392 3716 3463 αὐτῇ

437 3490 655 3556 gen'us,
686 3490 806 3557 ejus
840 3491 1027 3545 verbis
1053 3490 1210 3545 valde
1247 3493 1353 3546 fuit
1380 3492 1618 3547 laetatus.
1648 3489 1839 3546 Flebat
1867 3490 2014 3547 enim

2156 3481 2229 3546 ὡς
2256 3482 2405 3553 ἑώρα
2437 3480 2608 3551 αὐτὴν
2638 3481 2975 3553 ὀδυρομένην
3006 3484 3102 3535 καὶ
3133 3482 3474 3551 κλαίουσαν)·
3510 3485 3720 3539 Τέκνον

435 3587 494 3630 et
528 3578 790 3646 eju'ahat,
842 3595 965 3634 cum
1006 3581 1123 3638 haec
1172 3582 1413 3647 diceret;
1459 3591 1516 3637 et
1562 3582 1698 3638 dicit
1745 3582 1795 3636 ei
1859 3593 2012 3651 pater

2145 3591 2255 3640 ιου,
2288 3575 2340 3626 τί
2400 3591 2482 3627 σοι
2517 3573 2626 3645 ἔχω
2660 3572 3035 3642 ποιῆσαι,εὸτι
3072 3574 3184 3643 ἐγὼ
3215 3575 3480 3645 βούλομαι
3514 3578 3574 3630 ἐν
3617 3595 3722 3647 μο-

437 3670 559 3736 ejus
594 3685 607 3722 :
646 3670 782 3725 Filia
819 3671 1165 3737 charissima,
1212 3674 1347 3743 quid
1396 3689 1616 3743 possum
1654 3672 1754 3727 tibi
1796 3671 2014 3727 facere?

2141 3666 2405 3737 μαστηρίῳ
2436 3666 2720 3729 εἰσελθεῖν,
2755 3666 2851 3719 καὶ
2881 3665 2999 3728 πῶς
3027 3666 3251 3722 δύνασαι
3278 3669 3374 3721 σὺν
3395 3669 3522 3738 ἐμοὶ
3550 3665 3718 3740 εἷναις

440 3758 520 3814 Tu
573 3762 795 3830 quidem
845 3779 905 3818 cs
950 3764 1200 3820 femina:
1253 3781 1354 3836 ego
1398 3773 1580 3818 autem
1625 3765 1750 3818 volo
1803 3763 2017 3833 ingredi

2144 3760 2197 3811 Ὀ
2237 3757 2481 3820 διάὸολος
2512 3757 2620 3828 γὰρ
2644 3756 2713 3811 δι’
2746 3755 2905 3826 ὑμῶν
2934 3756 3106 3828 ὀχλεῖ,
3163 3760 3257 3811 καὶ
3290 3762 3556 3831 ταράσσει
3587 3762 3721 3827 τοὺς

442 3852 871 3917 monasterium;
908 3862 965 3907 et
1004 3854 1283 3923 quomodo
1324 3864 1479 3925 putes
1513 3868 1728 3908 mecum
1772 3850 2019 3905 versari?

2141 3851 2347 3915 ἰούλους
2397 3850 2495 3904 τοῦ
2527 3850 2688 3904 Θεοῦ.
2726 3849 2792 3905 'll
2844 3851 2899 3904 δὲ
2934 3850 3299 3923 ἀποκριθεῖσα
3323 3855 3474 3923 λέγει
3497 3873 3511 3888 ο
3555 3857 3718 3926 Οὐχὶ,

441 3941 702 3998 Diaboius
742 3945 887 3999 enim
929 3960 1155 4014 propter
1198 3962 1296 4000 vos
1340 3948 1538 4001 bellum
1575 3945 1715 4015 gerit
1754 3944 2018 3998 adversus

2145 3943 2336 4014 Πάτερ,
2385 3945 2486 3998 οὐκ
2542 3944 2929 4014 εἰσελεύσομαι
2969 3945 3155 4007 καθὼς
3209 3948 3273 4000 σὺ
3322 3947 3525 4016 λέγεις,
3578 3949 3722 4004 ἀλλὰ

443 4031 539 4085 Dei
581 4052 789 4090 servos.
831 4037 954 4093 limc
978 4054 1101 4092 eum
1136 4038 1404 4094 audiisset
1432 4040 1552 4109 ejus
1587 4039 1717 4097 ﬁlia,
1755 4037 1893 4091 dixit
1924 4052 2020 4106 pa-

2146 4036 2473 4109 ὶποθρίξασα
2492 4038 2591 4109 τὴν
2617 4036 2797 4108 κόμην
2822 4038 2923 4107 τῆς
2949 4039 3196 4108 κεφαλῆς
3222 4056 3345 4109 μου,
3365 4041 3456 4094 καὶ
3472 4042 3723 4111 ἀνδρεῖον

444 4124 515 4176 tri
556 4140 658 4179 suo
685 4146 697 4179 :
729 4127 980 4194 Domine,
1006 4129 1078 4182 mi
1113 4141 1303 4200 pater:
1339 4147 1447 4184 non
1480 4129 1857 4197 sicingrediar
1884 4144 2021 4200 quo-

2133 4132 2320 4200 σχῆμα
2357 4131 2732 4198 ἀναλαόοὓσα,
2764 4129 2938 4195 οὕτως
2977 4134 3118 4202 μετᾶ
3164 4132 3261 4186 σοῦ
3296 4133 3609 4205 ἐλεύσομαι.

448 4218 612 4273 modo
672 4231 729 4274 tu
784 4223 946 4287 dicis,
981 4229 1075 4279 sed
1128 4225 1369 4280 tondebo
1403 4239 1617 4279 comam
1670 4224 1887 4295 capitis,
1946 4232 2004 4279 et
2044 4221 2237 4279 induta
2287 4233 2443 4281 veste
2487 4225 2658 4291 virili,
2714 4225 2997 4295 ingrediar
3048 4234 3229 4281 tecum
3285 4235 3719 4297 monasterium,

446 4308 670 4364 neruine
700 4312 931 4375 sciente,
966 4331 1052 4370 me
1087 4332 1209 4372 esse
1243 4317 1530 4373 feminam.

517 4402 582 4456 li.
619 4402 817 4458 Beatus
841 4415 1023 4462 autem
1058 4409 1358 4479 Eugenius,
1386 4410 1613 4477 auditis,
1647 4427 1770 4483 quae
1803 4410 2027 4467 dicebat

2206 4410 2281 4463 B’.
2316 4409 2377 4464 '0
2405 4409 2461 4462 δὲ
2492 4410 2698 4481 πατὴρ,
2744 4409 3033 4480 διανείμας
3087 4413 3269 4467 πάντα
3302 4411 3370 4467 τά
3403 4412 3725 4488 ὑπάρχοντα

451 4492 586 4557 filia,
607 4495 764 4550 valde
796 4497 1033 4563 laetatus,
1055 4517 1179 4556 cum
1208 4502 1389 4557 omnia
1425 4502 1567 4558 bona
1595 4520 1692 4558 sua
1714 4504 2028 4559 distribuis-

2148 4498 2285 4570 ιῦτῷ
2314 4502 2427 4565 τοῖς
2477 4500 2698 4572 πένησι,
2749 4503 2844 4555 καὶ
2875 4502 3181 4573 ἀποθρίξις
3234 4503 3334 4576 τὴν
3384 4506 3571 4579 κόμην
3620 4515 3725 4582 τῆς

449 4594 534 4640 set
555 4590 892 4658 pauperibus
927 4601 984 4646 et
1009 4593 1297 4657 mendicis,
1334 4594 1707 4665 orphanisque
1737 4605 1795 4650 et
1824 4595 2025 4661 viduis,

2146 4592 2382 4662 κεφαλῆς
2430 4592 2626 4660 αὐτῆς,
2680 4593 3010 4663 περιέϐαλεν
3045 4594 3218 4665 αὐτὴν
3250 4597 3498 4667 ἀνδρεῖον
3531 4602 3723 4672 σχῆμα

449 4684 505 4732 ct
533 4681 862 4738 tetendisset
889 4700 1041 4737 suam
1070 4685 1255 4751 filiam,
1283 4686 1425 4740 virili
1450 4687 1653 4741 amictu
1679 4703 1799 4742 eam
1823 4688 2026 4749 induit,

2148 4687 2231 4740 καὶ
2275 4685 2637 4754 ἐπωνόμασεν
2662 4686 2833 4754 αὐτὴν
2867 4687 3134 4757 Μαρτνον,
3192 4689 3285 4741 καὶ
3347 4691 3725 4760 παρήγγειλεν

449 4780 507 4826 et
545 4774 851 4828 nominavit
883 4792 1086 4832 nomen
1131 4779 1251 4848 ejus
1296 4778 1587 4846 Marinum,
1641 4781 1757 4835 [nec
1798 4781 1850 4835 ei
1893 4781 2026 4835 dans

2143 4779 2268 4849 εὐτῇ
2299 4778 2476 4845 λέγων
2498 4794 2510 4805 ·
2544 4777 2742 4841 Βλέπε,
2767 4777 2978 4841 τέκνον,
3008 4779 3127 4841 πῶς
3145 4778 3426 4851 διατηρεῖς
3461 4785 3720 4854 σεαυτήνο

451 4863 707 4919 mandata
737 4881 752 4918 :
780 4866 938 4928 Vide.
961 4857 1102 4930 ﬁlia,
1135 4871 1412 4938 quomodo
1435 4880 1485 4924 te
1510 4873 1586 4926 sis
1614 4883 2028 4927 conservatum.

2149 4870 2235 4921 ὶνὰ
2269 4871 2434 4938 μέσον
2461 4869 2572 4940 γὰρ
2603 4868 2699 4922 τοῦ
2733 4870 2909 4939 σωρὸς
2947 4869 3166 4940 μέλλεις
3195 4872 3411 4941 διάγειν
3432 4890 3447 4906 ⁶
3479 4875 3726 4944 φύλαξον

451 4951 654 5008 Futura
673 4955 819 5009 enim
852 4972 912 5011 es
943 4958 995 5011 in
1026 4959 1398 5029 medioiguis;
1423 4978 1530 5015 non
1555 4962 1859 5033 ingreditur
1881 4961 2028 5016 enim

2151 4956 2223 5011 »ὗν
2243 4960 2442 5014 ἑαυτὴν
2464 4961 2756 5029 ἄμεμπτον
2784 4960 2863 5033 τῷ
2891 4961 3139 5033 Χριστῷ,
3166 4965 3316 5028 ὅπως
3340 4965 3728 5038 πληρώσωμεν

454 5045 659 5100 femina
704 5047 760 5101 in
788 5050 1208 5106 monasterium.
1239 5052 1316 5107 Te
1347 5069 1480 5123 ergo
1514 5068 1782 5109 conserva
1811 5053 2031 5108 Christo

2151 5054 2231 5124 τὴν
2267 5053 2609 5121 ἐπαγγελίαν
2645 5053 2826 5123 ἡμῶν.
2891 5054 3001 5107 Καὶ
3039 5054 3225 5109 λαϐὼν
3265 5056 3437 5127 αὐτὴν
3468 5060 3728 5128 εἰσῆλθεν

452 5134 882 5204 immaculatam,
910 5151 970 5196 ut
999 5158 1123 5197 cum
1151 5144 1565 5215 impleverimus
1588 5146 1643 5200 id
1671 5145 1817 5211 quod
1841 5160 2029 5200 smnus

2149 5146 2199 5198 ὲν
2246 5144 2520 5213 κοινοϐίῳ.
2582 5143 2798 5216 Ἡμέρᾳ
2856 5143 2914 5198 δὲ
2947 5147 3043 5198 καὶ⁵
3075 5147 3263 5218 ἡμέρᾳ
3296 5151 3641 5219 προέκοπτεν
3689 5152 3726 5223 ἡ

454 5228 708 5294 ροέιίοἱιὶ,
739 5231 1043 5289 habeamur
1067 5236 1216 5306 digni
1248 5252 1419 5307 regno
1448 5238 1733 5293 caalorum.
1762 5237 1886 5293 llaec
1905 5253 2031 5293 cum

2148 5238 2271 5299 παῖς
2326 5236 2407 5299 είς
2458 5236 2642 5288 πᾶσαν
2692 5236 2898 5307 ἀρετὴν
2945 5238 3043 5290 καὶ
3082 5240 3163 5300 εἰς
3231 5239 3433 5310 πολλὴν
3465 5241 3725 5311 ἄσκησιν.

455 5321 687 5376 dixisset
708 5324 1007 5394 Eugenius,
1027 5337 1080 5382 et
1101 5340 1357 5398 precatus
1370 5341 1537 5394 esset,
1557 5346 1842 5385 assumens
1867 5330 2032 5384 filiam

2153 5329 2350 5391 Πάντες
2391 5324 2488 5380 οὖν
2542 5329 2592 5381 οἱ
2647 5327 2872 5396 ἀδελφοὶ
2920 5329 3176 5400 ἐνόμιζον
3240 5332 3412 5404 αὐτὴν
3469 5334 3730 5405 εὐνοῦχον

460 5427 615 5466 suam
657 5413 882 5471 Mariam
914 5419 967 5473 in
999 5420 1189 5476 habitu
1225 5421 1615 5486 adolescentis,
1647 5423 1928 5493 ingressus
1953 5432 2037 5476 est

2156 5416 2289 5473 εἶναι
2321 5419 2409 5472 διὰ
2439 5418 2500 5471 τὸ
2526 5417 2775 5487 ἀγένειον
2795 5420 2889 5473 καὶ
2911 5418 3111 5473 λεπτὸν
3142 5424 3208 5491 τῇ
3257 5424 3472 5496 ἀφωνία
3492 5440 3506 5455 ·
3546 5425 3733 5497 ἕτεροι

459 5504 800 5562 οωηοὺίυιη.
830 5508 923 5565 Eis
942 5520 1125 5567 autem
1159 5514 1422 5585 ingressis
1444 5514 1497 5569 in
1531 5514 1949 5577 monasterium,
1982 5514 2035 5568 in

2155 5511 2202 5564 δὲ
2233 5509 2644 5580 ὑπελάμϐανον,
2667 5510 2750 5562 ὅτι
2782 5510 2893 5564 ἀπὸ
2938 5512 3144 5582 πολλῆς
3176 5514 3513 5585 ἐγκρατείας
3548 5516 3612 5570 τὸ
3640 5517 3732 5572 διὰ

457 5592 577 5651 dies
617 5600 941 5667 proficiebat
984 5606 1164 5674 puella
1202 5606 1256 5662 in
1307 5606 1455 5661 omni
1491 5606 1717 5672 virtute,
1769 5606 2034 5663 obedien-

2159 5604 2239 5658 Ξύο
2256 5604 2286 5673 ἡ
2296 5619 2358 5671 με
2368 5601 2475 5672 ρῶν
2493 5599 2696 5655 ἐσθίειν
2714 5604 2904 5676 αὑτήν.
2921 5604 3124 5674 Συνέϐη
3146 5604 3200 5658 δὲ
3222 5606 3313 5660 τὸν
3332 5609 3541 5677 πατέρα
3561 5609 3736 5679 αὐτῆς

538 5781 551 5809 ¹
599 5780 751 5837 Joan.
789 5799 841 5847 ι,
882 5783 964 5838 Η.
