3994 6468
299 372 410 437 349

1373 368 1555 429 νιΤΑ
1594 366 1659 428 S.
1697 365 2027 427 EUGENII
2061 367 2160 427 ET
2194 367 2481 427 MARLE.

3451 364 3560 425 £50

299 482 648 549 τελευτῆσαι,
677 482 774 536 καὶ
801 480 1111 554 προσέθηκε
1147 482 1216 551 τῇ
1252 480 1484 550 ἀσκήσει
1519 477 1615 532 καὶ
1645 478 1883 548 ὑπακοῇ,

2014 477 2176 548 iaque
2224 487 2278 534 et
2332 479 2645 534 humilitate
2695 487 2750 534 et
2793 478 2848 533 in
2905 477 3100 549 majori
3157 476 3579 532 exercitatione.

301 576 449 633 ὥστε
504 574 600 628 καὶ
647 574 900 644 χάρισμα
960 571 1128 643 αὐτὴν
1185 571 1374 625 λαϐεῖν
1425 571 1577 641 παρὰ
1624 569 1718 623 τοῦ
1749 568 1883 623 Θεοῦ

308 667 460 723 κατὰ
488 667 764 738 δαιμόνων
784 685 796 698 ·
830 666 984 738 ᾧτινι
1007 664 1117 737 γὰρ
1162 664 1270 717 τῶν
1303 661 1678 716 ἀσθενούντων
1703 663 1885 715 ἐπετί-

302 764 388 815 θει
413 762 516 822 τὰς
543 762 755 831 χεῖρας,
788 758 1138 829 παραχρῆμα
1169 758 1310 810 ἰᾶτο.
1341 751 1468 825 Εἶχε
1514 754 1572 807 δὲ
1612 753 1672 806 τὸ
1706 753 1886 805 κοινὸ-

303 852 423 906 ⁴ειον
450 850 867 919 τεσσαράκοντα
894 846 1090 919 ἄνδρας
1114 848 1213 901 σὺν
1236 846 1373 916 αὐτῇ
1403 845 1594 913 ἁγίους
1616 860 1630 874 '
1662 844 1803 897 κατᾶ
1831 844 1889 897 δὲ

304 942 456 1012 μῆνα
486 942 751 1009 τέσσαρες
808 938 920 992 τῶν
952 937 1202 1005 ἀδελφῶν
1253 936 1647 990 ἀπεστέλλοντο
1683 937 1763 997 εἰς
1791 935 1891 997 τὰς

1989 568 2125 624 Cum
2150 584 2285 624 vero
2326 569 2539 639 aliquot
2566 585 2741 625 annos
2782 571 3087 641 peregisset
3112 571 3273 625 beate
3300 571 3355 623 in
3386 583 3582 622 mona-

1991 660 2181 725 sterio,
2211 660 2601 716 existimabant
2640 661 2897 715 monachi
2925 676 3052 715 eum
3088 675 3210 715 esse
3236 658 3582 721 eunuchum,

1992 763 2285 823 propterea
2316 753 2464 824 quod
2488 764 2637 809 esset
2672 752 2943 807 imberbis
2973 763 3029 806 et
3064 767 3198 807 voce
3228 751 3443 821 gracili.
3475 748 3582 805 Alii

1993 856 2177 900 autem
2221 846 2638 905 existimabant.
2689 861 2806 915 pra:
2856 845 3025 899 nimia
3071 844 3489 906 exercitatione,
3527 850 3587 895 et

1994 936 2140 1007 quod
2174 937 2350 990 solum
2393 935 2640 991 secundo
2683 951 2905 1006 quoque
2956 935 3047 989 die
3076 937 3413 994 comederet.
3446 947 3575 987 eum

299 1031 632 1100 ἀποκρίσεις
672 1029 769 1083 τοῦ
812 1028 1206 1098 μοναστηρίου,
1274 1027 1363 1080 διὰ
1416 1026 1477 1081 τὸ
1504 1027 1651 1095 ἔχειν
1686 1027 1887 1091 αὐτοὺς

2011 1043 2112 1083 asse
2139 1043 2273 1082 voce
2296 1028 2436 1082 adeo
2462 1028 2637 1082 tenui.
2656 1028 2854 1097 Aliquo
2876 1043 3007 1083 vero
3031 1035 3156 1095 post
3184 1036 3430 1094 tempore
3453 1039 3585 1078 con-

301 1122 401 1173 καὶ
423 1120 606 1173 ἄλλων
641 1119 1019 1190 ἀναχωρητῶν
1055 1119 1156 1186 τὴν
1184 1118 1466 1188 φροντίδα.
1498 1113 1607 1171 Ἤν
1632 1118 1686 1170 δὲ
1723 1118 1887 1186 μέσον

1997 1119 2117 1188 tigit
2158 1120 2281 1189 ejus
2312 1129 2526 1188 patrem
2574 1119 2849 1174 decedere
2890 1136 2906 1173 :
2939 1120 3344 1175 incrementum
3397 1124 3583 1169 autem

300 1214 405 1282 τῆς
438 1213 565 1265 ὁδοῦ
604 1212 924 1282 πανδοχεῖον
946 1228 961 1244 ·
993 1211 1087 1264 καὶ
1131 1211 1437 1277 ὑπάγοντες
1483 1211 1578 1263 καὶ
1606 1209 1896 1279 ἐρχόμενοι

2011 1210 2211 1279 recepit
2238 1211 2359 1280 ejus
2402 1210 2750 1273 exercitatio,
2785 1210 3103 1265 obedientia
3145 1215 3203 1263 et
3253 1206 3581 1271 humilitas;

303 1306 355 1357 οι
411 1303 639 1369 ἀδελφοὶ
681 1302 772 1356 διὰ
823 1303 886 1355 1:6
952 1302 1167 1372 μακρὸν
1227 1303 1328 1370 τῆς
1377 1299 1503 1354 ὀδοῦ
1554 1300 1896 1354 ἀνεπαύοντο

2011 1301 2134 1356 ideo
2183 1310 2245 1355 ut
2290 1303 2406 1370 ipsa
2440 1317 2663 1371 quoque
2695 1301 2902 1355 donum
2951 1300 3049 1355 Dei
3085 1300 3363 1369 acceperit
3390 1306 3583 1351 contra

305 1398 490 1449 ἐκεῖσε
516 1411 534 1428 ⁸
561 1397 622 1448 ὲν
644 1390 728 1458 οἷς
761 1396 966 1466 πολλὴν
1019 1395 1320 1458 θεραπείαν
1353 1397 1620 1467 παρεῖχεν
1647 1395 1834 1459 αὐτοῖς
1865 1396 1895 1449 6

2011 1393 2289 1449 humours.
2318 1393 2779 1464 Unumquemque
2809 1393 2960 1448 enim
2994 1407 3192 1448 eorum
3221 1391 3319 1462 qui
3358 1390 3584 1445 labora-

308 1485 538 1553 πάνδοξ,
569 1486 971 1556 ὑποδεχόμενος
998 1485 1197 1547 αὐτοὺς
1231 1484 1560 1548 ξδιάζοντας.

1992 1487 2129 1543 bant
2161 1496 2219 1542 et
2245 1488 2605 1550 vexabantur,
2641 1504 2840 1543 manus
2873 1489 2953 1544 eis
2988 1488 3278 1558 imponens
3304 1498 3361 1543 et
3392 1501 3582 1566 orans,

304 1579 542 1634 curabat
573 1581 848 1650 protinus.
882 1580 1135 1635 Habebat
1180 1587 1365 1634 autem
1414 1578 1549 1632 illud
1612 1578 1930 1634 cmnobium
1971 1580 2334 1650 quadraginta
2382 1582 2535 1636 viros
2581 1582 2730 1636 omni
2782 1582 2989 1637 virtute
3017 1589 3077 1636 et
3101 1580 3371 1650 sapientia
3406 1591 3576 1632 exor-

307 1681 491 1727 natas.
529 1672 775 1743 Singulis
810 1690 944 1727 vero
995 1674 1283 1729 mensibus
1312 1675 1676 1731 mittebantur
1726 1688 1966 1747 quatuor
1998 1679 2255 1733 monachi
2304 1678 2371 1733 ad
2418 1694 2680 1747 responsa
2728 1677 3070 1740 monasterii,
3102 1688 3394 1747 propterea
3430 1669 3582 1742 quod

307 1765 416 1833 ipsi
443 1764 716 1820 haberent
743 1767 798 1821 in
843 1766 968 1821 aliis
998 1783 1219 1838 quoque
1263 1767 1402 1822 locis
1434 1768 1681 1824 diversas
1710 1770 2105 1838 possessiones.
2142 1771 2268 1826 Erat
2308 1779 2489 1826 autem
2524 1772 2580 1826 in
2623 1772 2802 1826 media
2837 1772 2923 1826 via
2953 1771 3343 1833 diversorium,
3383 1778 3441 1824 et
3477 1764 3574 1837 qui

307 1856 470 1911 ibant
488 1865 543 1911 et
578 1858 897 1921 veniebant,
925 1869 1152 1930 propter
1183 1861 1403 1916 itineris
1447 1861 1845 1933 longitudinem
1896 1863 2009 1917 illic
2042 1863 2489 1934 requiescebanl.
2531 1864 2681 1919 Inter
2721 1872 2954 1919 caeteros
2985 1872 3167 1920 autem
3204 1875 3458 1930 magnam
3488 1873 3588 1914 eo.

306 1968 434 2006 rum
471 1969 661 2007 curam
688 1954 915 2024 gerebat
952 1955 1020 2017 is,
1057 1955 1151 2024 qui
1193 1965 1422 2031 pra-erat
1454 1956 1785 2023 diversorio,
1827 1974 1923 2012 eos
1968 1974 2216 2013 seorsum
2255 1959 2554 2028 accipiens.
2591 1959 2818 2013 Invidus
2849 1973 2977 2012 vero
3005 1966 3061 2011 et
3090 1957 3364 2027 malignus
3389 1954 3588 2009 diabo-

305 2045 417 2109 Ius,
450 2047 544 2115 qui
574 2046 740 2100 rebus
770 2046 929 2100 bonis
975 2061 1197 2117 semper
1255 2049 1484 2112 invidet,
1524 2050 1666 2103 mala
1714 2061 1899 2105 antem
1947 2050 2014 2104 ad
2068 2066 2126 2105 se
2166 2050 2415 2115 attrahit,
2447 2066 2591 2119 aegre
2643 2051 2830 2105 ferens
2876 2049 3040 2119 hujus
3091 2049 3266 2104 beata:
3314 2047 3369 2101 in
3405 2047 3578 2102 Deum

310 2152 580 2198 amorem.
613 2137 1146 2209 pulcherrimumque
1164 2150 1221 2196 et
1246 2137 1687 2196 honestissimam
1713 2141 1930 2196 vivendi
1971 2143 2264 2209 rationem,
2290 2142 2506 2198 studuit
2541 2142 2939 2212 aliquantulam
2974 2140 3025 2195 ei
3072 2140 3248 2195 labem
3274 2139 3501 2194 inurere
3527 2146 3587 2193 et

310 2246 435 2286 eam
479 2229 742 2299 aigere.

380 2344 462 2397 Γ.
513 2342 607 2396 Ἐν
639 2346 740 2415 μιᾷ
769 2338 864 2397 οὖν
894 2344 1003 2399 τῶν
1054 2348 1281 2420 ἡμερῶν
1328 2351 1851 2421 προσκαλεσάμενος
1878 2354 1906 2407 6

2081 2354 2173 2410 III.
2210 2353 2458 2423 Quodam
2511 2354 2699 2424 itaque
2731 2353 2844 2414 die.
2897 2350 3193 2423 prmfectus
3240 2346 3590 2413 monasterii,

315 2434 622 2504 ⁴ἡγούμενος
647 2437 742 2488 τὸν
770 2436 951 2491 ἀῦϐᾶν
976 2440 1225 2507 Μαρῖνον
1245 2440 1396 2507 λέγει
1436 2442 1584 2511 αὐτῷ
1604 2459 1619 2474 ο
1655 2444 1900 2513 Ἀδελφὲ,

318 2527 622 2597 ιπίσταμαί
641 2545 734 2580 σου
762 2527 861 2598 τὴν
887 2529 1166 2583 πολιτείαν
1188 2533 1281 2585 καὶ
1304 2532 1361 2585 τὸ
1381 2535 1509 2604 περὶ
1533 2535 1629 2603 τὴν
1650 2535 1904 2604 ὑπακοὴν

326 2619 611 2671 σπουδαῖον
641 2619 721 2671 ὅτι
750 2618 955 2677 τέλειος
979 2615 1032 2672 εῐ
1064 2623 1119 2673 ἐν
1146 2623 1315 2675 πᾶσιν
1339 2639 1353 2653 ·
1390 2622 1618 2692 θέλησον
1637 2620 1731 2678 οῦν
1753 2625 1904 2690 ἐξελ-

323 2708 433 2761 θεῖν
455 2710 536 2772 εἰς
592 2710 694 2778 τὴν
723 2709 1007 2763 διακονίαν
1053 2711 1148 2766 τοῦ
1192 2714 1584 2782 μοναστηρίου,
1634 2716 1825 2787 ἐπειδὴ
1854 2717 1905 2769 οἱ

317 2801 543 2870 ἀδελφοὶ
582 2800 884 2855 λυποῦνται
912 2800 987 2871 μὴ
1012 2804 1375 2873 ἐξερχομένου
1429 2823 1523 2859 σου
1542 2822 1558 2837 ο
1615 2808 1770 2861 τοῦτο
1797 2809 1905 2879 γὰρ

316 2894 606 2957 ποιοῦντός
665 2910 783 2957 σου,
840 2894 1062 2948 πλείονα
1095 2897 1288 2965 μισθὸν
1335 2899 1570 2969 κομήσει
1627 2902 1779 2969 παρὰ
1808 2900 1905 2954 τοῦ

316 2984 456 3038 Θεοῦ
480 2984 889 3054 φιλανθρώπου.
929 2988 1038 3041 Καὶ
1066 2989 1095 3041 6
1144 2990 1391 3059 Μαρῖνος
1432 2990 1607 3044 ταῦτα
1661 2993 1905 3055 ἀκούσας

320 3076 655 3145 προσπεσὼν
688 3078 836 3146 αὐτῷ
859 3078 1008 3146 λέγει
1031 3096 1047 3112 ο
1083 3076 1274 3145 Εὖξαι.
1314 3082 1519 3153 Πάτερ,
1552 3083 1648 3136 καὶ
1674 3085 1809 3136 ὅπου
1839 3084 1905 3138 ἂν

318 3170 555 3239 κελειὶῃς
618 3187 733 3237 μοι,
784 3171 896 3236 ἐγὼ
935 3172 1271 3242 ἀπέρχομαι.
1314 3174 1658 3239 Ἐξελθόντος
1718 3177 1810 3230 οὖν
1848 3181 1906 3231 ἐν

322 3261 425 3331 μιᾷ
450 3261 549 3312 τοῦ
580 3261 725 3313 ἁϐὁᾶ
751 3263 997 3332 Μαρίνου
1028 3266 1126 3317 σὺν
1159 3268 1271 3328 τοῖς
1309 3265 1493 3331 ἄλλοις
1537 3269 1718 3339 τρισὶν
1748 3269 1905 3323 ἀδελ-

319 3352 441 3418 φοῖς
493 3349 800 3404 διακονίσαι
831 3394 847 3418 ,
901 3352 999 3405 καὶ
1042 3353 1468 3407 καταλυσάντων
1524 3355 1707 3408 αὐτῶν
1743 3360 1801 3411 ὲν
1827 3357 1906 3428 τῷ

322 3443 651 3511 πανδοκείῳ,
684 3443 885 3514 συνέϐη
921 3444 1044 3498 τινὰ
1071 3444 1412 3515 στρατιώτην
1460 3447 1777 3518 διαφθεῖραι
1807 3452 1906 3520 τὴν

322 3533 605 3603 θυγατέρα
632 3533 727 3587 τοῦ
762 3535 1049 3606 πανδὸχου,
1074 3536 1148 3600 ὡς
1200 3538 1296 3589 καὶ
1331 3536 1522 3591 λαϐεῖν
1562 3540 1734 3607 αὐτὴν
1766 3541 1908 3593 κατὰ

322 3627 583 3695 γαστρός.
644 3623 779 3680 Eine
828 3626 887 3680 δὲ
941 3630 1082 3698 αὑτῇ
1129 3631 1157 3682 6
1216 3628 1617 3701 στρατηλάτης,
1651 3630 1906 3696 ὅτι,Ἔὲν

2007 2447 2280 2501 accersito
2322 2446 2560 2509 Marino,
2623 2447 2761 2500 dicit
2794 2445 2843 2500 ei
2882 2463 2899 2502 :
2954 2444 3145 2498 Frater
3195 2441 3428 2505 Marine,
3476 2440 3594 2495 scio

2008 2550 2156 2594 tuam
2197 2540 2322 2594 vitae
2352 2538 2576 2610 agendae
2604 2538 2874 2592 rationem
2905 2551 3025 2590 esse
3056 2535 3357 2603 perfectam
3381 2534 3435 2586 in
3475 2546 3595 2585 om-

2007 2632 2193 2694 nibus,
2241 2639 2298 2686 et
2347 2632 2625 2702 praecipue
2677 2631 2731 2682 in
2769 2627 3111 2683 obcdicntia.
3158 2624 3305 2679 Veiis
3351 2639 3482 2692 ergo
3535 2632 3592 2676 tu

2005 2739 2227 2794 quoque
2261 2724 2472 2794 egredi,
2517 2734 2575 2777 ut
2610 2722 2891 2776 ministres
2938 2716 3320 2773 monasterio?
3374 2714 3595 2769 Fratres

2005 2811 2154 2865 enim
2189 2826 2331 2883 aegre
2366 2821 2574 2871 terunt,
2604 2820 2656 2865 te
2687 2811 2755 2866 ad
2797 2811 2848 2864 id
2878 2824 2985 2863 non
3018 2806 3225 2877 egredi.
3263 2805 3379 2859 Iloc
3409 2813 3595 2858 autem

2007 2903 2237 2963 faciens.
2268 2920 2301 2957 o
2332 2903 2427 2967 fili,
2454 2906 2718 2972 majorem
2747 2904 2985 2971 accipies
3024 2898 3339 2954 mercedem
3374 2911 3403 2949 a
3441 2895 3597 2950 beni-

2007 3012 2114 3066 gno
2143 3008 2198 3050 et
2226 2996 2479 3051 clementi
2511 2997 2640 3050 Deo.
2678 2993 2891 3049 Etenim
2922 2992 3185 3047 Dominus
3231 3002 3454 3059 quoque
3492 3001 3597 3039 no-

2008 3097 2127 3142 ster
2166 3088 2309 3141 Dens
2346 3103 2455 3140 non
2480 3086 2813 3157 dedignatus
2851 3092 2936 3139 est
2985 3081 3304 3136 ministrare
3339 3079 3455 3149 suis
3486 3076 3598 3131 dis-

2007 3178 2225 3246 cipulis.
2262 3178 2384 3233 Haec
2411 3193 2535 3232 cum
2569 3176 2833 3231 audiisset
2873 3175 3137 3233 Marinus,
3171 3188 3228 3226 se
3270 3166 3597 3241 proiecitad

2007 3269 2179 3338 pedes
2207 3269 2469 3336 pnefecti,
2504 3269 2737 3323 dicens:
2785 3266 2929 3320 Bene
2961 3279 3187 3335 precare
3226 3260 3386 3323 mihi,
3428 3272 3601 3312 vene-

2007 3358 2175 3412 rande
2199 3357 2378 3417 Pater.
2399 3367 2454 3413 et
2481 3375 2582 3430 ego
2609 3359 2699 3413 ibo
2721 3370 3051 3427 quocunque
3073 3353 3344 3408 volucris.
3366 3350 3603 3419 Egresso

2009 3459 2193 3502 autem
2236 3450 2444 3503 Marino
2486 3459 2543 3503 et
2587 3449 2712 3503 aliis
2753 3448 2931 3502 tribus
2971 3445 3259 3500 monachis
3306 3452 3367 3495 ut
3432 3438 3602 3494 mitti-

2010 3547 2274 3603 strarent,
2307 3540 2670 3601 diverterunt,
2708 3548 2769 3593 ut
2798 3542 3229 3597 consueverant,
3250 3531 3314 3585 ad
3350 3529 3486 3585 illud
3516 3526 3606 3582 di-

2009 3631 2340 3684 versorium.
2380 3629 2482 3695 Qui
2519 3640 2702 3683 autem
2760 3638 2992 3698 praeerat
3045 3624 3377 3687 diversorio,
3431 3619 3603 3675 labe-

322 3691 545 3787 γνωσθῇ
584 3715 663 3785 τῷ
687 3715 858 3786 πατρί
883 3733 1002 3784 σου,
1040 3691 1163 3770 sint
1193 3691 1297 3771 ὅτι.
1326 3718 1385 3772 '0
1410 3691 1421 3701 '
1441 3691 1706 3790 νεώτερος
1810 3718 1906 3773 τοῦ

2014 3720 2109 3774 bat
2173 3719 2337 3774 ﬁliam
2397 3721 2640 3776 unicam.
2698 3721 2852 3774 Miles
2903 3734 3037 3772 vero
3101 3715 3324 3787 quidam
3389 3713 3603 3783 ingres-

324 3808 600 3861 κοινοϐίου
650 3808 679 3861 6
716 3808 931 3877 εὐειδὴς
970 3809 999 3860 6
1057 3808 1353 3880 λεγόμενος
1406 3810 1653 3880 Μαρῖνος
1706 3812 1913 3875 ἔκεῖνος

326 3898 601 3970 ἐκοιμήθη
630 3901 754 3968 μετ’
786 3898 948 3970 ἐμοῦ.
1000 3900 1113 3953 Καὶ
1146 3900 1270 3963 δοὺς
1310 3901 1450 3971 αὐτῇ
1482 3901 1544 3953 τὸ
1568 3900 1669 3968 τῆς
1704 3902 1913 3969 φθορᾶς

327 3990 628 4061 ἐπορεύθη.
678 3990 846 4054 Γνοὺς
905 3991 960 4043 δὲ
992 3990 1110 4058 μεθ’
1144 3992 1359 4063 ἡμέρας
1413 3992 1443 4044 6
1490 3991 1676 4062 πατὴρ
1709 3992 1902 4060 αὐτῆς,

327 4080 596 4152 ιξῄτησεν
646 4080 820 4150 αὐτὴν
849 4078 1026 4148 λέγων
1046 4097 1061 4112 ·
1100 4081 1272 4134 Πόθεν
1300 4097 1383 4134 σοι
1410 4080 1608 4147 τοῦτο;
1639 4082 1750 4136 Kal.
1780 4082 1908 4135 ἔδα-

284 4242 291 4251 .
328 4173 385 4226 λε
411 4174 514 4241 τὴν
534 4172 720 4226 αἰτίαν
749 4173 936 4226 ἐπάνω
964 4172 1056 4225 τοῦ
1089 4174 1359 4242 Μαρίνου.

2016 3826 2111 3866 sus
2173 3811 2562 3872 diversorium.
2625 3813 2675 3868 ei
2747 3811 2930 3866 attulit
3007 3809 3202 3863 vitium
3259 3816 3407 3864 :‘ea
3462 3819 3596 3859 vero

2009 3901 2287 3971 concepit.
2342 3901 2608 3970 Praecepit
2652 3914 2836 3956 autem
2894 3900 2985 3954 ille
3042 3899 3222 3962 miles,
3259 3896 3452 3951 dicens
3490 3911 3506 3949 :
3543 3893 3601 3947 Si

2013 3994 2129 4048 haec
2164 4009 2254 4047 res
2282 3993 2447 4049 fuerit
2472 3995 2712 4065 cognita,
2749 4002 2807 4047 et
2846 4001 2897 4047 te
2919 3989 3357 4045 examinaverint
3391 3985 3468 4040 tui
3499 4001 3602 4055 pa-

2010 4091 2219 4146 rentes,
2268 4084 2414 4138 unde
2467 4084 2574 4139 hoc
2618 4083 2826 4138 factum
2876 4083 2969 4147 sit,
3012 4080 3102 4135 die
3134 4080 3262 4136 eis:
3307 4077 3607 4133 Formosus

2012 4176 2106 4230 ille
2127 4176 2316 4246 iunior
2349 4178 2653 4231 monachus
2686 4190 2901 4230 mecum
2934 4172 3184 4236 dormiit,
3219 4181 3275 4225 et
3297 4185 3363 4224 ex
3389 4184 3456 4222 co
3477 4180 3609 4221 con-

328 4262 472 4334 cepi.
506 4263 807 4332 Postquam
838 4275 969 4330 ergo
994 4259 1201 4331 egressi
1231 4260 1465 4316 fuissent
1490 4262 1749 4317 monachi
1785 4261 1950 4316 simul
1977 4278 2100 4316 cum
2134 4265 2366 4328 Marino,
2398 4266 2622 4320 rescivit
2654 4273 2809 4334 pater
2846 4264 3043 4335 puella:
3069 4263 3232 4317 filiam
3264 4275 3418 4316 suam
3447 4267 3609 4312 utero

327 4348 673 4421 concepisse.
709 4352 813 4420 Qui
863 4353 1072 4424 rogavit
1108 4368 1231 4407 eam
1275 4353 1503 4409 dicens:
1534 4353 1819 4410 Undenam
1881 4354 2126 4411 hoc‘tibi
2177 4356 2378 4412 factum
2406 4358 2527 4411 est?
2555 4358 2741 4411 Puella
2786 4367 2969 4412 autem
3023 4353 3330 4424 respondit,
3363 4351 3553 4406 drcens
3584 4372 3598 4407 :

326 4450 524 4511 Iunior
550 4449 643 4503 ille
666 4446 904 4503 cmuobii
932 4447 1210 4501 formosus
1230 4448 1557 4511 monachus,
1580 4447 1674 4517 qui
1702 4447 1907 4501 dicitur
1926 4448 2192 4515 Marinus,
2220 4466 2437 4505 mecum
2459 4450 2706 4515 dormiit,
2732 4459 2789 4504 et
2818 4464 2904 4503 me
2931 4458 3304 4519 praegnantem
3341 4440 3607 4497 reddidit.

397 4539 474 4599 A'.
524 4540 775 4609 Ἔπὰρας
807 4536 901 4591 οῦν
920 4538 1091 4606 αὐτὴν
1112 4539 1140 4592 6
1168 4537 1493 4607 πανδοκεὺς,
1539 4538 1909 4610 παραγίνεται

332 4637 389 4688 ιν
418 4634 498 4705 τῷ
527 4630 883 4704 μοναστηρίῳ
931 4629 1153 4700 κράζων
1196 4630 1293 4682 καὶ
1325 4630 1503 4695 λέγων
1528 4644 1542 4658 ⁸
1572 4630 1682 4683 Ποῦ
1706 4632 1854 4683 ἐστιν
1885 4632 1914 4683 6

336 4728 538 4781 πλάνος
571 4727 805 4787 ἐκεῖνος,
832 4722 894 4775 6v
915 4723 1139 4790 λέγουσι
1171 4723 1544 4793 Χριστιανόνς
1578 4724 1675 4786 Ὠς
1703 4722 1759 4775 δὲ
1790 4739 1920 4775 συν-

2096 4540 2187 4597 IV.
2220 4540 2358 4597 Cum
2393 4541 2507 4611 haec
2537 4551 2724 4594 autem
2746 4539 3015 4592 audiisset
3041 4535 3335 4607 praefectus
3357 4532 3608 4587 diverso-

2020 4633 2112 4697 rii,
2143 4647 2307 4687 cursu
2333 4642 2389 4687 et
2415 4648 2540 4686 cum
2581 4646 2775 4701 magna
2810 4631 2891 4684 ira
2922 4629 3074 4682 venit
3099 4628 3152 4681 in
3181 4624 3613 4689 monasterium,

2023 4739 2150 4780 eum
2184 4740 2474 4789 accusans,
2504 4733 2561 4779 et
2594 4723 2785 4778 dicens
2816 4738 2831 4775 :
2861 4721 2967 4777 Ubi
3022 4727 3108 4774 est
3151 4719 3241 4772 ille
3265 4717 3478 4786 planus,
3516 4716 3609 4770 ille

334 4821 575 4890 ἠντησεν
611 4814 766 4884 αὐτῷ
816 4814 846 4867 6
881 4813 1306 4884 ἁποκρισιὰριος
1345 4812 1449 4881 ἔφη
1481 4813 1666 4882 αὐτῷ’
1694 4813 1759 4865 Τί
1784 4814 1906 4884 κράι

2023 4815 2195 4872 falsus
2243 4816 2613 4879 christianus,
2651 4827 2816 4882 quem
2857 4810 3044 4865 dicitis
3083 4823 3206 4865 esse
3234 4807 3617 4862 monachum?

334 4911 466 4975 ζεις,
494 4909 682 4977 ἑταῖρε
703 4922 726 4971 ;
764 4907 825 4958 '0
856 4903 914 4957 δὲ
932 4899 1087 4957 εἶπεν
1108 4920 1123 4936 ·
1150 4905 1274 4957 ὐτι
1310 4906 1456 4973 κακῇ
1483 4904 1604 4974 ὥρα
1625 4904 1918 4974 συνέτυχον

335 5005 483 5072 ὑμῖν.
516 5001 618 5054 καὶ
646 5001 720 5070 μὴ
751 4997 962 5066 γένοιτό
995 5015 1087 5066 μοι
1124 4996 1203 5049 ἔτι
1237 4996 1369 5050 ἰδεῖν
1402 4996 1672 5066 μοναχοὺς
1698 4996 1793 5049 καὶ
1816 4998 1917 5048 ὅσα

2025 4907 2090 4962 Ei
2120 4921 2254 4961 vero
2278 4905 2456 4961 factus
2480 4914 2567 4960 est
2587 4902 2806 4958 obviam
2832 4899 3228 4970 apocrisiarius
3254 4895 3612 4960 monasterii,

2023 5006 2081 5055 et
2101 4998 2236 5053 dicit
2274 4997 2324 5053 ei
2352 5015 2368 5055 :
2401 4997 2544 5050 Bene
2567 4993 2784 5060 venisti,
2815 4992 3001 5047 frater.
3032 4990 3146 5046 Cur
3169 5006 3230 5045 es
3251 4989 3390 5043 adeo
3414 4987 3611 5052 tristis,

332 5094 580 5149 τοιαῦτα.
609 5090 848 5161 Ὁμοίως
872 5089 930 5143 δὲ
962 5089 1056 5142 καὶ
1104 5088 1181 5158 τῷ
1212 5089 1504 5158 ἡγουμένῳ
1535 5087 1690 5156 ἔλεγε
1716 5086 1906 5151 ταῦτα,

2023 5099 2082 5145 et
2113 5106 2214 5145 cur
2247 5098 2354 5143 tam
2387 5098 2594 5143 temere
2626 5084 2911 5155 loqueris?
2947 5083 3112 5137 Cessa
3150 5094 3465 5151 parumper,
3513 5093 3615 5132 ro-

330 5190 413 5243 ὃτι
442 5188 517 5241 Τὸ
553 5183 849 5254 θυγάτριόν
887 5198 1013 5252 μου,
1052 5181 1250 5251 πάτερ,
1276 5180 1306 5234 6
1346 5180 1641 5249 μονογενὲς
1665 5175 1833 5251 εἶχον,
1857 5183 1918 5234 ὲν

331 5276 377 5349 ᾧ
398 5278 776 5351 προσεδόκων,
804 5276 890 5329 ὅτι
920 5274 981 5327 τὸ
1011 5273 1193 5344 γῆράς
1223 5289 1328 5341 μου
1374 5273 1487 5343 ἔχει
1514 5272 1922 5343 ἀναπαυθῆναι,

332 5374 430 5429 καὶ
476 5371 589 5427 ἰδοῦ
618 5370 669 5425 τί
719 5369 947 5439 ἐποίησε
995 5385 1087 5439 μοι
1138 5369 1409 5439 Μαρῖνος,
1461 5367 1521 5421 ὃν
1569 5367 1758 5437 λέγετε
1785 5369 1923 5438 Χρι-

336 5463 574 5519 στιανὸν.
637 5461 805 5531 Λέγει
835 5460 990 5532 αὒτῷ
1020 5462 1050 5515 6
1078 5459 1404 5530 ἡγούμενος*
1456 5458 1704 5528 Ἀδελφὲ,
1743 5458 1799 5512 τί
1835 5476 1919 5513 σοι

336 5555 571 5626 ποιήσω,
607 5554 684 5626 μὴ
716 5552 874 5616 ὄντος
903 5550 1073 5606 αὑτοῦ
1103 5543 1247 5617 ὧδε;
1278 5552 1335 5603 ἐν
1358 5548 1416 5603 δὲ
1445 5547 1524 5617 τῷ
1546 5547 1915 5618 ὑποστρέφειν

332 5649 502 5701 αὑτὸν
554 5650 653 5719 τῆς
710 5645 1017 5713 διακονίας,
1070 5645 1229 5700 οὐδέν
1273 5661 1363 5712 μοι
1421 5643 1550 5697 ἄλλο
1587 5640 1736 5695 ἔστιν
1756 5644 1804 5695 εἰ
1839 5642 1914 5712 μὴ

334 5740 525 5806 διῶξαι
547 5741 709 5796 αὑτὸν
737 5742 803 5796 ἑκ
829 5738 929 5794 τοῦ
968 5737 1353 5809 μοναστηρίου.
1384 5735 1693 5798 ἰιθάσαντος
1729 5732 1785 5786 δὲ
1821 5734 1912 5788 τοῦ

1202 5898 1229 5909 σε.

2023 5198 2093 5252 go
2131 5191 2206 5238 te.
2237 5180 2599 5251 Respondens
2622 5187 2805 5233 autem
2831 5176 3125 5247 praefectus
3155 5172 3471 5236 diversorii,
3510 5172 3604 5227 di—

2022 5278 2098 5332 cit
2126 5276 2180 5332 ei
2230 5294 2244 5330 :
2288 5276 2487 5331 Pereat
2514 5274 2673 5334 hora,
2708 5285 2817 5340 qua
2852 5283 3096 5338 unquam
3128 5267 3363 5338 cognovi
3410 5278 3605 5318 mona-

2020 5369 2208 5425 chum.
2245 5367 2346 5423 Hei
2377 5365 2535 5430 mihi,
2585 5363 2719 5434 quid
2765 5362 2903 5417 mibi
2946 5359 3184 5415 accidit?
3222 5357 3364 5424 Quid
3408 5355 3608 5411 faciam

2022 5470 2231 5525 autem,
2251 5458 2462 5515 nescio.
2487 5456 2626 5513 Cum
2648 5470 2780 5510 vero
2804 5455 2924 5509 luce
2947 5451 3267 5508 rescivisset
3287 5447 3604 5519 praefectus,

2022 5565 2150 5605 eum
2176 5547 2454 5612 accersiit,
2483 5556 2540 5602 et
2569 5542 2701 5601 dicit
2728 5562 2742 5600 :
2778 5543 2920 5611 Quid
2947 5541 3044 5597 tibi
3091 5540 3203 5603 vis,
3226 5537 3433 5593 frater?
3458 5535 3606 5603 Quid

2024 5655 2086 5695 es
2116 5638 2335 5695 tristis?
2367 5635 2635 5693 Praefecto
2656 5643 2840 5690 autem
2879 5630 3200 5688 monasterii
3227 5627 3367 5683 dixit
3399 5627 3467 5689 is,
3500 5625 3603 5694 qui

2023 5740 2260 5803 praeerat
2303 5727 2659 5786 diversorio:
2705 5726 2845 5793 Quid
2897 5724 3035 5781 mihi
3073 5724 3228 5778 volo?
3269 5719 3342 5774 De
3394 5724 3604 5772 caetero
