3994 6490
416 349 525 413 351
1730 371 2012 431 MENSIS
2047 375 2350 436 IULIUS.
3566 380 3681 437 352

420 470 634 525 nullum
662 474 900 542 amplius
924 475 1136 533 videam
1168 489 1264 535 aut
1291 484 1611 539 conveniam
1639 491 1985 546 monachum.

2100 493 2241 546 εἰιῆόᾶ
2264 493 2517 564 Μαρίνου
2546 495 2643 549 σὺν
2668 498 2781 559 τοῖς
2812 494 2994 558 ἄλλοις
3012 494 3197 564 τρισὶν
3222 494 3495 562 ἀδελφοῖς,
3522 493 3686 560 λέγει

422 562 714 634 Postquam
747 577 931 622 autem
962 586 991 623 a
1033 572 1291 640 praefecto
1322 592 1511 632 rursus
1544 579 1647 634 fuit
1675 593 1896 652 rogatus
1921 587 1987 652 is,

417 658 512 725 qui
546 661 1136 727 praeeratdiversorio:
1165 668 1399 738 Propter
1428 688 1592 741 quam
1623 690 1844 733 causam
1875 680 1991 735 haec

417 746 591 801 dicis?
622 752 902 819 respondit
932 762 988 809 et
1018 755 1188 812 dixit:
1223 760 1413 815 Filiam
1440 764 1707 821 habebam
1746 771 1987 838 unicam,

2099 589 2236 656 πρὸς
2268 587 2430 640 αὐτὸν
2452 590 2479 640 ὁ
2512 587 2819 657 ἡγούμενος
2840 605 2856 619 °
2879 589 3029 657 Λῦτη
3065 588 3214 641 ἔστιν
3244 589 3276 658 ἡ
3302 586 3551 640 πολιτεία
3576 602 3685 638 σου

2098 680 2192 732 καὶ¹
2226 682 2258 749 ἡ
2302 680 2559 750 ἄσκησις,
2588 682 2670 735 ὅτι
2694 681 3104 743 καταλύσαντός
3139 698 3232 735 σου
3268 683 3325 732 ὲν
3363 678 3442 749 τῷ
3476 678 3688 731 πανδο-

2097 770 2250 840 χείῳ,
2281 772 2595 842 διέφθειρας
2626 773 2723 845 τὴν
2757 772 3034 845 θυγατέρα
3079 772 3173 827 τοῦ
3211 772 3513 842 πάνδοχοςς
3576 767 3687 823 καὶ

421 840 474 892 in
510 855 671 908 quam
696 859 847 913 spem
880 862 1056 903 meam
1088 852 1449 920 collocabam,
1479 861 1624 927 quod
1645 877 1708 916 ea
1730 875 1878 919 esset
1905 882 1993 921 re—

2100 861 2266 916 ὲλθὼν
2311 840 2517 928 ἐκεῖνος
2557 840 2690 918 ὦδε,
2719 840 2975 936 θέατρον-
3007 868 3156 937 ἡμᾶς
3207 866 3322 928 τοῖς
3380 840 3687 931 ᾇιοσμικοῖς

415 932 574 997 quies
602 948 736 988 mete
768 941 1092 993 senectutis.
1136 944 1274 998 Ecce
1304 962 1435 1003 vero
1472 951 1605 1019 quid
1648 953 1777 1008 fecit
1827 956 1990 1011 Mari-

2100 956 2384 1024 ὲποίησεν;
2434 959 2622 1011 Ταῦτα
2673 958 2732 1012 δὲ
2791 932 3106 1021 ἀπούσαςνό
3166 960 3412 1027 Μαρῖνος
3479 954 3679 1025 ῥίπτει

414 1023 564 1075 nus?
605 1038 727 1078 eam
765 1039 1136 1096 praegnantem
1172 1035 1434 1101 reddidit,
1469 1056 1631 1109 quem
1655 1044 1838 1100 dicitis
1869 1062 1992 1103 esse

2100 1023 2282 1103 ἑαυτδν
2317 1051 2409 1103 ἐπὶ
2446 1051 2741 1120 πρόσωπον
2768 1051 2946 1119 λέγων
2968 1066 2983 1082 ·
3024 1023 3391 1120 Συγχώριισόν
3419 1023 3530 1118 μοι,
3563 1048 3689 1101 πά-

412 1113 788 1175 Christianum
809 1132 865 1176 et
894 1124 1063 1190 pium.
1089 1128 1214 1183 llaec
1236 1145 1360 1184 cum
1388 1135 1653 1190 audiisset
1674 1139 1986 1207 praefectus,

413 1211 753 1279 stupefactus
781 1216 917 1273 dicit
945 1221 994 1274 ei
1030 1237 1043 1274 :
1078 1222 1215 1289 Quid
1245 1242 1466 1295 possum
1504 1230 1597 1285 tibi
1620 1233 1824 1297 facere,
1860 1251 1987 1292 eum

411 1301 530 1368 ipse
560 1319 670 1359 non
694 1308 766 1361 sit
792 1309 920 1366 hic?
948 1314 1054 1368 Sed
1084 1320 1305 1386 quando
1329 1323 1539 1378 venerit
1558 1339 1623 1377 ex
1653 1326 1984 1393 ministerio,

2089 1140 2323 1203 τερ,διὰ
2352 1143 2443 1195 τὸν
2497 1143 2724 1215 Κύριον,
2771 1143 2853 1195 ὅτι
2880 1143 2954 1205 ὡς
3003 1144 3290 1212 ἄνθρωπος
3330 1142 3683 1211 ἐπλανήθην.

2101 1233 2163 1288 '0
2183 1234 2238 1287 δὲ
2288 1235 2594 1306 ἡγούμενος
2638 1238 2919 1308 ὀργισθεὶς
2957 1235 3217 1304 ἐξέϐαλεν
3251 1234 3414 1288 αὐτὸν
3446 1233 3552 1301 ἔξω
3577 1229 3686 1286 τοῦ

2095 1331 2467 1403 μοναστηρίου
2499 1334 2555 1384 ὲν
2579 1332 2815 1400 ὀλίγαις.

411 1397 549 1452 nihil
582 1410 669 1455 est
694 1404 844 1458 aliud
874 1409 1022 1476 quod
1053 1426 1230 1481 agam,
1268 1416 1373 1470 nisi
1413 1427 1474 1471 ut
1502 1421 1769 1488 expellam
1798 1439 1827 1477 e
1859 1414 2215 1482 monasterio.
2243 1425 2381 1481 Cum
2415 1435 2599 1482 autem
2632 1429 2873 1482 venisset
2927 1412 3174 1481 Mai-inus
3203 1438 3326 1479 cum
3350 1422 3474 1478 aliis
3496 1420 3687 1477 tribus

408 1492 696 1552 fratribus.
729 1501 961 1556 accersit
981 1519 1107 1558 eum
1145 1508 1452 1576 praefectus,
1485 1522 1539 1566 et
1563 1514 1697 1569 dicit
1721 1517 1771 1570 ei
1800 1532 1814 1571 :
1847 1517 2019 1582 Abba,
2052 1517 2167 1574 h:ec
2204 1537 2273 1576 ne
2305 1530 2391 1575 est
2419 1527 2510 1574 tua
2542 1520 2762 1576 vivendi
2794 1520 2935 1575 ratio
2964 1529 3019 1574 et
3044 1518 3410 1574 exercnatio?
3436 1517 3678 1585 Quando

409 1583 721 1643 diversatus
759 1588 913 1646 fuisti
963 1595 1018 1648 in
1051 1597 1385 1668 diversorio,
1428 1606 1663 1661 attulisti
1699 1608 1890 1663 vitium
1939 1611 2061 1667 filiae
2089 1613 2337 1684 praefecti
2387 1614 2705 1669 diversorii.
2734 1613 2852 1670 Huc
2882 1627 3065 1670 autem
3098 1609 3328 1668 veniens
3367 1611 3488 1684 ejus
3513 1621 3686 1682 pater

412 1685 671 1746 tanquam
702 1696 804 1751 per
846 1684 1122 1745 theatrum
1161 1695 1405 1751 traduxit
1432 1714 1532 1753 nos
1577 1702 1897 1757 monachos.
1940 1703 2204 1770 Marinus,
2237 1722 2371 1761 vero
2408 1697 2496 1761 his
2529 1706 2753 1771 auditis,
2785 1723 2843 1763 se
2886 1708 3042 1763 humi
3082 1709 3313 1779 projecit
3352 1708 3407 1762 in
3451 1706 3685 1770 faciem,

410 1772 602 1831 dicens
655 1783 953 1847 praefecto:
990 1784 1251 1842 Condona
1313 1791 1446 1846 mihi
1499 1791 1692 1849 humili
1735 1803 1791 1849 et
1836 1799 2111 1867 peccatori
2157 1810 2384 1869 propter
2429 1800 2740 1868 Dominum,
2794 1816 2828 1856 ο
2884 1810 3062 1872 pater,
3102 1802 3363 1870 quoniam
3416 1809 3685 1869 tanquam

411 1868 578 1925 homo
613 1877 817 1931 erravi.
855 1878 1011 1933 Tunc
1039 1882 1331 1952 praefectus
1355 1886 1407 1941 ei
1435 1887 1629 1954 iratus,
1671 1891 1834 1961 ejecit
1856 1909 1983 1949 eum
2012 1908 2044 1949 e
2071 1897 2432 1952 monasterio.

483 1989 546 2044 V.
589 1991 854 2062 Egressus
886 2006 1067 2054 autem
1098 2001 1295 2060 beatus
1322 2019 1477 2063 extra
1505 2013 1839 2070 vestibulum
1871 2032 1988 2071 mo-

2165 2017 2204 2069 E
2225 2055 2241 2073 .
2293 2015 2354 2070 Ὀ
2387 2014 2444 2069 δὲ
2470 2015 2706 2085 ἐξελθὼν
2728 2015 3026 2080 ἐκαθέζετο
3046 2013 3257 2085 αῐθριος
3297 2013 3588 2083 ὑπομένων
3615 2012 3688 2068 τδ

412 2086 660 2151 nasterii,
697 2092 898 2147 mansit
926 2099 1029 2148 sub
1051 2095 1163 2157 dio.
1192 2102 1476 2158 sustinens
1501 2105 1675 2175 frigus
1704 2116 1760 2163 et
1791 2120 1986 2168 testum

412 2191 588 2232 annos
608 2191 738 2234 tres.
755 2182 857 2249 Qui
870 2200 1000 2256 ergo
1017 2188 1469 2259 ingrediebantur
1488 2203 1544 2251 et
1558 2201 1990 2269 egrediebantur

413 2284 478 2323 ex
512 2276 869 2336 monasterio.
908 2288 1173 2349 rogabant
1198 2285 1399 2354 ipsum,
1434 2288 1685 2347 dicentes
1726 2310 1742 2349 :
1772 2294 1885 2351 Cur
1910 2296 1991 2353 sic

412 2365 593 2429 sedes,
624 2367 785 2433 abba,
822 2371 1057 2429 afﬂictus
1082 2375 1136 2431 in
1165 2380 1476 2437 vestibulo?
1498 2384 1594 2439 Ille
1625 2397 1808 2443 autem
1849 2389 1991 2446 dixit

413 2457 495 2512 eis
530 2476 545 2515 :
576 2459 845 2526 Quoniam
900 2482 1019 2522 sum
1067 2469 1392 2535 fornicatus.
1444 2486 1739 2546 propterea
1780 2482 1990 2551 eiectus

412 2567 534 2607 sum
570 2571 636 2610 ex
691 2561 1047 2616 monasterio.
1089 2563 1227 2619 Cum
1275 2583 1407 2622 vero
1450 2570 1692 2627 venisset
1738 2574 1990 2643 pariendi

415 2654 635 2712 tempus
665 2647 789 2704 filia:
819 2652 1063 2719 praefecti
1100 2654 1417 2726 diversorii,
1452 2663 1670 2732 peperit
1703 2667 1887 2736 puella
1926 2668 1993 2723 fl-

415 2738 545 2793 lium
576 2742 904 2802 masculum.
945 2745 1186 2805 Puerum
1215 2762 1398 2808 autem
1434 2756 1633 2814 tollens
1661 2768 1817 2828 pater
1846 2762 1989 2833 ejus,

416 2832 567 2885 venit
590 2834 656 2887 ad
687 2842 1122 2907 monasterium;
1146 2853 1201 2898 et
1228 2860 1351 2900 cum
1387 2847 1694 2906 invenisset
1718 2832 1991 2911 Marinum

414 2923 699 2980 sedentem
747 2940 899 2986 extra
936 2937 1357 3002 monasterium,
1389 2941 1622 3011 proiecit
1651 2943 1701 2997 ei
1735 2960 1990 3015 puerum,

415 3026 470 3069 ct
494 3020 677 3073 statim
719 3026 969 3081 recessit.
996 3026 1238 3085 Marinus
1271 3048 1404 3087 vero
1425 3049 1649 3090 sumens
1675 3053 1907 3107 puerum
1938 3040 1992 3095 in

416 3123 633 3175 manus,
666 3112 885 3172 dicebat
911 3119 1217 3177 lamentans
1246 3141 1260 3179 :
1304 3124 1400 3181 Hei
1434 3129 1567 3183 mihi
1594 3129 1797 3185 misero
1819 3144 1875 3188 et
1898 3134 1997 3189 ab-

416 3202 560 3271 iecto
592 3223 607 3261 :
648 3221 750 3272 ego
790 3218 942 3263 certe
990 3211 1219 3267 humilis
1257 3224 1311 3270 et
1359 3233 1620 3286 nequam,
1650 3222 1863 3292 accipio
1895 3240 1995 3293 pro

2089 2106 2261 2179 ψῦχος
2286 2108 2556 2175 γενναίως
2591 2107 2688 2161 καὶ
2712 2107 2804 2161 τὸν
2827 2106 3091 2162 καύσονα.
3124 2108 3189 2161 Ol.
3232 2100 3329 2159 οὖν
3357 2106 3690 2177 εἰσερχόμεθ-

2090 2217 2171 2253 νοι
2202 2199 2301 2253 καὶ
2336 2201 2690 2270 ἐξερχόμενοι
2714 2201 3021 2270 ἐπηρώτων
3052 2201 3219 2255 αὐτὸν
3248 2201 3505 2271 λέγοντες
3527 2216 3541 2234 ο
3574 2200 3687 2254 Διὰ

2089 2293 2144 2346 τί
2181 2287 2285 2347 ὧδε
2316 2293 2651 2359 καθέζεσαις
2707 2294 2821 2347 Kal.
2855 2293 3045 2362 ἔλεγεν
3076 2295 3263 2359 αὐτοῖς
3283 2310 3297 2326 ⁸
3349 2294 3477 2348 Ὀτι
3508 2293 3687 2364 ἐπόρσ-

2092 2402 2284 2450 νευσα,
2318 2386 2414 2441 καὶ
2437 2387 2526 2441 διὰ
2552 2387 2710 2440 τοῦτο
2734 2386 3034 2457 ἐξεϐλήθην
3059 2389 3125 2442 ἐκ
3146 2386 3242 2440 τοῦ
3278 2377 3679 2458 μοναστηρίουῖ

2091 2475 2405 2538 Φθάσαντος
2429 2476 2485 2530 δὲ
2508 2476 2605 2532 τοῦ
2636 2478 2800 2532 τόκου
2823 2477 2926 2547 τῆς
2955 2479 3225 2549 θυγατρὸς
3252 2476 3348 2530 τοῦ
3386 2476 3684 2547 πάνδοχος,

2094 2569 2390 2640 ἐγέννησεν
2418 2571 2453 2643 ή
2488 2570 2737 2641 θυγάτηρ
2765 2571 2932 2625 αὐτοῦ
2958 2572 3124 2624 παῖδα
3153 2572 3386 2642 ἄρρενα,
3421 2570 3520 2624 καὶ
3542 2570 3691 2623 ἐπά-

2095 2678 2196 2732 ρας
2232 2660 2365 2715 αὐτδ
2400 2662 2430 2714 ὁ
2465 2660 2688 2727 πάνδοξ,
2714 2658 3082 2731 παραγίνεται
3109 2661 3166 2713 ὲν
3188 2659 3269 2729 τῷ
3302 2658 3684 2730 μοναστηρίῳ.

2095 2753 2287 2825 Εὑρὼν
2319 2753 2375 2806 δὲ
2412 2752 2502 2806 τὸν
2538 2754 2785 2823 Μαρϊνον
2842 2751 3044 2816 ἔξωθεν
3107 2750 3203 2805 τοῦ
3265 2749 3515 2813 πυλῶνος
3548 2749 3693 2803 καθ-

2094 2846 2325 2916 ήμενον,
2351 2843 2664 2915 προσρίψας
2697 2843 2848 2913 αὐτῷ
2876 2844 2938 2898 τὸ
2974 2842 3191 2897 παιδίον
3218 2843 3368 2910 λέγει
3392 2857 3408 2873 '
3462 2842 3597 2896 Ἰδοὺ
3622 2841 3690 2896 τδ

2096 2937 2285 2999 κακῶς
2314 2935 2582 3004 ἔσπειρας
2610 2933 2803 2987 τέκνον
2834 2949 2953 2997 σου,
2990 2930 3124 2985 λαϐὲ
3148 2930 3305 2985 αὐτό.
3341 2929 3454 2984 Καὶ
3477 2928 3689 2992 εὐθέως

2096 3028 2474 3100 ἀνεχώρησεν.
2528 3028 2729 3083 Λαϐὼν
2789 3025 2885 3080 οὖν
2936 3027 2964 3078 6
3015 3026 3261 3095 Μαρϊνος
3321 3023 3382 3077 τὸ
3444 3022 3685 3085 παιδίον,

2098 3122 2344 3175 ὲθλίϐετο
2395 3122 2521 3191 περὶ
2553 3118 2724 3173 αὐτοῦ
2747 3118 2925 3188 λέγων
2948 3134 2962 3150 °
2990 3116 3099 3170 Ναὶ
3130 3116 3243 3185 ἐγὼ
3273 3116 3372 3177 τὰς
3403 3116 3691 3184 ἁμαρτίας

2103 3232 2206 3285 μου
2241 3213 2624 3281 ἅπολαμὸάνω
2645 3229 2660 3245 ⁸
2703 3213 2794 3266 διὰ
2845 3211 2900 3264 τί
2953 3210 3012 3265 δὲ
3040 3216 3137 3264 καὶ
3168 3210 3230 3263 τὸ
3260 3209 3448 3265 ἄθλιον
3480 3208 3691 3280 βρέφος

3314 3306 3320 3312 ι
3339 3297 3366 3317 τ’

418 3298 633 3353 meritis
660 3315 908 3355 meorum
955 3315 1333 3373 peccatorum.
1368 3310 1480 3366 Cur
1516 3321 1699 3369 autem
1736 3316 1825 3371 hic
1859 3334 1993 3387 quo-

2100 3305 2261 3359 τοῦτο
2312 3305 2410 3359 σὺν
2436 3304 2564 3375 ἐμοὶ
2619 3302 2994 3372 ἀποθνήσκει;
3033 3301 3281 3372 Ἤρξατο
3308 3298 3403 3354 οὖν
3433 3300 3688 3371 γυρόειν.

419 3405 527 3458 que
566 3390 754 3447 infelix
781 3410 919 3463 puer
942 3412 1154 3452 mecum
1191 3404 1466 3457 moritur?
1491 3403 1672 3475 C(Bpil.
1695 3423 1827 3463 vero
1848 3410 1997 3466 acci-

420 3495 551 3549 pere
582 3483 665 3537 lac
693 3500 724 3539 a
761 3487 1097 3554 pastoribus,
1129 3499 1184 3545 et
1218 3492 1299 3547 sic
1326 3495 1505 3550 alebat
1543 3512 1776 3566 puerum
1812 3510 1872 3555 ut
1899 3517 1998 3571 pa-

419 3583 526 3628 ter.
550 3574 667 3630 Non
705 3578 838 3632 satis
859 3587 1041 3635 autem
1075 3592 1193 3637 erat
1228 3584 1439 3641 Marino
1463 3587 1686 3643 afﬂictio
1709 3599 1765 3645 et
1793 3591 1995 3659 pudor,

420 3679 529 3732 quo
561 3665 902 3723 afﬁciebatur
924 3674 1212 3741 quotidie:
1245 3677 1341 3732 sed
1366 3694 1504 3748 puer
1528 3694 1749 3750 quoque
1774 3681 1913 3737 ﬂens
1940 3691 1998 3738 et

419 3772 747 3824 excernens,
804 3768 1214 3823 contaminabat
1252 3778 1308 3824 et
1354 3769 1675 3826 sordidabat
1714 3774 1834 3842 ejus
1877 3791 2001 3831 ves-

422 3855 525 3903 tes.
556 3850 686 3905 Post
708 3854 945 3922 spatium
964 3866 1147 3913 autem
1170 3861 1336 3915 trium
1357 3878 1649 3931 annorum,
1668 3866 1998 3923 seditionem

423 3956 490 4010 ag
518 3951 701 3999 tarunt
737 3962 934 4004 omnes
974 3949 1189 4015 fratres,
1216 3954 1466 4012 dicentes
1517 3960 2004 4029 przefectozpater

425 4036 758 4100 venerande,
793 4040 997 4096 sufficit
1024 4042 1181 4099 fratri
1211 4046 1417 4103 Marino
1437 4065 1619 4120 pmna,
1640 4068 1802 4122 quam
1833 4055 2003 4110 susti-

424 4124 570 4178 nuit.
628 4126 703 4180 De
750 4139 950 4185 caetero
1002 4149 1279 4204 rogamus,
1313 4141 1502 4210 accipe
1537 4158 1664 4197 eum
1695 4160 1889 4199 rursus
1942 4146 1997 4202 in

426 4222 824 4277 monasterium
856 4242 870 4282 :
902 4229 1138 4284 maxime
1160 4247 1314 4294 vero.
1340 4235 1489 4304 quod
1526 4251 1710 4291 coram
1733 4237 1995 4296 omnibus

426 4312 712 4372 confessus
727 4319 1042 4389 estlapsum
1060 4340 1243 4381 suum.
1269 4328 1407 4383 Cum
1435 4340 1619 4386 autem
1653 4333 2000 4390 contradice-

427 4414 517 4459 ret
549 4407 864 4476 praefectus,
888 4421 943 4467 et
976 4430 1085 4470 non
1120 4421 1554 4487 persuaderetur
1574 4439 1698 4480 eum
1725 4426 2000 4496 accipere,

427 4511 716 4566 cmperunt
746 4504 1002 4561 monachi
1041 4509 1092 4563 ei
1133 4527 1327 4566 rursus
1356 4513 1540 4570 dicere
1571 4534 1585 4571 :
1619 4516 1734 4573 Nisi
1777 4517 2001 4572 fratrem

2104 3399 2201 3452 καὶ
2228 3395 2534 3465 λαμϐάνειν
2566 3394 2712 3462 γάλα
2735 3395 2844 3449 ἀπὸ
2869 3393 2978 3448 τῶν
3002 3392 3305 3463 ποιμένων,
3337 3390 3432 3445 καὶ
3458 3392 3693 3461 τρέφειν

2104 3490 2166 3545 τὸ
2197 3489 2409 3543 παιδίον
2438 3487 2514 3553 ὡς
2546 3490 2733 3559 πατήρ
2757 3505 2771 3520 ο
2808 3487 2910 3541 οὐκ
2964 3486 3126 3557 ἢρκει
3175 3485 3232 3538 δὲ
3282 3482 3434 3552 αὺτῷ
3472 3485 3501 3537 6
3530 3499 3697 3554 περι-

2107 3581 2359 3651 σπασμὸς
2392 3580 2451 3635 ὃν
2498 3576 2666 3652 εῖχεν,
2696 3578 2830 3634 ἀλλὰ
2879 3578 2973 3632 κα)⁵
3006 3576 3070 3631 τδ
3122 3576 3338 3631 παιδίον
3371 3577 3561 3629 κλαῖον
3592 3576 3696 3629 καὶ

2105 3674 2436 3743 ὀδυρόμενον
2458 3672 2682 3742 ὴχρείου
2713 3670 2782 3724 τὰ
2834 3670 3023 3740 ἱμάτια
3050 3668 3241 3723 αὑτοῦ.
3270 3668 3429 3724 Μετὰ
3456 3668 3516 3722 δὲ
3553 3668 3693 3747 τρία

2110 3767 2206 3837 ἔτη
2236 3766 2440 3828 ἰδόντες
2491 3764 2543 3817 οί
2576 3763 2799 3833 ἀδελφοὶ
2827 3764 2924 3835 τὴν
2964 3760 3242 3832 τοσαύτην
3282 3760 3447 3816 αὑτοῦ
3507 3761 3695 3830 θλίψιν

2102 3864 2198 3919 καὶ
2227 3861 2529 3933 ὑπομονὴν,
2563 3860 2957 3931 προσελθόντες
2979 3858 3203 3924 λέγουσι
3227 3856 3306 3929 τῷ
3354 3855 3689 3927 ἡγουμένῳ.-

2117 3958 2306 4026 Ἀρκεῖ
2345 3954 2495 4024 αὐτῷ
2526 3953 2559 4023 ἡ
2598 3952 2850 4021 ἐπιτιμία
2875 3993 2889 4016 ,
2928 3952 3012 4005 ὅτι
3051 3951 3146 4003 ἐπὶ
3177 3950 3397 4003 πάντων
3430 3946 3701 4017 ὁμολαγεῐ

2107 4050 2170 4103 τὸ
2205 4046 2403 4103 ἑαυτοῦ
2438 4046 2685 4115 σφάλμα.
2736 4045 2778 4098 Τ
2780 4043 2843 4098 οὗ
2871 4044 2928 4098 δὲ
2970 4044 3279 4114 ἡγουμένου
3308 4041 3448 4103 ὅλως
3480 4040 3557 4113 μὴ
3587 4057 3699 4094 πυ-

2109 4143 2342 4212 θομένου
2395 4139 2654 4203 δέξασθαι
2704 4138 2892 4201 αὐτὸν,
2923 4137 3178 4204 λέγουσιν
3210 4135 3262 4189 οί
3308 4134 3556 4203 ἀδελφοὶ,
3580 4135 3693 4200 ὅτι,

2123 4234 2252 4290 Ἐὰν
2289 4232 2364 4303 μὴ
2418 4231 2546 4303 δέξῃ
2585 4230 2772 4294 αὐτὸν,
2814 4230 2911 4283 καὶ
2952 4230 3116 4300 inter;
3163 4226 3567 4298 ἀναχωροῦμεν
3593 4226 3695 4281 τοῦ

2116 4344 2361 4399 μοναστη
2372 4324 2487 4396 ρίου
2510 4341 2523 4355 ο
2551 4320 2663 4394 ἆρα
2694 4325 2811 4386 πῶς
2839 4323 3038 4393 ἔχομεν
3078 4321 3410 4391 αἰτήσασθαι
3441 4320 3696 4423 συγγνω-

2117 4435 2228 4488 μην
2258 4420 2388 4488 περὶ
2438 4414 2547 4469 τῶν
2595 4415 2884 4484 ἁμαρτιῶν
2932 4413 3092 4484 ἡμῶν
3150 4414 3395 4485 σήμερον
3440 4413 3700 4483 τριετοῦς

2113 4515 2310 4586 χρόνου
2342 4514 2657 4583 καθημένου
2685 4511 2854 4565 αὐτοῦ
2881 4510 3135 4579 αίθρίους

428 4589 699 4646 Marinum
740 4611 935 4651 rursus
955 4603 1235 4670 acceperis
1284 4604 1342 4658 in
1375 4608 1800 4672 monasterium,
1830 4624 1864 4662 ο
1903 4607 2086 4671 Pater,
2120 4620 2222 4659 nos
2251 4617 2473 4673 quoque
2513 4600 2846 4706 recedimus.
2871 4597 3160 4706 Quomodo
3192 4613 3561 4706 possttmusna
3582 4598 3700 4653 Deo

431 4698 640 4758 petere,
667 4693 1022 4749 utcondonet
1049 4696 1211 4754 nobis
1228 4709 1416 4756 nostra
1447 4712 1693 4772 peccata,
1716 4720 1842 4760 cum
1862 4703 2034 4759 frater
2058 4711 2249 4756 noster
2279 4708 2393 4754 tres
2434 4711 2610 4752 annos
2637 4695 2740 4749 sub
2767 4694 2860 4749 dio
2892 4693 3083 4749 sedeat
3113 4694 3170 4748 in
3201 4693 3519 4749 vestibulo?

499 4808 589 4862 Vl.
636 4808 761 4866 Haec
802 4827 926 4867 cum
961 4814 1226 4872 audiisset
1279 4817 1572 4887 prtefectus
1622 4835 1653 4874 ιι
1697 4820 1986 4875 monachis

2189 4818 2280 4883 ς’.
2311 4812 2444 4867 Τότε
2472 4809 2693 4877 ἐδέξατο
2725 4808 2890 4863 αὐτὸν
2916 4808 2944 4861 6
2969 4806 3276 4877 ἡγούμενος
3305 4806 3483 4877 λέγων
3502 4823 3517 4839 ’
3560 4808 3701 4864 Ἰδοὺ

404 4900 721 4963 .diciteis:
773 4906 987 4962 Revera
1038 4919 1268 4979 prapter
1314 4922 1624 4981 peccatum,
1661 4914 1806 4981 quod
1859 4912 1986 4966 fecit

2111 4909 2199 4962 διὰ
2231 4906 2331 4977 τὴν
2358 4905 2583 4974 ἀγάπην
2631 4902 2745 4955 τῶν
2779 4898 3030 4967 ἀδελφῶν
3063 4899 3296 4969 δέχομαί
3347 4916 3429 4967 σε,
3462 4900 3701 4971 ἔσχατον

432 5009 542 5047 non
561 5003 647 5048 est
666 4995 867 5066 dignus
888 4999 996 5053 buc
1021 5000 1233 5070 ingredi
1264 5019 1279 5056 :
1304 5010 1533 5070 propter
1553 5012 1793 5057 vestram
1827 5013 1993 5058 tamet

2115 5006 2298 5074 μέντοι
2333 5003 2551 5055 πάντων
2582 4998 2732 5053 ὅντα.
2778 4998 2911 5051 Ὀδὲ
2940 4997 3099 5050 ἔϐαλε
3160 4998 3452 5104 μετᾶνςιαν
3475 4997 3656 5104 λέγων
3682 5016 3697 5030 σ

434 5085 763 5142 charitatetn
799 5099 854 5145 et
901 5107 1092 5159 preces
1123 5108 1250 5147 eum
1296 5093 1531 5162 accipio,
1564 5103 1621 5148 et
1661 5109 1786 5148 cum
1824 5109 1993 5149 accer-

2111 5095 2274 5161 Μέγα
2336 5093 2428 5163 μοί
2481 5094 2620 5156 ἐστι,
2672 5091 2869 5160 πάτερ,
2902 5090 2994 5144 ἵνα
3032 5090 3171 5152 ὅλως
3204 5089 3309 5141 ὑπὸ
3359 5089 3461 5159 τὴν
3491 5089 3699 5157 στέγην

436 5177 623 5232 aiisset
653 5179 918 5235 Marinum
960 5200 1145 5237 coram
1174 5185 1452 5249 omnibus,
1489 5186 1625 5240 dicit
1653 5188 1704 5241 ei
1743 5205 1757 5241 :
1792 5186 1988 5241 Frater

436 5283 546 5291 μη
601 5284 655 5291 Α,
699 5270 887 5291 ne-..”
942 5282 979 5291 _.
1129 5276 1140 5287 .
1293 5276 1304 5288 .
1457 5287 1466 5291 _
1597 5279 1611 5291 .
1935 5286 1945 5291 -

2114 5185 2272 5255 ὑμῶν
2296 5183 2544 5240 εἰσέλθω.
2583 5182 2785 5235 Ἐὗαλε
2832 5182 2891 5235 δὲ
2933 5182 3101 5235 αὐτὸν
3123 5183 3151 5234 6
3176 5182 3482 5252 ἡγούμενος
3520 5185 3603 5245 εἰς
3629 5183 3704 5237 τὰ

436 5283 549 5322 non
595 5284 657 5323 es
693 5270 894 5340 dignus
935 5282 1084 5330 stare
1126 5276 1182 5329 in
1224 5276 1403 5346 primo
1454 5287 1549 5331 tuo
1597 5279 1737 5343 loco,
1790 5286 1993 5349 prome!

2114 5278 2416 5349 ἀτιμότερα
2463 5276 2601 5348 ἔργα
2632 5274 2727 5329 τοῦ
2766 5275 3135 5345 μοναστηρίου
3159 5290 3174 5303 ·
3209 5277 3305 5329 καὶ
3335 5276 3515 5327 ἐποίει
3557 5276 3706 5330 αὐτὰ

438 5373 725 5429 peccatum
756 5365 901 5433 quod
934 5365 1110 5423 fecisti
1140 5386 1154 5426 :
1180 5378 1406 5440 pmptcr
1429 5370 1659 5425 fratrum
1681 5379 1864 5426 autem
1888 5372 1991 5426 cha

2120 5371 2260 5442 μετὰ
2291 5370 2530 5440 σπουδῆς
2558 5369 2616 5420 ἐν
2643 5367 2826 5439 πολλῷ
2862 5368 3012 5438 πόνῳ
3046 5368 3251 5437 διάγων
3274 5384 3288 5398 ·
3330 5363 3444 5438 εἶχε
3476 5367 3556 5471 ,δὲ
3608 5368 3708 5471 καλ

441 5456 662 5510 ritatcm
694 5468 750 5512 et
796 5473 1007 5528 preces,
1043 5462 1255 5529 accipio
1285 5471 1337 5516 te
1377 5467 1624 5518 omnium
1676 5474 1993 5534 postremun

2116 5464 2178 5518 τὸ
2205 5462 2420 5518 παιδίον
2448 5462 2676 5516 ὄπισθεν
2699 5460 2866 5515 αὐτοῦ
2905 5460 3176 5531 κράζοντα
3208 5461 3304 5514 καὶ
3336 5459 3611 5529 ζητοῦντα
3635 5460 3710 5514 τὰ

442 5542 503 5594 in
549 5546 813 5614 regulam.
846 5547 1088 5605 Marinus
1137 5567 1266 5606 vero
1317 5554 1487 5623 cmpit
1539 5553 1796 5623 prmfecto
1831 5553 1993 5609 dicen

604 5636 831 5657 ,μ--μ,
945 5640 985 5657 ..
1432 5645 1465 5657 ..
1494 5645 1506 5657 .

2119 5558 2260 5619 πρὸς
2286 5554 2385 5624 τὴν
2416 5552 2622 5625 ᾓρῶσιν
2662 5552 2754 5603 καὶ
2781 5551 2885 5603 ὅσα
2938 5549 3057 5603 ἐστὶ
3081 5553 3192 5613 τοῖς
3218 5551 3437 5619 νηπίοις
3471 5552 3709 5657 σιτίσιῗ.

440 5649 568 5688 cum
604 5636 906 5707 lacrymis:
944 5640 1057 5696 Hoc
1098 5659 1322 5713 quoque
1374 5645 1506 5699 mihi
1555 5661 1813 5717 magnum
1847 5657 1954 5710 est,
1984 5666 1993 5697 ε

2118 5647 2367 5717 Αὐξηθὲν
2397 5644 2489 5699 οὖν
2516 5644 2610 5697 καὶ
2648 5642 2964 5712 ἀνατραφὲν
2997 5642 3058 5695 ὲν
3090 5642 3261 5714 πολλῇ
3291 5643 3462 5713 ἀρετῇ
3490 5639 3709 5714 ἠξιώθη

443 5731 754 5782 venerande
787 5730 965 5793 Pater.
1005 5736 1148 5801 quod
1183 5752 1268 5791 me
1309 5737 1534 5808 dignum
1570 5740 1791 5807 feceris,
1816 5742 1989 5813 quiin

2114 5740 2211 5794 τοῦ
2247 5737 2544 5809 μοναχικοῦ
2568 5738 2871 5806 σχήματος.

446 5821 706 5883 grcdcrcr
738 5827 879 5885 intra
922 5834 1272 5907 vestibulum,
1306 5844 1363 5891 ut
1408 5835 1489 5892 sic
1528 5853 1747 5908 quoque
1814 5838 1993 5912 dignu:

2100 5837 2282 5905 abcar,
2325 5838 2417 5907 qui
2454 5834 2689 5891 serviam
2733 5832 2938 5899 suetis
2983 5834 3119 5892 lucis
3160 5833 3437 5891 Patribus.
3478 5831 3547 5887 Et
3577 5846 3713 5888 cum
