  <div class='ocr_page' id='page_1' title='image "/cluster/home/n/w/nwhite01/storage/ocr_20150623/115:no.2/coo.31924054870195/184.png"; bbox 0 0 3994 6420; ppageno 0'>
   <div class='ocr_carea' id='block_1_1' title="bbox 265 380 1848 445">
    <p class='ocr_par' dir='ltr' id='par_1_1' title="bbox 265 382 1848 445">
     <span class='ocr_line' id='line_1_1' title="bbox 265 382 1848 445; baseline 0.001 -1"><span class='ocrx_word' id='word_1_1' title='bbox 265 383 373 445; x_wconf 71' lang='grc'><strong>353</strong></span> <span class='ocrx_word' id='word_1_2' title='bbox 659 410 668 420; x_wconf 74' lang='grc' dir='ltr'><strong>ο</strong></span> <span class='ocrx_word' id='word_1_3' title='bbox 1356 384 1531 445; x_wconf 68' lang='grc' dir='ltr'><strong>ΠΤΑ</strong></span> <span class='ocrx_word' id='word_1_4' title='bbox 1577 383 1636 443; x_wconf 84' lang='lat' dir='ltr'><strong>S.</strong></span> <span class='ocrx_word' id='word_1_5' title='bbox 1668 382 1848 445; x_wconf 80' lang='lat' dir='ltr'><strong>EUGI</strong></span> 
     </span>
    </p>
   </div>
   <div class='ocr_carea' id='block_1_2' title="bbox 1946 380 3510 445">
    <p class='ocr_par' dir='ltr' id='par_1_2' title="bbox 1946 380 3510 445">
     <span class='ocr_line' id='line_1_2' title="bbox 1946 380 3510 445; baseline -0.001 -3"><span class='ocrx_word' id='word_1_6' title='bbox 1946 382 1997 442; x_wconf 85' lang='lat' dir='ltr'><strong>ll</strong></span> <span class='ocrx_word' id='word_1_7' title='bbox 2028 381 2123 442; x_wconf 81' lang='lat' dir='ltr'><strong>ET</strong></span> <span class='ocrx_word' id='word_1_8' title='bbox 2154 380 2447 445; x_wconf 70' lang='grc' dir='ltr'><strong>ΜΑΒΙΑΞ.</strong></span> <span class='ocrx_word' id='word_1_9' title='bbox 3404 380 3510 441; x_wconf 67' lang='grc' dir='ltr'><strong>θδι</strong></span> 
     </span>
    </p>
   </div>
   <div class='ocr_carea' id='block_1_3' title="bbox 263 495 3517 570">
    <p class='ocr_par' dir='ltr' id='par_1_3' title="bbox 263 495 3517 570">
     <span class='ocr_line' id='line_1_3' title="bbox 263 495 3517 570; baseline -0.001 -17"><span class='ocrx_word' id='word_1_10' title='bbox 263 514 387 553; x_wconf 77' lang='lat' dir='ltr'><strong>eum</strong></span> <span class='ocrx_word' id='word_1_11' title='bbox 426 496 730 569; x_wconf 81' lang='lat' dir='ltr'><strong>accepisset</strong></span> <span class='ocrx_word' id='word_1_12' title='bbox 760 498 1079 570; x_wconf 60' lang='lat' dir='ltr'><strong>praefectus,</strong></span> <span class='ocrx_word' id='word_1_13' title='bbox 1124 498 1350 555; x_wconf 86' lang='lat' dir='ltr'><strong>immisit</strong></span> <span class='ocrx_word' id='word_1_14' title='bbox 1387 498 1456 554; x_wconf 86' lang='lat' dir='ltr'><strong>ad</strong></span> <span class='ocrx_word' id='word_1_15' title='bbox 1494 498 1690 553; x_wconf 83' lang='lat' dir='ltr'><strong>viliora</strong></span> <span class='ocrx_word' id='word_1_16' title='bbox 1731 507 1788 553; x_wconf 88' lang='lat' dir='ltr'><strong>et</strong></span> <span class='ocrx_word' id='word_1_17' title='bbox 1820 498 2118 570; x_wconf 88' lang='lat' dir='ltr'><strong>abjectiora</strong></span> <span class='ocrx_word' id='word_1_18' title='bbox 2169 511 2339 567; x_wconf 83' lang='lat' dir='ltr'><strong>opera</strong></span> <span class='ocrx_word' id='word_1_19' title='bbox 2373 496 2717 551; x_wconf 91' lang='lat' dir='ltr'><strong>monasterii.</strong></span> <span class='ocrx_word' id='word_1_20' title='bbox 2767 495 2818 550; x_wconf 84' lang='lat' dir='ltr'><strong>Is</strong></span> <span class='ocrx_word' id='word_1_21' title='bbox 2862 511 2995 551; x_wconf 89' lang='lat' dir='ltr'><strong>vero</strong></span> <span class='ocrx_word' id='word_1_22' title='bbox 3030 510 3094 552; x_wconf 88' lang='lat' dir='ltr'><strong>ea</strong></span> <span class='ocrx_word' id='word_1_23' title='bbox 3122 496 3355 553; x_wconf 86' lang='lat' dir='ltr'><strong>faciebat</strong></span> <span class='ocrx_word' id='word_1_24' title='bbox 3390 514 3517 553; x_wconf 85' lang='lat' dir='ltr'><strong>cum</strong></span> 
     </span>
    </p>
   </div>
   <div class='ocr_carea' id='block_1_4' title="bbox 262 590 3522 665">
    <p class='ocr_par' dir='ltr' id='par_1_4' title="bbox 262 590 3522 665">
     <span class='ocr_line' id='line_1_4' title="bbox 262 590 3522 665; baseline 0 -18"><span class='ocrx_word' id='word_1_25' title='bbox 262 594 450 648; x_wconf 83' lang='lat' dir='ltr'><strong>studio</strong></span> <span class='ocrx_word' id='word_1_26' title='bbox 486 604 541 648; x_wconf 92' lang='lat' dir='ltr'><strong>et</strong></span> <span class='ocrx_word' id='word_1_27' title='bbox 576 609 780 663; x_wconf 75' lang='lat' dir='ltr'><strong>ntogno</strong></span> <span class='ocrx_word' id='word_1_28' title='bbox 811 605 961 649; x_wconf 87' lang='lat' dir='ltr'><strong>metu</strong></span> <span class='ocrx_word' id='word_1_29' title='bbox 998 604 1055 649; x_wconf 87' lang='lat' dir='ltr'><strong>et</strong></span> <span class='ocrx_word' id='word_1_30' title='bbox 1084 595 1531 665; x_wconf 87' lang='lat' dir='ltr'><strong>eompunctione.</strong></span> <span class='ocrx_word' id='word_1_31' title='bbox 1569 593 1819 649; x_wconf 82' lang='lat' dir='ltr'><strong>Habebat</strong></span> <span class='ocrx_word' id='word_1_32' title='bbox 1844 602 2028 648; x_wconf 89' lang='lat' dir='ltr'><strong>autem</strong></span> <span class='ocrx_word' id='word_1_33' title='bbox 2070 607 2304 663; x_wconf 87' lang='lat' dir='ltr'><strong>puerum</strong></span> <span class='ocrx_word' id='word_1_34' title='bbox 2346 606 2569 661; x_wconf 87' lang='lat' dir='ltr'><strong>quoque</strong></span> <span class='ocrx_word' id='word_1_35' title='bbox 2628 590 2891 652; x_wconf 82' lang='lat' dir='ltr'><strong>Marinus,</strong></span> <span class='ocrx_word' id='word_1_36' title='bbox 2929 607 3056 647; x_wconf 91' lang='lat' dir='ltr'><strong>eum</strong></span> <span class='ocrx_word' id='word_1_37' title='bbox 3092 604 3242 648; x_wconf 88' lang='lat' dir='ltr'><strong>retro</strong></span> <span class='ocrx_word' id='word_1_38' title='bbox 3281 609 3522 665; x_wconf 85' lang='lat' dir='ltr'><strong>sequen-</strong></span> 
     </span>
    </p>
   </div>
   <div class='ocr_carea' id='block_1_5' title="bbox 262 686 3519 758">
    <p class='ocr_par' dir='ltr' id='par_1_5' title="bbox 262 686 3519 758">
     <span class='ocr_line' id='line_1_5' title="bbox 262 686 3519 758; baseline 0.001 -16"><span class='ocrx_word' id='word_1_39' title='bbox 262 694 373 743; x_wconf 81' lang='lat' dir='ltr'><strong>tem</strong></span> <span class='ocrx_word' id='word_1_40' title='bbox 393 696 453 743; x_wconf 85' lang='lat' dir='ltr'><strong>et</strong></span> <span class='ocrx_word' id='word_1_41' title='bbox 482 687 818 743; x_wconf 79' lang='lat' dir='ltr'><strong>clamantem</strong></span> <span class='ocrx_word' id='word_1_42' title='bbox 856 705 872 745; x_wconf 88' lang='lat'><strong>:</strong></span> <span class='ocrx_word' id='word_1_43' title='bbox 912 689 990 744; x_wconf 84' lang='lat' dir='ltr'><strong>Ta</strong></span> <span class='ocrx_word' id='word_1_44' title='bbox 1028 697 1081 744; x_wconf 89' lang='lat' dir='ltr'><strong>ta</strong></span> <span class='ocrx_word' id='word_1_45' title='bbox 1111 697 1186 748; x_wconf 88' lang='lat' dir='ltr'><strong>ta.</strong></span> <span class='ocrx_word' id='word_1_46' title='bbox 1216 697 1275 743; x_wconf 87' lang='lat' dir='ltr'><strong>et</strong></span> <span class='ocrx_word' id='word_1_47' title='bbox 1302 687 1678 758; x_wconf 77' lang='lat' dir='ltr'><strong>requirentem</strong></span> <span class='ocrx_word' id='word_1_48' title='bbox 1707 704 1772 742; x_wconf 90' lang='lat' dir='ltr'><strong>ea</strong></span> <span class='ocrx_word' id='word_1_49' title='bbox 1808 703 1932 757; x_wconf 62' lang='lat' dir='ltr'><strong>qua:</strong></span> <span class='ocrx_word' id='word_1_50' title='bbox 1964 696 2095 742; x_wconf 85' lang='lat' dir='ltr'><strong>sunt</strong></span> <span class='ocrx_word' id='word_1_51' title='bbox 2127 687 2316 757; x_wconf 90' lang='lat' dir='ltr'><strong>pueris</strong></span> <span class='ocrx_word' id='word_1_52' title='bbox 2344 687 2657 742; x_wconf 87' lang='lat' dir='ltr'><strong>necessaria</strong></span> <span class='ocrx_word' id='word_1_53' title='bbox 2690 686 2757 740; x_wconf 89' lang='lat' dir='ltr'><strong>ad</strong></span> <span class='ocrx_word' id='word_1_54' title='bbox 2798 687 3146 742; x_wconf 85' lang='lat' dir='ltr'><strong>alimentum.</strong></span> <span class='ocrx_word' id='word_1_55' title='bbox 3189 689 3309 744; x_wconf 87' lang='lat' dir='ltr'><strong>Non</strong></span> <span class='ocrx_word' id='word_1_56' title='bbox 3339 691 3519 745; x_wconf 88' lang='lat' dir='ltr'><strong>solum</strong></span> 
     </span>
    </p>
   </div>
   <div class='ocr_carea' id='block_1_6' title="bbox 260 779 3519 851">
    <p class='ocr_par' dir='ltr' id='par_1_6' title="bbox 260 779 3519 851">
     <span class='ocr_line' id='line_1_6' title="bbox 260 779 3519 851; baseline 0.001 -18"><span class='ocrx_word' id='word_1_57' title='bbox 260 779 405 833; x_wconf 85' lang='lat' dir='ltr'><strong>enim</strong></span> <span class='ocrx_word' id='word_1_58' title='bbox 432 779 519 833; x_wconf 85' lang='lat' dir='ltr'><strong>bis</strong></span> <span class='ocrx_word' id='word_1_59' title='bbox 539 780 809 835; x_wconf 68' lang='lat' dir='ltr'><strong>arumnis</strong></span> <span class='ocrx_word' id='word_1_60' title='bbox 836 790 892 836; x_wconf 90' lang='lat' dir='ltr'><strong>et</strong></span> <span class='ocrx_word' id='word_1_61' title='bbox 912 780 1304 836; x_wconf 83' lang='lat' dir='ltr'><strong>aﬂlictionibus</strong></span> <span class='ocrx_word' id='word_1_62' title='bbox 1354 780 1713 850; x_wconf 84' lang='lat' dir='ltr'><strong>premebatur</strong></span> <span class='ocrx_word' id='word_1_63' title='bbox 1741 779 2005 843; x_wconf 76' lang='lat' dir='ltr'><strong>Marinus,</strong></span> <span class='ocrx_word' id='word_1_64' title='bbox 2032 781 2127 836; x_wconf 86' lang='lat' dir='ltr'><strong>sed</strong></span> <span class='ocrx_word' id='word_1_65' title='bbox 2155 781 2319 836; x_wconf 84' lang='lat' dir='ltr'><strong>etiam</strong></span> <span class='ocrx_word' id='word_1_66' title='bbox 2360 781 2429 835; x_wconf 80' lang='lat' dir='ltr'><strong>de</strong></span> <span class='ocrx_word' id='word_1_67' title='bbox 2468 781 2667 835; x_wconf 87' lang='lat' dir='ltr'><strong>alendo</strong></span> <span class='ocrx_word' id='word_1_68' title='bbox 2698 781 2804 836; x_wconf 87' lang='lat' dir='ltr'><strong>hoc</strong></span> <span class='ocrx_word' id='word_1_69' title='bbox 2829 797 2997 851; x_wconf 87' lang='lat' dir='ltr'><strong>puero</strong></span> <span class='ocrx_word' id='word_1_70' title='bbox 3033 792 3154 837; x_wconf 86' lang='lat' dir='ltr'><strong>erat</strong></span> <span class='ocrx_word' id='word_1_71' title='bbox 3181 784 3340 838; x_wconf 84' lang='lat' dir='ltr'><strong>valde</strong></span> <span class='ocrx_word' id='word_1_72' title='bbox 3363 785 3519 837; x_wconf 85' lang='lat' dir='ltr'><strong>solli-</strong></span> 
     </span>
    </p>
   </div>
   <div class='ocr_carea' id='block_1_7' title="bbox 259 870 3629 942">
    <p class='ocr_par' dir='ltr' id='par_1_7' title="bbox 259 870 3629 942">
     <span class='ocr_line' id='line_1_7' title="bbox 259 870 3629 942; baseline 0.001 -15"><span class='ocrx_word' id='word_1_73' title='bbox 259 873 421 927; x_wconf 83' lang='lat' dir='ltr'><strong>citus.</strong></span> <span class='ocrx_word' id='word_1_74' title='bbox 462 870 601 927; x_wconf 86' lang='lat' dir='ltr'><strong>Cum</strong></span> <span class='ocrx_word' id='word_1_75' title='bbox 635 874 906 927; x_wconf 76' lang='lat' dir='ltr'><strong>crevisset</strong></span> <span class='ocrx_word' id='word_1_76' title='bbox 949 882 1133 927; x_wconf 84' lang='lat' dir='ltr'><strong>autem</strong></span> <span class='ocrx_word' id='word_1_77' title='bbox 1162 888 1320 942; x_wconf 89' lang='lat' dir='ltr'><strong>puer,</strong></span> <span class='ocrx_word' id='word_1_78' title='bbox 1350 872 1584 942; x_wconf 76' lang='lat' dir='ltr'><strong>degebat</strong></span> <span class='ocrx_word' id='word_1_79' title='bbox 1627 873 1683 927; x_wconf 92' lang='lat' dir='ltr'><strong>in</strong></span> <span class='ocrx_word' id='word_1_80' title='bbox 1712 874 2073 938; x_wconf 83' lang='lat' dir='ltr'><strong>monasterio,</strong></span> <span class='ocrx_word' id='word_1_81' title='bbox 2102 872 2372 928; x_wconf 84' lang='lat' dir='ltr'><strong>educatus</strong></span> <span class='ocrx_word' id='word_1_82' title='bbox 2403 875 2457 927; x_wconf 94' lang='lat' dir='ltr'><strong>in</strong></span> <span class='ocrx_word' id='word_1_83' title='bbox 2507 875 2710 927; x_wconf 78' lang='lat' dir='ltr'><strong>virtute</strong></span> <span class='ocrx_word' id='word_1_84' title='bbox 2742 875 2892 928; x_wconf 84' lang='lat' dir='ltr'><strong>et‘in</strong></span> <span class='ocrx_word' id='word_1_85' title='bbox 2926 876 3313 942; x_wconf 85' lang='lat' dir='ltr'><strong>temperantia.</strong></span> <span class='ocrx_word' id='word_1_86' title='bbox 3347 874 3520 929; x_wconf 87' lang='lat' dir='ltr'><strong>Porro</strong></span> <span class='ocrx_word' id='word_1_87' title='bbox 3620 897 3629 905; x_wconf 85' lang='lat'><strong><em>-</em></strong></span> 
     </span>
    </p>
   </div>
   <div class='ocr_carea' id='block_1_8' title="bbox 261 963 3521 1035">
    <p class='ocr_par' dir='ltr' id='par_1_8' title="bbox 261 963 3521 1035">
     <span class='ocr_line' id='line_1_8' title="bbox 261 963 3521 1035; baseline 0.002 -19"><span class='ocrx_word' id='word_1_88' title='bbox 261 976 390 1016; x_wconf 85' lang='lat' dir='ltr'><strong>vero</strong></span> <span class='ocrx_word' id='word_1_89' title='bbox 426 974 620 1018; x_wconf 88' lang='lat' dir='ltr'><strong>sancto</strong></span> <span class='ocrx_word' id='word_1_90' title='bbox 656 978 883 1032; x_wconf 87' lang='lat' dir='ltr'><strong>quoque</strong></span> <span class='ocrx_word' id='word_1_91' title='bbox 908 973 965 1018; x_wconf 85' lang='lat' dir='ltr'><strong>et</strong></span> <span class='ocrx_word' id='word_1_92' title='bbox 1008 965 1311 1018; x_wconf 88' lang='lat' dir='ltr'><strong>monastieo</strong></span> <span class='ocrx_word' id='word_1_93' title='bbox 1347 963 1539 1017; x_wconf 82' lang='lat' dir='ltr'><strong>habitu</strong></span> <span class='ocrx_word' id='word_1_94' title='bbox 1579 973 1666 1019; x_wconf 90' lang='lat' dir='ltr'><strong>est</strong></span> <span class='ocrx_word' id='word_1_95' title='bbox 1706 964 1986 1035; x_wconf 87' lang='lat' dir='ltr'><strong>dignatus.</strong></span> <span class='ocrx_word' id='word_1_96' title='bbox 2034 964 2234 1035; x_wconf 86' lang='lat' dir='ltr'><strong>Sicque</strong></span> <span class='ocrx_word' id='word_1_97' title='bbox 2270 965 2593 1035; x_wconf 80' lang='lat' dir='ltr'><strong>proficiebat</strong></span> <span class='ocrx_word' id='word_1_98' title='bbox 2630 964 2685 1019; x_wconf 91' lang='lat' dir='ltr'><strong>in</strong></span> <span class='ocrx_word' id='word_1_99' title='bbox 2728 965 3043 1020; x_wconf 85' lang='lat' dir='ltr'><strong>humilitate</strong></span> <span class='ocrx_word' id='word_1_100' title='bbox 3103 974 3156 1021; x_wconf 88' lang='lat' dir='ltr'><strong>et</strong></span> <span class='ocrx_word' id='word_1_101' title='bbox 3186 966 3354 1021; x_wconf 86' lang='lat' dir='ltr'><strong>multa</strong></span> <span class='ocrx_word' id='word_1_102' title='bbox 3384 967 3521 1021; x_wconf 87' lang='lat' dir='ltr'><strong>obe-</strong></span> 
     </span>
    </p>
   </div>
   <div class='ocr_carea' id='block_1_9' title="bbox 260 1047 2213 1112">
    <p class='ocr_par' dir='ltr' id='par_1_9' title="bbox 260 1047 2213 1112">
     <span class='ocr_line' id='line_1_9' title="bbox 260 1047 2213 1112; baseline 0.002 -6"><span class='ocrx_word' id='word_1_103' title='bbox 260 1050 489 1112; x_wconf 84' lang='lat' dir='ltr'><strong>dientia.</strong></span> <span class='ocrx_word' id='word_1_104' title='bbox 526 1060 588 1105; x_wconf 88' lang='lat' dir='ltr'><strong>ut</strong></span> <span class='ocrx_word' id='word_1_105' title='bbox 607 1062 894 1106; x_wconf 79' lang='lat' dir='ltr'><strong>amaretur</strong></span> <span class='ocrx_word' id='word_1_106' title='bbox 925 1051 996 1107; x_wconf 84' lang='lat' dir='ltr'><strong>ab</strong></span> <span class='ocrx_word' id='word_1_107' title='bbox 1017 1052 1300 1107; x_wconf 86' lang='lat' dir='ltr'><strong>omnibus.</strong></span> <span class='ocrx_word' id='word_1_108' title='bbox 2204 1047 2213 1053; x_wconf 81' lang='grc'><em>’</em></span> 
     </span>
    </p>
   </div>
   <div class='ocr_carea' id='block_1_10' title="bbox 323 1158 1848 1239">
    <p class='ocr_par' dir='ltr' id='par_1_10' title="bbox 323 1158 1846 1236">
     <span class='ocr_line' id='line_1_10' title="bbox 323 1158 1846 1236; baseline 0.003 -22"><span class='ocrx_word' id='word_1_109' title='bbox 323 1162 398 1216; x_wconf 87' lang='grc' dir='ltr'><strong>Ζ’.</strong></span> <span class='ocrx_word' id='word_1_110' title='bbox 433 1161 527 1213; x_wconf 82' lang='grc' dir='ltr'>Ἐν</span> <span class='ocrx_word' id='word_1_111' title='bbox 558 1162 659 1233; x_wconf 77' lang='grc' dir='ltr'>μιᾷ</span> <span class='ocrx_word' id='word_1_112' title='bbox 677 1158 774 1215; x_wconf 80' lang='grc' dir='ltr'>οὖν</span> <span class='ocrx_word' id='word_1_113' title='bbox 793 1162 902 1215; x_wconf 82' lang='grc' dir='ltr'><strong>τῶν</strong></span> <span class='ocrx_word' id='word_1_114' title='bbox 924 1164 1149 1234; x_wconf 77' lang='grc' dir='ltr'>ἡμερῶν</span> <span class='ocrx_word' id='word_1_115' title='bbox 1169 1163 1459 1236; x_wconf 68' lang='grc' dir='ltr'>ἠρώτησεν</span> <span class='ocrx_word' id='word_1_116' title='bbox 1486 1165 1516 1218; x_wconf 84' lang='grc' dir='ltr'><strong>ὁ</strong></span> <span class='ocrx_word' id='word_1_117' title='bbox 1542 1164 1846 1235; x_wconf 73' lang='grc' dir='ltr'><strong>ἡγεύμενος</strong></span> 
     </span>
    </p>
   </div>
   <div class='ocr_carea' id='block_1_11' title="bbox 1946 1158 3521 1239">
    <p class='ocr_par' dir='ltr' id='par_1_11' title="bbox 2021 1165 3521 1239">
     <span class='ocr_line' id='line_1_11' title="bbox 2021 1165 3521 1239; baseline 0.002 -19"><span class='ocrx_word' id='word_1_118' title='bbox 2021 1165 2133 1220; x_wconf 70' lang='grc' dir='ltr'>νη.</span> <span class='ocrx_word' id='word_1_119' title='bbox 2177 1165 2306 1222; x_wconf 82' lang='lat' dir='ltr'><strong>Post</strong></span> <span class='ocrx_word' id='word_1_120' title='bbox 2333 1167 2449 1220; x_wconf 64' lang='lat' dir='ltr'><strong>haec</strong></span> <span class='ocrx_word' id='word_1_121' title='bbox 2482 1174 2665 1221; x_wconf 86' lang='lat' dir='ltr'><strong>autem</strong></span> <span class='ocrx_word' id='word_1_122' title='bbox 2698 1181 2822 1221; x_wconf 91' lang='lat' dir='ltr'><strong>cum</strong></span> <span class='ocrx_word' id='word_1_123' title='bbox 2854 1167 3083 1223; x_wconf 76' lang='lat' dir='ltr'><strong>vidisset</strong></span> <span class='ocrx_word' id='word_1_124' title='bbox 3109 1169 3374 1224; x_wconf 80' lang='lat' dir='ltr'><strong>Dominus</strong></span> <span class='ocrx_word' id='word_1_125' title='bbox 3396 1185 3521 1239; x_wconf 62' lang='grc' dir='ltr'>ριν-α</span> 
     </span>
    </p>
   </div>
   <div class='ocr_carea' id='block_1_12' title="bbox 256 1254 1839 1328">
    <p class='ocr_par' dir='ltr' id='par_1_12' title="bbox 256 1254 1839 1328">
     <span class='ocr_line' id='line_1_12' title="bbox 256 1254 1839 1328; baseline 0.004 -23"><span class='ocrx_word' id='word_1_126' title='bbox 256 1254 378 1314; x_wconf 65' lang='grc' dir='ltr'>τοὺς</span> <span class='ocrx_word' id='word_1_127' title='bbox 404 1254 673 1321; x_wconf 63' lang='grc' dir='ltr'>ἀδελφοὺς</span> <span class='ocrx_word' id='word_1_128' title='bbox 703 1254 878 1321; x_wconf 81' lang='grc' dir='ltr'>λέγων</span> <span class='ocrx_word' id='word_1_129' title='bbox 902 1271 918 1286; x_wconf 88' lang='grc'><strong>·</strong></span> <span class='ocrx_word' id='word_1_130' title='bbox 953 1257 1061 1309; x_wconf 80' lang='grc' dir='ltr'><strong>Ποῦ</strong></span> <span class='ocrx_word' id='word_1_131' title='bbox 1086 1257 1235 1309; x_wconf 81' lang='grc' dir='ltr'>ἐστιν</span> <span class='ocrx_word' id='word_1_132' title='bbox 1260 1259 1288 1309; x_wconf 73' lang='grc' dir='ltr'>ὁ</span> <span class='ocrx_word' id='word_1_133' title='bbox 1319 1258 1550 1325; x_wconf 66' lang='grc' dir='ltr'>ἀδελφὸς</span> <span class='ocrx_word' id='word_1_134' title='bbox 1576 1260 1839 1328; x_wconf 77' lang='grc' dir='ltr'>Μαρῖνος;</span> 
     </span>
    </p>
   </div>
   <div class='ocr_carea' id='block_1_13' title="bbox 259 1345 1844 1421">
    <p class='ocr_par' dir='ltr' id='par_1_13' title="bbox 259 1345 1844 1421">
     <span class='ocr_line' id='line_1_13' title="bbox 259 1345 1844 1421; baseline 0.001 -22"><span class='ocrx_word' id='word_1_135' title='bbox 259 1347 336 1399; x_wconf 79' lang='grc' dir='ltr'>ὅτι</span> <span class='ocrx_word' id='word_1_136' title='bbox 371 1347 486 1415; x_wconf 69' lang='grc' dir='ltr'><strong>ἔχω</strong></span> <span class='ocrx_word' id='word_1_137' title='bbox 526 1349 774 1417; x_wconf 70' lang='grc' dir='ltr'>σήμερον</span> <span class='ocrx_word' id='word_1_138' title='bbox 800 1347 996 1419; x_wconf 82' lang='grc' dir='ltr'><strong>τρίτην</strong></span> <span class='ocrx_word' id='word_1_139' title='bbox 1026 1350 1244 1421; x_wconf 72' lang='grc' dir='ltr'>ἡμέραν</span> <span class='ocrx_word' id='word_1_140' title='bbox 1271 1349 1372 1403; x_wconf 79' lang='grc' dir='ltr'>οὐκ</span> <span class='ocrx_word' id='word_1_141' title='bbox 1415 1345 1531 1403; x_wconf 78' lang='grc' dir='ltr'>οἶδα</span> <span class='ocrx_word' id='word_1_142' title='bbox 1565 1351 1729 1405; x_wconf 73' lang='grc' dir='ltr'>αὐτὸν</span> <span class='ocrx_word' id='word_1_143' title='bbox 1765 1353 1844 1413; x_wconf 78' lang='grc' dir='ltr'><strong>εἰς</strong></span> 
     </span>
    </p>
   </div>
   <div class='ocr_carea' id='block_1_14' title="bbox 260 1438 1844 1514">
    <p class='ocr_par' dir='ltr' id='par_1_14' title="bbox 260 1438 1844 1514">
     <span class='ocr_line' id='line_1_14' title="bbox 260 1438 1844 1514; baseline 0.003 -25"><span class='ocrx_word' id='word_1_144' title='bbox 260 1438 585 1509; x_wconf 66' lang='grc' dir='ltr'>ψαλμῳδξαν</span> <span class='ocrx_word' id='word_1_145' title='bbox 609 1455 624 1469; x_wconf 88' lang='grc'>·</span> <span class='ocrx_word' id='word_1_146' title='bbox 655 1440 744 1492; x_wconf 75' lang='grc' dir='ltr'><strong>ἀεὶ</strong></span> <span class='ocrx_word' id='word_1_147' title='bbox 767 1442 879 1511; x_wconf 69' lang='grc' dir='ltr'><strong>γὰρ</strong></span> <span class='ocrx_word' id='word_1_148' title='bbox 909 1440 1016 1508; x_wconf 73' lang='grc' dir='ltr'><strong>πρὸ</strong></span> <span class='ocrx_word' id='word_1_149' title='bbox 1050 1442 1268 1495; x_wconf 85' lang='grc' dir='ltr'>πάντων</span> <span class='ocrx_word' id='word_1_150' title='bbox 1290 1443 1578 1514; x_wconf 73' lang='grc' dir='ltr'><strong>εὑρίσκετο</strong></span> <span class='ocrx_word' id='word_1_151' title='bbox 1597 1458 1613 1474; x_wconf 76' lang='grc' dir='ltr'><strong>ο</strong></span> <span class='ocrx_word' id='word_1_152' title='bbox 1666 1443 1844 1495; x_wconf 75' lang='grc' dir='ltr'>εἰσέλ-</span> 
     </span>
    </p>
   </div>
   <div class='ocr_carea' id='block_1_15' title="bbox 260 1531 1842 1607">
    <p class='ocr_par' dir='ltr' id='par_1_15' title="bbox 260 1531 1842 1607">
     <span class='ocr_line' id='line_1_15' title="bbox 260 1531 1842 1607; baseline 0.003 -23"><span class='ocrx_word' id='word_1_153' title='bbox 260 1531 389 1585; x_wconf 82' lang='grc' dir='ltr'>θάτε</span> <span class='ocrx_word' id='word_1_154' title='bbox 423 1532 508 1593; x_wconf 78' lang='grc' dir='ltr'><strong>είς</strong></span> <span class='ocrx_word' id='word_1_155' title='bbox 555 1531 618 1584; x_wconf 81' lang='grc' dir='ltr'>τὸ</span> <span class='ocrx_word' id='word_1_156' title='bbox 652 1531 866 1587; x_wconf 83' lang='grc' dir='ltr'>κέλλιον</span> <span class='ocrx_word' id='word_1_157' title='bbox 897 1532 1062 1586; x_wconf 82' lang='grc' dir='ltr'>αὐτοῦ</span> <span class='ocrx_word' id='word_1_158' title='bbox 1108 1534 1183 1606; x_wconf 77' lang='grc' dir='ltr'>μὴ</span> <span class='ocrx_word' id='word_1_159' title='bbox 1232 1534 1518 1607; x_wconf 70' lang='grc' dir='ltr'>ἀρρωστίᾳ</span> <span class='ocrx_word' id='word_1_160' title='bbox 1542 1551 1659 1587; x_wconf 85' lang='grc' dir='ltr'><strong>τινε</strong></span> <span class='ocrx_word' id='word_1_161' title='bbox 1689 1535 1842 1588; x_wconf 77' lang='grc' dir='ltr'>κατὶο</span> 
     </span>
    </p>
   </div>
   <div class='ocr_carea' id='block_1_16' title="bbox 260 1618 1841 1696">
    <p class='ocr_par' dir='ltr' id='par_1_16' title="bbox 260 1618 1841 1696">
     <span class='ocr_line' id='line_1_16' title="bbox 260 1618 1841 1696; baseline 0.003 -23"><span class='ocrx_word' id='word_1_162' title='bbox 260 1637 463 1676; x_wconf 81' lang='grc' dir='ltr'>κειται.</span> <span class='ocrx_word' id='word_1_163' title='bbox 537 1621 896 1686; x_wconf 82' lang='grc' dir='ltr'><strong>Ἀπελθόντες</strong></span> <span class='ocrx_word' id='word_1_164' title='bbox 928 1623 1024 1677; x_wconf 80' lang='grc' dir='ltr'>οὖν</span> <span class='ocrx_word' id='word_1_165' title='bbox 1061 1618 1220 1696; x_wconf 76' lang='grc' dir='ltr'>εὗρον</span> <span class='ocrx_word' id='word_1_166' title='bbox 1276 1627 1440 1678; x_wconf 78' lang='grc' dir='ltr'>αὐτὸν</span> <span class='ocrx_word' id='word_1_167' title='bbox 1461 1624 1841 1691; x_wconf 86' lang='grc' dir='ltr'>τελειωθέντα,</span> 
     </span>
    </p>
   </div>
   <div class='ocr_carea' id='block_1_17' title="bbox 258 1711 1843 1787">
    <p class='ocr_par' dir='ltr' id='par_1_17' title="bbox 258 1711 1843 1787">
     <span class='ocr_line' id='line_1_17' title="bbox 258 1711 1843 1787; baseline 0.005 -25"><span class='ocrx_word' id='word_1_168' title='bbox 258 1712 352 1763; x_wconf 79' lang='grc' dir='ltr'>καὶ</span> <span class='ocrx_word' id='word_1_169' title='bbox 374 1711 732 1780; x_wconf 78' lang='grc' dir='ltr'>ἀπήγγειλαν</span> <span class='ocrx_word' id='word_1_170' title='bbox 756 1714 835 1779; x_wconf 84' lang='grc' dir='ltr'>τῷ</span> <span class='ocrx_word' id='word_1_171' title='bbox 878 1715 1189 1786; x_wconf 74' lang='grc' dir='ltr'><strong>ἡγουμένῳ,</strong></span> <span class='ocrx_word' id='word_1_172' title='bbox 1221 1714 1303 1769; x_wconf 81' lang='grc' dir='ltr'>ὅτι</span> <span class='ocrx_word' id='word_1_173' title='bbox 1326 1717 1354 1769; x_wconf 85' lang='grc' dir='ltr'>ὁ</span> <span class='ocrx_word' id='word_1_174' title='bbox 1387 1715 1562 1779; x_wconf 77' lang='grc' dir='ltr'>ὰϐσᾶς</span> <span class='ocrx_word' id='word_1_175' title='bbox 1599 1718 1843 1787; x_wconf 81' lang='grc' dir='ltr'>Μαρῖνος</span> 
     </span>
    </p>
   </div>
   <div class='ocr_carea' id='block_1_18' title="bbox 255 1798 1835 1877">
    <p class='ocr_par' dir='ltr' id='par_1_18' title="bbox 255 1798 1835 1877">
     <span class='ocr_line' id='line_1_18' title="bbox 255 1798 1835 1877; baseline 0.004 -25"><span class='ocrx_word' id='word_1_176' title='bbox 255 1799 576 1870; x_wconf 63' lang='grc' dir='ltr'>ἐτελειώθη,</span> <span class='ocrx_word' id='word_1_177' title='bbox 612 1802 706 1855; x_wconf 73' lang='grc' dir='ltr'><strong>καὶ</strong></span> <span class='ocrx_word' id='word_1_178' title='bbox 759 1798 951 1857; x_wconf 61' lang='grc' dir='ltr'>εἶπεν</span> <span class='ocrx_word' id='word_1_179' title='bbox 986 1799 1133 1873; x_wconf 72' lang='grc' dir='ltr'>’Δρα</span> <span class='ocrx_word' id='word_1_180' title='bbox 1161 1805 1279 1869; x_wconf 84' lang='grc' dir='ltr'>πῶς</span> <span class='ocrx_word' id='word_1_181' title='bbox 1326 1806 1571 1875; x_wconf 79' lang='grc' dir='ltr'><strong>ἀπῆλθεν</strong></span> <span class='ocrx_word' id='word_1_182' title='bbox 1608 1806 1641 1877; x_wconf 79' lang='grc' dir='ltr'><strong>ἡ</strong></span> <span class='ocrx_word' id='word_1_183' title='bbox 1674 1805 1835 1858; x_wconf 80' lang='grc' dir='ltr'>ἀθλία</span> 
     </span>
    </p>
   </div>
   <div class='ocr_carea' id='block_1_19' title="bbox 256 1888 1841 1965">
    <p class='ocr_par' dir='ltr' id='par_1_19' title="bbox 256 1888 1841 1965">
     <span class='ocr_line' id='line_1_19' title="bbox 256 1888 1841 1965; baseline 0.002 -22"><span class='ocrx_word' id='word_1_184' title='bbox 256 1888 427 1943; x_wconf 78' lang='grc' dir='ltr'>αὐτοῦ</span> <span class='ocrx_word' id='word_1_185' title='bbox 457 1892 646 1960; x_wconf 64' lang='grc' dir='ltr'>ψυχῆς</span> <span class='ocrx_word' id='word_1_186' title='bbox 686 1891 848 1946; x_wconf 84' lang='grc' dir='ltr'>ποίαν</span> <span class='ocrx_word' id='word_1_187' title='bbox 908 1893 1208 1961; x_wconf 83' lang='grc' dir='ltr'>ἀπολογίαν</span> <span class='ocrx_word' id='word_1_188' title='bbox 1258 1893 1560 1965; x_wconf 77' lang='grc' dir='ltr'><strong>βουλομένη</strong></span> <span class='ocrx_word' id='word_1_189' title='bbox 1620 1894 1841 1961; x_wconf 74' lang='grc' dir='ltr'>δοῦναις</span> 
     </span>
    </p>
   </div>
   <div class='ocr_carea' id='block_1_20' title="bbox 256 1981 1843 2055">
    <p class='ocr_par' dir='ltr' id='par_1_20' title="bbox 256 1981 1843 2055">
     <span class='ocr_line' id='line_1_20' title="bbox 256 1981 1843 2055; baseline 0.002 -22"><span class='ocrx_word' id='word_1_190' title='bbox 256 1981 365 2033; x_wconf 72' lang='grc' dir='ltr'><strong>Καὶ</strong></span> <span class='ocrx_word' id='word_1_191' title='bbox 422 1981 735 2051; x_wconf 76' lang='grc' dir='ltr'>προσέταξε</span> <span class='ocrx_word' id='word_1_192' title='bbox 789 1983 1120 2055; x_wconf 78' lang='grc' dir='ltr'><strong>κηδευθῆναι</strong></span> <span class='ocrx_word' id='word_1_193' title='bbox 1173 1985 1357 2039; x_wconf 80' lang='grc' dir='ltr'>αὐτόν.</span> <span class='ocrx_word' id='word_1_194' title='bbox 1408 1986 1519 2038; x_wconf 78' lang='grc' dir='ltr'><strong>Καὶ</strong></span> <span class='ocrx_word' id='word_1_195' title='bbox 1566 1984 1643 2048; x_wconf 83' lang='grc' dir='ltr'><strong>ὡς</strong></span> <span class='ocrx_word' id='word_1_196' title='bbox 1679 1981 1843 2055; x_wconf 82' lang='grc' dir='ltr'>ἦλθον</span> 
     </span>
    </p>
   </div>
   <div class='ocr_carea' id='block_1_21' title="bbox 252 2071 1844 2149">
    <p class='ocr_par' dir='ltr' id='par_1_21' title="bbox 252 2071 1844 2149">
     <span class='ocr_line' id='line_1_21' title="bbox 252 2071 1844 2149; baseline 0.003 -23"><span class='ocrx_word' id='word_1_197' title='bbox 252 2073 572 2127; x_wconf 67' lang='grc' dir='ltr'>ἀποπλύναι</span> <span class='ocrx_word' id='word_1_198' title='bbox 612 2076 799 2140; x_wconf 84' lang='grc' dir='ltr'>αὐτὸν,</span> <span class='ocrx_word' id='word_1_199' title='bbox 857 2071 1018 2145; x_wconf 78' lang='grc' dir='ltr'>εὖρον</span> <span class='ocrx_word' id='word_1_200' title='bbox 1045 2078 1128 2130; x_wconf 80' lang='grc' dir='ltr'>ὅτι</span> <span class='ocrx_word' id='word_1_201' title='bbox 1178 2078 1319 2149; x_wconf 81' lang='grc' dir='ltr'>γυνὴ</span> <span class='ocrx_word' id='word_1_202' title='bbox 1377 2072 1467 2149; x_wconf 84' lang='grc' dir='ltr'>ἦν,</span> <span class='ocrx_word' id='word_1_203' title='bbox 1514 2080 1609 2131; x_wconf 77' lang='grc' dir='ltr'>καὶ</span> <span class='ocrx_word' id='word_1_204' title='bbox 1638 2080 1844 2140; x_wconf 81' lang='grc' dir='ltr'>πάντες</span> 
     </span>
    </p>
   </div>
   <div class='ocr_carea' id='block_1_22' title="bbox 254 2162 1843 2238">
    <p class='ocr_par' dir='ltr' id='par_1_22' title="bbox 254 2162 1843 2238">
     <span class='ocr_line' id='line_1_22' title="bbox 254 2162 1843 2238; baseline 0.003 -21"><span class='ocrx_word' id='word_1_205' title='bbox 254 2162 576 2233; x_wconf 54' lang='grc' dir='ltr'>ἀνέκραξαν</span> <span class='ocrx_word' id='word_1_206' title='bbox 620 2165 718 2218; x_wconf 78' lang='grc' dir='ltr'>τό“</span> <span class='ocrx_word' id='word_1_207' title='bbox 781 2165 977 2236; x_wconf 78' lang='grc' dir='ltr'>Κύριε,</span> <span class='ocrx_word' id='word_1_208' title='bbox 1036 2166 1284 2236; x_wconf 72' lang='grc' dir='ltr'>ἐλέησον.</span> <span class='ocrx_word' id='word_1_209' title='bbox 1330 2167 1390 2220; x_wconf 85' lang='lat'><strong>&#39;0</strong></span> <span class='ocrx_word' id='word_1_210' title='bbox 1425 2168 1482 2221; x_wconf 80' lang='grc' dir='ltr'><strong>δὲ</strong></span> <span class='ocrx_word' id='word_1_211' title='bbox 1534 2168 1843 2238; x_wconf 77' lang='grc' dir='ltr'>ἡγούμενος</span> 
     </span>
    </p>
   </div>
   <div class='ocr_carea' id='block_1_23' title="bbox 255 2254 1844 2330">
    <p class='ocr_par' dir='ltr' id='par_1_23' title="bbox 255 2254 1844 2330">
     <span class='ocr_line' id='line_1_23' title="bbox 255 2254 1844 2330; baseline 0.003 -21"><span class='ocrx_word' id='word_1_212' title='bbox 255 2256 631 2310; x_wconf 61' lang='grc' dir='ltr'>ἐπυνθάνετοθ</span> <span class='ocrx_word' id='word_1_213' title='bbox 683 2257 749 2311; x_wconf 84' lang='grc' dir='ltr'>Τί</span> <span class='ocrx_word' id='word_1_214' title='bbox 784 2260 954 2319; x_wconf 66' lang='grc' dir='ltr'>ἐστιν,</span> <span class='ocrx_word' id='word_1_215' title='bbox 1003 2258 1034 2311; x_wconf 76' lang='grc' dir='ltr'><strong>ὃ</strong></span> <span class='ocrx_word' id='word_1_216' title='bbox 1069 2259 1259 2330; x_wconf 74' lang='grc' dir='ltr'>ἐχετες</span> <span class='ocrx_word' id='word_1_217' title='bbox 1298 2262 1362 2313; x_wconf 82' lang='lat' dir='ltr'><strong>Ut</strong></span> <span class='ocrx_word' id='word_1_218' title='bbox 1389 2258 1447 2312; x_wconf 79' lang='grc' dir='ltr'><strong>δὲ</strong></span> <span class='ocrx_word' id='word_1_219' title='bbox 1476 2254 1632 2313; x_wconf 79' lang='grc' dir='ltr'>εἷπον</span> <span class='ocrx_word' id='word_1_220' title='bbox 1661 2262 1743 2313; x_wconf 84' lang='grc' dir='ltr'>ὃτι</span> <span class='ocrx_word' id='word_1_221' title='bbox 1777 2262 1844 2313; x_wconf 90' lang='lat'><strong>&#39;0</strong></span> 
     </span>
    </p>
   </div>
   <div class='ocr_carea' id='block_1_24' title="bbox 258 2346 1843 2420">
    <p class='ocr_par' dir='ltr' id='par_1_24' title="bbox 258 2346 1843 2420">
     <span class='ocr_line' id='line_1_24' title="bbox 258 2346 1843 2420; baseline 0.003 -21"><span class='ocrx_word' id='word_1_222' title='bbox 258 2346 488 2415; x_wconf 69' lang='grc' dir='ltr'>ἁδελφὸς</span> <span class='ocrx_word' id='word_1_223' title='bbox 518 2347 765 2418; x_wconf 76' lang='grc' dir='ltr'>Μαρίνος</span> <span class='ocrx_word' id='word_1_224' title='bbox 796 2348 937 2419; x_wconf 82' lang='grc' dir='ltr'>γυνή</span> <span class='ocrx_word' id='word_1_225' title='bbox 966 2349 1137 2401; x_wconf 76' lang='grc' dir='ltr'>ἐστιν.</span> <span class='ocrx_word' id='word_1_226' title='bbox 1164 2349 1302 2402; x_wconf 80' lang='grc' dir='ltr'>Τότε</span> <span class='ocrx_word' id='word_1_227' title='bbox 1350 2349 1611 2402; x_wconf 76' lang='grc' dir='ltr'>εἰσελθὼν</span> <span class='ocrx_word' id='word_1_228' title='bbox 1663 2351 1843 2420; x_wconf 75' lang='grc' dir='ltr'>ῥίπτει</span> 
     </span>
    </p>
   </div>
   <div class='ocr_carea' id='block_1_25' title="bbox 258 2430 1845 2506">
    <p class='ocr_par' dir='ltr' id='par_1_25' title="bbox 258 2430 1845 2506">
     <span class='ocr_line' id='line_1_25' title="bbox 258 2430 1845 2506; baseline 0.001 -18"><span class='ocrx_word' id='word_1_229' title='bbox 258 2437 453 2489; x_wconf 68' lang='grc' dir='ltr'>ἑαυτὸν</span> <span class='ocrx_word' id='word_1_230' title='bbox 475 2437 561 2501; x_wconf 80' lang='grc' dir='ltr'><strong>είς</strong></span> <span class='ocrx_word' id='word_1_231' title='bbox 597 2437 893 2506; x_wconf 82' lang='grc' dir='ltr'>πρόσωπον</span> <span class='ocrx_word' id='word_1_232' title='bbox 923 2437 1129 2490; x_wconf 80' lang='grc' dir='ltr'>κλαίων</span> <span class='ocrx_word' id='word_1_233' title='bbox 1151 2436 1247 2489; x_wconf 68' lang='lat' dir='ltr'><strong>xxi</strong></span> <span class='ocrx_word' id='word_1_234' title='bbox 1282 2435 1460 2504; x_wconf 79' lang='grc' dir='ltr'>λέγων</span> <span class='ocrx_word' id='word_1_235' title='bbox 1484 2455 1500 2468; x_wconf 80' lang='grc' dir='ltr'><strong>ο</strong></span> <span class='ocrx_word' id='word_1_236' title='bbox 1545 2430 1674 2488; x_wconf 80' lang='grc' dir='ltr'>Ὧδε</span> <span class='ocrx_word' id='word_1_237' title='bbox 1708 2438 1845 2491; x_wconf 76' lang='grc' dir='ltr'><strong>ἀπο-</strong></span> 
     </span>
    </p>
   </div>
   <div class='ocr_carea' id='block_1_26' title="bbox 262 2506 1915 2599">
    <p class='ocr_par' dir='ltr' id='par_1_26' title="bbox 262 2506 1915 2599">
     <span class='ocr_line' id='line_1_26' title="bbox 262 2506 1915 2599; baseline 0.001 -16"><span class='ocrx_word' id='word_1_238' title='bbox 262 2529 479 2599; x_wconf 72' lang='grc' dir='ltr'>θνήσκω</span> <span class='ocrx_word' id='word_1_239' title='bbox 506 2532 590 2593; x_wconf 84' lang='grc' dir='ltr'><strong>εις</strong></span> <span class='ocrx_word' id='word_1_240' title='bbox 616 2532 745 2594; x_wconf 76' lang='grc' dir='ltr'>τοὺς</span> <span class='ocrx_word' id='word_1_241' title='bbox 768 2531 956 2599; x_wconf 78' lang='grc' dir='ltr'>ἁγίους</span> <span class='ocrx_word' id='word_1_242' title='bbox 991 2532 1157 2586; x_wconf 80' lang='grc' dir='ltr'>αὐτοῦ</span> <span class='ocrx_word' id='word_1_243' title='bbox 1187 2532 1377 2597; x_wconf 83' lang='grc' dir='ltr'>πόδας,</span> <span class='ocrx_word' id='word_1_244' title='bbox 1400 2530 1507 2596; x_wconf 72' lang='grc' dir='ltr'>ἕως</span> <span class='ocrx_word' id='word_1_245' title='bbox 1530 2526 1592 2585; x_wconf 75' lang='grc' dir='ltr'><strong>οὗ</strong></span> <span class='ocrx_word' id='word_1_246' title='bbox 1620 2532 1843 2586; x_wconf 81' lang='grc' dir='ltr'><strong>ἀκούσω</strong></span> <span class='ocrx_word' id='word_1_247' title='bbox 1875 2506 1915 2563; x_wconf 74' lang='grc' dir='ltr'><strong>Β</strong></span> 
     </span>
    </p>
   </div>
   <div class='ocr_carea' id='block_1_27' title="bbox 269 2619 1846 2694">
    <p class='ocr_par' dir='ltr' id='par_1_27' title="bbox 269 2619 1846 2694">
     <span class='ocr_line' id='line_1_27' title="bbox 269 2619 1846 2694; baseline 0.002 -20"><span class='ocrx_word' id='word_1_248' title='bbox 269 2622 644 2693; x_wconf 73' lang='grc' dir='ltr'><strong>συγχώρησιν.</strong></span> <span class='ocrx_word' id='word_1_249' title='bbox 678 2619 854 2677; x_wconf 70' lang='grc' dir='ltr'>*Ηλθε</span> <span class='ocrx_word' id='word_1_250' title='bbox 890 2624 946 2677; x_wconf 84' lang='grc' dir='ltr'><strong>δὲ</strong></span> <span class='ocrx_word' id='word_1_251' title='bbox 993 2623 1147 2694; x_wconf 82' lang='grc' dir='ltr'><strong>αὐτῷ</strong></span> <span class='ocrx_word' id='word_1_252' title='bbox 1186 2624 1341 2694; x_wconf 77' lang='grc' dir='ltr'>φωνὴ</span> <span class='ocrx_word' id='word_1_253' title='bbox 1370 2623 1607 2692; x_wconf 78' lang='grc' dir='ltr'>λέγουσα</span> <span class='ocrx_word' id='word_1_254' title='bbox 1643 2624 1747 2686; x_wconf 85' lang='grc' dir='ltr'>ὅτι,</span> <span class='ocrx_word' id='word_1_255' title='bbox 1782 2624 1846 2677; x_wconf 79' lang='lat' dir='ltr'><strong>Et</strong></span> 
     </span>
    </p>
   </div>
   <div class='ocr_carea' id='block_1_28' title="bbox 262 2714 1842 2787">
    <p class='ocr_par' dir='ltr' id='par_1_28' title="bbox 262 2714 1842 2787">
     <span class='ocr_line' id='line_1_28' title="bbox 262 2714 1842 2787; baseline 0 -19"><span class='ocrx_word' id='word_1_256' title='bbox 262 2714 362 2783; x_wconf 74' lang='grc' dir='ltr'>μὲν</span> <span class='ocrx_word' id='word_1_257' title='bbox 388 2715 555 2780; x_wconf 68' lang='grc' dir='ltr'>εἰδὼς</span> <span class='ocrx_word' id='word_1_258' title='bbox 580 2715 741 2769; x_wconf 81' lang='grc' dir='ltr'>τοῦτο</span> <span class='ocrx_word' id='word_1_259' title='bbox 766 2716 1032 2786; x_wconf 79' lang='grc' dir='ltr'>ἔπραξας,</span> <span class='ocrx_word' id='word_1_260' title='bbox 1059 2718 1160 2770; x_wconf 76' lang='grc' dir='ltr'>οὐκ</span> <span class='ocrx_word' id='word_1_261' title='bbox 1193 2718 1261 2771; x_wconf 76' lang='grc' dir='ltr'>ἄν</span> <span class='ocrx_word' id='word_1_262' title='bbox 1292 2732 1389 2769; x_wconf 90' lang='grc' dir='ltr'><strong>σου</strong></span> <span class='ocrx_word' id='word_1_263' title='bbox 1410 2715 1771 2787; x_wconf 82' lang='grc' dir='ltr'>συνεχωρήθη</span> <span class='ocrx_word' id='word_1_264' title='bbox 1809 2717 1842 2786; x_wconf 77' lang='grc' dir='ltr'>ἡ</span> 
     </span>
    </p>
   </div>
   <div class='ocr_carea' id='block_1_29' title="bbox 1948 1258 3524 1328">
    <p class='ocr_par' dir='ltr' id='par_1_29' title="bbox 1948 1258 3524 1328">
     <span class='ocr_line' id='line_1_29' title="bbox 1948 1258 3524 1328; baseline 0.001 -15"><span class='ocrx_word' id='word_1_265' title='bbox 1948 1258 2144 1315; x_wconf 88' lang='lat' dir='ltr'><strong>fectam</strong></span> <span class='ocrx_word' id='word_1_266' title='bbox 2178 1274 2300 1313; x_wconf 85' lang='lat' dir='ltr'><strong>esse</strong></span> <span class='ocrx_word' id='word_1_267' title='bbox 2340 1259 2460 1328; x_wconf 88' lang='lat' dir='ltr'><strong>ejus</strong></span> <span class='ocrx_word' id='word_1_268' title='bbox 2514 1259 2673 1312; x_wconf 87' lang='lat' dir='ltr'><strong>fidem</strong></span> <span class='ocrx_word' id='word_1_269' title='bbox 2714 1272 2768 1313; x_wconf 92' lang='lat' dir='ltr'><strong>et</strong></span> <span class='ocrx_word' id='word_1_270' title='bbox 2798 1261 3167 1327; x_wconf 87' lang='lat' dir='ltr'><strong>tolerantiam,</strong></span> <span class='ocrx_word' id='word_1_271' title='bbox 3194 1272 3251 1317; x_wconf 91' lang='lat' dir='ltr'><strong>et</strong></span> <span class='ocrx_word' id='word_1_272' title='bbox 3288 1278 3409 1317; x_wconf 79' lang='lat' dir='ltr'><strong>esse</strong></span> <span class='ocrx_word' id='word_1_273' title='bbox 3438 1263 3524 1316; x_wconf 84' lang='lat' dir='ltr'><strong>di-</strong></span> 
     </span>
    </p>
   </div>
   <div class='ocr_carea' id='block_1_30' title="bbox 1946 1349 3520 1422">
    <p class='ocr_par' dir='ltr' id='par_1_30' title="bbox 1946 1349 3520 1422">
     <span class='ocr_line' id='line_1_30' title="bbox 1946 1349 3520 1422; baseline 0.001 -18"><span class='ocrx_word' id='word_1_274' title='bbox 1946 1366 2108 1421; x_wconf 90' lang='lat' dir='ltr'><strong>gnam</strong></span> <span class='ocrx_word' id='word_1_275' title='bbox 2142 1365 2311 1418; x_wconf 81' lang='lat' dir='ltr'><strong>regno</strong></span> <span class='ocrx_word' id='word_1_276' title='bbox 2351 1349 2644 1416; x_wconf 75' lang='lat' dir='ltr'><strong>ctelorum,</strong></span> <span class='ocrx_word' id='word_1_277' title='bbox 2677 1350 2893 1420; x_wconf 88' lang='lat' dir='ltr'><strong>accepit</strong></span> <span class='ocrx_word' id='word_1_278' title='bbox 2929 1366 3049 1405; x_wconf 89' lang='lat' dir='ltr'><strong>eam</strong></span> <span class='ocrx_word' id='word_1_279' title='bbox 3097 1351 3151 1406; x_wconf 90' lang='lat' dir='ltr'><strong>in</strong></span> <span class='ocrx_word' id='word_1_280' title='bbox 3181 1362 3386 1407; x_wconf 69' lang='lat' dir='ltr'><strong>aeterna</strong></span> <span class='ocrx_word' id='word_1_281' title='bbox 3421 1369 3520 1422; x_wconf 82' lang='lat' dir='ltr'><strong>pa-</strong></span> 
     </span>
    </p>
   </div>
   <div class='ocr_carea' id='block_1_31' title="bbox 1946 1442 3523 1506">
    <p class='ocr_par' dir='ltr' id='par_1_31' title="bbox 1946 1442 3523 1506">
     <span class='ocr_line' id='line_1_31' title="bbox 1946 1442 3523 1506; baseline 0.001 -11"><span class='ocrx_word' id='word_1_282' title='bbox 1946 1442 2114 1497; x_wconf 89' lang='lat' dir='ltr'><strong>radisi</strong></span> <span class='ocrx_word' id='word_1_283' title='bbox 2170 1442 2545 1506; x_wconf 87' lang='lat' dir='ltr'><strong>tabernacula,</strong></span> <span class='ocrx_word' id='word_1_284' title='bbox 2604 1445 2824 1497; x_wconf 90' lang='lat' dir='ltr'><strong>nemine</strong></span> <span class='ocrx_word' id='word_1_285' title='bbox 2866 1443 3095 1497; x_wconf 88' lang='lat' dir='ltr'><strong>sciente.</strong></span> <span class='ocrx_word' id='word_1_286' title='bbox 3137 1443 3271 1498; x_wconf 89' lang='lat' dir='ltr'><strong>Nam</strong></span> <span class='ocrx_word' id='word_1_287' title='bbox 3311 1458 3437 1498; x_wconf 89' lang='lat' dir='ltr'><strong>cum</strong></span> <span class='ocrx_word' id='word_1_288' title='bbox 3475 1445 3523 1498; x_wconf 93' lang='lat' dir='ltr'><strong>is</strong></span> 
     </span>
    </p>
   </div>
   <div class='ocr_carea' id='block_1_32' title="bbox 1945 1532 3520 1601">
    <p class='ocr_par' dir='ltr' id='par_1_32' title="bbox 1945 1532 3520 1601">
     <span class='ocr_line' id='line_1_32' title="bbox 1945 1532 3520 1601; baseline 0.001 -15"><span class='ocrx_word' id='word_1_289' title='bbox 1945 1532 2198 1597; x_wconf 89' lang='lat' dir='ltr'><strong>obiisset,</strong></span> <span class='ocrx_word' id='word_1_290' title='bbox 2241 1540 2434 1587; x_wconf 88' lang='lat' dir='ltr'><strong>etnec</strong></span> <span class='ocrx_word' id='word_1_291' title='bbox 2489 1532 2851 1601; x_wconf 87' lang='lat' dir='ltr'><strong>egrederetur</strong></span> <span class='ocrx_word' id='word_1_292' title='bbox 2894 1533 2963 1588; x_wconf 89' lang='lat' dir='ltr'><strong>ad</strong></span> <span class='ocrx_word' id='word_1_293' title='bbox 2997 1534 3285 1588; x_wconf 88' lang='lat' dir='ltr'><strong>servitium</strong></span> <span class='ocrx_word' id='word_1_294' title='bbox 3328 1550 3520 1588; x_wconf 87' lang='lat' dir='ltr'><strong>mona-</strong></span> 
     </span>
    </p>
   </div>
   <div class='ocr_carea' id='block_1_33' title="bbox 1947 1623 3522 1694">
    <p class='ocr_par' dir='ltr' id='par_1_33' title="bbox 1947 1623 3522 1694">
     <span class='ocr_line' id='line_1_33' title="bbox 1947 1623 3522 1694; baseline 0.001 -16"><span class='ocrx_word' id='word_1_295' title='bbox 1947 1624 2122 1686; x_wconf 87' lang='lat' dir='ltr'><strong>sterii,</strong></span> <span class='ocrx_word' id='word_1_296' title='bbox 2166 1634 2344 1678; x_wconf 81' lang='lat' dir='ltr'><strong>etnec</strong></span> <span class='ocrx_word' id='word_1_297' title='bbox 2380 1623 2446 1678; x_wconf 88' lang='lat' dir='ltr'><strong>ad</strong></span> <span class='ocrx_word' id='word_1_298' title='bbox 2487 1624 2848 1692; x_wconf 86' lang='lat' dir='ltr'><strong>psalmodiam</strong></span> <span class='ocrx_word' id='word_1_299' title='bbox 2881 1626 3110 1694; x_wconf 68' lang='lat' dir='ltr'><strong>regulae,</strong></span> <span class='ocrx_word' id='word_1_300' title='bbox 3143 1627 3353 1693; x_wconf 76' lang='lat' dir='ltr'><strong>rogavit</strong></span> <span class='ocrx_word' id='word_1_301' title='bbox 3384 1642 3522 1694; x_wconf 71' lang='lat' dir='ltr'><strong>prte-</strong></span> 
     </span>
    </p>
   </div>
   <div class='ocr_carea' id='block_1_34' title="bbox 1947 1714 3524 1780">
    <p class='ocr_par' dir='ltr' id='par_1_34' title="bbox 1947 1714 3524 1780">
     <span class='ocr_line' id='line_1_34' title="bbox 1947 1714 3524 1780; baseline 0.002 -13"><span class='ocrx_word' id='word_1_302' title='bbox 1947 1714 2127 1769; x_wconf 84' lang='lat' dir='ltr'><strong>fectus</strong></span> <span class='ocrx_word' id='word_1_303' title='bbox 2173 1715 2391 1780; x_wconf 80' lang='lat' dir='ltr'><strong>fratres,</strong></span> <span class='ocrx_word' id='word_1_304' title='bbox 2447 1717 2685 1769; x_wconf 88' lang='lat' dir='ltr'><strong>dicens:</strong></span> <span class='ocrx_word' id='word_1_305' title='bbox 2733 1716 2838 1773; x_wconf 87' lang='lat' dir='ltr'><strong>Ubi</strong></span> <span class='ocrx_word' id='word_1_306' title='bbox 2886 1728 2974 1771; x_wconf 89' lang='lat' dir='ltr'><strong>est</strong></span> <span class='ocrx_word' id='word_1_307' title='bbox 3028 1717 3198 1771; x_wconf 84' lang='lat' dir='ltr'><strong>abbas</strong></span> <span class='ocrx_word' id='word_1_308' title='bbox 3248 1718 3524 1772; x_wconf 82' lang='lat' dir='ltr'><strong>Marinus?</strong></span> 
     </span>
    </p>
   </div>
   <div class='ocr_carea' id='block_1_35' title="bbox 1946 1804 3519 1877">
    <p class='ocr_par' dir='ltr' id='par_1_35' title="bbox 1946 1804 3519 1877">
     <span class='ocr_line' id='line_1_35' title="bbox 1946 1804 3519 1877; baseline 0.002 -20"><span class='ocrx_word' id='word_1_309' title='bbox 1946 1804 2087 1859; x_wconf 84' lang='lat' dir='ltr'><strong>Ecce</strong></span> <span class='ocrx_word' id='word_1_310' title='bbox 2121 1807 2268 1859; x_wconf 90' lang='lat' dir='ltr'><strong>enim</strong></span> <span class='ocrx_word' id='word_1_311' title='bbox 2294 1806 2403 1876; x_wconf 91' lang='lat' dir='ltr'><strong>jam</strong></span> <span class='ocrx_word' id='word_1_312' title='bbox 2434 1806 2824 1875; x_wconf 66' lang='lat' dir='ltr'><strong>praeterierunt</strong></span> <span class='ocrx_word' id='word_1_313' title='bbox 2855 1816 2966 1861; x_wconf 91' lang='lat' dir='ltr'><strong>tres</strong></span> <span class='ocrx_word' id='word_1_314' title='bbox 2993 1807 3131 1871; x_wconf 85' lang='lat' dir='ltr'><strong>dies,</strong></span> <span class='ocrx_word' id='word_1_315' title='bbox 3163 1823 3227 1862; x_wconf 77' lang='lat' dir='ltr'><strong>ex</strong></span> <span class='ocrx_word' id='word_1_316' title='bbox 3257 1824 3367 1877; x_wconf 88' lang='lat' dir='ltr'><strong>quo</strong></span> <span class='ocrx_word' id='word_1_317' title='bbox 3392 1823 3519 1862; x_wconf 89' lang='lat' dir='ltr'><strong>eum</strong></span> 
     </span>
    </p>
   </div>
   <div class='ocr_carea' id='block_1_36' title="bbox 1946 1896 3522 1967">
    <p class='ocr_par' dir='ltr' id='par_1_36' title="bbox 1946 1896 3522 1967">
     <span class='ocr_line' id='line_1_36' title="bbox 1946 1896 3522 1967; baseline 0.003 -18"><span class='ocrx_word' id='word_1_318' title='bbox 1946 1911 2056 1949; x_wconf 92' lang='lat' dir='ltr'><strong>non</strong></span> <span class='ocrx_word' id='word_1_319' title='bbox 2104 1896 2215 1950; x_wconf 89' lang='lat' dir='ltr'><strong>vidi</strong></span> <span class='ocrx_word' id='word_1_320' title='bbox 2257 1898 2313 1951; x_wconf 91' lang='lat' dir='ltr'><strong>in</strong></span> <span class='ocrx_word' id='word_1_321' title='bbox 2346 1897 2676 1967; x_wconf 89' lang='lat' dir='ltr'><strong>psalmodia,</strong></span> <span class='ocrx_word' id='word_1_322' title='bbox 2728 1912 2906 1967; x_wconf 86' lang='lat' dir='ltr'><strong>neque</strong></span> <span class='ocrx_word' id='word_1_323' title='bbox 2951 1898 3004 1950; x_wconf 88' lang='lat' dir='ltr'><strong>in</strong></span> <span class='ocrx_word' id='word_1_324' title='bbox 3044 1914 3145 1953; x_wconf 92' lang='lat' dir='ltr'><strong>suo</strong></span> <span class='ocrx_word' id='word_1_325' title='bbox 3189 1900 3522 1953; x_wconf 86' lang='lat' dir='ltr'><strong>ministerio.</strong></span> 
     </span>
    </p>
   </div>
   <div class='ocr_carea' id='block_1_37' title="bbox 1947 1986 3521 2061">
    <p class='ocr_par' dir='ltr' id='par_1_37' title="bbox 1947 1986 3521 2061">
     <span class='ocr_line' id='line_1_37' title="bbox 1947 1986 3521 2061; baseline 0.004 -22"><span class='ocrx_word' id='word_1_326' title='bbox 1947 1986 2165 2042; x_wconf 87' lang='lat' dir='ltr'><strong>Primus</strong></span> <span class='ocrx_word' id='word_1_327' title='bbox 2207 1999 2414 2053; x_wconf 88' lang='lat' dir='ltr'><strong>autem,</strong></span> <span class='ocrx_word' id='word_1_328' title='bbox 2448 1990 2697 2043; x_wconf 86' lang='lat' dir='ltr'><strong>omnium</strong></span> <span class='ocrx_word' id='word_1_329' title='bbox 2750 1988 3134 2044; x_wconf 89' lang='lat' dir='ltr'><strong>inveniebatur</strong></span> <span class='ocrx_word' id='word_1_330' title='bbox 3187 1990 3240 2043; x_wconf 92' lang='lat' dir='ltr'><strong>in</strong></span> <span class='ocrx_word' id='word_1_331' title='bbox 3291 1991 3521 2061; x_wconf 73' lang='lat' dir='ltr'><strong>Regula.</strong></span> 
     </span>
    </p>
   </div>
   <div class='ocr_carea' id='block_1_38' title="bbox 1945 2078 3522 2151">
    <p class='ocr_par' dir='ltr' id='par_1_38' title="bbox 1945 2078 3522 2151">
     <span class='ocr_line' id='line_1_38' title="bbox 1945 2078 3522 2151; baseline 0.003 -20"><span class='ocrx_word' id='word_1_332' title='bbox 1945 2078 2303 2150; x_wconf 71' lang='lat' dir='ltr'><strong>[ingredimini</strong></span> <span class='ocrx_word' id='word_1_333' title='bbox 2351 2096 2481 2149; x_wconf 85' lang='lat' dir='ltr'><strong>ergo</strong></span> <span class='ocrx_word' id='word_1_334' title='bbox 2530 2084 2648 2151; x_wconf 85' lang='lat' dir='ltr'><strong>ejus</strong></span> <span class='ocrx_word' id='word_1_335' title='bbox 2699 2082 2916 2147; x_wconf 86' lang='lat' dir='ltr'><strong>cellam,</strong></span> <span class='ocrx_word' id='word_1_336' title='bbox 2952 2092 3005 2135; x_wconf 89' lang='lat' dir='ltr'><strong>ct</strong></span> <span class='ocrx_word' id='word_1_337' title='bbox 3052 2082 3256 2145; x_wconf 83' lang='lat' dir='ltr'><strong>videte,</strong></span> <span class='ocrx_word' id='word_1_338' title='bbox 3300 2098 3430 2136; x_wconf 90' lang='lat' dir='ltr'><strong>num</strong></span> <span class='ocrx_word' id='word_1_339' title='bbox 3470 2085 3522 2136; x_wconf 90' lang='lat' dir='ltr'><strong>in</strong></span> 
     </span>
    </p>
   </div>
   <div class='ocr_carea' id='block_1_39' title="bbox 1947 2170 3524 2242">
    <p class='ocr_par' dir='ltr' id='par_1_39' title="bbox 1947 2170 3524 2242">
     <span class='ocr_line' id='line_1_39' title="bbox 1947 2170 3524 2242; baseline 0.002 -19"><span class='ocrx_word' id='word_1_340' title='bbox 1947 2170 2186 2239; x_wconf 88' lang='lat' dir='ltr'><strong>aliquam</strong></span> <span class='ocrx_word' id='word_1_341' title='bbox 2227 2172 2491 2226; x_wconf 82' lang='lat' dir='ltr'><strong>ceciderit</strong></span> <span class='ocrx_word' id='word_1_342' title='bbox 2520 2172 2924 2242; x_wconf 75' lang='lat' dir='ltr'><strong>aegritudinem.</strong></span> <span class='ocrx_word' id='word_1_343' title='bbox 2958 2170 3095 2226; x_wconf 87' lang='lat' dir='ltr'><strong>Cum</strong></span> <span class='ocrx_word' id='word_1_344' title='bbox 3127 2181 3308 2226; x_wconf 86' lang='lat' dir='ltr'><strong>autem</strong></span> <span class='ocrx_word' id='word_1_345' title='bbox 3342 2172 3524 2226; x_wconf 84' lang='lat' dir='ltr'><strong>venis-</strong></span> 
     </span>
    </p>
   </div>
   <div class='ocr_carea' id='block_1_40' title="bbox 1949 2252 3524 2336">
    <p class='ocr_par' dir='ltr' id='par_1_40' title="bbox 1949 2252 3524 2336">
     <span class='ocr_line' id='line_1_40' title="bbox 1949 2252 3524 2336; baseline 0.001 -20"><span class='ocrx_word' id='word_1_346' title='bbox 1949 2272 2073 2317; x_wconf 84' lang='lat' dir='ltr'><strong>sent</strong></span> <span class='ocrx_word' id='word_1_347' title='bbox 2098 2263 2300 2318; x_wconf 82' lang='lat' dir='ltr'><strong>fratres</strong></span> <span class='ocrx_word' id='word_1_348' title='bbox 2328 2265 2383 2318; x_wconf 86' lang='lat' dir='ltr'><strong>in</strong></span> <span class='ocrx_word' id='word_1_349' title='bbox 2425 2264 2618 2318; x_wconf 85' lang='lat' dir='ltr'><strong>cellam</strong></span> <span class='ocrx_word' id='word_1_350' title='bbox 2674 2252 2868 2330; x_wconf 62' lang='lat' dir='ltr'><strong>beatae,</strong></span> <span class='ocrx_word' id='word_1_351' title='bbox 2902 2264 3135 2336; x_wconf 81' lang='lat' dir='ltr'><strong>ingressi</strong></span> <span class='ocrx_word' id='word_1_352' title='bbox 3186 2266 3524 2321; x_wconf 79' lang='lat' dir='ltr'><strong>invenerunt</strong></span> 
     </span>
    </p>
   </div>
   <div class='ocr_carea' id='block_1_41' title="bbox 1946 2354 3526 2426">
    <p class='ocr_par' dir='ltr' id='par_1_41' title="bbox 1946 2354 3526 2426">
     <span class='ocr_line' id='line_1_41' title="bbox 1946 2354 3526 2426; baseline 0.001 -18"><span class='ocrx_word' id='word_1_353' title='bbox 1946 2368 2068 2408; x_wconf 88' lang='lat' dir='ltr'><strong>eam</strong></span> <span class='ocrx_word' id='word_1_354' title='bbox 2103 2363 2539 2408; x_wconf 87' lang='lat' dir='ltr'><strong>consummatam</strong></span> <span class='ocrx_word' id='word_1_355' title='bbox 2564 2354 2619 2408; x_wconf 87' lang='lat' dir='ltr'><strong>in</strong></span> <span class='ocrx_word' id='word_1_356' title='bbox 2653 2354 2911 2421; x_wconf 88' lang='lat' dir='ltr'><strong>Domino,</strong></span> <span class='ocrx_word' id='word_1_357' title='bbox 2942 2366 2996 2410; x_wconf 92' lang='lat' dir='ltr'><strong>et</strong></span> <span class='ocrx_word' id='word_1_358' title='bbox 3021 2372 3252 2426; x_wconf 87' lang='lat' dir='ltr'><strong>puerum</strong></span> <span class='ocrx_word' id='word_1_359' title='bbox 3293 2356 3344 2409; x_wconf 92' lang='lat' dir='ltr'><strong>ei</strong></span> <span class='ocrx_word' id='word_1_360' title='bbox 3382 2358 3526 2411; x_wconf 84' lang='lat' dir='ltr'><strong>assi-</strong></span> 
     </span>
    </p>
   </div>
   <div class='ocr_carea' id='block_1_42' title="bbox 1948 2444 3524 2515">
    <p class='ocr_par' dir='ltr' id='par_1_42' title="bbox 1948 2444 3524 2515">
     <span class='ocr_line' id='line_1_42' title="bbox 1948 2444 3524 2515; baseline 0.001 -16"><span class='ocrx_word' id='word_1_361' title='bbox 1948 2444 2172 2499; x_wconf 86' lang='lat' dir='ltr'><strong>dentem</strong></span> <span class='ocrx_word' id='word_1_362' title='bbox 2201 2452 2255 2499; x_wconf 88' lang='lat' dir='ltr'><strong>et</strong></span> <span class='ocrx_word' id='word_1_363' title='bbox 2288 2445 2532 2499; x_wconf 80' lang='lat' dir='ltr'><strong>ﬂentem.</strong></span> <span class='ocrx_word' id='word_1_364' title='bbox 2568 2445 2725 2499; x_wconf 87' lang='lat' dir='ltr'><strong>Tunc</strong></span> <span class='ocrx_word' id='word_1_365' title='bbox 2776 2462 3011 2515; x_wconf 84' lang='lat' dir='ltr'><strong>propere</strong></span> <span class='ocrx_word' id='word_1_366' title='bbox 3059 2448 3265 2515; x_wconf 77' lang='lat' dir='ltr'><strong>egressi</strong></span> <span class='ocrx_word' id='word_1_367' title='bbox 3301 2447 3524 2509; x_wconf 81' lang='lat' dir='ltr'><strong>fratres,</strong></span> 
     </span>
    </p>
   </div>
   <div class='ocr_carea' id='block_1_43' title="bbox 1946 2536 3525 2608">
    <p class='ocr_par' dir='ltr' id='par_1_43' title="bbox 1946 2536 3525 2608">
     <span class='ocr_line' id='line_1_43' title="bbox 1946 2536 3525 2608; baseline 0.003 -18"><span class='ocrx_word' id='word_1_368' title='bbox 1946 2536 2206 2608; x_wconf 67' lang='lat' dir='ltr'><strong>praafecto</strong></span> <span class='ocrx_word' id='word_1_369' title='bbox 2251 2537 2663 2600; x_wconf 86' lang='lat' dir='ltr'><strong>renuntiarunt,</strong></span> <span class='ocrx_word' id='word_1_370' title='bbox 2702 2538 3002 2597; x_wconf 85' lang='lat' dir='ltr'><strong>dicentes:</strong></span> <span class='ocrx_word' id='word_1_371' title='bbox 3036 2540 3227 2595; x_wconf 88' lang='lat' dir='ltr'><strong>Frater</strong></span> <span class='ocrx_word' id='word_1_372' title='bbox 3284 2541 3525 2595; x_wconf 83' lang='lat' dir='ltr'><strong>Marinus</strong></span> 
     </span>
    </p>
   </div>
   <div class='ocr_carea' id='block_1_44' title="bbox 1945 2629 3526 2695">
    <p class='ocr_par' dir='ltr' id='par_1_44' title="bbox 1945 2629 3526 2695">
     <span class='ocr_line' id='line_1_44' title="bbox 1945 2629 3526 2695; baseline 0.003 -12"><span class='ocrx_word' id='word_1_373' title='bbox 1945 2629 2192 2683; x_wconf 90' lang='lat' dir='ltr'><strong>dormiit.</strong></span> <span class='ocrx_word' id='word_1_374' title='bbox 2241 2629 2335 2682; x_wconf 93' lang='lat' dir='ltr'><strong>Ille</strong></span> <span class='ocrx_word' id='word_1_375' title='bbox 2384 2643 2516 2683; x_wconf 86' lang='lat' dir='ltr'><strong>vero</strong></span> <span class='ocrx_word' id='word_1_376' title='bbox 2567 2644 2695 2684; x_wconf 89' lang='lat' dir='ltr'><strong>cum</strong></span> <span class='ocrx_word' id='word_1_377' title='bbox 2735 2630 3024 2695; x_wconf 83' lang='lat' dir='ltr'><strong>audiisset,</strong></span> <span class='ocrx_word' id='word_1_378' title='bbox 3076 2633 3308 2686; x_wconf 88' lang='lat' dir='ltr'><strong>miratus</strong></span> <span class='ocrx_word' id='word_1_379' title='bbox 3342 2642 3426 2687; x_wconf 92' lang='lat' dir='ltr'><strong>est</strong></span> <span class='ocrx_word' id='word_1_380' title='bbox 3469 2643 3526 2688; x_wconf 88' lang='lat' dir='ltr'><strong>et</strong></span> 
     </span>
    </p>
   </div>
   <div class='ocr_carea' id='block_1_45' title="bbox 1944 2719 3525 2795">
    <p class='ocr_par' dir='ltr' id='par_1_45' title="bbox 1944 2719 3525 2795">
     <span class='ocr_line' id='line_1_45' title="bbox 1944 2719 3525 2795; baseline 0.003 -21"><span class='ocrx_word' id='word_1_381' title='bbox 1944 2719 2130 2775; x_wconf 76' lang='lat' dir='ltr'><strong>dixit:</strong></span> <span class='ocrx_word' id='word_1_382' title='bbox 2167 2720 2456 2786; x_wconf 85' lang='lat' dir='ltr'><strong>Quomodo</strong></span> <span class='ocrx_word' id='word_1_383' title='bbox 2508 2723 2744 2777; x_wconf 74' lang='lat' dir='ltr'><strong>excessit</strong></span> <span class='ocrx_word' id='word_1_384' title='bbox 2789 2723 2908 2793; x_wconf 85' lang='lat' dir='ltr'><strong>ejus</strong></span> <span class='ocrx_word' id='word_1_385' title='bbox 2955 2724 3159 2788; x_wconf 89' lang='lat' dir='ltr'><strong>anima,</strong></span> <span class='ocrx_word' id='word_1_386' title='bbox 3217 2734 3311 2780; x_wconf 90' lang='lat' dir='ltr'><strong>aut</strong></span> <span class='ocrx_word' id='word_1_387' title='bbox 3359 2741 3525 2795; x_wconf 89' lang='lat' dir='ltr'><strong>quam</strong></span> 
     </span>
    </p>
   </div>
   <div class='ocr_carea' id='block_1_46' title="bbox 261 2807 1848 2889">
    <p class='ocr_par' dir='ltr' id='par_1_46' title="bbox 261 2807 1846 2883">
     <span class='ocr_line' id='line_1_46' title="bbox 261 2807 1846 2883; baseline 0.001 -22"><span class='ocrx_word' id='word_1_388' title='bbox 261 2808 507 2880; x_wconf 80' lang='grc' dir='ltr'>ἁμαρτία</span> <span class='ocrx_word' id='word_1_389' title='bbox 529 2825 546 2839; x_wconf 89' lang='grc'><strong>·</strong></span> <span class='ocrx_word' id='word_1_390' title='bbox 576 2809 770 2881; x_wconf 75' lang='grc' dir='ltr'><strong>ἐπειδὴ</strong></span> <span class='ocrx_word' id='word_1_391' title='bbox 791 2809 846 2863; x_wconf 67' lang='grc' dir='ltr'><strong>δὲ</strong></span> <span class='ocrx_word' id='word_1_392' title='bbox 881 2812 940 2863; x_wconf 80' lang='grc' dir='ltr'>ἐν</span> <span class='ocrx_word' id='word_1_393' title='bbox 967 2810 1162 2883; x_wconf 77' lang='grc' dir='ltr'>ἀγνοίᾳ</span> <span class='ocrx_word' id='word_1_394' title='bbox 1183 2808 1471 2880; x_wconf 75' lang='grc' dir='ltr'>ἐποίησας,</span> <span class='ocrx_word' id='word_1_395' title='bbox 1502 2807 1846 2878; x_wconf 78' lang='grc' dir='ltr'>ἀφεθήσεταί</span> 
     </span>
    </p>
   </div>
   <div class='ocr_carea' id='block_1_47' title="bbox 1946 2807 3527 2889">
    <p class='ocr_par' dir='ltr' id='par_1_47' title="bbox 1947 2813 3527 2889">
     <span class='ocr_line' id='line_1_47' title="bbox 1947 2813 3527 2889; baseline 0.005 -22"><span class='ocrx_word' id='word_1_396' title='bbox 1947 2813 2061 2868; x_wconf 91' lang='lat' dir='ltr'><strong>Deo</strong></span> <span class='ocrx_word' id='word_1_397' title='bbox 2093 2814 2363 2868; x_wconf 90' lang='lat' dir='ltr'><strong>allaturus</strong></span> <span class='ocrx_word' id='word_1_398' title='bbox 2390 2824 2478 2868; x_wconf 90' lang='lat' dir='ltr'><strong>est</strong></span> <span class='ocrx_word' id='word_1_399' title='bbox 2529 2815 2941 2870; x_wconf 80' lang='lat' dir='ltr'><strong>excusationem</strong></span> <span class='ocrx_word' id='word_1_400' title='bbox 2977 2819 3045 2871; x_wconf 91' lang='lat' dir='ltr'><strong>de</strong></span> <span class='ocrx_word' id='word_1_401' title='bbox 3074 2818 3142 2872; x_wconf 89' lang='lat' dir='ltr'><strong>iis</strong></span> <span class='ocrx_word' id='word_1_402' title='bbox 3174 2835 3297 2889; x_wconf 65' lang='lat' dir='ltr'><strong>quae</strong></span> <span class='ocrx_word' id='word_1_403' title='bbox 3328 2835 3527 2889; x_wconf 37' lang='lat' dir='ltr'><strong>peccat</strong></span> 
     </span>
    </p>
   </div>
   <div class='ocr_carea' id='block_1_48' title="bbox 263 2902 3523 2975">
    <p class='ocr_par' dir='ltr' id='par_1_48' title="bbox 263 2902 3523 2975">
     <span class='ocr_line' id='line_1_48' title="bbox 263 2902 3523 2975; baseline 0.002 -22"><span class='ocrx_word' id='word_1_404' title='bbox 263 2916 371 2954; x_wconf 85' lang='grc' dir='ltr'>σοι.</span> <span class='ocrx_word' id='word_1_405' title='bbox 1944 2902 2062 2957; x_wconf 91' lang='lat' dir='ltr'><strong>vit?</strong></span> <span class='ocrx_word' id='word_1_406' title='bbox 2097 2902 2254 2956; x_wconf 90' lang='lat' dir='ltr'><strong>Tunc</strong></span> <span class='ocrx_word' id='word_1_407' title='bbox 2296 2902 2366 2956; x_wconf 91' lang='lat' dir='ltr'><strong>de</strong></span> <span class='ocrx_word' id='word_1_408' title='bbox 2409 2912 2612 2957; x_wconf 70' lang='lat' dir='ltr'><strong>caetero</strong></span> <span class='ocrx_word' id='word_1_409' title='bbox 2650 2903 2834 2974; x_wconf 87' lang='lat' dir='ltr'><strong>jussit,</strong></span> <span class='ocrx_word' id='word_1_410' title='bbox 2886 2919 2947 2957; x_wconf 90' lang='lat' dir='ltr'><strong>ut</strong></span> <span class='ocrx_word' id='word_1_411' title='bbox 2974 2904 3026 2959; x_wconf 91' lang='lat' dir='ltr'><strong>ei</strong></span> <span class='ocrx_word' id='word_1_412' title='bbox 3071 2906 3219 2975; x_wconf 87' lang='lat' dir='ltr'><strong>justa</strong></span> <span class='ocrx_word' id='word_1_413' title='bbox 3255 2904 3523 2962; x_wconf 79' lang='lat' dir='ltr'><strong>faceent.</strong></span> 
     </span>
    </p>
   </div>
   <div class='ocr_carea' id='block_1_49' title="bbox 257 2991 3526 3063">
    <p class='ocr_par' dir='ltr' id='par_1_49' title="bbox 257 2991 3526 3063">
     <span class='ocr_line' id='line_1_49' title="bbox 257 2991 3526 3063; baseline -0.001 -12"><span class='ocrx_word' id='word_1_414' title='bbox 257 2994 394 3051; x_wconf 86' lang='lat' dir='ltr'><strong>Cum</strong></span> <span class='ocrx_word' id='word_1_415' title='bbox 423 3004 612 3049; x_wconf 87' lang='lat' dir='ltr'><strong>autem</strong></span> <span class='ocrx_word' id='word_1_416' title='bbox 644 2995 928 3050; x_wconf 82' lang='lat' dir='ltr'><strong>venissent</strong></span> <span class='ocrx_word' id='word_1_417' title='bbox 950 2992 1170 3059; x_wconf 83' lang='lat' dir='ltr'><strong>fratres,</strong></span> <span class='ocrx_word' id='word_1_418' title='bbox 1214 3001 1276 3048; x_wconf 90' lang='lat' dir='ltr'><strong>ut</strong></span> <span class='ocrx_word' id='word_1_419' title='bbox 1300 3008 1427 3050; x_wconf 91' lang='lat' dir='ltr'><strong>eum</strong></span> <span class='ocrx_word' id='word_1_420' title='bbox 1455 3002 1855 3063; x_wconf 86' lang='lat' dir='ltr'><strong>componerent</strong></span> <span class='ocrx_word' id='word_1_421' title='bbox 1884 2993 1953 3046; x_wconf 87' lang='lat' dir='ltr'><strong>ad</strong></span> <span class='ocrx_word' id='word_1_422' title='bbox 1996 2991 2403 3062; x_wconf 85' lang='lat' dir='ltr'><strong>sepeliendum,</strong></span> <span class='ocrx_word' id='word_1_423' title='bbox 2432 2991 2767 3047; x_wconf 91' lang='lat' dir='ltr'><strong>invenerunt</strong></span> <span class='ocrx_word' id='word_1_424' title='bbox 2791 3007 2919 3047; x_wconf 90' lang='lat' dir='ltr'><strong>eum</strong></span> <span class='ocrx_word' id='word_1_425' title='bbox 2954 3008 3076 3048; x_wconf 88' lang='lat' dir='ltr'><strong>esse</strong></span> <span class='ocrx_word' id='word_1_426' title='bbox 3108 2995 3391 3049; x_wconf 80' lang='lat' dir='ltr'><strong>mulierem</strong></span> <span class='ocrx_word' id='word_1_427' title='bbox 3422 3014 3433 3048; x_wconf 94' lang='lat'><strong>:</strong></span> <span class='ocrx_word' id='word_1_428' title='bbox 3468 3006 3526 3050; x_wconf 89' lang='lat' dir='ltr'><strong>et</strong></span> 
     </span>
    </p>
   </div>
   <div class='ocr_carea' id='block_1_50' title="bbox 257 3085 3529 3160">
    <p class='ocr_par' dir='ltr' id='par_1_50' title="bbox 257 3085 3529 3160">
     <span class='ocr_line' id='line_1_50' title="bbox 257 3085 3529 3160; baseline -0.001 -14"><span class='ocrx_word' id='word_1_429' title='bbox 257 3089 577 3160; x_wconf 74' lang='lat' dir='ltr'><strong>stupefacti,</strong></span> <span class='ocrx_word' id='word_1_430' title='bbox 615 3098 909 3159; x_wconf 66' lang='lat' dir='ltr'><strong>coeperunt</strong></span> <span class='ocrx_word' id='word_1_431' title='bbox 936 3103 1133 3143; x_wconf 76' lang='lat' dir='ltr'><strong>omnes</strong></span> <span class='ocrx_word' id='word_1_432' title='bbox 1167 3103 1275 3143; x_wconf 88' lang='lat' dir='ltr'><strong>una</strong></span> <span class='ocrx_word' id='word_1_433' title='bbox 1321 3102 1455 3143; x_wconf 85' lang='lat' dir='ltr'><strong>voce</strong></span> <span class='ocrx_word' id='word_1_434' title='bbox 1481 3088 1725 3143; x_wconf 71' lang='lat' dir='ltr'><strong>ciamare</strong></span> <span class='ocrx_word' id='word_1_435' title='bbox 1757 3104 1772 3141; x_wconf 90' lang='lat'>:</span> <span class='ocrx_word' id='word_1_436' title='bbox 1807 3088 2060 3155; x_wconf 88' lang='lat' dir='ltr'><strong>Domine,</strong></span> <span class='ocrx_word' id='word_1_437' title='bbox 2096 3087 2382 3141; x_wconf 89' lang='lat' dir='ltr'><strong>miserere.</strong></span> <span class='ocrx_word' id='word_1_438' title='bbox 2415 3085 2717 3140; x_wconf 65' lang='lat' dir='ltr'><strong>Praefectus</strong></span> <span class='ocrx_word' id='word_1_439' title='bbox 2755 3102 2885 3141; x_wconf 78' lang='lat' dir='ltr'><strong>vero</strong></span> <span class='ocrx_word' id='word_1_440' title='bbox 2927 3103 3052 3142; x_wconf 93' lang='lat' dir='ltr'><strong>cum</strong></span> <span class='ocrx_word' id='word_1_441' title='bbox 3082 3090 3377 3143; x_wconf 89' lang='lat' dir='ltr'><strong>tumultum</strong></span> <span class='ocrx_word' id='word_1_442' title='bbox 3423 3104 3529 3143; x_wconf 84' lang='lat' dir='ltr'><strong>au-</strong></span> 
     </span>
    </p>
   </div>
   <div class='ocr_carea' id='block_1_51' title="bbox 256 3181 3530 3255">
    <p class='ocr_par' dir='ltr' id='par_1_51' title="bbox 256 3181 3530 3255">
     <span class='ocr_line' id='line_1_51' title="bbox 256 3181 3530 3255; baseline -0.001 -14"><span class='ocrx_word' id='word_1_443' title='bbox 256 3187 453 3243; x_wconf 84' lang='lat' dir='ltr'><strong>diisset</strong></span> <span class='ocrx_word' id='word_1_444' title='bbox 480 3194 541 3242; x_wconf 89' lang='lat' dir='ltr'><strong>et</strong></span> <span class='ocrx_word' id='word_1_445' title='bbox 568 3185 1083 3247; x_wconf 85' lang='lat' dir='ltr'><strong>conturbationem,</strong></span> <span class='ocrx_word' id='word_1_446' title='bbox 1138 3185 1373 3255; x_wconf 77' lang='lat' dir='ltr'><strong>rogavit,</strong></span> <span class='ocrx_word' id='word_1_447' title='bbox 1429 3184 1624 3239; x_wconf 84' lang='lat' dir='ltr'><strong>dicens</strong></span> <span class='ocrx_word' id='word_1_448' title='bbox 1656 3200 1672 3239; x_wconf 92' lang='lat'><strong>:</strong></span> <span class='ocrx_word' id='word_1_449' title='bbox 1710 3183 1987 3250; x_wconf 82' lang='lat' dir='ltr'><strong>Quidnam</strong></span> <span class='ocrx_word' id='word_1_450' title='bbox 2024 3183 2131 3238; x_wconf 89' lang='lat' dir='ltr'><strong>hoc</strong></span> <span class='ocrx_word' id='word_1_451' title='bbox 2154 3182 2260 3238; x_wconf 88' lang='lat' dir='ltr'><strong>sibi</strong></span> <span class='ocrx_word' id='word_1_452' title='bbox 2310 3182 2468 3237; x_wconf 87' lang='lat' dir='ltr'><strong>vult?</strong></span> <span class='ocrx_word' id='word_1_453' title='bbox 2509 3181 2591 3235; x_wconf 91' lang='lat' dir='ltr'><strong>llli</strong></span> <span class='ocrx_word' id='word_1_454' title='bbox 2622 3193 2804 3237; x_wconf 90' lang='lat' dir='ltr'><strong>autem</strong></span> <span class='ocrx_word' id='word_1_455' title='bbox 2838 3182 3028 3239; x_wconf 89' lang='lat' dir='ltr'><strong>dicunt</strong></span> <span class='ocrx_word' id='word_1_456' title='bbox 3058 3183 3108 3238; x_wconf 90' lang='lat' dir='ltr'><strong>ci</strong></span> <span class='ocrx_word' id='word_1_457' title='bbox 3140 3200 3264 3239; x_wconf 88' lang='lat' dir='ltr'><strong>cum</strong></span> <span class='ocrx_word' id='word_1_458' title='bbox 3290 3184 3530 3240; x_wconf 84' lang='lat' dir='ltr'><strong>admira-</strong></span> 
     </span>
    </p>
   </div>
   <div class='ocr_carea' id='block_1_52' title="bbox 258 3274 3529 3345">
    <p class='ocr_par' dir='ltr' id='par_1_52' title="bbox 258 3274 3529 3345">
     <span class='ocr_line' id='line_1_52' title="bbox 258 3274 3529 3345; baseline -0 -10"><span class='ocrx_word' id='word_1_459' title='bbox 258 3283 410 3336; x_wconf 83' lang='lat' dir='ltr'><strong>tione</strong></span> <span class='ocrx_word' id='word_1_460' title='bbox 442 3297 457 3335; x_wconf 85' lang='lat'><strong>:</strong></span> <span class='ocrx_word' id='word_1_461' title='bbox 492 3279 687 3335; x_wconf 78' lang='lat' dir='ltr'><strong>Frater</strong></span> <span class='ocrx_word' id='word_1_462' title='bbox 716 3291 902 3334; x_wconf 72' lang='lat' dir='ltr'><strong>nosmr</strong></span> <span class='ocrx_word' id='word_1_463' title='bbox 932 3277 1175 3332; x_wconf 76' lang='lat' dir='ltr'><strong>Marinus</strong></span> <span class='ocrx_word' id='word_1_464' title='bbox 1201 3287 1287 3333; x_wconf 90' lang='lat' dir='ltr'><strong>est</strong></span> <span class='ocrx_word' id='word_1_465' title='bbox 1312 3293 1446 3333; x_wconf 81' lang='lat' dir='ltr'><strong>sexu</strong></span> <span class='ocrx_word' id='word_1_466' title='bbox 1489 3278 1711 3331; x_wconf 89' lang='lat' dir='ltr'><strong>mulier.</strong></span> <span class='ocrx_word' id='word_1_467' title='bbox 1750 3275 1890 3330; x_wconf 89' lang='lat' dir='ltr'><strong>Cum</strong></span> <span class='ocrx_word' id='word_1_468' title='bbox 1928 3275 2172 3330; x_wconf 76' lang='lat' dir='ltr'><strong>venisset</strong></span> <span class='ocrx_word' id='word_1_469' title='bbox 2210 3289 2343 3345; x_wconf 89' lang='lat' dir='ltr'><strong>ergo</strong></span> <span class='ocrx_word' id='word_1_470' title='bbox 2373 3274 2690 3342; x_wconf 67' lang='lat' dir='ltr'><strong>praefectus,</strong></span> <span class='ocrx_word' id='word_1_471' title='bbox 2723 3282 2780 3328; x_wconf 89' lang='lat' dir='ltr'><strong>et</strong></span> <span class='ocrx_word' id='word_1_472' title='bbox 2807 3275 3038 3329; x_wconf 90' lang='lat' dir='ltr'><strong>vidisset</strong></span> <span class='ocrx_word' id='word_1_473' title='bbox 3070 3292 3187 3331; x_wconf 91' lang='lat' dir='ltr'><strong>rem</strong></span> <span class='ocrx_word' id='word_1_474' title='bbox 3224 3276 3529 3334; x_wconf 76' lang='lat' dir='ltr'><strong>admirabi-</strong></span> 
     </span>
    </p>
   </div>
   <div class='ocr_carea' id='block_1_53' title="bbox 256 3354 3528 3448">
    <p class='ocr_par' dir='ltr' id='par_1_53' title="bbox 256 3354 3528 3448">
     <span class='ocr_line' id='line_1_53' title="bbox 256 3354 3528 3448; baseline -0.002 -14"><span class='ocrx_word' id='word_1_475' title='bbox 256 3378 363 3434; x_wconf 87' lang='lat' dir='ltr'><strong>lem</strong></span> <span class='ocrx_word' id='word_1_476' title='bbox 406 3388 465 3433; x_wconf 86' lang='lat' dir='ltr'><strong>et</strong></span> <span class='ocrx_word' id='word_1_477' title='bbox 503 3388 704 3448; x_wconf 64' lang='lat' dir='ltr'><strong>preter</strong></span> <span class='ocrx_word' id='word_1_478' title='bbox 734 3374 1077 3447; x_wconf 87' lang='lat' dir='ltr'><strong>opinionem,</strong></span> <span class='ocrx_word' id='word_1_479' title='bbox 1107 3390 1168 3429; x_wconf 86' lang='lat' dir='ltr'><strong>se</strong></span> <span class='ocrx_word' id='word_1_480' title='bbox 1212 3374 1367 3428; x_wconf 90' lang='lat' dir='ltr'><strong>humi</strong></span> <span class='ocrx_word' id='word_1_481' title='bbox 1400 3374 1658 3445; x_wconf 89' lang='lat' dir='ltr'><strong>projccit,</strong></span> <span class='ocrx_word' id='word_1_482' title='bbox 1689 3381 1745 3428; x_wconf 90' lang='lat' dir='ltr'><strong>et</strong></span> <span class='ocrx_word' id='word_1_483' title='bbox 1772 3385 1968 3427; x_wconf 83' lang='lat' dir='ltr'><strong>tenens</strong></span> <span class='ocrx_word' id='word_1_484' title='bbox 2008 3372 2178 3442; x_wconf 88' lang='lat' dir='ltr'><strong>pedes</strong></span> <span class='ocrx_word' id='word_1_485' title='bbox 2208 3370 2404 3435; x_wconf 56' lang='lat' dir='ltr'><strong>beatas,</strong></span> <span class='ocrx_word' id='word_1_486' title='bbox 2442 3385 2567 3424; x_wconf 90' lang='lat' dir='ltr'><strong>cum</strong></span> <span class='ocrx_word' id='word_1_487' title='bbox 2617 3369 2805 3423; x_wconf 88' lang='lat' dir='ltr'><strong>multis</strong></span> <span class='ocrx_word' id='word_1_488' title='bbox 2834 3370 3090 3442; x_wconf 75' lang='lat' dir='ltr'><strong>lacrymis</strong></span> <span class='ocrx_word' id='word_1_489' title='bbox 3121 3371 3413 3438; x_wconf 88' lang='lat' dir='ltr'><strong>clamabat,</strong></span> <span class='ocrx_word' id='word_1_490' title='bbox 3439 3354 3528 3426; x_wconf 51' lang='lat' dir='ltr'><strong>di?-</strong></span> 
     </span>
    </p>
   </div>
   <div class='ocr_carea' id='block_1_54' title="bbox 258 3467 3525 3542">
    <p class='ocr_par' dir='ltr' id='par_1_54' title="bbox 258 3467 3525 3542">
     <span class='ocr_line' id='line_1_54' title="bbox 258 3467 3525 3542; baseline -0.002 -14"><span class='ocrx_word' id='word_1_491' title='bbox 258 3488 391 3528; x_wconf 82' lang='lat' dir='ltr'><strong>eens</strong></span> <span class='ocrx_word' id='word_1_492' title='bbox 426 3489 442 3526; x_wconf 92' lang='lat'>:</span> <span class='ocrx_word' id='word_1_493' title='bbox 480 3472 712 3542; x_wconf 76' lang='lat' dir='ltr'><strong>Ignosce</strong></span> <span class='ocrx_word' id='word_1_494' title='bbox 744 3472 903 3534; x_wconf 85' lang='lat' dir='ltr'><strong>mihi,</strong></span> <span class='ocrx_word' id='word_1_495' title='bbox 935 3470 1169 3526; x_wconf 87' lang='lat' dir='ltr'><strong>Domine</strong></span> <span class='ocrx_word' id='word_1_496' title='bbox 1205 3470 1334 3525; x_wconf 84' lang='lat' dir='ltr'><strong>Jesu</strong></span> <span class='ocrx_word' id='word_1_497' title='bbox 1374 3468 1618 3533; x_wconf 85' lang='lat' dir='ltr'><strong>Christe,</strong></span> <span class='ocrx_word' id='word_1_498' title='bbox 1649 3467 1798 3537; x_wconf 91' lang='lat' dir='ltr'><strong>quod</strong></span> <span class='ocrx_word' id='word_1_499' title='bbox 1852 3482 1950 3536; x_wconf 87' lang='lat' dir='ltr'><strong>per</strong></span> <span class='ocrx_word' id='word_1_500' title='bbox 1995 3467 2363 3537; x_wconf 81' lang='lat' dir='ltr'><strong>ignorantiam</strong></span> <span class='ocrx_word' id='word_1_501' title='bbox 2407 3467 2630 3535; x_wconf 85' lang='lat' dir='ltr'><strong>peccavi</strong></span> <span class='ocrx_word' id='word_1_502' title='bbox 2663 3467 2717 3519; x_wconf 90' lang='lat' dir='ltr'><strong>in</strong></span> <span class='ocrx_word' id='word_1_503' title='bbox 2753 3473 3000 3520; x_wconf 87' lang='lat' dir='ltr'><strong>sanctam</strong></span> <span class='ocrx_word' id='word_1_504' title='bbox 3031 3473 3088 3521; x_wconf 94' lang='lat' dir='ltr'><strong>et</strong></span> <span class='ocrx_word' id='word_1_505' title='bbox 3131 3480 3337 3520; x_wconf 67' lang='lat' dir='ltr'><strong>cassam</strong></span> <span class='ocrx_word' id='word_1_506' title='bbox 3376 3475 3525 3522; x_wconf 86' lang='lat' dir='ltr'><strong>tuam</strong></span> 
     </span>
    </p>
   </div>
   <div class='ocr_carea' id='block_1_55' title="bbox 258 3559 3526 3635">
    <p class='ocr_par' dir='ltr' id='par_1_55' title="bbox 258 3559 3526 3635">
     <span class='ocr_line' id='line_1_55' title="bbox 258 3559 3526 3635; baseline -0.001 -15"><span class='ocrx_word' id='word_1_507' title='bbox 258 3581 544 3635; x_wconf 82' lang='lat' dir='ltr'><strong>sponsam.</strong></span> <span class='ocrx_word' id='word_1_508' title='bbox 578 3563 649 3619; x_wconf 83' lang='lat' dir='ltr'><strong>Et</strong></span> <span class='ocrx_word' id='word_1_509' title='bbox 674 3580 873 3619; x_wconf 84' lang='lat' dir='ltr'><strong>rursus</strong></span> <span class='ocrx_word' id='word_1_510' title='bbox 893 3566 1192 3634; x_wconf 88' lang='lat' dir='ltr'><strong>procidens</strong></span> <span class='ocrx_word' id='word_1_511' title='bbox 1219 3561 1288 3617; x_wconf 92' lang='lat' dir='ltr'><strong>ad</strong></span> <span class='ocrx_word' id='word_1_512' title='bbox 1315 3560 1661 3616; x_wconf 87' lang='lat' dir='ltr'><strong>venerandas</strong></span> <span class='ocrx_word' id='word_1_513' title='bbox 1691 3571 1748 3614; x_wconf 82' lang='lat' dir='ltr'><strong>et</strong></span> <span class='ocrx_word' id='word_1_514' title='bbox 1772 3569 1998 3614; x_wconf 87' lang='lat' dir='ltr'><strong>sanctas</strong></span> <span class='ocrx_word' id='word_1_515' title='bbox 2024 3561 2145 3630; x_wconf 87' lang='lat' dir='ltr'><strong>ejus</strong></span> <span class='ocrx_word' id='word_1_516' title='bbox 2187 3560 2475 3629; x_wconf 88' lang='lat' dir='ltr'><strong>reliquias,</strong></span> <span class='ocrx_word' id='word_1_517' title='bbox 2512 3560 2811 3626; x_wconf 87' lang='lat' dir='ltr'><strong>clamabat,</strong></span> <span class='ocrx_word' id='word_1_518' title='bbox 2839 3561 3061 3618; x_wconf 86' lang='lat' dir='ltr'><strong>dicens:</strong></span> <span class='ocrx_word' id='word_1_519' title='bbox 3096 3559 3196 3614; x_wconf 87' lang='lat' dir='ltr'><strong>llic</strong></span> <span class='ocrx_word' id='word_1_520' title='bbox 3225 3562 3427 3615; x_wconf 90' lang='lat' dir='ltr'><strong>moriar</strong></span> <span class='ocrx_word' id='word_1_521' title='bbox 3456 3563 3526 3616; x_wconf 87' lang='lat' dir='ltr'><strong>ad</strong></span> 
     </span>
    </p>
   </div>
   <div class='ocr_carea' id='block_1_56' title="bbox 258 3652 3523 3726">
    <p class='ocr_par' dir='ltr' id='par_1_56' title="bbox 258 3652 3523 3726">
     <span class='ocr_line' id='line_1_56' title="bbox 258 3652 3523 3726; baseline -0.003 -10"><span class='ocrx_word' id='word_1_522' title='bbox 258 3670 481 3716; x_wconf 79' lang='lat' dir='ltr'><strong>sanctos</strong></span> <span class='ocrx_word' id='word_1_523' title='bbox 503 3668 563 3713; x_wconf 87' lang='lat' dir='ltr'><strong>et</strong></span> <span class='ocrx_word' id='word_1_524' title='bbox 591 3657 941 3714; x_wconf 87' lang='lat' dir='ltr'><strong>venerandos</strong></span> <span class='ocrx_word' id='word_1_525' title='bbox 981 3668 1106 3712; x_wconf 90' lang='lat' dir='ltr'><strong>tuos</strong></span> <span class='ocrx_word' id='word_1_526' title='bbox 1149 3655 1338 3726; x_wconf 83' lang='lat' dir='ltr'><strong>pedes,</strong></span> <span class='ocrx_word' id='word_1_527' title='bbox 1374 3656 1549 3709; x_wconf 86' lang='lat' dir='ltr'><strong>donec</strong></span> <span class='ocrx_word' id='word_1_528' title='bbox 1580 3654 1811 3707; x_wconf 84' lang='lat' dir='ltr'><strong>audiero</strong></span> <span class='ocrx_word' id='word_1_529' title='bbox 1841 3653 1978 3708; x_wconf 90' lang='lat' dir='ltr'><strong>mihi</strong></span> <span class='ocrx_word' id='word_1_530' title='bbox 2000 3667 2122 3707; x_wconf 89' lang='lat' dir='ltr'><strong>esse</strong></span> <span class='ocrx_word' id='word_1_531' title='bbox 2164 3652 2473 3707; x_wconf 88' lang='lat' dir='ltr'><strong>condonata</strong></span> <span class='ocrx_word' id='word_1_532' title='bbox 2499 3670 2565 3708; x_wconf 91' lang='lat' dir='ltr'><strong>ea</strong></span> <span class='ocrx_word' id='word_1_533' title='bbox 2588 3670 2709 3723; x_wconf 76' lang='lat' dir='ltr'><strong>qua:</strong></span> <span class='ocrx_word' id='word_1_534' title='bbox 2743 3652 2799 3707; x_wconf 91' lang='lat' dir='ltr'><strong>in</strong></span> <span class='ocrx_word' id='word_1_535' title='bbox 2832 3662 2883 3708; x_wconf 84' lang='lat' dir='ltr'><strong>te</strong></span> <span class='ocrx_word' id='word_1_536' title='bbox 2919 3653 3158 3724; x_wconf 86' lang='lat' dir='ltr'><strong>peccavi.</strong></span> <span class='ocrx_word' id='word_1_537' title='bbox 3193 3653 3331 3708; x_wconf 90' lang='lat' dir='ltr'><strong>Cum</strong></span> <span class='ocrx_word' id='word_1_538' title='bbox 3366 3655 3411 3707; x_wconf 91' lang='lat' dir='ltr'><strong>is</strong></span> <span class='ocrx_word' id='word_1_539' title='bbox 3430 3670 3523 3707; x_wconf 79' lang='lat' dir='ltr'><strong>au-</strong></span> 
     </span>
    </p>
   </div>
   <div class='ocr_carea' id='block_1_57' title="bbox 261 3746 3525 3823">
    <p class='ocr_par' dir='ltr' id='par_1_57' title="bbox 261 3746 3525 3823">
     <span class='ocr_line' id='line_1_57' title="bbox 261 3746 3525 3823; baseline -0.001 -13"><span class='ocrx_word' id='word_1_540' title='bbox 261 3765 367 3810; x_wconf 85' lang='lat' dir='ltr'><strong>tem</strong></span> <span class='ocrx_word' id='word_1_541' title='bbox 399 3753 498 3808; x_wconf 90' lang='lat' dir='ltr'><strong>diu</strong></span> <span class='ocrx_word' id='word_1_542' title='bbox 531 3752 764 3808; x_wconf 76' lang='lat' dir='ltr'><strong>deﬁeret</strong></span> <span class='ocrx_word' id='word_1_543' title='bbox 795 3760 853 3808; x_wconf 88' lang='lat' dir='ltr'><strong>et</strong></span> <span class='ocrx_word' id='word_1_544' title='bbox 893 3751 1199 3823; x_wconf 84' lang='lat' dir='ltr'><strong>plangeret,</strong></span> <span class='ocrx_word' id='word_1_545' title='bbox 1236 3748 1387 3804; x_wconf 88' lang='lat' dir='ltr'><strong>venit</strong></span> <span class='ocrx_word' id='word_1_546' title='bbox 1421 3749 1488 3802; x_wconf 90' lang='lat' dir='ltr'><strong>ad</strong></span> <span class='ocrx_word' id='word_1_547' title='bbox 1526 3762 1658 3802; x_wconf 90' lang='lat' dir='ltr'><strong>eum</strong></span> <span class='ocrx_word' id='word_1_548' title='bbox 1696 3763 1800 3801; x_wconf 76' lang='lat' dir='ltr'><strong>vox</strong></span> <span class='ocrx_word' id='word_1_549' title='bbox 1847 3748 1915 3801; x_wconf 90' lang='lat' dir='ltr'><strong>de</strong></span> <span class='ocrx_word' id='word_1_550' title='bbox 1961 3747 2125 3810; x_wconf 72' lang='lat' dir='ltr'><strong>coelo,</strong></span> <span class='ocrx_word' id='word_1_551' title='bbox 2160 3746 2355 3801; x_wconf 90' lang='lat' dir='ltr'><strong>dicens</strong></span> <span class='ocrx_word' id='word_1_552' title='bbox 2386 3762 2401 3802; x_wconf 89' lang='lat'><strong>:</strong></span> <span class='ocrx_word' id='word_1_553' title='bbox 2435 3746 2492 3801; x_wconf 90' lang='lat' dir='ltr'><strong>Si</strong></span> <span class='ocrx_word' id='word_1_554' title='bbox 2523 3748 2629 3801; x_wconf 88' lang='lat' dir='ltr'><strong>hoc</strong></span> <span class='ocrx_word' id='word_1_555' title='bbox 2669 3747 2893 3816; x_wconf 89' lang='lat' dir='ltr'><strong>quidem</strong></span> <span class='ocrx_word' id='word_1_556' title='bbox 2925 3748 3106 3802; x_wconf 87' lang='lat' dir='ltr'><strong>sciens</strong></span> <span class='ocrx_word' id='word_1_557' title='bbox 3138 3747 3381 3813; x_wconf 67' lang='lat' dir='ltr'><strong>ferisses,</strong></span> <span class='ocrx_word' id='word_1_558' title='bbox 3414 3764 3525 3807; x_wconf 86' lang='lat' dir='ltr'><strong>non</strong></span> 
     </span>
    </p>
   </div>
   <div class='ocr_carea' id='block_1_58' title="bbox 259 3838 2891 3915">
    <p class='ocr_par' dir='ltr' id='par_1_58' title="bbox 259 3838 2891 3915">
     <span class='ocr_line' id='line_1_58' title="bbox 259 3838 2891 3915; baseline -0.003 -13"><span class='ocrx_word' id='word_1_559' title='bbox 259 3844 359 3902; x_wconf 88' lang='lat' dir='ltr'><strong>tibi</strong></span> <span class='ocrx_word' id='word_1_560' title='bbox 382 3842 829 3909; x_wconf 88' lang='lat' dir='ltr'><strong>condonassem;</strong></span> <span class='ocrx_word' id='word_1_561' title='bbox 861 3845 990 3915; x_wconf 88' lang='lat' dir='ltr'><strong>quia</strong></span> <span class='ocrx_word' id='word_1_562' title='bbox 1018 3854 1203 3898; x_wconf 85' lang='lat' dir='ltr'><strong>autem</strong></span> <span class='ocrx_word' id='word_1_563' title='bbox 1232 3839 1491 3896; x_wconf 89' lang='lat' dir='ltr'><strong>nesciens</strong></span> <span class='ocrx_word' id='word_1_564' title='bbox 1522 3838 1627 3894; x_wconf 86' lang='lat' dir='ltr'><strong>hoc</strong></span> <span class='ocrx_word' id='word_1_565' title='bbox 1658 3838 1866 3904; x_wconf 83' lang='lat' dir='ltr'><strong>fecisti,</strong></span> <span class='ocrx_word' id='word_1_566' title='bbox 1901 3849 2191 3910; x_wconf 88' lang='lat' dir='ltr'><strong>peccatum</strong></span> <span class='ocrx_word' id='word_1_567' title='bbox 2226 3839 2332 3893; x_wconf 88' lang='lat' dir='ltr'><strong>fuit</strong></span> <span class='ocrx_word' id='word_1_568' title='bbox 2369 3838 2467 3892; x_wconf 91' lang='lat' dir='ltr'><strong>tibi</strong></span> <span class='ocrx_word' id='word_1_569' title='bbox 2499 3840 2891 3896; x_wconf 89' lang='lat' dir='ltr'><strong>condonatum.</strong></span> 
     </span>
    </p>
   </div>
   <div class='ocr_carea' id='block_1_59' title="bbox 330 3955 1848 4031">
    <p class='ocr_par' dir='ltr' id='par_1_59' title="bbox 330 3955 1848 4031">
     <span class='ocr_line' id='line_1_59' title="bbox 330 3955 1848 4031; baseline -0.005 -16"><span class='ocrx_word' id='word_1_570' title='bbox 330 3960 417 4015; x_wconf 79' lang='lat' dir='ltr'><strong>H&#39;.</strong></span> <span class='ocrx_word' id='word_1_571' title='bbox 450 3962 563 4014; x_wconf 78' lang='grc' dir='ltr'><strong>Καὶ</strong></span> <span class='ocrx_word' id='word_1_572' title='bbox 610 3959 863 4031; x_wconf 76' lang='grc' dir='ltr'><strong>ἐγερθεὶς</strong></span> <span class='ocrx_word' id='word_1_573' title='bbox 898 3957 1051 4028; x_wconf 78' lang='grc' dir='ltr'>δηλοῖ</span> <span class='ocrx_word' id='word_1_574' title='bbox 1080 3958 1161 4027; x_wconf 84' lang='grc' dir='ltr'>τῷ</span> <span class='ocrx_word' id='word_1_575' title='bbox 1207 3956 1500 4027; x_wconf 75' lang='grc' dir='ltr'>πανδοχεῖο</span> <span class='ocrx_word' id='word_1_576' title='bbox 1548 3956 1643 4009; x_wconf 72' lang='grc' dir='ltr'>καὶ</span> <span class='ocrx_word' id='word_1_577' title='bbox 1672 3955 1848 4008; x_wconf 76' lang='grc' dir='ltr'>εἰσελ-</span> 
     </span>
    </p>
   </div>
   <div class='ocr_carea' id='block_1_60' title="bbox 1946 3955 3529 4031">
    <p class='ocr_par' dir='ltr' id='par_1_60' title="bbox 2028 3955 3529 4028">
     <span class='ocr_line' id='line_1_60' title="bbox 2028 3955 3529 4028; baseline 0.002 -18"><span class='ocrx_word' id='word_1_578' title='bbox 2028 3956 2171 4011; x_wconf 73' lang='lat' dir='ltr'><strong>Vlll.</strong></span> <span class='ocrx_word' id='word_1_579' title='bbox 2215 3956 2372 4011; x_wconf 90' lang='lat' dir='ltr'><strong>Tunc</strong></span> <span class='ocrx_word' id='word_1_580' title='bbox 2399 3971 2633 4027; x_wconf 81' lang='lat' dir='ltr'><strong>surgens</strong></span> <span class='ocrx_word' id='word_1_581' title='bbox 2667 3955 2960 4026; x_wconf 65' lang='lat' dir='ltr'><strong>praefectus</strong></span> <span class='ocrx_word' id='word_1_582' title='bbox 2986 3970 3015 4009; x_wconf 90' lang='lat' dir='ltr'><strong>a</strong></span> <span class='ocrx_word' id='word_1_583' title='bbox 3045 3955 3376 4012; x_wconf 85' lang='lat' dir='ltr'><strong>venerandis</strong></span> <span class='ocrx_word' id='word_1_584' title='bbox 3408 3957 3529 4028; x_wconf 81' lang='lat' dir='ltr'><strong>ejus</strong></span> 
     </span>
    </p>
   </div>
   <div class='ocr_carea' id='block_1_61' title="bbox 260 4045 1846 4118">
    <p class='ocr_par' dir='ltr' id='par_1_61' title="bbox 260 4045 1846 4118">
     <span class='ocr_line' id='line_1_61' title="bbox 260 4045 1846 4118; baseline -0.003 -15"><span class='ocrx_word' id='word_1_585' title='bbox 260 4051 451 4114; x_wconf 76' lang='grc' dir='ltr'>θὸντος</span> <span class='ocrx_word' id='word_1_586' title='bbox 500 4051 670 4104; x_wconf 75' lang='grc' dir='ltr'>αὑτοῦ</span> <span class='ocrx_word' id='word_1_587' title='bbox 709 4049 896 4117; x_wconf 80' lang='grc' dir='ltr'>λέγει’</span> <span class='ocrx_word' id='word_1_588' title='bbox 940 4048 1075 4102; x_wconf 78' lang='grc' dir='ltr'><strong>Ἰδοὺ</strong></span> <span class='ocrx_word' id='word_1_589' title='bbox 1102 4050 1131 4101; x_wconf 85' lang='grc' dir='ltr'>ὁ</span> <span class='ocrx_word' id='word_1_590' title='bbox 1168 4048 1417 4118; x_wconf 82' lang='grc' dir='ltr'>Μαρίνος</span> <span class='ocrx_word' id='word_1_591' title='bbox 1447 4045 1744 4118; x_wconf 72' lang='grc' dir='ltr'>ἐκοιμήθη.</span> <span class='ocrx_word' id='word_1_592' title='bbox 1785 4045 1846 4099; x_wconf 85' lang='lat'><strong>&#39;0</strong></span> 
     </span>
    </p>
   </div>
   <div class='ocr_carea' id='block_1_62' title="bbox 258 4138 1850 4212">
    <p class='ocr_par' dir='ltr' id='par_1_62' title="bbox 258 4138 1850 4212">
     <span class='ocr_line' id='line_1_62' title="bbox 258 4138 1850 4212; baseline -0.004 -15"><span class='ocrx_word' id='word_1_593' title='bbox 258 4145 316 4198; x_wconf 75' lang='grc' dir='ltr'><strong>δὲ</strong></span> <span class='ocrx_word' id='word_1_594' title='bbox 344 4145 501 4212; x_wconf 76' lang='grc' dir='ltr'>λέγει</span> <span class='ocrx_word' id='word_1_595' title='bbox 521 4159 537 4173; x_wconf 79' lang='grc' dir='ltr'><strong>ο</strong></span> <span class='ocrx_word' id='word_1_596' title='bbox 574 4143 633 4196; x_wconf 83' lang='grc'><strong>’0</strong></span> <span class='ocrx_word' id='word_1_597' title='bbox 662 4143 794 4204; x_wconf 75' lang='grc' dir='ltr'>θεὸς</span> <span class='ocrx_word' id='word_1_598' title='bbox 828 4144 1180 4212; x_wconf 78' lang='grc' dir='ltr'>συγχωρήσει</span> <span class='ocrx_word' id='word_1_599' title='bbox 1213 4140 1381 4210; x_wconf 84' lang='grc' dir='ltr'>αὐτῷ,</span> <span class='ocrx_word' id='word_1_600' title='bbox 1407 4140 1489 4193; x_wconf 85' lang='grc' dir='ltr'>ὅτι</span> <span class='ocrx_word' id='word_1_601' title='bbox 1521 4138 1731 4209; x_wconf 73' lang='grc' dir='ltr'>ἔρημον</span> <span class='ocrx_word' id='word_1_602' title='bbox 1756 4138 1850 4191; x_wconf 76' lang='grc' dir='ltr'>τὸν</span> 
     </span>
    </p>
   </div>
   <div class='ocr_carea' id='block_1_63' title="bbox 258 4230 1849 4306">
    <p class='ocr_par' dir='ltr' id='par_1_63' title="bbox 258 4230 1849 4306">
     <span class='ocr_line' id='line_1_63' title="bbox 258 4230 1849 4306; baseline -0.006 -17"><span class='ocrx_word' id='word_1_603' title='bbox 258 4232 410 4290; x_wconf 77' lang='grc' dir='ltr'>οἶκόν</span> <span class='ocrx_word' id='word_1_604' title='bbox 437 4253 544 4306; x_wconf 83' lang='grc' dir='ltr'><strong>μου</strong></span> <span class='ocrx_word' id='word_1_605' title='bbox 563 4235 844 4305; x_wconf 74' lang='grc' dir='ltr'>εποίησεν.</span> <span class='ocrx_word' id='word_1_606' title='bbox 871 4234 1033 4301; x_wconf 84' lang='grc' dir='ltr'>Λέγει</span> <span class='ocrx_word' id='word_1_607' title='bbox 1054 4233 1205 4303; x_wconf 77' lang='grc' dir='ltr'>αὐτῷ</span> <span class='ocrx_word' id='word_1_608' title='bbox 1234 4232 1263 4284; x_wconf 85' lang='grc' dir='ltr'><strong>ὁ</strong></span> <span class='ocrx_word' id='word_1_609' title='bbox 1293 4230 1599 4301; x_wconf 79' lang='grc' dir='ltr'>ἡγούμενος</span> <span class='ocrx_word' id='word_1_610' title='bbox 1618 4245 1633 4261; x_wconf 89' lang='grc'><strong>·</strong></span> <span class='ocrx_word' id='word_1_611' title='bbox 1660 4230 1849 4283; x_wconf 85' lang='grc' dir='ltr'>Μετα-</span> 
     </span>
    </p>
   </div>
   <div class='ocr_carea' id='block_1_64' title="bbox 259 4320 1848 4399">
    <p class='ocr_par' dir='ltr' id='par_1_64' title="bbox 259 4320 1848 4399">
     <span class='ocr_line' id='line_1_64' title="bbox 259 4320 1848 4399; baseline -0.006 -16"><span class='ocrx_word' id='word_1_612' title='bbox 259 4329 478 4399; x_wconf 61' lang='grc' dir='ltr'>νᾶησον,</span> <span class='ocrx_word' id='word_1_613' title='bbox 552 4327 774 4396; x_wconf 75' lang='grc' dir='ltr'>ἁδελφὲ,</span> <span class='ocrx_word' id='word_1_614' title='bbox 832 4328 915 4380; x_wconf 87' lang='grc' dir='ltr'>ὃτι</span> <span class='ocrx_word' id='word_1_615' title='bbox 966 4327 1219 4397; x_wconf 72' lang='grc' dir='ltr'>ἥμαρτες</span> <span class='ocrx_word' id='word_1_616' title='bbox 1272 4323 1506 4377; x_wconf 77' lang='grc' dir='ltr'>ἐνώπιον</span> <span class='ocrx_word' id='word_1_617' title='bbox 1563 4321 1662 4376; x_wconf 82' lang='grc' dir='ltr'>τοῦ</span> <span class='ocrx_word' id='word_1_618' title='bbox 1710 4320 1848 4375; x_wconf 82' lang='grc' dir='ltr'>Θεοῦ</span> 
     </span>
    </p>
   </div>
   <div class='ocr_carea' id='block_1_65' title="bbox 258 4414 1851 4491">
    <p class='ocr_par' dir='ltr' id='par_1_65' title="bbox 258 4414 1851 4491">
     <span class='ocr_line' id='line_1_65' title="bbox 258 4414 1851 4491; baseline -0.006 -16"><span class='ocrx_word' id='word_1_619' title='bbox 258 4422 410 4491; x_wconf 61' lang='grc' dir='ltr'><strong>κάμὲ</strong></span> <span class='ocrx_word' id='word_1_620' title='bbox 440 4422 509 4474; x_wconf 73' lang='grc' dir='ltr'>σὺ</span> <span class='ocrx_word' id='word_1_621' title='bbox 555 4421 764 4490; x_wconf 71' lang='grc' dir='ltr'>ἐπῆρες</span> <span class='ocrx_word' id='word_1_622' title='bbox 813 4420 925 4481; x_wconf 88' lang='grc' dir='ltr'>τοῖς</span> <span class='ocrx_word' id='word_1_623' title='bbox 986 4418 1168 4488; x_wconf 78' lang='grc' dir='ltr'>λόγοις</span> <span class='ocrx_word' id='word_1_624' title='bbox 1219 4432 1350 4469; x_wconf 76' lang='grc' dir='ltr'>σουσ</span> <span class='ocrx_word' id='word_1_625' title='bbox 1391 4416 1420 4468; x_wconf 77' lang='grc' dir='ltr'><strong><em>ὁ</em></strong></span> <span class='ocrx_word' id='word_1_626' title='bbox 1470 4414 1580 4486; x_wconf 87' lang='grc' dir='ltr'><strong>γὰρ</strong></span> <span class='ocrx_word' id='word_1_627' title='bbox 1608 4415 1851 4485; x_wconf 86' lang='grc' dir='ltr'>Μαρίνος</span> 
     </span>
    </p>
   </div>
   <div class='ocr_carea' id='block_1_66' title="bbox 260 4507 1851 4585">
    <p class='ocr_par' dir='ltr' id='par_1_66' title="bbox 260 4507 1851 4585">
     <span class='ocr_line' id='line_1_66' title="bbox 260 4507 1851 4585; baseline -0.005 -18"><span class='ocrx_word' id='word_1_628' title='bbox 260 4516 402 4585; x_wconf 76' lang='grc' dir='ltr'>γυνή</span> <span class='ocrx_word' id='word_1_629' title='bbox 437 4516 615 4568; x_wconf 76' lang='grc' dir='ltr'>ἐστιν.</span> <span class='ocrx_word' id='word_1_630' title='bbox 645 4514 758 4567; x_wconf 72' lang='grc' dir='ltr'><strong>Καὶ</strong></span> <span class='ocrx_word' id='word_1_631' title='bbox 779 4512 1038 4579; x_wconf 73' lang='grc' dir='ltr'>ἐπιγνοὺς</span> <span class='ocrx_word' id='word_1_632' title='bbox 1064 4511 1226 4565; x_wconf 84' lang='grc' dir='ltr'>τοῦτο</span> <span class='ocrx_word' id='word_1_633' title='bbox 1252 4513 1279 4564; x_wconf 88' lang='grc' dir='ltr'>ὁ</span> <span class='ocrx_word' id='word_1_634' title='bbox 1315 4509 1515 4574; x_wconf 79' lang='grc' dir='ltr'>πάνδοξ</span> <span class='ocrx_word' id='word_1_635' title='bbox 1542 4507 1735 4578; x_wconf 79' lang='grc' dir='ltr'>ἐξέστη</span> <span class='ocrx_word' id='word_1_636' title='bbox 1758 4507 1851 4560; x_wconf 65' lang='grc' dir='ltr'><strong>καλ⁵</strong></span> 
     </span>
    </p>
   </div>
   <div class='ocr_carea' id='block_1_67' title="bbox 262 4599 1853 4675">
    <p class='ocr_par' dir='ltr' id='par_1_67' title="bbox 262 4599 1853 4675">
     <span class='ocr_line' id='line_1_67' title="bbox 262 4599 1853 4675; baseline -0.006 -14"><span class='ocrx_word' id='word_1_637' title='bbox 262 4608 488 4674; x_wconf 72' lang='grc' dir='ltr'>ἱδόξασε</span> <span class='ocrx_word' id='word_1_638' title='bbox 524 4607 619 4660; x_wconf 76' lang='grc' dir='ltr'>τὸν</span> <span class='ocrx_word' id='word_1_639' title='bbox 651 4605 807 4660; x_wconf 84' lang='grc' dir='ltr'>Θεόν.</span> <span class='ocrx_word' id='word_1_640' title='bbox 841 4606 950 4660; x_wconf 80' lang='grc' dir='ltr'><strong>Καὶ</strong></span> <span class='ocrx_word' id='word_1_641' title='bbox 1007 4606 1142 4668; x_wconf 68' lang='grc' dir='ltr'>ἰδοὺ,</span> <span class='ocrx_word' id='word_1_642' title='bbox 1180 4606 1237 4658; x_wconf 79' lang='grc' dir='ltr'>ὲν</span> <span class='ocrx_word' id='word_1_643' title='bbox 1260 4604 1421 4675; x_wconf 74' lang='grc' dir='ltr'>ὀλίγῃ</span> <span class='ocrx_word' id='word_1_644' title='bbox 1451 4603 1571 4672; x_wconf 57' lang='grc' dir='ltr'>ιτλρα</span> <span class='ocrx_word' id='word_1_645' title='bbox 1615 4599 1853 4671; x_wconf 85' lang='grc' dir='ltr'>παραγί-</span> 
     </span>
    </p>
   </div>
   <div class='ocr_carea' id='block_1_68' title="bbox 263 4695 1852 4771">
    <p class='ocr_par' dir='ltr' id='par_1_68' title="bbox 263 4695 1852 4771">
     <span class='ocr_line' id='line_1_68' title="bbox 263 4695 1852 4771; baseline -0.003 -19"><span class='ocrx_word' id='word_1_646' title='bbox 263 4717 417 4754; x_wconf 81' lang='grc' dir='ltr'>νεται</span> <span class='ocrx_word' id='word_1_647' title='bbox 452 4701 488 4767; x_wconf 81' lang='grc' dir='ltr'>ἡ</span> <span class='ocrx_word' id='word_1_648' title='bbox 522 4699 774 4771; x_wconf 76' lang='grc' dir='ltr'>θυγάτηρ</span> <span class='ocrx_word' id='word_1_649' title='bbox 801 4698 968 4751; x_wconf 77' lang='grc' dir='ltr'>αὐτοῦ</span> <span class='ocrx_word' id='word_1_650' title='bbox 999 4697 1338 4768; x_wconf 76' lang='grc' dir='ltr'>ἐλεγχομένη</span> <span class='ocrx_word' id='word_1_651' title='bbox 1365 4697 1462 4748; x_wconf 76' lang='grc' dir='ltr'>καὶ</span> <span class='ocrx_word' id='word_1_652' title='bbox 1483 4695 1722 4764; x_wconf 77' lang='grc' dir='ltr'>λέγουσα</span> <span class='ocrx_word' id='word_1_653' title='bbox 1751 4696 1852 4765; x_wconf 76' lang='grc' dir='ltr'>τὴν</span> 
     </span>
    </p>
   </div>
   <div class='ocr_carea' id='block_1_69' title="bbox 263 4786 1854 4864">
    <p class='ocr_par' dir='ltr' id='par_1_69' title="bbox 263 4786 1854 4864">
     <span class='ocr_line' id='line_1_69' title="bbox 263 4786 1854 4864; baseline -0.006 -17"><span class='ocrx_word' id='word_1_654' title='bbox 263 4793 551 4864; x_wconf 77' lang='grc' dir='ltr'>ἀλήθειαν,</span> <span class='ocrx_word' id='word_1_655' title='bbox 586 4793 669 4845; x_wconf 87' lang='grc' dir='ltr'>ὃτι</span> <span class='ocrx_word' id='word_1_656' title='bbox 704 4793 765 4845; x_wconf 91' lang='lat'><strong>&#39;0</strong></span> <span class='ocrx_word' id='word_1_657' title='bbox 796 4790 1136 4862; x_wconf 77' lang='grc' dir='ltr'>στρατιώτης</span> <span class='ocrx_word' id='word_1_658' title='bbox 1162 4789 1403 4858; x_wconf 72' lang='grc' dir='ltr'>ἐπάτησε</span> <span class='ocrx_word' id='word_1_659' title='bbox 1456 4806 1547 4858; x_wconf 90' lang='grc' dir='ltr'><strong>με,</strong></span> <span class='ocrx_word' id='word_1_660' title='bbox 1573 4790 1668 4840; x_wconf 78' lang='grc' dir='ltr'>καὶ</span> <span class='ocrx_word' id='word_1_661' title='bbox 1695 4786 1854 4857; x_wconf 81' lang='grc' dir='ltr'>ἐμία-</span> 
     </span>
    </p>
   </div>
   <div class='ocr_carea' id='block_1_70' title="bbox 263 4878 1853 4954">
    <p class='ocr_par' dir='ltr' id='par_1_70' title="bbox 263 4878 1853 4954">
     <span class='ocr_line' id='line_1_70' title="bbox 263 4878 1853 4954; baseline -0.006 -15"><span class='ocrx_word' id='word_1_662' title='bbox 263 4902 347 4949; x_wconf 74' lang='grc' dir='ltr'><strong>νε,</strong></span> <span class='ocrx_word' id='word_1_663' title='bbox 381 4885 484 4938; x_wconf 76' lang='grc' dir='ltr'>καὶ</span> <span class='ocrx_word' id='word_1_664' title='bbox 547 4885 891 4954; x_wconf 74' lang='grc' dir='ltr'>παραχρῆμα</span> <span class='ocrx_word' id='word_1_665' title='bbox 934 4884 1080 4952; x_wconf 79' lang='grc' dir='ltr'>ἰάθη.</span> <span class='ocrx_word' id='word_1_666' title='bbox 1117 4881 1228 4935; x_wconf 76' lang='grc' dir='ltr'><strong>Καὶ</strong></span> <span class='ocrx_word' id='word_1_667' title='bbox 1270 4880 1525 4942; x_wconf 76' lang='grc' dir='ltr'>λαίόντες</span> <span class='ocrx_word' id='word_1_668' title='bbox 1551 4881 1599 4932; x_wconf 79' lang='lat' dir='ltr'><strong>oi</strong></span> <span class='ocrx_word' id='word_1_669' title='bbox 1630 4878 1853 4947; x_wconf 72' lang='grc' dir='ltr'>ἀδελφοὶ</span> 
     </span>
    </p>
   </div>
   <div class='ocr_carea' id='block_1_71' title="bbox 262 4972 1853 5048">
    <p class='ocr_par' dir='ltr' id='par_1_71' title="bbox 262 4972 1853 5048">
     <span class='ocr_line' id='line_1_71' title="bbox 262 4972 1853 5048; baseline -0.007 -15"><span class='ocrx_word' id='word_1_670' title='bbox 262 4980 323 5033; x_wconf 68' lang='grc' dir='ltr'>τὸ</span> <span class='ocrx_word' id='word_1_671' title='bbox 339 4979 601 5048; x_wconf 76' lang='grc' dir='ltr'>λεέψανον</span> <span class='ocrx_word' id='word_1_672' title='bbox 617 4977 716 5048; x_wconf 82' lang='grc' dir='ltr'>τῆς</span> <span class='ocrx_word' id='word_1_673' title='bbox 746 4977 897 5039; x_wconf 82' lang='grc' dir='ltr'>ὁσίας</span> <span class='ocrx_word' id='word_1_674' title='bbox 921 4978 1162 5044; x_wconf 82' lang='grc' dir='ltr'>Μαρίας,</span> <span class='ocrx_word' id='word_1_675' title='bbox 1193 4974 1526 5047; x_wconf 69' lang='grc' dir='ltr'>μυρίσαντες</span> <span class='ocrx_word' id='word_1_676' title='bbox 1559 4972 1853 5026; x_wconf 81' lang='grc' dir='ltr'>κατέθεντο</span> 
     </span>
    </p>
   </div>
   <div class='ocr_carea' id='block_1_72' title="bbox 262 5063 1855 5143">
    <p class='ocr_par' dir='ltr' id='par_1_72' title="bbox 262 5063 1855 5143">
     <span class='ocr_line' id='line_1_72' title="bbox 262 5063 1855 5143; baseline -0.006 -17"><span class='ocrx_word' id='word_1_677' title='bbox 262 5074 323 5126; x_wconf 69' lang='grc' dir='ltr'>ιν</span> <span class='ocrx_word' id='word_1_678' title='bbox 356 5071 516 5143; x_wconf 83' lang='grc' dir='ltr'><strong>τόπῳ</strong></span> <span class='ocrx_word' id='word_1_679' title='bbox 540 5071 728 5140; x_wconf 82' lang='grc' dir='ltr'>σεμνῷ</span> <span class='ocrx_word' id='word_1_680' title='bbox 761 5070 902 5140; x_wconf 78' lang='grc' dir='ltr'>μετὰ</span> <span class='ocrx_word' id='word_1_681' title='bbox 954 5070 1140 5137; x_wconf 79' lang='grc' dir='ltr'>πάσης</span> <span class='ocrx_word' id='word_1_682' title='bbox 1190 5067 1532 5138; x_wconf 74' lang='grc' dir='ltr'>δωροφορίας</span> <span class='ocrx_word' id='word_1_683' title='bbox 1554 5105 1570 5131; x_wconf 92' lang='grc'><strong>,</strong></span> <span class='ocrx_word' id='word_1_684' title='bbox 1616 5063 1855 5135; x_wconf 80' lang='grc' dir='ltr'>Χριστὸν</span> 
     </span>
    </p>
   </div>
   <div class='ocr_carea' id='block_1_73' title="bbox 261 5159 1855 5235">
    <p class='ocr_par' dir='ltr' id='par_1_73' title="bbox 261 5159 1855 5235">
     <span class='ocr_line' id='line_1_73' title="bbox 261 5159 1855 5235; baseline -0.005 -15"><span class='ocrx_word' id='word_1_685' title='bbox 261 5165 642 5235; x_wconf 77' lang='grc' dir='ltr'>ἁνυμνοῦντες</span> <span class='ocrx_word' id='word_1_686' title='bbox 666 5165 757 5218; x_wconf 78' lang='grc' dir='ltr'>τὸν</span> <span class='ocrx_word' id='word_1_687' title='bbox 790 5165 1022 5235; x_wconf 78' lang='grc' dir='ltr'>Σωτῆρα</span> <span class='ocrx_word' id='word_1_688' title='bbox 1051 5164 1161 5217; x_wconf 80' lang='grc' dir='ltr'>τῶν</span> <span class='ocrx_word' id='word_1_689' title='bbox 1194 5163 1474 5226; x_wconf 79' lang='grc' dir='ltr'>ἁπάντων,</span> <span class='ocrx_word' id='word_1_690' title='bbox 1503 5161 1594 5214; x_wconf 79' lang='grc' dir='ltr'>τὸν</span> <span class='ocrx_word' id='word_1_691' title='bbox 1637 5159 1726 5213; x_wconf 72' lang='grc' dir='ltr'><strong>ἀεὶ</strong></span> <span class='ocrx_word' id='word_1_692' title='bbox 1763 5159 1855 5212; x_wconf 76' lang='lat'><strong>60-</strong></span> 
     </span>
    </p>
   </div>
   <div class='ocr_carea' id='block_1_74' title="bbox 264 5254 1853 5325">
    <p class='ocr_par' dir='ltr' id='par_1_74' title="bbox 264 5254 1853 5325">
     <span class='ocr_line' id='line_1_74' title="bbox 264 5254 1853 5325; baseline -0.004 -13"><span class='ocrx_word' id='word_1_693' title='bbox 264 5260 500 5325; x_wconf 72' lang='grc' dir='ltr'>ξάξοντα</span> <span class='ocrx_word' id='word_1_694' title='bbox 549 5259 679 5321; x_wconf 76' lang='grc' dir='ltr'>τοὺς</span> <span class='ocrx_word' id='word_1_695' title='bbox 733 5257 1061 5323; x_wconf 74' lang='grc' dir='ltr'>δοξάζοντας</span> <span class='ocrx_word' id='word_1_696' title='bbox 1109 5257 1295 5310; x_wconf 76' lang='grc' dir='ltr'>αὐτόν.</span> <span class='ocrx_word' id='word_1_697' title='bbox 1331 5254 1491 5325; x_wconf 76' lang='grc' dir='ltr'><strong>Αὐτῷ</strong></span> <span class='ocrx_word' id='word_1_698' title='bbox 1541 5257 1574 5323; x_wconf 79' lang='grc' dir='ltr'><strong>ἡ</strong></span> <span class='ocrx_word' id='word_1_699' title='bbox 1618 5254 1747 5318; x_wconf 80' lang='grc' dir='ltr'><strong>δόξα</strong></span> <span class='ocrx_word' id='word_1_700' title='bbox 1771 5256 1853 5315; x_wconf 78' lang='grc' dir='ltr'><strong>εις</strong></span> 
     </span>
    </p>
   </div>
   <div class='ocr_carea' id='block_1_75' title="bbox 260 5349 1276 5420">
    <p class='ocr_par' dir='ltr' id='par_1_75' title="bbox 260 5349 1276 5420">
     <span class='ocr_line' id='line_1_75' title="bbox 260 5349 1276 5420; baseline -0.006 -14"><span class='ocrx_word' id='word_1_701' title='bbox 260 5353 392 5414; x_wconf 76' lang='grc' dir='ltr'>τοὺς</span> <span class='ocrx_word' id='word_1_702' title='bbox 417 5352 628 5414; x_wconf 76' lang='grc' dir='ltr'>αἰῶνας</span> <span class='ocrx_word' id='word_1_703' title='bbox 661 5351 773 5403; x_wconf 82' lang='grc' dir='ltr'>τῶν</span> <span class='ocrx_word' id='word_1_704' title='bbox 808 5349 1042 5404; x_wconf 70' lang='grc' dir='ltr'>αἰώνων.</span> <span class='ocrx_word' id='word_1_705' title='bbox 1073 5350 1276 5420; x_wconf 54' lang='grc' dir='ltr'><strong>’Δμήκκ</strong></span> 
     </span>
    </p>
   </div>
   <div class='ocr_carea' id='block_1_76' title="bbox 1954 4051 3526 4124">
    <p class='ocr_par' dir='ltr' id='par_1_76' title="bbox 1954 4051 3526 4124">
     <span class='ocr_line' id='line_1_76' title="bbox 1954 4051 3526 4124; baseline 0.001 -19"><span class='ocrx_word' id='word_1_706' title='bbox 1954 4052 2225 4124; x_wconf 80' lang='lat' dir='ltr'><strong>reliquiis,</strong></span> <span class='ocrx_word' id='word_1_707' title='bbox 2249 4053 2433 4107; x_wconf 85' lang='lat' dir='ltr'><strong>statim</strong></span> <span class='ocrx_word' id='word_1_708' title='bbox 2462 4053 2612 4109; x_wconf 87' lang='lat' dir='ltr'><strong>misit</strong></span> <span class='ocrx_word' id='word_1_709' title='bbox 2637 4053 2704 4107; x_wconf 90' lang='lat' dir='ltr'><strong>ad</strong></span> <span class='ocrx_word' id='word_1_710' title='bbox 2730 4051 3048 4123; x_wconf 70' lang='lat' dir='ltr'><strong>praefectum</strong></span> <span class='ocrx_word' id='word_1_711' title='bbox 3081 4052 3394 4116; x_wconf 89' lang='lat' dir='ltr'><strong>diversorii,</strong></span> <span class='ocrx_word' id='word_1_712' title='bbox 3439 4054 3526 4107; x_wconf 81' lang='lat' dir='ltr'><strong>di-</strong></span> 
     </span>
    </p>
   </div>
   <div class='ocr_carea' id='block_1_77' title="bbox 1949 4144 3527 4209">
    <p class='ocr_par' dir='ltr' id='par_1_77' title="bbox 1949 4144 3527 4209">
     <span class='ocr_line' id='line_1_77' title="bbox 1949 4144 3527 4209; baseline 0.001 -10"><span class='ocrx_word' id='word_1_713' title='bbox 1949 4160 2082 4199; x_wconf 88' lang='lat' dir='ltr'><strong>cens</strong></span> <span class='ocrx_word' id='word_1_714' title='bbox 2115 4161 2130 4197; x_wconf 89' lang='lat'><strong>:</strong></span> <span class='ocrx_word' id='word_1_715' title='bbox 2164 4144 2300 4200; x_wconf 80' lang='lat' dir='ltr'><strong>Veni</strong></span> <span class='ocrx_word' id='word_1_716' title='bbox 2332 4144 2444 4198; x_wconf 91' lang='lat' dir='ltr'><strong>cito</strong></span> <span class='ocrx_word' id='word_1_717' title='bbox 2481 4144 2550 4198; x_wconf 90' lang='lat' dir='ltr'><strong>ad</strong></span> <span class='ocrx_word' id='word_1_718' title='bbox 2600 4160 2724 4209; x_wconf 91' lang='lat' dir='ltr'><strong>nos,</strong></span> <span class='ocrx_word' id='word_1_719' title='bbox 2767 4160 2893 4199; x_wconf 88' lang='lat' dir='ltr'><strong>nam</strong></span> <span class='ocrx_word' id='word_1_720' title='bbox 2942 4153 2996 4199; x_wconf 89' lang='lat' dir='ltr'><strong>te</strong></span> <span class='ocrx_word' id='word_1_721' title='bbox 3042 4144 3170 4199; x_wconf 91' lang='lat' dir='ltr'><strong>volo</strong></span> <span class='ocrx_word' id='word_1_722' title='bbox 3209 4145 3527 4202; x_wconf 90' lang='lat' dir='ltr'><strong>convenire.</strong></span> 
     </span>
    </p>
   </div>
   <div class='ocr_carea' id='block_1_78' title="bbox 1949 4236 3527 4315">
    <p class='ocr_par' dir='ltr' id='par_1_78' title="bbox 1949 4236 3527 4315">
     <span class='ocr_line' id='line_1_78' title="bbox 1949 4236 3527 4315; baseline -0.001 -21"><span class='ocrx_word' id='word_1_723' title='bbox 1949 4238 2086 4294; x_wconf 90' lang='lat' dir='ltr'><strong>Cum</strong></span> <span class='ocrx_word' id='word_1_724' title='bbox 2120 4247 2306 4292; x_wconf 91' lang='lat' dir='ltr'><strong>autem</strong></span> <span class='ocrx_word' id='word_1_725' title='bbox 2348 4237 2596 4291; x_wconf 90' lang='lat' dir='ltr'><strong>venisset</strong></span> <span class='ocrx_word' id='word_1_726' title='bbox 2618 4236 2918 4315; x_wconf 69' lang='lat' dir='ltr'><strong>praafectus</strong></span> <span class='ocrx_word' id='word_1_727' title='bbox 2948 4236 3264 4300; x_wconf 89' lang='lat' dir='ltr'><strong>diversorii,</strong></span> <span class='ocrx_word' id='word_1_728' title='bbox 3300 4237 3437 4294; x_wconf 89' lang='lat' dir='ltr'><strong>dicit</strong></span> <span class='ocrx_word' id='word_1_729' title='bbox 3475 4238 3527 4293; x_wconf 87' lang='lat' dir='ltr'><strong>ei</strong></span> 
     </span>
    </p>
   </div>
   <div class='ocr_carea' id='block_1_79' title="bbox 1950 4330 3532 4403">
    <p class='ocr_par' dir='ltr' id='par_1_79' title="bbox 1950 4330 3532 4403">
     <span class='ocr_line' id='line_1_79' title="bbox 1950 4330 3532 4403; baseline 0 -18"><span class='ocrx_word' id='word_1_730' title='bbox 1950 4332 2247 4403; x_wconf 73' lang='lat' dir='ltr'><strong>praefectus</strong></span> <span class='ocrx_word' id='word_1_731' title='bbox 2298 4332 2615 4387; x_wconf 88' lang='lat' dir='ltr'><strong>monasterii</strong></span> <span class='ocrx_word' id='word_1_732' title='bbox 2663 4348 2679 4387; x_wconf 87' lang='lat'><strong>:</strong></span> <span class='ocrx_word' id='word_1_733' title='bbox 2743 4331 2886 4386; x_wconf 90' lang='lat' dir='ltr'><strong>Ecce</strong></span> <span class='ocrx_word' id='word_1_734' title='bbox 2932 4331 3105 4386; x_wconf 89' lang='lat' dir='ltr'><strong>frater</strong></span> <span class='ocrx_word' id='word_1_735' title='bbox 3152 4330 3396 4386; x_wconf 83' lang='lat' dir='ltr'><strong>Marinus</strong></span> <span class='ocrx_word' id='word_1_736' title='bbox 3447 4341 3532 4387; x_wconf 91' lang='lat' dir='ltr'><strong>est</strong></span> 
     </span>
    </p>
   </div>
   <div class='ocr_carea' id='block_1_80' title="bbox 1952 4422 3533 4494">
    <p class='ocr_par' dir='ltr' id='par_1_80' title="bbox 1952 4422 3533 4494">
     <span class='ocr_line' id='line_1_80' title="bbox 1952 4422 3533 4494; baseline 0 -14"><span class='ocrx_word' id='word_1_737' title='bbox 1952 4435 2226 4481; x_wconf 88' lang='lat' dir='ltr'><strong>mortuus.</strong></span> <span class='ocrx_word' id='word_1_738' title='bbox 2257 4422 2306 4491; x_wconf 72' lang='lat' dir='ltr'><strong>is</strong></span> <span class='ocrx_word' id='word_1_739' title='bbox 2339 4439 2471 4479; x_wconf 92' lang='lat' dir='ltr'><strong>vero</strong></span> <span class='ocrx_word' id='word_1_740' title='bbox 2503 4423 2640 4479; x_wconf 88' lang='lat' dir='ltr'><strong>dicit</strong></span> <span class='ocrx_word' id='word_1_741' title='bbox 2674 4424 2937 4494; x_wconf 68' lang='lat' dir='ltr'><strong>prazfecto</strong></span> <span class='ocrx_word' id='word_1_742' title='bbox 2970 4425 3290 4479; x_wconf 89' lang='lat' dir='ltr'><strong>monasterii</strong></span> <span class='ocrx_word' id='word_1_743' title='bbox 3328 4439 3345 4479; x_wconf 87' lang='lat'><strong>:</strong></span> <span class='ocrx_word' id='word_1_744' title='bbox 3387 4425 3533 4480; x_wconf 88' lang='lat' dir='ltr'><strong>Dens</strong></span> 
     </span>
    </p>
   </div>
   <div class='ocr_carea' id='block_1_81' title="bbox 1950 4513 3533 4586">
    <p class='ocr_par' dir='ltr' id='par_1_81' title="bbox 1950 4513 3533 4586">
     <span class='ocr_line' id='line_1_81' title="bbox 1950 4513 3533 4586; baseline -0.002 -14"><span class='ocrx_word' id='word_1_745' title='bbox 1950 4519 2002 4572; x_wconf 92' lang='lat' dir='ltr'><strong>ei</strong></span> <span class='ocrx_word' id='word_1_746' title='bbox 2048 4516 2325 4571; x_wconf 89' lang='lat' dir='ltr'><strong>condonet</strong></span> <span class='ocrx_word' id='word_1_747' title='bbox 2357 4514 2414 4570; x_wconf 89' lang='lat' dir='ltr'><strong>id</strong></span> <span class='ocrx_word' id='word_1_748' title='bbox 2444 4515 2593 4586; x_wconf 90' lang='lat' dir='ltr'><strong>quod</strong></span> <span class='ocrx_word' id='word_1_749' title='bbox 2645 4513 2777 4569; x_wconf 88' lang='lat' dir='ltr'><strong>fecit</strong></span> <span class='ocrx_word' id='word_1_750' title='bbox 2822 4516 2876 4568; x_wconf 91' lang='lat' dir='ltr'><strong>in</strong></span> <span class='ocrx_word' id='word_1_751' title='bbox 2919 4514 3188 4585; x_wconf 89' lang='lat' dir='ltr'><strong>abjectam</strong></span> <span class='ocrx_word' id='word_1_752' title='bbox 3240 4530 3418 4570; x_wconf 90' lang='lat' dir='ltr'><strong>meam</strong></span> <span class='ocrx_word' id='word_1_753' title='bbox 3471 4517 3533 4569; x_wconf 84' lang='lat' dir='ltr'><strong>ti-</strong></span> 
     </span>
    </p>
   </div>
   <div class='ocr_carea' id='block_1_82' title="bbox 1954 4605 3529 4675">
    <p class='ocr_par' dir='ltr' id='par_1_82' title="bbox 1954 4605 3529 4675">
     <span class='ocr_line' id='line_1_82' title="bbox 1954 4605 3529 4675; baseline -0.001 -13"><span class='ocrx_word' id='word_1_754' title='bbox 1954 4607 2104 4663; x_wconf 89' lang='lat' dir='ltr'><strong>liam.</strong></span> <span class='ocrx_word' id='word_1_755' title='bbox 2139 4606 2282 4661; x_wconf 90' lang='lat' dir='ltr'><strong>Dicit</strong></span> <span class='ocrx_word' id='word_1_756' title='bbox 2312 4607 2363 4659; x_wconf 90' lang='lat' dir='ltr'><strong>ei</strong></span> <span class='ocrx_word' id='word_1_757' title='bbox 2397 4606 2695 4675; x_wconf 65' lang='lat' dir='ltr'><strong>praefectus</strong></span> <span class='ocrx_word' id='word_1_758' title='bbox 2726 4605 3047 4659; x_wconf 77' lang='lat' dir='ltr'><strong>monaSterii</strong></span> <span class='ocrx_word' id='word_1_759' title='bbox 3094 4617 3110 4657; x_wconf 89' lang='lat'><strong>:</strong></span> <span class='ocrx_word' id='word_1_760' title='bbox 3145 4606 3529 4660; x_wconf 72' lang='lat' dir='ltr'><strong>Pmnitentiam</strong></span> 
     </span>
    </p>
   </div>
   <div class='ocr_carea' id='block_1_83' title="bbox 1951 4696 3532 4771">
    <p class='ocr_par' dir='ltr' id='par_1_83' title="bbox 1951 4696 3532 4771">
     <span class='ocr_line' id='line_1_83' title="bbox 1951 4696 3532 4771; baseline -0.001 -15"><span class='ocrx_word' id='word_1_761' title='bbox 1951 4716 2072 4771; x_wconf 85' lang='lat' dir='ltr'><strong>age,</strong></span> <span class='ocrx_word' id='word_1_762' title='bbox 2114 4715 2148 4755; x_wconf 89' lang='grc' dir='ltr'><strong>ο</strong></span> <span class='ocrx_word' id='word_1_763' title='bbox 2195 4699 2385 4753; x_wconf 90' lang='lat' dir='ltr'><strong>frater.</strong></span> <span class='ocrx_word' id='word_1_764' title='bbox 2444 4698 2580 4753; x_wconf 84' lang='lat' dir='ltr'><strong>Nam</strong></span> <span class='ocrx_word' id='word_1_765' title='bbox 2608 4699 2845 4766; x_wconf 87' lang='lat' dir='ltr'><strong>peccasti</strong></span> <span class='ocrx_word' id='word_1_766' title='bbox 2880 4712 3066 4751; x_wconf 89' lang='lat' dir='ltr'><strong>coram</strong></span> <span class='ocrx_word' id='word_1_767' title='bbox 3117 4696 3251 4752; x_wconf 88' lang='lat' dir='ltr'><strong>Deo.</strong></span> <span class='ocrx_word' id='word_1_768' title='bbox 3287 4697 3394 4752; x_wconf 87' lang='lat' dir='ltr'><strong>Sed</strong></span> <span class='ocrx_word' id='word_1_769' title='bbox 3444 4715 3532 4754; x_wconf 87' lang='lat' dir='ltr'><strong>me</strong></span> 
     </span>
    </p>
   </div>
   <div class='ocr_carea' id='block_1_84' title="bbox 1951 4784 3532 4858">
    <p class='ocr_par' dir='ltr' id='par_1_84' title="bbox 1951 4784 3532 4858">
     <span class='ocr_line' id='line_1_84' title="bbox 1951 4784 3532 4858; baseline 0.001 -17"><span class='ocrx_word' id='word_1_770' title='bbox 1951 4801 2173 4858; x_wconf 81' lang='lat' dir='ltr'><strong>quoque</strong></span> <span class='ocrx_word' id='word_1_771' title='bbox 2202 4789 2310 4841; x_wconf 91' lang='lat' dir='ltr'><strong>tuis</strong></span> <span class='ocrx_word' id='word_1_772' title='bbox 2334 4786 2517 4840; x_wconf 90' lang='lat' dir='ltr'><strong>verbis</strong></span> <span class='ocrx_word' id='word_1_773' title='bbox 2541 4784 2834 4853; x_wconf 88' lang='lat' dir='ltr'><strong>decepisti,</strong></span> <span class='ocrx_word' id='word_1_774' title='bbox 2855 4793 2911 4837; x_wconf 89' lang='lat' dir='ltr'><strong>et</strong></span> <span class='ocrx_word' id='word_1_775' title='bbox 2934 4786 3157 4855; x_wconf 87' lang='lat' dir='ltr'><strong>peccavi</strong></span> <span class='ocrx_word' id='word_1_776' title='bbox 3183 4801 3284 4853; x_wconf 79' lang='lat' dir='ltr'><strong>ego</strong></span> <span class='ocrx_word' id='word_1_777' title='bbox 3309 4802 3532 4857; x_wconf 87' lang='lat' dir='ltr'><strong>quoque</strong></span> 
     </span>
    </p>
   </div>
   <div class='ocr_carea' id='block_1_85' title="bbox 1952 4877 3528 4951">
    <p class='ocr_par' dir='ltr' id='par_1_85' title="bbox 1952 4877 3528 4951">
     <span class='ocr_line' id='line_1_85' title="bbox 1952 4877 3528 4951; baseline 0.001 -17"><span class='ocrx_word' id='word_1_778' title='bbox 1952 4887 2178 4951; x_wconf 87' lang='lat' dir='ltr'><strong>propter</strong></span> <span class='ocrx_word' id='word_1_779' title='bbox 2219 4888 2292 4933; x_wconf 85' lang='lat' dir='ltr'><strong>te.</strong></span> <span class='ocrx_word' id='word_1_780' title='bbox 2326 4878 2469 4933; x_wconf 86' lang='lat' dir='ltr'><strong>Ecce</strong></span> <span class='ocrx_word' id='word_1_781' title='bbox 2497 4878 2645 4931; x_wconf 89' lang='lat' dir='ltr'><strong>enim</strong></span> <span class='ocrx_word' id='word_1_782' title='bbox 2676 4877 2921 4932; x_wconf 72' lang='lat' dir='ltr'><strong>Marinus</strong></span> <span class='ocrx_word' id='word_1_783' title='bbox 2964 4893 3159 4933; x_wconf 88' lang='lat' dir='ltr'><strong>revera</strong></span> <span class='ocrx_word' id='word_1_784' title='bbox 3194 4891 3280 4934; x_wconf 88' lang='lat' dir='ltr'><strong>est</strong></span> <span class='ocrx_word' id='word_1_785' title='bbox 3309 4880 3528 4935; x_wconf 75' lang='lat' dir='ltr'><strong>mulier.</strong></span> 
     </span>
    </p>
   </div>
   <div class='ocr_carea' id='block_1_86' title="bbox 1951 4970 3532 5039">
    <p class='ocr_par' dir='ltr' id='par_1_86' title="bbox 1951 4970 3532 5039">
     <span class='ocr_line' id='line_1_86' title="bbox 1951 4970 3532 5039; baseline -0.001 -11"><span class='ocrx_word' id='word_1_786' title='bbox 1951 4971 2089 5028; x_wconf 89' lang='lat' dir='ltr'><strong>Cum</strong></span> <span class='ocrx_word' id='word_1_787' title='bbox 2112 4970 2230 5025; x_wconf 70' lang='lat' dir='ltr'><strong>haec</strong></span> <span class='ocrx_word' id='word_1_788' title='bbox 2260 4980 2445 5025; x_wconf 88' lang='lat' dir='ltr'><strong>autem</strong></span> <span class='ocrx_word' id='word_1_789' title='bbox 2476 4970 2777 5024; x_wconf 82' lang='lat' dir='ltr'><strong>audivisset</strong></span> <span class='ocrx_word' id='word_1_790' title='bbox 2806 4970 3098 5039; x_wconf 64' lang='lat' dir='ltr'><strong>praefectus</strong></span> <span class='ocrx_word' id='word_1_791' title='bbox 3134 4970 3446 5036; x_wconf 89' lang='lat' dir='ltr'><strong>diversorii,</strong></span> <span class='ocrx_word' id='word_1_792' title='bbox 3474 4982 3532 5027; x_wconf 93' lang='lat' dir='ltr'><strong>et</strong></span> 
     </span>
    </p>
   </div>
   <div class='ocr_carea' id='block_1_87' title="bbox 1954 5061 3531 5137">
    <p class='ocr_par' dir='ltr' id='par_1_87' title="bbox 1954 5061 3531 5137">
     <span class='ocr_line' id='line_1_87' title="bbox 1954 5061 3531 5137; baseline 0.001 -19"><span class='ocrx_word' id='word_1_793' title='bbox 1954 5063 2201 5137; x_wconf 66' lang='lat' dir='ltr'><strong>praefecti</strong></span> <span class='ocrx_word' id='word_1_794' title='bbox 2221 5063 2410 5117; x_wconf 89' lang='lat' dir='ltr'><strong>verbis</strong></span> <span class='ocrx_word' id='word_1_795' title='bbox 2440 5061 2635 5118; x_wconf 88' lang='lat' dir='ltr'><strong>fuisset</strong></span> <span class='ocrx_word' id='word_1_796' title='bbox 2655 5061 3095 5131; x_wconf 86' lang='lat' dir='ltr'><strong>obstupefactus,</strong></span> <span class='ocrx_word' id='word_1_797' title='bbox 3119 5063 3318 5117; x_wconf 87' lang='lat' dir='ltr'><strong>mansit</strong></span> <span class='ocrx_word' id='word_1_798' title='bbox 3343 5075 3531 5119; x_wconf 81' lang='lat' dir='ltr'><strong>mutus</strong></span> 
     </span>
    </p>
   </div>
   <div class='ocr_carea' id='block_1_88' title="bbox 1953 5155 3530 5228">
    <p class='ocr_par' dir='ltr' id='par_1_88' title="bbox 1953 5155 3530 5228">
     <span class='ocr_line' id='line_1_88' title="bbox 1953 5155 3530 5228; baseline -0.001 -14"><span class='ocrx_word' id='word_1_799' title='bbox 1953 5168 2011 5214; x_wconf 89' lang='lat' dir='ltr'><strong>et</strong></span> <span class='ocrx_word' id='word_1_800' title='bbox 2056 5156 2350 5213; x_wconf 86' lang='lat' dir='ltr'><strong>attonitus.</strong></span> <span class='ocrx_word' id='word_1_801' title='bbox 2386 5155 2526 5210; x_wconf 91' lang='lat' dir='ltr'><strong>Eum</strong></span> <span class='ocrx_word' id='word_1_802' title='bbox 2576 5168 2708 5209; x_wconf 83' lang='lat' dir='ltr'><strong>vero</strong></span> <span class='ocrx_word' id='word_1_803' title='bbox 2740 5169 2907 5209; x_wconf 80' lang='lat' dir='ltr'><strong>manu</strong></span> <span class='ocrx_word' id='word_1_804' title='bbox 2935 5155 3354 5225; x_wconf 86' lang='lat' dir='ltr'><strong>apprehendens</strong></span> <span class='ocrx_word' id='word_1_805' title='bbox 3387 5173 3530 5228; x_wconf 74' lang='lat' dir='ltr'><strong>prte-</strong></span> 
     </span>
    </p>
   </div>
   <div class='ocr_carea' id='block_1_89' title="bbox 1956 5248 3531 5320">
    <p class='ocr_par' dir='ltr' id='par_1_89' title="bbox 1956 5248 3531 5320">
     <span class='ocr_line' id='line_1_89' title="bbox 1956 5248 3531 5320; baseline -0.002 -14"><span class='ocrx_word' id='word_1_806' title='bbox 1956 5250 2135 5306; x_wconf 86' lang='lat' dir='ltr'><strong>fectus</strong></span> <span class='ocrx_word' id='word_1_807' title='bbox 2161 5249 2504 5312; x_wconf 90' lang='lat' dir='ltr'><strong>monasterii,</strong></span> <span class='ocrx_word' id='word_1_808' title='bbox 2539 5248 2698 5303; x_wconf 77' lang='lat' dir='ltr'><strong>duxit</strong></span> <span class='ocrx_word' id='word_1_809' title='bbox 2729 5262 2859 5301; x_wconf 90' lang='lat' dir='ltr'><strong>eum</strong></span> <span class='ocrx_word' id='word_1_810' title='bbox 2888 5248 2942 5302; x_wconf 90' lang='lat' dir='ltr'><strong>in</strong></span> <span class='ocrx_word' id='word_1_811' title='bbox 2971 5249 3176 5315; x_wconf 89' lang='lat' dir='ltr'><strong>locum,</strong></span> <span class='ocrx_word' id='word_1_812' title='bbox 3210 5250 3267 5304; x_wconf 90' lang='lat' dir='ltr'><strong>in</strong></span> <span class='ocrx_word' id='word_1_813' title='bbox 3297 5266 3409 5320; x_wconf 90' lang='lat' dir='ltr'><strong>quo</strong></span> <span class='ocrx_word' id='word_1_814' title='bbox 3448 5252 3531 5320; x_wconf 83' lang='lat' dir='ltr'><strong>ja-</strong></span> 
     </span>
    </p>
   </div>
   <div class='ocr_carea' id='block_1_90' title="bbox 1887 5327 3532 5399">
    <p class='ocr_par' dir='ltr' id='par_1_90' title="bbox 1887 5327 3532 5399">
     <span class='ocr_line' id='line_1_90' title="bbox 1887 5327 3532 5399; baseline -0.001 0"><span class='ocrx_word' id='word_1_815' title='bbox 1887 5327 1931 5382; x_wconf 78' lang='lat' dir='ltr'><strong>D</strong></span> <span class='ocrx_word' id='word_1_816' title='bbox 1960 5343 2122 5399; x_wconf 88' lang='lat' dir='ltr'><strong>cebat</strong></span> <span class='ocrx_word' id='word_1_817' title='bbox 2153 5343 2313 5397; x_wconf 87' lang='lat' dir='ltr'><strong>beata</strong></span> <span class='ocrx_word' id='word_1_818' title='bbox 2336 5341 2505 5396; x_wconf 77' lang='lat' dir='ltr'><strong>Maria</strong></span> <span class='ocrx_word' id='word_1_819' title='bbox 2542 5357 2559 5395; x_wconf 88' lang='lat'><strong>:</strong></span> <span class='ocrx_word' id='word_1_820' title='bbox 2592 5348 2647 5394; x_wconf 91' lang='lat' dir='ltr'><strong>et</strong></span> <span class='ocrx_word' id='word_1_821' title='bbox 2684 5354 2809 5394; x_wconf 90' lang='lat' dir='ltr'><strong>cum</strong></span> <span class='ocrx_word' id='word_1_822' title='bbox 2842 5355 2962 5394; x_wconf 87' lang='lat' dir='ltr'><strong>eam</strong></span> <span class='ocrx_word' id='word_1_823' title='bbox 2990 5340 3222 5396; x_wconf 88' lang='lat' dir='ltr'><strong>honeste</strong></span> <span class='ocrx_word' id='word_1_824' title='bbox 3248 5351 3305 5395; x_wconf 90' lang='lat' dir='ltr'><strong>et</strong></span> <span class='ocrx_word' id='word_1_825' title='bbox 3331 5341 3532 5397; x_wconf 89' lang='lat' dir='ltr'><strong>decore</strong></span> 
     </span>
    </p>
   </div>
   <div class='ocr_carea' id='block_1_91' title="bbox 261 5433 3535 5513">
    <p class='ocr_par' dir='ltr' id='par_1_91' title="bbox 261 5433 3535 5513">
     <span class='ocr_line' id='line_1_91' title="bbox 261 5433 3535 5513; baseline -0.003 -15"><span class='ocrx_word' id='word_1_826' title='bbox 261 5443 503 5499; x_wconf 66' lang='lat' dir='ltr'><strong>locasset</strong></span> <span class='ocrx_word' id='word_1_827' title='bbox 528 5459 596 5498; x_wconf 88' lang='lat' dir='ltr'><strong>ac</strong></span> <span class='ocrx_word' id='word_1_828' title='bbox 626 5444 1058 5513; x_wconf 86' lang='lat' dir='ltr'><strong>composuisset.</strong></span> <span class='ocrx_word' id='word_1_829' title='bbox 1087 5443 1136 5496; x_wconf 84' lang='lat' dir='ltr'><strong>ei</strong></span> <span class='ocrx_word' id='word_1_830' title='bbox 1185 5439 1428 5495; x_wconf 86' lang='lat' dir='ltr'><strong>ostendit</strong></span> <span class='ocrx_word' id='word_1_831' title='bbox 1462 5440 1635 5510; x_wconf 88' lang='lat' dir='ltr'><strong>ipsam</strong></span> <span class='ocrx_word' id='word_1_832' title='bbox 1677 5452 1800 5493; x_wconf 83' lang='lat' dir='ltr'><strong>esse</strong></span> <span class='ocrx_word' id='word_1_833' title='bbox 1840 5453 1976 5493; x_wconf 77' lang='lat' dir='ltr'><strong>sexu</strong></span> <span class='ocrx_word' id='word_1_834' title='bbox 2009 5437 2293 5498; x_wconf 89' lang='lat' dir='ltr'><strong>feminam,</strong></span> <span class='ocrx_word' id='word_1_835' title='bbox 2334 5444 2390 5489; x_wconf 89' lang='lat' dir='ltr'><strong>et</strong></span> <span class='ocrx_word' id='word_1_836' title='bbox 2420 5450 2541 5489; x_wconf 88' lang='lat' dir='ltr'><strong>eam</strong></span> <span class='ocrx_word' id='word_1_837' title='bbox 2585 5433 2755 5488; x_wconf 87' lang='lat' dir='ltr'><strong>fuisse</strong></span> <span class='ocrx_word' id='word_1_838' title='bbox 2788 5442 2993 5488; x_wconf 88' lang='lat' dir='ltr'><strong>temere</strong></span> <span class='ocrx_word' id='word_1_839' title='bbox 3027 5433 3334 5488; x_wconf 86' lang='lat' dir='ltr'><strong>maledictis</strong></span> <span class='ocrx_word' id='word_1_840' title='bbox 3366 5448 3535 5503; x_wconf 51' lang='lat' dir='ltr'><strong>appe-</strong></span> 
     </span>
    </p>
   </div>
   <div class='ocr_carea' id='block_1_92' title="bbox 263 5527 3527 5607">
    <p class='ocr_par' dir='ltr' id='par_1_92' title="bbox 263 5527 3527 5607">
     <span class='ocr_line' id='line_1_92' title="bbox 263 5527 3527 5607; baseline -0.004 -11"><span class='ocrx_word' id='word_1_841' title='bbox 263 5544 445 5596; x_wconf 77' lang='lat' dir='ltr'><strong>utam.</strong></span> <span class='ocrx_word' id='word_1_842' title='bbox 481 5538 640 5593; x_wconf 86' lang='lat' dir='ltr'><strong>Tunc</strong></span> <span class='ocrx_word' id='word_1_843' title='bbox 676 5540 851 5607; x_wconf 68' lang='lat' dir='ltr'><strong>coepit</strong></span> <span class='ocrx_word' id='word_1_844' title='bbox 886 5538 1179 5593; x_wconf 86' lang='lat' dir='ltr'><strong>diversorii</strong></span> <span class='ocrx_word' id='word_1_845' title='bbox 1226 5551 1449 5607; x_wconf 89' lang='lat' dir='ltr'><strong>quoque</strong></span> <span class='ocrx_word' id='word_1_846' title='bbox 1500 5537 1792 5606; x_wconf 59' lang='lat' dir='ltr'><strong>praefectus</strong></span> <span class='ocrx_word' id='word_1_847' title='bbox 1841 5533 2048 5589; x_wconf 81' lang='lat' dir='ltr'><strong>deﬂere</strong></span> <span class='ocrx_word' id='word_1_848' title='bbox 2087 5540 2319 5602; x_wconf 91' lang='lat' dir='ltr'><strong>propter</strong></span> <span class='ocrx_word' id='word_1_849' title='bbox 2362 5531 2709 5600; x_wconf 90' lang='lat' dir='ltr'><strong>inopinatum</strong></span> <span class='ocrx_word' id='word_1_850' title='bbox 2750 5531 2819 5585; x_wconf 89' lang='lat' dir='ltr'><strong>ab</strong></span> <span class='ocrx_word' id='word_1_851' title='bbox 2862 5545 2930 5584; x_wconf 92' lang='lat' dir='ltr'><strong>eo</strong></span> <span class='ocrx_word' id='word_1_852' title='bbox 2965 5528 3143 5584; x_wconf 89' lang='lat' dir='ltr'><strong>visum</strong></span> <span class='ocrx_word' id='word_1_853' title='bbox 3175 5527 3527 5585; x_wconf 85' lang='lat' dir='ltr'><strong>miraculum.</strong></span> 
     </span>
    </p>
   </div>
   <div class='ocr_carea' id='block_1_93' title="bbox 264 5621 3530 5705">
    <p class='ocr_par' dir='ltr' id='par_1_93' title="bbox 264 5621 3530 5705">
     <span class='ocr_line' id='line_1_93' title="bbox 264 5621 3530 5705; baseline -0.006 -14"><span class='ocrx_word' id='word_1_854' title='bbox 264 5638 399 5692; x_wconf 83' lang='lat' dir='ltr'><strong>Post</strong></span> <span class='ocrx_word' id='word_1_855' title='bbox 424 5635 543 5690; x_wconf 69' lang='lat' dir='ltr'><strong>haec</strong></span> <span class='ocrx_word' id='word_1_856' title='bbox 563 5643 752 5690; x_wconf 88' lang='lat' dir='ltr'><strong>autem</strong></span> <span class='ocrx_word' id='word_1_857' title='bbox 778 5635 926 5705; x_wconf 88' lang='lat' dir='ltr'><strong>justa</strong></span> <span class='ocrx_word' id='word_1_858' title='bbox 956 5633 1231 5690; x_wconf 83' lang='lat' dir='ltr'><strong>fecerunt</strong></span> <span class='ocrx_word' id='word_1_859' title='bbox 1259 5634 1468 5688; x_wconf 84' lang='lat' dir='ltr'><strong>sanctis</strong></span> <span class='ocrx_word' id='word_1_860' title='bbox 1498 5641 1554 5686; x_wconf 93' lang='lat' dir='ltr'><strong>et</strong></span> <span class='ocrx_word' id='word_1_861' title='bbox 1583 5629 1915 5686; x_wconf 89' lang='lat' dir='ltr'><strong>venerandis</strong></span> <span class='ocrx_word' id='word_1_862' title='bbox 1950 5630 2072 5700; x_wconf 89' lang='lat' dir='ltr'><strong>ejus</strong></span> <span class='ocrx_word' id='word_1_863' title='bbox 2108 5626 2380 5696; x_wconf 88' lang='lat' dir='ltr'><strong>reliquiis,</strong></span> <span class='ocrx_word' id='word_1_864' title='bbox 2412 5634 2467 5680; x_wconf 87' lang='lat' dir='ltr'><strong>et</strong></span> <span class='ocrx_word' id='word_1_865' title='bbox 2513 5623 2888 5694; x_wconf 85' lang='lat' dir='ltr'><strong>deposuerunt</strong></span> <span class='ocrx_word' id='word_1_866' title='bbox 2921 5625 2973 5677; x_wconf 94' lang='lat' dir='ltr'><strong>in</strong></span> <span class='ocrx_word' id='word_1_867' title='bbox 3012 5623 3208 5691; x_wconf 87' lang='lat' dir='ltr'><strong>insigni</strong></span> <span class='ocrx_word' id='word_1_868' title='bbox 3243 5621 3364 5675; x_wconf 89' lang='lat' dir='ltr'><strong>loco</strong></span> <span class='ocrx_word' id='word_1_869' title='bbox 3409 5636 3530 5672; x_wconf 81' lang='lat' dir='ltr'><strong>mo-</strong></span> 
     </span>
    </p>
   </div>
   <div class='ocr_carea' id='block_1_94' title="bbox 264 5715 3530 5801">
    <p class='ocr_par' dir='ltr' id='par_1_94' title="bbox 264 5715 3530 5801">
     <span class='ocr_line' id='line_1_94' title="bbox 264 5715 3530 5801; baseline -0.006 -13"><span class='ocrx_word' id='word_1_870' title='bbox 264 5733 515 5798; x_wconf 83' lang='lat' dir='ltr'><strong>nasterii,</strong></span> <span class='ocrx_word' id='word_1_871' title='bbox 546 5746 677 5787; x_wconf 91' lang='lat' dir='ltr'><strong>cum</strong></span> <span class='ocrx_word' id='word_1_872' title='bbox 713 5730 941 5800; x_wconf 86' lang='lat' dir='ltr'><strong>psalmis</strong></span> <span class='ocrx_word' id='word_1_873' title='bbox 970 5739 1027 5785; x_wconf 89' lang='lat' dir='ltr'><strong>ct</strong></span> <span class='ocrx_word' id='word_1_874' title='bbox 1064 5729 1284 5801; x_wconf 87' lang='lat' dir='ltr'><strong>hymnis</strong></span> <span class='ocrx_word' id='word_1_875' title='bbox 1315 5737 1372 5784; x_wconf 90' lang='lat' dir='ltr'><strong>et</strong></span> <span class='ocrx_word' id='word_1_876' title='bbox 1407 5728 1596 5782; x_wconf 88' lang='lat' dir='ltr'><strong>multis</strong></span> <span class='ocrx_word' id='word_1_877' title='bbox 1644 5725 1972 5788; x_wconf 88' lang='lat' dir='ltr'><strong>luminibus,</strong></span> <span class='ocrx_word' id='word_1_878' title='bbox 2003 5733 2200 5778; x_wconf 88' lang='lat' dir='ltr'><strong>octavo</strong></span> <span class='ocrx_word' id='word_1_879' title='bbox 2228 5721 2435 5777; x_wconf 90' lang='lat' dir='ltr'><strong>mensis</strong></span> <span class='ocrx_word' id='word_1_880' title='bbox 2480 5719 2760 5775; x_wconf 72' lang='lat' dir='ltr'><strong>Februari‘</strong></span> <span class='ocrx_word' id='word_1_881' title='bbox 2819 5718 3014 5774; x_wconf 82' lang='lat' dir='ltr'><strong>Statim</strong></span> <span class='ocrx_word' id='word_1_882' title='bbox 3045 5731 3174 5772; x_wconf 87' lang='lat' dir='ltr'><strong>vero</strong></span> <span class='ocrx_word' id='word_1_883' title='bbox 3217 5715 3368 5770; x_wconf 90' lang='lat' dir='ltr'><strong>venit</strong></span> <span class='ocrx_word' id='word_1_884' title='bbox 3418 5715 3530 5770; x_wconf 82' lang='lat' dir='ltr'><strong>lilia</strong></span> 
     </span>
    </p>
   </div>
   <div class='ocr_carea' id='block_1_95' title="bbox 266 5810 3533 5902">
    <p class='ocr_par' dir='ltr' id='par_1_95' title="bbox 266 5810 3533 5902">
     <span class='ocr_line' id='line_1_95' title="bbox 266 5810 3533 5902; baseline -0.007 -16"><span class='ocrx_word' id='word_1_885' title='bbox 266 5830 512 5902; x_wconf 65' lang='lat' dir='ltr'><strong>prafecti</strong></span> <span class='ocrx_word' id='word_1_886' title='bbox 557 5827 857 5885; x_wconf 77' lang='lat' dir='ltr'><strong>diversorii</strong></span> <span class='ocrx_word' id='word_1_887' title='bbox 890 5827 1216 5884; x_wconf 74' lang='lat' dir='ltr'><strong>adannone</strong></span> <span class='ocrx_word' id='word_1_888' title='bbox 1252 5833 1529 5899; x_wconf 86' lang='lat' dir='ltr'><strong>correpta,</strong></span> <span class='ocrx_word' id='word_1_889' title='bbox 1561 5835 1620 5881; x_wconf 91' lang='lat' dir='ltr'><strong>et</strong></span> <span class='ocrx_word' id='word_1_890' title='bbox 1668 5826 1942 5881; x_wconf 86' lang='lat' dir='ltr'><strong>confitens</strong></span> <span class='ocrx_word' id='word_1_891' title='bbox 1981 5837 2201 5880; x_wconf 75' lang='lat' dir='ltr'><strong>omnem</strong></span> <span class='ocrx_word' id='word_1_892' title='bbox 2243 5818 2551 5887; x_wconf 84' lang='lat' dir='ltr'><strong>veritatem,</strong></span> <span class='ocrx_word' id='word_1_893' title='bbox 2593 5826 2649 5873; x_wconf 89' lang='lat' dir='ltr'><strong>et</strong></span> <span class='ocrx_word' id='word_1_894' title='bbox 2685 5815 2875 5873; x_wconf 88' lang='lat' dir='ltr'><strong>dicens</strong></span> <span class='ocrx_word' id='word_1_895' title='bbox 2907 5831 2921 5870; x_wconf 89' lang='lat'><strong>:</strong></span> <span class='ocrx_word' id='word_1_896' title='bbox 2960 5813 3107 5870; x_wconf 86' lang='lat' dir='ltr'><strong>Talis</strong></span> <span class='ocrx_word' id='word_1_897' title='bbox 3137 5810 3297 5869; x_wconf 86' lang='lat' dir='ltr'><strong>miles</strong></span> <span class='ocrx_word' id='word_1_898' title='bbox 3329 5828 3415 5869; x_wconf 87' lang='lat' dir='ltr'><strong>me</strong></span> <span class='ocrx_word' id='word_1_899' title='bbox 3448 5813 3533 5865; x_wconf 80' lang='lat' dir='ltr'><strong>fe-</strong></span> 
     </span>
    </p>
   </div>
  </div>
