3994 6464
298 404 403 468 357

1295 400 1467 461 VITA
1513 402 1616 463 SS.
1662 401 2032 464 MAURICII
2065 403 2161 462 ET
2201 401 2618 464 SOCIORUM.

3457 414 3563 474 33,8

296 517 611 587 λολατρείας
642 517 967 584 φροντίζειν
1003 531 1014 544 ·
1042 516 1175 570 ante
1205 517 1416 581 ἀῧκνως
1474 517 1638 580 αὐτὸς
1673 517 1772 588 τὴν
1802 519 1866 572 οίη

1991 517 2233 572 scribere
2255 517 2322 573 ad
2348 519 2596 574 locorum
2634 519 2920 589 praesides,
2964 530 3023 576 ut
3061 522 3424 594 imperatores
3464 531 3558 592 qui

295 613 569 682 ιονμένηδ
603 610 955 680 περιήρχετο
991 609 1273 680 ὑπηρέτης
1330 609 1458 676 ὀξὺς
1503 610 1612 663 τῶν
1677 609 1880 680 βωμῶν

293 707 408 759 τῶν
433 702 705 773 δαιμόνων
735 704 1048 771 γινόμενος,
1068 701 1304 766 ἐλπίζων
1325 703 1412 755 διὰ
1441 702 1539 772 τῆς
1577 702 1880 774 π>.ρουσίσς

294 797 466 852 αὐτοῦ
488 798 578 849 καὶ
601 795 729 857 τοὺς
753 795 1104 857 ἀποστάντας
1128 793 1226 864 τῆς
1249 794 1680 864 δεισιδαιμονίας
1712 794 1877 847 αὑτοῦ

294 892 392 943 καὶ
452 889 586 959 προς
637 885 738 958 τὴν
797 889 1004 955 γνῶσιν
1060 887 1163 956 τῆς
1215 887 1477 956 ἀληθείας
1507 885 1602 939 τοῦ
1634 886 1876 956 Χριστοῦ

295 983 815 1051 προσφοιτήσαντας
846 979 1224 1048 αὐτομολῆσαι
1256 981 1706 1048 παρασκευάζειν
1740 979 1877 1049 πρὸς

293 1077 392 1141 τὴν
440 1073 654 1142 πλάνην
711 1073 821 1125 τῶν
850 1072 1180 1144 ἀκαθάρτων
1226 1071 1392 1124 αὐτοῦ
1430 1073 1524 1124 καὶ
1567 1071 1876 1141 βδελυκτῶν

291 1163 454 1219 θεῶν.
484 1165 638 1218 Μετά
667 1166 928 1234 τοιαύτης
947 1159 1040 1216 οὖν
1062 1163 1288 1234 γνώμης
1318 1165 1414 1235 τὴν
1455 1164 1674 1236 Ῥώμην
1707 1181 1877 1218 κατα-

289 1257 468 1310 λιπὼν
499 1257 844 1327 Μαξιμιανὺς
867 1258 896 1310 ὁ
924 1257 1353 1320 δυσσεϐέστατος
1379 1257 1645 1328 τύραννος
1668 1259 1762 1310 καῖ
1787 1256 1877 1309 διά

291 1349 400 1403 τῶν
437 1350 776 1403 ἀνατολικῶν
814 1350 1002 1420 μερῶν
1050 1350 1148 1420 τὴν
1178 1350 1470 1422 ὀδοπορίαν
1526 1353 1872 1418 ποιούμενος,

293 1443 641 1513 κατήντησεν
668 1445 747 1504 εἰς
784 1443 1096 1511 Ἀπάμειαν
1127 1441 1224 1514 τὴν
1265 1443 1603 1513 μητρὸπολιν
1626 1442 1726 1511 τῆς
1753 1443 1874 1495 δευ-

289 1538 456 1602 τέρας
507 1535 617 1586 τῶν
658 1533 849 1604 Σύρων
898 1535 1184 1604 ἐπαρχίας,
1247 1534 1377 1588 ἔνθα
1420 1535 1531 1587 τῶν
1561 1536 1793 1588 εἰδώλων
1825 1538 1873 1590 oi

291 1629 461 1696 ἱερεῖς
494 1627 888 1691 προσελθόντες
919 1627 1069 1698 αὐτῷ
1099 1627 1444 1698 κατηγόρουν
1471 1629 1581 1680 τῶν
1612 1629 1874 1697 Χριστια-

287 1722 398 1772 νῶν
421 1721 675 1788 λέγοντες
699 1736 714 1750 ο
754 1719 824 1772 Ἦ
849 1721 1092 1773 0;ιὸτατε
1119 1719 1360 1790 βασιλεῦ,
1395 1722 1713 1790 παρρησίαν
1741 1721 1872 1788 ἡμῖν

288 1815 430 1884 πρὸς
460 1813 565 1883 τὴν
592 1814 878 1866 εὐσὲὄειαν
911 1813 1021 1866 τῶν
1055 1813 1193 1866 θεῶν
1225 1815 1632 1884 Suppetit-Eva
1671 1813 1871 1879 ἀναφέ-

1988 625 2113 664 eum
2141 619 2556 680 praecesserant,
2619 622 2680 666 ut
2710 612 2981 666 ido!orum
3033 615 3217 670 cultus
3251 632 3438 672 curam
3465 634 3560 690 ge-

1990 713 2214 769 rerent;
2245 704 2341 756 sed
2368 707 2478 772 ipse
2510 705 2738 774 impigre
2760 717 2816 759 et
2839 707 3132 776 diligenter
3153 709 3340 764 obibat
3364 712 3558 768 orbem

1988 804 2169 859 terrm,
2195 794 2426 848 eﬂectus
2459 795 2615 848 velox
2646 797 2898 850 minister
2935 799 3191 853 altarium
3223 801 3558 867 daemonum,

1986 902 2212 956 sperans
2246 887 2429 941 infelix
2472 903 2568 957 per
2599 905 2756 943 suum
2791 892 3084 946 adventum
3121 910 3179 948 se
3208 895 3559 962 eﬂ‘ecturum,

1987 988 2046 1032 ιιι
2077 979 2169 1046 qui
2205 978 2522 1033 defecerant
2555 980 2624 1033 ab
2685 983 2804 1051 ejus
2842 985 3256 1052 superstitione,
3286 997 3342 1041 et
3373 1004 3564 1042 acces-

1983 1080 2170 1123 seram
2203 1069 2270 1123 ad
2310 1071 2553 1124 veritatis
2583 1071 2785 1126 Christi
2820 1076 3210 1143 cognitionem,
3250 1081 3562 1149 transfuge-

1985 1170 2108 1215 rent
2128 1162 2195 1216 ad
2227 1177 2470 1217 errorem
2499 1179 2722 1218 suorum
2748 1167 3154 1222 immundorum
3183 1179 3238 1223 et
3267 1187 3563 1226 exsecran-

1983 1247 2178 1304 dorum
2201 1250 2450 1304 deorum.
2476 1251 2590 1306 Tali
2621 1269 2750 1322 ergo
2773 1255 2957 1308 animo
2990 1257 3216 1311 Romam
3244 1261 3561 1331 relinquens

1983 1338 2344 1396 Maximianus
2381 1343 2582 1413 impius
2613 1353 2897 1414 tyrannus,
2935 1359 2990 1401 et
3021 1365 3119 1418 per
3151 1349 3397 1405 Orientis
3427 1368 3555 1420 par-

1984 1442 2064 1487 tes
2094 1436 2197 1486 iter
2229 1434 2455 1499 faciens,
2487 1439 2738 1504 pervenit
2758 1440 3076 1508 Apameam,
3098 1457 3221 1511 quae
3243 1456 3328 1498 est
3351 1455 3560 1500 metro-

1981 1524 2122 1593 polis
2159 1527 2415 1581 secundae
2478 1529 2774 1596 provincia:
2829 1532 3114 1604 Syrorum.
3174 1534 3293 1600 Quo
3349 1537 3562 1592 inloco

1981 1615 2254 1671 idolorum
2316 1621 2633 1676 sacerdotes
2664 1623 2730 1676 ad
2761 1640 2887 1678 cum
2920 1626 3268 1692 accedentes,
3332 1644 3561 1682 accusa—

1984 1705 2121 1761 bant
2176 1708 2541 1769 Christianos.
2583 1711 2832 1769 dicentes
2864 1722 2915 1770 ei
2958 1734 2971 1772 :
3007 1717 3050 1772 Ο
3079 1718 3422 1774 divinissime
3453 1721 3560 1774 im-

1981 1809 2223 1866 perator,
2244 1815 2368 1853 cum
2387 1802 2462 1856 dii
2495 1803 2658 1859 nobis
2679 1805 2934 1861 dederint
2955 1809 3215 1879 loquendi
3242 1811 3557 1866 libertatem

288 1921 463 1974 ρσμεν
501 1907 598 1957 ἐπὶ
649 1906 711 1957 τὸ
754 1907 1028 1975 ἀήττητόν
1090 1921 1185 1959 σου
1222 1908 1448 1974 κράτος,
1487 1905 1570 1958 ὅτι
1601 1905 1712 1958 τῶν
1745 1907 1866 1975 παρ’

1980 1889 2122 1956 apud
2153 1898 2300 1943 tuam
2355 1892 2638 1960 pietatem,
2677 1895 2980 1953 deferimus
3014 1901 3082 1953 ad
3115 1910 3261 1953 tuam
3295 1901 3555 1957 invictam

284 1999 420 2067 ἡμῖν
447 1997 683 2058 ἕκαστος
718 1999 856 2067 μετά
884 1997 1052 2066 φόϐου
1085 2000 1177 2050 καὶ
1209 1998 1374 2051 πόθου
1409 1998 1536 2061 τοὺς
1582 1998 1874 2068 πατρῴους

287 2106 385 2141 σου
417 2091 560 2157 τιμᾲ
584 2088 764 2150 θεοὺς,
794 2089 1034 2158 μάλιστα
1067 2089 1121 2141 δὲ
1148 2090 1240 2140 τὸν
1269 2091 1366 2142 Δία
1393 2092 1484 2141 τὸν
1511 2092 1724 2159 πατέρα
1764 2089 1872 2140 τῶν

287 2180 430 2232 θεῶν
464 2183 562 2232 καὶ
607 2183 700 2232 τὸν
743 2179 1060 2232 Ἀπόλλωνα
1091 2181 1180 2232 τὸν
1220 2180 1526 2249 θαυμάσιον
1570 2183 1697 2242 τοὺς
1731 2180 1872 2250 ὑπὲρ

287 2271 414 2333 τοὺς
455 2269 654 2332 ἄλλους
683 2269 837 2332 θεοὺς
869 2271 1107 2332 συνετῶς
1146 2271 1517 2340 φυλάττοντας
1562 2288 1622 2323 τε
1655 2272 1748 2325 καὶ
1776 2288 1873 2322 πε-

291 2362 720 2431 ριποιουμένους
777 2361 876 2432 τὴν
941 2363 1219 2432 βασιλείαν
1284 2364 1383 2432 τῆς
1449 2363 1700 2428 ἐξουσίας
1751 2380 1867 2417 σου.

292 2454 607 2523 Μαυρίκιος
639 2453 696 2506 δέ
734 2456 831 2507 καὶ
869 2454 920 2505 οί
979 2456 1077 2507 σὺν
1108 2455 1256 2524 αὑτῷ
1289 2457 1664 2525 ἑϐδομήκοντα
1699 2471 1860 2524 στραο

292 2544 481 2596 τιιῖιτιι
512 2543 610 2596 τοῦ
673 2546 911 2614 κράτους
963 2561 1080 2611 σου,
1129 2546 1192 2596 ἐκ
1254 2546 1363 2598 τῶν
1425 2546 1532 2598 σῶν
1563 2544 1869 2612 ὑψωθέντες

297 2633 504 2705 δωρεῶν
540 2637 638 2688 καὶ
664 2641 762 2699 τὰς
805 2637 1126 2706 φιλοτίμους
1156 2655 1272 2701 σου,
1307 2638 1736 2707 καρπωσάμενοι
1767 2637 1869 2706 χά-

293 2743 471 2797 ριτας,
497 2725 836 2796 ἀτιμάζουσι
875 2745 1000 2791 τους
1032 2729 1188 2791 θεοὺς
1219 2729 1314 2780 καὶ
1353 2730 1494 2782 κατά
1540 2729 1636 2797 τῆς
1662 2731 1867 2801 ἀηττή-

288 2834 380 2869 του
433 2835 529 2870 σου
592 2820 1029 2887 τετυραννήκασι
1083 2821 1386 2888 βασιλείας,
1435 2825 1500 2890 τῇ
1538 2821 1715 2895 πλάνῃ
1742 2839 1868 2874 σνν-

289 2912 634 2979 απατὸμενοι
658 2910 767 2962 τῶν
797 2911 1107 2981 λεγομένων
1142 2913 1512 2982 Χριστιανῶν.

357 3087 434 3141 Γ.
472 3087 664 3141 Ταῦτα
701 3086 943 3150 ἀκούσας
989 3088 1018 3138 ὁ
1046 3087 1308 3157 τύραννος
1359 3087 1706 3157 summa;
1746 3088 1867 3141 ἐθυ-

288 3183 448 3250 μώθη
479 3184 547 3251 τῇ
571 3181 739 3249 ψυχῇ,
757 3182 850 3232 καὶ
870 3184 966 3242 τὰς
994 3183 1194 3249 φρένας
1219 3180 1511 3250 ἠλλοιώθη,
1535 3181 1624 3232 καὶ
1643 3181 1869 3250 τὴνδιά-

285 3290 438 3326 νοιαν
474 3272 617 3340 ὑπὲρ
667 3274 899 3341 κάμινον
933 3271 1227 3341 ἐξεκαύθη,
1268 3271 1559 3341 ἐξαιρέτως
1593 3270 1866 3339 διδαχθεὶς

284 3365 368 3416 ὅτι
401 3367 462 3416 ἐν
499 3366 621 3420 sai.
649 3363 814 3416 αὕτοῦ
861 3367 1179 3433 στρατείαις
1217 3363 1492 3426 τοιούτους
1527 3363 1868 3433 στρατιώτας

286 3459 583 3527 ὑπάρχειν.
622 3458 734 3510 Καὶ
757 3457 821 3527 δὴ
861 3456 1077 3527 ἡμέραν
1101 3459 1442 3525 ἐπιτηρησας
1470 3457 1744 3523 ἐπίσημον
1775 3455 1868 3506 καὶ

282 3551 451 3604 τόπον
492 3551 805 3620 ἐπιτήδειον
834 3548 1089 3619 εὑρηκὼς
1119 3550 1253 3619 πρὸς
1285 3549 1518 3617 Θεωρίαν
1542 3549 1636 3600 τοῦ
1667 3549 1866 3616 δήμου,

289 3643 462 3713 μέσον
512 3640 622 3692 τῶν
670 3637 939 3709 ἀρκτῴων
980 3638 1166 3690 πυλῶν
1203 3639 1302 3708 τῆς
1339 3637 1629 3707 Ἀπαμέων
1667 3653 1872 3706 μητρο-

285 3735 495 3796 πὸλεως
521 3733 773 3795 Γιτνείας
831 3730 1136 3800 Ἀμαξικῆς
1179 3729 1502 3801 λεγομένης,
1547 3732 1770 3782 κάκεῖσε
1811 3729 1870 3781 τὸ

283 3827 641 3897 δικαστήριον
685 3823 1116 3897 εὐτρεπισθῆναι
1159 3823 1446 3886 κελεύσας,
1477 3821 1707 3892 ἀχθῆναι
1741 3823 1868 3884 τοὺς

282 3922 568 3990 ἀοιδίμους
602 3917 909 3989 προσέταξε
945 3919 1257 3987 μάρτυρας.
1296 3913 1418 3984 Ἐφ’
1453 3913 1660 3984 ὑψηλοῦ
1690 3917 1869 3966 τοίνυν

285 4014 534 4086 βήματος
568 4012 663 4066 τοῦ
690 4012 1132 4065 δυσσεϐεστάτου
1166 4011 1436 4081 τυράννου
1483 4009 1868 4074 καθεσθέντος,

282 4110 466 4179 πάσης
495 4107 599 4177 τῆς
631 4106 842 4168 πόλεως
877 4105 974 4158 καὶ
1013 4105 1190 4174 πάσης
1235 4103 1454 4175 ἡλικίας
1494 4105 1574 4157 είς
1609 4104 1707 4170 τὴν
1745 4103 1871 4153 τού-

289 4219 398 4254 των
427 4202 670 4270 θεωρίαν
705 4197 1144 4272 συνδραμούσης,
1174 4197 1246 4258 ὠς
1276 4196 1410 4264 μηδὲ
1435 4196 1542 4248 τῶν
1568 4195 1874 4263 θαλαμευο-

285 4295 466 4365 μένων
521 4291 812 4360 παρθένων
861 4287 1336 4356 καταλειφθεισῶν
1381 4287 1440 4339 ἐν
1486 4290 1598 4348 τοῖς
1641 4287 1868 4347 οἰκείοις

281 4385 680 4453 καταγωγίοις,
716 4378 852 4453 ἧγον
891 4382 942 4433 οἱ
989 4381 1280 4450 δορυφόροι
1323 4380 1449 4441 τοὺς
1490 4378 1868 4447 ἐϐδομήκοντα

282 4479 628 4551 στρατιώτας
659 4475 754 4528 τοῦ
779 4472 1043 4544 Χριστοῦ,
1072 4471 1162 4535 οὓς
1191 4471 1528 4540 θεασάμενος
1551 4471 1579 4521 ὁ
1609 4469 1868 4538 βασιλεὺς

1975 1979 2300 2047 potentiam,
2325 1983 2471 2061 quod
2514 1989 2892 2055 unusquisque
2917 2004 3106 2042 eorum
3130 1992 3223 2059 qui
3255 2001 3383 2044 sunt
3411 1993 3554 2061 apud

1975 2085 2100 2136 nos,
2134 2087 2258 2126 cum
2293 2057 2493 2130 timore
2527 2090 2582 2131 et
2614 2079 2892 2135 desiderio
2924 2082 3154 2138 honorat
3186 2087 3454 2138 maximos
3503 2096 3558 2140 et

1973 2164 2181 2232 patrios
2210 2165 2382 2220 deos:
2417 2171 2651 2225 maxime
2685 2181 2867 2226 autem
2900 2174 3090 2228 Jovem
3159 2185 3370 2244 patrem
3417 2178 3551 2231 deo-

1975 2269 2119 2315 rum,
2153 2267 2208 2310 et
2234 2256 2546 2327 Apollinem
2585 2263 2988 2329 admirabilem,
3014 2266 3109 2334 qui
3135 2277 3266 2320 sunt
3297 2269 3419 2323 aliis
3448 2270 3554 2323 diis

1973 2350 2312 2416 superiores,
2352 2363 2406 2405 et
2440 2353 2730 2424 imperium
2770 2366 2874 2410 tuae
2908 2363 3192 2425 potestatis
3232 2361 3389 2414 valde
3414 2377 3553 2415 con-

1973 2451 2197 2494 servant
2231 2452 2287 2496 et
2330 2453 2576 2497 tuentur.
2617 2447 2913 2503 Mauricius
2967 2461 3151 2504 autem
3187 2459 3242 2505 et
3297 2453 3391 2523 qui
3425 2462 3556 2508 sunt

1972 2547 2097 2586 cum
2135 2549 2201 2586 eo
2233 2537 2580 2606 septuaginta
2622 2540 2827 2596 miiites
2863 2551 2968 2596 tua":
2993 2547 3278 2612 potentiae,
3307 2546 3360 2599 in
3381 2547 3552 2600 altum

1971 2626 2100 2679 elati
2139 2627 2445 2681 honoribus
2477 2630 2585 2683 tuis
2616 2642 2671 2685 ot
2713 2635 3058 2699 muneribus,
3094 2646 3150 2690 et
3178 2637 3271 2706 qui
3325 2639 3460 2692 ditia
3501 2647 3557 2692 et

1972 2719 2262 2788 magnifica
2304 2720 2446 2775 dona
2496 2738 2563 2776 ex
2597 2731 2648 2776 te
2717 2739 3099 2795 perceperunt,
3140 2728 3272 2782 deos
3345 2730 3557 2783 habent

1972 2814 2338 2882 contemptui,
2395 2825 2452 2868 et
2512 2816 2777 2870 adversus
2818 2833 3075 2888 magnum
3137 2828 3290 2874 tuum
3335 2831 3391 2874 et
3421 2821 3563 2874 invi-

1971 2915 2119 2958 ctum
2173 2906 2462 2974 imperium
2510 2919 2771 2962 exercent
2799 2911 3169 2979 tyrannidem,
3206 2913 3430 2967 abducti
3487 2913 3556 2966 ab

1971 3011 2160 3049 errore
2186 2996 2652 3054 Christianorum.

2043 3091 2130 3145 lll.
2156 3091 2281 3146 llaec
2310 3108 2444 3163 ergo
2472 3109 2596 3148 cum
2632 3095 2872 3151 audisset
2901 3097 3224 3167 tyrannicus
3249 3097 3554 3167 imperator

1976 3184 2354 3249 Maximianus,
2384 3186 2570 3241 animo
2596 3187 2751 3242 valde
2777 3188 2884 3242 l'uit
2921 3190 3119 3253 iratus,
3147 3201 3202 3244 et
3234 3193 3558 3259 prmeordiis

1975 3276 2258 3342 incensus,
2289 3289 2346 3332 et
2377 3295 2558 3334 mente
2596 3284 2768 3350 magis
2791 3282 2926 3335 arsit
2970 3299 3132 3351 quam
3161 3283 3390 3337 fornax:
3423 3301 3560 3354 pra:-

1969 3367 2130 3438 cipue
2161 3385 2286 3424 cum
2343 3373 2668 3441 accepisset,
2699 3374 2841 3442 quod
2903 3375 2957 3428 in
2989 3390 3091 3428 suo
3120 3377 3364 3429 exercitu
3415 3378 3553 3432 tales

1969 3470 2155 3515 essent
2179 3463 2404 3518 milites.
2438 3465 2502 3517 Et
2529 3481 2652 3519 cum
2685 3466 2830 3519 diem
2878 3467 3228 3520 observasset
3254 3468 3550 3537 insignem,

1969 3563 2026 3606 et
2052 3553 2231 3606 locum
2267 3555 2779 3625 invenissetaptum
2819 3559 2884 3610 ad
2928 3561 3114 3627 populi
3152 3562 3554 3630 Spectaculum,

1972 3644 2028 3696 in
2086 3645 2266 3698 medio
2301 3657 2581 3714 portarum
2648 3651 3166 3717 septentrionalium
3235 3653 3558 3722 metropolis

1972 3741 2422 3810 Apemeensium,
2457 3758 2579 3812 quae
2629 3743 2832 3796 dicitur
2882 3744 3094 3800 Vicinia
3153 3747 3434 3811 Amaxica,
3499 3758 3556 3801 et

1967 3835 2224 3906 iussisset
2261 3835 2374 3888 illic
2398 3835 2577 3903 parari
2635 3835 3268 3906 judieium,jussitduci
3319 3839 3557 3910 inclytos

1971 3937 2264 3995 martyres.
2305 3924 2440 3980 Cum
2466 3928 2518 3980 in
2554 3927 2665 3979 alio
2711 3934 2897 3980 autem
2938 3927 3199 3981 tribunali
3235 3929 3435 3997 impius
3467 3945 3552 3985 se-

1970 4018 2143 4072 disset
2206 4027 2470 4086 tyrannus
2551 4015 2932 4083 Maximianus,
2993 4021 3364 4074 concurrisset
3420 4037 3554 4076 vero

1972 4109 2233 4162 universa
2269 4109 2464 4162 civitas
2495 4117 2550 4161 ct
2580 4109 2761 4161 omnis
2797 4121 2930 4164 :‘etas
2960 4110 3027 4163 ad
3073 4127 3170 4165 eos
3201 4116 3553 4180 spectandos,

1971 4203 2107 4254 adeo
2147 4211 2207 4254 ut
2242 4216 2345 4254 nec
2370 4201 2619 4270 virgines
2645 4201 2890 4270 quidem,
2924 4219 3047 4272 quae
3087 4202 3296 4273 degunt
3336 4205 3390 4258 in
3426 4206 3550 4259 tha-

1970 4294 2152 4353 lamis.
2207 4294 2577 4348 remanserint
2615 4295 2667 4347 in
2710 4295 2826 4348 suis
2863 4296 3217 4360 habitaculis,
3270 4297 3554 4353 duxerunt

1970 4386 2239 4440 Satellites
2288 4386 2635 4454 septuaginta
2693 4383 2902 4440 Christi
2963 4387 3193 4443 milites.
3249 4387 3399 4454 Quos
3430 4406 3555 4446 cum

1972 4475 2275 4544 aspexisset
2324 4476 2646 4544 imperator,
2688 4475 2828 4530 dixit
2859 4492 3052 4530 eorum
3096 4477 3224 4532 duci
3255 4497 3265 4530 :
3301 4479 3410 4533 Nos
3433 4496 3556 4550 spe-

281 4573 419 4642 πρὸς
450 4571 548 4622 τὸν
573 4567 782 4622 τούτων
813 4565 1040 4635 ἔξαρχον
1071 4561 1259 4617 εἶπενο
1307 4561 1499 4632 Ἡμεῖς
1542 4561 1860 4630 ἐλπίζομεν,

1974 4567 2246 4629 rabamus,
2277 4582 2310 4619 ο
2336 4564 2587 4630 Maurici,
2643 4567 2790 4636 quod
2825 4569 3028 4622 nostris
3083 4568 3331 4624 fruentes
3365 4571 3550 4636 donis,

280 4658 324 4716 ὦ
352 4661 659 4731 Μαυρίκιε,
685 4658 759 4721 ὡς
784 4660 892 4710 τῶν
925 4658 1209 4728 ἡμετέρων
1233 4654 1596 4715 ἀπολαύοντες
1618 4653 1860 4722 δωρεῶν,

280 4756 373 4808 καὶ
408 4755 671 4823 βασιλικῇ
694 4753 868 4820 τροφῇ
897 4749 1336 4818 ἐναϐρυνόμενοι,
1361 4749 1455 4798 καὶ
1485 4746 1592 4796 τῶν
1621 4761 1862 4814 κοσμου-

283 4844 462 4914 μένων
498 4843 559 4892 ἐν
581 4841 854 4906 ἀξιώμασι
884 4837 952 4888 τά
987 4839 1232 4905 πρωτεῖα
1266 4835 1397 4904 παρ’
1425 4833 1582 4904 ἡμῶν
1623 4834 1859 4902 εὐτυχή-

281 4952 472 4998 σαντες
498 4935 774 5003 κατίχνως
809 4931 902 5000 τῆς
927 4931 1202 5000 ἡμετέρας
1236 4927 1516 4980 ἰθύνεσθαι
1550 4928 1858 4997 γαληνότη-

275 5045 385 5092 τος,
411 5029 512 5079 καὶ
535 5027 659 5087 τοὺς
690 5024 1100 5094 ἐπιχειροῦντας
1119 5025 1215 5092 τῆς
1237 5023 1508 5092 ἡμετέρας
1534 5021 1859 5089 θεοφευλοῦς

278 5119 584 5192 θρησκείας
625 5114 940 5184 ἀηηπηδᾷν
973 5112 1237 5184 πράξεσιν
1268 5113 1546 5182 ἀνδρείαις
1583 5115 1677 5165 καὶ
1707 5113 1856 5166 διδα-

277 5213 533 5272 σκαλίαις
569 5208 938 5268 παντοδαπαῖς
975 5207 1054 5268 είς
1103 5206 1162 5257 τὸ
1188 5203 1340 5272 ὑγιὲς
1369 5205 1756 5274 ἐπιστρέφεται
1795 5204 1858 5255 τὸ

273 5322 372 5376 οσρ
407 5303 834 5376 θεραπεύοντες,
869 5299 963 5350 καὶ
991 5297 1053 5348 τὸ
1082 5295 1291 5366 χωλοῦν
1328 5295 1727 5365 διορθούμενοι,
1761 5296 1856 5347 καὶ

272 5399 331 5450 τδ
386 5393 663 5465 πολεμοῦν
710 5389 1111 5460 εἰρηνεύοντες,
1177 5389 1271 5441 καὶ
1317 5389 1600 5457 συντόμως
1653 5389 1852 5452 είπεῖν,

275 5491 424 5544 ἇπαν
455 5489 516 5541 τὸ
555 5489 632 5558 μὴ
674 5488 822 5537 κατὰ
851 5483 942 5536 τὸν
974 5483 1244 5551 ἡμέτερον
1271 5483 1471 5533 σκοπὸν
1498 5481 1852 5549 πολιτευόμε-

275 5602 362 5638 νον
385 5583 459 5646 ὡς
481 5583 748 5649 πολέμιον
785 5576 1202 5636 ὑποτάττοντες.
1230 5572 1618 5642 Ἐδιδάχθημεν
1656 5571 1712 5623 δὲ
1743 5572 1854 5623 πᾶν

273 5679 332 5732 τὸ
384 5677 652 5740 ἐναντίον,
699 5673 776 5734 ὼς
831 5669 1002 5730 ἔοικε,
1053 5671 1182 5738 περὶ
1213 5667 1406 5737 ὑμῶν·
1451 5666 1587 5735 πρὸς
1621 5660 1703 5727 οἷς
1742 5665 1852 5733 γὰρ

275 5772 488 5839 ἐτέρους
515 5771 580 5823 ἐκ
604 5768 710 5838 τῆς
740 5761 1019 5834 ἡμετέρας
1048 5758 1477 5828 δεισιδαιμονίας
1508 5757 1850 5828 ἀφηνιάσαν-

273 5882 368 5928 τας
401 5865 498 5918 οὐκ
540 5859 912 5930 ἐπετρέψατε,
953 5854 1090 5912 ἀλλὰ
1139 5855 1234 5907 καὶ
1266 5853 1418 5909 αὐτοὶ
1471 5853 1520 5906 oi
1563 5852 1704 5904 κατά
1737 5849 1842 5903 τῶν

1971 4668 2027 4712 et
2055 4659 2318 4712 alimento
2344 4658 2529 4711 educti
2560 4659 2937 4726 imperatorio,
2968 4659 3286 4728 primosque
3309 4661 3554 4718 honores

1969 4757 2026 4802 et
2065 4748 2370 4817 dignitates
2398 4764 2427 4801 a
2465 4749 2627 4801 nobis
2657 4750 2963 4813 consecuti,
3000 4751 3328 4804 insisterctis
3378 4755 3550 4807 vcsti-

1969 4839 2073 4908 giis
2111 4848 2309 4892 nostra:
2364 4837 2800 4906 tranquillitatis,
2841 4847 2896 4892 et
2929 4853 3026 4893 eos
3058 4838 3148 4907 qui
3206 4850 3552 4895 conarentur

1967 4933 2180 4986 resilire
2231 4949 2259 4986 a
2299 4940 2484 4985 nostra
2519 4935 2620 4984 deo
2649 4940 2800 5000 grata
2832 4931 3066 5000 legione,
3104 4931 3344 4987 fortibus
3388 4934 3551 4990 factis

1967 5035 2022 5081 et
2043 5041 2204 5079 omne
2223 5041 2395 5094 genus
2417 5024 2687 5079 doctrinis
2709 5025 3104 5079 converteretis
3129 5026 3195 5077 ad
3224 5025 3547 5093 sanitatem,

1966 5119 2113 5188 quod
2140 5129 2433 5189 aegrotaret
2459 5128 2736 5182 curantes,
2765 5127 2820 5171 et
2842 5117 2988 5186 quod
3018 5117 3356 5172 claudicaret
3375 5119 3549 5171 corri-

1966 5222 2176 5283 gentes,
2237 5221 2292 5265 et
2324 5211 2470 5281 quod
2501 5211 2701 5264 bellum
2727 5217 2943 5279 gereret
2989 5209 3340 5278 paciﬁcantes
3365 5227 3378 5263 :
3405 5220 3460 5264 et
3491 5219 3546 5264 ut

1965 5302 2136 5358 semel
2191 5303 2392 5367 dicam,
2442 5302 2670 5372 quiquid
2722 5318 2777 5355 se
2812 5317 2921 5353 non
2975 5317 3040 5354 ex
3086 5311 3274 5354 nostro
3321 5301 3545 5356 haberet

1965 5396 2241 5458 instituto,
2286 5408 2546 5463 tanquam
2581 5394 2865 5446 inimicum
2918 5402 2973 5446 et
3002 5393 3204 5446 hostile
3241 5391 3546 5459 subjicien-

1966 5497 2066 5541 tcs.
2104 5487 2210 5540 Sed
2267 5487 2334 5540 de
2363 5485 2538 5549 vobis,
2573 5495 2631 5538 ut
2677 5484 2918 5548 videtur,
2952 5481 3294 5536 contrarium
3327 5482 3547 5550 acecpi~

1961 5593 2105 5632 mus.
2162 5576 2280 5630 Non
2333 5575 2508 5630 solum
2552 5574 2699 5629 enim
2741 5590 2849 5628 non
2904 5573 3256 5627 convertistis
3312 5585 3409 5625 eos
3446 5569 3544 5639 qui

1961 5669 2222 5722 adversus
2245 5675 2486 5721 nostram
2518 5667 2858 5720 rebellarunt
2883 5664 3225 5734 religionem.
3255 5663 3349 5716 sed
3373 5662 3542 5715 etiam

1962 5760 2060 5829 ipsi
2094 5758 2357 5812 adversus
2395 5743 2529 5813 deos
2582 5769 2803 5814 nostros
2849 5759 3256 5826 omnipotentes
3292 5753 3542 5825 tyranni-

1959 5853 2083 5908 dem
2125 5860 2470 5921 exercentes,
2501 5861 2556 5906 ct
2582 5852 2675 5919 qui
2705 5853 2786 5907 eis
2826 5859 2956 5905 sunt
2985 5849 3269 5904 constituti
3296 5850 3544 5900 honores
