3994 6486
324 505 329 509 ς
389 425 500 489 359

1707 420 1997 484 MENSlS
2037 423 2344 486 IULIUS.

3548 421 3666 483 36-3

384 549 443 594 et
458 537 730 594 sacriﬁcia
754 537 1091 594 aelibamina
1111 535 1420 596 abolentes,
1443 533 1568 590 aliis
1586 534 1773 593 fuistis
1796 537 1969 592 duces

2089 543 2361 611 ῇμετέρων
2407 539 2874 611 παντοκρατόρων
2904 537 3046 593 θεῶν
3086 537 3528 611 τυραννήσαντες
3563 539 3670 593 καὶ

386 631 456 686 ad
482 630 778 686 barathum
828 631 1111 695 interitus,
1143 629 1190 683 si
1241 642 1371 682 vera
1401 635 1535 681 sunt
1568 642 1691 696 quae
1711 626 1782 684 de
1814 627 1973 684 vobis

386 722 456 777 ad
488 731 706 777 nostras
728 735 893 775 aures
923 726 1321 790 pervenerunt.

462 990 550 1046 IV.
586 989 731 1045 Dixit
761 998 986 1046 sanctus
1010 990 1312 1047 Mauricius
1358 1007 1374 1045 :
1414 991 1740 1061 Imperator,
1788 1005 1910 1060 quae
1945 1005 1976 1044 a

388 1082 551 1138 nobis
575 1092 874 1138 exercetur
920 1084 1166 1155 tyrannis
1225 1084 1493 1139 adversus
1522 1084 1679 1146 deos.
1711 1084 1806 1153 qui
1847 1092 1977 1137 sunt

387 1174 545 1228 nullo
571 1189 739 1229 sensu
767 1175 1006 1244 praediti,
1035 1176 1199 1230 nobis
1251 1176 1487 1230 validam
1518 1176 1758 1246 acquirit
1801 1174 1976 1230 victo-

391 1265 526 1319 riam
569 1280 599 1319 a
645 1282 778 1321 vero
826 1269 959 1330 Deo,
1005 1277 1062 1323 et
1096 1283 1361 1323 coronam
1419 1268 1627 1339 gloriae.
1663 1267 1784 1322 Non
1826 1269 1974 1323 enim

388 1372 754 1427 aspernamur
770 1370 827 1415 et
856 1360 1013 1415 nihili
1049 1360 1279 1415 facimus
1327 1362 1518 1426 Deum,
1549 1362 1644 1432 qui
1674 1376 1775 1416 nos
1797 1360 1976 1428 finxit,

394 1459 453 1504 ut
485 1453 653 1505 stulta
711 1464 796 1507 est
828 1463 921 1507 tua
957 1454 1221 1508 traditio:
1263 1454 1359 1508 sed
1409 1454 1784 1524 glorificamus
1821 1470 1973 1519 eum,

390 1543 486 1613 qui
519 1553 605 1599 est
634 1547 786 1600 solus
814 1561 981 1601 verus
1006 1548 1167 1610 Deus,
1186 1549 1282 1617 qui
1309 1547 1439 1602 fecit
1459 1548 1660 1602 etelum
1693 1557 1748 1602 et
1772 1558 1975 1602 terram

390 1645 451 1690 et
476 1652 648 1701 mare,
681 1647 739 1692 et
768 1639 951 1692 omnia
991 1639 1084 1709 qui
1109 1640 1163 1693 in
1195 1642 1277 1695 eis
1294 1649 1445 1694 sunt.
1472 1641 1759 1710 improbos
1790 1651 1975 1694 autem

391 1737 448 1782 et
480 1730 799 1785 immundos
839 1732 1116 1787 daemones
1168 1742 1222 1785 et
1251 1734 1344 1802 qui
1405 1733 1705 1788 liomnibus
1737 1734 1979 1788 aﬂ'eruut

392 1819 645 1884 exitium,
674 1836 795 1889 qua:
816 1832 945 1875 sunt
967 1823 1131 1876 surda
1159 1832 1213 1876 et
1233 1838 1375 1878 caeca
1407 1824 1728 1889 simulacra,
1750 1824 1975 1878 ctnullo

393 1927 556 1966 sensu
588 1914 838 1982 praedita,
860 1930 969 1969 non
1007 1916 1420 1971 convenitdeos
1443 1932 1714 1981 vocare,o
1739 1917 1976 1986 impera-
2008 1902 2052 1961 Β

396 2013 504 2059 tor.
532 2005 679 2059 Dixit
711 2007 1013 2076 imperator
1036 2007 1404 2062 Maximianus
1429 2026 1443 2064 :
1471 2007 1609 2063 Cum
1644 2010 1911 2061 honorem
1948 2024 1977 2061 a

393 2099 504 2152 diis
532 2098 608 2153 sis
641 2111 995 2165 consecutus,
1021 2108 1079 2155 et
1113 2102 1325 2156 militia:
1368 2102 1604 2170 primum
1644 2102 1827 2155 locum
1857 2117 1979 2156 sor-

398 2194 553 2255 titus,
578 2207 612 2246 o
638 2191 888 2250 Maurici.
921 2193 1005 2248 eis
1030 2194 1315 2263 pulchram
1345 2191 1518 2247 refers
1541 2196 1797 2265 gratiam.
1834 2196 1983 2251 Dixit

395 2293 624 2339 sanctus
671 2284 976 2341 Mauricius
1038 2302 1054 2341 :
1087 2285 1382 2356 Nunquam
1431 2286 1701 2342 honorem
1738 2289 1922 2357 accepi
1950 2303 1980 2341 a

395 2378 502 2433 diis
528 2379 749 2443 vestris,
799 2395 980 2449 neque
1015 2379 1142 2434 volo
1196 2394 1294 2434 eos
1330 2380 1628 2434 honorare.
1670 2379 1806 2447 Quis
1831 2381 1981 2435 enim

395 2486 640 2541 unquam
668 2488 735 2527 ex
768 2472 1110 2540 hominibus,
1134 2472 1229 2543 qui
1260 2472 1357 2527 Dei
1392 2472 1560 2528 habet
1587 2474 1980 2543 cognitionem,

394 2564 724 2619 sustinuerit
764 2562 1039 2619 honorare
1070 2565 1333 2619 materias
1390 2564 1547 2619 nullo
1580 2580 1743 2621 sensu
1781 2566 1983 2637 praedi-

395 2658 519 2713 tas?
556 2657 662 2712 Sed
697 2658 902 2727 quibus
947 2673 1056 2713 non
1087 2666 1171 2713 est
1225 2673 1400 2726 mens,
1429 2674 1554 2729 qua
1581 2659 1751 2714 rectis
1779 2660 1984 2731 guber-

395 2760 560 2807 natur
611 2750 948 2814 rationibus,
1001 2760 1292 2821 propterea
1328 2753 1477 2822 quod
1508 2754 1779 2824 jumentis
1824 2768 1979 2809 como

396 2845 573 2915 parati
596 2846 707 2900 sint
742 2844 1155 2915 insipientibus,
1194 2852 1250 2899 et
1292 2845 1510 2902 similes
1534 2847 1664 2902 facti
1694 2848 1807 2903 sint
1832 2848 1913 2903 eis
1940 2848 1980 2912 ⁸,

395 2937 436 2990 ii
462 2937 675 3006 lapides
698 2946 755 2991 et
783 2937 929 3006 ligna
958 2940 1011 2990 in
1038 2936 1172 2991 deos
1223 2937 1494 3002 referunt,
1526 2948 1881 3010 mentemque
1901 2941 1983 2995 eis

399 3028 674 3090 tribuunt,
718 3037 776 3083 et
807 3030 1081 3083 honorant
1117 3038 1378 3101 tanquam
1433 3030 1588 3087 deos.
1624 3031 1773 3086 Dixit
1809 3033 1984 3102 impe-

397 3130 550 3178 rator
589 3120 953 3177 Maximianus
988 3137 1003 3175 :
1034 3119 1308 3186 Quoniam
1361 3124 1568 3194 primas
1602 3132 1790 3195 partes
1833 3124 1983 3179 obti-

393 3215 567 3269 nuisti
630 3214 688 3269 in
753 3211 1046 3271 ordinibus
1118 3223 1321 3269 nostrae
1372 3216 1898 3281 administrationis,
1948 3231 1983 3271 o

394 3306 646 3370 Maurici,
680 3307 735 3362 id
778 3307 878 3363 tibi
923 3321 1177 3379 magnam
1223 3307 1461 3377 praebuit
1502 3309 1893 3364 conﬁdentiam
1927 3320 1984 3364 et

395 3398 585 3455 effecit
601 3400 952 3455 audaciorem
973 3417 988 3456 :
1009 3401 1152 3456 adeo
1173 3409 1233 3454 ut
1259 3399 1548 3469 splendide
1571 3407 1627 3454 et
1653 3400 1790 3455 citra
1813 3403 1980 3456 ullam

396 3494 879 3550 conturbationem
903 3494 1241 3564 respondeas
1260 3503 1463 3548 nostra:
1479 3494 1784 3548 serenitati.
1799 3493 1984 3550 Jubet-

394 3603 526 3660 que,
549 3603 616 3643 eo
646 3598 916 3659 separato,
954 3587 1570 3658 reliquosinterrogari,
1602 3598 1660 3643 et
1683 3587 1879 3643 blande
1900 3587 1983 3643 eis

394 3680 535 3735 dicit
577 3679 882 3750 imperator
913 3680 1096 3746 :,Quis
1124 3677 1286 3734 vobis
1316 3687 1521 3733 tantam
1548 3679 1679 3734 fecit
1705 3678 1986 3750 injuriam,

394 3787 430 3827 o
460 3775 676 3838 fratres,
712 3781 776 3827 ut
802 3772 1115 3827 deficeretis
1145 3787 1174 3826 a
1204 3772 1314 3826 diis
1346 3770 1728 3826 servatoribus
1773 3787 1788 3827 :
1832 3787 1991 3827 acce-

393 3864 603 3922 dereiis
621 3876 805 3921 autem
824 3866 1001 3921 errori
1025 3865 1314 3921 hominum
1334 3864 1428 3935 qui
1452 3866 1687 3921 adorant
1707 3865 1988 3921 hominem

394 3962 717 4018 crucifixum
755 3972 1013 4030 tanquam
1038 3975 1207 4015 unum
1248 3957 1625 4014 homicidam?
1668 3956 1788 4012 Non
1828 3958 1978 4013 enim

395 4059 479 4113 sic
508 4072 605 4111 vos
630 4055 959 4118 erudiimus,
988 4068 1167 4123 neque
1193 4052 1249 4107 in
1279 4050 1371 4107 tali
1391 4051 1642 4105 doetrina
1664 4052 1977 4109 eduximus.

467 4150 530 4205 γ.
562 4149 721 4203 Tunc
749 4161 879 4202 vere
910 4146 1054 4201 beati
1088 4145 1418 4209 Theodorus
1442 4152 1498 4199 et
1525 4145 1833 4216 Philippus,
1860 4156 1984 4202 tan-

397 4256 562 4313 quam
613 4255 678 4294 ex
707 4253 807 4293 ore
867 4246 1187 4291 sanctorum
1241 4237 1594 4307 septuaginta
1653 4248 1981 4310 martyrum,

397 4335 659 4389 dixerunt
713 4330 1077 4401 imperatori:
1135 4330 1267 4397 Nos,
1325 4346 1358 4385 ο
1392 4340 1624 4401 tyranne
1682 4330 1986 4402 imperator

397 4424 752 4485 Maximiane,
783 4430 996 4476 tantum
1028 4420 1294 4476 absumus
1327 4421 1396 4475 ab
1424 4437 1639 4487 errore,
1674 4430 1736 4476 ut
1769 4431 1821 4477 te
1843 4438 1985 4493 quo-

397 4534 506 4589 que
534 4529 788 4589 optemus
815 4516 1041 4570 liberari
1070 4517 1139 4570 ab
1186 4530 1400 4581 errore,
1431 4533 1459 4570 a
1492 4532 1600 4586 quo
1629 4532 1731 4571 nos
1764 4532 1986 4587 quoque

395 4612 604 4666 fuimus
649 4611 890 4674 liberati,
927 4625 1099 4664 unum
1134 4617 1190 4665 et
1212 4611 1391 4665 solum
1438 4610 1735 4665 adorantes
1790 4627 1985 4666 verum

398 4704 595 4770 Deum,
630 4706 843 4759 Patrem
905 4703 1364 4773 omnipotentem,
1394 4713 1449 4759 et
1481 4705 1827 4774 unigenitum
1866 4707 1987 4777 ejus

399 4799 596 4853 Filium
654 4798 841 4854 Jesum
903 4795 1185 4863 Christum
1244 4797 1536 4851 Dominum
1579 4808 1854 4861 nostrum,
1887 4799 1984 4868 qui

397 4900 484 4946 est
511 4892 605 4945 Dei
649 4892 827 4945 virtus
858 4900 912 4946 et
964 4888 1060 4943 Dei
1087 4889 1359 4960 sapientia
1385 4890 1406 4921 ⁸
1434 4908 1447 4943 :
1486 4902 1542 4945 et
1571 4891 1981 4946 sanctissimum

398 4983 519 5052 ejus
558 4981 848 5051 Spiritum,
873 4981 966 5052 qui
1002 4983 1163 5037 nobis
1204 4981 1495 5051 inspiravit
1521 4984 1893 5052 cognitionem
1926 4992 1983 5038 et

400 5073 843 5144 intelligentiam,
898 5084 958 5130 ut
998 5076 1318 5130 conlitearis
1349 5075 1571 5145 quidem
1633 5075 1983 5143 Trinitatem,

401 5182 527 5237 qua:
559 5174 642 5220 est
668 5167 920 5238 ejusdem
951 5168 1207 5223 essentia:
1235 5183 1251 5223 :
1284 5167 1627 5220 abomineris
1662 5176 1846 5221 autem
1879 5167 1985 5221 imv

402 5260 664 5313 mundam
688 5268 835 5314 tuam
855 5260 1176 5330 religionem
1207 5279 1220 5314 ε
1254 5258 1469 5314 ethanc
1502 5259 1720 5329 quidem
1738 5260 1985 5331 ahjicias,

401 5367 527 5422 quae
581 5361 666 5407 est
723 5352 1066 5420 ad'tempus,
1105 5353 1401 5406 militiam:
1437 5353 1550 5407 Deo
1579 5369 1710 5407 vero
1761 5354 1986 5421 milites,

402 5444 495 5515 qui
527 5455 614 5499 est
672 5443 787 5498 Rex
818 5446 1183 5499 exercituum.
1223 5444 1368 5498 Dixit
1413 5444 1779 5498 Maximianus
1811 5445 1985 5515 impc-

406 5545 555 5589 rator
587 5552 601 5587 :
638 5534 832 5600 Video,
860 5550 894 5589 o
948 5535 1223 5604 Philippe,
1280 5542 1332 5588 te
1362 5542 1702 5588 senectutem
1754 5533 1981 5603 quidem

405 5626 613 5683 habere
668 5627 1028 5681 reverendam
1060 5644 1074 5679 :
1108 5626 1473 5697 intelligentia
1524 5635 1707 5680 autem
1746 5626 1980 5680 multum

407 5720 603 5773 cedere
622 5719 940 5788 juvenibus.
975 5717 1220 5789 Confuge
1245 5733 1375 5791 ergo
1408 5717 1475 5773 ad
1511 5716 1665 5784 deos,
1698 5725 1759 5772 ct
1787 5719 1861 5773 sis
1889 5718 1980 5773 bo-

488 5877 503 5905 '
541 5874 687 5933 Psal.
721 5892 916 5933 sum.
997 5878 1017 5909 ¹
1056 5877 1071 5930 1
1104 5880 1231 5932 Cor.
1265 5894 1304 5933 ι.

2076 637 2177 699 τὰς
2226 635 2631 705 νενομισμένας
2679 635 2866 698 αὐτοῖς
2899 631 3068 703 τιμάς
3107 649 3167 685 τε
3209 631 3307 687 καὶ
3335 631 3527 695 θυσίας
3562 633 3672 686 καὶ

2080 727 2318 791 σπονδὰς
2376 726 2766 796 ἀθετήσαντες,
2818 725 3006 797 ὁδηγοὶ
3058 725 3197 792 πρὸς
3229 717 3513 795 βάραθρον
3552 726 3670 778 ἀπ-

2078 822 2275 884 ωλείας
2303 820 2515 893 ἑτέροις
2541 820 2804 890 γεγὸνατε
2827 835 2840 849 ·
2868 820 3018 889 ἤπερ
3040 817 3275 889 ἀληθείᾳ
3297 816 3562 887 κυροῦται
3595 816 3671 867 τὰ.

2079 914 2160 977 εἰς
2189 913 2468 984 ἡμετέρας
2493 912 2665 973 ἀκοὰς
2700 910 2825 965 καθ’
2849 911 3004 981 ὑμῶν
3033 911 3366 980 ἀφικόμενα.

2153 1010 2227 1058 Δ’.
2263 1004 2576 1076 Μαυρίκιος
2624 999 2819 1056 εἶπεν*
2876 1003 2941 1056 Ἦ
2993 1001 3127 1073 παρ’
3176 1001 3338 1071 ήμῶν
3397 996 3672 1070 τυραννία

2079 1100 2223 1153 κατά
2258 1099 2369 1152 τῶν
2424 1097 2772 1167 ἀναισθήτων
2822 1113 2917 1151 σου
2974 1094 3139 1158 θεῶν,
3203 1092 3452 1164 βασιλεῦ,
3500 1091 3670 1161 νίκη-ι

2076 1194 2215 1264 ἡμῖν
2250 1191 2482 1261 ἰσχυρὰν
2530 1190 2684 1259 παρά
2726 1189 2821 1243 τοῦ
2860 1187 3121 1257 ἀληθινοῦ
3154 1187 3294 1240 Θεοῦ
3334 1186 3429 1239 καὶ
3460 1186 3673 1253 στέφαο

2080 1302 2170 1339 νον
2204 1284 2363 1356 δόξης
2394 1281 2746 1353 περιτίθησιν
2767 1299 2781 1313 ·
2817 1282 2879 1335 ού
2916 1283 3025 1351 γὰρ
3055 1278 3360 1347 ἀθετοῦμεν
3398 1278 3491 1331 τὸν
3522 1276 3672 1329 πλά-

2082 1418 2099 1434 .
2176 1412 2193 1429 .
2277 1412 2292 1428 .
2374 1415 2388 1430 .
2471 1412 2488 1430 .
2567 1413 2584 1428 .
2663 1413 2677 1429 .
2754 1390 2825 1427 τα
2869 1373 3019 1442 ἡμᾶς
3050 1371 3184 1423 Θεὸν
3214 1369 3356 1423 κατά
3396 1367 3493 1438 τὴν
3532 1368 3667 1420 ἀνο-

2082 1514 2097 1529 .
2179 1511 2195 1527 .
2271 1514 2286 1528 .
2367 1510 2382 1524 .
2462 1511 2477 1526 .
2554 1467 3079 1541 παράδωσιν’ἀλλά
3126 1465 3185 1519 δο
3260 1503 3275 1519 .
3354 1503 3370 1518 .
3449 1500 3465 1517 .
3543 1500 3560 1517 .
3644 1499 3662 1517 .

2083 1566 2368 1636 (ξ)ἀζομεν
2394 1563 2490 1616 τὸν
2517 1562 2678 1632 μόλον
2707 1561 2961 1631 ἀληθινὸν
2992 1558 3127 1611 Θεὸν
3170 1598 3185 1612 .
3265 1597 3280 1613 .
3358 1595 3374 1610 .
3453 1593 3468 1609 .
3545 1596 3560 1611 .
3645 1592 3665 1608 .

2082 1661 2217 1729 (τὸν)
2250 1659 2560 1729 ποιήσαντα
2590 1654 2684 1708 τὸν
2715 1652 2947 1725 οὐρανὸν
2968 1655 3063 1705 καὶ
3087 1651 3187 1722 τὴν
3264 1689 3279 1703 .
3324 1652 3327 1653 ⁷
3359 1687 3373 1702 .
3452 1686 3468 1702 .
3545 1684 3561 1698 .
3643 1679 3665 1698 ο

2083 1751 2231 1822 (γῆν)
2272 1753 2368 1803 καὶ
2400 1749 2498 1819 τὴν
2528 1748 2833 1811 θάλασσαν,
2869 1744 2968 1798 καὶ
3010 1745 3192 1798 πάντα
3240 1743 3310 1796 τά
3348 1744 3405 1795 ἐν
3451 1741 3666 1800 αὐτοῖς.

2082 1842 2221 1904 Τοὺς
2251 1840 2309 1893 δὲ
2340 1839 2606 1910 δαίμονας
2650 1838 2777 1900 τοὺς
2817 1836 2926 1889 τῶν
2958 1834 3269 1905 ἀνθρώπων
3300 1831 3671 1901 φθοροποιοὺς

2082 1933 2142 1985 οὗ
2177 1933 2377 2003 πρέπει
2413 1948 2494 1984 σοι
2526 1932 2712 1985 καλεῖν
2742 1927 2920 1992 θεοὺς,
2950 1921 2994 1980 ὦ
3027 1924 3268 1996 βασιλεῦ.
3321 1919 3669 1991 Μαξιμιανδς

2084 2021 2283 2094 εἷπενή
2323 2024 2568 2093 Ἐπειδὴ,
2611 2026 2712 2092 τῆς
2769 2021 2879 2073 τῶν
2925 2018 3063 2073 θεῶν
3106 2015 3427 2077 ἀπολαύσας
3472 2012 3668 2081 τιμῆς,

2083 2117 2192 2171 τῶν
2242 2117 2530 2189 πρωτείων
2575 2116 2676 2185 τῆς
2722 2112 3011 2183 στρατείας
3060 2106 3323 2178 ήξιώθης,
3366 2103 3668 2174 Μαυρίκιε,

2084 2207 2259 2279 καλὴν
2323 2208 2512 2269 αὐτοῖς
2561 2203 2831 2266 ἀποδίδως
2886 2202 2986 2272 τὴν
3042 2199 3302 2269 ἀμοιϐήν.
3355 2195 3674 2264 Μαυρίκιος

2085 2296 2241 2353 εἶπεν
2267 2312 2279 2322 ·
2329 2299 2466 2351 Οὐδὲ
2514 2296 2684 2367 τιμὴν
2729 2293 3001 2365 ἐδεξάμην
3041 2291 3192 2361 παρά
3231 2287 3341 2343 τῶν
3381 2286 3674 2357 ὑμετέρων

2088 2392 2250 2454 θεῶν,
2304 2392 2425 2445 οὐδὲ
2479 2390 2645 2460 τιμᾷν
2692 2387 2892 2448 αὐτοὺς
2935 2384 3236 2455 βούλομαι·
3275 2379 3362 2442 τίς
3410 2377 3518 2446 γὰρ
3575 2377 3677 2429 ἀν-

2086 2486 2322 2557 θρώπων
2380 2484 2511 2538 ποτὲ
2549 2482 2751 2551 γνῶσιν
2797 2479 2938 2551 ἔχων
2984 2476 3121 2530 Θεοῦ
3163 2474 3262 2536 τάς
3305 2470 3676 2540 ἀναισθήτους

2085 2579 2256 2649 τιμᾷν
2287 2576 2574 2641 ἀνέξοιτο;
2614 2573 2730 2627 ἀλλ’
2761 2568 2843 2635 οἷς
2887 2571 2986 2640 οὐχ
3020 2569 3258 2639 ὑπάρχει
3312 2562 3458 2628 νοῦς,
3520 2561 3678 2628 λογι-

2094 2673 2255 2742 σμοῖς
2285 2668 2469 2741 ὀρθοῖς
2502 2664 2923 2736 κυδερνὼμενος
2962 2663 3051 2716 διὰ
3092 2661 3153 2714 τὸ
3197 2652 3681 2729 παρασυμϐληθῆ-

2087 2776 2177 2818 ναι
2207 2764 2322 2824 τοῖς
2367 2763 2593 2831 κτήνεσι
2632 2760 2746 2821 τοῖς
2788 2758 3037 2825 ἀνοήτοις
3073 2756 3166 2807 καὶ
3198 2750 3535 2821 ὁμοιωθῆναι
3577 2746 3677 2800 αὑ-

2088 2860 2199 2919 τοῖς
2224 2872 2237 2886 ·
2269 2849 2416 2908 οὗτοι
2459 2851 2804 2907 θεοποιοῦσιν
2842 2851 2956 2912 τοῖς
2988 2846 3161 2910 λίθοις
3209 2845 3306 2899 καὶ
3336 2846 3452 2906 τοῖς
3490 2840 3679 2906 ξύλοις

2085 2948 2423 3018 ἀπονέμουσι
2467 2944 2697 3014 γνώμην
2749 2943 2843 2996 καὶ
2884 2939 3120 3010 τιμῶσιν
3162 2937 3238 3002 ὡς
3290 2932 3468 2998 θεούς.
3502 2932 3681 2998 Μαξι-

2091 3041 2281 3113 μιανὺς
2340 3042 2369 3094 ὀ
2425 3036 2683 3109 βασιλεὺς
2731 3030 2921 3088 εἶπενο
2977 3034 3044 3086 'H
3081 3031 3190 3084 τῶν
3230 3031 3524 3102 πρωτείων
3572 3024 3677 3078 τοῦ

2089 3132 2359 3202 ὑμετέρου
2386 3132 2668 3199 τάγματος
2707 3128 2997 3196 διοίκησις,
3025 3122 3323 3196 Μαυρίκιε,
3358 3120 3562 3190 πολλήν
3587 3135 3681 3171 σοι

2011 3260 2054 3317 c
2091 3223 2410 3294 παρρησίαν
2458 3222 2729 3292 παρέσχε,
2775 3222 2870 3274 καὶ
2911 3218 3247 3290 θρασύτερον
3269 3213 3683 3317 ,ἀπειργάσατο

2090 3320 2168 3380 είς
2203 3316 2262 3368 τὸ
2290 3315 2559 3386 λαμπρῶς
2587 3316 2684 3367 xa‘.
2712 3312 3158 3383 ἀκαταπλήκτως
3184 3307 3325 3381 πρὸς
3353 3307 3453 3376 τὴν
3473 3306 3685 3378 ήμετὲ-

2092 3424 2196 3478 ραν
2237 3405 2636 3475 ἀποκρίνεσθαι
2679 3404 3050 3475 γαληνότητα,
3084 3401 3179 3455 καὶ
3226 3398 3460 3464 κελεύει,
3500 3414 3683 3469 χωρι-

2092 3499 2315 3562 σθέντος
2357 3497 2550 3559 αὑτοῦ,
2589 3499 2716 3559 τοὺς
2760 3496 2982 3558 λοιποὺς
3025 3491 3355 3565 ἐρωτᾶσθαι.
3397 3490 3506 3544 Καί
3539 3506 3683 3557 φησι

2091 3594 2228 3666 πρδς
2261 3592 2463 3654 αὐτοὺς
2492 3593 2521 3645 ὁ
2552 3588 2808 3662 βασιλεύς
2834 3606 2847 3619 ·
2884 3589 2983 3652 Τίς
3012 3585 3271 3641 τοσοῦτον
3306 3585 3449 3653 ὑμᾶς
3478 3582 3683 3652 ἠδίκη-

2088 3702 2205 3750 σεν,
2236 3684 2480 3754 ἀδελφοὶ,
2513 3683 2589 3747 ὡς
2625 3684 2689 3736 ὲκ
2726 3680 2837 3736 τῶν
2864 3679 3134 3752 σωτήρων
3179 3676 3486 3746 ἀποστῆναι
3509 3673 3677 3739 θεῶν,

2088 3775 2465 3846 προστεθῆναι
2493 3775 2552 3829 δὲ
2587 3772 3019 3846 παρασκευάσας
3050 3774 3118 3842 τῇ
3152 3770 3334 3841 πλάνῃ
3363 3766 3471 3821 τῶν
3504 3781 3684 3834 προσ-

2087 3868 2401 3921 κυνούντων
2441 3866 2732 3938 ἄνθρωπον
2766 3860 3153 3936 σταυρωθέντα
3181 3860 3257 3924 ὡς
3295 3859 3393 3913 ἕνα
3431 3859 3541 3911 τῶν
3580 3874 3685 3926 φο-

2088 3960 2260 4029 νέων;
2286 3961 2359 4013 Οὐ
2386 3961 2497 4030 γὰρ
2533 3957 2707 4022 οὕτως
2735 3958 2882 4028 ὑμᾶς
2909 3954 3315 4025 ὲπαιδεύσαμεν
3354 3952 3476 4007 οὐδὲ
3496 3949 3682 4005 τοιαύ-

2087 4071 2211 4117 ταις
2243 4052 2621 4116 διδασκαλίαις
2650 4050 2991 4123 ἐθρέψαμεν.

2159 4148 2240 4202 E'.
2271 4148 2408 4200 Τότε
2449 4146 2729 4216 Θεόδωρος
2758 4144 2851 4197 καὶ
2877 4142 3150 4203 Φίλιππος
3196 4138 3272 4201 ὡς
3309 4140 3372 4192 ὲκ
3405 4136 3683 4208 στόματος

2085 4241 2194 4295 τῶν
2225 4240 2402 4309 ἁγίων
2447 4239 2827 4308 ὲὸδομήκοντα
2881 4234 3179 4306 μαρτύρων
3216 4228 3404 4286 εἷπον·
3458 4229 3680 4300 Ἡμεῖς,

2086 4328 2132 4386 ὦ
2175 4331 2408 4403 τύραννε
2451 4328 2792 4399 Μαξιμιανὲ,
2818 4326 3078 4380 τοσοῦτον
3114 4324 3324 4394 πλάνης
3365 4324 3679 4391 ἀπέχομεν,

2087 4427 2162 4490 ὼς
2202 4426 2297 4480 καὶ
2333 4426 2392 4478 σὲ
2418 4425 2513 4495 τῆς
2540 4423 2762 4492 ἀπάτης
2784 4422 3156 4491 οἰκτείρομεν,
3195 4411 3263 4488 ἧς
3291 4415 3685 4488 ἠλευθερώθη-

2094 4537 2197 4587 μεν
2252 4517 2344 4572 τὸν
2400 4516 2497 4569 ἕνα
2552 4516 2647 4569 καὶ
2709 4516 2872 4584 μόνον
2919 4511 3205 4583 ἀληθινὸν
3240 4508 3684 4581 προσκυνοῦντες

2018 4599 2061 4650 Ῐ)
2092 4613 2247 4677 Θεὸν,
2278 4610 2500 4680 Πατέρα
2528 4607 2977 4678 παντοκράτορα,
3004 4606 3099 4658 καὶ
3140 4604 3233 4657 τὸν
3270 4601 3541 4673 μονογενῆ
3578 4601 3683 4653 αύ-

2090 4703 2186 4775 τοῦ
2231 4703 2356 4756 Υίδν
2399 4701 2608 4772 Ἰησοῦν
2652 4700 2891 4771 Χριστὸν
2929 4701 3021 4750 τ’,ν
3058 4696 3264 4767 Κύριον
3298 4694 3479 4765 ήμῶν,
3518 4693 3681 4757 Θεῆν,

2089 4798 2323 4866 δύναμιν
2351 4797 2445 4849 καὶ
2468 4795 2604 4849 Θεοῦ
2638 4795 2834 4864 σοφίαν
2863 4792 3205 4861 ὑπάρχοντα,
3239 4788 3418 4841 καὶτὸ
3451 4787 3683 4857 Πνεῦμα

2093 4885 2260 4939 αὑτοῦ
2288 4886 2350 4939 τὸ
2380 4887 2651 4953 πανάγιον
2701 4883 2761 4937 τὸ
2805 4881 3124 4951 ὲμπνεῦσαν
3160 4880 3294 4950 ἡμῖν
3326 4877 3532 4947 γνῶσιν
3580 4879 3685 4932 καὶ

2095 4978 2316 5031 σύνεσιν
2340 4992 2354 5007 ·
2381 4976 2666 5045 ὁμολογεῖν
2698 4973 2796 5044 μὲν
2828 4972 3035 5042 Τριάδα
3056 4971 3368 5042 ὁμοούσιον,
3397 4967 3686 5039 βδελύττε-

2090 5071 2217 5126 σθαι
2239 5071 2295 5123 δὲ
2320 5071 2421 5139 τὴν
2454 5067 2768 5137 ἀκάθαρτον
2814 5083 2907 5118 σου
2936 5064 3239 5136 θρησκείαν
3267 5079 3281 5093 ·
3308 5062 3401 5115 καὶ
3446 5060 3547 5132 τὴν
3578 5060 3685 5130 μιν

2089 5164 2433 5234 πρόσκαιρον
2466 5160 2672 5230 ταύτην
2727 5155 3136 5212 ἀποϐάλλεσθαι
3165 5153 3489 5226 θρησκείαν,
3515 5169 3686 5221 στρα-

2089 5255 2346 5309 τεύεσθαι
2395 5253 2454 5308 δὲ
2509 5252 2589 5323 τῷ
2638 5251 2760 5321 Θεῷ
2810 5250 2890 5320 τῷ
2949 5247 3166 5319 βασιλεί
3213 5246 3322 5299 τῶν
3366 5245 3685 5315 δυνάμεων.

2088 5348 2435 5418 Μαξιμιανὺς
2481 5348 2507 5399 ὁ
2545 5345 2803 5417 βασιλεὺς
2850 5339 3042 5395 εἶπεν·
3084 5340 3276 5393 Βλέπω
3303 5355 3385 5403 σε,
3413 5337 3685 5402 Φίλιππε,

2095 5443 2276 5511 γῆρας
2313 5439 2414 5508 μὲν
2455 5437 2738 5508 αίδέσιμον
2773 5434 2987 5506 ἔχοντα,
3034 5433 3252 5486 σύνεσιν
3294 5430 3351 5484 δὲ
3396 5429 3533 5483 πολὺ
3569 5428 3690 5481 τῶν

2096 5534 2234 5586 νέων
2262 5530 2590 5598 λειπόμενον
2610 5544 2623 5558 ·
2650 5523 3025 5598 αὗτομόλησον
3068 5522 3162 5578 οῦν
3211 5524 3350 5593 πρὸς
3376 5521 3500 5585 τοὺς
3522 5522 3691 5585 θεοὺς

2097 5625 2193 5678 καὶ
2220 5623 2382 5693 γενοῦ
2418 5620 2726 5693 σύμϐουλος
2755 5621 2959 5689 ἀγαθὸς
2999 5621 3112 5682 τοῖς
3138 5617 3347 5679 λοιποῖς
3383 5632 3476 5667 σου
3510 5629 3692 5683 στρα-

2096 5719 2320 5782 τιώταις
2349 5718 2447 5789 τῆς
2481 5719 2561 5781 εἰς
2588 5717 2713 5779 τοὺς
2747 5714 2902 5780 θεοὺς
2939 5714 3386 5786 προσκυνήσεως,
3420 5709 3571 5770 ὅπως
3618 5707 3693 5762 ἂν
