1997 3208
152 203 202 236 ιιι

633 201 723 232 νιτΑ
745 199 798 230 SS.
819 196 1005 230 MAURITII
1026 196 1074 227 ΕΤ
1096 194 1304 227 SOCIORUM.

1727 199 1780 230 362
1805 191 1806 194 “

152 261 240 298 τιμῶν
256 258 392 296 μειζόνων
416 257 537 292 ἀξιωθῇς
564 257 630 293 παρ’
644 254 737 292 ἡμῶν.
761 255 791 283 '0
812 255 840 281 δὲ
864 255 943 288 ἅγιος

1000 259 1048 279 nus
1062 252 1239 280 consiliarius
1254 253 1368 291 reliquis
1380 253 1436 282 tuis
1448 253 1582 282 militibus
1597 254 1632 283 de
1642 254 1697 284 diis
1713 257 1779 285 ado-

149 307 284 337 Oﬁttmc
298 303 379 332 εἶπεν
389 312 398 321 ο
424 303 497 338 Ἐγὼ
510 303 664 339 σύμὸουλος
683 301 802 338 πονηρὸς
818 301 849 328 οὐ
861 301 941 336 γενή-

150 361 236 389 σομαι
251 353 311 384 τοῖς
338 350 582 385 αὐτοπροαιρέτως
595 348 768 384 ὑδηγηθεῖσιν
785 349 825 380 είς
838 347 884 374 τὴν
895 347 944 381 φό-

149 400 197 426 σον
217 398 264 425 τοῦ
276 397 408 432 ἀληθινοῦ
427 396 507 428 Θεοῦ,
524 395 620 430 ἐπειδὴ
633 395 810 431 γέγραπται·
831 403 840 419 ι
860 393 943 425 Οὐαὶ,

148 445 184 473 δι’
197 442 230 473 οὗ
241 445 272 471 τὸ
286 445 374 471 κακὸν
404 443 533 478 ἔρχεταιὶ
556 451 565 469 ι
581 440 752 477 Μαξιμιανδς
781 437 859 467 εἶπεν
871 448 878 456 ·
907 439 945 465 Τὸ

149 491 329 527 μακρᾶὓυμον
338 489 537 525 τῆςὴμετέρας
555 488 729 520 ἀνεξικακίας
743 486 944 521 τολμηρότερόν

148 545 179 564 σε
195 536 362 571 πεποίηκεν,
394 535 525 561 Φίλιππε.
551 534 596 569 Μὴ
620 531 668 560 οὖν
699 532 859 567 ἐπιμείνητε
886 533 944 560 τοῖς

148 583 257 614 αὐτοῖς.
283 582 327 608 ἵνα
358 581 397 616 μὴ
419 581 532 612 δικαίως
547 579 595 615 τὴν
610 580 689 614 δίκην
704 578 764 606 καθ’
781 579 859 613 ὑμῶν
876 586 946 613 τιαρ-

146 629 293 664 ωτρύνητιι
308 627 357 654 καὶ
371 627 488 662 γένησθε
503 627 603 661 δεῖγμα
623 627 671 660 τῆς
687 626 825 661 ἡμετέρας
843 626 946 658 ἀγανα-

145 675 259 710 me)
266 683 285 707 ·,
293 672 649 708 τολμῶντες,ὀνομάζειντὸν
657 681 694 697 πα
699 671 721 706 ρ’
727 672 741 697 ὑ
746 671 802 705 μῶν
812 670 947 697 θεοποιού-

147 729 232 755 μενον
254 719 410 754 ἄνθρωπον.
427 718 637 753 Ἀποκριθέντες
653 717 681 743 δὲ
710 717 734 743 ol
749 717 820 750 ἂγιοι
833 717 948 752 ἐϐδομή-

145 774 231 792 κοντα
257 763 336 792 εἷπον
360 764 400 799 τῷ
429 764 572 799 τυράννῳ·
607 763 638 789 Ἦ
675 762 814 795 κενόδοξος
846 762 946 797 ἀπειλὴ

144 811 196 847 τῆς
239 811 302 844 σῆς,
339 809 462 846 βασιλεῦ,
493 809 636 844 βδελυρίας
662 809 779 843 δύναμιν
808 807 838 840 ἐξ
864 808 947 842 ὕψους

144 857 214 892 ἡμῖν
240 857 399 893 χαρίζεται·
427 858 459 883 οὐ
491 855 547 892 γὰρ
570 856 670 882 ἐνοικεῖ
703 855 785 890 φόϐος
809 854 947 890 βασάνων,

144 903 187 935 είς
207 903 330 930 διάνοιαν
355 902 474 938 βεϐαίων
497 902 551 929 τῶν
570 901 742 936 ἀγαπώντων
757 901 802 928 τὸν
819 900 932 936 Κύριον.

183 1037 233 1070 ς’.
270 1036 338 1063 Τότε
362 1037 378 1064 ὀ
418 1037 546 1072 βασιλεὺς
589 1036 758 1072 Μαξιμιανὺς
805 1037 946 1063 ἐκέλευσεν

147 1082 338 1118 ἀφαιρεθῆναι
374 1083 430 1109 τῶν
460 1083 547 1117 ἁγίων
584 1083 771 1117 ἑϐδομήκοντα
795 1082 824 1109 τὺ
853 1083 946 1117 σχῆμα

146 1128 198 1162 τῆς
220 1128 368 1163 στρατείας
415 1129 464 1154 καὶ
491 1128 610 1162 κοπῆναι
640 1127 730 1154 αὐτῶν
769 1127 818 1158 τὰς
857 1127 947 1158 ζώνας

149 1174 201 1201 καὶ
240 1173 419 1209 παραστῆναι
443 1172 520 1208 αὒτῷ
541 1173 610 1208 μετὰ
625 1172 725 1206 πολλῆς
746 1173 869 1207 ἀτιμίας.
892 1173 947 1198 Καὶ

150 1219 239 1247 ταῦτα
263 1220 320 1246 τῶν
345 1220 527 1246 ὑπασπιστῶν
557 1220 626 1254 μετὰ
655 1219 754 1245 πολλοῦ
775 1219 823 1245 τοῦ
847 1218 947 1253 τάχους

151 1264 396 1300 διαπραξαμένων,
410 1264 463 1300 ἔφη
484 1264 552 1299 πρὸς
568 1264 669 1295 αὐτοὺς
687 1264 701 1290 ὁ
714 1264 845 1299 τύραννος
858 1285 865 1297 ,
883 1264 945 1295 Ἴδε,

153 1311 211 1344 ob;
223 1312 340 1346 ἀτιμίας
356 1310 467 1346 ἐτύχετε
480 1311 525 1338 διὰ
537 1310 588 1347 τὴν
606 1310 748 1337 ἀπείθειαν
764 1311 852 1342 ὑμῶν.
871 1310 902 1336 01.
918 1310 946 1336 δὲ

152 1355 226 1391 ἅγιοι
235 1354 318 1383 εἶπεν
334 1356 402 1392 πρὸς
415 1356 461 1382 τὸν
478 1356 611 1391 τύραννον
623 1364 630 1371 ·
649 1356 680 1381 Εἰ
696 1355 744 1381 καὶ
756 1354 799 1387 σὺ,
813 1355 851 1386 ὼς
868 1355 945 1389 νομί-

152 1404 222 1437 ζεις,
234 1404 366 1437 ἐξέδυσας
381 1404 468 1439 ἡμᾶς,
485 1403 550 1430 ἀλλ’
561 1403 635 1429 ἔστιν
649 1403 663 1429 ὁ
679 1403 745 1434 Θεὸς
762 1402 842 1437 ἡμῶν
857 1403 886 1429 ἐν
903 1402 947 1428 οὺ-

153 1451 259 1485 ρανοῖς,
292 1446 314 1484 ᾧ
339 1449 522 1485 λατρεύομεν,
553 1450 652 1476 ενδὺων
675 1449 748 1484 ἡμᾶς
775 1448 873 1482 στολὴν
898 1449 947 1483 τῆς

151 1496 264 1523 αἰωνίου
288 1495 379 1531 δόξης,
398 1496 432 1532 ἣν
455 1496 535 1528 αὐτὸς
558 1496 619 1522 οὐδὲ
639 1494 749 1522 ἀκούειν
772 1495 947 1529 καθέστηκας

151 1542 229 1576 ἄξιος
244 1542 291 1569 διὰ
305 1543 352 1569 τὸν
367 1543 489 1569 Σατανᾶν
499 1543 545 1568 τδν
561 1541 667 1576 πατέρα
686 1550 744 1573 σου,
756 1542 802 1567 τὴν
815 1541 947 1568 λαλοῦντα

151 1588 182 1614 ὲν
194 1589 250 1616 συί.
266 1588 333 1615 Τότε
347 1588 485 1624 Θυμωθεὶς
502 1590 516 1615 ὁ
534 1588 665 1624 τῦραννος
681 1586 758 1614 εἶπεν
769 1596 775 1603 ·
789 1586 824 1615 Ὦ
841 1588 947 1624 μιαρώ-

151 1642 231 1663 uso:
257 1635 306 1662 καὶ
327 1636 378 1670 τῆς
401 1635 459 1662 τῶν
477 1635 547 1662 θεῶν
570 1635 715 1669 εὐμενείας
729 1634 845 1666 ἀνάξιοι,
865 1635 945 1669 ὑμεῖς

153 1680 288 1715 γεγόνατε
307 1681 355 1715 τῆς
374 1681 480 1709 ἑαυτῶν
503 1681 617 1716 ἀτιμίας
639 1681 775 1716 πρόφασις
788 1689 794 1696 -
815 1680 844 1712 ἐξ
868 1681 946 1715 ἡμῶν

151 1727 208 1763 γὰρ
223 1727 399 1764 τιμηθέντες,
416 1728 463 1754 καὶ
476 1728 539 1758 τοὺς
554 1727 631 1758 θεοὺς
647 1726 819 1762 ἐνυϐρίσατε,
836 1727 882 1752 καὶ
897 1726 947 1760 τῆς

155 1774 296 1809 ἡμετέρας
313 1774 407 1809 φιλίας
424 1774 661 1808 κατεφρονήσατε.
690 1773 899 1808 Ἀποκριθέντες
922 1773 947 1797 cl

153 1821 228 1854 ἅγιοι
244 1818 322 1847 εἷπον
333 1820 372 1855 τῷ
384 1820 510 1855 τυράννῳ
520 1829 527 1835 ·
549 1821 583 1846 Ἦ
597 1819 728 1855 στρατεία
740 1828 796 1852 σου,
809 1819 846 1850 ὡς
865 1819 948 1853 μηδὲν

153 1866 266 1902 ἔχουσα,
286 1867 468 1902 παρέρχεται,
487 1866 534 1893 καὶ
563 1866 579 1901 ἡ
609 1865 736 1901 παροῦσα
760 1864 826 1899 τιμὴ
850 1864 947 1898 ἀτιμία

155 1912 198 1939 σοί
223 1913 309 1945 ἔστιν,
331 1912 428 1948 ἐπειδὴ
452 1912 500 1939 τοῦ
523 1912 670 1943 δεδωκότος
694 1920 735 1937 σοι
753 1912 803 1946 τὴν
822 1910 947 1942 ἐξουσῐαν

155 1958 291 1985 Inchoat)
319 1958 400 1992 Θεοῦ,
418 1959 452 1985 τὰ
479 1958 507 1985 δὲ
533 1959 626 1994 ἄψυχα
644 1958 753 1989 εἴδωλα,
767 1958 801 1983 τὰ
821 1957 859 1991 μὴ
877 1956 948 1990 ὡφε-

152 2004 253 2032 λοῦντα
285 2004 330 2031 διὰ
360 2004 390 2031 τὸ
423 2004 460 2039 μὴ
501 2005 647 2038 γινώσκειν
672 2005 718 2030 τὸν
730 2003 852 2038 τιμῶντα
878 2002 948 2029 αὐτὰ

154 2051 201 2077 καὶ
221 2050 382 2086 ὑϐρίζοντα,
394 2050 516 2085 ἀνοήτως
527 2050 670 2082 θεοποιείς.
681 2050 710 2076 '0
718 2049 849 2084 τύραννος
859 2046 947 2074 εἶπεν⁸

153 2098 204 2125 Διά
233 2097 286 2132 τὴν
315 2097 522 2131 φιλανθρωπίαν
552 2097 602 2132 τῆς
631 2096 768 2131 ἡμετέρας
809 2094 948 2129 βασιλείας

155 2144 316 2180 φειδόμενος
341 2144 420 2180 ὑμῶν
447 2145 496 2171 καὶ
521 2143 684 2179 βουλόμενος
718 2141 948 2177 περιποιήσασθαι

153 2191 204 2227 τὴν
235 2191 311 2227 ζωὴν
326 2191 415 2226 ὑμῶν,
439 2191 478 2217 ἔτι
495 2191 627 2226 ἀνέχομαι
644 2190 732 2224 ὑμῶν.
753 2189 806 2215 Καὶ
823 2187 948 2214 ἐκέλευσε

154 2238 229 2274 τρεῖς
244 2238 352 2273 ἡμέρας
370 2237 535 2273 ἀποτεοῆναι
552 2237 650 2263 αὐτοὺς
672 2237 701 2262 ὲν
715 2237 747 2270 τῇ
769 2235 886 2270 φρουρᾷ,
905 2234 947 2259 ἵνα

154 2286 184 2312 τὸ
198 2285 345 2320 συμφέρον
370 2283 583 2319 βουλεύσωνται.

996 297 1102 330 randis,
1118 302 1148 325 ut
1161 299 1265 333 majOra
1274 299 1346 327 dona
1362 305 1392 328 et
1409 300 1529 328 honores
1544 308 1560 328 a
1572 301 1655 330 nobis
1683 309 1785 331 conse-

995 345 1100 379 quaris.
1117 344 1192 371 Dixit
1207 350 1319 374 sanctus
1333 346 1498 381 Philippus:
1511 347 1612 375 Notum
1630 348 1681 375 tibi
1703 349 1752 381 sit,
1766 357 1783 376 ο

996 389 1156 425 imperator,
1172 398 1216 418 me
1233 398 1288 418 non
1320 392 1444 420 futurum
1463 393 1575 420 'malum
1595 394 1784 423 consiliarium

996 436 1032 463 iis
1045 436 1091 470 qui
1107 443 1157 463 sua
1170 430 1269 471 sponte
1297 437 1408 465 deducti
1425 443 1489 466 sunt
1515 440 1550 466 ad
1568 439 1696 468 timorem
1726 441 1784 468 veri

998 481 1057 508 Dei.
1075 481 1213 517 Scriptum
1222 487 1265 510 est
1277 483 1350 510 enim
1362 484 1372 499 ³
1384 485 1458 512 :«Va:
1472 486 1507 515 ei.
1525 493 1574 520 per
1589 494 1669 521 quem
1682 487 1784 514 malum

997 529 1080 555 venit.
1099 537 1109 554 ι
1132 529 1204 556 Dixit
1214 529 1362 563 imperator
1375 530 1553 559 Maximianus
1570 540 1577 561 :
1597 532 1706 560 Lenitas
1734 541 1786 560 no-

997 579 1061 602 stra:
1075 575 1212 610 patientia:
1230 580 1256 602 te
1271 576 1445 604 audaciorem
1462 578 1563 610 eﬂ‘ecit,
1594 587 1610 606 ο
1649 580 1783 616 Philippe.

998 620 1087 647 Nolite
1106 627 1171 655 ergo
1189 621 1216 647 in
1229 621 1272 648 bis
1282 622 1418 654 insistere,
1431 631 1465 651 ne
1486 624 1574 659 justas
1587 634 1682 660 paanas
1695 628 1722 654 in
1737 636 1785 656 vos

999 664 1113 693 irritetis
1129 670 1157 693 et
1172 667 1296 694 evadatis
1303 669 1458 703 exemplum
1470 675 1570 697 nostra:
1580 671 1784 707 indignationis,

999 712 1132 740 audentes
1147 713 1291 741 nominare
1309 714 1460 746 hominem,
1480 717 1553 750 quia
1580 719 1657 746 vobis
1677 724 1718 746 est
1742 728 1786 747 re—

999 758 1070 785 latus
1084 758 1110 785 in
1123 758 1199 786 deos.
1220 759 1427 794 Respondentes
1439 769 1504 789 vero
1517 763 1603 790 sancti
1615 766 1785 800 septuaginta

1000 810 1144 840 martyres,
1161 805 1289 833 dixerunt
1317 811 1432 842 tyranno
1455 808 1632 843 imperatori:
1658 811 1740 839 Vante
1758 817 1787 839 et

1000 851 1095 880 inanes
1137 854 1259 885 mina:,o
1286 854 1445 889 imperator,
1481 860 1534 884 tua:
1563 857 1786 891 abominationis,

1000 898 1129 926 virtutem
1156 900 1235 927 nobis
1268 907 1301 927 ex
1315 901 1371 928 alto
1386 902 1551 937 largiuntur.
1569 904 1629 931 Non
1652 906 1725 932 enim
1743 906 1786 933 in~

957 945 976 971 Β
991 944 1117 979 greditur
1127 949 1175 971 aut
1195 945 1332 973 inhabitat
1348 952 1438 975 metus
1455 952 1655 976 tormentorum
1671 950 1698 977 in
1716 951 1786 978 bona

998 994 1089 1017 mente
1105 994 1133 1017 et
1150 991 1240 1017 stabili
1260 999 1355 1018 eorum
1372 992 1418 1026 qui
1435 993 1553 1028 diligunt
1575 994 1732 1022 Dominum.

1037 1036 1082 1063 Vl.
1105 1035 1183 1063 Tunc
1199 1037 1382 1065 Maximianus
1412 1038 1563 1073 imperator
1590 1041 1669 1068 valde
1689 1042 1786 1075 iratus,

995 1083 1077 1118 jussit
1091 1084 1193 1111 auferri
1218 1093 1233 1112 a
1248 1086 1353 1113 sanctis
1371 1087 1545 1122 septuaginta
1561 1088 1694 1116 militibus
1710 1089 1788 1117 habi-

1000 1133 1055 1156 tum
1080 1130 1194 1162 militiae,
1217 1136 1245 1157 et
1268 1132 1308 1158 eis
1324 1131 1448 1159 abseindi
1471 1141 1564 1165 znnas,
1581 1138 1610 1161 et
1624 1134 1724 1162 deinde
1746 1136 1787 1163 sic

998 1182 1046 1202 eos
1057 1176 1090 1202 ad
1105 1176 1192 1211 ipsum
1219 1177 1319 1204 adduci
1339 1186 1402 1205 cum
1418 1186 1515 1213 magna
1527 1179 1686 1214 ignominia.
1704 1181 1788 1209 Cum-

999 1228 1053 1254 que
1081 1221 1139 1248 haec
1168 1230 1265 1258 magna
1292 1223 1432 1251 celeritate
1455 1224 1613 1253 eﬂ'ecissent
1644 1228 1786 1260 satellites,

998 1267 1066 1294 dixit
1077 1268 1118 1295 eis
1131 1272 1262 1304 tyrannus
1281 1278 1287 1298 :
1301 1269 1406 1302 Videte,
1419 1278 1434 1297 a
1450 1271 1524 1305 quali
1541 1272 1627 1306 gloria
1643 1278 1670 1301 ct
1680 1274 1786 1302 honore

998 1312 1149 1344 excidislis.
1176 1317 1204 1340 et
1235 1315 1316 1349 quale
1351 1315 1431 1342 vobis
1457 1316 1589 1352 obtigerit
1618 1318 1740 1347 dedecus
1758 1327 1786 1348 et

998 1359 1168 1394 contemptio
1186 1365 1298 1395 propter
1315 1365 1434 1388 vestram
1451 1361 1676 1392 inobedicntiam.
1692 1365 1785 1394 Sancti

999 1405 1128 1433 dixerunt
1155 1411 1271 1441 tyranno
1288 1416 1295 1433 :
1313 1407 1425 1435 Etiamsi
1444 1413 1482 1441 tu,
1502 1413 1531 1435 ut
1559 1409 1710 1443 existimas,
1735 1420 1786 1441 nos

998 1449 1098 1477 exuisti
1113 1450 1208 1478 habitu
1236 1452 1350 1485 militize,
1369 1457 1397 1479 et
1412 1453 1554 1481 abscidisti
1571 1463 1654 1483 zonas
1667 1462 1785 1490 nostras.

998 1499 1040 1522 est
1054 1495 1127 1523 Deus
1155 1501 1249 1524 noster
1270 1498 1298 1524 in
1319 1499 1405 1529 caelis,
1418 1506 1498 1533 quem
1518 1500 1644 1534 colimus,
1662 1502 1709 1537 qui
1736 1511 1787 1531 nos

999 1541 1090 1569 induit
1102 1544 1227 1571 vestibus
1248 1548 1276 1571 et
1289 1545 1369 1572 zonis
1385 1545 1553 1580 incorruptte
1567 1551 1596 1574 et
1607 1552 1717 1577 :eterna:
1727 1550 1788 1585 ejus

998 1587 1102 1622 gloriae,
1120 1597 1201 1623 quam
1219 1590 1277 1624 ipse
1290 1598 1346 1617 non
1364 1599 1393 1618 es
1406 1591 1504 1626 dignus
1521 1593 1614 1621 videre
1625 1598 1672 1621 aut
1691 1596 1787 1623 audire

958 1628 980 1658 C
997 1638 1112 1666 propter
1129 1633 1257 1660 Satanam
1274 1639 1380 1669 patrem
1407 1640 1494 1668 tuum,
1513 1637 1558 1671 qui
1573 1637 1599 1664 in
1616 1643 1642 1665 te
1663 1638 1787 1675 loquitur

998 1682 1025 1705 et
1046 1683 1186 1712 operatur.
1218 1679 1295 1707 Tunc
1325 1681 1401 1708 valde
1426 1681 1513 1709 iratus
1546 1687 1689 1718 tyrannus,
1717 1686 1787 1713 dixit

999 1725 1100 1752 Sanctis
1115 1733 1122 1752 :
1137 1724 1159 1751 0
1184 1726 1345 1753 exsecrandi
1361 1731 1388 1754 et
1402 1727 1506 1762 indigni
1528 1729 1642 1757 deorum
1671 1731 1788 1760 benevo-

999 1769 1094 1802 lentia,
1111 1777 1159 1797 vos
1174 1775 1292 1797 vestram
1311 1771 1487 1806 ignominiam
1513 1774 1591 1801 vobis
1607 1776 1787 1806 conciliastis.

1000 1816 1020 1842 Α
1040 1816 1119 1842 nobis
1134 1816 1207 1842 enim
1232 1816 1338 1844 honore
1353 1818 1454 1851 aﬂ‘ecti,
1480 1821 1613 1848 maximos
1636 1822 1703 1850 deos
1719 1823 1788 1851 alie-

1000 1861 1077 1888 cistis
1093 1862 1272 1894 contumelia,
1286 1867 1314 1890 et
1331 1868 1452 1890 nostram
1468 1867 1677 1901 contempsistis
1689 1869 1788 1896 amici-

1001 1908 1079 1934 tiam.
1110 1909 1147 1935 De
1173 1913 1274 1936 cmtero
1307 1909 1423 1944 accipite
1451 1912 1648 1940 convenienter
1687 1915 1789 1943 vestris

1001 1954 1088 1981 factis.
1097 1955 1305 1989 Respondentes
1314 1960 1403 1982 autem
1411 1957 1509 1988 sancti,
1517 1957 1646 1985 dixerunt
1657 1963 1788 1994 tyranno:

1001 1999 1161 2034 Imperator,
1200 2000 1258 2027 lncc
1286 2000 1383 2027 militia
1409 2006 1465 2033 tua,
1495 2006 1524 2028 ut
1552 2011 1612 2037 quze
1647 2005 1716 2032 nihil
1740 2007 1787 2038 sit,

1001 2046 1134 2081 praeterit,
1160 2051 1187 2073 et
1203 2047 1250 2081 qui
1277 2047 1355 2074 adest
1380 2047 1479 2080 honor,
1498 2054 1540 2076 est
1567 2050 1616 2076 tibi
1641 2051 1788 2080 dedecus:

1001 2093 1131 2127 quoniam
1147 2093 1250 2120 oblitus
1269 2100 1299 2120 es
1313 2093 1371 2126 Dei,
1387 2094 1434 2128 qui
1454 2094 1524 2122 hanc
1544 2096 1593 2123 tibi
1608 2097 1685 2124 dedit
1710 2105 1790 2134 pote-

1001 2142 1110 2165 statem.
1124 2138 1198 2165 Vana
1227 2146 1292 2165 vero
1312 2143 1339 2165 ct
1355 2139 1475 2167 inanima
1508 2140 1666 2175 simulacra,
1688 2151 1747 2178 quae
1764 2149 1790 2171 te

1002 2184 1070 2211 nihil
1081 2185 1188 2219 juvant,
1207 2184 1279 2219 quod
1295 2193 1326 2211 ca
1341 2193 1395 2212 non
1409 2192 1575 2221 cognoscant
1592 2196 1655 2215 eum
1672 2190 1717 2224 qui
1729 2190 1786 2225 ipsa

1002 2231 1122 2257 honore‘
1134 2230 1217 2256 allicit
1233 2235 1280 2257 aut
1299 2232 1474 2264 contumelia,
1499 2233 1526 2259 in
1544 2233 1611 2261 deos
1632 2235 1741 2267 stolide,
1760 2241 1791 2262 ut

1001 2277 1047 2312 qui
1075 2276 1154 2310 plane
1169 2284 1249 2303 sensu
1277 2284 1382 2309 careas,
1409 2278 1506 2304 refers.
1533 2278 1607 2306 Dixit
1632 2284 1788 2315 tyrannus:

155 2333 275 2369 Propter
290 2331 377 2360 nostri
399 2330 507 2367 imperii
525 2329 699 2357 clementiam
726 2329 804 2355 vobis
820 2334 945 2363 parcens,
965 2324 1104 2373 etvolenls.
1121 2322 1204 2349 vitam
1228 2322 1306 2373 vobis
1315 2329 1374 2348 esse
1398 2322 1513 2373 salvam,
1528 2323 1618 2352 adhuc
1630 2333 1677 2352 vos
1686 2327 1788 2362 patior,

154 2367 292 2418 iussitque
306 2386 355 2407 eos
381 2382 437 2405 tres
452 2377 511 2405 dies
522 2376 624 2404 includi
645 2376 671 2402 in
686 2382 805 2405 carcere,
822 2379 852 2400 ut
864 2375 993 2405 caperent
1009 2368 1153 2420 cons-ilium
1169 2367 1240 2402 quod
1255 2368 1296 2395 eis
1321 2368 1474 2420 expediret.
1501 2415 1507 2420 I

190 2427 228 2455 Z'.
245 2413 308 2454 ῖῐῶν
325 2426 353 2452 δὲ
372 2425 552 2452 ὑπασπιστῶν
578 2423 784 2458 πληρωσάντων
800 2421 847 2448 τοῦ
870 2421 946 2455 βασι-

1037 2415 1093 2442 Vll.
1122 2415 1189 2442 Cum
1219 2420 1309 2441 autem
1340 2413 1472 2441 satellites
1501 2415 1661 2450 implessent
1679 2420 1787 2453 iussum

157 2475 225 2507 λέως
244 2473 278 2500 τδ
294 2472 461 2508 πρόσταγμα
481 2470 529 2498 καὶ
551 2471 590 2502 εἰς
612 2469 736 2505 φυλακὴν
757 2469 856 2499 αὐτοὺς
880 2468 949 2502 μετὰ

157 2520 256 2548 κλοιῶν
269 2518 486 2554 ηϐειρξάντων,
500 2515 575 2543 εἷπον
590 2518 659 2551 πρὸς
674 2515 805 2550 ἀλλήλους
824 2515 848 2540 oi
865 2514 948 2547 ἅγιοι·

162 2564 373 2601 Ἑτοιμάσωμεν
399 2563 535 2595 ἅπαντες,
566 2562 688 2597 ἀδελφοὶ,
703 2561 875 2597 ὁμοθυμαδὸν
901 2560 950 2590 τὸς

156 2612 248 2648 ψυχὰς
264 2610 344 2647 ἡμῶν
355 2610 396 2642 είς
410 2608 578 2645 προσευχὴν,
599 2608 648 2635 καὶ
661 2607 804 2643 δεηθῶμεν
818 2606 865 2633 τοῦ
881 2604 949 2632 θεοῦ

157 2658 238 2694 ἡμῶν
254 2656 374 2688 ἑιτενῶς
389 2655 482 2682 δοῦναι
496 2655 562 2690 ἡμῖν
577 2654 674 2689 σοφίαν
688 2662 717 2680 τε
731 2654 779 2680 καὶ
794 2652 894 2686 γνῶσιν
906 2652 919 2678 δ
934 2651 950 2676 α

156 2703 205 2732 τοῦ
229 2703 310 2738 ἁγίου
338 2700 422 2729 αὐτοῦ
447 2701 617 2736 ῐῐνεύματος,
632 2700 680 2727 καὶ
705 2699 835 2735 ὲμόαλεῖν
855 2699 895 2729 είς
919 2697 949 2723 τὸ

159 2750 248 2786 στόμα
263 2747 342 2784 ἡμῶν
355 2745 382 2773 τί
395 2746 630 2781 ἀπολογήσασθαι,
644 2747 718 2777 ὅπως
731 2744 861 2780 θαυμάσῃ
874 2744 888 2769 6
903 2743 948 2769 τύ-

159 2803 256 2832 ραννος
271 2793 322 2829 τὴν
342 2792 473 2828 ἀλήθειαν
487 2792 540 2827 τῆς
562 2791 679 2824 πίστεως
697 2790 787 2826 ἡμῶν.
805 2791 860 2816 Καὶ
883 2798 949 2816 στα-

158 2843 252 2874 θέντες
273 2841 315 2873 εις
340 2841 498 2875 προσευχὴν
516 2840 541 2865 ot
557 2839 631 2873 ἅγιοι
655 2838 840 2873 ὲῆδομήχοντα
859 2836 896 2868 ὡς
918 2837 950 2861 ἐκ

161 2889 224 2926 μιᾶς
250 2887 344 2923 ψυχῆς
367 2883 457 2913 εἷπον·
475 2885 506 2912 ὐ
526 2886 591 2917 est;
615 2886 628 2911 ὁ
653 2884 864 2919 παντοκράτωρ,
881 2879 912 2909 οὗ
933 2882 948 2916 ἡ

195 2939 205 2954 ³
221 2937 318 2966 Hatth.
341 2942 419 2962 nm.

363 2983 499 3014 Parant“
525 2981 584 3010 Gn.
609 2979 658 3010 (2X
667 2979 700 3013 ν,

1001 2461 1187 2496 imperatoris,
1206 2465 1233 2487 et
1249 2468 1297 2487 eos
1326 2460 1353 2486 in
1371 2461 1496 2488 custodia
1521 2461 1701 2491 inclusissent
1724 2473 1787 2493 cum

999 2509 1157 2540 collaribus,
1185 2508 1272 2536 sancti
1291 2508 1420 2535 dixerunt
1436 2508 1507 2535 inter
1524 2516 1553 2536 se
1569 2519 1574 2535 :
1597 2510 1706 2539 Fratres
1720 2512 1788 2540 clia‘

999 2556 1110 2588 rissimi,
1128 2562 1257 2589 paremus
1280 2561 1376 2581 omnes
1394 2559 1501 2581 nostras
1513 2555 1619 2583 animas
1633 2556 1666 2583 ad
1683 2559 1787 2585 oratio-

1000 2610 1073 2634 nem,
1088 2607 1115 2629 et
1140 2602 1246 2628 intense
1276 2609 1388 2628 oremus
1410 2601 1557 2636 benignum
1575 2607 1604 2630 et
1623 2603 1788 2632 clementem

1000 2649 1085 2675 Deum
1100 2652 1237 2679 nostrum,
1256 2651 1285 2674 ut
1310 2646 1356 2673 det
1372 2647 1452 2674 nobis
1467 2647 1628 2681 sapientiam
1646 2653 1674 2676 et
1692 2650 1788 2685 cogni—

1002 2695 1103 2722 tionem
1118 2701 1168 2729 pcr
1181 2698 1305 2720 sanctum
1320 2692 1464 2727 Spiritum,
1477 2698 1504 2720 et
1521 2694 1623 2729 injiciat
1638 2694 1666 2721 in
1693 2702 1724 2723 os
1738 2703 1789 2723 no-

1000 2746 1100 2771 strum,
1116 2740 1180 2775 quid
1196 2739 1411 2773 respondeamus
1432 2739 1591 2774 imperatori
1605 2748 1611 2766 :
1625 2745 1655 2767 ut
1671 2741 1791 2769 admire-

1003 2787 1118 2822 turipse
1136 2793 1248 2821 quoque
1270 2791 1402 2821 tyrannus
1417 2786 1559 2813 veritatem
1589 2791 1690 2814 nostra:
1713 2787 1788 2814 ﬁdei.

1003 2834 1036 2861 Et
1051 2841 1080 2861 se
1098 2833 1131 2860 ad
1159 2832 1327 2867 precandum
1356 2832 1530 2859 conferentes
1558 2833 1646 2859 sancti
1678 2838 1788 2868 septua-

1003 2881 1076 2915 ginta
1094 2879 1196 2906 Christi
1216 2885 1350 2913 martyres
1374 2878 1504 2905 dixerunt
1537 2883 1666 2913 tanquam
1682 2887 1714 2906 ex
1736 2888 1791 2907 uno

1598 2974 1634 3005 1'2.
