3994 6444
410 401 518 464 363

1705 390 1986 451 MENSIS
2028 389 2328 453 IULIUS.

3553 390 3665 454 364

408 531 510 573 ore
533 524 592 571 et
613 529 720 569 una
753 511 936 569 anima
967 525 982 563 :
1009 504 1239 562 Domine
1262 504 1402 560 fJesu
1428 500 1672 560 Christe.
1704 500 1852 555 Deus
1872 513 1982 553 om-

2090 498 2313 565 ὲξουσία
2367 498 2589 563 αἰώνιος
2622 500 2719 554 καὶ
2751 500 2784 572 ή
2821 500 3068 571 βασιλεία
3104 501 3164 557 οὑ
3203 500 3661 574 διαφθαρήσεται,

408 606 690 676 nipotens,
750 602 909 672 cujus
935 604 1178 668 potestas
1231 600 1458 656 aeterna,
1507 599 1565 646 et
1605 604 1834 660 regnum
1866 603 1976 676 non

406 675 680 757 interibit,
708 690 865 745 mitte
897 686 965 741 ad
989 699 1092 740 nos
1144 681 1553 741 sanctissimum
1592 687 1749 733 tuum
1807 675 1981 745 Spiri-

404 799 552 850 tum,
585 793 643 841 et
672 796 775 838 nos
801 794 901 851 per
931 792 1057 834 eum
1094 773 1276 838 crudi,
1331 771 1468 830 utin
1496 771 1617 840 ipso
1641 768 1981 826 exsultemus

402 892 468 938 et
508 873 822 940 laetemur‘,
884 879 941 927 et
972 869 1259 925 vincamus
1315 863 1522 919 erroris
1575 860 1872 931 nequitias,
1924 865 1984 915 et

403 966 822 1027 extollamursiu
845 978 974 1019 vera
1002 970 1095 1017 tua
1124 957 1232 1013 ﬁde
1260 971 1362 1026 per
1401 964 1655 1013 sanctum
1689 951 1978 1022 Spiritum.

392 1063 504 1135 ~qui
530 1058 778 1131 loquitur
808 1056 865 1115 in
913 1052 1095 1114 nobis,
1129 1047 1524 1107 convenienter
1538 1054 1661 1102 tua
1690 1050 1919 1135 vet-teet
1948 1056 1981 1097 a

402 1133 697 1211 mendacio
723 1148 915 1207 alienae
947 1140 1323 1217 promissioni,
1339 1148 1397 1196 et
1426 1153 1526 1209 pro
1543 1152 1577 1193 a
1616 1135 1778 1193 nobis
1800 1133 1983 1190 ablata

393 1244 689 1303 mundana
713 1240 1003 1313 dignitate,
1022 1234 1327 1293 elﬁciamur
1368 1230 1576 1287 milites
1602 1229 1658 1283 in
1677 1234 1868 1285 sancta
1889 1235 1983 1281 tua

406 1336 651 1400 civitate,
694 1341 752 1388 et
772 1329 1111 1391 ascribamur
1162 1326 1220 1381 in
1248 1336 1543 1381 numerum
1592 1320 1800 1378 civium
1853 1331 1980 1373 cum

394 1426 672 1482 omnibus
697 1422 834 1477 'tuis
884 1417 1115 1483 sanctis,
1165 1415 1260 1486 qui
1288 1414 1388 1470 tibi
1420 1429 1452 1468 a
1484 1412 1687 1468 smcuio
1736 1417 1889 1468 recte
1924 1410 1983 1465 in

412 1512 522 1568 ﬁde
565 1512 916 1580 placuerunt.
950 1504 1221 1571 Quoniam
1259 1513 1317 1557 tu
1375 1516 1439 1557 es
1467 1501 1622 1555 solus
1646 1500 1811 1559 Deus.
1838 1509 1895 1554 et
1928 1506 1982 1553 te

412 1604 572 1661 decet
596 1599 766 1672 gloria
791 1606 848 1653 et
878 1595 1124 1667 potentia
1146 1595 1204 1650 in
1227 1592 1446 1649 saecula.
1477 1591 1672 1646 Amen.

481 1694 619 1751 Vill.
662 1689 967 1760 Completis
987 1696 1176 1743 autem
1210 1686 1389 1740 tribus
1418 1683 1639 1749 diebus,
1681 1680 1985 1752 praesidens

414 1800 609 1843 rursus
635 1779 1092 1844 Maximianugin
1120 1775 1377 1837 eumdem
1408 1776 1593 1830 locum
1628 1783 1801 1843 portae
1826 1772 1986 1827 Ama-

414 1879 545 1935 zizae
577 1888 773 1929 rursus
802 1878 1171 1927 concurrente
1223 1866 1485 1921 universa
1518 1865 1763 1929 civitate,
1794 1876 1987 1915 accer-

414 1971 510 2025 siit
563 1973 806 2023 sanctos.
862 1960 1052 2018 Sancti
1104 1972 1239 2015 vero
1296 1964 1573 2027 martyres
1630 1961 1989 2011 accesserunt

417 2060 578 2119 tracti
601 2076 632 2113 a
654 2054 943 2119 ministris,
967 2060 1023 2107 et
1043 2057 1320 2106 steterunt
1335 2057 1462 2103 ante
1480 2045 1734 2116 impium.
1760 2044 1991 2114 Iniquus

414 2137 600 2208 autem
630 2149 925 2218 imperator
953 2143 1130 2197 minas
1154 2150 1471 2209 temperans
1506 2136 1821 2202 clementia,
1849 2134 1991 2189 dixit

415 2243 500 2299 eis
530 2258 544 2295 :
578 2240 623 2295 0
651 2239 779 2303 viri,
810 2234 1008 2292 discite
1056 2231 1277 2286 tandem
1326 2228 1460 2300 quid
1486 2227 1646 2282 vobis
1690 2226 1991 2296 espediat‘:

415 2344 473 2392 et
503 2308 852 2394 accedentes,
881 2324 989 2380 diis
1023 2320 1352 2385 sacriﬁcate,
1377 2326 1434 2375 et
1454 2317 1620 2371 vitam
1655 2314 1910 2384 accipite,
1932 2320 1990 2368 et

418 2442 531 2483 non
568 2431 799 2479 mortem
830 2417 1111 2473 acerbam.
1145 2413 1414 2468 Dixerunt
1466 2409 1643 2464 sancti
1672 2415 1944 2478 martyres
1972 2423 1986 2459 :

417 2521 495 2574 De
555 2518 662 2572 hoc
709 2514 915 2569 bonum
947 2507 1243 2566 consilium
1303 2503 1572 2574 cepimus,
1604 2517 1638 2556 o
1669 2501 1987 2571 imperator.

415 2610 559 2667 Audi
619 2616 847 2669 attente,
894 2610 1043 2658 etne
1074 2613 1176 2654 nos
1228 2596 1467 2666 amplius
1517 2608 1704 2665 cogas,
1733 2600 1830 2647 aut
1877 2590 1986 2646 vim

415 2702 580 2758 nobis
610 2699 776 2753 ullam
809 2693 1008 2751 aﬂ'eras
1036 2710 1049 2746 ε
1079 2689 1385 2745 Statuimus
1410 2685 1560 2741 enim
1607 2684 1737 2741 odio
1783 2682 1990 2738 habere

395 2780 560 2851 banc
602 2792 795 2855 vitam,
855 2801 976 2856 qua:
1005 2792 1091 2839 est
1136 2781 1205 2836 ad
1257 2788 1497 2846 tempus,
1565 2776 1797 2847 diligere
1854 2789 1989 2830 vero

419 2892 653 2940 mortem
719 2875 1058 2948 propositam
1115 2878 1339 2943 propter
1368 2867 1575 2924 Christi
1625 2867 1986 2923 desiderium.

416 2975 521 3030 Per
547 2972 725 3042 ipsum
758 2966 906 3022 enim
944 2963 1114 3017 vitam
1142 2970 1402 3015 aeternam
1444 2971 1732 3030 speramus
1765 2954 1992 3012 lucrifa-

419 3078 570 3119 cere.
603 3062 677 3116 De
703 3067 903 3114 caetero
925 3068 1060 3125 ergo
1098 3051 1183 3108 fac
1214 3052 1457 3108 breviter
1488 3050 1544 3104 in
1577 3063 1679 3104 nos
1701 3046 1850 3118 quod
1880 3046 1986 3101 vis.

2084 588 2472 653 ἐξαπόστειλον
2500 590 2723 661 ἡμῖντὸ
2752 590 2981 662 Πνεῦμά
3018 608 3112 646 σου
3149 592 3209 646 τὸ
3240 592 3528 661 πανάγιον,
3574 594 3671 647 ἵνα.

2082 684 2142 737 ιν
2173 681 2323 753 αὐτῷ
2351 682 2813 755 ἀγαλλιασὼμεθα
2841 686 2936 738 καὶ
2961 685 3383 756 εὐφρανθῶμεν,
3399 688 3494 740 καὶ
3514 687 3669 756 νική-

2089 791 2275 846 σωμεν
2325 774 2426 838 τὰς
2457 778 2722 851 πονηρίας
2759 780 2858 847 τῆς
2892 778 3124 849 πλάνης,
3153 780 3249 832 καὶ
3271 777 3576 849 ὑψωθῶμεν
3604 780 3672 832 ὲν

2083 869 2152 939 τῇ
2178 865 2408 940 ἀληθινῇ
2442 883 2538 922 σου
2571 868 2750 922 πίστει
2789 868 2879 923 διά
2908 867 3006 923 τοῦ
3037 870 3196 937 ἀγιου
3222 869 3542 939 Πνεύματος
3568 867 3670 923 τοῦ

2085 960 2385 1025 λαλοῦντος
2414 961 2476 1015 ιν
2505 961 2666 1032 ἡμῖν,
2689 963 2836 1017 κατά
2871 960 2971 1035 τὴν
2996 963 3264 1036 ἀληθινήν
3292 980 3386 1018 σου
3425 965 3672 1031 ιπαγγε-

2085 1054 2230 1120 λίαν,
2248 1055 2345 1110 καὶ
2371 1054 2494 1110 ἀντὶ
2515 1053 2617 1127 τῆς
2650 1053 3036 1127 ἀναιρεθείσης
3058 1055 3331 1126 κοσμικῆς
3351 1048 3511 1122 ἀξίας
3533 1052 3673 1125 παρ’

2086 1145 2247 1219 ἡμῶν
2283 1143 2574 1218 γενώμεθα
2619 1146 2956 1217 στρατιῶται
2987 1149 3048 1201 εν
3079 1146 3234 1202 πόλει
3270 1147 3405 1218 ἀγίᾳ
3438 1163 3556 1212 σου,
3604 1148 3674 1199 ιν

2085 1233 2123 1314 ᾖ
2149 1237 2565 1295 συνελεύσονταί
2587 1255 2672 1293 σοι
2692 1240 2897 1302 πάντες
2915 1239 2967 1293 ot
2998 1240 3361 1310 συναγόμενοι
3384 1242 3452 1311 τῇ
3478 1238 3674 1293 πίστει

2086 1330 2180 1385 τοῦ
2219 1331 2461 1400 Χριστοῦ
2505 1348 2624 1399 σου,
2660 1332 2780 1402 μεθ’
2815 1326 2879 1388 οὑ
2910 1350 2995 1387 σοι
3029 1333 3112 1405 τῷ
3139 1334 3343 1403 Πατὲρι
3386 1334 3592 1403 πρέπει
3630 1334 3674 1404 ἡ

2083 1421 2214 1493 δόξα
2240 1423 2337 1477 καὶ
2360 1421 2423 1475 τὸ
2447 1421 2653 1494 κράτος
2688 1424 2787 1479 σὺν
2813 1422 2892 1495 τῷ
2920 1424 3065 1496 ἁγίῳ
3088 1424 3184 1479 καὶ⁸
3214 1423 3466 1495 ζωοποιῷ
3494 1424 3676 1481 Πνεύο

2091 1528 2225 1583 ματι
2254 1514 2339 1576 είς
2367 1514 2496 1577 τοὺς
2519 1513 2742 1577 αἰῶνας.
2787 1515 2982 1588 Ἀμήν.

2159 1690 2241 1746 H'.
2273 1692 2381 1745 Καὶ
2405 1693 2545 1762 μετὰ
2587 1692 2686 1764 τὴν
2732 1695 3125 1771 συμπλήρωσιν
3157 1696 3268 1750 τῶν
3311 1697 3480 1767 τριῶν
3529 1699 3677 1769 ἠμε-

2093 1778 2203 1850 ρῶν
2226 1780 2566 1851 προκαθίσας
2597 1781 2762 1836 πάλιν
2788 1784 2819 1835 ό
2847 1784 3191 1852 Μαξιμιανὸς
3226 1786 3369 1840 κατά
3390 1788 3480 1840 τὸν
3500 1787 3675 1840 αὑτὸν

2088 1874 2253 1926 τόπον
2279 1872 2694 1945 τῆςἋμαξικῆς
2719 1875 2912 1946 πύλης,
2934 1878 3349 1949 συνδραμούσης
3372 1879 3467 1932 καὶ
3485 1879 3673 1948 πάσης

2089 1963 2194 2033 τῆς
2231 1963 2465 2029 πόλεως,
2515 1964 2906 2035 μετεπέμψατο
2938 1966 3069 2029 τοὺς
3096 1967 3305 2034 ἁγίους.
3344 1968 3406 2021 Οί
3440 1967 3494 2020 δὲ
3524 1985 3676 2038 παρ-

2090 2054 2359 2122 εγένοντο,
2382 2054 2666 2124 ἑλκόμενοι
2696 2056 2800 2110 ὑπὸ
2827 2055 2936 2111 τῶν
2954 2057 3275 2128 ὑπηρετῶν,
3306 2060 3399 2113 καὶ
3429 2058 3675 2130 ἔστησαν

2092 2144 2409 2214 ἔμπροσθεν
2448 2143 2548 2198 τοῦ
2595 2144 2916 2209 δυσσεϐοῦς.
2959 2146 3017 2201 '0
3054 2147 3113 2201 δὲ
3153 2147 3537 2222 φιλανθρωπία
3569 2149 3677 2219 τὴν

2091 2235 2322 2308 ἀπειλὴν
2356 2237 2620 2308 κεράσας,
2650 2238 2753 2310 ἔφη
2800 2240 2938 2312 πρὸς
2969 2240 3200 2305 αὐτούς·
3241 2240 3363 2296 Κάν
3404 2242 3503 2311 ὀψέ
3536 2259 3677 2296 ποτε

2090 2328 2153 2383 τὸ
2188 2329 2468 2401 συμφέρον
2491 2329 2625 2400 ὑμῖν
2656 2331 2880 2401 μάθετε,
2909 2326 2955 2386 ὦ
2979 2332 3191 2404 ἄνδρες,
3225 2333 3323 2388 καὶ
3347 2333 3680 2405 προσελθόν-

2092 2439 2181 2484 τες
2210 2421 2411 2477 θύσατε
2454 2426 2566 2484 τοῖς
2604 2423 2767 2490 θεοῖς,
2799 2426 2893 2479 καὶ
2929 2426 3234 2496 κομίσασθε
3265 2428 3365 2499 τὴν
3396 2426 3544 2497 ζωὴν
3572 2428 3679 2482 καὶ

2096 2512 2172 2583 μὴ
2200 2513 2293 2566 τὸν
2329 2514 2530 2582 πικρὸν
2560 2514 2812 2572 θάνατον.
2849 2519 2912 2573 Ol
2945 2519 3093 2587 ἀγιοι
3135 2514 3325 2574 εἶπον⁸
3363 2520 3534 2574 Τοῦτο
3572 2538 3678 2573 κα-

2091 2601 2201 2665 λῶς
2227 2601 2693 2672 ἐϐουλευσάμεθα,
2720 2603 2960 2674 βασιλεῦ,
2985 2606 3084 2675 τὴν
3104 2608 3438 2678 πρόσκαιρον
3463 2606 3676 2678 ταύτην

2093 2691 2239 2764 ζωὴν
2262 2693 2512 2764 μισῆσαι,
2535 2694 2821 2764 ἀγαπῆσαι
2848 2696 2904 2751 δὲ
2934 2696 3026 2751 τὸν
3057 2700 3418 2768 προκείμενον
3440 2698 3679 2753 θάνατον

2075 2784 2179 2841 ,διὰ
2210 2786 2302 2838 τὸν
2323 2785 2404 2850 είς
2426 2786 2661 2857 Χριστὸν
2688 2786 2852 2843 πόθον
2869 2801 2884 2818 ⁶
2908 2788 3201 2860 ἐλπίζομεν
3250 2792 3360 2861 γὰρ
3406 2790 3475 2844 δι’
3502 2790 3677 2844 αὑτοῦ

2093 2875 2353 2946 κερδάναι
2404 2876 2505 2948 τὴν
2552 2876 2700 2948 ζωὴν
2749 2880 2849 2949 τὴν
2886 2879 3126 2935 αίώνιον.
3167 2881 3371 2935 Λοιπὸν
3399 2880 3494 2935 οὖν
3526 2882 3678 2935 ποίει

2094 2967 2377 3038 συντόμως
2410 2969 2439 3022 ὃ
2468 2968 2685 3038 βούλει·
2720 2971 2880 3041 ἡμεῖς
2923 2971 3033 3043 γὰρ
3076 2972 3179 3027 οὑκ
3218 2971 3532 3044 ἀρνούμεθα
3576 2973 3679 3027 τὸν

2092 3057 2226 3112 Θεὸν
2255 3060 2437 3129 ήμῶν,
2486 3060 2609 3114 οὐδὲ
2643 3061 2768 3125 τοὺς
2792 3060 3054 3133 δαίμονάς
3091 3079 3188 3117 σου
3219 3064 3634 3134 προσκυνοῦμεν
3653 3080 3675 3097 σ

415 3157 529 3211 Nos
589 3152 737 3207 enim
792 3162 904 3203 non
959 3158 1224 3215 negamus
1279 3142 1451 3198 Deum
1496 3149 1769 3204 nostrum,
1804 3153 1984 3208 neque

2093 3151 2152 3204 ὲν
2176 3150 2285 3222 γάρ
2313 3153 2380 3223 τῇ
2411 3153 2740 3223 κατακρίσει
2775 3152 2869 3207 τοῦ
2900 3155 3238 3226 προσκαίρου
3273 3156 3466 3210 τούτου
3504 3156 3678 3211 θανά-

416 3245 694 3300 daemones
722 3249 848 3295 tuos
904 3249 1148 3305 unquam
1188 3232 1565 3291 adorabimus.
1593 3229 1728 3285 Nam
1764 3227 1822 3283 in
1853 3244 1988 3284 con-

415 3333 767 3393 demnatione
792 3316 957 3400 hujus
989 3319 1343 3395 mortis,qua:
1370 3330 1457 3379 est
1485 3322 1554 3377 ad
1585 3331 1825 3392 tempus,
1853 3321 1993 3376 libe-

414 3436 604 3479 ramur
627 3418 696 3473 ab
728 3427 935 3472 aeterna
985 3412 1465 3469 condemnatione.
1495 3410 1622 3466 Haec
1652 3426 1778 3466 cum
1822 3411 1989 3465 dixis-

412 3525 536 3576 sent
587 3508 762 3570 sancti
817 3518 1106 3578 martyres,
1141 3504 1337 3559 videns
1364 3511 1628 3575 tyrannus
1686 3501 1741 3556 in
1807 3502 1989 3557 medio

412 3621 606 3665 eorum
629 3601 1033 3659 adolescentem
1060 3597 1199 3652 dixit
1222 3596 1272 3651 ci
1303 3612 1316 3649 :
1344 3595 1461 3658 Dic,
1484 3592 1826 3659 adolescens,
1841 3594 1988 3663 quod

413 3710 498 3757 est
540 3698 638 3753 tibi
688 3710 912 3759 nomen,
945 3702 1003 3748 et
1061 3692 1216 3761 cujas
1247 3704 1308 3744 es
1336 3687 1577 3759 genere?
1608 3687 1754 3741 Dixit
1804 3687 1990 3741 adole-

412 3808 574 3849 scens
603 3810 617 3846 :
648 3787 915 3845 Nominor
943 3784 1168 3855 quidem
1206 3780 1500 3845 Photinus,
1520 3794 1558 3834 a
1584 3794 1714 3832 vera
1743 3778 1867 3834 luce
1896 3793 1988 3833 ac-

411 3895 573 3956 cepto
620 3882 865 3938 nomine.
897 3879 1030 3933 Sum
1061 3885 1246 3931 autem
1304 3873 1464 3927 miles
1489 3871 1717 3939 Christi,
1750 3874 1846 3941 qui
1884 3886 1988 3942 pu-

411 3980 546 4035 dore
579 3973 761 4030 aﬂ’ecit
790 3979 998 4042 patrem
1037 3978 1191 4022 tuum
1228 3967 1507 4025 Satanam.
1544 3965 1612 4019 Et
1638 3980 1760 4019 sum
1783 3977 1986 4034 genere

411 4069 634 4139 quidem
665 4066 946 4118 Romanus
979 4078 994 4114 :
1028 4060 1176 4115 (llius
1206 4074 1338 4113 vero
1368 4068 1426 4113 et
1459 4057 1698 4112 carnalis
1738 4065 1793 4111 et
1815 4056 1984 4126 spiri-

411 4159 537 4215 talis
563 4154 811 4211 Mauricii
857 4150 1169 4208 clarissimi.
1203 4149 1283 4203 Ex
1328 4164 1396 4203 eo
1425 4148 1573 4204 enim
1623 4159 1800 4213 ortus,
1828 4157 1885 4203 et
1915 4151 1985 4203 ab

409 4266 478 4309 eo
526 4257 749 4318 accepta
804 4242 898 4299 Dei
931 4241 1267 4313 cognitione,
1315 4242 1372 4308 in
1428 4239 1636 4295 Christi
1701 4239 1808 4296 (ide
1860 4256 1983 4296 sum

411 4343 704 4399 educatus.
768 4350 931 4406 quem
971 4343 1028 4388 tu
1063 4347 1290 4403 negans,
1319 4346 1353 4386 ο
1409 4333 1730 4402 imperator,
1764 4347 1986 4404 compa-

408 4443 566 4495 ratus
595 4448 657 4488 es
682 4427 950 4503 iumentis
1002 4423 1416 4495 insipientibus,
1459 4433 1514 4479 et
1576 4424 1773 4481 similis
1807 4426 1983 4482 factus

394 4541 471 4580 σεε
503 4526 631 4580 illis.
1310 4564 1313 4567 η

469 4616 576 4676 .iX.
618 4616 764 4671 Dixit
816 4625 1138 4686 tyrannus:
1190 4611 1405 4668 Stultus
1436 4626 1496 4667 es
1553 4611 1894 4676 adolescens,
1925 4621 1983 4666 ct

392 4718 539 4764 sunt
561 4716 652 4761 tua
686 4706 850 4759 verba
875 4711 1037 4759 aetate
1063 4703 1251 4775 digna.
1280 4702 1477 4773 Atjam
1510 4701 1686 4767 disce,
1718 4703 1869 4772 quod
1893 4713 1980 4758 est

394 4801 510 4856 tibi
558 4797 1045 4854 conducibile:et~
1072 4795 1368 4861 accedens,
1424 4794 1671 4851 sacriﬁca
1743 4797 1981 4851 maximo

391 4892 548 4957 Jovi,
600 4902 657 4946 et
706 4904 869 4961 parce
914 4898 1020 4943 tuae
1070 4888 1368 4958 iuventuti.
1419 4885 1568 4942 Dixit
1609 4887 1979 4944 adolescens:

397 4984 705 5053 Propterea
735 4978 882 5051 quod
920 4994 1029 5033 non
1059 4976 1227 5043 facio,
1271 4976 1419 5048 quod
1453 4977 1557 5043 vis,
1600 4992 1782 5048 neque
1806 4979 1981 5034 sacri-

408 5075 510 5129 fico
539 5072 870 5138 simulacris,
902 5070 1043 5125 dicis
1072 5085 1161 5124 me
1210 5072 1442 5126 stultum
1462 5084 1612 5124 esse.
1648 5069 1784 5124 Nam
1831 5070 1981 5140 quod

403 5165 602 5221 attinet
627 5160 849 5233 quidem
884 5161 954 5217 ad
984 5161 1145 5217 [idem
1181 5161 1401 5216 Domini
1445 5161 1551 5215 mei
1590 5159 1717 5216 Jesu
1749 5160 1985 5228 Christi,-

405 5255 563 5313 valde
603 5255 780 5327 sapio.
815 5253 971 5310 Tunc
999 5254 1139 5309 dixit
1183 5263 1448 5326 tyrannus
1492 5269 1681 5309 rursus
1727 5254 1972 5312 sanctis:

403 5345 705 5417 Quousque
745 5345 1216 5416 importunitatem
1266 5355 1502 5402 vestram
1551 5345 1907 5415 sustinemus,
1941 5363 1974 5403 ο

402 5440 613 5503 miseri.
661 5447 716 5494 et
757 5446 1031 5494 tormenta
1060 5437 1367 5493 diﬂ'erimus
1405 5454 1472 5492 ex
1513 5437 1851 5509 benignitate
1888 5440 1974 5495 in-

402 5529 801 5601 comparabili?
848 5529 1165 5586 Sacriﬁcate
1212 5547 1340 5601 ergo
1380 5530 1508 5596 diis,
1541 5547 1609 5585 ne
1666 5533 1721 5586 in
1760 5547 1855 5588 vos
1888 5549 1976 5587 ar-

406 5620 569 5676 metis
582 5620 882 5693 justitiam.
906 5619 1172 5676 Dixerunt
1194 5624 1370 5679 sancti
1397 5635 1663 5696 martyrcs
1693 5634 1922 5696 tyranno
1957 5646 1970 5681 :

470 5798 497 5828 ⁵
524 5796 711 5854 Matth.
743 5816 797 5855 ι.

2090 3256 2209 3307 του,
2239 3241 2339 3312 τῆς
2362 3242 2583 3295 αίωνίου
2614 3243 2997 3315 κατακρίσεως
3026 3244 3480 3316 ὲλευθερούμεθα.
3526 3247 3679 3299 Ταῦ-

2092 3348 2160 3385 τα
2193 3332 2461 3385 είπόντων
2496 3333 2607 3387 τῶν
2669 3333 2866 3403 ἁγίων,
2911 3335 3198 3406 θεωρήσας
3233 3339 3262 3390 ό
3306 3338 3572 3407 τύραννος
3610 3341 3676 3393 ἐν

2093 3424 2248 3494 μέσῳ
2269 3423 2448 3479 αὐτῶν
2470 3428 2711 3493 νεανίαν,
2746 3428 2850 3498 ἔφη
2876 3427 3014 3497 πρὸς
3038 3430 3229 3482 αὐτόν·
3263 3429 3329 3482 Τί
3354 3446 3448 3483 σου
3469 3432 3675 3501 τυγχά-

2092 3536 2172 3573 νει
2204 3519 2266 3572 τὸ
2290 3518 2484 3589 ὄνομα,
2510 3520 2608 3576 καὶ
2633 3521 2798 3576 πόθεν
2826 3521 3095 3593 ὑπάρχεις
3122 3522 3202 3595 τῷ
3235 3522 3421 3593 γένεις
3448 3524 3521 3576 Τὸ
3550 3540 3676 3593 μει-

2095 3612 2285 3681 ράκιον
2333 3610 2439 3683 ἔφη
2458 3629 2472 3644 ·
2501 3613 2766 3677 Φωτεινδς
2795 3613 3136 3686 ὀνομάζομαι
3167 3615 3319 3687 παρά
3355 3615 3448 3669 τοῦ
3475 3614 3673 3686 ἀληθι-

2091 3701 2183 3755 νοῦ
2226 3702 2405 3771 φωτὸς
2459 3701 2560 3775 τὴν
2606 3703 2800 3775 κλῆσιν
2846 3704 3163 3777 δεξάμενος,
3197 3707 3292 3760 καὶ
3328 3706 3676 3777 στρατιώτης

2089 3794 2207 3862 εἰμὶ
2236 3792 2500 3864 Χριστοῦ,
2529 3793 2624 3848 τοῦ
2666 3796 3129 3867 καταισχύναντος
3154 3798 3246 3853 τὸν
3280 3799 3542 3865 Σατανᾶν,
3573 3799 3673 3854 τὸν

2090 3882 2302 3953 πατέρα
2331 3900 2425 3937 σου
2450 3901 2466 3915 ο
2509 3885 2783 3957 Ῥωμαῖος
2816 3887 2875 3940 δὲ
2901 3888 3137 3960 ὑπάρχω
3160 3891 3221 3943 τὸ
3248 3890 3429 3960 γένος,
3456 3891 3676 3961 Μαυρι-

2089 3976 2213 4030 κίου
2261 3976 2356 4031 τοῦ
2415 3976 2762 4043 ὲνδοξότατου
2815 3981 3100 4051 τυγχάνων
3139 3982 3254 4044 υίὸς
3296 3984 3561 4051 σαρκικός
3607 3999 3674 4036 τε

2088 4072 2184 4126 καὶ
2219 4074 2626 4144 πνευματικός·
2665 4072 2726 4139 ἐξ
2756 4072 2922 4128 αὑτοῦ
2965 4076 3075 4145 γάρ
3121 4074 3403 4147 προελθὼν
3442 4078 3535 4130 καὶ
3564 4076 3673 4147 τὴν

2088 4165 2290 4234 γνῶσιν
2316 4165 2449 4238 παρ’
2470 4164 2637 4220 αὑτοῦ
2666 4165 2907 4238 εἰληφὼς
2938 4167 3033 4221 τοῦ
3059 4167 3219 4233 Θεοῦ,
3246 4169 3327 4234 εις
3351 4170 3452 4239 τὴν
3480 4169 3672 4223 πίστιν

2087 4257 2404 4328 ἀνετράφην
2442 4257 2538 4311 τοῦ
2573 4257 2838 4330 Χριστοῦ,
2862 4257 2923 4312 ὃν
2952 4261 3017 4313 σὺ
3049 4259 3481 4332 ἀπαρνούμενος,
3504 4260 3670 4331 βασι-

2084 4346 2201 4413 λεῦ,
2255 4347 2746 4419 παρασυνεϐλήθης
2798 4350 2912 4413 τοῖς
2968 4352 3191 4422 κτήνεσι
3235 4354 3349 4416 τοῖς
3392 4353 3668 4423 ἀνοήτοις,

2087 4441 2185 4494 καὶ
2209 4438 2501 4511 ὡμοιώθης
2529 4441 2738 4506 αὑτοῖς.

2160 4619 2238 4674 Θ’.
2271 4619 2334 4676 Ὀ
2350 4619 2611 4693 τύραννος
2633 4618 2814 4680 εἶπενο
2858 4624 3217 4695 Ἀνοητεύεις,
3242 4623 3550 4697 μειράκιον,
3572 4627 3672 4681 καὶ

2088 4713 2187 4781 τῆς
2220 4711 2437 4782 ἡλικίας
2457 4712 2583 4780 ἀξια
2609 4716 2865 4784 τυγχάνει
2888 4718 2956 4771 τὰ
2979 4718 3205 4788 ῥήματά
3231 4735 3345 4772 σου.
3374 4716 3669 4788 Διδάχθητι

2088 4801 2183 4856 οὑν
2213 4804 2271 4855 τὸ
2297 4804 2602 4875 συμφέρον,
2637 4809 2728 4860 καὶ
2764 4807 3087 4876 προσελθὼν
3114 4808 3277 4864 θῦσον
3313 4808 3390 4880 τῷ
3418 4812 3670 4882 μεγίστῳ

2081 4893 2191 4966 θεῷ
2219 4895 2325 4962 Διΐ,
2356 4899 2451 4950 καὶ
2496 4899 2681 4966 φεῖσαί
2714 4916 2807 4953 σου
2842 4900 2941 4971 τῆς
2968 4902 3240 4973 νεότητος.
3269 4901 3343 4955 Τὸ
3374 4903 3670 4972 μειράκιον

2078 4984 2184 5056 ἔφη
2205 5000 2220 5017 ⁸
2257 4986 2346 5040 Ἔν
2363 4985 2442 5058 τῷ
2462 4987 2537 5059 μὴ
2569 4993 2745 5045 ποιεῖν
2767 4990 2828 5044 τδ
2846 4990 3059 5062 θέλημά
3076 5009 3171 5046 σου
3186 4990 3368 5061 λέγεις
3388 5010 3482 5064 μοι
3502 4992 3670 5064 ἀνοη-

2077 5076 2305 5146 ταίνειν,
2340 5079 2465 5133 ἐπεὶ
2503 5079 2599 5134 καὶ
2643 5083 2785 5136 πάνυ
2818 5083 3002 5154 φρονῶ
3039 5085 3171 5157 περὶ
3197 5084 3295 5158 τὴν
3340 5086 3525 5140 πίστιν
3564 5086 3666 5140 τοῦ

2079 5170 2288 5241 Κυρίου
2331 5186 2433 5241 μου
2465 5172 2642 5243 Ἰησοῦ
2683 5174 2945 5246 Χριστοῦ.
2972 5177 3108 5231 Τότε
3137 5173 3293 5233 εἷπεν
3330 5180 3359 5233 ό
3402 5178 3668 5248 τύραννος

2084 5260 2222 5333 πρὸς
2259 5263 2387 5327 τοὺς
2430 5263 2623 5333 ἀγίους
2664 5266 2859 5321 πάλιν·
2887 5268 3035 5333 Ἕως
3080 5268 3211 5324 πότε
3250 5269 3350 5341 τῆς
3385 5269 3667 5340 ὑμετέρας

2084 5356 2409 5425 σκαιότητος
2444 5358 2750 5428 ἀνεχόμεθα
2794 5362 2890 5414 καὶ
2928 5365 3050 5427 ταῖς
3077 5361 3330 5435 βασάνοις
3369 5362 3572 5435 ἀνοχὴν
3604 5363 3667 5430 ἐξ

2085 5447 2419 5519 ἀσυγκρίτου
2466 5451 2879 5523 φιλανθρωπίας
2927 5456 3279 5527 παρέχομενς
3333 5454 3535 5512 θύσατε
3569 5451 3665 5510 οὖν

2084 5539 2194 5602 τοῖς
2224 5538 2389 5607 θεοῖς,
2426 5541 2514 5594 ἵνα
2538 5541 2615 5614 μὴ
2647 5545 2744 5612 τὴν
2772 5544 2929 5618 δίκην
2960 5546 3082 5602 καθ’
3108 5532 3267 5620 ὑμῶν
3297 5547 3662 5621 ἑξωπλίσητε.

2085 5632 2149 5684 Oi
2181 5629 2325 5702 ἅγιοι
2358 5628 2512 5690 εἷπον
2543 5635 2619 5709 τῷ
2653 5638 2903 5711 τυράννῳ
2927 5656 2941 5671 υ
2989 5638 3117 5695 Ἐὰν
3147 5641 3276 5714 ἔχῃς
3305 5641 3532 5712 γνῶσιν,
3559 5644 3663 5697 ὑπ-

2249 5827 2333 5846 το-νι
