3994 6436
320 405 425 466 363

1304 412 1476 473 VI‘I‘A
1521 414 1624 472 SS.
1663 410 2030 471 MAURlTll
2065 413 2160 471 ET
2195 411 2606 473 SOCIORUM.

3467 419 3570 482 366

313 515 480 585 ουργὲ
526 513 633 568 τῶν
679 517 1014 588 ἀκαθάρτων
1044 518 1334 590 δαιμόνων,
1364 521 1698 592 μεμάθηκας
1743 523 1886 594 παρά

2002 522 2243 578 Sceleste
2268 534 2324 579 et
2355 525 2682 580 administer
2715 525 3124 581 immundornm
3149 527 3484 594 daemonum,
3525 534 3572 586 si

313 609 584 663 Owtstvoﬁ
631 611 732 679 τὴν
759 611 1038 684 ἡμετέραν
1067 613 1249 682 ἰσχύνο
1287 615 1336 667 εἰ
1382 615 1492 686 γάρ
1525 617 1728 679 ἐκεῖνος
1775 615 1894 679 νέος

312 704 580 773 ὑπάρχων
609 704 710 774 τὴν
734 704 955 775 ἡλικίαν
985 703 1321 777 κατῄσχυνέν
1349 723 1442 760 σου
1474 709 1574 778 τὴν
1602 707 1772 778 ἀσεϐῆ
1798 707 1894 760 καὶ

308 794 640 866 ἀναίσθητον
679 795 914 867 γνώμην
959 795 1050 850 διὰ
1095 797 1194 866 τῆς
1231 797 1564 868 εἰλικρινοῦς
1595 797 1761 852 αὐτοῦ
1806 797 1894 851 πί-

309 903 488 949 στεως
537 887 631 940 καὶ
667 887 767 958 τῆς
797 890 879 950 εἰς
907 889 1146 959 Χριστὸν
1185 888 1464 956 γνώσεως,
1493 891 1646 961 πόσῳ
1694 891 1894 962 μᾶλλον

307 962 474 1048 ἡμεῖς
503 977 850 1048 αίρησόμεθα
881 981 1062 1042 πάσας
1089 980 1358 1050 βασάνους
1397 982 1719 1054 ὑποστῆναι,
1744 982 1895 1046 ὅπως

307 1069 771 1139 καταισχύνωμεν
795 1070 889 1123 τὸν
939 1071 1152 1141 πατέρα
1198 1088 1312 1136 σου,
1351 1072 1444 1127 τὸν
1477 1073 1753 1141 διάϐολον,
1799 1075 1894 1127 καί⁵

307 1163 781 1232 εὐαρεστησωμεν
823 1161 905 1232 τῷ
946 1164 1210 1233 Χριστῷς
1241 1165 1374 1220 Τότε
1415 1163 1694 1233 θυμωθεὶς
1725 1167 1756 1218 ό
1799 1166 1895 1219 τύ-

307 1273 506 1326 ραννος
538 1255 830 1309 ἐκέλευσεν
853 1256 1159 1313 τύπτεσθαι
1194 1259 1322 1322 τοὺς
1358 1260 1546 1328 ἁγίους
1579 1259 1894 1332 βουνεύροις

301 1347 483 1416 ὠμοῖς
513 1362 528 1376 ο
563 1347 656 1400 καὶ
687 1347 922 1417 ἦρξαντο
968 1350 1016 1401 οἰ
1067 1350 1338 1420 ὑπηρέται
1391 1351 1620 1404 τύπτειν
1670 1351 1890 1417 αὐτοὺς,

305 1437 415 1498 ἕως
441 1428 504 1488 οὗ
534 1435 830 1506 διὲρῤαξαν
873 1437 973 1500 τάς
1009 1439 1219 1506 σάρκας
1250 1438 1453 1507 αὐτῶν,
1483 1441 1694 1494 καὶτοῦ
1726 1441 1893 1512 αἵμα-

305 1544 397 1590 τος
425 1527 612 1581 αὐτῶν
647 1528 900 1596 σφοδρῶς
931 1531 1262 1598 φερομένου,
1289 1531 1339 1582 οἰ
1375 1531 1521 1599 ἆγιοι
1557 1533 1639 1595 εἰς
1674 1532 1768 1587 τὸν
1794 1533 1889 1586 ού-

307 1620 476 1692 ρανὸν
525 1619 933 1690 ἀναὸλέψαντες
991 1622 1163 1675 ἐϐόων
1205 1622 1443 1694 Χριστὸν
1473 1624 1566 1677 τὸν
1605 1623 1738 1678 Θεὸν
1781 1627 1892 1679 ἱκε-

303 1712 555 1775 τεύοντες
589 1711 873 1781 ἐνισχῦσαι
904 1713 1102 1776 αὐτοὺς
1129 1713 1225 1766 καὶ
1256 1715 1370 1767 τῶν
1401 1716 1580 1769 πόνων
1602 1716 1889 1784 ἐπικουφί-

305 1820 401 1856 σαι
421 1820 438 1834 ·
477 1803 540 1866 ὃς
569 1802 885 1866 ἐπακούσας
912 1803 1013 1873 τῆς
1037 1803 1220 1856 αὐτῶν
1251 1805 1505 1869 ὲκτενοῦς
1552 1806 1888 1876 προσευχῆς,

1998 615 2130 685 quid
2158 616 2362 685 ingenii
2402 617 2608 672 habeas
2651 627 2748 671 aut
2790 618 3057 684 scientiae,
3093 620 3334 677 didicisti
3365 637 3394 677 a
3427 622 3572 678 Pho-

1999 711 2116 762 tino
2138 716 2383 763 nostram
2415 707 2577 764 ﬁdem
2619 718 2676 765 et
2696 710 2845 767 vires
2896 721 3135 769 nostras.
3183 713 3240 769 Si
3279 716 3430 771 enim
3457 717 3570 781 ille,

1997 813 2121 853 cum
2145 799 2217 855 sit
2244 809 2406 856 aetate
2433 801 2675 873 juvenis,
2705 803 2922 872 pudore
2957 804 3144 860 all‘ecit
3173 803 3394 876 impiam
3422 815 3572 863 tuam

1998 900 2238 946 mentem
2281 901 2338 947 et
2372 895 2525 948 nullo
2569 910 2733 949 sensu
2789 897 3099 965 prteditam,
3149 913 3249 968 per
3297 899 3571 955 sinceram

1995 996 2150 1035 suam
2192 981 2354 1036 ﬁdem
2396 991 2453 1037 et
2497 983 2704 1038 Christi
2735 985 3128 1055 cognitionem,
3158 996 3367 1056 quanto
3398 991 3573 1060 magis

1995 1086 2100 1126 nos
2150 1073 2554 1130 contendemus
2607 1083 2883 1131 tormenta
2933 1078 3116 1132 omnia
3163 1079 3461 1146 sustinere,
3511 1091 3572 1136 ut

1997 1163 2206 1234 pudore
2264 1164 2564 1222 aﬂt‘ciamus
2591 1176 2804 1237 patrem
2833 1176 2987 1224 tuum
3021 1169 3323 1236 diabolum,
3353 1180 3410 1228 et
3451 1172 3569 1242 pla-

1995 1270 2219 1312 ceamus
2232 1255 2456 1312 Christo
2481 1264 2670 1313 nostro
2681 1269 2739 1314 et
2763 1261 2872 1316 Deo
2887 1261 2910 1312 2
2929 1261 3086 1317 Tunc
3109 1261 3282 1319 iratus
3302 1272 3571 1336 tyrannus

1989 1347 2156 1417 jussit
2201 1357 2425 1403 sanctos
2467 1350 2746 1405 verberari
2794 1353 2984 1406 crudis
3027 1351 3197 1407 boum
3251 1358 3475 1410 nervis:
3510 1363 3570 1412 et

1993 1447 2282 1508 cmperunt
2301 1440 2538 1496 ministri
2560 1456 2657 1498 eos
2704 1442 2936 1508 caedere,
2963 1444 3140 1502 donec
3159 1462 3355 1503 carnes
3376 1463 3572 1503 eorum

1995 1529 2456 1600 discerpserunt:
2526 1540 2739 1588 etcum
2803 1534 2963 1590 valde
3015 1545 3303 1592 emanaret
3378 1551 3571 1593 eorum

1995 1622 2240 1690 sanguis,
2279 1625 2455 1678 sancti
2487 1639 2710 1679 sursum
2749 1627 3086 1696 aspicientes
3121 1630 3176 1684 in
3208 1630 3574 1696 emlum,cla-

1996 1709 2220 1763 mabant
2249 1709 2471 1765 Christo
2521 1714 2918 1782 supplicantes,
2957 1719 3116 1773 uteis
3144 1719 3292 1774 vires
3343 1719 3574 1775 adderet

1995 1809 2052 1853 et
2075 1791 2285 1855 levaret
2319 1816 2518 1856 eorum
2574 1803 2812 1860 labores.
2869 1806 2972 1872 Qui
3007 1823 3133 1864 cum
3180 1809 3450 1866 audiisset
3484 1813 3572 1867 in-

301 1861 742 1964 idmvau‘roi';
784 1861 879 1964 eq;
905 1861 1123 1963 ἀοράτῳ
1169 1894 1334 1948 αὐτοῦ
1382 1861 1613 1967 δυνάμεί
1659 1861 1886 1950 minaciis

1997 1898 2207 1946 tensam
2252 1907 2448 1948 eorum
2484 1896 2883 1964 precationem,
2915 1899 2982 1952 ad
3037 1913 3132 1955 eos
3180 1903 3415 1956 accessit
3475 1917 3574 1972 po-

301 1988 487 2042 πόνων
542 1986 650 2039 τῶν
699 1985 954 2057 βασάνων
993 1987 1194 2049 αὐτοὺς
1236 1987 1604 2058 ιπεκούφισεν
1655 1987 1748 2041 καὶ
1791 1987 1889 2050 τὰς

301 2075 541 2146 καρδίας
601 2076 785 2130 αὐτῶν
853 2077 912 2128 ἐν
975 2077 1042 2145 τῇ
1110 2076 1248 2143 προς
1303 2078 1467 2131 αὑτὸν
1526 2078 1890 2150 ὲπεστήριξεν

300 2169 518 2238 ἀγάπῃ.

373 2260 436 2315 I'.
482 2262 896 2332 ’Δτονησάντων
935 2262 992 2316 δὲ
1025 2263 1389 2334 βασανιστῶν,
1427 2259 1584 2319 εἴπεν
1618 2265 1646 2317 ὁ
1688 2263 1890 2335 τύρανο

299 2373 390 2417 νος
422 2358 534 2419 τοῖς
566 2356 776 2424 ἁγίοις·
814 2356 1056 2423 Ἐγνωτε
1088 2355 1201 2422 οὖν,
1227 2352 1273 2412 ὦ
1304 2357 1592 2426 τολμηταὶ,
1655 2357 1731 2420 ὡς
1794 2358 1889 2429 ῥᾴ-

299 2451 411 2503 διόν
438 2465 530 2518 μοι
554 2448 865 2516 καθέστηκε
888 2450 987 2519 τὴν
1011 2449 1160 2520 ζωὴν
1184 2450 1212 2502 ὑ
1223 2450 1342 2520 μῶν
1362 2448 1626 2504 ἀπολέσαι
1646 2463 1660 2476 ⁸
1687 2448 1890 2502 θύσατε

303 2540 392 2594 οὖν
425 2542 540 2602 τοῖς
570 2538 737 2603 θεοῖς,
770 2540 858 2593 ἵνα
889 2539 963 2610 μὴ
995 2543 1339 2612 πικροτέρων
1377 2541 1684 2612 πειρωθῆτε
1717 2541 1888 2610 βασά-

306 2648 429 2687 νων.
471 2630 894 2700 ’Δποκριθέντες
938 2630 995 2684 δὲ
1035 2633 1086 2684 οἱ
1126 2633 1271 2700 ἀγιοι
1303 2632 1381 2703 τῷ
1413 2633 1664 2703 τυράννῳ
1702 2629 1887 2685 εῐπονο

305 2724 473 2778 Τοῦτο
502 2723 767 2791 γίνωσκε,
803 2723 1140 2777 ἀσεϐέστατε
1171 2727 1266 2776 καὶ
1291 2723 1538 2793 ἀλλότριε
1574 2723 1669 2777 τοῦ
1695 2723 1887 2794 ἀληθι-

304 2815 395 2868 νοῦ
419 2814 580 2885 ἡμῶν
610 2813 770 2879 Θεοῦ,
794 2815 901 2879 ὅτι,
927 2815 1116 2885 ὥσπερ
1144 2816 1208 2869 σὺ
1239 2816 1339 2868 οὐκ
1370 2815 1602 2886 αἰσθάνῃ
1630 2815 1728 2884 τῆς
1752 2815 1890 2884 ἀγά-

1995 1990 2193 2038 testate
2217 1999 2340 2054 qua:
2379 1999 2486 2040 non
2533 1987 2688 2042 cadit
2718 1988 2826 2043 sub
2865 2001 3174 2059 asyectum,
3209 2001 3267 2047 et
3310 1994 3574 2049 allevavit

1991 2072 2214 2128 labores
2249 2083 2675 2142 tormentorum,
2706 2085 2763 2134 et
2813 2081 3159 2137 confirmavit
3182 2085 3351 2140 corda
3376 2100 3571 2141 eorum

1994 2163 2048 2217 in
2075 2164 2346 2222 charitate
2370 2167 2426 2221 in
2462 2167 2665 2236 ipsum.

2065 2254 2130 2308 Χ.
2163 2257 2300 2312 Cum
2357 2257 2559 2314 defessi
2603 2267 2787 2315 autem
2811 2269 2998 2317 essent
3022 2271 3280 2331 tortores,
3305 2275 3574 2339 tyrannus

1991 2343 2130 2398 dixit
2179 2347 2384 2401 sanctis
2419 2365 2431 2400 :
2472 2349 2843 2418 Cognovistis,
2867 2366 2902 2406 ο
2935 2353 3176 2410 audaces
3223 2356 3474 2414 homines
3515 2367 3574 2414 et

1993 2439 2293 2504 temerarii,
2318 2454 2484 2508 quam
2509 2441 2581 2496 sit
2603 2442 2738 2497 mihi
2763 2443 2925 2500 facile
2946 2446 3114 2501 vitam
3161 2459 3400 2504 vestram
3446 2469 3574 2522 per-

1992 2530 2162 2585 dere‘l
2187 2531 2265 2586 De
2292 2541 2494 2587 caetero
2521 2549 2655 2604 ergo
2686 2535 2797 2591 diis
2821 2539 3148 2602 sacriﬁcate,
3178 2555 3250 2596 ne
3285 2544 3570 2599 acerbiora

1993 2633 2268 2679 tormenta
2336 2627 2610 2682 sentiatis.
2674 2629 2864 2684 Sancti
2940 2646 3072 2686 vero
3147 2637 3567 2705 respondentes.

1990 2715 2248 2771 dixerunt
2267 2726 2499 2788 tyranno
2520 2719 2840 2788 imperatori
2866 2739 2879 2776 :
2907 2721 3019 2778 Hoc
3037 2731 3328 2795 cognosce,
3347 2743 3381 2784 ο
3398 2729 3570 2802 impie

1987 2817 2046 2863 et
2074 2809 2254 2864 aliene
2293 2826 2324 2864 a
2365 2824 2496 2865 vero
2537 2810 2650 2866 Deo
2705 2823 2917 2877 nostro,
2960 2816 3108 2885 quod
3163 2821 3441 2886 quomodo
3507 2830 3565 2876 tu

303 2929 411 2982 πης
440 2911 538 2964 τοῦ
569 2909 813 2982 Χριστοῦ
865 2912 959 2964 καί⁵
999 2910 1097 2980 τῆς
1150 2910 1536 2982 λαμπρότητος
1568 2909 1757 2976 αὑτοῦ,
1797 2909 1886 2963 διὰ

1993 2900 2193 2957 Christi
2225 2903 2554 2958 charitatem
2585 2919 2694 2959 non
2731 2908 2904 2962 sentis
2929 2919 2987 2962 et
3029 2910 3148 2979 eius
3193 2911 3567 2981 splendorem,

301 3003 393 3057 τὸν
423 2999 900 3072 περικαλύπτοντα
932 3000 1034 3070 τὴν
1059 3000 1299 3055 διάνοιάν
1324 3019 1417 3054 σου
1449 3002 1512 3054 ἐκ
1548 3003 1647 3072 τῆς
1681 3000 1886 3070 πλάνης

1993 3003 2221 3062 propter
2253 2994 2522 3047 tenebras
2543 3010 2665 3064 qua:
2712 3006 2952 3052 mentem
2987 3008 3139 3055 tuam
3184 3003 3445 3072 operiunt
3500 3019 3570 3060 ex

301 3094 410 3149 τῶν
435 3093 711 3162 δαιμόνων
742 3091 958 3154 σκότον,
985 3091 1156 3154 οὕτως
1179 3091 1298 3145 οὐδὲ
1328 3093 1486 3163 ἡμεῖς
1505 3091 1612 3144 τῶν
1636 3091 1886 3161 βασάνων

1993 3100 2177 3140 errore
2200 3085 2538 3152 daemonum,
2570 3087 2642 3142 ita
2673 3104 2851 3158 neque
2874 3106 2977 3147 nos
3011 3099 3284 3150 tormenta
3321 3104 3413 3151 tua
3438 3111 3567 3154 sen-

302 3205 394 3240 σου
431 3184 830 3255 αἰσθανόμεθα,
863 3183 952 3238 διά
980 3183 1040 3236 τὸ
1070 3184 1410 3252 πεφωτίσθαι
1453 3183 1610 3254 ἡμῶν
1643 3181 1740 3251 τὴν
1770 3181 1884 3235 διά-

1995 3173 2184 3236 timus,
2220 3184 2510 3246 propterea
2541 3175 2688 3245 quod
2728 3193 2886 3233 mens
2919 3190 3108 3236 nostra
3145 3183 3218 3239 sit
3256 3183 3566 3242 illuminata

301 3296 450 3332 νοιαν
483 3279 549 3330 ἐκ
578 3275 680 3343 τῆς
718 3277 956 3338 πίστεως
991 3277 1084 3328 καὶ
1110 3275 1332 3344 ἀγάπης
1358 3275 1593 3346 Χριστοῦ
1620 3274 1715 3330 τοῦ
1746 3275 1886 3330 Θεοῦ

303 3369 479 3440 ἡμῶν.
521 3368 759 3422 Ἐπινόει
805 3365 988 3420 τοίνυν
1025 3367 1220 3438 ἑτέρας
1255 3367 1502 3438 μηχανὰς
1551 3367 1884 3438 βασανιστη-

304 3461 436 3532 ρίων
491 3462 886 3527 καινοπρεπεῖς
937 3459 1062 3512 καθ’
1088 3457 1283 3528 ἡμῶν·
1335 3459 1463 3529 διψᾷ
1495 3459 1602 3530 γὰρ
1648 3460 1806 3530 ἡμῶν
1851 3462 1884 3531 ἠ

301 3553 508 3608 διάνοια
530 3553 624 3605 καὶ
645 3551 908 3620 ἐπιθυμεῖ
926 3553 958 3621 ἡ
985 3552 1126 3604 κατά
1147 3551 1383 3621 Χριστὸν
1403 3552 1560 3623 ἡμῶν
1585 3552 1773 3624 ἀγάπη
1795 3553 1884 3606 διὰ

301 3643 397 3712 τῆς
426 3645 528 3712 σῆς
556 3641 680 3696 καθ’
705 3641 864 3712 ἡμῶν
885 3641 1236 3710 ἀποφάσεως,
1269 3639 1549 3710 θεωρῆσαι
1576 3639 1672 3694 τὸν
1705 3640 1882 3705 ζῶντα

301 3736 432 3789 Θεὸν
457 3737 554 3788 καὶ
583 3732 945 3804 βασιλεύοντα
978 3735 1056 3794 εἰς
1086 3732 1213 3794 τοὺς
1244 3731 1472 3792 αἰῶνας.
1502 3731 1690 3786 Ταῦτα
1720 3732 1884 3785 ἀκού-

302 3845 399 3893 σας
440 3829 469 3881 ό
497 3827 763 3898 τύραννος
795 3825 888 3880 καὶ
920 3824 1214 3895 θυμωθεὶς,
1257 3821 1469 3878 κελεύει
1512 3827 1692 3895 πυρὰν
1729 3842 1882 3894 παμ-

305 3921 507 3991 μεγέθη
545 3920 802 3988 γενέσθαι
836 3920 930 3972 καὶ
956 3919 1013 3972 ἐν
1038 3918 1174 3989 αὐτῇ
1200 3917 1392 3986 στῆναι
1411 3919 1538 3981 τοὺς
1565 3918 1879 3988 μάρτυρας·

300 4011 407 4065 τῶν
469 4009 532 4062 δὲ
583 4009 904 4080 δορυφόρων
965 4008 1374 4078 πληρωσάντων
1418 4007 1585 4061 αὑτοῦ
1623 4007 1724 4077 τὴν
1770 4009 1880 4060 ἀπ-

301 4103 587 4174 άνθρωπον
617 4101 892 4164 κέλευσιν,
915 4099 1178 4162 ἑκουσίως
1217 4104 1268 4154 οἰ
1299 4101 1444 4171 ἅγιοι
1481 4101 1787 4172 ὲπήρχοντο
1814 4103 1880 4170 τῇ

299 4196 569 4266 πυρκαῖᾷ,
600 4193 676 4256 ὡς
731 4193 884 4246 ὕδατι
925 4192 1003 4262 τῷ
1043 4195 1179 4262 πυρὶ
1227 4192 1581 4262 προσομιλεῖν
1629 4192 1882 4262 ἀλλήλοις

299 4287 807 4360 παρακελευόμενοι
833 4302 849 4318 ο
888 4287 981 4340 καὶ
1010 4286 1170 4355 λόγον
1213 4285 1404 4340 οὐδένα
1445 4287 1542 4357 τῆς
1587 4284 1738 4356 παρὰ
1771 4285 1882 4339 τῶν

298 4381 593 4452 ἀνθράκων
626 4379 940 4447 ποιούμενοι
967 4376 1236 4440 καύσεως,
1277 4377 1613 4447 μεγαλοφυεζ
1640 4377 1718 4445 τῷ
1751 4393 1882 4447 φρο-

302 4476 506 4544 νήματι
539 4471 678 4542 πρδς
710 4470 800 4524 τὸν
834 4468 1096 4540 τύραννον
1133 4469 1406 4536 ἔφασκον*
1456 4468 1668 4540 Ἡμεῖς,
1703 4468 1881 4533 Μαξι-

1995 3281 2023 3320 a
2049 3265 2154 3321 fide
2179 3269 2520 3323 ctcharitatc
2541 3268 2748 3324 Christi
2779 3271 2872 3328 Dei
2895 3274 3089 3329 nostri.
3115 3275 3376 3347 Excogita
3416 3294 3569 3350 ergo,

1993 3375 2025 3412 ο
2050 3368 2280 3430 tyranne
2319 3372 2374 3416 et
2410 3361 2598 3418 insane
2620 3364 2794 3427 canis,
2828 3365 2964 3421 alias
3005 3366 3062 3422 in
3092 3383 3191 3422 nos
3238 3385 3411 3426 novas
3452 3387 3569 3426 ma-

1993 3451 2186 3505 chinas
2219 3459 2637 3508 tormentorum.
2671 3454 2801 3511 Sitit
2849 3457 2998 3512 enim
3046 3474 3202 3514 mens
3257 3471 3468 3527 nostra,
3514 3475 3571 3518 et

1993 3543 2290 3609 desiderat,
2352 3561 2475 3614 quze
2498 3555 2668 3602 estex
2703 3547 2948 3614 Christo,
2990 3549 3252 3618 charitas,
3288 3568 3386 3621 per
3418 3561 3566 3608 tuam

1993 3637 2046 3691 in
2095 3652 2198 3693 nos
2231 3640 2584 3702 sententiam,
2627 3641 2990 3710 contemplari
3045 3643 3217 3698 Deum
3270 3645 3458 3700 vivum
3513 3660 3570 3702 ct

1993 3737 2311 3797 regnantem
2343 3729 2396 3782 in
2429 3731 2645 3785 saecula.
2681 3730 2804 3787 Hac
2849 3748 2972 3787 cum
3005 3734 3273 3790 audiisset
3305 3746 3570 3808 tyrannus

1991 3830 2048 3874 et
2083 3821 2236 3874 valde
2263 3819 2459 3875 fuisset
2505 3821 2698 3887 iratus,
2722 3823 2880 3892 jubet
2903 3824 3128 3878 accendi
3164 3841 3357 3896 rogum
3393 3831 3570 3883 maxi-

1993 3927 2142 3965 mum
2173 3912 2312 3966 etin
2357 3927 2484 3966 eum
2503 3913 2610 3984 jaci
2665 3925 2888 3970 sanctos
2942 3925 3228 3987 martyres.
3269 3917 3409 3974 Cum
3460 3921 3567 3974 im-

1993 4004 2238 4072 plessent
2291 4019 2423 4060 vero
2458 4005 2724 4062 satellites
2779 4007 3040 4062 acerbum
3094 4017 3152 4062 et
3205 4009 3567 4066 inhumanum

1991 4098 2111 4168 ejus
2162 4100 2397 4168 jussum,
2443 4100 2617 4153 sancti
2671 4115 2768 4154 sua
2835 4110 3033 4170 sponte
3089 4113 3445 4158 accesserunt
3498 4108 3567 4159 ait

1993 4205 2205 4259 rogum,
2236 4205 2294 4245 se
2337 4189 2569 4246 invicem
2616 4190 3000 4257 adhortantes,
3033 4193 3180 4248 utad
3220 4195 3400 4265 ignem
3451 4202 3570 4250 tan-

1991 4297 2154 4351 quam
2179 4282 2244 4335 ad
2280 4297 2477 4352 aquam
2505 4283 2834 4338 accederent
2863 4300 2877 4338 :
2901 4300 3080 4354 neque
3108 4286 3274 4341 ullam
3300 4287 3567 4344 ducentes

1993 4373 2265 4427 rationem
2329 4372 2634 4428 carbonum
2693 4375 3028 4442 exuStionis,
3065 4391 3264 4448 magno
3325 4386 3384 4434 et
3435 4395 3571 4436 wn-

1990 4463 2156 4518 stanti
2192 4464 2390 4534 spiritu
2423 4464 2684 4520 dixerunt
2722 4475 2956 4538 tyranno
2990 4483 3004 4520 :
3035 4468 3165 4534 Nos,
3189 4484 3222 4524 ο
3247 4469 3566 4540 imperator,

305 4569 488 4638 μιανὲ,
518 4565 622 4635 τὴν
652 4563 927 4633 τύφλωσιν
954 4563 1053 4632 τῆς
1083 4563 1183 4632 σῆς
1205 4559 1564 4630 ἀναισθησίας
1597 4558 1885 4629 λογιζόμε-

1993 4556 2399 4610 considerantes
2439 4557 2739 4612 caecitatem
2773 4568 2919 4611 tuam
2942 4567 2997 4611 et
3018 4573 3214 4614 sensus
3238 4570 3562 4631 egestatem,

300 4674 400 4722 νοι,
433 4655 780 4726 οἰκτείρομέν
822 4671 882 4708 σε
912 4653 1017 4723 τῆς
1043 4653 1256 4723 λιθίνης
1295 4652 1527 4723 καρδίας
1557 4651 1766 4715 ἕνεκεν,
1799 4651 1881 4705 ὅτι

301 4750 584 4819 ὑπηρέτης
639 4749 875 4816 γέγονας
927 4746 1031 4816 τῆς
1084 4745 1194 4799 τῶν
1239 4745 1566 4814 ἀκαθάρτων
1615 4743 1884 4813 δαιμόνων

302 4843 534 4912 πλάνης,
565 4841 641 4912 μὴ
668 4841 968 4910 δυνάμενος
997 4839 1272 4909 ἀνανῆψαι
1309 4837 1444 4908 μηδὲ
1480 4836 1776 4905 ἐπιγνῶναι
1806 4834 1884 4897 ὡς

302 4936 482 4988 πᾶσαν
507 4933 860 5004 ἀνθρωπίνην
897 4930 1276 5002 ὑπερϐέὸηκεν
1309 4929 1558 5003 ἀνδρείαν
1583 4929 1616 4999 ἡ
1646 4926 1882 4998 τοσαύτη

300 5027 396 5097 τῆς
423 5024 729 5096 καρτερίας
752 5025 1018 5094 ὑπομονὴ.
1046 5024 1142 5086 Τίς
1163 5025 1274 5092 γάρ
1304 5022 1484 5091 χωρὶς,
1501 5021 1651 5084 θείας
1677 5019 1885 5088 ἀναψύ-

301 5116 433 5180 ξεως
458 5114 720 5169 τοσοῦτον
763 5115 907 5168 κατά
941 5113 1244 5183 παμφάγου
1277 5112 1475 5181 φλογὸς
1517 5111 1883 5180 ἀγωνίσοιτος

303 5210 362 5260 ΟΞ
391 5208 448 5261 δὲ
467 5206 552 5276 τῷ
579 5205 854 5274 πνεύματι
884 5204 1095 5270 ζέοντες
1127 5204 1218 5258 καὶ
1251 5204 1344 5257 τὸν
1373 5204 1506 5257 Θεὸν
1531 5202 1885 5274 ἐνδυσάμενοι

303 5299 414 5371 πῦρ
471 5297 875 5352 καταναλίσκον
920 5297 1048 5358 τοὺς
1095 5295 1237 5350 κατά
1287 5295 1349 5349 σὲ
1395 5293 1674 5357 δυσσεὸεῖς
1701 5292 1882 5357 ὄντας,

299 5391 554 5460 οὐδαμῶς
591 5387 793 5457 βλάψαι
818 5389 946 5451 τοὺς
971 5387 1221 5450 εὐσεϐεῖς
1247 5386 1538 5458 δυνήσεται
1564 5401 1580 5418 ο
1615 5384 1748 5456 φλὸξ
1774 5385 1885 5456 γὰρ

299 5482 402 5534 ὑπὸ
452 5481 657 5549 φλογὸς
691 5479 1035 5551 προσκαίρου
1084 5497 1144 5532 τε
1203 5480 1300 5533 καὶ
1347 5478 1595 5549 φθαρτῆς
1639 5479 1741 5531 οὐκ
1771 5477 1884 5548 ἔχει

299 5575 464 5641 φύσιν
505 5572 1026 5626 καταναλίσκεσθαι.
1056 5573 1252 5642 Μάτην
1284 5568 1376 5624 οῦν
1408 5571 1650 5641 μοχθεῖς,
1687 5570 1885 5639 ἀνόητε

299 5665 553 5736 τύραννε,
612 5667 738 5729 τοὺς
781 5663 1216 5735 πεπυρωμένους
1272 5664 1422 5734 ἡμᾶς
1454 5665 1518 5733 τῇ
1560 5663 1750 5735 ἀγάπῃ
1789 5661 1884 5715 τοῦ

299 5757 540 5827 Χαριστοῦ
589 5758 723 5826 πυρὶ
770 5755 1123 5826 δαπανῆσθαι
1175 5754 1500 5824 φιλονεικῶν
1526 5770 1540 5785 ⁸
1600 5755 1884 5823 ὲπύρωσεν

299 5848 407 5919 γάρ
449 5850 614 5918 ἡμᾶς,
639 5849 713 5912 ὡς
742 5847 1014 5920 πυροῦται
1042 5848 1104 5900 τὸ
1131 5847 1418 5920 ἀργύριον.

1989 4647 2188 4716 lapidei
2223 4647 2301 4700 tui
2336 4647 2522 4702 cordis
2550 4649 2900 4713 miseremur,
2931 4648 3078 4716 quod
3104 4649 3278 4704 fueris
3309 4651 3562 4707 minister

1985 4737 2190 4792 erroris
2239 4739 2614 4808 improborum
2645 4745 2704 4793 et
2755 4738 3165 4793 immundorum
3223 4741 3558 4808 daemonum,

1989 4845 2096 4884 non
2126 4830 2312 4884 valens
2344 4830 2691 4899 resipiscere,
2725 4839 2821 4884 aut
2858 4845 3194 4900 cognoscere
3225 4831 3398 4887 Deum
3435 4835 3560 4888 cmli

1985 4931 2043 4976 et
2067 4931 2246 4986 terrae,
2283 4924 2378 4991 qui
2415 4930 2621 4976 tantam
2681 4921 2844 4977 nobis
2875 4922 3262 4979 fortitudinem
3318 4924 3474 4981 dedit
3505 4936 3565 4981 et

1989 5013 2363 5068 tolerantiam.
2398 5012 2531 5078 Quis
2584 5012 2730 5067 enim
2789 5013 2996 5083 absque
3027 5014 3212 5069 divina
3267 5015 3564 5087 refrigera-

1989 5105 2159 5169 tione,
2186 5103 2452 5158 adversus
2483 5104 2666 5157 omnia
2699 5104 3025 5159 exedentem
3070 5104 3346 5161 ﬂannnam
3371 5107 3564 5164 decer-

1989 5195 2237 5250 taverit?
2285 5195 2390 5262 Qui
2433 5203 2618 5250 autem
2650 5195 2848 5265 spiritu
2875 5191 3116 5252 'fervent
3177 5207 3234 5253 et
3274 5197 3446 5256 Deum
3482 5200 3567 5255 in-

1986 5284 2252 5350 duerunt,
2291 5284 2434 5355 ignis
2479 5298 2814 5339 consumens
2845 5283 2994 5350 illos,
3035 5287 3131 5356 qul
3155 5288 3302 5342 εἱιιιι
3346 5297 3404 5343 ιιι
3435 5299 3563 5344 sunt

1987 5375 2142 5446 impii
2197 5390 2543 5446 nequaquam
2595 5375 2716 5447 pios
2770 5375 2974 5434 laedere
3019 5379 3240 5448 poterit.
3307 5379 3562 5435 Flammae

1985 5468 2132 5525 enim
2158 5483 2268 5523 non
2300 5477 2386 5523 est
2409 5485 2438 5523 a
2465 5478 2660 5525 natura
2686 5469 3092 5540 ingeneratum,
3117 5480 3179 5525 ut
3201 5482 3564 5528 consumatur

1986 5578 2016 5615 a
2050 5561 2290 5627 ﬂamma,
2329 5576 2452 5631 quae
2488 5568 2573 5616 est
2603 5560 2672 5615 ad
2706 5569 2946 5632 tempus,
2980 5571 3036 5616 et
3067 5562 3122 5617 in
3187 5579 3352 5633 quam
3413 5564 3563 5619 cadit

1987 5656 2266 5711 interitus.
2302 5654 2674 5722 Quamobrem
2725 5655 2926 5710 frustra
2998 5656 3238 5724 laboras,
3273 5672 3308 5712 o
3363 5655 3562 5712 stolide

1986 5757 2236 5817 tyranne,
2271 5748 2364 5817 qui
2426 5761 2547 5808 nos,
2583 5746 2678 5814 qui
2722 5747 2924 5802 Christi
2975 5749 3377 5820 conﬂagramus
3431 5747 3563 5803 clta~

1989 5843 2174 5901 ritate,
2210 5842 2332 5911 igne
2363 5839 2654 5895 contendis
2709 5855 3057 5900 consumere.
3096 5842 3202 5898 Nos
3230 5844 3377 5900 enim
3419 5841 3581 5926 ignis.

1993 5933 2318 6000 candelccit,
2349 5933 2494 5988 sicut
2519 5931 2754 5988 candcﬁt
2789 5941 3097 6004 argentum.
