3994 6442
392 379 497 444 367
1705 379 1877 444 ΜΕΝ
1883 382 1969 444 SI!

2085 385 2340 450 ULIUS.
2980 411 2982 413 ’
3550 388 3662 456 368

463 499 558 558 ιιι.
579 500 720 556 Cum
744 514 938 556 omnes
959 507 1146 556 autem
1167 495 1263 569 qui
1287 493 1594 552 audiebant
1609 503 1837 566 propter
1860 495 1978 550 haec
2005 504 2040 560 Α

2152 498 2255 554 IA'.
2290 498 2519 554 Πάντων
2557 491 2651 555 οὖν
2698 497 2796 557 επὶ
2820 499 2937 565 τοῖς
2967 499 3236 564 τοιούτοις
3268 499 3663 572 θαυμαζόντων

374 592 562 649 ser—ba
602 591 1034 658 admirarentur,
1067 598 1354 661 tyrannus,
1386 587 1481 658 qui
1538 586 1609 641 ab
1661 585 1824 640 initio
1850 601 1948 641 era

2086 591 2338 661 ῥήμασιν,
2370 590 2566 655 σκεῦος
2591 591 2856 664 ὑπάρχων
2885 593 2988 660 τῆς
3023 590 3302 656 ἀπωλείας
3335 594 3364 646 ὀ
3395 591 3663 665 τύραννος

392 702 489 742 vas
523 686 801 748 interitus,
846 681 1222 754 perseveravit
1253 681 1394 736 velle
1443 687 1664 735 sanctos
1715 678 1969 750 perdere,

2086 681 2343 751 διέμεινεν
2367 683 2728 753 ἐνιστάμενος
2756 683 2853 737 τοῦ
2882 684 3152 738 ἀπολέσαι
3190 685 3318 747 τοὺς
3337 686 3548 754 ἁγίους,
3568 688 3663 742 καὶ

390 788 448 836 ct
477 793 657 848 neque
709 790 1004 847 persuasus
1031 775 1138 831 fuit
1178 773 1365 828 verbis
1407 773 1776 844 gloriosorutn
1819 787 1967 827 mar-

2082 770 2199 824 οὗτε
2226 774 2340 836 τοῖς
2378 772 2560 841 λόγοις
2605 773 2860 827 ἐπείθετο
2887 771 3000 826 τῶν
3040 772 3307 843 ἀοιδίμων
3335 775 3659 848 μαρτύρων,

393 885 592 946 tyrum,
620 887 796 940 neque
820 870 988 924 rebus
1030 869 1165 939 ipsis
1185 867 1290 922 fuit
1310 867 1746 937 obstupefactus.
1769 866 1970 950 Quam-

2081 864 2201 920 οὔτε
2224 869 2340 930 τοῖς
2361 866 2686 938 πράγμασιν
2712 864 3078 934 ἐξεπλήττετο
3103 882 3116 894 ·
3149 867 3244 918 καὶ
3288 867 3502 921 κελεύει
3523 870 3658 922 ἁνα-

387 969 582 1022 obrem
601 964 760 1036 jubet
775 964 860 1018 eis
879 977 1068 1017 rursus
1090 961 1229 1031 palis
1251 958 1449 1024 affixis,
1471 959 1668 1014 ferreis
1692 958 1964 1030 unguibus

2087 955 2554 1020 τκολωπισθέντας
2612 956 2742 1020 τοὺς
2801 956 2994 1026 ἁγίους
3055 956 3301 1028 σιδηροῖς
3342 955 3524 1024 ὀνυξιν
3561 958 3664 1023 τάς

391 1059 567 1114 latera
598 1056 818 1111 fortiter
863 1053 1020 1110 caedi.
1060 1052 1199 1107 Cum
1231 1066 1365 1123 ergo
1395 1051 1572 1106 sancti
1606 1061 1663 1107 et
1712 1050 1968 1117 generosi

2097 1048 2315 1117 ιλευράς
2369 1048 2550 1101 αὐτῶν
2610 1048 2845 1111 εὐτόνως
2909 1047 3166 1114 ξέεσθαι.
3211 1047 3335 1102 Τῶν
3367 1044 3462 1104 οὖν
3486 1051 3674 1119 ἁγίων

389 1147 802 1220 martyreslwc
834 1159 1056 1215 quoque
1109 1151 1392 1199 certamen
1431 1150 1656 1198 strenue
1717 1141 1966 1196 decerta-

2086 1140 2373 1211 μαρτύρων
2417 1141 2513 1192 καὶ
2571 1139 2779 1194 τούτων
2841 1139 3080 1209 ἰσχυρῶς
3141 1137 3514 1194 διαθλούντων
3565 1142 3663 1196 τὸν

389 1249 534 1306 rent,
567 1247 625 1295 et
645 1253 838 1294 omnes
866 1236 1276 1291 admirarentur
1301 1233 1652 1304 imperatoris
1672 1231 1966 1288 amentiam

2088 1232 2282 1298 ὶγῶνα,
2311 1232 2408 1287 καὶ
2447 1232 2669 1285 πάντων
2703 1230 3103 1300 θαυμαζόντων
3131 1231 3232 1300 τὴν
3265 1229 3362 1282 τοῦ
3389 1229 3665 1299 βασιλέως

389 1340 447 1388 ct
507 1331 773 1392 furorem,
828 1327 1126 1398 praeclarus
1189 1333 1397 1395 martyr
1466 1323 1762 1378 Mauricius
1830 1323 1966 1378 dixit

2091 1324 2279 1390 ἱνοιαν,
2307 1325 2636 1393 Μαυρίκιος,
2668 1323 2696 1376 ὁ
2722 1323 2968 1390 ἀοίδιμος
3009 1322 3246 1394 μάρτυς,
3284 1321 3423 1392 πρὸς
3451 1321 3545 1376 τὸν
3565 1321 3668 1376 τύ-

390 1433 629 1496 tyranno
659 1439 675 1478 :
715 1421 836 1475 Non
895 1418 1073 1474 sentis
1106 1426 1254 1472 tuam
1291 1416 1728 1471 imbecillitatem
1763 1424 1821 1470 et
1867 1415 1967 1469 mi-

2088 1433 2265 1482 οαννον
2292 1415 2398 1487 ἐφη
2419 1433 2434 1448 ·
2464 1416 2580 1468 Οὐκ
2606 1414 2845 1488 αἰσθάνῃ
2871 1414 2971 1485 τῆς
3004 1413 3105 1484 σῆς
3129 1413 3439 1480 ἀσθενείας,
3468 1407 3515 1468 ὦ
3538 1414 3665 1484 βδε-

389 1515 614 1578 seriam,
645 1529 678 1568 ο
708 1510 993 1567 immundo
1029 1518 1087 1564 et
1110 1507 1339 1578 profane
1371 1517 1624 1578 tyranne,
1653 1506 1802 1576 quod
1827 1506 1966 1560 Pho-

2087 1515 2352 1580 ιυρώτατε
2414 1507 2672 1580 τύραννε,
2723 1509 2805 1562 ὃτι
2858 1507 3153 1573 ⁴ιιωτεινδς,
3200 1507 3262 1559 τὸ
3297 1507 3474 1578 βραχὺ
3499 1507 3664 1562 τοῦτο

390 1610 543 1666 tinus
587 1621 792 1677 parvus
848 1604 939 1658 hic
977 1601 1303 1657 adolescens
1351 1601 1429 1654 tui
1482 1598 1698 1668 imperii
1739 1596 1967 1666 fregerit

2088 1603 2388 1671 μειράκιον,
2425 1600 2730 1654 κατέλυσεν
2751 1599 2851 1670 τὴν
2884 1599 3203 1669 βασιλείαν;
3235 1599 3296 1653 τὸ
3325 1599 3433 1671 γάρ
3462 1601 3665 1656 τοσαύ-

388 1698 716 1757 audaciam?
746 1697 898 1751 Talia
932 1693 1082 1748 enim
1111 1703 1170 1748 et
1201 1700 1311 1746 tam
1346 1690 1520 1745 multa
1568 1690 1806 1745 subiisse
1855 1697 1965 1743 tor-

2088 1692 2302 1754 ιας’καὶ
2335 1690 2674 1761 τηλικαύτας
2694 1691 2998 1762 ὑποστῆναι
3031 1690 3322 1762 βασάνους,
3359 1692 3665 1758 κατάλυσις

389 1797 598 1854 menta,
647 1794 731 1842 est
796 1786 877 1840 tui
933 1779 1302 1838 crudelissimi
1371 1778 1590 1846 imperii
1639 1777 1964 1833 confractio.

2084 1785 2172 1853 τῆς
2197 1783 2297 1853 σῆς
2327 1782 2622 1853 ὠμότατης
2653 1782 2933 1853 βασιλείας
2962 1781 3112 1836 ἐστίν
3137 1800 3152 1815 ο
3179 1785 3299 1849 πῶς
3329 1785 3514 1838 τοίνυν
3547 1783 3661 1840 πᾶ·

387 1878 676 1948 Quomodo
723 1891 856 1948 ergo
941 1875 1262 1930 universam
1333 1880 1584 1928 nostram
1635 1870 1964 1940 phalangem

2086 1837 2174 1926 ςοὶᾇ
2201 1837 2710 1945 ηέὦνιδιαρρῆὲειις
2747 1873 2846 1944 τὴν
2879 1837 3162 1942 φάλαγγα,
3191 1837 3522 1939 τοσαυτάκις

386 1975 636 2043 frangere
668 1970 902 2041 poteris,
933 1966 1028 2036 qui
1063 1980 1093 2020 a
1129 1963 1348 2020 tantillo
1411 1963 1763 2017 adolescente
1795 1961 1963 2017 fueris

2085 1963 2466 2035 μειρακυλλίου
2501 1962 2823 2034 τηλικούτου
2847 1963 3183 2018 καταπεσών
3205 1981 3220 2030 ;
3249 1966 3538 2036 Θυμωθεὶς
3563 1963 3662 2024 οὖν

389 2063 722 2135 superatus?
768 2062 1003 2130 Propter
1026 2057 1144 2111 haec
1189 2055 1356 2110 verba
1379 2054 1460 2108 ira
1507 2053 1756 2124 percitus
1797 2052 1966 2107 scele-

2091 2052 2164 2105 ιπὶ
2193 2055 2305 2115 τοῖς
2347 2052 2618 2116 τοιούτοις
2661 2051 3013 2123 Μαξιμιανδς
3047 2054 3076 2106 ὀ
3113 2055 3441 2126 παμμιαρδς
3477 2058 3668 2128 ῥῆμα-

386 2164 542 2211 ratus
577 2153 966 2217 Maximianus,
990 2158 1049 2206 et
1077 2147 1404 2203 ardentibus
1433 2161 1562 2202 eum
1595 2145 1816 2200 intuens
1836 2159 1963 2199 ocu-

2080 2161 2177 2210 σιν,
2210 2142 2306 2198 καὶ
2340 2143 2588 2213 πυρίνοις
2621 2141 2787 2196 αὑτὸν
2811 2142 3294 2214 περιϐλεψάμενος
3325 2144 3657 2217 ὀφθαλμοῖς,

383 2248 476 2312 lis,
509 2256 568 2304 et
599 2245 842 2301 stridens
875 2244 929 2297 in
955 2257 1085 2298 eum
1109 2239 1396 2304 dentibus,
1414 2246 1471 2294 et
1494 2237 1689 2292 volens
1711 2243 1960 2291 sanctum

2086 2233 2270 2304 πρίζων
2301 2233 2420 2286 κατ’
2451 2232 2620 2286 αὑτοῦ
2643 2233 2774 2296 τοὺς
2804 2233 3030 2297 ὀδόντας
3077 2235 3172 2289 καὶ
3206 2234 3536 2305 βουλόμενος
3561 2237 3663 2308 δῆ-

384 2347 444 2394 et
466 2338 689 2392 beatum
733 2333 941 2392 Christi
965 2341 1263 2404 martyrem
1292 2327 1620 2385 Mauricium
1659 2327 1858 2383 acerbe
1883 2327 1961 2382 ul-

2086 2319 2163 2374 )sv
2186 2322 2278 2374 τὸν
2333 2321 2738 2394 τρισμακάριον
2773 2323 3091 2395 Μαυρίκιον
3144 2325 3363 2397 πικρῶς
3396 2327 3663 2398 ἀνταμεί-

385 2430 542 2497 cisci,
571 2430 732 2502 jubet
754 2425 1100 2498 spiculatori,
1128 2431 1189 2479 ut
1215 2431 1345 2478 ante
1374 2421 1569 2477 oculos
1588 2419 1764 2491 patris
1787 2420 1962 2475 filium

2084 2411 2300 2483 μασθαι,
2334 2411 2552 2468 κελεύει
2603 2413 2682 2483 τῷ
2715 2415 3133 2487 σπεκουλάτωρι
3167 2416 3290 2469 κατ’
3342 2417 3661 2490 ὀφθαλμοὺς

385 2519 644 2576 conficiat
673 2528 730 2574 et
755 2516 994 2572 occidat.
1027 2515 1107 2569 Eo
1144 2514 1330 2583 itaque
1377 2519 1672 2582 praesente,
1695 2519 1751 2567 et
1793 2511 1962 2568 filium

2083 2503 2162 2559 τοῦ
2189 2507 2397 2576 πατρὸς
2428 2506 2874 2578 διαχειρίσασθαι
2898 2508 2990 2562 τὸν
3018 2508 3222 2575 παῖδα,
3257 2509 3352 2565 καὶ
3386 2511 3660 2582 παρόντος

385 2609 708 2682 aspiciente,
733 2607 855 2679 ejus
887 2614 1054 2677 caput
1084 2603 1324 2660 abscidit
1357 2601 1678 2674 spiculator.

2071 2596 2234 2650 αὑτοῦ
2292 2597 2390 2651 καὶ
2415 2595 2693 2668 θεωμένου
2741 2588 2834 2654 τδν
2892 2599 3008 2655 υίδν
3041 2599 3142 2671 τὴν
3169 2600 3364 2656 τούτου
3396 2603 3648 2675 κεφαλὴν

2067 2688 2388 2747 ἀποτεμεῖν.

455 2784 574 2840 XII.
602 2783 738 2840 Cum
765 2797 898 2854 ergo
914 2781 1022 2837 hoc
1044 2780 1209 2836 modo
1227 2777 1535 2835 beatissimi
1557 2777 1780 2834 Photini
1799 2791 1966 2850 caput

2079 2707 2236 2744 ιποτε
2285 2707 2388 2747 ειν.

2139 2707 2478 2851 ιΒ¹.μ’1ὀύτῳ
2514 2779 2697 2836 τοίνυν
2744 2783 2824 2854 τῷ
2851 2783 3042 2856 τρόπῳ
3068 2784 3340 2838 Φωτεινοῦ
3371 2785 3467 2839 τοῦ
3497 2803 3656 2859 τρισο

384 2875 764 2932 venerandum
800 2874 998 2929 fuisset
1023 2879 1391 2944 amputatum,
1419 2871 1578 2943 isque
1629 2871 1865 2942 pulchre
1907 2880 1961 2927 et

2083 2871 2346 2944 μακαρίου
2387 2872 2486 2944 τὴν
2522 2875 2771 2945 κεφαλὴν
2801 2875 3220 2947 ἀποτμηθέντος
3241 2878 3336 2932 καὶ
3356 2877 3454 2951 τὴν
3481 2879 3660 2951 καλὴν

383 2969 621 3041 gloriose
665 2967 956 3038 migrasset
1005 2965 1073 3020 ad
1119 2963 1450 3030 Dominum,
1487 2962 1627 3018 dixit
1661 2963 1960 3033 praeclarus

2081 2965 2336 3036 ἐκδημίαν
2369 2966 2507 3036 πρὸς
2567 2966 2702 3021 Θεὸν
2759 2968 3200 3040 ἐκδημήσαντος,
3257 2971 3591 3042 Μαυρίκιος,
3625 2973 3658 3026 ὀ

382 3061 721 3117 Mauricius:
751 3058 1008 3113 Nostrum
1061 3057 1400 3113 desiderium
1443 3054 1766 3126 implevisti,
1807 3069 1842 3110 ο
1872 3064 1959 3127 .ty-

2078 3056 2332 3127 ὶοίδιμος,
2387 3057 2529 3129 ἔφη·
2596 3058 2957 3129 Ἐπλήρωσας
2993 3060 3154 3131 ήμῶν
3199 3062 3300 3132 τὴν
3326 3062 3655 3134 ἐπιθυμίαν,

383 3167 579 3214 ranue,
603 3161 660 3206 et
703 3150 773 3205 de
822 3157 1020 3203 caetero
1055 3147 1272 3203 ﬁrmum
1303 3155 1360 3203 et
1407 3147 1663 3203 stabilem
1694 3147 1960 3204 habemus

2079 3147 2319 3221 τύραννε,
2354 3149 2448 3203 καὶ
2474 3149 2662 3204 λοιπὸν
2701 3149 2924 3220 βέϐαιον
2952 3154 3311 3225 ἐκτησάμεθα
3357 3155 3450 3208 τδν
3481 3157 3656 3228 οὖρά-

381 3260 608 3301 cursum
639 3243 941 3299 ccelestem.
965 3242 1100 3308 Quis
1120 3241 1268 3298 enim
1295 3257 1364 3298 ex
1390 3249 1582 3297 nostra
1605 3240 1958 3297 multitudine

2082 3257 2178 3296 nov
2205 3240 2406 3312 δρόμον
2427 3257 2440 3271 ·
2475 3241 2558 3305 τίς
2579 3241 2691 3312 γὰρ
2717 3242 2785 3295 ὲκ
2806 3241 2908 3312 τῆς
2931 3244 3208 3314 ἡμετέρας
3230 3245 3482 3311 ἀνέξεται
3512 3249 3659 3320 πλη-

383 3341 681 3399 sustinebit
719 3339 980 3409 .supcrari
1017 3353 1047 3392 a
1095 3339 1335 3394 Photino
1369 3336 1578 3394 Christi
1616 3337 1812 3404 milite,
1865 3338 1960 3410 qui

2076 3332 2190 3397 θύος
2213 3329 2376 3406 ἦττον
2399 3333 2641 3405 φανῆναι
2674 3333 2770 3388 τοῦ
2809 3335 3050 3406 Χριστοῦ
3077 3336 3414 3407 στρατιώτου
3445 3340 3653 3394 Φωτει-

381 3435 637 3505 migravit
668 3434 720 3487 in
740 3433 963 3498 ccelum,
997 3440 1056 3486 et
1080 3430 1289 3502 pudore
1312 3429 1502 3486 affecit
1557 3438 1770 3502 patrem
1801 3439 1958 3486 tuum

2078 3424 2179 3492 ροῢ,
2236 3425 2332 3479 τοῦ
2366 3426 2505 3497 πρὸς
2552 3427 2788 3497 οὑρανδν
2827 3427 3244 3498 ἐκδημήσαντος
3305 3435 3400 3484 καὶ
3432 3431 3526 3484 τὸν
3556 3431 3655 3486 σὺν

382 3522 706 3579 diabolum?
755 3521 836 3576 Ad
879 3521 996 3576 hinc
1045 3521 1242 3592 majori
1284 3519 1472 3576 studio
1516 3528 1573 3576 et
1599 3522 1959 3578 contentione

2076 3518 2280 3588 πατέρα
2309 3518 2781 3589 καταισχύναντος
2813 3519 3098 3586 διάϐολον;
3125 3522 3166 3574 [1
3175 3522 3269 3593 ρδς
3292 3521 3465 3576 ταῦτα
3494 3525 3653 3594 φιλο-

381 3625 784 3674 tormentorum
817 3615 873 3669 in
905 3629 1007 3670 nos
1059 3613 1313 3685 excogita
1344 3613 1646 3679 cruciatus,
1673 3622 1730 3670 et
1757 3614 1896 3669 nihil
1927 3629 1958 3671 a

2077 3610 2257 3681 είμους
2314 3611 2425 3664 τῶν
2485 3609 2930 3682 βασανιστηρίων
2969 3612 3179 3666 ἐπινόει
3213 3613 3336 3667 καθ’
3361 3614 3518 3685 ἡμῶν
3549 3615 3654 3680 τὰς

381 3717 434 3765 te
463 3709 920 3780 praztermittatur
954 3722 1150 3761 eorum
1202 3722 1325 3776 quas
1356 3705 1597 3776 probant
1622 3722 1692 3762 an
1743 3708 1958 3762 firmam

2076 3703 2318 3767 κολάσεις
2347 3704 2445 3758 καὶ
2483 3703 2654 3776 μηδέν
2689 3722 2776 3759 σοι
2812 3706 3242 3777 παραλελείφθω
3277 3705 3388 3762 τῶν
3415 3709 3653 3778 δοκιμα-

377 3810 434 3856 et
489 3801 827 3855 immobilem
879 3799 1042 3853 fidem
1107 3797 1330 3855 Christo
1374 3813 1680 3854 servemus.
1729 3799 1954 3866 Quando

2075 3793 2268 3860 πόντων
2301 3797 2448 3867 ἡμᾶς
2474 3799 2524 3851 εἰ
2555 3796 2783 3867 βεϐαίαν
2808 3799 2887 3869 τῷ
2929 3799 3158 3869 Χριστῷ
3209 3801 3304 3854 καὶ
3346 3800 3652 3855 ἁσάλευτιν

377 3904 561 3949 autem
603 3893 742 3948 vidit
794 3892 1163 3947 Maximianus
1198 3902 1420 3946 sanctos
1447 3891 1657 3947 Christi
1690 3902 1954 3963 martyres

2077 3889 2164 3958 τὴν
2195 3888 2380 3943 πίστιν
2409 3907 2557 3960 παρα
2569 3890 2934 3961 ξυλάττομεν.
2971 3892 3099 3944 Ὅτε
3122 3887 3217 3945 οὖν
3239 3888 3380 3945 είδεν
3408 3893 3437 3944 ὀ
3470 3892 3654 3958 Μάξι-

376 3997 635 4057 prompto
665 3993 722 4040 et
765 3985 933 4038 alacri
969 3983 1157 4038 animo
1214 3983 1612 4054 perpetientcs,
1649 3990 1704 4038 et
1751 3992 1953 4037 rectam

2076 3981 2261 4051 μιανδς
2313 3982 2441 4044 τοὺς
2496 3981 2688 4050 ἁγίους
2717 3981 2812 4034 τοὺ
2844 3979 3087 4053 Χριστοῦ
3127 3982 3418 4054 μάρτυρας
3470 3983 3528 4035 ὲν
3555 3982 3653 4052 βεο

375 4091 530 4132 suam
561 4076 850 4130 fniemnon
874 4074 1542 4138 deserentes,convocato
1568 4089 1670 4129 suo
1711 4074 1952 4130 belluino

2076 4072 2202 4144 Ξαίῳ
2225 4073 2638 4145 καρτεροῦντας
2657 4075 2754 4128 καὶ
2785 4075 2883 4142 τῆς
2904 4073 3086 4128 αὐτῶν
3109 4074 3279 4146 ὀρθῆς
3301 4077 3362 4129 ού
3389 4075 3653 4145 μεθιστα-

374 4177 434 4223 et
461 4167 761 4220 inhumano
793 4172 1010 4230 senatu,
1037 4179 1163 4218 cum
1222 4165 1304 4219 eis
1353 4165 1728 4230 consultabat,
1761 4181 1951 4234 quem-

2076 4166 2262 4235 μένους
2299 4165 2559 4229 πίστεως,
2617 4167 3103 4238 συγκαλεσάμενος
3135 4167 3306 4222 αὑτοῦ
3341 4168 3440 4238 τὴν
3473 4169 3653 4222 άπάν-

373 4257 671 4313 admodum
731 4264 954 4311 sanctos
1007 4265 1280 4327 martyres
1314 4266 1491 4311 morte
1532 4256 1776 4313 afficeret
1799 4272 1950 4312 acer-

2072 4263 2280 4331 ipwzov
2308 4261 2635 4333 σύγκλητον,
2663 4261 2981 4317 ἐϐουλεύετο
3007 4263 3127 4334 μετ’
3153 4264 3354 4328 αὐτῶν,
3383 4265 3500 4328 πῶς
3518 4265 3649 4330 τοὺς

371 4350 621 4412 bissima,
639 4363 746 4418 per
769 4363 910 4418 quos
933 4357 1204 4403 terrorem
1236 4346 1464 4403 afferret
1489 4347 1844 4416 Christianis,
1862 4349 1948 4419 qui

2073 4355 2262 4422 ityiouc
2293 4355 2515 4425 θανάτῳ
2547 4356 2868 4427 πικροτάτῳ
2892 4356 3152 4422 διάθοιτο,
3171 4357 3243 4410 δι’
3261 4351 3338 4411 ὧν
3374 4358 3501 4421 τοὺς
3539 4357 3650 4412 ἀνά

371 4449 532 4496 erant
563 4440 617 4493 in
655 4447 769 4493 toto
799 4439 933 4493 orbe
967 4447 1262 4501 terrarum,
1295 4447 1352 4493 et
1399 4437 1666 4504 efﬁceret,
1719 4449 1780 4492 ut
1822 4439 1948 4493 defi‘

2074 4453 2245 4504 πᾶσαν
2279 4451 2380 4519 τὴν
2403 4451 2737 4522 οἰκουμένην
2760 4452 3128 4522 Χριστιανοὺς
3158 4451 3518 4524 ὲκφοϐήσειεν
3547 4454 3651 4508 καὶ

371 4539 560 4586 ccrcnt
586 4546 615 4585 a
649 4539 837 4585 sancta
883 4540 939 4584 et
970 4529 1104 4583 nulli
1139 4526 1284 4583 afﬁni
1343 4529 1765 4598 reprehensioni
1821 4531 1948 4585 reli-

2072 4545 2158 4613 ιῆς
2175 4517 2479 4614 ἀμωμήτδυ
2497 4517 2797 4615 θρησκείας
2813 4517 3125 4615 άποστῆσαι
3143 4517 3649 4612 παρασκευάσειεν.

370 4625 533 4694 gione
558 4621 1023 4678 Christianorum.
1054 4621 1211 4675 Tunc
1245 4636 1370 4675 cum
1400 4621 1503 4691 ipsi
1522 4621 1694 4675 multa
1723 4621 1947 4676 consul-

2075 4629 2155 4698 Εἷς
2185 4633 2278 4688 οὖν
2311 4635 2422 4690 τῶν
2458 4636 2825 4692 συνελθόντων
2854 4640 2914 4693 ὲν
2938 4642 3003 4711 τῇ
3045 4642 3361 4713 συγκλήτῳ,
3396 4643 3522 4714 ῥίζα
3555 4658 3652 4693 πι-

370 4723 600 4778 tassent,
628 4721 684 4768 et
731 4713 874 4767 alius
903 4713 1008 4766 alia
1055 4711 1323 4767 dixissent
1357 4731 1370 4768 :
1402 4714 1628 4784 quidam
1653 4727 1721 4767 ex
1749 4713 1818 4767 iis
1851 4714 1947 4784 qui

2070 4726 2226 4794 κρίας
2275 4725 2542 4796 ὑπάρχων
2593 4727 2690 4781 καὶ
2742 4729 3013 4799 πονηρίας
3065 4711 3299 4801 καρπός.
3335 4711 3429 4784 καὶ
3460 4729 3647 4800 πάσης

369 4807 1116 4869 insenatumconvenerant,
1149 4806 1240 4874 qui
1275 4817 1396 4862 erat
1423 4807 1578 4862 radix
1600 4808 1943 4874 acerbitatis,

2068 4816 2277 4880 ἀδικίας
2303 4817 2757 4890 πολυφορὼτατον
2787 4819 3028 4890 δένδρον,
3059 4821 3412 4876 συνεϐούλευε
3439 4820 3519 4891 τῷ
3541 4837 3645 4874 τυο

367 4907 424 4952 ct
455 4897 671 4951 fructus
705 4897 990 4966 nequitiae,
1023 4906 1078 4950 et
1105 4897 1352 4967 cujusvis
1383 4899 1615 4956 alterius
1644 4901 1867 4956 malitia:
1890 4911 1944 4957 et

2067 4908 2242 4982 ράννιρ
2268 4909 2445 4978 λέγων
2466 4926 2478 4941 α
2532 4910 2588 4964 ’0
2623 4913 2734 4982 μὴν
2757 4905 2918 4975 οὗτος
2945 4913 3229 4978 καύσωνός
3265 4915 3384 4968 ἐστι
3414 4913 3644 4984 καιρός·

367 4986 649 5061 injustitize
709 4986 877 5040 arbor
925 4985 1288 5048 feracissima,
1345 4987 1630 5043 consuluit
1687 4997 1944 5060 tyranno,

2069 5001 2311 5071 πάνεμος
2342 5002 2453 5073 γὰρ
2482 5002 2590 5073 μὴν
2620 5003 2926 5074 τηνικαῦτα
2964 5003 3306 5073 καθέστηκεν
3325 5019 3339 5033 ·
3372 5005 3646 5074 παράκει-

367 5082 561 5134 dicens
591 5098 603 5133 :
637 5080 962 5148 Imperator,
999 5078 1088 5132 hic
1123 5079 1327 5133 mensis
1356 5087 1442 5134 est
1476 5091 1692 5151 tempus
1719 5083 1944 5138 maximi

2063 5107 2149 5146 ται
2194 5091 2253 5144 δὲ
2311 5091 2418 5156 ἐξω
2450 5095 2550 5165 τῆς
2588 5095 2804 5155 πόλεως
2858 5095 3002 5150 κατὰ
3057 5096 3120 5149 τὸ
3152 5096 3375 5150 δυτικδν
3423 5093 3640 5166 κλῆμα,

366 5183 536 5228 a-stus
563 5173 704 5242 (erat
732 5172 877 5225 enim
897 5180 1042 5225 tunc
1069 5171 1276 5226 mensis
1297 5171 1525 5243 Julius),
1550 5173 1690 5230 situs
1711 5183 1795 5230 est
1812 5190 1943 5231 vero

2066 5182 2268 5252 μεταξὺ
2308 5183 2416 5238 τῶν
2450 5184 2875 5256 προσκειμένων
2902 5187 3108 5260 ταύτην
3129 5187 3223 5242 δύο
3245 5188 3509 5258 ποταμῶν
3544 5191 3643 5243 καὶ

363 5277 519 5320 extra
549 5265 827 5321 civitatem
861 5279 1054 5320 versus
1084 5264 1432 5320 occidentem
1463 5265 1608 5322 inter
1653 5267 1813 5331 duos,
1847 5269 1940 5339 qui

2064 5275 2161 5344 τῆς
2199 5274 2415 5346 λίμνης,
2477 5276 2644 5340 τόπος
2677 5277 2879 5348 ὅμαλος
2916 5278 3018 5350 μὲν
3039 5281 3108 5351 τῇ
3145 5279 3319 5344 θέσει,
3353 5280 3550 5352 χόρτου
3581 5279 3641 5332 δὲ

363 5366 592 5428 propter
637 5355 1055 5420 eamsitisuut,
1086 5355 1286 5411 fluvios
1311 5367 1368 5412 et
1415 5357 1614 5421 lacum,
1640 5360 1796 5415 locus
1838 5377 1940 5431 po-

2066 5366 2158 5421 καὶ
2199 5364 2366 5437 λυτῆς
2401 5366 2533 5438 ὓλης
2588 5368 2820 5439 ἀπείρου
2857 5370 3074 5440 μεστὸς,
3103 5370 3163 5425 δν
3192 5372 3240 5424 oi
3270 5371 3513 5426 ὲντόπιοι
3545 5371 3643 5442 ρό-

363 5449 536 5504 situra
565 5448 788 5518 quidem
813 5447 1032 5519 planus,
1064 5447 1188 5502 feno
1217 5459 1400 5503 autem
1420 5449 1617 5518 plenus
1647 5461 1703 5505 et
1722 5451 1940 5509 infinita

2065 5476 2170 5529 γαν
2199 5460 2636 5530 ἐπονομάζουσιν
2667 5463 2756 5516 διὰ
2781 5463 2843 5516 τό
2871 5465 3102 5535 σφηκῶν
3150 5465 3244 5518 καὶ
3286 5466 3642 5536 χαλκομυῖῶν

362 5541 467 5596 alia
499 5542 726 5595 materia
758 5583 770 5595 .
793 5555 982 5611 quem,
1003 5541 1098 5611 qui
1131 5542 1185 5595 in
1208 5556 1276 5597 eo
1296 5541 1419 5596 loco
1443 5541 1714 5609 habitant,
1742 5555 1939 5601 vocant

2068 5553 2254 5624 πικρὸν
2283 5551 2628 5622 καταγώγιον
2659 5555 2944 5626 ὑπάρχων,
2973 5557 3254 5611 κωνώπων
3283 5573 3343 5613 τε
3370 5557 3467 5612 καὶ
3488 5575 3645 5612 σκνι-

361 5632 592 5703 Rogam,
617 5643 907 5704 praptcrea
937 5634 1082 5704 quod
1110 5633 1182 5690 sit
1207 5649 1495 5705 vesparum
1514 5650 1578 5690 ac
1603 5636 1938 5694 crabronum

2066 5643 2174 5698 πῶν
2231 5644 2667 5715 πεπληρωμένον
2724 5648 2950 5719 χωρίον,
2996 5647 3090 5712 οὓς
3154 5649 3276 5704 οὐδὲ
3338 5651 3643 5723 παρελθεῖν

365 5725 624 5780 acerbum
649 5726 1047 5788 habitaculum,
1085 5741 1226 5796 quos
1261 5726 1494 5782 meridie
1525 5745 1594 5783 ne
1618 5729 1780 5785 facile
1805 5731 1934 5801 qui-

2061 5753 2175 5791 τινα
2223 5738 2527 5803 ἀκινδύνως
2574 5741 2634 5792 ὲν
2677 5741 3000 5814 μεσημϐρία
3039 5743 3382 5816 καθέστηκεν
3413 5743 3638 5816 ῥᾴδιον·

367 5821 492 5872 dem
521 5827 696 5886 potest
715 5819 915 5889 aliquis
938 5819 1172 5876 transire
1197 5819 1318 5878 sine
1339 5821 1609 5890 periculo.
1639 5821 1779 5880 Jubc
1811 5839 1942 5896 ergo

2060 5829 2309 5885 κέλευσον
2339 5829 2429 5885 οὖν
2454 5831 2748 5902 χρισθῆναι
2788 5833 2913 5904 μέλι
2964 5835 3032 5890 τὰ
3059 5834 3287 5907 σώματα
3321 5836 3506 5894 αὐτῶν
3535 5847 3637 5902 καὶ
