3994 6434
343 408 452 472 3&9
1307 404 1480 466 VITA
1519 405 1624 468 SS.
1673 403 2050 466 MAURITII
2083 406 2183 468 ET
2213 360 2631 473 SOCIOilUM.
3493 417 3598 481 370

333 525 392 576 ἐν
419 520 566 594 αῦτῷ
591 519 965 593 δημευθῆναι
1009 520 1295 591 ζωῦφίοις,
1331 523 1426 577 καὶ
1449 523 1508 575 ἐν
1545 521 1720 593 ταύτῃ
1746 537 1888 576 κατα

2019 536 2212 578 eorum
2247 539 2479 595 corpora
2537 525 2678 596 ungi
2696 526 2878 592 mel-Ie,
2910 535 2966 580 et
3019 527 3074 582 in
3124 542 3192 583 eo
3225 529 3602 601 alligabuntur

329 614 586 684 λήψονται
605 613 824 668 πάντων
847 612 956 666 τῶν
975 611 1360 683 προλαϐουσῶν
1384 612 1637 684 βασάνων
1665 613 1888 682 ἀλγεινά

2022 614 2374 682 animalcula,
2409 625 2477 672 ut
2499 617 2554 672 in
2607 618 2994 675 hoc-cruciatu
3029 620 3274 676 sentiant
3308 622 3598 680 interitum

328 723 484 778 τερον
513 705 761 775 ὄλεθρον.
810 704 904 759 καὶ
936 703 1242 772 γνώσονται
1280 704 1356 775 μὴ
1406 704 1749 776 βλασφημεῖν
1782 705 1888 758 τοὺς

2021 706 2328 777 graviorem
2353 708 2647 765 tormentis
2688 710 2970 775 omnibus,
2997 726 3120 781 quae
3166 725 3594 782 praecesserunt,

325 800 580 863 αίωνίους
606 797 770 868 ἡμῶν
810 797 996 863 θεοὺς,
1039 799 1134 855 καὶ
1174 797 1227 852 τί
1253 798 1316 851 τὸ
1359 797 1598 868 βαδίζειν
1625 797 1723 868 τὴν
1754 797 1908 850 ἐναν-

321 890 447 946 τίαν
474 893 589 954 τοῖς
615 888 928 961 βασιλεῦσιν
951 889 1068 943 ὁδδν
1096 889 1225 952 τοὺς
1253 887 1636 959 τολμήσαντας
1665 885 1902 956 ὤνησαν.

392 979 495 1036 ῘΓ.
527 981 640 1034 Καὶ
692 979 893 1051 ἤρεσεν
942 979 1004 1032 τὸ
1033 977 1187 1050 ῥῆμα
1227 977 1385 1049 καὶὴ
1439 976 1605 1048 βουλὴ
1659 976 1798 1046 αῦτη
1827 975 1906 1048 τῷ

306 1072 537 1143 ’βασιλεῖ
560 1071 657 1124 καὶ
687 1070 838 1140 πάσῃ
859 1071 927 1141 τῇ
961 1068 1253 1140 συγκλήτῳ
1271 1083 1286 1098 ο
1329 1067 1436 1121 καὶ
1453 1067 1666 1121 κελεύει
1694 1069 1722 1122 ὁ
1747 1067 1905 1137 βασι-

318 1162 448 1226 λεῦς
473 1161 650 1231 ταύτῃ
674 1162 742 1231 τῇ
773 1160 1020 1231 τιμωρίᾳ
1045 1159 1247 1223 αὐτοὺς
1285 1158 1691 1229 παραδοθῆναι.
1737 1159 1812 1212 Οἱ.
1843 1158 1902 1212 δὲ

317 1254 417 1323 τῆς
440 1253 656 1317 ἀδικίας
686 1252 964 1324 ὑπηρέται
989 1249 1090 1323 τὴν
1114 1249 1471 1324 μεσημϐρίαν
1507 1252 1902 1320 σκοπήσαντες,

316 1347 412 1399 καὶ
439 1345 634 1417 καιρὸν
655 1345 896 1416 ἠρεμίας
928 1344 1381 1415 ἐπιτηρήσαντες.
1411 1345 1470 1397 ἐν
1499 1336 1543 1411 ᾧ
1571 1344 1740 1413 πνοῆς
1770 1343 1900 1396 ἀνέ-

318 1457 438 1510 μων
460 1436 799 1510 ἀμοιροῦντα
822 1437 932 1490 τῶν
961 1436 1222 1505 ζωῦφίων
1251 1435 1320 1488 τὰ
1350 1433 1529 1505 πλήθη
1572 1434 1902 1504 τυγχάνουσι

315 1530 431 1594 τοῖς
458 1529 912 1600 παρεμπίπτουσι
949 1528 1165 1598 σώμασι
1203 1527 1424 1598 βαθεῖαν
1457 1526 1558 1598 τὴν
1588 1527 1783 1598 τρῆσιν
1805 1526 1901 1580 καὶ

311 1621 594 1676 ἐπώδυνον
665 1619 1105 1690 ἀπεργάζονται·
1161 1618 1432 1688 δήσαντες
1484 1618 1710 1672 ἁλύσεσι
1775 1620 1902 1684 τοὺς

310 1711 504 1778 ἁγίους
535 1710 852 1783 κατήγαγον
881 1711 962 1773 εἰς
980 1709 1074 1762 τὸν
1101 1709 1268 1762 τόπον
1303 1709 1398 1761 καὶ
1429 1708 1651 1778 δίυγρον
1678 1709 1902 1775 ἐκλεξά·

311 1821 465 1872 μενοι
496 1804 685 1870 τόπον,
742 1802 956 1872 ἀεννάῳ
1007 1803 1166 1872 πηγῇ
1222 1801 1658 1871 παρακείμενον,
1721 1801 1781 1866 ἐξ
1831 1797 1902 1874 ἦς

310 1895 508 1966 ἰλυώδη
551 1893 798 1966 τέλματα
830 1893 1045 1962 πέφυκε
1078 1892 1346 1962 γίνεσθαι,
1381 1885 1443 1946 οῦ
1478 1892 1576 1946 καὶ
1599 1895 1901 1964 ἐπιχωριά-

306 1987 426 2050 ζειν
464 1983 614 2053 φιλεί
648 1985 686 2054 ἡ
735 1982 848 2036 τῶν
902 1983 1335 2053 προρρηθέντων
1373 1982 1631 2053 ζωῦφίων
1663 1983 1896 2053 πληθὺς,

306 2079 526 2150 χρίουσι
559 2078 658 2144 μὲν
685 2079 799 2131 τῶν
848 2076 1024 2143 ἁγίων
1061 2077 1185 2147 μέλι
1215 2075 1285 2130 τὰ
1332 2080 1492 2148 τίμια
1521 2078 1775 2150 σώματα,
1810 2079 1898 2132 δε-

306 2170 507 2240 σμοῦσι
530 2168 586 2222 δὲ
623 2167 818 2240 βιαίως
850 2167 1030 2236 ξύλοις
1075 2168 1219 2222 κατὰ
1241 2168 1331 2224 τὸν
1382 2170 1546 2224 αὐτὸν
1589 2173 1771 2236 τόπον.
1805 2173 1894 2243 ῥί-

302 2261 508 2329 ψαντες
534 2259 630 2312 καὶ
663 2257 727 2312 τδ
767 2257 952 2330 τίμιον
993 2256 1153 2329 σῶμα
1185 2258 1482 2324 ⁴ιιωαιτεινοῦ,
1506 2261 1602 2315 τοῦ
1637 2262 1890 2334 ἀοιδίμου

307 2353 609 2424 μάρτυρος,
636 2350 744 2422 πρὸ
775 2350 1076 2423 προσώπου
1099 2351 1196 2405 τοῦ
1225 2351 1393 2406 αὐτοῦ
1423 2355 1633 2425 πατρὸς
1672 2355 1893 2426 Μαυρι-

305 2441 424 2494 κέου
459 2439 560 2495 τοῦ
585 2440 976 2512 πανευφήμου,
1008 2439 1236 2510 μείζονα
1281 2441 1558 2513 τιμωρίαν
1604 2444 1669 2498 ἐκ
1700 2445 1890 2500 τούτου

307 2531 609 2602 προσάγειν
640 2529 794 2602 αύτῷ
839 2528 1203 2600 λογιζόμενοι.
1253 2529 1430 2585 Τοῦτο
1459 2531 1765 2603 πράξαντες
1792 2536 1893 2609 τὴν

308 2622 569 2692 ταχίστην
598 2620 978 2694 ἀνεχώρησαν,
1000 2622 1077 2693 μὴ
1120 2623 1383 2694 φέροντες
1403 2623 1504 2696 τὴν
1526 2625 1636 2679 τῶν
1666 2627 1892 2684 ίοϐόλων

309 2713 564 2784 ζωῦφίων
601 2713 937 2787 προσϐολήν.
966 2714 1513 2786 Διακαρτερήσαντες
1538 2714 1632 2773 οὖν
1659 2720 1711 2773 οι
1742 2720 1892 2788 ἀγιοι

307 2807 518 2877 ἡμέρας
555 2821 618 2859 τε
663 2804 758 2859 καὶ
803 2803 1011 2868 νύκτας
1053 2804 1210 2870 δέκα,
1241 2808 1310 2877 τῇ
1359 2809 1538 2880 πικρᾷ
1578 2808 1756 2884 ταύτῃ
1794 2812 1893 2865 καὶ

2021 806 2077 851 et
2128 809 2482 869 cognoscant,
2532 816 2644 854 non
2689 816 2811 857 esse
2867 803 3183 860 maledictis
3245 804 3604 865 incessendos

2020 889 2258 946 invictos
2297 900 2520 948 nostros
2537 900 2593 946 et
2617 900 2857 950 aeternos
2881 895 3037 951 deos.

2091 982 2231 1037 XIII.
2265 981 2392 1039 Haec
2418 999 2551 1054 ergo
2583 999 2709 1040 cum
2765 985 2996 1043 dixisset
3020 989 3296 1057 pessimus
3340 999 3398 1046 ct
3423 993 3594 1048 scele-

2017 1075 2332 1131 ratissimus
2361 1077 2452 1132 ille
2483 1086 2732 1144 senator,
2763 1079 2884 1151 ejus
2927 1081 3218 1138 consilium
3246 1084 3455 1155 placuit
3490 1085 3590 1139 im-

2013 1168 2253 1238 peratori
2275 1177 2330 1224 et
2361 1170 2623 1226 universo
2649 1173 2887 1235 sena-tui,
2909 1185 2965 1228 et
2985 1174 3146 1244 jubet
3176 1175 3478 1246 imperator
3497 1191 3585 1233 eos

2012 1260 2163 1316 tradi
2184 1261 2624 1332 huic-supplicio:
2656 1263 2793 1317 Cum
2822 1264 3019 1336 itaque
3049 1268 3340 1324 meridiem
3395 1269 3592 1324 obscr~

2013 1362 2239 1408 vassent
2280 1354 2519 1410 ministri
2551 1354 2884 1426 iniquitatis,
2907 1366 2964 1412 et
3008 1367 3225 1429 tempus
3247 1360 3519 1430 quietum,
3539 1361 3598 1415 it.

2015 1458 2148 1513 quo,
2177 1443 2311 1499 ﬂatu
2334 1453 2625 1500 ventorum
2658 1448 2902 1502 carentia
2925 1449 3207 1515 animalia,
3235 1453 3596 1521 corporibus,

2015 1549 2138 1605 quae
2194 1534 2470 1601 incidunt,
2501 1552 2723 1609 gravem
2748 1548 2805 1594 et
2845 1540 3132 1598 molestam
3170 1541 3416 1598 emciunt
3465 1560 3593 1614 pcr-

2013 1625 2366 1693 forationem,
2391 1630 2606 1685 catenis
2629 1631 2850 1687 vinctos
2901 1632 3256 1688 deduxerunt
3285 1643 3506 1690 sanctos
3536 1635 3592 1690 in

2012 1718 2169 1788 prius
2187 1718 2398 1774 dictum
2419 1719 2604 1776 locum
2634 1739 2648 1777 :
2688 1730 2743 1776 et
2765 1738 2890 1778 cum
2923 1724 3192 1780 obiissent
3217 1734 3272 1781 et
3293 1726 3594 1797 elegissent

2010 1810 2194 1866 locum
2235 1811 2548 1876 humidum,
2579 1813 2747 1869 situm
2771 1829 2946 1885 prope
2971 1815 3176 1870 fontem
3205 1831 3512 1886 perennem
3531 1827 3591 1873 et

2009 1901 2288 1969 limosum,
2322 1918 2390 1959 ex
2427 1919 2536 1974 quo
2573 1907 2760 1961 enasci
2793 1909 2977 1962 solent
3032 1907 3244 1964 limosas
3271 1909 3484 1964 lacunae
3531 1920 3590 1966 et

2007 1993 2320 2065 voragines,
2356 1995 2454 2050 ubi
2480 1996 2650 2051 etiam
2677 1998 2822 2054 solet
2869 1999 3080 2071 degere
3110 2001 3406 2056 multitudo
3434 2003 3592 2072 ejus-

2005 2080 2154 2136 modi
2187 2082 2672 2149 animalculorum,
2704 2087 2867 2143 m'elle
2900 2089 3126 2159 quidem
3193 2099 3408 2163 ungunt
3458 2106 3589 2147 sau-

2003 2184 2217 2230 ctorum
2246 2176 2560 2232 veneranda
2586 2193 2860 2249 corpora:
2898 2180 3064 2248 lignis
3089 2191 3272 2238 autem
3298 2198 3397 2238 eos
3419 2186 3597 2239 vehes

2004 2275 2220 2323 mcnter
2276 2267 2504 2340 alligant
2535 2269 2589 2323 in
2629 2285 2697 2325 eo
2721 2271 3161 2342 loco,jacientes
3197 2274 3365 2329 etiam
3412 2289 3584 2330 vene-

2003 2359 2236 2414 randum
2257 2375 2462 2431 corpus
2494 2361 2691 2433 inclyti
2712 2364 2972 2435 martyris
2995 2365 3218 2422 Photini
3236 2374 3364 2423 ante
3387 2365 3589 2423 faciem-

2001 2451 2174 2521 patris
2205 2450 2291 2506 sui
2349 2451 2627 2508 benedicti
2661 2454 2926 2520 Mauritii,
2960 2466 3283 2526 reputantes
3336 2473 3398 2514 se
3425 2474 3493 2514 ex
3515 2475 3584 2516 eo

1999 2543 2052 2598 ei
2089 2545 2266 2614 majus
2306 2544 2574 2600 allaturos
2627 2547 2981 2617 supplicium.
3035 2548 3162 2604 Haec
3189 2563 3321 2622 ergo
3343 2565 3469 2607 cum
3506 2551 3585 2606 I'e-

2001 2634 2225 2700 cissent,
2257 2651 2420 2706 quam
2456 2638 2696 2706 primum
2728 2648 3102 2706 recesserunt,
3130 2651 3191 2696 ut
3228 2643 3321 2712 qui
3349 2657 3584 2698 venena-

1998 2735 2181 2796 torum
2221 2729 2686 2785 animalculorum
2743 2731 2974 2786 minime
3031 2736 3242 2790 ferrent
3290 2734 3580 2805 impetum.

1995 2814 2133 2872 Cum
2166 2818 2351 2888 itaque
2416 2820 2591 2873 sancti
2628 2819 2818 2876 decem
2853 2821 2972 2878 dies
3010 2831 3066 2878 et
3104 2832 3296 2880 noctes
3339 2825 3446 2879 hoc
3491 2824 3581 2880 in-

301 2896 618 2967 ἀνυποίστῳ
647 2894 888 2965 βασάνῳ,
920 2895 1306 2960 ἀνατείναντες
1348 2896 1413 2951 τὸ
1447 2897 1605 2969 ὄμμα
1635 2901 1772 2971 πρὸς
1797 2903 1888 2956 τὸν

2000 2908 2290 2965 tolerabile
2354 2919 2411 2964 et
2460 2911 2724 2966 acerbum
2789 2915 3154 2984 pertulissent
3220 2916 3580 2986 supplicium,

299 2986 456 3052 Θεὸν,
496 2985 736 3058 ηὔξαντο
781 2987 1073 3057 λέγοντεςο
1130 2988 1306 3059 Κύριε
1333 3027 1350 3054 ,
1401 2989 1431 3043 ὁ
1465 2989 1599 3054 Θεὸς
1651 2993 1832 3063 ήμῶν,
1860 2995 1888 3048 ὁ

1999 3000 2233 3056 sublatis
2268 3001 2335 3056 ad
2382 3002 2556 3058 Deum
2607 3005 2806 3070 oculis,
2831 3006 3126 3062 Dominum
3171 2985 3380 3079 precati
3426 3021 3578 3076 sunt,

301 3079 500 3144 κτίσας
523 3081 675 3151 ἡμᾶς
705 3080 831 3134 κατ’
859 3079 1046 3135 είκόνα
1085 3079 1187 3152 σὴν
1215 3081 1312 3134 καὶ
1346 3078 1632 3152 ὁμοίωσιν,
1664 3086 1759 3138 καὶ
1797 3085 1884 3139 66-

1999 3089 2247 3148 dicentes
2277 3111 2290 3148 :
2319 3093 2550 3150 Domine
2592 3095 2741 3152 Deus
2769 3104 2978 3163 noster,
2997 3098 3092 3169 qui
3141 3078 3240 3154 nos
3281 3099 3480 3154 creasti
3509 3100 3579 3154 ad

299 3173 515 3242 ηγήσας
547 3173 695 3242 ἡμᾶς
750 3172 890 3244 πρὸς
913 3172 1011 3243 τὴν
1037 3171 1334 3242 ἐπίγνωσιν
1358 3173 1458 3244 τῆς
1497 3175 1598 3246 σῆς
1632 3175 1888 3249 ἀληθείας

1999 3182 2293 3255 imaginem
2317 3193 2374 3240 et
2414 3186 2841 3245 similitudinem
2877 3199 3051 3252 tuam,
3076 3199 3135 3246 et
3164 3191 3442 3246 deduxisti
3477 3203 3580 3246 nos

299 3265 395 3316 καὶ
418 3262 700 3335 θεότητος,
721 3265 817 3318 καὶ
853 3263 950 3318 τοῦ
981 3265 1308 3335 μονογενοῦς
1355 3283 1449 3320 σου
1487 3268 1645 3336 Υίοῦ,
1669 3269 1765 3323 καὶ⁵
1795 3272 1888 3324 τοῦ

1999 3273 2062 3330 ad
2087 3276 2425 3347 agnitionem
2467 3288 2576 3334 tua:
2597 3281 2848 3337 veritatis
2870 3290 2926 3336 et
2947 3282 3277 3348 divinitatis,
3295 3291 3353 3337 et
3375 3283 3580 3354 unige-

298 3355 570 3425 παναγίου
587 3356 731 3411 Πνεύ
739 3372 928 3428 ματος,
949 3357 1034 3411 σοι
1056 3358 1622 3430 παρακατατιθέμεθα
1643 3361 1741 3426 τὰς
1755 3364 1786 3434 ἡ
1797 3379 1888 3433 με-

1999 3368 2092 3423 ηἰιὶ
2124 3369 2202 3424 ιιιί
2231 3370 2377 3436 Filii,
2401 3379 2458 3427 ct
2475 3372 2810 3428 sanctissimi
2837 3383 2892 3430 et
2915 3375 3118 3430 vivifici
3146 3375 3409 3446 Spiritus,
3433 3374 3580 3446 apud

300 3445 472 3518 τέρας
521 3446 704 3518 ψυχὰς
741 3448 838 3502 καὶ
891 3449 1326 3520 παρακαλοῦμεν
1381 3450 1687 3519 κατατάξαι
1719 3453 1888 3518 αύτάς

1999 3471 2046 3518 te
2094 3472 2312 3520 nostras
2361 3464 2575 3519 animas
2621 3464 2972 3536 deponimus,
3004 3473 3061 3521 et
3091 3481 3350 3536 rogamus
3397 3445 3579 3521 uteas

301 3538 445 3606 μετὰ
479 3539 702 3593 πάντων
747 3539 858 3594 τῶν
907 3539 1004 3594 ἀπ’
1033 3539 1235 3604 αἰῶνος
1282 3541 1770 3613 εὐαρεστησάντων
1806 3563 1888 3600 σοι

1999 3553 2226 3610 colloces
2251 3570 2376 3610 cum
2404 3555 2664 3612 omnibus
2683 3557 2909 3624 sanctis,
2940 3558 3036 3628 qui
3065 3558 3164 3613 tibi
3189 3559 3523 3628 placuerunt
3545 3575 3579 3613 a

295 3629 494 3698 ἁγίων.
537 3630 650 3685 Καὶ
672 3631 1106 3702 προσευξάμενοι
1129 3631 1460 3704 παρέδωκαν
1488 3635 1548 3687 ἐν
1572 3635 1767 3710 εἰρήνῃ
1789 3639 1888 3704 τὰς

1999 3646 2212 3702 saeculo.
2248 3645 2518 3714 Quoniam
2549 3656 2601 3703 te
2617 3647 2936 3713 dileximus.
2957 3658 3014 3704 et
3045 3660 3096 3705 te
3127 3649 3580 3708 desideravimus

295 3720 474 3792 ψυχὰς
499 3720 684 3777 αὐτῶν
715 3721 792 3792 τῷ
819 3721 963 3794 Θεῷ,
991 3722 1086 3777 καὶ
1109 3723 1218 3778 τῶν
1258 3723 1542 3794 στεφάνων
1574 3725 1888 3799 ἠξιώθησαν

1999 3751 2062 3792 ex
2091 3745 2207 3793 toto
2234 3738 2422 3792 animo
2446 3748 2659 3802 nostro,
2678 3733 2860 3808 et'pro
2891 3747 2944 3795 te
2968 3741 3320 3810 nosipsosad
3341 3751 3574 3796 mortem

295 3814 395 3881 τῆς
424 3813 732 3885 ἀθλήσεως.

1999 3829 2346 3886 tradidimus.
2379 3831 2461 3886 Tu
2481 3846 2540 3886 es
2569 3830 2719 3886 cnim
2746 3831 2890 3888 Deus
2923 3833 3074 3888 solus
3099 3833 3371 3904 benignus
3391 3835 3578 3890 etcle~

296 3917 618 3976 mens,ette
636 3906 1078 3980 decet'gloriain
1100 3907 1325 3964 saecula.
1377 3911 1575 3966 Amen.
1640 3911 1768 3968 Haec
1820 3930 1947 3973 cum
1988 3918 2281 3987 dixissent,
2324 3919 2438 3976 Deo
2482 3919 2835 3978 tradiderunt
2873 3920 3066 3980 beatas
3090 3931 3146 3978 et
3191 3922 3408 3982 divinas
3455 3928 3574 3982 ani-

294 4018 434 4069 mas,
465 4010 524 4058 et
550 4002 634 4057 sic
659 4001 866 4072 dignati
906 4000 1132 4056 fuerunt
1181 4005 1407 4057 coronis
1445 4001 1863 4064 decertationis.

364 4097 466 4153 ω’.
509 4097 572 4151 ὐ
606 4097 664 4150 δὲ
706 4095 1032 4167 παμμιαρδς
1086 4095 1345 4167 βασιλεὺς
1399 4097 1748 4168 Μαξιμιανδς
1793 4103 1888 4158 καὶ

2059 4103 2197 4160 XIV.
2247 4103 2560 4160 Sceleratus
2589 4109 2772 4158 autem
2807 4113 2861 4158 ct
2911 4103 3230 4175 tyrannicus
3275 4102 3572 4173 imperator

295 4189 436 4260 μετά
452 4187 689 4243 θάνατον
715 4190 828 4250 τοῖς
847 4189 934 4239 ἀεὶ
951 4187 1088 4251 ζῶσι
1111 4187 1459 4260 θυμούμενος
1491 4191 1730 4264 μάρτυσι
1747 4193 1888 4267 (Θεῷ

1999 4194 2366 4260 Maximianus,
2406 4198 2573 4250 etiam
2623 4205 2747 4264 post
2789 4204 3022 4249 mortem
3058 4195 3303 4251 irascens
3349 4211 3572 4266 semper

289 4283 402 4353 γὰρ
452 4279 625 4345 ζῶσιν
655 4279 704 4333 οί
741 4279 884 4332 κατά
918 4279 1052 4332 Θεὸν
1086 4278 1505 4350 ἐκδημήσαντες
1539 4282 1646 4336 κᾶν
1674 4284 1886 4339 ἐνθένδε

289 4369 748 4443 ἀπαλλαγῶσιν),
797 4369 1040 4433 ἀκούσας
1081 4371 1164 4424 ὅτι
1195 4370 1527 4441 παρέδωκαν
1551 4373 1651 4438 τὰς
1682 4375 1880 4447 ψυχὰς,

289 4465 511 4520 κελεύει
540 4467 654 4528 τοῖς
708 4465 1030 4535 δορυφόροις
1057 4462 1157 4526 τὰς
1198 4462 1398 4534 τιμίων
1426 4465 1606 4520 αὐτῶν
1639 4467 1884 4538 κεφαλὰς

1983 4286 2304 4342 viventibus
2357 4286 2694 4358 martyribus
2763 4284 2898 4357 (Deo
2923 4285 3072 4341 enim
3123 4286 3336 4352 vivunt,
3381 4287 3569 4356 quiex

1991 4377 2104 4431 Deo
2142 4376 2507 4447 emigrarunt,
2567 4377 2784 4432 etiamsi
2824 4377 2955 4432 hinc
3003 4379 3388 4452 excesserint),
3443 4395 3572 4434 cum

1989 4467 2292 4524 audivisset
2331 4479 2428 4524 eos
2461 4469 2715 4526 emisisse
2749 4470 2981 4538 animas,
3011 4470 3172 4542 jubet
3203 4471 3450 4526 abscindi
3477 4487 3571 4526 vc-

287 4558 553 4627 ἐκτεμεῐν
579 4556 675 4611 καὶ
707 4556 863 4627 ῥίψαι
888 4557 1031 4610 κατὰ
1060 4557 1152 4610 τὸν
1182 4557 1345 4612 αὑτὸν
1368 4558 1556 4614 τόπον.
1575 4561 1638 4614 Oi
1667 4561 1725 4615 δὲ
1749 4579 1878 4616 κατ-

1999 4557 2234 4612 ncranda
2253 4566 2309 4612 et
2332 4568 2520 4614 sancta
2559 4573 2752 4614 eorum
2787 4559 2994 4628 capita,
3019 4566 3073 4612 et
3096 4558 3206 4628 jaci
3235 4558 3290 4612 in
3310 4558 3570 4613 eumdem

288 4649 598 4718 αγαγόντες
639 4647 749 4702 ἀπὸ
787 4647 897 4702 τῶν
924 4647 1097 4712 ξύλων
1120 4648 1189 4702 τά
1215 4649 1402 4717 ἔνδοξα
1429 4651 1611 4707 αὐτῶν
1629 4654 1881 4725 λείψανα,

288 4741 392 4793 οὒκ
444 4741 758 4811 ἐνάρκησαν
811 4738 913 4802 τὰς
936 4738 1280 4809 ’σεϐασμίους
1338 4740 1522 4795 αὐτῶν
1579 4743 1879 4814 ἀποτεμεῖν

288 4832 563 4904 κεφαλὰς,
604 4831 742 4886 ἀλλά
787 4830 994 4895 ταύτας
1036 4830 1395 4901 ἐκκόψαντες,
1445 4833 1700 4905 πανταχῆ
1735 4835 1879 4890 κατά

285 4926 390 4996 τὴν
437 4923 575 4995 ὕλην
637 4921 858 4994 ἐκείνην
899 4920 1312 4992 διεσκόρπισαν.
1375 4922 1532 4987 Τινὲς
1587 4923 1647 4977 δὲ
1695 4925 1879 4979 πιστοὶ

285 5019 534 5090 ἀδελφοὶ,
565 5017 761 5081 νυκτὸς
790 5014 930 5087 μετᾶ
963 5013 1167 5069 πολλοῦ
1209 5015 1378 5085 φόϐου
1410 5016 1875 5089 παραγενόμενοι,

287 5111 585 5178 συνέλεξαν
607 5109 706 5174 τάς
725 5109 915 5180 τιμίας
945 5106 1126 5162 αὐτῶν
1154 5106 1397 5177 κεφαλὰς
1420 5109 1516 5162 καὶ
1541 5108 1612 5161 τὰ
1633 5107 1877 5179 πανάγια

281 5202 472 5257 αὐτῶν
501 5202 754 5273 σώματα,
790 5198 886 5253 καὶ
919 5197 1060 5270 μετά
1089 5198 1261 5268 τιμῆς
1287 5199 1382 5251 καὶ
1414 5197 1646 5263 εὐωδίας
1676 5197 1878 5270 πολλῆς

282 5296 380 5348 καὶ
413 5292 742 5364 ψαλμῳδιας
762 5291 947 5344 ἐνθέου
982 5290 1080 5345 καὶ
1101 5289 1266 5361 εὐχῆς
1297 5288 1551 5352 ἐκτενοῦς
1574 5289 1877 5359 ὀρύξαντες

278 5391 348 5456 τῇ
383 5389 455 5457 γῇ
485 5385 664 5439 ταῦτα
690 5383 985 5437 κατέθεντο
1021 5385 1080 5437 ἐν
1115 5381 1269 5454 αὐτῷ
1298 5381 1378 5450 τῷ
1419 5380 1572 5452 τόπῳ
1619 5379 1750 5438 ἔνθα
1775 5386 1875 5436 καὶ

279 5480 632 5553 ῇγωνίσαντο
653 5479 704 5531 ot
736 5479 988 5546 γενναῖοι
1011 5474 1105 5528 τοῦ
1145 5474 1386 5541 Χριστοῦ
1419 5473 1774 5544 στρατιῶται,
1815 5475 1875 5530 ἐν

277 5565 325 5638 ᾧ
353 5571 452 5624 καὶ
479 5568 859 5638 ἐπιφαίνονται
885 5569 961 5631 ὡς
992 5565 1284 5637 φωστῆρες
1305 5567 1362 5619 ἐν
1383 5565 1596 5636 κόσμῳ.
1620 5567 1868 5639 Εὐφραί-

277 5677 378 5714 νου
415 5659 623 5722 τοίνυν,
649 5659 950 5728 Ἀπάμεια,
988 5658 1258 5724 στέφανον
1288 5655 1678 5727 ἀναδησαμένη
1703 5674 1870 5712 πνευ-

284 5751 547 5821 ματικδν,
577 5751 642 5803 ἐκ
656 5749 932 5819 διαφόρων
954 5746 1119 5800 λίθων
1140 5744 1453 5814 πολυτίμων
1484 5747 1872 5817 συγκείμενον,

292 5843 387 5896 (αἱ
412 5841 544 5912 μίαν
591 5841 858 5912 ἁρμονίαν
905 5835 1241 5908 θεοπρεποῦς
1276 5835 1596 5904 ἐλλάμψεως
1620 5836 1869 5908 ἀπεργα.

1983 4648 2186 4706 locum.
2221 4650 2452 4706 Pessimi
2478 4665 2612 4706 vero
2640 4649 2882 4704 ministri
2905 4648 3162 4704 scelerati
3188 4648 3564 4719 imperatoris,

1983 4755 2108 4794 cum
2138 4755 2169 4795 e
2199 4740 2350 4812 ligno
2381 4740 2768 4810 deposuissent
2821 4740 3168 4795 venerandas
3190 4748 3247 4795 et
3299 4741 3569 4812 gloriosas

1979 4844 2171 4884 eorum
2191 4829 2476 4899 reliquias,
2523 4844 2634 4884 non
2662 4829 2825 4884 veriti
2849 4839 2980 4885 sunt
3020 4840 3311 4900 amputare
3330 4830 3564 4887 colenda

1980 4937 2172 4976 eorum
2195 4921 2398 4992 capita.
2429 4919 2564 4976 Cum
2592 4935 2655 4976 ea
2689 4929 2874 4976 autem
2907 4921 3306 4987 abscidissent,
3357 4922 3565 4990 ultique

1981 5029 2080 5082 per
2103 5012 2254 5067 illam
2289 5013 2484 5068 silvam
2525 5013 2884 5083 projecerunt
2923 5028 2989 5070 ac
3024 5014 3388 5084 dissiparant.
3424 5013 3565 5081 Qui-

1980 5103 2107 5157 dam
2144 5117 2278 5158 vero
2309 5102 2512 5159 fratres
2542 5101 2755 5167 ﬁdeles,
2777 5112 2944 5157 noctu
2977 5118 3103 5159 cum
3135 5119 3333 5172 magno
3362 5104 3562 5162 timore

1978 5194 2332 5260 accedentes,
2379 5195 2735 5266 collegerunt
2762 5195 3075 5250 veneranda
3129 5211 3326 5251 eorum
3380 5197 3561 5267 capita

1976 5296 2032 5343 et
2059 5285 2412 5342 sanctissima
2446 5295 2504 5341 et
2573 5286 2900 5342 honoranda
2957 5302 3152 5343 eorum
3207 5303 3464 5358 corpora,
3504 5299 3561 5343 ct

1977 5393 2103 5434 cum
2131 5393 2219 5442 eo,
2246 5392 2370 5448 quo-
2389 5392 2490 5448 par
2541 5387 2646 5443 est,
2705 5377 2936 5444 honore,
2986 5389 3051 5434 et
3091 5380 3264 5434 multo
3287 5394 3352 5434 ac
3403 5379 3559 5434 suavi

1975 5471 2169 5536 odore,
2202 5469 2501 5540 divinaque
2536 5469 2860 5540 psalmodia,
2916 5479 2972 5526 et
3007 5470 3245 5525 iutensis
3277 5470 3558 5540 precibus,

1975 5563 2033 5619 in
2063 5572 2207 5619 terra
2243 5561 2945 5634 fodientes,deposucrunt
2966 5563 3084 5635 ipsa
3111 5563 3164 5617 in
3187 5577 3255 5617 eo
3291 5562 3434 5628 loco,
3459 5563 3556 5618 ubi

1975 5653 2405 5710 decertaverunt
2442 5653 2690 5724 praeclari
2724 5663 2782 5710 ct
2834 5654 3010 5710 fortes
3059 5653 3266 5709 Christi
3327 5652 3556 5711 milites.

1976 5747 2034 5802 In
2054 5762 2166 5815 quo
2180 5745 2346 5801 etiam
2367 5756 2637 5816 apparent
2655 5756 2914 5817 tanquam
2934 5746 3228 5802 luminaria
3252 5745 3305 5801 in
3322 5746 3552 5802 mundo.

1981 5838 2226 5905 Quorum
2247 5853 2348 5892 nos
2389 5851 2610 5908 quoque
2639 5852 2831 5893 onmes
2853 5837 3146 5909 digncmur
3175 5854 3297 5896 csse
3317 5837 3556 5896 celebris
