3994 6438
414 375 516 438 371

1711 372 1993 433 MENSIS
2031 371 2305 435 IULIUS

3554 370 3668 430 372

412 494 717 541 conventus
745 487 1040 556 participes
1062 495 1117 540 et
1142 484 1351 555 gratiae,
1389 499 1500 538 uno
1535 484 1721 538 animo
1756 492 1812 536 et
1847 498 1983 537 con-
2013 539 2023 565 Α

2091 482 2334 552 ξάμενον,
2386 479 2659 550 θησαυρὸν
2682 477 2932 551 οὐράνιον
2971 479 3192 551 ἔχουσα,
3239 479 3532 551 διαφόρους
3562 481 3670 550 μὲν

412 594 576 634 sensu
598 579 864 643 (ruentes,
891 593 1011 648 quae
1034 577 1101 632 ab
1119 578 1200 632 eis
1230 574 1620 646 proﬁciscitur,
1641 575 1930 630 curatione
1965 592 1978 628 :

409 666 467 721 in
494 668 716 722 Christo
745 667 875 722 Jesu
909 667 1143 721 Domino
1189 675 1404 732 nostro,
1458 665 1547 720 cui
1576 665 1751 736 gloria
1781 672 1838 719 et
1881 679 1984 734 po-

413 759 602 823 lentia,
644 776 768 814 cum
813 761 975 814 Patre
998 769 1054 813 et
1088 768 1280 813 sancto
1315 757 1528 829 Spiritu
1559 773 1708 813 nunc
1744 767 1800 813 et
1843 773 1986 813 sem-

409 863 530 914 per,
553 848 686 903 etin
721 849 922 903 saecula
958 849 1311 904 saeculorum.
1354 849 1555 902 Amen.

2094 572 2442 645 μαργαρίτας
2470 572 2701 625 πλούτου
2735 572 3105 642 ὲκλάμποντα,
3145 573 3281 642 πρὸς
3326 573 3458 644 μίαν
3483 573 3539 626 δὲ
3570 574 3674 628 καὶ

2088 663 2185 735 τὴν
2208 663 2381 733 αὐτὴν
2409 663 2506 733 τῆς
2539 663 2796 717 άκτίστου
2828 664 3056 735 Τριάὸος
3097 665 3538 733 φωταγωγοῦντα
3568 664 3671 717 πί.-

2091 773 2230 818 στιν,
2253 757 2483 827 οὐρανὸς
2500 756 2814 825 ἀγάλλεται,
2839 757 2912 828 γῆ
2943 758 3017 827 τῷ
3034 758 3128 828 τῆς
3149 757 3498 828 δικαιοσύνης
3528 757 3673 828 ἡλίῳ

2091 848 2435 918 φωτιζομένη
2489 851 2582 901 καὶ
2616 849 3007 919 παμποικίλοις
3053 849 3274 919 ἄστροις
3305 848 3669 920 ἐκλάμπουσα

408 943 519 1004 τοῖς
548 942 924 1016 ἐϐδομήκοντα
953 945 1222 1015 μάρτυσιν
1245 944 1343 1014 τὴν
1373 943 1532 1008 δόξαν
1561 943 1656 997 τοῦ
1672 943 1808 998 Θεοῦ
1831 943 2260 1014 διαγγέλλουσιν,
2293 938 2370 997 ὧν
2403 947 2498 999 καί
2559 947 2718 1016 ἡμεῖς
2774 945 3144 1015 ἀξιωθείημεν
3198 946 3449 1000 κοινωνοί
3510 943 3674 1011 γενέ-

409 1035 536 1089 σθαι
563 1036 664 1107 τῆς
693 1039 1056 1109 πανηγύρεως
1083 1041 1179 1093 καὶ
1217 1039 1320 1110 τῆς
1353 1044 1574 1110 χάριτος
1615 1040 1855 1109 μέτοχοι,
1922 1041 2016 1093 καί
2053 1039 2153 1108 τῆς
2221 1041 2415 1112 ἑορτῆς
2467 1041 2851 1112 ὁμογνώμονες
2908 1044 3007 1112 τῆς
3059 1042 3189 1114 παρ’
3225 1043 3408 1096 αὐτῶν
3466 1041 3673 1103 ἰάσεως

406 1126 793 1196 ἀπολαύοντες,
824 1132 882 1185 ἐν
910 1130 1132 1202 Χριστῷ
1156 1131 1334 1203 Ἰησοῦ
1365 1133 1441 1204 τῷ
1481 1134 1674 1204 Κυρίῳ
1711 1135 1892 1205 ἡμῶν,
1929 1127 1975 1203 ᾧ
2013 1136 2045 1206 ἡ
2085 1132 2211 1199 δόξα
2257 1135 2354 1189 καὶ
2399 1136 2462 1190 τὺ
2504 1137 2704 1206 κράτος
2765 1137 2860 1189 σὺν
2918 1137 2997 1209 τῷ
3053 1137 3228 1208 Πατρὶ
3286 1136 3381 1191 καὶ
3414 1134 3492 1206 τῷ
3523 1134 3673 1206 ἁγίῳ

409 1222 710 1293 Ιινεύματι,
755 1224 853 1280 νῦν
911 1229 1007 1281 καὶ
1061 1228 1173 1294 ἀεὶ,
1219 1229 1314 1282 καὶ
1342 1231 1422 1293 εἰς
1474 1231 1602 1294 τοὺς
1638 1229 1842 1294 αἰῶνας
1871 1230 1980 1285 τῶν
2021 1231 2256 1286 αἰώνων.
2293 1231 2485 1302 Ἀμήν.

410 1380 1924 1409 W

3557 1387 3645 1414 :2

799 1398 986 1411 νέα-ι..

2987 1409 3112 1416 ως..-

1571 1573 2484 1692 ΥΠΟΜΝΗΜΑ

665 1945 1015 2080 ΤΟΝ
1089 1943 1660 2080 ΜΕΓΑΝ
1751 1947 2706 2082 ΠΡΟΦΗΤΗΝ
2790 1947 3424 2085 ΔΑΝΙΗΛ

1602 2187 1694 2239 καί
1719 2183 1849 2247 τοὺς
1872 2185 2067 2254 ἁγίους
2089 2190 2240 2258 τρεῖς
2277 2187 2476 2249 παῖδας

1248 2347 1767 2442 ΑΝΑΝΙΑΝ,
1846 2344 2348 2439 ΑΖΑΡΙΑΝ,
2430 2351 2898 2438 ΜΙΣΛΗΛ.

1521 2699 2562 2808 COMMENTARIUS

603 3095 1364 3260 'SANCTO
1477 3105 2023 3260 PROP]

2091 3107 2514 3260 [ETA
2606 3106 3506 3272 DANIELE-

1558 3375 1647 3431 ET
1689 3376 1775 3432 DE
1809 3373 1910 3431 SS.
1955 3375 2214 3434 TRlBUS
2241 3373 2497 3433 PUERIS

1085 3548 1577 3654 ANANIA,
1657 3550 2080 3639 AZARIA
2156 3550 2307 3639 ET
2380 3549 2936 3642 MISAELE.

405 3745 602 3810 (Latine
629 3745 755 3807 apud
777 3745 977 3794 Surium
1003 3743 1063 3792 ad
1085 3743 1216 3792 diem
1237 3741 1291 3792 2|
1311 3741 1458 3801 Julii;
1484 3742 1686 3792 Graecus
1714 3747 1884 3792 textus
1909 3755 2041 3792 nunc
2063 3746 2272 3806 primum
2293 3743 2538 3794 editurex
2561 3745 2670 3794 cod.
2695 3757 2784 3795 ms.
2812 3743 2966 3794 Paris.
2997 3745 3263 3808 1490,saec.
3295 3759 3360 3794 χι.
3383 3747 3466 3796 Eo.
3487 3748 3622 3796 Pun
3651 3749 3670 3810 )

475 4049 514 4101 l.
537 4047 672 4111 Cum
691 4044 1201 4100 Nabuchodonosor
1222 4058 1316 4097 rex
1336 4043 1685 4114 Assyriorum
1709 4041 1988 4096 civitatem

2164 4045 2242 4097 A’.
2278 4044 2441 4115 Ἀρτι
2478 4043 2954 4114 Ναϐουχοδονόσορ
2997 4047 3024 4098 ὁ
3059 4043 3318 4114 βασιλεὺς
3361 4046 3672 4118 Ἀσσυρίων

402 4139 704 4194 Jerusalem
729 4137 876 4193 bello
928 4137 1184 4206 cepisset,
1209 4146 1265 4190 et
1293 4149 1542 4205 magnam
1568 4133 1722 4188 illinc
1744 4133 1983 4203 praedam

2094 4135 2192 4206 τὴν
2235 4133 2591 4208 Ἰερουσαλὴμ
2619 4135 2842 4208 πολέμῳ
2881 4139 3393 4210 κατακτησάμενος,
3414 4139 3566 4194 λείαν
3609 4158 3672 4195 τε

404 4231 631 4304 egisset,
673 4238 732 4285 et
782 4229 1050 4299 plurimos
1099 4227 1425 4282 abduxisset
1477 4226 1625 4282 bello
1681 4234 1892 4296 captos,
1928 4238 1984 4282 et

2094 4225 2298 4294 πολλὴν
2324 4225 2539 4280 ἐκεῖθεν
2565 4225 2766 4290 ἐλάσας
2796 4228 2891 4280 καὶ
2907 4227 3246 4294 δορυαλώτος
3273 4229 3349 4294 ὡς
3379 4230 3675 4296 πλείστους

404 4325 694 4398 splendide
741 4340 806 4380 ac
842 4322 1129 4394 magniﬁce
1152 4337 1407 4378 reversus
1436 4331 1584 4378 esset
1629 4321 1985 4395 Babylonem,

405 4436 492 4476 aut
525 4418 737 4490 imperii
767 4417 978 4482 sedem,
1013 4416 1393 4472 nobilissimos
1419 4431 1625 4486 pueros
1670 4415 1985 4472 Judzeorum

404 4512 628 4583 delegit,
648 4521 704 4568 et
727 4511 833 4566 sibi
856 4510 924 4566 ad
950 4525 1112 4565 suum
1146 4509 1401 4564 attribuit
1423 4509 1818 4566 ministerium.
1838 4511 1988 4566 inter

405 4617 546 4672 quos
573 4609 735 4656 erant
761 4598 928 4654 etiam
955 4605 1199 4668 quatuor
1221 4612 1290 4652 ex
1322 4595 1413 4662 iis,
1445 4597 1540 4667 qui
1565 4611 1595 4652 a
1622 4613 1750 4668 rege
1780 4597 1987 4652 Davide

403 4693 685 4748 ducebant
735 4691 1004 4763 originem
1038 4708 1050 4743 :
1110 4689 1330 4760 pulchri
1383 4689 1607 4759 quidem
1643 4690 1831 4759 specie
1861 4705 1985 4744 cor-

402 4785 578 4856 poris,
628 4783 847 4854 pulchri
881 4791 1066 4837 autem
1103 4780 1288 4851 specie
1331 4795 1552 4851 quoque
1581 4781 1800 4846 animae,
1829 4781 1984 4851 inge-

403 4893 688 4948 nuumque
703 4885 760 4932 et
778 4876 1064 4932 liberalem
1088 4883 1372 4946 aspectum
1397 4876 1626 4946 pulchre
1647 4892 1711 4930 ex
1736 4877 1986 4946 utrisque

404 4969 764 5024 ostendentes
797 4987 811 5022 :
841 4968 936 5038 qui
983 4967 1148 5023 etiam
1207 4966 1274 5021 ad
1336 4965 1626 5021 Ezechiam
1663 4974 1722 5022 et
1777 4967 1983 5023 Josiam

399 5063 552 5116 viros
575 5061 914 5132 iustissimos
964 5074 1142 5132 genus
1163 5059 1412 5130 proxime
1460 5058 1794 5114 referebant.
1845 5058 1982 5114 Cum

401 5155 528 5210 illos
575 5170 706 5224 ergo
767 5153 1088 5219 excidisset,
1126 5162 1182 5208 et
1233 5151 1570 5222 providisset
1597 5159 1657 5205 ut
1687 5167 1753 5206 ex
1787 5167 1978 5207 mensa

401 5249 554 5322 regia
583 5249 883 5310 alerentur,
932 5247 1104 5301 tradit
1153 5246 1484 5318 paedagogis,
1540 5255 1599 5300 ut
1656 5247 1710 5300 in
1755 5256 1982 5302 externa

2091 4316 2300 4384 λαϐὼν,
2336 4317 2608 4390 λαμπρῶς
2637 4335 2695 4372 τε
2719 4321 2800 4383 εἰς
2823 4319 3124 4374 Βαόυλῶνα
3148 4321 3310 4375 πάλιν
3342 4321 3441 4394 τὴν
3463 4323 3674 4377 οἰκείαν

2092 4411 2266 4482 ἀρχὴν
2291 4409 2617 4475 ἀναζεύξας,
2641 4409 2770 4474 ⁴τοὺς
2803 4411 3222 4480 εὐγενεστάτους
3251 4415 3361 4468 τῶν
3397 4415 3672 4470 Ἰουδαίων

2092 4501 2290 4564 παῖδας
2351 4501 2780 4574 ἀπολεξάμενος,
2837 4505 2918 4567 εἰς
2986 4504 3297 4574 ὑπουργίαν
3362 4507 3672 4577 ἀπένειμεν

2092 4593 2293 4663 ἐαυτῷ,
2325 4595 2382 4647 ὲν
2421 4586 2502 4657 οἷς
2529 4594 2623 4648 καὶ
2651 4593 2916 4664 τέσσαρες
2961 4591 3102 4667 ἦσαν
3143 4597 3254 4652 τῶν
3279 4597 3375 4652 τοῦ
3402 4598 3674 4670 βασιλέως

2090 4686 2254 4742 Δαυῒδ
2292 4687 2598 4757 ἀπογόνων,
2632 4689 2791 4743 καλοὶ
2819 4689 2921 4760 μὲν
2944 4690 3044 4761 τὴν
3075 4689 3172 4744 τοῦ
3207 4691 3460 4755 σώματος
3496 4692 3670 4762 ὥραν,

2091 4783 2248 4837 καλοί
2281 4783 2336 4835 δὲ
2365 4785 2459 4836 καί
2483 4783 2583 4854 τὴν
2624 4785 2722 4854 τῆς
2740 4783 2946 4856 ψυχῆς,
2980 4785 3072 4837 καὶ
3093 4783 3230 4837 πολὺ
3264 4785 3327 4838 τὸ
3353 4785 3574 4852 εὐγενὲς
3609 4784 3670 4848 ἐξ

2089 4877 2417 4947 ἀμφοτέρων
2463 4875 2926 4948 ἐπιδεικνύμενοι,
2951 4876 3000 4930 οἳ
3035 4876 3130 4929 καὶ
3162 4877 3244 4940 εἰς
3288 4876 3539 4940 Ἐζεκίαν
3572 4877 3672 4930 καὶ

2103 4968 2315 5022 Ἰωσίαν
2357 4969 2486 5032 τοὺς
2523 4967 2900 5032 δικαιοτάτους
2947 4969 3232 5041 προσεχῶς
3277 4968 3339 5020 τὸ
3370 4968 3527 5036 γένος
3575 4968 3668 5020 ἀνε-

2090 5061 2285 5130 ἐφερον
2307 5075 2320 5089 ⁸
2350 5059 2576 5122 τούτους
2609 5055 2704 5114 οὖν
2733 5061 2941 5123 ἐκεῖνος
2991 5059 3255 5130 ἐκτομίας
3299 5061 3531 5132 ποιήσας
3572 5062 3671 5114 καὶ

2089 5151 2444 5222 χορηγεῖσθαι
2482 5153 2665 5215 αὐτοῖς
2710 5156 2845 5222 τάγε
2882 5153 3019 5224 πρὸς
3059 5154 3266 5224 τροφὴν
3296 5153 3404 5208 ἀπὸ
3437 5153 3540 5222 τῆς
3573 5152 3672 5222 βα-

2090 5245 2305 5315 σιλικῆς
2337 5245 2624 5316 τραπέζης
2664 5246 3054 5317 οἰκονομήσας,
3086 5246 3456 5315 παιδαγωγοῖς
3491 5262 3676 5316 παρα-

401 5340 670 5412 sapientia
693 5347 749 5393 et
773 5339 888 5408 ipsa
910 5338 1293 5395 Chaldaeorum
1317 5337 1570 5393 doctrina
1598 5338 1826 5408 pulchre
1852 5353 1982 5392 eru-
2011 5340 2023 5390 1

2091 5337 2327 5402 δίδωσιν,
2365 5337 2440 5402 ὡς
2477 5339 2543 5392 ἂν
2595 5339 2696 5408 τήν
2739 5355 2799 5392 τε
2853 5338 3090 5409 Θύραθεν
3143 5339 3335 5410 σοφίαν
3383 5341 3475 5392 καὶ
3530 5338 3676 5393 αὐτὰ

402 5434 677 5488 direntur.
716 5431 795 5486 Ex
828 5429 917 5484 bis
943 5444 1088 5485 unus
1117 5429 1342 5500 quidem
1401 5430 1704 5484 vocabatur
1736 5429 1928 5486 Daniel
1965 5448 1977 5484 :

401 5525 499 5596 qui
557 5525 739 5593 ipsum
792 5535 926 5576 vero
976 5520 1338 5592 sequebatur,
1371 5520 1659 5577 Ananias:
1693 5528 1750 5575 et
1779 5520 1981 5577 tertius

401 5614 648 5682 Azarias,
677 5622 732 5668 et
753 5613 896 5669 alius
927 5611 1135 5668 Misael.
1165 5612 1386 5668 Mutatis
1417 5622 1604 5670 autem
1635 5628 1830 5668 eorum
1876 5629 1980 5668 no-

403 5707 667 5770 minibus,
701 5706 982 5781 Danielem
1035 5706 1260 5776 quidem
1289 5717 1452 5764 vocat
1497 5707 1801 5774 Baltassar,
1830 5709 1978 5762 Ana—

404 5798 554 5853 niam
585 5796 836 5862 Sidrach,
866 5798 1118 5856 Azariam
1165 5814 1295 5856 vero
1335 5801 1564 5870 Misach,
1599 5810 1652 5857 et
1702 5799 1981 5858 Misaclem

2093 5431 2296 5500 ἄριστα
2337 5431 2674 5485 παιδευθῶσι
2715 5431 2785 5485 τὰ
2827 5431 2938 5485 τῶν
2969 5432 3276 5486 Χαλδαίων.
3321 5430 3543 5486 Τούτων
3575 5432 3677 5499 μὲν

2093 5521 2290 5592 Δανιὴλ
2353 5522 2630 5576 ἐκαλεῖτοο
2677 5525 2704 5577 ὁ
2749 5523 2866 5594 μετ’
2911 5523 3072 5576 αὐτὸν
3107 5524 3153 5577 δ’
3197 5522 3468 5589 Ἀνανίας,
3515 5523 3679 5587 Ἄζα-

2091 5615 2211 5685 ρίας
2251 5633 2312 5668 τε
2361 5618 2388 5669 ὁ
2438 5615 2622 5686 τρίτος
2671 5617 2766 5670 καὶ
2817 5617 2846 5669 ὀ
2882 5617 3064 5681 λοιπδς
3099 5615 3678 5688 Μισαήλ·διαμείψας

2091 5706 2147 5760 δὲ
2201 5708 2386 5772 αὐτοῖς
2441 5707 2508 5761 τὰ
2555 5709 2818 5778 ὀνόματα,
2857 5710 2949 5762 τὸν
2999 5711 3100 5780 μὲν
3139 5710 3336 5782 Δανιὴλ
3384 5708 3676 5776 Βαλτάσαρ

2094 5800 2274 5869 καλεῖ,
2319 5801 2526 5873 Σεδρὰχ
2562 5802 2619 5858 δὲ
2661 5802 2752 5855 τὸν
2791 5802 3063 5876 Ἀνανίαν,
3109 5803 3200 5860 τδν
3259 5799 3518 5872 Ἀζαρίαν
3568 5800 3676 5855 Mt-
