3994 6446
359 361 462 426 373

1396 359 1566 422 νιΤΑ
1609 359 1671 420 S.
1713 355 2142 418 PRPOHET/E
2176 357 2574 422 DANIELIS.

3503 365 3621 428 δτι·

355 479 480 541 σὰκ,
515 473 612 528 καὶ
657 471 970 542 ’Δϐδεναγὼ
1003 471 1096 527 τὸν
1129 471 1352 544 Μισαὴλ
1383 469 1676 542 όνομάζιιο
1705 468 1798 534 οὓς
1833 471 1922 541 6i;-

2052 470 2288 526 aominat
2334 471 2657 542 Abdenago.
2679 473 2828 541 Quos
2845 477 3066 548 quidem
3089 488 3268 533 et‘rex
3293 477 3534 543 amabat,
3557 489 3616 535 et

354 586 455 622 που
481 568 580 622 καὶ
605 565 783 636 ἐφίλει
835 568 864 619 6
907 565 1166 635 βασιλεὺς
1215 565 1311 619 κα)⁸
1351 564 1473 618 λίαν
1511 562 1743 636 εὐμενὲς
1793 562 1932 633 πρὸς

353 659 553 722 αὐτοὺς
572 657 791 722 ἐϐλεπε,
827 658 928 728 τῆς
963 656 1248 728 ἀγχινοίας
1279 657 1700 727 ἀποδεχόμενος,
1726 656 1822 710 καὶ
1851 655 1935 709 ὅτι

357 750 430 821 μὴ
481 750 645 819 μόνον
695 750 914 819 εὐφυῶς
959 749 1227 804 διέκειντο
1291 751 1421 821 περὶ
1477 752 1550 803 τά
1606 749 1932 820 μαθήματα,

351 842 488 897 ἀλλὰ
515 843 610 896 καὶ
641 840 812 909 πολλή
843 858 930 904 τις
955 844 1271 912 ἐπέπρεπεν
1291 842 1478 905 αὐτοῖς
1507 840 1724 905 σύνεσίς
1755 857 1814 894 τε
1840 841 1936 894 καὶ

352 933 676 1003 κοσμιότης.
706 931 853 986 Ἀλλ’
881 930 1056 996 οὕτως
1078 933 1180 1004 μὲν
1217 932 1356 1004 πρὸς
1385 933 1516 997 τοὺς
1548 933 1747 997 παῖδας
1774 934 1802 986 6
1835 932 1935 994 βα-

353 1027 563 1089 σιλεύς.

424 1117 500 1174 B'.
529 1117 732 1188 Δανιὴλ
765 1117 823 1171 δέ
863 1120 892 1171 6
929 1117 1234 1188 θαυμάσιος
1279 1117 1380 1172 οὐκ
1421 1115 1716 1186 ἐπαινέτης
1774 1117 1935 1188 μόνον

345 1211 450 1279 τῆς
480 1210 687 1280 ἀρετῆς
713 1206 803 1282 ἦν.
828 1210 969 1264 ἀλλὰ
1014 1211 1110 1264 καὶ
1149 1211 1341 1282 μετῄει
1379 1211 1586 1280 ταύτην
1619 1210 1931 1280 ἐπιμελῶςο

348 1307 445 1356 καὶ
475 1303 570 1356 διὰ
599 1301 760 1368 τοῦτο
805 1301 1260 1372 σκληραγωγίαις
1296 1318 1357 1354 τε
1388 1300 1625 1368 ἐξεδίδου
1653 1301 1714 1355 τὸ
1746 1301 1930 1371 σῶμα,

349 1397 449 1448 καὶ
477 1395 589 1447 άπὸ
615 1393 716 1463 τῆς
749 1393 1042 1464 βασιλικῆς
1071 1393 1353 1464 τραπέζης
1392 1394 1709 1464 ἐδεσμάτων
1738 1393 1800 1447 οὐ
1833 1394 1934 1464 μό-

348 1504 442 1539 νον
474 1483 645 1548 αὐτὸς
679 1486 983 1557 παρῃτεῖτο
1023 1484 1487 1554 μεταλαμϐάνειν,
1515 1483 1652 1539 ἀλλὰ
1695 1486 1792 1540 καὶ
1824 1488 1937 1550 τοῖς

347 1581 566 1651 ἑτέροις
613 1578 708 1631 καὶ
744 1578 1061 1644 συγγενέσι,
1097 1579 1213 1640 τοῖς
1245 1576 1396 1648 τρισὶ
1423 1576 1571 1646 λέγω
1607 1577 1818 1645 παισὶν,
1845 1576 1938 1630 οὗ·

346 1692 427 1729 τω
459 1677 640 1727 ποιεῖν
681 1672 1008 1744 παρηγγύα.
1055 1671 1225 1739 Δόξαν
1270 1672 1365 1727 οὖν
1402 1673 1761 1744 ἀμφοτέροις,
1799 1672 1936 1728 καθ·

346 1765 475 1816 ὁλου
506 1765 730 1818 πάντων
757 1762 869 1816 τῶν
900 1761 1165 1833 ἐμψύχων
1195 1763 1496 1832 ἀπέχεσθαι
1528 1765 1625 1818 καὶ
1657 1764 1937 1836 σπέρμασι

348 1858 539 1926 μόνοις
573 1857 670 1908 καὶ
699 1855 960 1925 λαχάνοις
994 1855 1280 1920 σιτεῖσθαι,
1307 1856 1699 1926 προσελθόντες
1739 1858 1939 1929 Ἀσχά-

350 1967 414 2018 νῃ
453 1948 534 2018 τῷ
567 1948 669 2018 τὴν
692 1947 1018 2016 ἐπιμέλειαν
1059 1948 1244 2001 αὐτῶν
1275 1951 1742 2023 ἐπιτετραμμένῳ
1769 1953 1932 2023 ἀρχι-

348 2043 616 2109 ευνούχῳ,
648 2040 719 2092 τά
766 2040 868 2109 μὲν
898 2039 1050 2111 παρὰ
1069 2040 1164 2093 τοῦ
1197 2041 1465 2111 βασιλέως
1493 2044 1679 2106 αὐτοῖς
1709 2045 1936 2112 κομιζό-

349 2151 488 2203 μενα
512 2130 703 2202 ἠξίουν
731 2131 898 2210 αὐτὸν
922 2130 1271 2200 λαμϐάνοντα
1296 2133 1636 2198 ἀναλίσκειν,
1669 2135 1935 2206 παρέχειν

348 2228 404 2280 δὲ
435 2226 555 2280 ἀντ’
588 2226 770 2279 αὐτῶν
789 2224 996 2295 δσπριά
1017 2241 1076 2278 τε
1100 2224 1196 2279 καὶ
1227 2227 1476 2294 φοίνικας
1502 2228 1582 2286 είς
1613 2227 1934 2298 διατροφὴν,

351 2321 446 2374 καὶ
468 2320 522 2372 εί
543 2337 596 2372 τι
625 2319 736 2372 τῶν
775 2317 1006 2389 ἀψύχων
1035 2318 1225 2389 ἕτερον
1259 2319 1418 2372 αὐτοὶ
1448 2319 1724 2388 βούλοιντο
1747 2334 1760 2348 ·
1796 2319 1935 2389 πρὸς

352 2412 460 2480 γὰρ
485 2410 590 2480 τὴν
625 2408 890 2478 τοιαύτην
927 2409 1163 2471 δίαιταν,
1195 2409 1404 2476 ελεγον,
1437 2410 1496 2476 ἐξ
1518 2413 1696 2482 ἀρχῆς
1721 2412 1936 2465 κεκονί-

353 2503 497 2565 σθαι.
528 2503 632 2573 τῆς
657 2501 714 2556 δέ
736 2502 932 2572 ἐτέρας
963 2500 1350 2573 ὀλιγωρεῖν.”0
1383 2502 1441 2556 δὲ
1481 2498 1624 2556 εἶναι
1663 2503 1766 2573 μέν
1797 2504 1938 2556 ἐτοιο

360 2613 453 2664 μος
477 2595 692 2662 ελεγεν,
722 2595 1022 2664 ὑπηρετεῖν
1049 2594 1232 2649 αὐτῶν
1257 2597 1321 2666 τῇ
1353 2593 1594 2666 θελήσει,
1628 2597 1936 2666 ὑφορᾶσθαι

356 2691 407 2742 δὲ
449 2690 525 2760 μὴ
568 2688 863 2760 κατάδηλοι
902 2689 982 2760 τῷ
1021 2688 1236 2759 βασιλεῖ
1277 2688 1603 2758 γενηθέντες
1635 2688 1698 2743 ἐκ
1726 2706 1785 2742 τε
1835 2690 1938 2759 τῆς

356 2783 463 2837 τῶν
496 2781 774 2852 σωμάτων
811 2770 1124 2852 ἰσχνότητος
1183 2782 1278 2835 καὶ
1330 2780 1431 2851 τῆς
1473 2781 1783 2852 ὠχρότητος
1825 2781 1938 2834 τῶν

359 2876 705 2945 προσώπωνν
750 2875 1226 2945 συμμεταϐάλλειν
1256 2873 1368 2945 γάρ
1399 2874 1587 2936 αὐτοῖς
1615 2874 1830 2944 ἀνάγκη
1869 2875 1937 2927 τὰ

361 2967 592 3038 σώματα
623 2969 720 3021 καὶ
749 2967 852 3031 τὰς
879 2967 1048 3038 χρόας
1082 2965 1201 3036 ἅμα
1227 2969 1294 3037 τῇ
1329 2963 1531 3034 διαίτῃ,
1562 2965 1657 3018 καὶ
1699 2966 1936 3036 μάλιστα

358 3063 469 3113 τῶν
528 3060 709 3113 ἄλλων
762 3059 970 3112 παίδων
1023 3057 1430 3121 εὐπαθούντων,
1471 3059 1634 3111 αίτιοι
1685 3059 1937 3113 κινδύνου

359 3147 458 3199 καὶ
489 3147 766 3216 τιμωρίας
793 3144 943 3216 αύτῷ
983 3145 1352 3202 καταστῶσιν.
1381 3147 1616 3218 Ἔχοντα
1662 3144 1756 3201 οὖν
1807 3148 1945 3220 πρὸς
1971 3172 2015 3228 c

359 3235 519 3290 τοῦτο
552 3237 798 3298 εὐλαϐῶς
829 3236 921 3288 τὸν
965 3236 1257 3307 Ἀσχάνην,
1298 3236 1581 3292 πείθουσιν
1623 3240 1672 3291 oi
1705 3243 1946 3307 γενναῖοι

362 3331 455 3382 ἐπὶ
500 3327 636 3381 δέκα
673 3328 891 3398 ἡμέρας
937 3327 1109 3382 ταῦτα
1158 3331 1462 3401 παρασχεῖν
1511 3333 1698 3396 αὐτοῖς
1746 3332 1947 3403 πείρας

361 3424 550 3484 ἓνεκα,
603 3422 701 3474 καὶ
751 3420 827 3489 μὴ
873 3419 1294 3490 μεταϐαλούσης
1335 3423 1442 3492 μὲν
1482 3424 1667 3487 αὐτοῖς
1709 3425 1809 3493 τῆς
1837 3425 1948 3479 τῶν

366 3514 642 3583 σωμάτων
673 3513 862 3578 ἕξεως,
899 3513 996 3566 ἐὰν
1025 3517 1140 3577 τοῖς
1169 3515 1357 3578 αὐτοῖς
1380 3515 1664 3586 ἐπιμένειν
1689 3516 1765 3578 ὡς
1794 3515 1949 3569 οὐδὲν

363 3608 444 3659 ἔτι
476 3605 922 3675 βλαϐησομένους
946 3623 959 3638 ο
1009 3607 1060 3659 εί
1101 3607 1159 3660 δὲ
1196 3607 1534 3678 μειωθέντας
1584 3609 1684 3662 ίδοι
1712 3609 1810 3663 καὶ
1840 3609 1949 3663 τῶν

367 3699 548 3752 ἄλλων
584 3699 931 3768 άειδέστερον
972 3699 1217 3767 ἔχοντας,
1255 3699 1349 3752 ἐπὶ
1391 3698 1494 3768 τὴν
1539 3699 1815 3770 προτέραν
1852 3701 1951 3753 αὐ-

365 3795 493 3853 τοὺς
521 3791 679 3859 ἄγειν
709 3791 922 3844 δίαιταν
951 3792 1047 3843 καὶ
1082 3790 1227 3843 κατὰ
1254 3791 1323 3844 τά
1353 3791 1702 3862 κελευσμένα
1748 3796 1943 3846 ποιεῖν.

377 3885 469 3945 Ὦς
495 3884 554 3936 δὲ
589 3883 653 3936 ού
702 3883 865 3952 μόνον
917 3881 1072 3935 οὐδὲν
1114 3881 1314 3946 αὐτοὺς
1358 3881 1553 3935 ἐλύπει
1605 3883 1704 3954 τὴν
1743 3883 1950 3954 τροφὴν

370 3977 595 4046 ἐκείνην
626 3975 1107 4045 προσφερομένης,
1129 3973 1267 4028 ἀλλὰ
1289 3975 1385 4029 καὶ
1413 3973 1526 4027 τῶν
1550 3975 1726 4029 ἄλλων
1757 3976 1952 4044 εὐτρα-

367 4064 626 4133 ιρέστεροι
658 4062 727 4116 τὰ
769 4063 1002 4132 σώματα
1045 4063 1144 4116 καὶ
1179 4062 1338 4117 καλοὶ
1382 4062 1484 4134 τὴν
1519 4063 1645 4134 δψιν
1686 4065 1950 4134 ἐγίνοντο,

373 4152 467 4218 Ὠς
491 4156 619 4218 τοὺς
647 4155 888 4225 ὁρῶντας
912 4153 1040 4217 τοὺς
1073 4153 1175 4226 μὲν
1203 4169 1268 4207 πε
1277 4155 1334 4225 pl.
1353 4155 1444 4209 τὸν
1468 4157 1668 4226 Δανιὴλ
1699 4157 1874 4211 δοκεῖν
1899 4159 1957 4213 ἐν

371 4245 612 4318 ἀφθονίᾳ
639 4247 738 4300 καὶ
771 4247 954 4318 τρυφῇ
985 4249 1047 4318 τῇ
1077 4245 1229 4317 πάσῃ
1267 4246 1439 4316 βιοῦν,
1466 4248 1597 4312 τοὺς
1638 4249 1861 4319 ἐτέρους
1895 4250 1955 4304 δὲ

376 4337 482 4391 τῶν
502 4336 715 4391 παίδων
736 4336 1078 4407 ἐνδεέστερον
1101 4334 1372 4390 σιτεῖσθαι
1397 4335 1588 4407 καὶμὴ
1604 4338 1744 4392 κατὰ
1765 4338 1956 4408 χρείαν

373 4428 678 4485 ἀπολαύειν
709 4428 820 4482 τῶν
850 4427 1171 4499 διδομένων.

2036 565 2273 637 benigne
2297 567 2594 623 admodum
2628 586 2726 627 eos
2781 571 3107 642 aspiciebat,
3141 587 3332 626 eorum
3381 571 3618 627 laudans

2037 656 2282 712 indolem
2309 677 2323 714 :
2359 669 2418 715 et
2447 661 2594 729 quod
2630 677 2741 718 non
2800 663 2978 718 solum
3011 663 3264 718 valebant
3296 662 3516 732 ingenio
3547 661 3616 722 ad

2036 747 2376 820 disciplinas,
2411 752 2507 806 sed
2543 753 2624 808 eis
2653 769 2875 825 quoque
2937 770 3195 826 magnum
3227 753 3500 810 aﬂ'erebat
3521 769 3616 808 or-

2039 851 2356 896 namentum
2420 844 2645 900 solertia
2674 855 2731 900 et
2760 847 3050 902 modestia.
3104 846 3210 902 Sed
3243 846 3325 902 sic
3388 845 3614 916 quidem

2037 945 2158 989 erat
2182 950 2276 990 rex
2305 936 2536 993 allectus
2565 938 2618 992 in
2648 954 2868 1010 pueros.

2108 1114 2174 1169 ΙΙ.
2209 1114 2440 1169 Divinus
2475 1124 2658 1170 autem
2707 1116 2896 1170 Daniel
2937 1132 3045 1171 non
3105 1118 3281 1172 solum
3327 1125 3448 1172 erat
3493 1115 3615 1172 lau-

2037 1207 2198 1260 dator
2224 1208 2460 1270 virtutis.
2489 1209 2585 1262 sed
2621 1224 2742 1262 eam
2767 1209 2934 1264 etiam
2960 1210 3254 1280 diligenter
3299 1210 3614 1265 exercebat.

2038 1298 2104 1351 Et
2137 1297 2576 1368 ideoasperitate
2598 1298 2721 1352 vita:
2749 1314 2949 1368 corpus
2968 1299 3259 1368 allligebat,
3285 1309 3339 1354 et
3360 1299 3614 1354 ciborum

2038 1404 2240 1444 mensae
2267 1390 2428 1458 regiae
2463 1404 2571 1443 non
2601 1390 2778 1444 solum
2815 1391 3108 1445 recusabat
3155 1407 3277 1446 esse
3316 1392 3614 1462 particeps,

2039 1482 2135 1537 sed
2192 1483 2314 1537 aliis
2362 1483 2529 1538 etiam
2590 1483 2858 1554 cognatis,
2896 1484 3094 1547 tribus,
3134 1484 3381 1554 inquam,
3429 1486 3618 1554 pueris

2039 1574 2123 1629 sic
2153 1574 2327 1628 suasit
2358 1583 2420 1626 ut
2466 1575 2734 1629 facerent.
2786 1573 2925 1629 Cum
2959 1577 3211 1644 utrisque
3244 1590 3375 1644 ergo
3438 1576 3618 1630 vlsum

2039 1674 2204 1731 esset,
2228 1667 2298 1720 ab
2314 1666 2573 1720 omnibus
2589 1665 2870 1722 abstinere
2893 1667 3175 1729 animatis,
3197 1675 3251 1721 et
3273 1667 3418 1720 vesci
3442 1658 3623 1721 solum

2040 1757 2348 1812 seminibus
2373 1767 2428 1812 et
2455 1758 2724 1823 oleribus,
2759 1758 3090 1813 accedentes
3142 1757 3210 1812 ad
3251 1759 3619 1813 Aschanetem

2047 1851 2543 1914 archieunucbum,
2577 1851 2664 1905 cui
2695 1860 2814 1904 erat
2847 1849 3142 1906 commissa
3177 1865 3370 1906 eorum
3426 1865 3558 1905 cura
3591 1866 3623 1904 a

2049 1959 2198 2012 rege,
2232 1959 2357 1998 eum
2394 1953 2678 2014 rogarunt.
2719 1951 2776 1996 ut
2806 1958 2929 2011 quae
2977 1943 3046 1996 ab
3083 1942 3201 2012 ipso
3231 1957 3362 2012 rege
3419 1941 3487 1996 ad
3526 1957 3626 1997 eos

2048 2034 2397 2098 atl‘crreutur,
2444 2036 2559 2103 ipse
2612 2035 2890 2104 accipiens
2931 2044 3326 2089 consumeret:
3389 2048 3491 2103 pro
3542 2033 3626 2088 eis

2043 2136 2227 2182 autem
2253 2128 2520 2195 praeberet
2540 2127 2815 2194 legumina
2851 2135 2908 2181 et
2928 2125 3172 2196 dactylos
3193 2123 3260 2180 ad
3311 2123 3622 2178 nutrimen-

2046 2227 2186 2282 tum,
2220 2219 2346 2274 etsi
2397 2219 2530 2288 quid
2562 2218 2714 2273 aliud
2744 2219 2911 2274 vellet
2967 2234 3034 2273 ex
3090 2217 3364 2272 inanimis.
3407 2217 3466 2272 ln
3518 2217 3635 2270 hac-

2045 2311 2194 2365 enim
2247 2310 2374 2365 vitae
2412 2311 2626 2366 ratione
2681 2311 2939 2366 dicebant
2975 2325 3034 2364 se
3090 2324 3214 2365 esse
3259 2309 3524 2364 educatos
3552 2307 3625 2363 ab

2047 2402 2229 2466 initio,
2283 2403 2446 2456 aliam
2479 2417 2611 2457 vero
2647 2403 2952 2473 despicere.
2985 2402 3080 2458 Ille
3105 2413 3289 2457 autem
3315 2402 3536 2457 dicebat
3565 2415 3626 2456 se

2041 2509 2166 2551 esse
2203 2496 2428 2564 quidem
2461 2505 2710 2565 paratum
2746 2495 3015 2551 inservire
3048 2511 3244 2551 eorum
3304 2495 3574 2550 voluntati
3603 2511 3621 2552 :

2049 2587 2146 2642 sed
2175 2587 2391 2652 timere,
2411 2603 2482 2642 ne
2517 2587 2571 2642 id
2600 2602 2697 2643 rex
2727 2587 3054 2642 rescisceret
3093 2603 3158 2642 ex
3192 2601 3484 2657 corporum
3503 2600 3628 2656 gra-

2050 2679 2262 2734 cilitate
2325 2686 2383 2734 et
2444 2678 2632 2734 vultus
2677 2679 2904 2748 pallore.
2935 2678 3171 2733 Necesse
3203 2678 3350 2733 enim
3391 2691 3534 2741 esse,
3562 2685 3627 2732 ut

2049 2771 2134 2827 eis
2161 2771 2327 2826 simul
2355 2779 2640 2826 mutentur
2673 2785 2906 2842 corpora
2940 2779 2996 2826 et
3020 2770 3236 2824 colores
3267 2784 3391 2824 cum
3414 2770 3632 2825 ratione

2051 2864 2270 2919 victus:
2298 2872 2354 2918 et
2405 2863 2662 2926 maxime,
2705 2878 2774 2918 ne
2811 2877 2935 2916 eum
2968 2863 3059 2917 alii
3109 2862 3268 2933 pueri
3325 2862 3438 2916 sint
3465 2861 3627 2916 bona:

2054 2955 2418 3019 habitudinis,
2466 2955 2570 3024 ipsi
2603 2954 2714 3008 sint
2735 2955 2786 3010 ei
2805 2969 2967 3008 causa
3000 2953 3229 3024 periculi
3262 2963 3319 3009 et
3343 2952 3622 3024 supplicii.

2009 3108 2022 3115 ,
2051 3045 2187 3103 Cum
2226 3047 2410 3117 itaque
2446 3046 2704 3101 cautione
2741 3045 2844 3100 hac
2876 3046 2928 3099 in
2961 3061 3020 3100 re
3051 3055 3301 3101 uteretur
3324 3045 3626 3110 Aschanes,

2049 3140 2101 3194 ei
2131 3139 2466 3210 persuadent
2497 3139 2652 3208 pueri
2682 3138 2757 3192 illi
2798 3138 3026 3208 egregii,
3057 3146 3116 3192 ut
3155 3139 3345 3193 decem
3375 3138 3490 3192 dies
3515 3138 3632 3192 hac

2051 3232 2163 3287 illis
2185 3228 2791 3302 praeberetexperiendi
2814 3245 2978 3284 causa
3010 3230 3160 3284 :etsi
3185 3245 3293 3283 non
3325 3237 3632 3283 mutaretur

2053 3327 2275 3396 quidem
2307 3325 2390 3380 eis
2427 3339 2723 3394 corporum
2767 3320 3006 3384 habitus.
3040 3323 3246 3378 sineret
3280 3323 3335 3377 in
3369 3323 3451 3377 eis
3499 3338 3629 3392 per-

2053 3434 2329 3476 severare.
2361 3417 2456 3473 Sin
2507 3425 2692 3472 autem
2722 3417 2924 3472 viderit
2953 3417 3281 3481 diminutas,
3335 3426 3392 3470 et
3418 3415 3540 3469 aliis
3572 3431 3630 3470 se

2055 3512 2324 3566 habentes
2349 3511 2616 3575 deterius,
2652 3524 2748 3564 eos
2783 3507 2850 3562 ad
2888 3506 3129 3577 priorem
3169 3507 3348 3562 victus
3400 3505 3630 3560 reducat

2055 3603 2346 3667 rationem,
2371 3611 2428 3657 et
2460 3602 2623 3656 faciat
2650 3609 2709 3654 ut
2731 3599 2835 3653 fuit
2865 3599 2916 3654 ei
2952 3599 3300 3668 imperatum.
3323 3597 3458 3652 Cum
3500 3611 3632 3651 vero

2052 3707 2120 3749 eo
2163 3692 2429 3746 alimento
2479 3699 2698 3744 utentes
2763 3688 2903 3743 nihil
2963 3687 3401 3750 oll'enderentur,
3441 3685 3538 3741 sed
3577 3694 3634 3740 et

2055 3799 2286 3853 corpora
2329 3799 2519 3838 eorum
2553 3780 2804 3836 melioris
2842 3788 3028 3834 essent
3062 3777 3425 3842 habitudinis,
3464 3793 3629 3846 quam

2055 3877 2311 3942 aliorum,
2357 3885 2414 3930 et
2467 3885 2693 3944 aspectu
2729 3873 3072 3944 pulchriora,
3110 3873 3252 3926 adeo
3298 3880 3359 3928 nt
3413 3873 3506 3941 qui
3539 3887 3637 3926 eos

2056 3970 2338 4030 videbant.
2380 3977 2639 4039 putarent
2673 3966 2954 4022 Danielem
2993 3965 3218 4035 quidem
3249 3976 3306 4020 et
3333 3975 3448 4019 tres
3497 3964 3637 4018 alios

2055 4064 2243 4119 vivere
2273 4063 2330 4118 in
2355 4061 2614 4117 omnibus
2643 4060 2878 4116 lautitiis
2909 4069 2968 4115 et
2995 4058 3212 4115 deliciis
3239 4075 3254 4114 :
3286 4056 3425 4112 alios
3447 4065 3631 4110 autem

2059 4170 2261 4227 pueros
2309 4155 2456 4211 vesci
2491 4155 2734 4224 parcius,
2765 4167 2869 4208 nec
2922 4152 3004 4208 eis
3034 4158 3331 4222 suppetere
3382 4165 3466 4215 ea,
3516 4163 3640 4220 quae

2059 4256 2189 4303 sunt
2221 4246 2289 4301 ad
2320 4260 2482 4301 usum
2503 4245 2836 4299 necessaria.

447 4523 524 4577 I".
563 4522 654 4590 Ἐξ
695 4523 910 4576 ἐκείνου
950 4523 1089 4592 μετὰ
1127 4521 1314 4586 ἀδείας
1352 4522 1380 4575 6
1417 4522 1690 4593 Ἀσχάνης
1720 4523 1822 4575 ὅσα
1859 4523 1947 4591 μὲι

2133 4519 2224 4573 ΙΙΙ.
2278 4517 2355 4572 Ex
2391 4518 2484 4571 illo
2528 4525 2796 4586 tempore,
2825 4529 2949 4568 cum
2997 4513 3329 4571 reverentia.
3362 4510 3643 4565 Aschanes

377 4615 490 4669 ἀπὸ
525 4613 624 4667 τοῦ
650 4614 872 4667 δείπνου
894 4612 1018 4667 καθ’
1046 4613 1261 4684 ἡμέραν
1293 4613 1540 4684 συνήθως
1583 4613 1801 4683 ἔπεμπε
1828 4612 1956 4667 τού-

374 4723 492 4770 τοις
535 4706 564 4758 6
596 4703 877 4774 βασιλεὺς,
901 4703 1066 4766 αὐτὸς
1102 4702 1431 4771 ἐλάμϐανεν,
1468 4702 1729 4771 ἐχορήγει
1771 4700 1828 4754 δέ
1863 4702 1961 4755 a6-

377 4801 490 4861 τοίς
515 4797 586 4849 τὰ
609 4795 992 4866 προειρημένα
1009 4811 1022 4824 ·
1057 4795 1105 4846 οἱ
1124 4794 1183 4847 δέ
1209 4795 1284 4857 ὡς
1313 4794 1408 4847 καὶ⁵
1431 4795 1542 4847 τῶν
1566 4792 1755 4864 ψυχῶν
1779 4792 1962 4855 αὐτοῖς

377 4891 468 4944 διὰ
500 4889 661 4942 τοῦτο
709 4886 971 4956 καθαρῶν
1010 4887 1106 4940 καὶ
1144 4886 1282 4956 πρὸς
1328 4886 1430 4956 τὴν
1473 4885 1582 4939 τῶν
1618 4884 1963 4956 μαθημάτων

380 4978 652 5047 ἀνάληψιν
677 4977 999 5047 ἐπιτηδείων
1027 4978 1091 5030 ἐκ
1116 4975 1310 5030 τούτου
1340 4977 1746 5046 γεγενημένων,
1780 4977 1963 5029 πᾶσαν

380 5073 618 5141 ἑτοίμως
653 5069 925 5141 ἐξέμαθον
965 5070 1066 5138 τὴν
1107 5066 1383 5133 παιδείαν,
1419 5069 1542 5137 ἥτις
1592 5063 1661 5138 ἦν
1706 5067 1860 5138 παρά
1902 5084 1962 5121 τε

377 5168 492 5228 τοῖς
537 5163 814 5232 Ἑϐραίοις
857 5163 952 5216 καὶ
989 5162 1102 5224 τοῖς
1138 5160 1453 5225 Χαλδαίοις,
1495 5159 1729 5230 μάλιστα
1762 5159 1819 5212 δὲ
1857 5159 1962 5212 Δα-

381 5253 528 5323 νιὴλ,
559 5251 619 5311 ὃς
655 5251 840 5314 ἱκανὸς
863 5250 964 5321 ἤδη
1002 5247 1134 5319 περὶ
1156 5247 1254 5318 τὴν
1290 5248 1573 5301 παίδευσιν
1606 5245 1845 5314 γεγονὼς
1873 5245 1966 5298 καὶ

385 5351 516 5419 περὶ
533 5345 770 5417 κρίσεως
793 5343 1020 5414 ὀνείρων
1051 5341 1402 5404 ἐσπουδάκει,
1421 5339 1517 5393 καὶ
1541 5339 1601 5392 τὸ
1633 5339 1785 5392 Θεῖον
1817 5336 1965 5406 αὐτῷ

387 5439 629 5510 φανερὸν
657 5436 900 5504 ἐγίνετοο
923 5437 1015 5489 ὑπ’
1046 5433 1214 5488 αὐτοῦ
1248 5452 1308 5487 τε
1335 5432 1678 5503 τυπούμενος
1718 5431 1816 5500 τὴν
1845 5430 1967 5483 διάη

386 5547 558 5586 νοιαν.
591 5529 764 5582 πολλὰ
798 5528 907 5581 τῶν
941 5527 1245 5598 μελλόντων
1287 5524 1536 5594 ἐναργῶς
1571 5524 1963 5594 προηγόρευεν.

389 5624 655 5693 Δεύτερον
686 5623 966 5694 παρῆλθεν
1003 5621 1122 5686 ἔτος
1145 5623 1242 5690 τῆς
1272 5621 1380 5674 τῶν
1412 5617 1803 5691 Ἰεροσολύμων
1831 5616 1968 5672 aie-

389 5733 552 5780 στως,
584 5716 678 5768 καὶ
712 5719 739 5768 6
770 5715 1023 5782 βασιλεὺς
1053 5712 1529 5782 Ναϐουχοδονόσορ
1557 5709 1690 5779 ὄναρ
1708 5712 1808 5780 ὁρᾷ
1839 5710 1970 5762 θαυ-

393 5806 622 5874 μαστὺν,
646 5804 706 5863 οὗ
741 5807 840 5872 τὴν
865 5806 1090 5859 ἔκϐασιν
1125 5809 1265 5858 κατὰ
1295 5804 1420 5868 τοὺς
1451 5802 1652 5864 ὕπνους
1679 5802 1840 5864 αὐτὸς
1872 5799 1968 5852 αύ-

2060 4626 2402 4683 quaecunque
2435 4609 2661 4679 quidem
2685 4623 2715 4662 e
2747 4621 2845 4662 sua
2877 4621 3055 4670 ctena,
3085 4615 3146 4659 ut
3173 4603 3404 4666 solebat,
3428 4602 3496 4656 ad
3513 4617 3642 4656 eum

2060 4703 2314 4759 mittebat
2333 4719 2425 4757 rex
2445 4702 2560 4772 ipse
2577 4698 2881 4769 accipiebat
2901 4713 3052 4763 :qua:
3070 4697 3324 4766 praedicta
3339 4704 3467 4749 sunt
3483 4709 3637 4758 vero,

2062 4795 2144 4851 eis
2164 4793 2577 4864 suppeditabat.
2603 4791 2682 4845 Illi
2703 4799 2908 4853 autem,
2951 4797 3140 4858 utpote
3161 4787 3308 4857 quod
3331 4786 3414 4840 eis
3443 4786 3644 4840 animae

2064 4897 2355 4958 propterea
2376 4891 2670 4940 evaserant
2690 4882 2910 4936 mundae
2932 4893 2989 4936 et
3015 4889 3155 4950 apta:
3168 4879 3236 4934 ad
3259 4877 3646 4947 suscipiendas

2065 4978 2410 5048 disciplinas,
2439 4991 2659 5031 omnem
2707 4975 2820 5029 cito
2871 4972 3118 5028 didicere
3171 4970 3641 5034 doctrinam,tam

2066 5087 2190 5141 quae
2249 5080 2369 5125 erat
2414 5067 2560 5139 apud
2612 5066 2892 5129 Hebraeos,
2947 5079 3112 5133 quam
3151 5077 3272 5133 quae
3306 5059 3450 5131 apud
3481 5059 3644 5116 Chal-

2067 5163 2213 5217 daeos
2251 5178 2266 5214 ι
2309 5160 2544 5213 maxime
2580 5172 2714 5211 vero
2753 5154 2970 5216 Daniel,
3022 5153 3114 5221 qui
3165 5167 3290 5207 cum
3319 5150 3438 5220 jam
3497 5157 3646 5204 esset

2068 5256 2204 5308 satis
2252 5251 2507 5306 doctrina
2547 5255 2861 5318 provectus,
2891 5244 3136 5299 studium
3185 5257 3406 5314 quoque
3439 5255 3645 5312 posue-

2070 5354 2155 5399 rat
2203 5343 2256 5398 in
2308 5341 2522 5413 judicio
2554 5338 2896 5395 somniorum
2927 5354 2941 5390 :
2967 5336 3131 5405 eique
3169 5336 3312 5389 Deus
3351 5331 3647 5386 manifeste

2068 5435 2407 5506 apparebat:
2442 5447 2472 5486 a
2505 5446 2617 5500 quo
2639 5444 2764 5484 cum
2800 5428 2920 5499 ejus
2950 5442 3106 5481 mens
3140 5424 3552 5486 informaretur,
3576 5437 3648 5477 ex

2071 5527 2273 5581 futuris
2297 5525 2469 5578 multa
2507 5521 2796 5576 evidenter
2835 5518 3109 5589 prmdixit.
3145 5514 3434 5593 Secundus
3467 5525 3650 5568 annus

2071 5619 2434 5689 praeterierat,
2470 5630 2537 5668 ex
2579 5628 2690 5684 quo
2743 5621 2901 5681 capta
2967 5609 3186 5673 fuerant
3242 5604 3645 5689 Hierosolyma,

2073 5687 2128 5762 et
2152 5725 2247 5763 rex
2283 5705 2792 5760 Nabuchodonosor
2811 5700 3085 5753 somnium
3119 5698 3266 5750 videt
3301 5687 3644 5748 admirabile.

2075 5800 2233 5869 cujus
2263 5805 2522 5853 eventum
2550 5795 2605 5848 in
2623 5790 2833 5848 somnis
2875 5791 2991 5861 ipse
3025 5789 3168 5844 Deus
3209 5789 3258 5843 ei
3289 5783 3652 5857 signiﬁcavit,
