3994 6482
341 373 447 434 3ῗὸ

1645 372 1934 432 MENSIS
1973 371 2276 437 IULIUS.

3493 363 3598 427 376

343 485 438 539 Ille
461 493 644 538 autem
665 497 791 538 cum
811 485 1140 539 surrexisset
1166 499 1195 538 e
1215 484 1410 550 cubili,
1435 494 1492 540 et
1516 484 1692 554 ipsius
1715 485 1915 539 somnii

2029 483 2097 552 τῷ
2136 483 2408 553 ἐδήλωσεν
2439 485 2468 536 6
2499 483 2630 546 Θεός
2653 495 2668 513 ·
2707 484 2735 535 6
2788 481 2846 535 δέ
2895 481 2994 549 τῆς
3047 479 3237 546 κοίτης
3278 476 3597 536 διαναστὰς,

343 583 429 632 est
460 576 688 641 oblitus,
713 585 770 631 et
805 575 972 640 illius,
1003 592 1166 646 quam
1203 592 1233 628 a
1286 579 1396 632 Deo
1452 576 1671 644 habuit,
1719 578 1913 646 conjec

344 677 536 725 cturae.
571 668 842 722 Chaldaeis
873 683 1006 739 ergo
1040 669 1294 736 protinus
1332 671 1637 734 accersitis,
1677 680 1786 724 tam
1817 669 1913 740 qui

342 767 503 813 erant
539 759 684 812 inter
719 772 908 827 magos
938 759 1148 822 eximii,
1184 775 1348 828 quant
1377 760 1471 828 qui
1507 760 1671 828 periti
1695 759 1915 813 divina-

343 848 532 910 tionis,
560 846 702 900 dixit
736 847 820 900 eis
847 861 905 901 se
937 847 1139 902 vidisse
1158 850 1461 912 somnium,
1487 858 1544 904 et
1577 849 1710 919 quid
1739 849 1917 920 signi-

343 936 592 989 licaverit
621 953 633 989 :
657 950 824 1003 porro
849 937 1142 1003 accidisse,
1170 947 1229 992 ut
1249 955 1440 993 eorum
1463 939 1912 1004 oblivisceretur,

341 1041 463 1094 quae
501 1025 715 1081 viderat
747 1046 760 1082 :
794 1028 1214 1098 etjubebateos
1243 1031 1426 1085 dicere
1451 1033 1727 1101 quodnam
1770 1042 1917 1087 esset

341 1117 639 1181 somnium,
675 1129 732 1172 et
791 1136 1040 1189 quaenam
1073 1131 1220 1176 esset
1254 1123 1599 1190 signiﬁcatio.
1649 1125 1761 1179 Illis
1785 1139 1917 1178 vero

343 1199 655 1261 dicentibus
691 1207 807 1263 ﬁeri
858 1225 968 1263 non
1006 1227 1165 1279 posse
1212 1211 1280 1266 ab
1330 1213 1671 1278 hominibus,
1700 1225 1760 1268 ut
1809 1215 1914 1268 nisi

342 1297 459 1367 ipse
511 1302 860 1370 exposuisset
929 1303 1222 1368 visionem,
1254 1307 1629 1375 conjecturam
1662 1308 1918 1361 enuntia-

342 1401 469 1446 rent
502 1409 516 1444 :
549 1393 669 1462 ipse
709 1405 948 1450 mortem
991 1397 1236 1451 minatus
1287 1408 1371 1454 est
1414 1401 1777 1469 sapientibus,
1809 1401 1914 1456 nisi

340 1481 393 1535 ei
421 1490 478 1536 et
511 1483 780 1539 visionem
817 1497 1138 1543 revocarent
1173 1489 1226 1543 in
1267 1491 1609 1556 memoriam,
1649 1502 1705 1546 et
1731 1494 1919 1564 conje-

343 1583 557 1628 cturam
611 1577 775 1631 simul
822 1581 1195 1636 enuntiarent.
1252 1582 1320 1637 Et
1370 1585 1554 1639 statim
1604 1586 1770 1656 jussit
1822 1601 1919 1641 eos

345 1679 537 1721 omnes
567 1668 835 1738 interimi,
863 1687 986 1727 cum
1050 1676 1505 1744 pronuntiassent
1538 1692 1597 1732 se
1629 1694 1737 1733 non
1757 1694 1917 1749 posse

344 1756 524 1813 facere
549 1760 626 1821 id,
655 1764 801 1832 quod
830 1765 966 1835 jussi
995 1767 1228 1821 fuerant.

2017 572 2184 626 αὐτοῦ
2221 590 2279 625 τε
2307 573 2402 627 106
2430 575 2713 644 ὀνείρατος
2742 572 2912 644 λήθην
2947 571 3073 640 ἔσχε
3097 571 3192 623 καὶ
3225 564 3292 642 ἦς
3319 569 3480 636 ἔτυχε
3504 564 3599 632 δή·

2017 681 2123 717 που
2145 664 2295 736 παρὰ
2323 664 2460 718 Θεοῦ
2489 667 2587 735 τῆς
2616 665 2980 735 συγκρίσεως.
3007 663 3146 724 Τοὺς
3173 659 3266 714 οὖν
3295 655 3601 716 Χαλδαίους

2017 758 2220 814 αὐτίκα
2245 774 2379 828 μετα
2391 756 2772 827 μεμψάμενος,
2804 755 2919 808 ὅσοι
2941 770 3000 806 τε
3027 751 3138 806 τῶν
3167 751 3359 820 μάγων
3388 746 3602 816 ἐξαίρεο

2018 867 2100 904 τοι
2146 851 2239 903 καὶ
2267 850 2383 902 ὅσοι
2411 847 2509 919 τὴν
2545 847 2813 918 μαντικὴν
2844 844 3122 915 ἔμπειροι,
3152 843 3229 901 ὡς
3259 842 3344 910 εῖη
3376 855 3438 891 τε
3463 838 3601 906 δναρ

2019 941 2285 1013 ἑωρακὼς
2315 942 2500 1004 αὐτοῖς
2531 940 2714 1008 ἔλεγεν
2741 940 2837 992 καὶ
2865 939 2926 991 τὸ
2954 933 3303 1006 συμϐεϐηκὸς
3335 931 3465 1001 περὶ
3497 931 3600 998 τὴν

2018 1035 2192 1105 λήθην
2221 1033 2296 1096 ὡς
2327 1029 2468 1085 εἶδεν
2499 1028 2876 1100 ἀπήγγελλενο
2923 1025 3140 1080 ἐκέλευέ
3186 1040 3243 1077 τε
3283 1023 3460 1090 λέγειν
3506 1019 3608 1072 αύ-

2019 1132 2166 1195 τοὺς,
2205 1130 2233 1183 ὅ
2253 1146 2306 1184 τι
2338 1149 2396 1184 τε
2426 1127 2494 1202 ἦν
2524 1131 2586 1183 τὺ
2613 1129 2746 1198 δναρ
2773 1127 2870 1181 καὶ
2891 1126 2974 1189 τίς
3010 1127 3044 1195 ἡ
3091 1122 3322 1193 δήλωσις
3346 1135 3362 1150 ·
3394 1118 3503 1172 τῶν
3546 1117 3606 1169 δὲ

2020 1223 2283 1277 ἀδύνατον
2324 1220 2468 1278 εἶναι
2517 1224 2787 1292 λεγόντων
2818 1218 3150 1289 ἀνθρώποις,
3194 1215 3242 1268 εί
3290 1213 3365 1285 μὴ
3394 1212 3463 1266 τά
3498 1210 3607 1280 τῆς

2019 1317 2265 1387 ὁράσεως
2288 1317 2474 1380 αὐτοῖς
2486 1315 2720 1379 ἐκθοιτο,
2748 1313 2849 1384 τὴν
2879 1311 3171 1380 σύγκρισιν
3199 1303 3569 1374 ἀπαγγέλλειν
3589 1319 3603 1333 ·

2022 1408 2184 1471 αὐτὸς
2211 1407 2441 1462 θάνατον
2465 1406 2683 1478 ἠπείλει
2706 1407 2819 1468 τοῖς
2847 1403 2976 1473 περὶ
3003 1400 3176 1456 ταῦτα
3205 1400 3408 1466 σοφοῖς,
3445 1398 3494 1448 εί
3529 1396 3610 1466 μὴ

2023 1501 2119 1553 καὶ
2143 1499 2240 1569 τὴν
2261 1498 2570 1568 ἀνάμνησιν
2604 1496 2754 1567 αύτῷ
2783 1495 2876 1548 106
2899 1495 3181 1564 ὁράματος
3212 1490 3309 1543 καὶ⁵
3339 1488 3438 1559 τὴν
3471 1488 3606 1556 σύγε

2022 1607 2202 1661 κρισιν
2218 1589 2352 1660 ὁμοῦ
2377 1589 2753 1658 διαγγείλωσι,
2790 1589 2886 1640 καὶ
2911 1585 3075 1647 εὐθὺς
3106 1581 3442 1652 προσέταττε
3465 1582 3610 1634 πάν-

2022 1698 2122 1744 τας
2144 1680 2344 1743 αὐτοὺς
2365 1680 2721 1752 ἀναιρεθῆναι
2747 1676 2885 1749 πρὸς
2918 1676 2979 1728 τὸ
3003 1673 3296 1729 κελευσθὲν
3325 1671 3610 1732 ἀδυνάτως

2024 1772 2112 1844 ἔχε
2124 1791 2173 1826 ιν
2204 1771 2721 1843 ἀπαγορεύσαντας.

415 1849 503 1903 IV.
535 1851 672 1906 Cum
707 1855 811 1910 hoc
842 1858 1203 1914 intellexisset
1237 1861 1446 1924 Daniel,
1475 1862 1705 1932 jussisse
1731 1879 1912 1934 regem

2054 1839 2170 1920 "A'.
2205 1839 2378 1918 Τοῦτο
2395 1839 2591 1934 ⁷μαθὼν
2613 1863 2839 1932 Δανιὴλ,
2869 1862 2953 1915 δτι
2982 1857 3309 1931 προστάξειε
3340 1854 3550 1916 πάντας
3574 1853 3609 1905 6

345 1956 538 1996 omnes
569 1945 748 2000 occidi
773 1949 1077 2017 sapientes,
1103 1953 1246 2005 inter
1278 1953 1380 2007 hos
1406 1966 1588 2009 autctn
1616 1971 1674 2008 se
1699 1972 1918 2025 quoque

345 2047 468 2085 cum
488 2039 739 2104 cognatis
760 2039 948 2095 venire
964 2041 1016 2094 in
1037 2043 1366 2110 periculum,
1391 2046 1606 2100 accedit
1626 2047 1692 2100 ad
1717 2047 1918 2101 Arioch

348 2140 518 2180 unum
547 2142 614 2181 ex
669 2130 814 2200 regis
845 2132 1198 2199 satellitibus,
1249 2145 1307 2190 et
1357 2145 1532 2206 rogat,
1580 2139 1716 2191 utei
1771 2137 1920 2192 dit-at

348 2229 591 2284 causam,
619 2228 848 2290 propter
875 2239 1040 2291 quam
1073 2241 1169 2280 rex
1220 2236 1327 2280 tam
1362 2227 1611 2296 improbe
1662 2230 1921 2300 jussisset

347 2307 525 2361 occidi
560 2324 754 2366 omnes
807 2314 1084 2383 sapientes
1131 2316 1418 2372 Chaldaeos
1450 2330 1505 2374 et
1539 2334 1747 2389 magos.
1781 2321 1918 2375 Cum

345 2413 479 2453 vero
514 2399 582 2455 de
617 2404 830 2459 somnio
865 2421 930 2460 ex
961 2423 1028 2461 eo
1068 2408 1454 2474 intellexisset,
1482 2420 1538 2465 et
1579 2413 1726 2481 quod
1779 2413 1918 2483 jussi

345 2504 376 2543 a
409 2506 536 2562 rege
558 2493 664 2548 hoc
685 2496 735 2550 ei
767 2496 1068 2566 declarare,
1090 2503 1182 2569 qui
1208 2503 1388 2557 fuerat
1413 2503 1642 2573 oblitus,
1664 2505 1922 2561 dixerunt

345 2595 406 2637 se
458 2599 568 2638 non
603 2601 765 2655 posse
799 2604 814 2641 :
846 2597 903 2644 et
945 2600 1236 2661 propterea
1285 2609 1378 2647 rex
1436 2594 1519 2649 ira
1577 2605 1794 2662 motus,
1823 2611 1922 2651 eos

348 2679 524 2726 morte
555 2673 882 2731 damnavit:
945 2678 1158 2748 rogavit
1193 2678 1414 2745 Arioch,
1452 2692 1512 2737 ut
1563 2682 1796 2737 intraret
1851 2681 1918 2736 ad

345 2777 553 2832 regem,
586 2774 643 2820 et
694 2775 909 2837 peteret
941 2771 1116 2841 magis
1170 2788 1334 2826 unam
1371 2783 1608 2838 noctem,
1638 2783 1696 2830 et
1749 2774 1802 2828 in
1856 2790 1920 2832 ea

347 2851 490 2908 hanc
541 2854 794 2913 diﬂ‘erret
827 2859 1330 2930 interemptionem.
1398 2865 1628 2920 Dicebat
1677 2867 1826 2920 enim
1861 2883 1922 2924 se

345 2960 570 3014 sperare
617 2949 736 3004 fore
765 2961 825 3007 ut
851 2967 976 3008 cum
1005 2954 1060 3009 in
1083 2971 1146 3010 ea
1173 2957 1345 3011 Deum
1378 2967 1612 3023 orasset,
1641 2960 1920 3014 somnium

345 3049 726 3105 cognosceret.
751 3041 819 3096 Et
854 3043 943 3099 ille
963 3046 1185 3115 quidem
1219 3048 1335 3104 haac
1359 3050 1470 3119 regi
1494 3067 1656 3120 quam
1683 3052 1921 3121 primum

349 3129 712 3187 renuntiavit.
767 3133 862 3189 Ille
907 3146 1090 3192 autem
1144 3141 1376 3211 cupiens
1438 3144 1606 3210 scire,
1664 3160 1915 3214 quaenam

343 3228 494 3274 esset
524 3221 684 3287 visio,
716 3234 770 3280 et
793 3241 1042 3296 quaenam
1078 3243 1226 3288 esset
1251 3235 1370 3304 ejus
1391 3233 1742 3305 signiﬁcatio,
1765 3237 1924 3308 jubet

346 3311 608 3369 sustineri
650 3330 933 3387 magorum
960 3321 1463 3396 iuteremptionem,
1507 3328 1683 3386 donec
1733 3333 1922 3396 sciret,

349 3403 614 3472 quidnam
642 3408 888 3468 dicturus
935 3427 1081 3472 esset
1137 3419 1348 3486 Daniel,
1388 3430 1444 3475 et
1475 3438 1724 3492 quaenam
1777 3433 1926 3480 esset

348 3497 470 3566 eius
519 3499 715 3557 virtus.
753 3503 853 3560 Hic
891 3521 1022 3578 ergo
1053 3510 1247 3566 beatus
1282 3527 1406 3567 cum
1441 3523 1554 3569 tota
1602 3523 1764 3571 nocte
1797 3533 1922 3572 cum

348 3592 595 3660 cognatis
618 3595 684 3650 ad
723 3611 782 3652 se
813 3602 1155 3668 secessisset,
1189 3612 1303 3660 tota
1358 3617 1519 3663 nocte
1552 3608 1665 3665 Deo
1717 3613 1928 3682 suppli-

349 3685 515 3750 cavit,
549 3696 608 3741 ut
630 3705 816 3761 magos
841 3705 1167 3752 servaretet
1219 3698 1526 3766 Chaldaaos,
1557 3718 1682 3758 cum
1722 3705 1927 3774 quibus

350 3773 467 3844 ipse
495 3793 715 3851 quoque
753 3783 918 3840 simul
947 3797 1067 3842 erat
1101 3791 1403 3858 periturus,
1452 3802 1509 3848 ct
1552 3773 1819 3850 liberaret
1856 3796 1926 3850 ab

349 3865 429 3921 ira
495 3872 660 3942 regis,
718 3878 1017 3945 aperiendo
1039 3881 1090 3936 ei
1143 3883 1435 3948 visionem,
1469 3886 1626 3956 cujus
1671 3883 1764 3941 rex
1808 3897 1928 3943 erat

348 3961 576 4020 oblitus.
612 3965 756 4022 Deus
793 3978 980 4025 autem
1004 3973 1168 4028 simul
1209 3986 1262 4030 et
1296 3977 1560 4034 misertus
1582 3993 1776 4034 eorum
1827 3981 1922 4049 qui

347 4065 507 4111 erant
537 4057 594 4111 in
627 4060 894 4124 periculo,
923 4072 980 4118 et
1009 4065 1203 4120 volens
1239 4083 1401 4123 suum
1429 4070 1757 4139 prophetam
1802 4071 1928 4125 red-

350 4143 484 4201 dere
518 4145 844 4215 gloriosum,
878 4153 929 4206 ei
983 4155 1257 4224 signiﬁcat
1305 4160 1605 4225 somnium,
1646 4170 1704 4216 et
1749 4163 1929 4232 aperit

350 4235 726 4304 conjecturam
760 4257 774 4292 :
815 4251 872 4295 et
901 4257 1024 4296 cum
1052 4247 1312 4312 protinus
1349 4249 1540 4305 Daniel
1573 4250 1692 4306 haec
1718 4251 1928 4321 Arat-ise

351 4333 406 4378 et
430 4326 645 4381 caeteris
689 4331 1018 4399 aperuisset,
1047 4349 1162 4401 eos,
1195 4338 1289 4406 qui
1317 4341 1444 4393 vitae
1491 4356 1645 4409 spem
1700 4343 1925 4414 abjece-

350 4425 496 4483 rant,
519 4427 577 4474 et
607 4419 662 4477 in
700 4434 936 4479 mortem
970 4441 1124 4481 suam
1178 4430 1483 4487 deﬁxerant
1513 4434 1923 4503 cogitationem,

2025 1955 2280 2026 βασιλεὺς
2312 1956 2608 2010 ἀποθανεῖν
2647 1955 2774 2019 τοὺς
2813 1953 3033 2022 σοφοὺς,
3074 1953 3131 2004 ἐν
3157 1950 3370 2010 τούτοις
3407 1947 3464 2000 δὲ
3509 1945 3610 1999 καὶ

2023 2048 2185 2101 αὑτὸν
2227 2047 2368 2118 μετά
2419 2047 2528 2100 τῶν
2589 2045 2868 2114 συγγενῶν
2925 2040 3283 2105 κινδυνεύειν,
3319 2038 3612 2107 πρόσεισιν

2036 2139 2235 2209 Ἀριὼχ
2265 2138 2344 2208 τῷ
2379 2139 2476 2193 106
2513 2136 2782 2208 βασιλέως
2827 2132 3258 2210 σωματοφύλακι
3297 2131 3391 2183 καὶ
3433 2128 3610 2182 δεῖται

2023 2233 2155 2302 παρ’
2183 2230 2347 2284 αὑτοῦ
2380 2229 2480 2300 τὴν
2515 2229 2698 2284 αἰτίαν
2735 2228 2950 2298 μαθεῖν,
2987 2224 3054 2277 δι’
3081 2225 3148 2295 ἥν
3183 2222 3328 2277 οὕτω
3361 2219 3549 2283 κακῶς
3577 2223 3610 2274 ὁ

2026 2321 2283 2392 βασιλεὺς
2311 2323 2524 2382 πάντας
2549 2319 2634 2389 εῐη
2701 2316 2967 2380 κελεύσας
2988 2315 3342 2386 ἀναιρεθῆναι
3368 2311 3491 2372 τοὺς
3517 2327 3612 2363 σο-

2025 2411 2160 2482 φούς
2191 2428 2252 2464 τε
2287 2412 2384 2465 καὶ
2411 2407 2716 2470 Χαλδαίους
2751 2407 2848 2461 καὶ
2881 2406 3094 2476 μάγους
3116 2421 3131 2435 ο
3165 2405 3261 2458 καὶ
3307 2400 3494 2473 μαθὼν
3533 2401 3610 2454 τὰ

2026 2504 2158 2574 περὶ
2196 2503 2290 2556 106
2326 2501 2580 2556 ἐνυπνίου
2636 2500 2734 2554 καὶ
2779 2501 2862 2552 ὅτι
2923 2496 3313 2558 κελευσθέντες
3359 2493 3464 2549 ὑπὸ
3509 2492 3610 2545 106

2026 2595 2290 2666 βασιλέως
2322 2593 2467 2647 τοῦτ’
2491 2592 2640 2663 αὐτῷ
2665 2590 2858 2661 δηλοῦν
2887 2586 3318 2659 ἐπιλελησμένον
3343 2585 3421 2654 μὴ
3442 2585 3607 2639 δύνα-

2027 2687 2154 2742 σθαι
2179 2683 2367 2740 εἷπονο
2397 2686 2493 2738 καὶ
2519 2684 2606 2738 διὰ
2629 2681 2806 2736 ταῦτα
2837 2682 2974 2751 πρὶς
3008 2679 3180 2751 ὀργὴν
3212 2676 3476 2748 κινηθεὶς,
3505 2675 3608 2730 θά-

2024 2798 2185 2835 νατον
2217 2779 2396 2834 αὐτῶν
2428 2778 2776 2848 κατακρίνοι,
2795 2776 2951 2844 ἠξίου
2976 2774 3070 2828 τὸν
3107 2771 3312 2844 Ἀριὼχ
3338 2768 3614 2823 εἰσελθόν-

2023 2890 2092 2928 τα
2122 2872 2260 2942 πρδς
2287 2871 2380 2924 τὸν
2409 2870 2638 2940 βασιλέα
2667 2867 2795 2939 μίαν
2812 2864 3140 2936 αἰτήσασθαι
3159 2865 3332 2918 νύκτα
3351 2864 3462 2925 τοῖς
3496 2861 3611 2930 μά-

2025 2983 2146 3036 γοις
2176 2964 2461 3034 καὶταύτῃ
2484 2961 2583 3032 τὴν
2607 2961 2888 3031 ἀναίρεσιν
2912 2959 3158 3027 ἐπισχεῖν
3174 2974 3188 2989 ο
3219 2955 3463 3016 ἐλπίζειν
3493 2956 3608 3024 γὰρ

2023 3057 2114 3112 διὰ
2140 3056 2368 3124 ταύτην,
2397 3053 2625 3122 ἔφασκε,
2656 3050 2870 3122 δεηθεὶς
2901 3048 2995 3104 τοῦ
3017 3046 3176 3112 θεοῦ,
3207 3047 3512 3116 γνώσεσθαι
3545 3049 3611 3097 τὸ

2028 3147 2312 3210 ἐνύπνιον,·
2340 3146 2432 3198 καὶ
2465 3145 2494 3196 6
2535 3143 2635 3213 μὲν
2679 3141 2822 3195 κατὰ
2861 3143 3025 3211 τάχος
3069 3137 3384 3210 ἀπήγγελλε
3431 3136 3611 3190 ταῦτα

2029 3241 2108 3311 τῷ
2137 3238 2351 3310 βασιλεῖ
2370 3254 2382 3268 ’
2412 3239 2440 3290 6
2475 3236 2532 3290 δὲ
2565 3234 2760 3306 μαθεῖν
2790 3234 2896 3305 ἄρα
2922 3233 3267 3304 γλιχόμενος,
3301 3230 3384 3294 τίς
3423 3231 3456 3302 ὴ
3485 3229 3612 3298 ὖψις

2030 3334 2126 3388 καὶ
2151 3332 2235 3396 τίς
2266 3329 2470 3400 ταύτης
2511 3331 2544 3401 ἡ
2583 3327 2895 3398 σύγκρισις,
2937 3326 3150 3380 κελεύει
3197 3325 3299 3396 τὴν
3328 3323 3614 3396 ἀναίρεσιν

2027 3423 2139 3478 τῶν
2199 3421 2391 3494 μάγων
2441 3420 2821 3490 ἐπισχεθῆναι,
2857 3419 2960 3482 ἐως
2998 3419 3131 3488 γνῷ,
3172 3417 3317 3478 τίνες
3366 3417 3415 3469 oi
3457 3415 3613 3482 λόγοι

2029 3516 2123 3570 τοῦ
2147 3514 2367 3585 Δανιὴλ,
2394 3514 2485 3567 καὶ
2516 3513 2599 3576 τίς
2627 3513 2693 3566 ἂν
2727 3515 2760 3583 ἡ
2794 3512 2925 3582 παρ’
2957 3513 3142 3572 αὐτοῖς
3166 3511 3252 3580 εῖη
3269 3509 3519 3577 δύναμις.
3549 3507 3615 3561 '0

2032 3608 2302 3678 μακάριος
2339 3601 2492 3668 0610;
2529 3605 2710 3658 τοίνυν
2749 3604 2885 3668 μετά
2921 3602 3029 3656 τῶν
3067 3601 3346 3670 συγγενῶν
3389 3601 3613 3670 ὑποχω-

2030 3701 2204 3772 ρήσας
2237 3698 2376 3768 πρὸς
2405 3698 2618 3762 ἐαυτὸν,
2652 3697 2721 3750 δι’
2751 3696 2880 3763 ὅλης
2915 3695 3126 3749 ἱκέτευε
3165 3695 3264 3763 τῆς
3291 3693 3486 3754 νυκτὸς
3514 3695 3614 3744 τὸν

2029 3791 2186 3855 Θεὸν,
2223 3789 2394 3842 σῶσαι
2423 3788 2519 3842 καὶ
2555 3786 2684 3849 τοὺς
2728 3784 2938 3855 μάγους
2982 3783 3076 3836 καὶ
3125 3782 3251 3844 τοὺς
3282 3777 3610 3841 Χαλδαίους,

2028 3877 2111 3947 οἷς
2147 3883 2212 3953 δὴ
2243 3882 2338 3935 καὶ
2366 3879 2531 3942 αὐτὸς
2561 3877 2746 3949 μέλλει
2773 3875 3192 3940 συναπολέσθαι,
3212 3871 3306 3926 καὶ
3340 3869 3612 3940 ῥύσασθαι

2029 3975 2127 4043 τῆς
2161 3972 2256 4027 106
2280 3971 2547 4044 βασιλέως
2567 3969 2738 4040 ὀργῆς
2765 3966 3146 4037 ἐμφανίσαντα
3178 3963 3278 4034 τὴν
3305 3961 3427 4030 ὄψιν
3458 3957 3616 4030 αὐτῷ

2029 4067 2127 4122 καὶ
2156 4068 2460 4134 ποιήσαντα
2485 4061 2672 4132 δήλην,
2705 4055 2776 4134 ἦς
2817 4059 2847 4112 ό
2888 4056 3143 4128 βασιλεὺς
3191 4053 3544 4123 ἐπιλέληστοο
3583 4054 3618 4106 ὁ

2030 4159 2087 4214 δὲ
2121 4157 2254 4220 Θεὸς
2290 4155 2410 4226 ἃμα
2441 4155 2571 4217 τούς
2600 4170 2660 4206 τε
2693 4151 3106 4210 κινδυνεύοντας
3133 4147 3362 4216 ἐλεήσας
3395 4145 3490 4198 καὶ
3516 4142 3615 4198 τὸν

2032 4251 2198 4305 αὐτοῦ
2229 4250 2520 4321 προφήτην
2554 4244 2777 4310 δοξάσαι
2808 4243 3152 4313 βουλόμενος,
3175 4239 3238 4292 τό
3259 4256 3320 4297 τε
3341 4239 3475 4309 ὄναρ
3503 4237 3614 4290 αὐ-

2031 4343 2107 4414 τῷ
2129 4341 2388 4411 γνωρίζει
2411 4340 2504 4393 καὶ
2532 4337 2602 4392 τὰ
2627 4336 2728 4406 τῆς
2765 4335 3107 4404 συγκρίσεως
3129 4331 3264 4402 δῆλα
3287 4331 3610 4400 παρίστησι⁹

2031 4437 2125 4489 καὶ
2147 4433 2345 4505 Δανιὴλ
2372 4431 2535 4494 εὐθὺς
2572 4429 2747 4483 ταῦτα
2775 4431 2887 4490 τοῖς
2920 4424 3050 4495 περὶ
3091 4423 3350 4493 Ἀζαρίαν
3379 4420 3619 4476 ἐκκαλύ-

351 4510 610 4570 immutat
653 4523 709 4571 et
749 4515 928 4574 reddit
987 4519 1224 4577 laetiores
1253 4531 1308 4576 et
1368 4524 1555 4581 animo
1606 4527 1922 4584 alacriores.

2033 4527 2165 4596 ψας,
2196 4524 2324 4588 τοὺς
2358 4521 2459 4593 μὲν
2487 4517 2880 4587 ἀπεγνωκότας
2919 4516 3021 4586 ἤδη
3065 4513 3159 4568 106
3202 4514 3300 4583 ζῇν
3344 4513 3438 4566 καὶ
3471 4512 3616 4581 πρὸς

423 4785 486 4840 ν.
514 4784 652 4840 Cum
677 4785 790 4841 Deo
824 4795 1008 4844 autem
1041 4805 1176 4862 cum
1211 4791 1294 4847 eis
1328 4792 1531 4864 egisset
1577 4795 1801 4864 gratias,
1833 4797 1928 4866 qui

351 4878 612 4934 misertus
641 4877 823 4935 fuerat
851 4896 1044 4936 eorum
1075 4885 1274 4947 aetatis,
1299 4895 1358 4940 et
1385 4897 1532 4941 esset
1553 4887 1692 4949 dies,
1715 4889 1931 4944 accedit

2037 4618 2099 4672 τὸ
2127 4614 2384 4670 τεθνάναι
2417 4612 2515 4683 τὴν
2547 4609 2788 4666 διάνοιαν
2829 4607 3064 4678 ἔχοντες,
3101 4607 3182 4668 είς
3215 4604 3277 4658 τὸ
3311 4601 3614 4672 εὐθυμότε-

2041 4726 2133 4781 ρον
2165 4704 2516 4777 μεταϐάλλει.

2106 4801 2182 4858 E'.
2224 4799 2641 4871 Εὐχαριοτὴσας
2689 4795 2747 4850 δέ
2797 4794 2876 4865 τῷ
2919 4792 3038 4863 Θεῷ
3091 4789 3208 4862 μετ’
3235 4788 3416 4844 αὐτῶν
3463 4786 3618 4840 ἔλεον

2033 4893 2252 4947 λαϐόντι
2271 4892 2368 4960 τῆς
2391 4890 2610 4959 ἡλικίας
2638 4887 2840 4951 αὐτῶν,
2865 4882 3160 4954 γενομένης
3182 4880 3395 4952 ἡμέρας
3428 4896 3615 4946 παρα-

349 4971 420 5026 ad
446 4971 674 5039 Arioch,
699 4983 754 5029 et
777 4985 950 5045 rogat,
989 4986 1048 5031 ut
1075 4993 1202 5031 eum
1236 4978 1402 5034 ducat
1431 4981 1499 5034 ad
1533 4995 1740 5049 regem.
1782 4981 1922 5036 Dixit

2035 4987 2247 5055 γίνεται
2304 4983 2442 5052 πρὸς
2487 4983 2579 5036 τὸν
2619 4977 2823 5050 Ἀριὼχ
2881 4978 2977 5030 atati.
3033 4976 3187 5044 άγειν
3241 4971 3403 5026 αὑτὸν
3457 4969 3618 5038 ἠξίου

350 5064 522 5130 enim,
549 5080 607 5120 se
632 5066 683 5121 ei
709 5068 849 5122 velle
879 5070 1157 5124 somnium
1188 5071 1522 5141 signiﬁcare,
1555 5073 1702 5142 quod
1739 5074 1791 5128 ei
1839 5089 1930 5128 ac-

353 5158 487 5212 cidit
512 5167 571 5212 ut
620 5172 782 5216 nocte
828 5162 1040 5219 videret
1087 5165 1387 5234 praeterita.
1446 5167 1731 5236 Ingressus
1773 5185 1928 5232 vero,

353 5254 590 5322 primum
629 5269 687 5308 se
721 5259 1024 5322 excusavit,
1060 5258 1254 5312 nolens
1283 5259 1408 5313 aliis
1440 5259 1716 5318 Chaldaeis
1753 5263 1926 5317 videri

351 5347 659 5416 sapientior
689 5364 702 5402 :
736 5357 793 5402 et
835 5349 982 5418 quod
1016 5364 1140 5404 cum
1175 5350 1360 5406 nullus
1409 5353 1627 5406 illorum
1658 5352 1930 5422 potuisset

351 5439 603 5494 invenire
627 5441 926 5506 somnium,
948 5441 1064 5510 ipse
1087 5442 1142 5495 id
1172 5451 1319 5498 esset
1345 5443 1616 5498 dicturus.
1639 5445 1759 5500 Non
1781 5444 1930 5499 enim

352 5547 451 5602 per
477 5533 898 5602 experientiam,
922 5549 1098 5604 neque
1129 5535 1276 5604 quod
1310 5535 1381 5590 sit
1410 5536 1718 5592 subtilioris
1762 5546 1818 5591 et
1842 5552 1928 5593 so-

353 5623 596 5678 lertioris
652 5623 879 5694 ingenii,
919 5625 1024 5680 hoc
1069 5626 1315 5681 accidit:
1347 5627 1440 5681 sed
1497 5628 1694 5692 nostri,
1730 5630 1927 5698 inquit,

354 5711 612 5772 misertus
634 5716 799 5782 Deus,
823 5721 918 5790 qui
945 5735 1271 5775 veneramus
1299 5719 1353 5775 in
1381 5721 1575 5776 mortis
1598 5723 1925 5790 periculum,

354 5807 491 5864 mihi
529 5825 627 5880 pro
669 5826 791 5867 mea
841 5813 1023 5868 anima
1053 5822 1354 5881 eteorum,
1387 5816 1480 5885 qui
1508 5825 1635 5871 sunt
1679 5815 1927 5885 ejusdem

2037 5079 2172 5152 πρὸς
2211 5075 2436 5150 βασιλέα
2457 5093 2470 5107 ·
2503 5073 2742 5145 δηλῶσαι
2775 5071 2883 5140 γὰρ
2919 5068 3067 5138 αὐτῷ
3112 5063 3400 5136 βούλεσθαι
3432 5065 3494 5117 τὸ
3525 5065 3620 5115 ἐν-

2038 5171 2226 5222 ύπνιον
2274 5168 2402 5236 ἔφη,
2447 5166 2587 5236 ὅπερ
2641 5163 2771 5216 ἰδεῖν
2825 5161 2926 5229 τῆς
2979 5156 3359 5230 παρελθούσης
3417 5155 3619 5217 νυκτὸς

2035 5262 2210 5331 τούτῳ
2241 5258 2610 5330 συμϐέϐηκεν.
2635 5252 2909 5308 Εἰσελθὼν
2933 5253 2990 5305 δὲ
3028 5251 3327 5321 παρῃτεῖτο
3357 5245 3428 5299 τά
3456 5243 3617 5314 πρῶ-

2035 5373 2124 5420 τα,
2161 5353 2235 5424 μὴ
2268 5349 2578 5420 σοφώτερον
2607 5347 2773 5401 αὐτὸν
2804 5345 2952 5409 δόξαι
2985 5343 3094 5396 τῶν
3126 5341 3302 5396 ἄλλων
3324 5337 3618 5392 Χαλδαίων

2039 5447 2384 5518 βουλόμενος,
2418 5443 2512 5496 καὶ
2543 5442 2625 5495 ὅτι
2659 5438 2887 5509 μηδενὸς
2916 5437 3141 5490 ἐκείνων
3165 5435 3225 5487 τὸ
3254 5434 3388 5501 όναρ
3427 5431 3618 5500 εὑρεῖν

2035 5540 2374 5609 δυνηθέντος,
2407 5535 2568 5598 αὐτὸς
2595 5532 2727 5586 αὐτὸ
2759 5531 2944 5601 μέλλοι
2983 5530 3162 5597 λέγειν
3182 5545 3197 5559 ·
3235 5527 3295 5578 οὐ
3328 5525 3435 5595 γὰρ
3486 5523 3616 5577 κατ’

2037 5631 2356 5702 ἐμπειρίαν,
2387 5627 2496 5680 οὐδ’
2525 5628 2605 5679 ὅτι
2636 5624 2732 5696 τὴν
2772 5623 3014 5676 διάνοιαν
3058 5621 3238 5674 αὐτῶν
3286 5616 3487 5687 μᾶλλον
3517 5617 3616 5670 ἐκ-

2039 5723 2364 5790 πεπόνηται,
2424 5717 2582 5772 10610
2634 5717 2864 5783 γίνεται,
2916 5715 3030 5768 ἀλλ’
3065 5713 3313 5783 ἐλεήσας,
3371 5708 3528 5779 φησὶ.
3591 5711 3620 5761 6

2041 5811 2171 5877 Θεδς
2207 5809 2612 5872 κινδυνεύοντας
2644 5807 2959 5877 ἀποθανεῖν,
2995 5803 3236 5876 δεηθέντι
3264 5801 3390 5875 περί
3419 5817 3473 5854 τε
3513 5801 3618 5870 τῆς

3397 6442 3432 6446 ι
3532 6441 3562 6446 ἡ
3647 6440 3658 6444 τ
3746 6440 3784 6446 ~—
3860 6441 3908 6448 -η
