3994 6420
246 351 348 416 3ῗ7

1268 361 1449 425 νιτΑ
1492 362 1555 424 S.
1599 361 2024 422 ΡΗΟΡΗΕΤιΕ
2067 363 2457 425 DANIELIS.

3376 323 3384 328 ’
3416 365 3525 427 373

244 467 385 538 ἐμῆς
422 463 604 535 ψυχῆς
656 463 754 521 καὶ
805 467 918 522 τῶν
970 467 1266 540 ὁμοεθνῶν,
1310 473 1408 524 καὶ
1449 469 1515 525 τὸ
1557 469 1692 544 δναρ
1741 472 1836 525 καὶ

1943 472 2138 543 gentis,
2172 471 2444 544 precanti,
2479 477 2537 527 et
2560 471 2839 528 somnium
2869 471 3088 542 aperuit
3117 481 3174 528 et
3202 475 3323 545 ejus
3351 489 3525 544 expo-

242 561 340 631 τὴν
395 559 682 629 σύγκρισιν
747 559 915 614 αὑτοῦ
1001 563 1243 632 φανερὰν
1325 562 1617 634 εποίησενο
1735 564 1833 634 οὐχ

239 647 407 722 ἦττον
433 651 540 720 γάρ
569 652 668 719 τῆς
695 652 784 720 ἐφ’
815 653 951 721 ἡμῖν
981 651 1160 723 λύπης
1189 653 1224 724 ἢ
1260 654 1390 724 περὶ
1419 655 1518 724 τῆς
1553 655 1650 726 σῆς
1675 655 1836 725 δόξης

243 743 584 815 ἱφρόντιζον,
617 739 662 799 ὦ
697 741 942 814 βασιλεῦ,
975 745 1180 808 ἀδίκως
1209 745 1382 810 οὕτως
1405 745 1609 816 ἀνδρας
1632 747 1834 812 καλούς

244 851 308 888 τε
341 836 436 888 καὶ
468 833 713 902 ἀγαθοὺς
743 834 1042 890 ἀποθανεῖν
1082 837 1497 906 ἐπιτρέψαντος,
1539 837 1600 902 ἐξ
1632 831 1709 892 ὧν
1738 839 1834 893 ού-

245 930 337 983 δλν
383 930 485 999 μὲν
524 929 877 999 ἀνθρωπίνης
914 932 1107 1001 σοφίας
1146 933 1406 1003 ἐχόμενον
1436 933 1666 1005 ⁴ᾔτησας,
1714 935 1743 988 ὃ
1776 935 1835 989 δὲ

241 1017 311 1092 ἧν
347 1021 517 1090 ἔργον
543 1021 710 1092 μόνου
743 1021 882 1075 Θεοῦ
915 1022 1224 1093 ἐπεζήτεις.
1260 1026 1348 1078 Σοὶ
1372 1026 1576 1088 τοίνυν,
1606 1019 1651 1078 ὦ
1683 1028 1834 1098 βασι-

240 1113 362 1177 λεῦ,
405 1113 754 1183 φροντίζοντι
814 1115 947 1185 περὶ
997 1114 1091 1169 τοῦ
1139 1117 1224 1180 τίς
1275 1116 1430 1186 ἄρξει
1478 1118 1575 1171 τοῦ
1625 1120 1832 1188 κόσμου

241 1203 452 1267 παντὸς
505 1206 645 1274 μετὰ
687 1203 782 1270 σὲ,
829 1204 1156 1275 βουλόμενος
1205 1207 1445 1278 δηλῶσαι
1493 1209 1645 1272 Θεὸς,
1700 1211 1834 1283 ὄναρ

244 1296 596 1350 ὕτοοδεικνύει
627 1297 870 1352 τοιοῦτον
890 1313 905 1328 ’
929 1299 1156 1365 ’Έδοξας
1185 1300 1319 1370 ὀρᾷν
1339 1301 1631 1372 ἀνδριάντα
1665 1303 1835 1374 μέγαν

248 1387 487 1451 ἑστῶτα,
521 1379 584 1441 οὗ
609 1387 710 1455 τὴν
747 1387 847 1458 μὲν
877 1389 1125 1458 κεφαλὴν
1168 1390 1482 1444 συνέϐαινεν
1525 1388 1666 1445 εἶναι
1699 1409 1834 1462 χρυ-

245 1479 368 1548 σῆν,
408 1481 540 1542 τοὺς
578 1478 636 1532 δὲ
670 1478 858 1549 ὤμους
896 1481 989 1533 καὶ
1028 1481 1154 1544 τοὺς
1202 1481 1496 1552 βραχίονας
1536 1484 1832 1554 ἀργυροῦς,

244 1570 352 1623 ἀπὸ
384 1569 591 1640 χαλκοῦ
618 1569 674 1624 δὲ
698 1571 798 1640 τὴν
823 1571 1066 1640 γαστέρα
1087 1573 1182 1626 καὶ
1206 1573 1331 1636 τοὺς
1351 1576 1530 1644 μηροῦ
1547 1594 1584 1638 ·,
1617 1577 1833 1644 κνήμας

243 1663 338 1716 καὶ
383 1662 554 1724 πόδας
605 1663 898 1734 σιδηροῦς·
940 1662 1132 1718 ἔπειτα
1177 1664 1328 1718 λίθον
1386 1663 1526 1729 εἶδες
1565 1667 1623 1734 ἐξ
1673 1667 1834 1736 ὅρους

243 1755 643 1825 ἀπορραγέντα
674 1757 940 1823 ἐμπεσεῖν
976 1772 1035 1808 τε
1086 1754 1166 1826 τῷ
1197 1756 1477 1826 ἀνδριάντι
1520 1759 1615 1812 καὶ
1642 1759 1834 1811 τοῦτον

244 1844 629 1897 καταϐαλόντα
657 1845 952 1916 συντρίψαι
989 1847 1084 1900 καὶ
1117 1847 1285 1917 μηδὲν
1316 1849 1480 1902 αὑτοῦ
1514 1850 1680 1918 μέρος
1713 1849 1836 1902 ὀλό-

243 1935 450 2003 κληρον
476 1933 724 2002 ἀφεῖναι,
755 1935 847 1988 τὸν
889 1935 945 1988 δὲ
985 1937 1188 2006 χρυσὸν
1215 1939 1308 1990 καὶ
1337 1939 1427 1992 τὺν
1451 1940 1694 2008 ἄργυρον
1737 1939 1834 1992 καὶ

242 2028 332 2079 τὸν
361 2024 571 2096 χαλκὸν
606 2027 702 2079 καὶ
737 2026 830 2080 τὸν
857 2027 1079 2096 σίδηρον
1106 2029 1434 2101 λεπτότερον
1459 2031 1713 2098 γενέσθαι
1743 2033 1838 2085 καὶ

247 2117 451 2180 κόνεως
474 2132 489 2146 ·
524 2116 621 2171 καὶ
651 2117 745 2172 τὸν
787 2119 889 2188 μὲν
933 2119 1141 2189 ἀνέμου
1195 2121 1534 2186 πνεύσαντος
1569 2126 1650 2185 είς
1696 2124 1837 2193 ἀέρα

244 2207 641 2277 διασπαρῆναι,
667 2209 764 2261 τὸν
787 2208 846 2262 δὲ
865 2210 1014 2263 λίθον
1043 2209 1279 2280 αὐξῆσαι
1311 2212 1568 2267 τοσοῦτον
1593 2213 1670 2276 ὡς
1697 2214 1834 2268 ἃπα-

249 2313 346 2350 σαν
375 2297 563 2350 δοκεῖν
585 2297 686 2369 τὴν
711 2298 816 2368 γῆν
854 2300 947 2353 ὑπ’
973 2300 1138 2354 αὑτοῦ
1171 2303 1591 2374 πεπληρῶσθαι.
1625 2305 1698 2358 T6
1737 2306 1838 2376 μὲν

247 2389 400 2460 δναρ,
433 2390 578 2460 ὅπερ
602 2389 766 2453 αὐτὸς
801 2385 963 2455 εἶδες,
995 2392 1196 2446 τοιόνδε
1218 2408 1232 2423 ⁶
1265 2396 1296 2464 ή
1328 2395 1618 2465 σύγκρισις
1653 2395 1709 2449 δὲ
1739 2398 1840 2450 αὑ-

251 2480 338 2534 τοῦ
363 2481 564 2536 τοῦτον
591 2483 706 2552 ἔχει
739 2481 830 2536 τὸν
862 2483 1060 2556 τρόπον
1080 2502 1096 2517 ο
1124 2487 1157 2557 ή
1189 2485 1289 2555 μὲν
1315 2488 1496 2558 χρυσῆ
1530 2489 1744 2560 κεφαλὴ
1777 2488 1838 2542 σέ

256 2591 310 2626 τε
340 2575 533 2646 ὶδήλου
566 2577 663 2628 καὶ
695 2577 826 2640 τοὺς
866 2577 972 2648 πρὸ
1000 2579 1095 2632 σοῦ
1145 2578 1404 2648 βασιλέας
1465 2581 1840 2646 Βαϐυλωνίους

257 2668 307 2718 αί
336 2667 429 2720 δύο
456 2667 518 2720 δὲ
546 2669 733 2738 χεῖρες
761 2669 855 2722 καὶ
875 2671 924 2722 oi
945 2663 1085 2741 ὦμοι
1110 2671 1215 2724 ὑπὸ
1243 2670 1338 2724 δύο
1364 2672 1839 2743 καταλυθήσεσθαι

254 2758 520 2828 βασιλέων
571 2760 673 2831 τὴν
720 2761 1025 2832 ἡγεμονίαν
1071 2761 1250 2834 ὑμῶν,
1299 2764 1516 2835 Πέρσας
1561 2761 1702 2821 εἶναι
1743 2766 1840 2820 καὶ

252 2852 466 2919 Μήδους
498 2851 728 2915 τούτους
783 2854 959 2925 φημί·
1007 2853 1108 2926 τὴν
1167 2853 1226 2908 δὲ
1269 2855 1498 2910 ἐκείνων
1527 2856 1715 2927 ἕτερός
1755 2874 1840 2922 τις

250 2943 355 2996 ἀπὸ
403 2943 508 3012 τῆς
551 2944 763 3008 δύσεως
827 2945 1151 3017 καθαιρήσει
1181 2946 1385 3017 χαλκὸν
1431 2949 1838 3020 ἠμφιεσμένος.

262 3035 617 3108 Ἀλέξανδρος
667 3033 825 3102 οὗτος
866 3040 896 3092 6
945 3038 1216 3094 Μακεδών
1239 3056 1254 3070 °
1303 3039 1400 3094 καὶ
1445 3040 1653 3111 ταύτην
1701 3040 1836 3115 ἄλλη

1939 564 2218 620 sitionem.
2256 563 2380 619 Non
2427 563 2697 618 minorem
2724 561 2872 618 enim
2895 564 3068 620 nostri
3100 564 3331 632 doloris,
3357 580 3526 636 quam

1942 665 2048 712 tua:
2070 657 2258 726 gloria.-
2303 670 2493 711 curam
2536 655 2817 726 gerebam,
2850 671 2884 710 o
2909 671 3026 722 rex,
3055 657 3150 726 qui
3201 658 3349 712 viros
3409 667 3520 711 tam

1940 748 2120 804 bonos
2149 757 2206 804 et
2237 757 2347 803 tam
2388 750 2670 814 honestos,
2705 749 2892 817 inique
2925 749 3063 803 mori
3093 750 3358 819 jusseras,
3393 765 3524 804 cum

1941 840 2077 895 nihil
2112 840 2390 910 petiisses,
2419 839 2568 910 quod
2609 849 2758 896 esset
2788 841 3043 896 humanae
3073 843 3395 908 sapientiae:
3429 841 3526 897 sed

1941 935 2046 989 hoc
2092 933 2162 988 ab
2193 933 2277 989 eis
2315 932 2614 1004 exegisses.
2645 931 2794 1001 quod
2834 942 2956 987 erat
2997 933 3168 986 solius
3228 933 3322 986 Dei
3359 947 3523 1001 opus.

1939 1027 2060 1082 Tibi
2077 1041 2277 1098 ergo,o
2305 1041 2420 1091 rex,
2447 1025 2732 1095 cogitanti,
2763 1026 2888 1094 quis
2918 1033 3041 1094 post
3068 1033 3121 1078 te
3153 1033 3298 1078 esset
3319 1023 3528 1078 mundo

1939 1119 2336 1189 imperaturus,
2370 1117 2560 1171 volens
2591 1115 2735 1169 Deus
2771 1114 3100 1184 signiﬁcare.
3143 1114 3249 1168 tale
3284 1114 3529 1168 ostendit

1937 1210 2236 1267 somnium.
2269 1209 2436 1264 Visus
2479 1222 2542 1261 es
2584 1205 2685 1260 tibi
2745 1205 2936 1260 videre
2983 1220 3235 1274 magnam
3285 1213 3524 1258 statuam

1937 1311 2204 1365 stantem,
2228 1301 2387 1370 cujus
2412 1307 2580 1367 caput
2605 1297 2831 1366 quidem
2852 1297 3083 1365 contigit
3108 1311 3230 1350 esse
3255 1310 3522 1348 aureum:

1938 1395 2202 1448 humeros
2227 1401 2412 1446 autem
2442 1401 2498 1445 et
2522 1389 2775 1452 brachia,
2802 1398 3064 1458 argentea
3097 1405 3110 1442 :
3147 1403 3212 1441 ex
3237 1403 3345 1440 aere
3367 1401 3523 1447 vero.

1939 1495 2186 1539 ventrem
2214 1492 2270 1538 et
2298 1481 2531 1547 femora,
2553 1481 2714 1536 tibias
2735 1488 2792 1534 et
2829 1480 2996 1546 pedes
3053 1479 3284 1532 ferreos.
3316 1477 3526 1531 Deinde

1938 1577 2175 1646 lapidem
2203 1574 2386 1629 vidisti
2414 1575 2713 1643 abruptum
2747 1589 2776 1627 a
2804 1581 3013 1638 monte,
3054 1571 3300 1625 incidere
3331 1571 3383 1623 in
3409 1578 3526 1623 sta-

1942 1677 2090 1723 tuam
2131 1687 2146 1723 :
2185 1675 2242 1722 et
2289 1681 2413 1722 eam
2459 1665 2933 1735 comprehendere
2992 1678 3056 1717 ac
3120 1670 3429 1724 conterere,
3469 1669 3528 1715 et

1941 1760 2148 1814 nullam
2180 1758 2301 1828 ejus
2347 1767 2560 1827 partem
2607 1759 2919 1825 relinquere
2972 1755 3287 1823 integram:
3323 1766 3522 1805 aurum

1941 1859 2125 1906 autem
2183 1859 2239 1904 et
2294 1857 2582 1920 argentum
2613 1856 2670 1902 et
2706 1861 2781 1901 :es
2827 1855 2884 1901 et
2925 1845 3134 1899 ferrum
3179 1843 3266 1898 vel
3294 1843 3525 1912 pulvere

1943 1941 2062 1996 ﬁeri
2092 1941 2354 1997 subtilius
2396 1958 2410 1994 ι
2447 1948 2504 1994 et
2540 1949 2776 1995 statuam
2826 1937 3052 2008 quidem
3085 1945 3254 1990 vento
3282 1935 3527 2004 spirante

1941 2035 2250 2104 dispersam
2303 2033 2475 2087 fuisse
2529 2031 2585 2086 in
2627 2046 2855 2085 aerem:
2913 2029 3150 2098 lapidem
3200 2043 3334 2082 vero
3385 2027 3526 2081 adeo

1941 2125 2203 2189 crevisse,
2232 2133 2292 2178 ut
2323 2124 2609 2178 videretur
2639 2122 2897 2176 universa
2928 2129 3076 2173 terra
3133 2118 3201 2172 ab
3238 2133 3306 2172 eo
3354 2118 3527 2171 fuisse

1943 2220 2171 2290 repleta.
2196 2218 2377 2286 Atque
2402 2231 2680 2271 somnium
2712 2215 2959 2285 quidem,
2989 2212 3136 2283 quod
3169 2213 3284 2282 ipse
3311 2211 3525 2275 vidisti,

1941 2310 2047 2366 fuit
2070 2311 2198 2365 tale.
2218 2310 2352 2381 Ejus
2368 2318 2553 2364 autem
2576 2309 2894 2378 conjectura
2915 2307 3022 2360 hoc
3045 2305 3208 2359 modo
3239 2319 3296 2360 se
3320 2303 3486 2357 habet
3509 2319 3524 2356 :

1942 2404 2187 2458 Aureum
2229 2401 2452 2471 quidem
2493 2406 2681 2470 caput,
2714 2409 2765 2452 te
2797 2397 3161 2468 signiﬁcabat,
3190 2405 3246 2449 et
3268 2395 3360 2464 qui
3399 2400 3528 2447 ante

1944 2502 1996 2548 te
2027 2491 2277 2553 fuerunt,
2308 2505 2468 2560 reges
2517 2488 2869 2559 Babylonios.
2896 2488 3028 2542 Duae
3077 2502 3211 2540 vero
3245 2499 3441 2539 manus
3469 2492 3529 2538 et

1941 2583 2182 2648 humeri,
2201 2599 2231 2637 a
2248 2582 2464 2637 duobus
2480 2581 2704 2651 regibus
2719 2578 3126 2634 dissolvendum
3142 2593 3264 2632 esse
3281 2585 3529 2630 vestrum

1941 2675 2334 2746 principatum,
2367 2688 2398 2726 a
2439 2671 2643 2737 Persis,
2682 2672 2928 2739 inquam,
2959 2677 3015 2723 et
3044 2668 3237 2722 Medis.
3292 2667 3526 2720 Illorum
3575 2690 3581 2696 -

1941 2775 2126 2822 autem
2158 2764 2534 2836 principatum
2562 2763 2814 2818 destruet
2853 2760 3074 2831 quidam
3111 2760 3252 2814 alius
3281 2775 3348 2813 ex
3375 2757 3527 2811 occi-

1941 2858 2129 2922 dente,
2149 2871 2258 2912 aere
2285 2855 2533 2910 indutus.
2563 2855 2613 2909 Is
2634 2863 2719 2910 est
2740 2852 3051 2909 Alexander
3068 2851 3294 2906 Macedo
3318 2858 3374 2904 et
3398 2864 3528 2903 eum

1941 2946 2105 3006 faciet
2135 2949 2276 3004 alius
2300 2962 2540 3012 cessare,
2566 2947 2781 3002 viribus
2806 2945 2954 3001 ferro
2981 2944 3198 3000 similis.
3230 2941 3531 3012 Superabit

1942 3052 2128 3100 autem
2161 3041 2388 3098 omnino
2419 3052 2648 3112 propter
2679 3039 2812 3095 ferri
2840 3047 3097 3093 naturam
3127 3056 3143 3103 ;
3178 3047 3262 3091 est
3295 3036 3443 3090 enim
3483 3034 3530 3088 is

254 3130 477 3191 παύσει.
511 3131 614 3202 τὴν
654 3131 813 3200 ἰσχὺν
839 3131 1003 3202 ὁμοία
1047 3133 1128 3203 τῷ
1158 3133 1366 3205 σιδήρῳ
1388 3148 1402 3165 °
1445 3133 1542 3188 καὶ
1575 3137 1838 3207 κρατήσει

1947 3134 2146 3191 fortior
2176 3149 2334 3200 auro,
2367 3141 2596 3204 argento
2628 3141 2684 3187 et
2711 3147 2818 3186 aere
2851 3150 2865 3186 :
2895 3140 2980 3186 est
3009 3145 3140 3185 vero
3174 3127 3228 3182 id
3264 3126 3530 3198 potentis-

253 3224 349 3292 μὲν
382 3225 464 3286 είς
500 3224 651 3277 ἀπαν
685 3223 776 3278 διὰ
798 3223 900 3295 τὴν
927 3223 1022 3279 τοῦ
1061 3225 1283 3296 σιδήρου
1314 3224 1480 3295 φύσιν
1501 3240 1515 3256 ο
1549 3219 1689 3280 εῖναι
1720 3227 1834 3298 γὰρ

252 3314 421 3384 αὐτὴν
443 3313 816 3387 στερροτέραν
847 3314 950 3385 τῆς
982 3313 1078 3368 τοῦ
1115 3315 1319 3386 χρυσοῦ
1345 3317 1438 3369 καὶ
1468 3313 1565 3368 τοῦ
1591 3314 1837 3386 ἀργύρου

251 3407 344 3458 καὶ
370 3406 467 3459 τοῦ
492 3405 701 3476 χαλκοῦ
719 3423 735 3437 ⁸
755 3409 789 3473 ἡ
820 3406 930 3458 τῶν
969 3405 1258 3478 Ῥωμαίων
1291 3405 1432 3477 αῦτη
1467 3405 1840 3475 μεγαλοδύνα-

253 3516 349 3569 μσς
385 3497 662 3568 βασιλεία.
697 3496 970 3571 Ἐδήλωσε
996 3499 1057 3553 δὲ
1088 3499 1240 3571 αὐτῷ
1266 3500 1361 3554 καὶ
1391 3501 1522 3570 περὶ
1553 3500 1650 3554 τοῦ
1685 3500 1836 3554 λίθου

251 3589 427 3657 λέγων
448 3609 462 3623 ο
491 3591 577 3644 ὃτι
612 3590 672 3645 '0
706 3589 854 3654 λίθος
897 3591 924 3642 6
951 3589 1186 3659 τμηθεὶς
1215 3589 1346 3647 ἄνευ
1379 3591 1606 3662 χειρῶν,
1639 3592 1666 3646 6
1694 3593 1835 3662 Χρι-

1941 3227 2145 3282 simum
2184 3225 2562 3280 Romanorum
2616 3224 2932 3294 imperium.
2963 3221 3306 3293 Signiﬁcavit
3342 3228 3529 3273 autem

1947 3320 2000 3375 ei
2021 3323 2189 3375 etiam
2227 3319 2296 3373 de
2340 3317 2548 3388 lapide,
2579 3315 3004 3384 dicenszLapis
3052 3314 3146 3385 qui
3175 3312 3280 3367 fuit
3323 3311 3531 3366 scissus

1945 3411 2066 3468 sine
2117 3411 2392 3474 manibus,
2420 3420 2506 3466 est
2541 3409 2818 3465 Christus.
2858 3407 2998 3462 Illud
3028 3422 3184 3463 vero.
3245 3403 3376 3458 Sine
3411 3417 3532 3454 ma-

1946 3503 2134 3567 nibus,
2159 3501 2412 3572 praedixit
2439 3515 2568 3556 eum
2596 3501 2716 3555 sine
2755 3498 2905 3554 coitu
2945 3513 3067 3553 esse
3098 3493 3439 3549 nasciturum
3462 3505 3530 3544 ex

1945 3605 2106 3650 utero
2132 3611 2161 3649 a
2190 3594 2314 3649 labe
2343 3592 2546 3648 alieno.

254 3686 375 3748 στός
407 3687 563 3739 ἐστι·
630 3685 691 3738 τὸ
766 3684 828 3740 δὲ
868 3685 1070 3758 χειρῶν
1107 3684 1238 3740 ἄνευ
1287 3686 1351 3741 τὸ
1396 3685 1569 3758 χωρὶς
1621 3685 1912 3752 συνουσίας
1953 3691 2018 3742 ἐκ
2066 3691 2167 3758 τῆς
2207 3686 2446 3759 ἀμώμου
2489 3686 2754 3758 τεχθῆναι
2797 3682 3038 3752 γαστρὸς
3081 3677 3244 3732 αὐτὸν
3282 3673 3529 3746 προεφή·

251 3794 466 3833 τευσεν.

319 3873 416 3938 ς’.
459 3870 522 3923 '0
547 3869 605 3923 δὲ
629 3869 886 3940 βασιλεὺς
901 3870 1377 3944 Ναϐουχοδονόσορ
1395 3872 1650 3944 ἀκηκοὼς
1667 3873 1845 3928 ταῦτα

253 3963 344 4015 καὶ
373 3959 526 4016 τοῦτ’
548 3961 684 4016 αὐτὸ
712 3955 856 4014 εἶναι
885 3963 948 4014 τὸ
973 3961 1140 4031 φανὲν
1166 3961 1302 4031 ὄναρ
1331 3963 1535 4026 συνεὶς,
1561 3963 1839 4032 ἐξεπλάγη

253 4055 340 4108 τὸν
360 4053 570 4124 Δανιὴλ
589 4052 687 4107 τοῦ
718 4053 1010 4122 μεγαλείου
1037 4053 1140 4123 τῆς
1167 4054 1407 4123 φύσεως,
1434 4057 1529 4108 καὶ⁵
1557 4057 1846 4125 παραχρῆ-

255 4165 331 4217 μα
365 4146 550 4218 μικρά
570 4145 755 4201 πάντα
781 4146 878 4198 καὶ
911 4144 1194 4216 βασιλείαν
1221 4145 1396 4216 αὐτὴν
1425 4147 1519 4200 καὶ
1549 4147 1714 4215 δγκον
1741 4147 1842 4217 τῆς

251 4240 424 4311 ἀρχῆς
450 4237 704 4306 θέμενος,
729 4235 826 4291 τοῦ
850 4235 1044 4306 θρόνου
1077 4253 1138 4290 τε
1180 4237 1533 4302 ἐξανίσταται
1582 4237 1676 4291 καὶ
1725 4239 1840 4290 ίσοο

253 4331 398 4391 θέσις
428 4330 644 4382 ἀκεῖνον
672 4329 840 4396 ἐτίμα
861 4329 1082 4397 τιμαῖςο
1111 4326 1194 4380 ἐτι
1223 4327 1280 4380 δὲ
1315 4326 1410 4382 καὶ
1441 4326 1540 4397 τὴν
1565 4342 1844 4397 προσηγο-

255 4425 374 4494 ρίαν
401 4419 577 4476 αύτοῦ
627 4419 725 4474 τοῦ
760 4419 893 4474 ίδίου
933 4419 1073 4473 Θεοῦ
1117 4418 1366 4490 θέμενος,
1413 4419 1633 4489 ἀπάσης
1677 4418 1840 4472 αὐτὸν

2015 3871 2104 3928 Ἣ.
2134 3867 2650 3926 Nabuchodonosor
2680 3875 2868 3921 autem
2896 3878 3020 3918 cum
3047 3862 3166 3916 haec
3204 3856 3530 3922 audivisset,

1944 3966 2126 4022 ethoc
2154 3979 2276 4020 esse
2300 3962 2449 4034 quod
2469 3962 2521 4018 ei
2547 3967 2901 4032 apparuerat,
2924 3955 3200 4012 somnium
3228 3947 3532 4006 intellexis-

1942 4067 2047 4125 set,
2097 4058 2310 4127 stupuit
2363 4055 2607 4111 Danielis
2665 4052 2872 4125 ingenii
2940 4045 3421 4119 magnitudinem:
3473 4050 3532 4095 et

1941 4148 2197 4222 protinus
2223 4160 2392 4216 parva
2414 4144 2626 4209 omnia,
2648 4150 2705 4197 et
2744 4142 2926 4211 ipsum
2953 4152 3203 4208 regnum,
3231 4142 3290 4188 et
3314 4131 3532 4202 imperii
3565 4209 3568 4212 _

1945 4239 2382 4312 magnitudinem
2403 4251 2528 4293 esse
2559 4236 2793 4298 ducens,
2825 4231 3057 4302 surgite
3087 4229 3308 4291 throno,
3343 4235 3400 4280 et
3420 4225 3533 4278 Deo

1949 4335 2178 4406 paribus
2212 4331 2366 4386 illum
2401 4329 2568 4384 afﬁcit
2602 4325 2934 4382 honoribus.
3000 4323 3277 4378 Praeterea
3316 4333 3449 4372 vero
3478 4315 3530 4370 ei

1948 4440 2171 4494 quoque
2212 4421 2298 4478 sui
2327 4421 2416 4475 dei
2459 4419 2716 4489 imposita
2744 4414 3137 4487 appellatione,
3172 4426 3301 4466 eum
3359 4407 3530 4461 totius

251 4516 555 4584 ἐπίτροπον
575 4511 676 4582 τῆς
709 4509 995 4582 βασιλείας
1025 4510 1284 4581 ἐποίησεν
1304 4526 1319 4540 ο
1351 4511 1412 4563 οὐ
1449 4510 1557 4580 μὴν
1587 4510 1723 4564 ἀλλὰ
1745 4510 1838 4564 καὶ

1947 4519 2102 4588 regni
2118 4531 2241 4571 esse
2265 4513 2451 4569 eti‘ecit
2477 4520 2813 4567 curatorem.
2833 4508 2976 4575 Quin
3004 4507 3174 4562 etiam
3195 4505 3316 4574 ejus
3332 4515 3534 4568 cogna-

251 4611 376 4673 τοὺς
412 4607 706 4676 συγγενεῖς
741 4601 896 4676 αὒτῷ
938 4605 1035 4658 καὶ
1086 4604 1191 4674 τὴν
1233 4603 1437 4674 ἀρετὴν
1475 4603 1841 4674 ὁμοτρόπους,

257 4703 375 4764 τοὺς
433 4701 570 4771 περὶ
624 4697 888 4769 Ἀζαρίαν
936 4698 1100 4768 φημὶ,
1156 4695 1426 4768 ἄρχοντας
1486 4696 1844 4750 ἀναδείκνυσι

256 4793 605 4858 Βαϐυλῶνος,
627 4790 725 4854 οὓς
761 4791 880 4863 μετ’
910 4790 1094 4860 ὀλίγον
1125 4789 1233 4844 ὑπὸ
1271 4788 1469 4859 φθόνου
1513 4788 1608 4842 καὶ
1633 4787 1844 4858 βασκα-

254 4886 372 4947 νίας
405 4886 489 4948 είς
525 4882 773 4937 κίνδυνον
799 4883 1066 4952 ἐμπεσεῖν
1094 4878 1401 4951 συνέϐη,τῷ
1431 4875 1644 4949 βασιλεῖ
1674 4892 1846 4947 προσ-

256 4973 602 5045 κρούσαντας
640 4971 700 5040 ἐξ
732 4972 914 5034 αίτίας
947 4971 1209 5041 τοιαύτης
1237 4987 1252 5002 ο
1290 4973 1320 5024 6
1350 4968 1694 5033 Βαϐυλώνιος
1745 4968 1841 5038 βα·

257 5070 441 5134 σιλεὺς
468 5070 683 5132 ἐκεῖνος
710 5070 833 5132 ταῖς
858 5068 1002 5123 κατά
1021 5068 1116 5122 τὸν
1142 5067 1258 5139 βίον
1286 5067 1572 5138 εὐθηνίαις
1594 5068 1676 5128 είς
1704 5064 1843 5117 ἀπό-

253 5181 404 5219 νοιαν
433 5161 726 5232 δπαρθεὶς,
747 5159 830 5215 ἔτι
866 5159 924 5214 δι
957 5161 1053 5215 καὶ
1081 5160 1158 5231 τῷ
1183 5161 1452 5230 ἀμυθήτῳ
1491 5157 1706 5225 πλούτῳ
1747 5156 1844 5219 καὶ

255 5257 328 5328 τῷ
350 5255 554 5328 πλήθει
577 5253 689 5309 τῶν
725 5253 1114 5322 ὑποταγέντων
1146 5251 1318 5306 ἐθνῶν
1351 5253 1444 5305 ὲπὶ
1475 5251 1620 5321 μέγα
1649 5267 1712 5302 τε
1738 5266 1842 5318 φυ-

259 5345 444 5416 σηθεὶς
497 5345 596 5400 καὶ
647 5342 849 5416 μικροῦ
895 5343 991 5397 καὶ
1031 5343 1166 5407 Θεὸς
1216 5337 1358 5397 εῖναι
1405 5343 1492 5397 διὰ
1527 5341 1842 5411 κουφότητα

253 5435 614 5507 φαντασθεὶς,
649 5437 936 5508 μονονουχὶ
965 5437 1061 5490 καὶ
1090 5436 1248 5500 θεοὺς
1279 5436 1542 5490 πλάττειν
1588 5434 1841 5505 αὑθήμε⁹

253 5544 347 5598 ρον
399 5528 544 5599 ᾤετο
579 5527 676 5582 καὶ
726 5527 798 5582 τὰ
847 5529 1028 5583 οίκεῖα
1079 5527 1193 5582 τῶν
1237 5526 1404 5582 αὐτοῦ
1455 5526 1662 5600 χειρῶν
1701 5527 1840 5597 ἔργα

253 5619 410 5685 θεοὺς
435 5619 722 5688 ἀποδεῖξαι
743 5619 855 5674 δεῖν
877 5619 1140 5673 ἔσπευδεν
1159 5635 1173 5648 ο
1197 5619 1452 5674 ἐντεῦθεν
1477 5621 1572 5673 καί
1600 5618 1840 5690 χρυσοῦν

253 5713 556 5784 ἀνδριάντα
591 5712 1039 5777 κατασκευάσας,
1073 5711 1268 5783 πηχῶν
1301 5713 1365 5766 τὸ
1409 5712 1514 5783 μὲν
1547 5711 1680 5781 ὕψος
1715 5710 1838 5782 ἐξὴ-

254 5817 445 5868 κοντα,
475 5801 538 5854 τδ
577 5801 778 5867 πλάτος
813 5801 871 5857 δὲ
900 5801 978 5871 ἓξ,
1019 5803 1215 5875 ἔστησε
1248 5803 1437 5859 τοῦτον
1468 5805 1526 5859 ἑν
1558 5802 1711 5874 μέσῳ
1740 5801 1834 5857 τοῦ

1951 4617 2057 4670 tos,
2076 4607 2166 4676 qui
2192 4613 2352 4661 erant
2383 4604 2436 4659 ei
2467 4606 2670 4658 virtute
2690 4615 2875 4671 pares,
2901 4597 3176 4656 Azariam,
3197 4595 3446 4662 inquam,
3470 4599 3528 4645 et

1948 4711 2200 4763 caeteros,
2242 4705 2393 4752 creat
2441 4693 2720 4765 principes
2779 4687 3118 4760 Babylonis:
3165 4699 3308 4756 quos
3357 4683 3526 4752 paulo

1946 4801 2072 4863 post
2091 4790 2322 4860 contigit
2340 4797 2564 4858 pr0pter
2580 4784 2838 4840 invidiam
2859 4782 3103 4838 incidere
3122 4783 3177 4834 in
3194 4777 3526 4850 periculum,

1947 4898 2072 4938 cum
2105 4897 2286 4950 regem
2316 4878 2677 4934 oﬁ‘endissent
2707 4875 2811 4928 hac
2840 4875 2909 4929 de
2931 4889 3096 4928 causa
3131 4889 3142 4924 :
3176 4886 3272 4924 rex
3304 4868 3392 4922 ille
3423 4866 3527 4919 Ba-

1947 4973 2184 5046 bylonis,
2215 4972 2362 5026 felici
2397 4985 2578 5025 rerum
2617 4981 2901 5029 successu,
2927 4975 2983 5018 et
3015 4962 3244 5017 inﬁnitis
3293 4958 3525 5022 divitiis,

1946 5073 2001 5118 et
2033 5061 2387 5117 multitudine
2420 5074 2607 5115 earutn
2654 5058 2824 5128 quas'
2858 5053 3218 5124 subjunxcrat
3255 5050 3526 5121 gentium.

1947 5155 2003 5209 in
2026 5155 2342 5224 superbiam
2375 5153 2554 5207 elatus
2583 5157 2640 5204 et
2665 5148 2822 5203 valde
2879 5145 3120 5204 inﬁatus.
3151 5157 3206 5199 et
3233 5155 3526 5213 propemo-

1944 5245 2076 5301 dum
2107 5255 2332 5315 propter
2354 5243 2632 5297 levitatem
2658 5256 2716 5295 se
2742 5239 2906 5294 deum
2931 5252 3053 5292 esse
3081 5236 3294 5290 visione
3322 5248 3528 5304 appre-

1944 5334 2630 5407 hendens,propemodum
2659 5349 2718 5389 se
2743 5333 2826 5388 vel
2848 5331 2983 5386 deos
3010 5346 3078 5385 eo
3105 5329 3225 5400 ipso
3249 5329 3338 5382 die
3368 5335 3525 5396 puta-

1945 5432 2036 5487 bat
2059 5445 2218 5500 posse
2255 5429 2482 5498 ﬁngere,
2510 5436 2568 5482 et
2613 5441 2836 5482 suarum
2879 5438 3141 5478 manuum
3175 5434 3342 5490 epera
3387 5417 3525 5472 deos

1941 5523 2315 5580 contendebat
2345 5520 2582 5577 eﬁicere.
2625 5519 2766 5574 llinc
2798 5517 3000 5572 factum
3031 5525 3135 5578 est,
3169 5524 3229 5568 ut
3255 5528 3380 5568 cum
3419 5526 3522 5565 au-

1943 5629 2093 5671 ream
2159 5614 2560 5670 construxisset
2633 5619 2892 5676 statuam,
2951 5607 3234 5678 sexaginta
3292 5603 3522 5673 quidem

1942 5707 2259 5764 cubitorum
2317 5706 2630 5772 altitudine,
2667 5720 2762 5760 sex
2820 5713 3002 5758 autem
3041 5699 3350 5765 latitudine,
3399 5712 3521 5752 eam

1941 5800 2196 5858 statuerit
2229 5799 2286 5856 in
2313 5798 2498 5855 medio
2542 5813 2738 5869 campo
2793 5794 3107 5868 Babylonis,
3162 5791 3258 5864 qui
3290 5797 3522 5847 vocatur
