3994 6464
615 295 649 308 ς

465 368 573 430 379
1767 366 2057 428 MENSIS
2094 366 2391 428 IULIUS.
3604 367 3716 431 380

466 480 659 533 Deera.
691 475 905 532 Etcum
957 486 1101 532 esset
1130 492 1253 532 eam
1307 485 1751 541 consecraturus,
1795 492 1865 532 ex
1919 484 2066 533 tota.

2171 474 2325 529 πεδίου
2368 473 2689 539 Βαϐυλῶνος
2738 472 2925 546 Δεηρὰ
2975 474 3312 547 καλουμένου
3363 478 3460 532 καὶ
3504 477 3719 547 μέλλων

468 578 636 635 terra,
666 567 750 622 cui
779 564 1102 637 imperabat,
1135 565 1460 622 convocavit
1498 566 1709 637 primos
1764 575 2035 636 satrapas.

2171 564 2432 637 εαθιεροῦν
2483 566 2671 632 αὐτὸν,
2708 566 3070 622 συνεκάλεσεν
3114 568 3174 634 ἐξ
3208 568 3427 638 ἁπάσης
3469 564 3538 639 ἦς
3572 564 3719 640 ἦρχε

467 659 701 714 Dederat
734 673 867 713 vero
916 658 998 712 eis
1045 673 1264 728 quoque
1290 657 1531 728 signum,
1561 667 1623 713 ut
1654 673 1764 712 non
1816 666 1924 711 tam
1956 666 2037 712 te-

2171 658 2244 728 ’ῆς
2286 658 2416 721 τοὺς
2457 657 2713 728 πρώτους
2746 658 2857 713 τῶν
2895 658 3217 729 σατραπῶν,
3247 659 3471 712 δεδώκει
3509 661 3567 713 δὶ
3615 661 3721 715 καὶ

468 766 642 812 mere,
672 764 773 804 nec
815 747 1022 817 absque
1065 748 1245 818 aliqua
1288 749 1499 804 ratione
1533 750 1584 803 ei
1623 749 1892 804 honorem
1936 748 2037 803 tri-

2171 750 2372 818 ημεῖον
2400 750 2610 814 αὐτοῖς,
2635 750 2723 803 ἵνα
2751 750 2827 821 μὴ
2855 749 3043 812 ἅπλῶς
3076 748 3220 803 οὕτω
3246 749 3372 819 μηδ’
3397 748 3526 803 ἄνευ
3552 749 3722 818 λόγου

466 841 748 895 buerent:
793 838 888 894 sed
955 847 1218 909 tanquam
1278 838 1436 909 signo
1505 838 1637 894 dato
1690 838 2036 900 accedentes,

2177 846 2285 905 ινὸς
2320 841 2381 895 τὸ
2412 841 2577 906 σέϐας
2625 844 2776 916 αὐτῷ
2809 843 3046 913 νέμοιεν,
3092 841 3205 895 ἀλλ’
3241 840 3433 912 ὥσπερ
3482 844 3547 895 ὲκ
3597 859 3727 895 συν-

466 945 591 987 cum
631 944 829 999 magno
859 937 1009 983 metu
1039 927 1357 983 adorarent.
1391 928 1519 984 Fuit
1557 937 1741 984 autem
1796 926 1902 981 tale
1953 926 2032 982 si-

2179 932 2209 1000 ή
2219 948 2386 1000 ματος
2435 933 2760 1004 προσιόντας
2810 935 2908 988 σὺν
2949 933 3102 1003 φόϐῳ
3147 931 3327 1004 πολλῷ
3364 936 3726 1003 προσκυνεῖν.

464 1037 630 1093 gnum
665 1038 677 1073 :
711 1021 962 1087 Quando,
996 1019 1196 1089 inquit,
1230 1020 1506 1075 audierint
1532 1020 1741 1085 tubam,
1775 1018 1880 1074 hoc
1927 1034 2043 1073 ma-

2171 1023 2252 1076 ἱαὶ
2268 1022 2327 1077 τὸ
2345 1026 2569 1093 σημεῖον
2591 1024 2816 1091 τοιόνδε,
2862 1025 3080 1091 Ἠνίκα,
3121 1026 3311 1093 φησὶν,
3338 1025 3727 1093 σημαινούσης

466 1129 569 1181 gna
607 1129 737 1169 voce
765 1113 1182 1183 signiﬁcantem,
1211 1119 1341 1168 tunc
1370 1120 1610 1183 oportet,
1654 1112 1856 1183 inquit,
1914 1125 2042 1181 pro—

2171 1112 2442 1167 ικούσουσι
2481 1113 2627 1184 μέγα
2656 1114 2755 1184 τῆς
2790 1113 3113 1182 σάλπιγγος,
3145 1115 3290 1179 τότε,
3331 1115 3486 1184 φησὶ,
3526 1113 3732 1166 πεσόνο

466 1205 711 1259 cidentes
742 1204 971 1258 adorare
1006 1211 1242 1258 statuam
1277 1221 1291 1258 :
1325 1219 1423 1259 eos
1443 1219 1597 1267 vero,
1640 1207 1733 1274 qui
1784 1203 1890 1262 hoc
1929 1218 2038 1256 non

2171 1219 2243 1266 ac
2275 1208 2607 1274 προσκυνεῖν
2643 1204 2735 1259 τὸν
2763 1202 3088 1274 ἀνδριάντα·
3140 1204 3268 1268 τοὺς
3309 1202 3369 1257 δὲ
3427 1202 3503 1274 μὴ
3559 1202 3731 1257 τοῦτο

467 1296 716 1362 fecerint,
741 1297 1006 1351 continuo
1044 1295 1194 1366 injici
1221 1296 1277 1350 in
1300 1295 1577 1351 fornacem
1603 1295 1744 1366 ignis
1768 1294 2038 1350 ardentis.

2171 1291 2433 1357 ιοιοῦντας
2457 1292 2661 1357 εὐθέως
2688 1294 2756 1364 τῇ
2777 1292 2870 1347 τοῦ
2904 1293 3074 1364 πυρὸς
3101 1291 3446 1363 ἐμϐληθῆναι
3473 1292 3731 1363 καμίνῳ.

469 1385 538 1443 Ut
571 1384 719 1442 enim
753 1394 900 1440 esset
931 1386 984 1440 ei
1039 1387 1217 1457 majus
1250 1393 1308 1440 et
1358 1384 1562 1440 clarius
1609 1392 1888 1439 certamen
1939 1397 2042 1454 pro

2176 1385 2266 1437 ἰνα
2296 1383 2406 1454 γὰρ
2450 1383 2656 1453 μείζων
2703 1385 2852 1455 αύτῷ
2889 1386 2983 1438 καὶ
3003 1386 3468 1455 περιφανέστερος
3510 1386 3538 1437 ό
3577 1385 3734 1456 ὑπὲρ

465 1487 666 1540 statua,
692 1476 851 1547 jubet
913 1474 1194 1531 fornacem
1256 1493 1325 1532 ex
1381 1476 1655 1531 diametro
1725 1475 2040 1541 distantem,

2171 1474 2239 1528 '06
2272 1475 2591 1544 ἀνδριάντος
2623 1475 2774 1542 ἀγὼν
2802 1478 3071 1546 καταστῇ,
3105 1477 3200 1529 καὶ
3229 1478 3460 1547 κάμινον
3504 1477 3571 1529 ἐκ
3596 1475 3732 1528 δια-

467 1569 609 1636 piee,
632 1569 1204 1639 sarmentismaplitba
1231 1578 1287 1623 et
1305 1578 1501 1638 stuppa
1521 1568 1746 1623 accendi
1770 1583 1800 1622 e
1820 1568 2043 1638 regione

2171 1568 2351 1638 ιέτρου
2383 1568 2668 1621 κατέναντι
2703 1570 2801 1637 τῆς
2836 1568 3046 1632 εἰκόνος
3086 1568 3356 1637 ὲκκαῆναι
3392 1568 3735 1638 προστάττει

467 1668 703 1714 statuae:
732 1669 795 1715 ut
822 1661 867 1715 si
903 1661 1027 1730 quis
1065 1661 1490 1716 convinceretur
1539 1658 1719 1728 jussui
1755 1659 1898 1731 regis
1932 1674 2044 1713 non

2171 1661 2318 1731 πίσσῃ
2359 1661 2455 1715 καὶ
2491 1660 2803 1731 κληματίδι,
2835 1660 2971 1730 πρὸς
3004 1660 3061 1712 δὲ
3104 1659 3202 1713 καὶ
3246 1659 3424 1731 νάφθῃ
3466 1659 3563 1713 καὶ
3593 1675 3739 1713 ctu-

469 1750 792 1816 assentiens,
817 1751 872 1806 in
902 1749 1182 1807 fornacem
1223 1750 1405 1806 statim
1436 1750 1830 1822 conjiceretur.

2171 1754 2287 1824 ιείῳ
2340 1755 2578 1826 ἰσχυρῶς
2616 1755 2982 1825 τρεφομένην,
3015 1756 3082 1807 [ν’
3125 1755 3277 1818 ὅστις
3329 1754 3607 1825 ἐλέγχοιτο
3645 1753 3739 1824 τῷ

2074 1820 2119 1878 Β
2152 1820 2672 1919 βασιλικῶίδόγματι
2705 1820 3269 1917 ειη-κατατιθέμενος,
3308 1820 3506 1901 αὐτίκα
3540 1820 3737 1917 παραλ

2148 1939 2372 1992 διδῶται
2392 1941 2459 2010 τῇ
2491 1940 2730 2010 καμίνῳ.

542 2025 656 2082 Vll.
681 2027 817 2083 Cum
853 2042 1045 2082 omnes
1073 2041 1227 2095 ergo,
1255 2035 1311 2079 ut
1334 2023 1471 2095 jussi
1504 2023 1741 2087 fuerant,
1764 2020 1876 2092 jam
1901 2036 2049 2076 reso-

471 2128 637 2172 nante
667 2120 821 2182 tuba,
859 2118 1155 2172 adorarent
1182 2126 1439 2175 statuam,
1471 2114 1523 2168 bi
1545 2123 1657 2169 tres
1686 2113 1787 2169 soli
1827 2127 2050 2167 recusa-

477 2217 605 2262 runt
631 2209 732 2263 hoc
761 2208 964 2272 facere,
1002 2216 1060 2261 ut
1114 2222 1268 2263 sacra
1303 2205 1504 2260 docent
1544 2203 1772 2273 Eloquia
1806 2220 1820 2256 :
1858 2212 1918 2256 ut
1953 2201 2047 2272 qui

476 2299 684 2369 patrias
736 2299 880 2371 leges
938 2297 1245 2368 transgredi
1308 2297 1536 2352 minime
1593 2294 2046 2358 sustinerenl,et

477 2388 648 2444 Deum
671 2388 942 2444 dedecore
967 2386 1206 2450 afﬁcere,
1228 2396 1285 2441 et
1315 2385 1610 2440 simulacro
1648 2381 1851 2439 offerre
1909 2380 2047 2436 ado-

479 2478 766 2531 rationem.
796 2476 934 2531 Hinc
967 2476 1166 2530 factum
1190 2484 1277 2531 est
1330 2483 1391 2528 ut
1413 2473 1558 2544 apud
1592 2473 1841 2542 iniquum
1867 2485 2051 2540 regem

476 2576 887 2624 arcusarentur.
918 2567 1260 2623 Accedentes
1285 2576 1490 2629 autem,
1546 2566 1640 2639 qui
1685 2581 1783 2622 eos
1818 2581 2051 2622 accusa-

477 2662 611 2716 bant
646 2679 660 2715 :
694 2661 830 2726 llex,
869 2661 1149 2726 dixerunt,
1183 2659 1241 2721 ii.
1293 2659 1502 2729 quibus
1535 2674 1565 2714 a
1598 2668 1651 2715 te
1705 2660 1894 2714 datum
1966 2667 2053 2716 est

479 2753 771 2823 imperium
815 2753 1078 2824 regionis,
1121 2751 1377 2818 Sidracb,
1430 2752 1676 2822 inquam,
1712 2751 1824 2815 bic,
1865 2752 2052 2817 Misac,

477 2856 533 2900 et
562 2845 878 2916 Abdenago,
906 2860 1085 2916 neque
1108 2846 1334 2901 omnino
1359 2846 1638 2901 sustinent
1660 2844 1891 2901 adorare
1915 2846 2053 2900 ima-

479 2936 683 3004 ginem,
715 2951 894 3005 neque
944 2936 1052 2991 tuis
1080 2935 1249 3007 jussis
1280 2936 1570 2992 obediunt.
1622 2936 1748 2990 Haec
1802 2951 1927 2991 cum
1977 2936 2053 2991 illi

481 3028 769 3093 dixissent,
799 3028 836 3081 ii
862 3029 1046 3096 statim
1077 3028 1331 3097 producti
1365 3037 1495 3082 sunt
1520 3036 1648 3083 ante
1681 3026 1918 3082 tribunal
1967 3041 2054 3082 re-

2221 2030 2294 2084 Z'.
2327 2030 2555 2083 Πάντων
2594 2026 2692 2083 οὖν
2724 2028 2868 2083 κατὰ
2889 2029 2951 2082 τὸ
2975 2028 3271 2083 κελευσθὲν
3290 2030 3359 2081 ὲκ
3383 2026 3740 2098 συνθήματος

2150 2120 2392 2190 ηχούσης
2431 2118 2531 2188 ἤδη
2557 2120 2658 2189 τῆς
2690 2118 2989 2186 σάλπιγγος
3024 2116 3473 2187 προσκυνούντων
3514 2117 3606 2168 τὸν
3631 2117 3741 2167 άν-

2151 2211 2398 2281 δριάντα,
2430 2211 2480 2263 οἰ
2506 2211 2656 2280 τρεῖς
2692 2203 2839 2263 οὗτοι
2872 2206 3025 2278 μόνοι
3067 2208 3225 2261 τοῦτο
3253 2209 3459 2277 πρᾶξαι
3490 2206 3739 2282 ἠπείθη-

2154 2319 2276 2366 σαν,
2322 2301 2398 2364 ὼς
2442 2300 2538 2355 καὶ⁸
2578 2301 2648 2353 τὰ
2692 2299 2813 2369 ἱερὰ
2861 2298 3175 2352 διδάσκουσι
3222 2298 3418 2366 Δόγια,
3453 2297 3549 2350 ἅτε
3599 2297 3743 2359 τοὺς

2154 2391 2440 2464 πατρῴους
2487 2390 2686 2460 νόμους
2731 2386 3051 2458 παραϐῆναι
3096 2387 3171 2458 μὴ
3220 2387 3585 2456 ἀνασχόμενοι
3626 2385 3744 2440 καὶ

2152 2483 2246 2537 τὸν
2299 2481 2524 2551 ὕψιστον
2569 2480 2704 2534 Θεὸν
2743 2479 3015 2550 ἀτιμάσαι
3050 2478 3145 2533 καὶ⁴
3181 2476 3386 2547 εἰδώλῳ
3430 2492 3745 2548 προσενεγ-

2155 2578 2273 2630 κεῖν
2307 2573 2406 2645 τὴν
2436 2571 2811 2644 προσκύνησιν
2835 2587 2852 2604 ο
2898 2570 3075 2643 ταύτῃ
3114 2587 3194 2624 τοι
3238 2571 3335 2624 καὶ
3386 2570 3466 2641 τῷ
3504 2568 3744 2642 πονηρῷ

2155 2667 2537 2724 διαϐάλλονται
2570 2664 2819 2735 βασιλεῖ’
2856 2665 2954 2721 καὶ
2993 2664 3388 2735 προσελθόντες
3423 2664 3474 2716 οἰ
3508 2662 3745 2717 διαϐάλ-

2157 2761 2342 2824 λοντες
2382 2757 2617 2820 αὐτούς’
2649 2755 2907 2822 Βασιλεῦ,
2954 2755 3188 2825 ἔφησαν,
3232 2755 3285 2808 οἰ
3317 2753 3470 2824 παρὰ
3506 2753 3602 2806 σοῦ
3629 2753 3741 2823 τῆς

2156 2852 2342 2924 χώρας
2367 2851 2559 2921 ἄρχειν
2581 2849 2862 2918 λαχόντες,
2890 2847 3101 2917 Σεδρὰκ
3118 2841 3275 2909 οὗτος
3304 2845 3402 2899 καὶ
3420 2846 3607 2899 Μισὰκ
3635 2846 3745 2901 καὶ

2170 2940 2503 3010 ’Δϐδεναγὼ,
2523 2939 2648 2994 οὔτε
2679 2944 2746 3011 τῇ
2782 2940 2953 2995 εἰκόνι
2982 2941 3317 3009 προσκυνεῖν
3341 2938 3477 3002 ὅλως
3509 2938 3747 3007 ἀνέχον-

2159 3051 2271 3101 ται,
2311 3032 2437 3087 οὕτε
2486 3033 2595 3103 μὴν
2636 3034 2751 3096 τοῖς
2798 3034 2912 3095 σοῖς
2962 3031 3300 3101 διατάγμασι
3354 3030 3744 3100 πειθαρχοῦσι.

480 3117 652 3188 gium.
711 3117 851 3185 Quid
895 3133 1025 3188 ergo
1076 3118 1336 3188 deinceps
1373 3128 1457 3173 est
1511 3119 1914 3174 consecutum?
1959 3118 2054 3173 llle

2171 3128 2349 3183 Γαῦτα
2376 3122 2532 3181 εἷπον
2561 3128 2786 3191 ἐκεῖνοι,
2823 3126 2915 3180 καὶ
2945 3126 3084 3195 ταχὺ
3097 3124 3319 3185 τούτους
3342 3125 3423 3185 εἰς
3456 3122 3754 3190 παράστα-

387 3256 391 3276 ,
483 3209 707 3280 quidem
743 3209 974 3280 rogavit,
1021 3224 1090 3263 an
1121 3225 1249 3263 vera
1275 3217 1488 3275 essent,
1511 3219 1570 3264 et
1599 3210 1808 3265 nollent
1828 3225 2052 3265 auream

2171 3240 2249 3276 σιν
2282 3220 2343 3273 τὸ
2372 3219 2654 3286 βασιλικὸν
2680 3219 2894 3290 ἰδίχετο
2928 3218 3109 3288 βῆμα·
3141 3217 3194 3269 τί
3221 3215 3316 3270 οὖν
3345 3215 3406 3269 τὸ
3439 3214 3699 3269 ἐντεῦθεν
3728 3232 3746 3281 ς

484 3310 722 3355 statuam
759 3300 991 3355 adorare
1036 3315 1160 3354 cum
1200 3300 1342 3355 aliis.
1394 3300 1623 3356 Dicebat
1650 3300 1796 3355 enim
1826 3316 1885 3356 se
1948 3316 2059 3356 non

484 3392 713 3448 credere
744 3393 859 3448 haac
879 3406 998 3448 esse
1040 3410 1188 3448 vera.
1217 3393 1298 3448 llli
1343 3408 1473 3448 vero
1507 3408 1704 3464 magno
1734 3403 1791 3447 et
1835 3394 2059 3449 excelso

486 3485 672 3540 animo
705 3485 961 3539 dixerunt
983 3502 1042 3540 se
1070 3486 1279 3540 nullum
1314 3486 1483 3540 alium
1532 3486 1761 3549 habere,
1816 3487 1921 3543 nisi
1972 3502 2066 3542 so-

487 3576 601 3631 lum
628 3577 796 3631 Deum
833 3576 887 3630 in
918 3577 1071 3633 cmlis
1108 3594 1123 3632 ι
1154 3578 1249 3647 qui
1287 3593 1388 3631 nos
1409 3586 1613 3646 potest,
1648 3593 1680 3631 o
1706 3594 1820 3645 rex,
1842 3577 2061 3648 eripere

487 3684 551 3724 ex
590 3669 693 3724 hac
719 3667 941 3723 fornace
976 3668 1225 3732 ardente,
1261 3676 1317 3722 et
1345 3684 1411 3723 ex
1433 3670 1540 3722 tuis
1564 3669 1841 3723 manibus.
1894 3666 2063 3725 Certo

486 3763 632 3817 enim
685 3762 849 3824 scias,
904 3760 1051 3830 quod
1084 3777 1185 3816 nos
1229 3762 1363 3816 deos
1399 3769 1521 3815 tuos
1566 3775 1675 3814 non
1720 3762 1984 3826 colemus,
2010 3768 2065 3814 et

489 3867 734 3915 auream,
768 3867 931 3921 quam
960 3852 1214 3920 posuisti,
1258 3861 1490 3905 statuam
1534 3867 1642 3905 non
1684 3850 2064 3906 adorabimus.

492 3947 872 4015 Histyrannus
906 3961 1016 3999 non
1045 3945 1227 3997 minus
1258 3944 1338 3996 ira
1366 3957 1653 4002 accensus.
1680 3958 1844 4013 quam
1869 3941 2060 3997 τοι-ηδτ

492 4038 886 4108 ardens,jubet
920 4039 1092 4091 iratus
1126 4038 1278 4091 viros
1323 4038 1603 4101 robustos,
1646 4036 1897 4091 Azariam
1940 4051 2066 4092 cum

490 4134 725 4197 ueteris,
757 4132 969 4188 vinctos
990 4145 1114 4187 cum
1167 4131 1414 4186 vestibus
1465 4140 1521 4184 et
1556 4129 1859 4196 tibialibus,
1906 4128 1981 4183 ita
2009 4136 2071 4183 ut

492 4234 670 4287 erant,
707 4224 763 4278 in
796 4223 1074 4278 fornacem
1112 4220 1359 4290 injicere.
1388 4221 1455 4277 Et
1491 4220 1570 4275 illi
1611 4219 1834 4292 quidem
1882 4219 2069 4274 statim

496 4318 551 4372 in
585 4317 764 4389 ignem
799 4314 1008 4384 iniecti,
1037 4313 1223 4368 divina
1278 4310 1625 4383 providentia
1671 4319 2071 4366 conservantur

495 4409 673 4473 illaesi,
706 4417 762 4463 et
784 4406 1182 4462 admirabiliter
1210 4421 1275 4461 ac
1295 4415 1488 4461 contra
1523 4403 1840 4475 opinionem
1892 4402 2071 4458 mani-

2170 3311 2231 3366 οο
2263 3312 2365 3382 μὲν
2387 3313 2436 3364 ει
2463 3309 2640 3381 ἀληοῆ
2676 3308 2851 3364 ταῦτα
2893 3308 3280 3363 διεπυνθάνετο
3325 3307 3419 3360 καὶ
3453 3309 3520 3376 τῇ
3558 3308 3747 3376 χρυσῇ

2160 3400 2330 3454 εἰκόνι
2360 3398 2500 3468 μετὰ
2524 3398 2632 3451 τῶν
2659 3397 2836 3453 ἄλλων
2869 3399 2931 3450 ού
2968 3398 3296 3465 προσκυνεῖν
3324 3393 3600 3464 βούλοιντο
3618 3407 3633 3421 ’
3663 3395 3751 3465 μὴ

2160 3488 2219 3541 δὲ
2246 3487 2355 3558 γὰρ
2387 3486 2670 3541 πιστεύειν
2691 3485 2882 3554 ἔλεγεν
2912 3486 3171 3555 ἀληθείας
3193 3484 3414 3555 ἔχεσθαι
3443 3484 3617 3538 ταῦτα
3637 3498 3651 3513 °
3692 3485 3752 3537 οἰ

2161 3579 2219 3633 δὲ
2255 3578 2630 3650 μεγαλόφρονι
2665 3578 2877 3648 διανοίᾳ
2905 3577 3059 3631 οὐδὲν
3098 3579 3285 3646 ἕτερον
3320 3576 3354 3645 ἢ
3396 3575 3542 3645 ἔχειν
3577 3576 3750 3645 μόνον

2162 3671 2297 3725 Θεὸν
2326 3673 2385 3725 ἐν
2411 3671 2664 3741 οὐρανοῖς
2694 3670 2957 3739 ἔφασκον,
2981 3669 3039 3734 δς
3071 3669 3357 3735 ἐξελέσθαι
3391 3671 3538 3739 ἡμᾶς
3576 3669 3749 3723 δύναο

2162 3778 2256 3816 ται
2288 3761 2386 3831 τῆς
2423 3760 2659 3830 καμίνου
2685 3759 2892 3827 ταύτης
2926 3760 3027 3830 τῆς
3062 3763 3357 3831 καιομένης
3384 3762 3475 3814 καὶ
3502 3759 3609 3814 τῶν
3634 3759 3751 3815 σῶν

2164 3853 2389 3923 χειρῶν,
2419 3846 2464 3906 ὦ
2495 3850 2740 3922 βασιλεῦ.
2774 3851 3024 3905 Γνωστὸν
3065 3852 3175 3923 γὰρ
3205 3852 3422 3923 ἀληθῶς
3463 3853 3606 3906 ιστω
3636 3869 3749 3919 σοι,

2164 3945 2247 3998 ὅτι
2279 3945 2393 4006 τοῖς
2422 3941 2566 4006 θεοῖς
2610 3958 2706 3994 σου
2744 3940 2804 3992 οὐ
2837 3939 3178 4012 λατρεύομεν
3221 3942 3317 3997 καὶ
3360 3945 3427 4012 τῇ
3458 3943 3628 3997 εἰκόνι
3677 3946 3752 4014 τῇ

2166 4035 2344 4104 χρυσῇ
2369 4024 2403 4106 ἦ
2430 4031 2673 4102 ἔστησας
2696 4031 2756 4084 οὐ
2780 4030 3227 4102 προσκυνοῦμεν.
3255 4030 3479 4092 Τούτοις
3504 4030 3532 4082 ό
3550 4028 3758 4099 τύραν-

2168 4141 2257 4188 νος
2281 4124 2436 4177 οὐδὲν
2461 4140 2626 4196 ηττον
2662 4124 2759 4192 τῆς
2789 4123 3127 4195 ἀναφθείσης
3156 4122 3393 4192 καμίνου
3432 4120 3755 4185 διακαυθεῖς

2170 4213 2373 4284 ἄνδρας
2396 4214 2654 4285 ἰσχυροὺς
2683 4213 2742 4267 ὲν
2767 4214 2907 4286 ὀργῇ
2937 4212 3151 4267 κελεύει
3176 4212 3307 4277 τοὺς
3331 4215 3458 4281 περὶ
3490 4211 3757 4282 ’Δζαρίαν

2171 4306 2368 4371 αὐταῖς
2397 4306 2614 4370 στολαῖς
2640 4306 2736 4360 καὶ
2769 4307 3167 4378 περικνημῖσιν
3197 4303 3275 4369 ὡς
3302 4300 3448 4374 εἶχον
3484 4304 3761 4373 πεδήσαν-

2172 4417 2288 4465 τες,
2323 4400 2588 4470 ἐμϐαλεῖν
2621 4403 2701 4466 εἰς
2740 4400 2839 4473 τὴν
2875 4400 3147 4471 κάμινονο
3192 4400 3289 4454 καὶ
3333 4399 3383 4452 οἰ
3427 4399 3527 4469 μὲν
3567 4400 3649 4462 εἰς
3692 4397 3759 4450 τὸ

495 4497 693 4554 festum
718 4496 990 4568 etlugiunt
1014 4495 1344 4566 periculum.
1383 4493 1504 4550 Non
1534 4494 1684 4549 enim
1715 4508 1813 4549 eos
1846 4490 2066 4548 omnino

2178 4490 2291 4562 πῦρ
2321 4492 2526 4555 εὐθέως
2557 4490 2871 4564 βληθέντες,
2906 4491 2972 4545 ὲκ
3016 4490 3275 4562 προνοίας
3305 4489 3455 4552 θείας
3493 4486 3762 4551 ἀϐλαϐεῖς

497 4590 640 4659 ignis
672 4588 873 4660 attigit,
928 4602 1110 4657 neque
1142 4602 1239 4642 eos
1269 4587 1379 4642 ulla
1411 4586 1597 4642 all'ecit
1629 4584 1904 4641 molestia.
1964 4583 2073 4641 Sed

495 4696 620 4735 cum
653 4696 759 4734 una
792 4695 915 4735 eum
952 4695 1035 4734 eis
1064 4680 1439 4735 descendisset
1468 4690 1524 4735 et
1564 4678 1824 4749 Angelus,
1884 4677 2072 4733 statim

497 4766 723 4837 quidem
748 4783 777 4820 a
818 4767 1230 4837 circumpositis
1259 4769 1580 4822 relaxantur
1631 4767 1906 4823 vinculis:
1940 4783 2076 4821 aura

462 4856 465 4861 ’
502 4867 684 4916 autem
714 4875 839 4914 rore
890 4847 1205 4930 aspergens,
1231 4860 1311 4914 eis
1335 4862 1513 4915 evasit
1538 4859 1701 4931 ignis,
1730 4871 1787 4914 et
1810 4871 2073 4930 tanquam

501 4950 554 5005 in
618 4951 857 5006 thalamo
907 4953 962 5006 in
1019 4952 1200 5006 media
1232 4951 1449 5006 ﬂamma
1496 4960 1729 5014 stantes,
1781 4951 2080 5005 laudabant

501 5043 673 5097 Deum
715 5044 1099 5099 universorum
1137 5061 1151 5098 :
1183 5043 1514 5100 Benedictus
1556 5059 1638 5108 es,
1669 5043 1941 5110 dicentes,
1974 5044 2081 5097 Doc-

507 5141 675 5208 mine,
714 5140 858 5196 Deus
883 5151 1100 5211 patrum
1135 5149 1472 5206 nostrorum,
1503 5148 1560 5195 et
1587 5139 1862 5195 laudabile
1888 5147 1945 5193 et
1966 5137 2081 5209 gloo

509 5232 718 5288 riosum
745 5242 829 5289 est
858 5249 1056 5288 nomen
1091 5244 1245 5289 tuum
1296 5233 1352 5287 in
1390 5233 1588 5290 szecula
1614 5249 1627 5286 :
1657 5240 1713 5287 et
1770 5247 1893 5301 quae
1925 5230 2084 5286 dein-

505 5339 636 5395 ceps
686 5332 995 5393 sequuntur
1047 5325 1101 5378 in
1159 5325 1394 5379 cantico.
1450 5324 1559 5379 Eos
1601 5339 1731 5378 vero
1791 5322 1888 5395 qui
1934 5323 2083 5393 ipsos

506 5423 861 5481 accusabant,
884 5414 1188 5480 Chaldaeos,
1218 5425 1275 5469 et
1305 5414 1508 5469 multus
1550 5414 1688 5469 alios
1722 5428 1790 5469 ex
1821 5413 2081 5484 Assyriis,

510 5507 652 5578 ignis
675 5522 977 5562 excurrens
1000 5505 1241 5577 perdidit
1268 5513 1325 5560 et
1352 5502 1654 5561 interemit.
1710 5504 1803 5560 Sic
1823 5504 2000 5576 gloria
2029 5514 2088 5561 et

510 5600 723 5655 honore
750 5614 1015 5655 coronare
1042 5599 1198 5653 novit
1217 5598 1365 5654 Deus
1386 5613 1503 5662 eos,
1528 5599 1625 5669 qui
1653 5614 1846 5654 revera
1880 5612 2084 5655 nomen

516 5692 667 5746 illius
692 5691 1019 5762 glorificant.
1048 5691 1139 5747 Sic
1167 5691 1271 5746 ﬁde
1320 5691 1521 5763 dignus
1546 5700 1653 5756 est,
1684 5691 1777 5762 qui
1806 5691 2084 5763 promisit,

514 5782 659 5844 quod
731 5783 943 5841 etiamsi
981 5800 1076 5854 per
1115 5782 1293 5852 ignem
1336 5784 1547 5849 venias,
1577 5801 1686 5840 non
1721 5784 2087 5847 combureris,

2176 4580 2535 4646 διασώζονται
2575 4584 2669 4638 καί
2707 4581 3029 4652 παραδόξως
3083 4581 3175 4635 τὸν
3206 4580 3460 4655 προφανῆ
3507 4579 3759 4634 κίνδυνον

2178 4672 2621 4743 ύποφεύγουσιν*
2654 4674 2717 4727 οὗ
2744 4674 2854 4746 γὰρ
2888 4672 3070 4745 ἥψατο
3098 4672 3286 4728 αὐτῶν
3326 4672 3388 4727 τὸ
3430 4671 3663 4726 καθόλου
3696 4671 3763 4724 τὸ

2180 4765 2291 4837 πῦρ
2322 4766 2449 4820 οὐδὲ
2484 4765 2592 4837 μὴν
2625 4764 2867 4836 ἐλύπησε
2896 4766 2958 4819 τὸ
2988 4764 3270 4836 παράπαν,
3303 4763 3441 4818 ἀλλὰ
3482 4780 3766 4832 συγκατα-

2181 4857 2380 4921 ϐἀντος
2404 4858 2587 4919 αὐτοῖς
2619 4858 2877 4928 ἀγγέλου,
2901 4858 3144 4912 ἀνίενται
3169 4855 3269 4929 μὲν
3303 4856 3412 4910 τῶν
3439 4856 3767 4926 περικειμέ-

2182 4970 2290 5007 νων
2327 4952 2525 5007 αὐτίκα
2557 4952 2774 5020 δεσμῶν
2799 4966 2814 4985 ο
2845 4949 2989 5021 αῦρα
3017 4949 3075 5002 δὲ
3109 4947 3435 5019 δροσίζουσα
3454 4946 3516 4999 τὸ
3538 4946 3649 5015 πῦρ
3670 4946 3767 4997 αύ-

2183 5046 2297 5108 τοῖς
2337 5044 2609 5112 ἐγεγόνει,
2641 5042 2739 5096 καί⁵
2780 5041 2854 5104 ὡς
2900 5043 2959 5095 ἐν
3000 5038 3236 5094 παστάδι
3285 5041 3353 5111 τῇ
3392 5037 3555 5109 φλογὶ
3599 5036 3769 5098 μέσον

2187 5137 2421 5199 ἑστῶτες
2441 5137 2531 5190 τὸν
2556 5135 2648 5190 ἐπὶ
2669 5134 2887 5188 πάντων
2913 5130 3120 5202 ὕμνουν
3152 5131 3286 5186 Θεόν
3304 5147 3318 5162 ο
3346 5129 3659 5200 Εὐλογητὸς
3692 5124 3769 5192 εἰ,

2188 5228 2385 5301 Κύριε,
2414 5227 2689 5296 λέγοντες,
2717 5227 2747 5279 ό
2775 5225 2909 5289 Θεὸς
2925 5224 3033 5277 τῶν
3061 5223 3316 5292 πατέρων
3339 5220 3517 5292 ἡμῶν,
3551 5222 3646 5275 καὶ
3678 5221 3775 5272 αἰ-

2188 5320 2341 5373 νετὸν
2366 5318 2460 5372 καὶ
2480 5316 2866 5386 δεδοξασμένον
2891 5314 2951 5368 τὸ
2972 5312 3145 5383 ὄνομα
3162 5329 3256 5365 σου
3284 5313 3362 5370 εἰς
3388 5310 3518 5374 τοὺς
3539 5309 3773 5373 αἰῶνας,

2189 5412 2283 5466 καὶ
2316 5412 2385 5464 τὰ
2414 5409 2541 5477 ἑξῆς
2570 5407 2671 5476 τῆς
2702 5406 2873 5477 qna;-
2912 5406 3041 5468 τοὺς
3067 5404 3123 5457 δὲ
3163 5401 3519 5463 διαϐαλόντας
3569 5400 3776 5460 αὐτοὺς

2191 5501 2494 5564 Χαλδαίους
2519 5501 2616 5555 καὶ
2639 5497 2869 5562 πολλοὺς
2892 5496 3082 5559 ἄλλους
3109 5494 3218 5550 τῶν
3252 5492 3553 5563 ’Δσσυρίων
3574 5492 3636 5545 τὸ
3658 5489 3779 5560 πῦρ

2192 5593 2466 5666 ὲκδραμὸν
2498 5590 2775 5662 διέφθειρέ
2806 5605 2867 5642 τε
2896 5588 2990 5642 καὶ
3024 5588 3106 5651 είς
3130 5587 3281 5647 τέλος
3304 5584 3589 5640 ἀπώλεσεν
3613 5620 3631 5638 .
3665 5578 3780 5637 Οὖ-

2192 5706 2273 5741 τω
2306 5684 2437 5759 δόξῃ
2466 5684 2560 5738 καὶ
2590 5685 2721 5754 τιμῇ
2752 5681 3055 5748 στεφανοῦν
3087 5675 3194 5733 οἶδε
3226 5678 3359 5740 Θεὸς
3379 5678 3503 5738 τοὺς
3535 5676 3685 5747 ἔργῳ
3712 5674 3779 5726 τὸ

2196 5780 2407 5835 ἐκείνου
2442 5774 2768 5846 δοξάζοντας
2819 5773 2990 5844 ὄνομα
3014 5789 3026 5801 ·
3064 5771 3206 5826 οὓτω
3239 5771 3423 5836 πιστὸς
3450 5772 3478 5823 ό
3504 5773 3782 5837 ἐπαγγει-
