3994 6438
303 392 396 456 331
1333 393 1506 452 VITA
1550 393 1612 451 S.
1669 388 2094 451 PROPHET/E
2131 389 2514 450 DANIELIS.

3457 385 3564 445 382

305 510 554 577 λάμενος,
605 507 692 560 ὅτι
724 504 846 560 Κᾶν
884 503 974 559 διὰ
1019 507 1187 572 πυρὸς
1225 505 1462 576 διέλθῃς,
1498 505 1561 558 οὐ
1601 504 1674 574 μὴ
1709 520 1882 557 κατα-

1994 517 2164 572 neque
2195 501 2438 557 ardebis.
2473 499 2653 568 Atque
2688 496 2807 552 haec
2839 494 3062 566 quidem
3098 492 3180 550 sic
3227 491 3564 551 habuerunt,

307 597 511 667 καυθῇς
537 595 663 649 οὐδὲ
705 596 781 667 μὴ
819 595 1165 666 συμφλεγῇς.
1195 592 1321 666 Εῐχε
1357 595 1458 665 μὲν
1495 595 1642 649 οὕτω
1673 593 1880 648 ταῦτα·

307 690 403 742 xxi.
427 689 479 740 οί
507 689 656 757 τρεῖς
684 687 876 749 παῖδες
897 689 956 740 ὲν
978 687 1044 758 τῇ
1070 687 1286 757 καμίνῳ
1316 687 1527 757 διῆγον,
1563 687 1642 740 ἔτι
1672 686 1764 740 τὸν
1791 687 1885 739 ἐπὶ

309 783 529 836 πάντων
561 779 845 842 αἰνοῦντες
868 778 1023 832 Θεόν.

379 872 462 927 H’.
506 873 566 928 Ὀ
598 870 855 940 βασιλεὺς
896 871 954 924 δὲ
1003 871 1064 923 τὸ
1101 873 1334 942 πρᾶγμα
1365 869 1455 924 διὰ
1485 870 1762 938 θαύματος
1794 869 1884 921 θὲο

311 979 497 1030 μενος,
526 961 624 1012 τοῦ
657 960 852 1030 θρόνου
893 958 992 1029 μὲν
1020 959 1185 1022 εὐθὺς
1206 961 1580 1026 ἐξανίσταται·
1612 955 1887 1025 διαπορῶν

307 1054 364 1104 δὲ
392 1048 484 1122 ἦν,
521 1051 643 1112 πῶς
684 1050 795 1120 ἄρα
836 1050 984 1121 τρεῖς
1027 1049 1158 1120 παρ’
1191 1049 1356 1102 αὑτοῦ
1401 1052 1468 1119 τῇ
1502 1049 1720 1118 καμίνῳ
1756 1047 1888 1117 βλη-

309 1141 497 1204 θέντες
534 1140 803 1208 τέσσαρες
835 1136 1342 1209 ἄρτικαθορῶνται,
1381 1139 1550 1208 μηδὲν
1577 1139 1820 1209 λυπηρὸν
1850 1139 1882 1209 ἥ

309 1230 473 1297 ἀηδὲς
498 1229 640 1292 ὃλως
686 1228 931 1298 ἔχοντες·
978 1227 1012 1297 ἠ
1057 1223 1154 1279 τοῦ
1190 1227 1455 1296 τετάρτου
1491 1226 1546 1277 δὲ
1576 1225 1694 1294 ὄψις
1721 1227 1886 1295 ὁμοία

312 1321 429 1390 Υίῷ
461 1321 626 1383 Θεοῦ,
655 1321 748 1374 καὶ
781 1319 981 1372 αὐτίκα
1027 1318 1165 1388 πρὸς
1204 1321 1270 1388 τῇ
1311 1317 1453 1389 θύρᾳ
1505 1317 1600 1370 τοῦ
1649 1319 1884 1385 καμίνου

312 1417 608 1484 γεν-ὗμενος
631 1432 647 1448 ο
678 1414 905 1484 Σεδρὰχ,
938 1412 1064 1484 ἔφη,
1090 1413 1184 1465 καὶ⁵
1213 1413 1400 1466 Μισὰκ
1428 1414 1523 1467 καὶ
1553 1413 1885 1482 Ἀὄδεναγὼ,

312 1508 360 1558 ut
385 1505 570 1559 δοῦλοι
594 1504 690 1557 τοῦ
715 1503 853 1556 Θεοῦ
897 1503 991 1556 τοῦ
1035 1503 1287 1572 ὑψίστου,
1310 1502 1554 1567 ὲξέλθετε
1584 1504 1676 1557 καὶ
1702 1504 1883 1558 δεῦτεο

308 1597 356 1648 οἱ
385 1597 445 1649 δὲ
470 1595 702 1666 ἐξῆλθον
729 1595 857 1648 σῶοι
903 1593 996 1648 καὶ
1023 1593 1258 1658 ἄθικτοι,
1298 1593 1432 1664 μηδὲ
1473 1595 1658 1664 τριχὸς
1704 1595 1886 1651 αὐτῶν

305 1689 398 1742 τοῦ
429 1689 606 1759 πυρὸς
630 1687 1047 1759 κυριεύσαντος.
1075 1688 1263 1741 Ταῦτα
1283 1687 1360 1750 ὡς
1393 1683 1534 1741 εἵδεν
1552 1691 1580 1741 ὁ
1607 1688 1882 1758 βασιλεὺς,

306 1781 404 1851 τὴν
433 1780 749 1851 ὑπερϐολὴν
770 1779 866 1832 τοῦ
899 1779 1201 1844 θαύματος,
1229 1779 1430 1849 μᾶλλον
1458 1779 1517 1834 δὲ
1539 1781 1650 1834 τῶν
1673 1781 1887 1851 θαυμά-

305 1889 414 1924 των
442 1870 842 1937 καταπλαγεὶς,
878 1869 960 1922 ὅτι
983 1886 1044 1922 τε
1074 1869 1358 1938 κρείττους
1383 1866 1648 1939 ὤφθησαν
1675 1870 1883 1925 τοιοῦδε

305 1961 499 2031 πυρὸς,
533 1961 630 2013 καὶ
660 1960 741 2012 ὅτι
775 1958 852 2029 μὴ
882 1957 1069 2020 ἁπλῶς
1094 1958 1405 2029 κρείττους,
1427 1959 1565 2012 ἀλλὰ
1596 1959 1732 2029 μηδὲ
1764 1959 1887 2030 θρὶξ

302 2051 486 2104 αὐτῶν
512 2053 575 2104 τὸ
597 2049 1077 2119 εὐμαραντότατον
1096 2049 1334 2121 τοσαύτῃ
1366 2051 1655 2122 παρερῤύη
1686 2051 1846 2121 φλογί
1869 2068 1882 2081 ·

301 2145 441 2215 πρὸς
483 2145 704 2206 τούτοις
735 2145 818 2196 ὅτι
853 2141 1132 2212 δεδεμένοι
1173 2142 1323 2206 ὅντες
1344 2143 1506 2206 εὐθὺς
1557 2145 1875 2215 ἀνείθησαν,

301 2237 394 2289 καὶ
433 2237 632 2305 ὅτιπερ
676 2236 734 2286 ὲν
785 2237 854 2304 τῇ
903 2234 1123 2303 καμίνῳ
1164 2235 1434 2304 παρόντες
1479 2235 1558 2289 ἔτι
1598 2237 1694 2290 καὶ
1739 2237 1886 2307 ᾅδειν

303 2325 588 2395 ἠκούοντο,
618 2327 647 2378 ὃ
675 2327 789 2390 τοῖς
835 2328 892 2380 ἐν
932 2325 1093 2394 φλογὶ
1124 2325 1359 2378 θάνατον
1391 2327 1557 2390 ὀξέως
1604 2321 1748 2381 οἶδεν
1783 2330 1886 2382 ἔπι

305 2420 457 2488 ἄγειν
509 2420 652 2489 αὑτῇ
687 2417 1035 2488 παραχρῆμα
1064 2419 1130 2488 τῇ
1159 2418 1415 2484 διανοίξει
1452 2419 1547 2472 τοῦ
1592 2420 1883 2490 στόματος,

307 2510 396 2563 καὶ
434 2511 520 2563 ὅτι
566 2511 628 2563 τὸ
667 2509 779 2578 πῦρ
821 2511 1001 2563 ἐκεῖνο
1031 2508 1058 2561 ὂ
1081 2510 1180 2578 τῆς
1206 2511 1417 2573 οἰκείας
1462 2513 1520 2563 ὲν
1549 2511 1764 2575 τούτοις
1800 2514 1887 2579 ἐξ-

312 2604 533 2662 ελάθετο
589 2602 832 2671 φύσεως,
875 2605 937 2656 ἑν
976 2606 1089 2659 τοῖς
1143 2603 1276 2670 περὶ
1329 2603 1430 2673 τὴν
1494 2603 1725 2674 κάμινον
1768 2601 1886 2659 οὖσι

307 2695 599 2756 Χαλδαίοις
632 2692 745 2763 πῦρ
773 2692 1003 2756 ἀκριόὲς
1030 2687 1099 2762 ἦν
1127 2694 1222 2746 καὶ
1250 2693 1375 2747 οὐδὲ
1408 2694 1552 2748 κατὰ
1577 2694 1761 2765 χώραν
1789 2697 1888 2765 μὲ-

308 2801 419 2845 νον,
448 2783 570 2836 ἀλλ’
597 2782 744 2847 ὲξιῖν
784 2782 880 2835 καὶ
909 2782 1204 2854 ἁλλόμενον
1245 2783 1340 2836 καὶ
1385 2785 1514 2847 τοὺς
1562 2783 1746 2848 ἀξίους
1794 2785 1886 2838 εὑ-

309 2875 630 2946 μαρὲστατα
674 2874 1038 2942 καταρλέγον·
1098 2875 1274 2929 ταῦτα
1330 2874 1510 2929 πάντα
1559 2876 1770 2940 ἐκεῖνος
1812 2876 1889 2940 ὡς

305 2964 468 3030 εἶδεν,
503 2968 588 3029 είς
617 2966 722 3035 γῆν
761 2983 822 3018 τε
871 2966 1033 3028 εὐθὺς
1052 2966 1249 3019 ἔπιπτε
1298 2966 1425 3032 καὶ,
1469 2967 1769 3037 Εὐλόγητος
1813 2962 1884 3034 sl,

307 3059 504 3128 Κύριε,
537 3058 750 3129 μεγάλη
773 3056 974 3126 ἐκραζε
1004 3058 1070 3126 τῇ
1102 3061 1277 3128 φωνῇ,
1310 3058 1339 3110 ὁ
1361 3056 1495 3120 Θεὸς
1519 3057 1614 3110 τοῦ
1655 3059 1886 3130 Σεδρὰχ,

307 3148 496 3202 Μισὰκ
542 3149 638 3201 καί
674 3143 1011 3212 ’Δὸδεναγὼ,
1052 3143 1111 3207 ὃς
1156 3144 1448 3197 ἀπέστειλε
1507 3145 1600 3198 τὸν
1648 3144 1886 3212 ἄγγελον

306 3237 474 3290 αὐτοῦ
496 3238 594 3290 καὶ
621 3235 891 3308 ἐρρύσατο
917 3236 1044 3298 τοὺς
1068 3234 1250 3299 ὁσίους
1277 3235 1446 3289 αὐτοῦ
1474 3236 1668 3300 παῖδας
1697 3237 1762 3291 ὲκ
1792 3235 1886 3290 τοῦ

305 3329 481 3400 πυρὸς
514 3328 612 3382 καὶ
645 3327 836 3383 κακῶν
864 3328 1098 3392 ἀπαθεῖς
1125 3327 1482 3398 διετήρησενι
1518 3325 1639 3381 εἶτα
1671 3328 1767 3383 καὶ
1798 3328 1887 3382 δό-

305 3440 424 3493 γμα
461 3420 770 3489 ἐκτίθησιν,
795 3420 912 3482 na;
945 3420 1117 3484 ὅστις,
1147 3419 1342 3488 λέγων,
1369 3419 1430 3473 οὐ
1464 3422 1768 3490 προσκυνεῖ
1797 3420 1888 3474 τὸν

305 3513 438 3566 Θεὸν
479 3511 713 3582 Σεδρὰχ,
745 3509 934 3564 Μισὰκ
981 3509 1076 3564 καὶ
1118 3510 1450 3579 Ἀὁδεναγὼ,
1491 3512 1573 3572 είς
1607 3511 1890 3566 ἀπώλειαν

307 3607 463 3659 ἔσται
492 3606 590 3658 καὶ
618 3604 687 3656 τὰ
717 3602 932 3674 ἐκείνου
974 3602 1155 3657 πάντα
1199 3605 1279 3667 είς
1321 3604 1606 3674 προνομήν
1632 3619 1646 3634 ο
1690 3603 1889 3666 αὐτοὺς

305 3700 360 3752 δὲ
389 3699 521 3759 τοὺς
552 3694 859 3766 μακαρίους
907 3695 1104 3757 παῖδας
1152 3694 1314 3764 νῦνῆ
1359 3694 1628 3764 πρότερον
1675 3690 1890 3764 μείζοσι

305 3790 543 3857 δοξασας
580 3789 796 3859 τιμαῖς,
832 3786 1022 3858 ἄρχειν
1071 3787 1168 3840 καὶ
1213 3787 1322 3840 τῶν
1367 3786 1643 3840 Ἰουδαίων
1685 3786 1891 3854 αίχμα-

307 3878 498 3931 λώτων
530 3877 864 3947 ἐπέτρεπεν.

378 3971 452 4022 6'.
484 3969 669 4038 Βραχὺ
690 3969 750 4020 τὸ
789 3967 929 4037 μετὰ
953 3967 1148 4033 ταῦτα,
1181 3968 1276 4020 καὶ
1314 3967 1480 4020 πάλιν
1510 3967 1705 4036 ὅρασις
1729 3967 1893 4037 ἑτέρα

309 4065 452 4120 κατὰ
477 4063 608 4127 τοὺς
633 4063 836 4126 ὓπνους
856 4061 935 4132 τῷ
959 4061 1174 4132 βασιλεῖ
1198 4059 1499 4128 δείκνυται,
1525 4061 1620 4115 καὶ
1645 4062 1678 4134 ἡ
1701 4061 1893 4131 ὅρασις

308 4155 490 4210 τοιάδε
514 4169 532 4184 ⁸
562 4153 780 4225 δένδρον
806 4154 940 4224 ὁρᾷν
965 4153 1142 4206 ἐδόκει
1178 4152 1323 4223 μέγα
1345 4169 1404 4205 τε
1435 4153 1530 4206 καὶ
1561 4152 1892 4222 θαυμάσιον,

310 4249 339 4302 ὃ
376 4246 654 4320 ἑρῤίζωτο
686 4245 786 4314 μὲν
821 4245 916 4298 ἐπὶ
941 4243 1070 4314 γῆς,
1098 4243 1447 4314 ἒμεγαλύνθη
1477 4244 1536 4297 δὲ
1576 4245 1672 4298 καὶ
1703 4245 1894 4314 ἴσχυσε

315 4343 482 4414 μέγα,
511 4340 607 4394 καὶ
623 4339 685 4392 τὺ
709 4339 842 4407 ὕψος
869 4337 1036 4392 αὑτοῦ
1068 4338 1391 4406 κατειλήφει
1421 4336 1512 4390 τὸν
1539 4337 1769 4408 οὐρανὸν
1802 4337 1896 4389 καὶ

311 4432 536 4502 φύλλοις
563 4429 791 4501 ὡραίοις
818 4427 994 4496 ἐκόμα
1014 4427 1110 4480 καὶ
1139 4426 1326 4497 ἐὸριθε
1354 4425 1536 4497 πολλῷ
1566 4426 1643 4498 τῷ
1667 4427 1890 4498 καρπῷ,

1987 607 2043 652 et
2077 607 2188 651 tres
2221 595 2379 665 pueri
2414 592 2685 662 degebant
2732 591 2786 644 in
2812 589 3037 644 fornace
3065 585 3356 641 laudantes
3390 584 3561 637 Deum

1991 687 2397 741 universorum.

2063 867 2198 922 Vill.
2231 865 2347 920 Rex
2374 871 2558 918 autem
2598 876 2714 916 rem
2745 858 3072 922 admiratus,
3102 853 3289 910 statim
3339 852 3563 923 quidem

1989 961 2164 1027 surgit
2206 973 2237 1011 c
2271 956 2470 1010 throno
2509 971 2524 1007 :
2557 951 2848 1006 dubitabat
2895 957 3102 1011 autem,
3138 944 3415 1015 quomodo
3451 953 3567 998 tres

1989 1051 2058 1104 ab
2078 1064 2146 1104 eo
2179 1048 2415 1118 coniecti
2450 1045 2504 1100 in
2559 1045 2862 1104 fornacem,
2889 1056 3039 1095 nunc
3069 1046 3370 1094 cernantur
3423 1051 3563 1103 qua-

1991 1150 2137 1200 tuor.
2163 1139 2258 1208 qui
2287 1137 2428 1191 nihil
2453 1135 2680 1190 omnino
2701 1147 2866 1204 grave
2884 1141 2978 1186 aut
3002 1131 3292 1185 molestum
3316 1141 3561 1182 sensere.

1990 1235 2262 1303 Aspeetus
2290 1244 2424 1285 vero
2469 1229 2650 1299 quarti
2696 1235 2782 1282 est
2804 1225 3003 1281 similis
3034 1224 3174 1278 Filio
3202 1223 3320 1277 Dei.
3350 1221 3416 1274 Et
3452 1230 3562 1274 stav

1992 1327 2088 1381 tim
2121 1323 2390 1380 accedens
2421 1322 2489 1377 ad
2519 1322 2721 1377 ostium
2742 1318 3002 1383 fornacis,
3039 1314 3310 1375 Sedrach,
3360 1313 3561 1381 inquit,

1989 1425 2046 1474 et
2077 1416 2266 1478 Misac,
2292 1423 2348 1471 et
2378 1414 2699 1482 Ahdenago,
2731 1410 2879 1466 servi
2915 1409 3010 1463 Dei
3042 1407 3313 1471 altissimi,
3349 1404 3494 1458 exite
3509 1410 3567 1458 et

1989 1511 2192 1566 venite.
2252 1509 2334 1564 Illi
2385 1515 2570 1562 autem
2606 1504 2746 1560 salvi
2800 1501 3008 1574 egressi
3065 1507 3292 1556 suntet
3343 1496 3563 1558 intacti,

1991 1615 2116 1656 eum
2147 1614 2216 1654 ne
2261 1599 2316 1653 in
2349 1611 2518 1652 unum
2553 1595 2779 1664 quidem
2813 1592 2988 1663 pilum
3023 1587 3365 1644 dominatum
3424 1584 3571 1638 obti-

1991 1692 2206 1747 nuisset
2233 1689 2396 1758 ignis.
2420 1687 2547 1742 Haec
2577 1701 2703 1743 cum
2739 1685 2970 1740 vidisset
3017 1698 3136 1745 rex,
3177 1676 3433 1734 miraculi
3479 1674 3568 1729 vel

1994 1782 2178 1852 petius
2202 1780 2598 1836 miraculorum
2636 1763 2917 1832 summam.
2952 1782 3181 1842 stupens
3231 1767 3567 1839 magnitudi-

1989 1890 2140 1940 nem,
2179 1889 2377 1942 nempe
2413 1872 2562 1942 quod
2592 1879 2649 1926 et
2698 1870 2791 1924 tali
2839 1871 2964 1939 igne
2993 1867 3199 1922 fuerint
3224 1863 3564 1934 superiores,

1989 1973 2046 2020 et
2073 1963 2221 2033 quod
2253 1978 2364 2017 non
2388 1963 2564 2017 solum
2591 1961 2930 2029 superiores,
2966 1957 3062 2014 sed
3085 1972 3188 2010 nec
3211 1969 3409 2010 eorum
3435 1951 3565 2022 qui-

1990 2059 2114 2114 dem
2144 2057 2310 2127 pilus,
2340 2071 2450 2120 res,
2481 2069 2604 2124 quas
2640 2053 2900 2108 facillime
2926 2049 3204 2106 ﬂaccescit
3262 2056 3320 2102 et
3355 2060 3566 2100 marce-

1988 2150 2112 2216 scit,
2153 2156 2304 2204 tanta
2339 2146 2557 2202 flamma
2611 2144 2928 2200 efﬂuxerit:
2973 2152 3031 2198 et
3087 2151 3374 2212 praeterea,
3419 2139 3568 2206 quod

1989 2256 2114 2297 cum
2147 2249 2337 2296 essent
2362 2237 2555 2301 vincti,
2606 2236 2873 2290 continuo
2907 2234 3062 2289 fuere
3093 2233 3256 2287 soluti
3290 2240 3382 2285 :et
3417 2228 3564 2298 quod

1988 2347 2113 2388 cum
2148 2330 2329 2386 adhuc
2357 2335 2544 2384 essent
2579 2328 2635 2381 in
2678 2326 2924 2390 fornace,
2955 2323 3128 2379 auditi
3169 2331 3300 2379 sunt
3351 2337 3563 2377 canen-

1990 2431 2115 2478 tes:
2151 2420 2298 2492 quod
2338 2419 2564 2489 quidem
2609 2417 2699 2483 iis,
2755 2416 2850 2486 qui
2885 2424 3016 2472 sunt
3043 2417 3098 2470 in
3155 2415 3394 2477 ﬂamma,
3447 2413 3568 2482 ipsa

1987 2513 2174 2569 statim
2212 2510 2327 2565 oris
2359 2508 2645 2579 apertione
2691 2515 2927 2562 mortem
2976 2507 3118 2561 solet
3153 2506 3354 2560 aﬂerre
3391 2504 3568 2572 proti-

1987 2620 2094 2660 nus
2130 2623 2142 2659 :
2177 2612 2232 2658 ct
2294 2601 2442 2672 quod
2476 2601 2567 2656 ille
2623 2599 2789 2670 ignis,
2823 2598 2919 2669 qui
2981 2598 3036 2652 in
3066 2599 3149 2652 eis
3208 2595 3447 2666 propria:
3482 2603 3568 2648 est

1988 2697 2194 2754 oblitus
2246 2703 2476 2757 naturae,
2517 2692 2574 2747 in
2614 2691 2909 2755 Chaldaais,
2939 2691 3034 2760 qni
3065 2698 3227 2744 erant
3268 2688 3415 2742 circa
3455 2687 3570 2740 for-

1990 2804 2208 2854 nacem,
2243 2788 2348 2843 fuit
2374 2801 2540 2843 verus
2562 2794 2620 2840 et
2645 2784 2924 2855 perfectus
2959 2781 3123 2852 ignis,
3144 2790 3325 2835 etnec
3365 2779 3567 2834 inloco

1992 2883 2215 2955 quidem
2244 2894 2494 2944 manens,
2529 2877 2626 2934 sed
2662 2875 2954 2948 egrediens
2993 2882 3048 2928 et
3094 2872 3319 2936 saliens,
3356 2878 3413 2924 et
3447 2884 3564 2931 eos,

1991 2979 2085 3047 qui
2134 2977 2283 3047 digni
2329 2983 2504 3039 erant,
2561 2972 2897 3028 comburens
2948 2966 3225 3022 facillime.
3267 2965 3566 3031 Postquam

1994 3071 2086 3126 illc
2113 3069 2251 3124 vidit
2276 3068 2394 3123 haec
2424 3065 2632 3139 omnia,
2663 3062 2850 3119 statim
2880 3058 3034 3115 humi
3059 3056 3281 3119 cecidit,
3308 3067 3364 3109 et
3395 3054 3568 3108 Bene-

1914 3178 1957 3235 ο
1991 3161 2174 3217 dictus
2197 3173 2279 3223 es,
2301 3156 2551 3221 Domine,
2583 3168 2777 3224 magna
2804 3167 2940 3207 voce
2977 3148 3258 3211 clamavit,
3294 3147 3440 3200 Deus
3480 3143 3568 3198 Si-

1991 3254 2185 3316 drach,
2246 3251 2412 3307 Misac
2443 3257 2499 3304 et
2559 3247 2910 3316 Abdenago:
2965 3244 3058 3314 qui
3105 3243 3260 3298 misit
3309 3239 3566 3310 angelum

1990 3360 2175 3410 suum,
2198 3354 2253 3399 et
2274 3342 2534 3398 liberavit
2565 3349 2788 3396 sanctos
2823 3353 2954 3394 suos
2991 3350 3195 3406 pueros
3224 3334 3294 3388 ab
3327 3334 3475 3402 igne,
3511 3340 3570 3385 et

1991 3451 2020 3490 a
2043 3434 2201 3491 malis
2239 3431 2588 3488 conservavit
2617 3430 2838 3484 illaesos.
2879 3425 3089 3480 Deinde
3124 3424 3292 3478 etiam
3329 3421 3445 3476 edit
3475 3419 3572 3474 de-

1991 3535 2228 3592 cretum,
2255 3525 2605 3592 Quicunque,
2652 3521 2866 3582 dicens,
2914 3533 3024 3572 non
3079 3515 3336 3569 adorabit
3396 3514 3568 3567 Deum

1993 3618 2246 3682 Sidrach,
2306 3617 2474 3676 Misac
2520 3621 2576 3670 et
2626 3611 2949 3679 Abdenago,
3006 3607 3277 3670 interibit,
3307 3614 3364 3659 et
3421 3603 3571 3657 illius

1991 3709 2136 3764 bona
2169 3707 2355 3763 omnia
2380 3705 2575 3775 praedae
2605 3710 2790 3758 erunt.
2823 3701 2979 3769 Ipsos
3002 3707 3187 3752 autem
3221 3695 3413 3749 beatos
3432 3707 3571 3762 pueo

1995 3820 2085 3860 ros
2115 3802 2328 3873 majori,
2356 3815 2519 3871 quam
2551 3799 2725 3870 prius,
2756 3797 2968 3851 honore
2997 3792 3258 3854 alliciens,
3278 3791 3444 3860 jussit
3467 3786 3570 3842 Ju-

1993 3897 2125 3952 daeis
2153 3894 2386 3963 captivis
2411 3905 2669 3962 praeesse.

2064 3985 2156 4041 IX.
2190 3985 2308 4040 Non
2342 3984 2575 4038 multum
2611 3976 2925 4035 intercessit
2961 3974 3249 4044 temporis,
3274 3980 3331 4026 et
3373 3984 3568 4025 rursus

1995 4077 2101 4132 alia
2129 4076 2273 4132 visio
2307 4073 2420 4143 regi
2455 4080 2687 4142 apparet
2717 4071 2774 4125 in
2832 4069 3062 4124 somnis.
3095 4064 3400 4121 Videbatur
3459 4061 3567 4117 sibi

1996 4168 2185 4224 videre
2213 4167 2473 4222 arborem
2523 4176 2773 4232 magnam
2801 4157 3274 4221 etadinirabilem,
3309 4169 3436 4224 quae
3478 4168 3570 4207 ra-

1995 4259 2146 4314 dices
2211 4256 2435 4327 quidem
2488 4262 2677 4324 egerat
2736 4252 2793 4307 in
2848 4260 2996 4307 terra
3031 4247 3246 4304 :ercvit
3299 4255 3483 4300 autem
3514 4251 3573 4297 et

1995 4349 2152 4404 valde
2174 4348 2334 4403 fortis
2353 4340 2548 4410 evasit,
2581 4351 2639 4399 et
2666 4341 2900 4398 altitudo
2926 4343 3047 4412 ejus
3087 4340 3289 4394 ccelum
3331 4336 3570 4403 attinge—

1998 4443 2113 4505 bat,
2144 4450 2201 4497 et
2227 4439 2492 4510 speciosis
2521 4446 2645 4493 erat
2683 4443 2899 4492 comata
2931 4430 3098 4497 foliis,
3145 4438 3203 4486 et
3255 4429 3428 4500 plena.
3451 4434 3574 4482 erat

309 4524 378 4578 τὲ
406 4523 581 4594 θηρία
613 4539 674 4575 τε
715 4520 810 4574 τοῦ
849 4518 1025 4591 ἀγροῦ
1066 4519 1250 4574 πάντα
1291 4519 1387 4573 καὶ
1421 4518 1492 4574 τὰ
1527 4519 1750 4572 πετεινὰ
1795 4516 1888 4572 τοῦ

1997 4534 2170 4589 multo
2194 4533 2377 4587 fructu
2415 4548 2428 4584 :
2465 4543 2658 4584 omnes
2689 4541 2824 4583 vero
2853 4526 3044 4582 bestia
3072 4523 3188 4595 agri
3220 4531 3278 4577 et
3317 4521 3578 4575 volucres

310 4617 544 4689 ούρανοῦ
579 4618 637 4669 ὲν
667 4616 843 4685 τούτῳ
864 4613 1103 4684 κατῴκει
1129 4629 1142 4642 ·
1176 4609 1296 4666 εἷτα
1325 4613 1421 4666 καὶ
1453 4612 1608 4684 φωνή
1639 4629 1725 4675 τις
1747 4613 1888 4666 ἄνω-

312 4711 403 4764 θεν
447 4708 626 4780 ἀθρόα
673 4708 870 4779 προῄει
896 4709 1150 4776 ἐκτεμεῖν
1194 4707 1256 4758 τὸ
1301 4705 1523 4775 δένδρον
1568 4704 1893 4771 κελεύουσα,

317 4803 486 4871 μόνην
525 4799 585 4853 δὲ
619 4797 717 4868 τὴν
740 4797 836 4864 τῆς
879 4797 1038 4866 ῥίζης
1079 4795 1306 4865 ὲαθῆναι
1351 4795 1531 4864 φυήν·
1573 4796 1668 4849 καὶ
1697 4795 1762 4865 δὴ
1798 4795 1894 4848 καὶ

313 4895 576 4962 ἐτέμνετο
621 4890 720 4944 καὶ
762 4889 832 4941 τὰ
870 4887 1048 4957 φύλλα
1077 4886 1233 4940 τοῦδε
1259 4886 1611 4957 παραχρῆμα
1645 4886 1896 4957 ἐξερρυί-

315 4999 498 5046 σκετο,
536 4981 630 5035 καὶ
666 4981 734 5034 τὰ
761 4982 818 5032 ὲν
850 4978 1194 5048 αὑτῷπάντα
1227 4978 1344 5042 ζῶα
1376 4977 1473 5031 καὶ
1504 4976 1728 5028 πετεινὰ
1760 4977 1892 5029 θᾶτ-

312 5091 402 5127 τον
431 5070 804 5140 ἀφίστατο.ὐ
838 5070 938 5140 μὲν
981 5071 1194 5139 ὄνειρος
1242 5063 1432 5134 οὗτος·
1468 5069 1498 5121 ὁ
1541 5067 1596 5120 δὲ
1641 5066 1894 5137 βασιλεὺς

312 5167 406 5220 τοῦ
435 5165 614 5218 ῦπνου
641 5163 931 5226 διαναστὰς
982 5164 1076 5216 καὶ
1109 5163 1276 5216 πάλιν
1309 5163 1438 5224 τοὺς
1483 5162 1693 5230 μάγους
1731 5160 1895 5214 καλέ-

316 5275 441 5322 σας,
476 5254 681 5325 διεξῄει
711 5255 772 5308 τὸ
805 5255 994 5308 θεαθὲν
1038 5255 1132 5308 καὶΙ
1167 5253 1285 5323 ἅμα
1323 5253 1376 5306 τί
1417 5252 1680 5323 σημαίνοι
1715 5253 1895 5318 λέγειν

312 5349 506 5418 ἠξίου⁸
542 5345 863 5418 παραυτίκα
909 5345 1020 5399 τῶν
1069 5345 1168 5415 μὲν
1206 5345 1384 5398 ἄλλων
1432 5345 1608 5406 οὐδεὶς
1659 5342 1892 5413 ἐδυνήθη

312 5443 412 5512 τὴν
442 5440 637 5494 τούτου
665 5439 902 5509 δήλωσιν
925 5439 1182 5508 ὲφευρεῖν
1209 5439 1302 5491 καὶ
1327 5437 1389 5490 τὸ
1426 5437 1620 5507 μέλλον
1657 5437 1896 5508 ἐμφανί-

321 5549 414 5587 σαι
440 5532 522 5602 τῷ
555 5530 788 5601 βασιλεῖ,
827 5530 1030 5601 Δανιὴλ
1067 5529 1124 5583 δὲ
1159 5529 1320 5600 μόνος
1363 5531 1458 5582 καὶ
1498 5527 1643 5582 τοῦτ’
1676 5528 1896 5599 ἔκρινεν

316 5626 411 5678 καὶ
436 5623 622 5687 καθὼς
651 5629 801 5690 οὗτος
833 5625 1115 5695 προεῖπεν,
1135 5622 1318 5693 ἀπέϐη
1336 5639 1349 5652 ·
1398 5621 1591 5693 εῐρηκε
1619 5621 1752 5693 γὰρ,
1811 5623 1893 5676 ὅτι

315 5714 387 5768 Συ
415 5711 468 5768 εἷ
492 5716 553 5769 τὸ
582 5714 817 5786 δένδρον,
849 5716 988 5786 ὅπερ
1018 5711 1181 5779 εἶδες,
1202 5707 1247 5767 ὦ
1269 5713 1514 5786 βασιλεῦ,
1546 5716 1640 5768 καὶ⁵
1669 5716 1729 5768 οὐ
1758 5715 1895 5784 μετὰ

320 5808 497 5880 βραχῦ
524 5810 620 5881 τῆς
643 5810 817 5882 αρχῆς
852 5810 1062 5879 ὲκπεσῇ
1086 5823 1099 5836 ·
1132 5806 1294 5862 τοῦτο
1323 5806 1481 5879 γὰρὴ
1515 5806 1656 5877 τομὴ
1679 5807 1886 5882 ἐδήλου·

1992 4627 2052 4682 in
2081 4641 2145 4680 ea
2180 4621 2529 4678 habitabant.
2566 4619 2776 4674 Deinde
2806 4632 2910 4671 vox
2943 4630 3167 4685 quoque
3198 4613 3449 4682 quaedam
3482 4627 3576 4664 re-

1993 4727 2158 4790 pente
2183 4733 2253 4772 ex
2279 4716 2390 4771 alto
2421 4713 2653 4776 exstitit,
2672 4725 2795 4780 quas
2821 4708 3050 4778 jubehat
3072 4707 3326 4760 arborem
3351 4703 3572 4757 exscin-

1996 4812 2151 4875 dere,
2182 4811 2358 4866 solum
2393 4815 2574 4862 autem
2625 4802 2829 4856 dimitti
2887 4815 3114 4870 germen
3183 4798 3406 4852 radicis.
3447 4795 3573 4850 Fuit

1995 4905 2183 4974 itaque
2209 4902 2413 4962 excisa,
2437 4911 2494 4954 et
2533 4898 2654 4967 ejus
2694 4894 2824 4950 folia
2853 4901 3078 4961 repente
3118 4889 3450 4944 ellluxerunt
3475 4903 3488 4939 :
3516 4894 3574 4940 et

1999 5012 2122 5066 quae
2171 5003 2332 5050 erant
2364 4995 2420 5048 in
2452 5007 2540 5056 ea,
2573 5003 2768 5043 omnes
2821 4986 3130 5040 animantes
3176 4995 3234 5037 et
3292 4979 3578 5042 volucres,

1999 5089 2110 5144 cito
2139 5092 2506 5143 recesserunt.
2538 5081 2716 5151 Atque
2751 5079 2856 5134 fuit
2886 5077 3110 5147 quidem
3143 5076 3247 5129 hoc
3274 5073 3572 5128 somnium.

2000 5184 2118 5238 Rex
2155 5190 2339 5236 autem
2370 5195 2400 5234 e
2430 5192 2625 5234 somno
2655 5175 2949 5238 excitatus,
2979 5171 3148 5239 Magis
3179 5183 3374 5223 rursus
3409 5180 3572 5220 voca»

2001 5275 2073 5328 tis
2102 5279 2285 5326 narrat
2308 5269 2386 5335 id,
2420 5268 2568 5339 quod
2594 5267 2771 5320 visum
2791 5264 2972 5319 fuerat
3002 5279 3015 5316 :
3055 5270 3113 5317 et
3142 5261 3306 5316 simul
3342 5257 3578 5328 rogavit,

2003 5362 2360 5425 utdicercnt,
2397 5359 2663 5430 quidnam
2696 5355 3054 5426 significaret.
3109 5352 3288 5420 Atque
3340 5350 3584 5402 aliorum

2003 5451 2227 5522 quidem
2262 5451 2447 5505 nullus
2473 5448 2652 5520 potuit
2688 5445 2871 5501 statim
2911 5445 3160 5500 invenire
3205 5437 3577 5511 significatio-

2002 5553 2154 5604 nem,
2182 5547 2241 5594 et
2272 5538 2490 5608 aperire
2515 5537 2626 5606 regi
2653 5535 2915 5606 quidnam
2955 5541 3102 5591 esset
3143 5531 3388 5586 futurum
3425 5546 3438 5582 ε
3466 5527 3583 5581 Da~-

2005 5631 2115 5684 niel
2171 5645 2306 5685 vero
2335 5631 2487 5685 solus
2548 5630 2654 5683 hoc
2698 5629 2934 5699 coniecit
2964 5644 2979 5682 :
3015 5636 3070 5682 et
3120 5624 3325 5686 evenit,
3356 5621 3502 5676 sicut
3532 5618 3588 5674 is

2003 5720 2516 5788 praedixerat.Dixit
2547 5721 2694 5774 enim
2729 5736 2743 5771 :
2775 5718 2857 5772 Tu
2887 5733 2948 5772 es
2971 5717 3136 5772 arbor
3162 5729 3324 5784 quam
3365 5709 3582 5773 vidisti,

2003 5827 2034 5867 ο
2068 5829 2182 5868 rex.
2217 5813 2334 5868 Non
2368 5813 2540 5868 multo
2571 5820 2693 5882 post
2724 5821 2906 5868 autem
2941 5811 3161 5868 cxcides
3191 5809 3258 5866 ah
3315 5804 3589 5874 imperio,
