3994 6482
418 400 526 463 383

1719 391 2004 455 MENSIS
2047 389 2342 458 IULIUS.

3577 395 3686 458 384

420 514 527 569 hoe
561 515 711 568 enim
734 514 1078 586 significabat
1112 515 1303 572 sectio.
1345 514 1551 572 Deinde
1600 511 1770 569 etiam
1830 512 2000 567 vitam

2130 507 2227 564 ,ἶτα
2257 510 2352 563 καὶ
2381 510 2592 581 θηρίοις
2625 509 2724 582 ἔσῃ
2761 510 3218 580 συνδιαιτώμενος
3251 509 3346 564 καὶ
3384 510 3579 581 χόρτον
3611 510 3641 562 ιτ
3661 518 3692 565 ς

421 622 548 678 ages
582 608 745 662 simul
777 623 902 663 cum
935 609 1088 674 feris,
1120 619 1176 664 et
1206 611 1334 664 feno
1375 608 1622 680 pasceris
1677 607 1824 663 sicut
1853 605 1996 659 bos:

421 712 659 768 cumque
715 699 806 754 sic‘
821 709 1030 770 septem
1053 701 1214 756 annis
1237 701 1441 757 vixeris
1473 701 1528 754 in
1552 698 1876 760 solitudine,
1898 697 2004 752 im-

423 791 640 859 perium
694 807 887 846 rursus
942 793 1196 862 accipies.
1232 792 1350 848 Hoc
1412 793 1556 848 enim
1599 791 1706 848 sibi
1746 791 1864 845 vult
1898 805 2002 843 vox

425 879 540 945 illa,
577 879 672 935 sed
718 896 943 952 germen
984 883 1233 938 radicum
1281 884 1564 938 dimittite.
1608 884 1934 951 PrOpterea,
1968 895 2002 934 o

425 987 544 1036 rex,
576 973 675 1027 tibi
743 989 926 1028 meum
991 976 1202 1046 placeat
1235 977 1552 1042 consilium,
1585 985 1642 1031 et
1679 975 2003 1045 iniquitates

428 1072 551 1119 tuas
606 1066 970 1138 eleemosynis
1005 1069 1234 1135 redime,
1264 1077 1322 1124 et
1360 1079 1582 1139 peccata
1618 1077 1710 1123 tua
1749 1068 1803 1122 in
1841 1068 2007 1122 mise-

428 1157 741 1213 rationibus
774 1174 1079 1230 pauperum
1111 1179 1123 1214 :
1162 1172 1218 1216 et
1251 1160 1484 1217 fortasse
1528 1162 1583 1216 in
1637 1161 1749 1218 tuis
1789 1159 2008 1215 delictis

429 1248 781 1302 exercebitur
807 1249 1008 1305 lenitas
1035 1261 1090 1305 et
1115 1253 1402 1321 patientia.

503 1337 569 1396 Χ.
597 1340 774 1409 Atque
795 1341 911 1397 haec
934 1343 1153 1412 quidem
1182 1340 1368 1413 postea
1392 1351 1715 1408 evenerunt,
1745 1352 1802 1399 et
1843 1343 2008 1397 finem

431 1439 788 1499 acceperunt,
815 1432 961 1488 sicut
987 1435 1202 1490 dixerat
1234 1437 1447 1492 Daniel.
1471 1436 1609 1493 Cum
1639 1437 1786 1494 enim
1833 1435 2012 1493 dictos

435 1532 648 1591 septem
689 1539 864 1580 annos
900 1537 1154 1582 versatus
1181 1538 1330 1584 esset
1352 1545 1445 1584 rex
1474 1529 1529 1585 in
1558 1530 1880 1592 solitudine,
1911 1545 2012 1584 ne-

435 1629 544 1682 que
569 1615 714 1670 ullus
737 1627 884 1674 esset
928 1634 1098 1674 ausus
1135 1635 1362 1690 regnum
1394 1623 1639 1692 aggredi,
1679 1622 1852 1676 Deum
1883 1636 2012 1690 pre-

436 1716 614 1768 catus,
653 1716 712 1762 ut
739 1725 900 1764 suum
930 1727 1158 1781 regnum
1181 1713 1475 1782 reciperet,
1498 1727 1624 1768 cum
1657 1711 2011 1767 successione

438 1802 698 1869 potentiae
729 1805 999 1859 excelsam
1040 1821 1232 1861 rursus
1279 1815 1518 1861 mentem
1561 1807 1814 1870 induens,
1849 1805 1905 1858 in
1929 1819 2017 1859 re-

437 1909 604 1963 gnum
661 1897 959 1951 revertitur
994 1916 1008 1953 :
1059 1908 1112 1954 et
1147 1915 1272 1954 cum
1310 1907 1594 1966 regnasset
1644 1897 2015 1967 quadraginta

442 1992 552 2040 tres
584 2000 779 2050 annos,
819 1989 1036 2043 excedit
1072 2004 1104 2043 e
1137 1990 1248 2042 vita
1277 2007 1290 2042 :
1321 1989 1406 2043 vir
1440 1989 1495 2042 in
1546 1987 1714 2042 rebus
1759 1985 2017 2057 gerendis

439 2088 566 2127 acer
590 2083 645 2128 et
675 2075 993 2137 vehemens,
1024 2089 1078 2132 et
1105 2093 1322 2142 eorum,
1359 2079 1450 2148 qui
1485 2080 1665 2147 ipsum
1728 2091 2019 2146 praecesse-

441 2174 592 2227 runt.
629 2183 858 2236 regnum
920 2169 1083 2240 longe
1141 2170 1515 2225 felicissimus.
1553 2170 1681 2224 Post
1728 2168 2017 2223 decessum

440 2267 624 2311 autem
663 2259 1242 2326 Nabuchodonosoris,
1278 2263 1396 2332 ejus
1429 2261 1574 2315 filius
1604 2276 1831 2332 regnum
1899 2275 2018 2315 sus-

439 2351 575 2420 cipit
609 2351 741 2421 :qui
804 2355 988 2408 statim
1024 2355 1344 2410 Jechoniam
1387 2370 1568 2424 regem
1616 2354 2019 2425 Hierosolymo-

441 2459 586 2506 rum,
617 2459 779 2512 quem
820 2455 973 2515 pater
997 2447 1507 2502 Nabuchodonosor
1533 2448 1810 2516 captivum
1853 2447 2020 2501 duxe-

450 2542 534 2585 rat
565 2532 979 2604 llierosolymis,
1025 2537 1244 2591 solvens
1273 2552 1304 2592 e
1345 2538 1599 2601 vinculis,
1636 2537 1828 2592 habuit
1875 2538 2020 2592 inter

441 2621 650 2676 amicos
683 2624 916 2680 maxime
944 2629 1288 2684 necessarios
1321 2631 1407 2683 :ei
1447 2629 1660 2684 donans
1698 2631 1868 2684 multa
1895 2646 2020 2683 mu-

443 2727 598 2777 nera,
635 2722 691 2767 et
740 2714 950 2769 honore
1010 2715 1251 2772 alliciens
1298 2719 1442 2772 inter
1469 2734 1588 2782 eos,
1638 2719 1732 2788 qui
1772 2719 2017 2773 erantin

443 2818 612 2871 regno
673 2805 1120 2876 Babyloniorum.
1181 2809 1330 2862 Nihil
1367 2809 1514 2864 enim
1558 2811 1688 2864 boni
1737 2810 2021 2866 Jcchonite

439 2897 671 2952 omnino
722 2900 1042 2955 ostenderat
1097 2913 1254 2971 pater
1311 2902 1865 2959 Nabuchodonosor:
1923 2905 2018 2958 sed

442 3003 570 3040 eum
598 2987 652 3042 in
687 2990 919 3046 vinculis
955 2992 1175 3046 tenebat
1211 3004 1267 3047 et
1316 2993 1610 3064 afﬂigebat,
1645 3004 1702 3049 ct
1723 2995 1770 3049 si
1818 2994 2022 3050 Jccho-

444 3079 564 3134 nias
591 3080 798 3135 fecerat
833 3099 946 3137 rem
977 3085 1454 3152 humanissimam,
1481 3097 1537 3142 et
1569 3088 1792 3159 dignam
1831 3090 2024 3145 multis

2111 603 2240 675 βοῦν
2260 603 2538 674 ψωμιοῦσί
2569 621 2628 657 σε
2652 620 2666 634 ο
2697 605 2791 657 καὶ
2818 604 3081 672 διαζήσας
3111 603 3283 666 οὕτως
3312 603 3403 656 ἐπὶ
3433 603 3534 672 τῆς
3561 604 3694 672 ἐρη-

2112 695 2238 766 μίας
2264 695 2490 765 χρόνους
2521 695 2680 762 ἑπτὰ,
2711 695 2866 758 αὖθις
2893 695 2990 762 τὴν
3010 695 3185 765 ἀρχὴν
3216 695 3471 768 ἀπολήψῃ
3491 709 3504 724 ο
3529 692 3698 746 τοῦτο

2109 787 2218 858 γὰρ
2254 789 2286 857 ἡ
2316 788 2501 857 φωνή·
2535 786 2679 857 Πλὴν
2712 786 2810 858 τὴν
2839 787 2978 857 φυὴν
3001 787 3110 839 τῶν
3147 786 3312 857 ρίζων
3337 785 3555 839 ἐάσατε.
3595 786 3700 838 Διὰ

2109 879 2289 945 τοῦτο,
2313 873 2356 932 ὦ
2382 879 2680 950 βασιλεῦ,ή
2715 878 2876 950 βουλή
2915 897 3015 950 μου
3045 879 3300 950 ἀρεσὰτω
3330 895 3435 944 σοι,
3471 879 3562 930 καὶ
3591 878 3698 942 τὰς

2113 971 2338 1039 ἀνομίας
2363 985 2458 1022 σου
2483 972 2540 1022 ἐν
2563 969 2957 1039 ἐλεημοσύναις
2982 970 3256 1040 λύτρωσαι
3285 967 3495 1030 καὶτὰς
3518 968 3704 1035 ἁμαρ-

2110 1060 2234 1123 τίας
2268 1076 2364 1112 σου
2400 1061 2458 1110 ὲν
2492 1060 2796 1129 οίκτιρμοῖς
2825 1062 3076 1130 πενήτων
3101 1077 3115 1091 ·
3154 1060 3283 1123 ἴσως
3312 1058 3462 1112 ἔσται
3491 1074 3707 1130 μακροο

2115 1150 2284 1221 θυμία
2313 1151 2428 1214 τοῖς
2457 1149 2869 1220 παραπτώμασί
2895 1168 3010 1206 σου.

2188 1336 2246 1390 l'.
2300 1335 2488 1407 Ἐξέϐη
2525 1335 2624 1405 μὲν
2656 1334 2886 1405 ὕστερον
2928 1333 3098 1389 ταῦτα
3125 1333 3217 1388 καὶ
3256 1333 3409 1396 τέλος
3447 1331 3703 1403 εἴληφεν,

2117 1426 2242 1491 ὼςὸ
2274 1427 2472 1499 Δανιὴλ
2498 1428 2714 1498 εἰρήκει
2732 1440 2748 1457 ’
2779 1425 3064 1496 διατρίψας
3094 1425 3199 1495 γὰρ
3225 1423 3317 1476 ἐπὶ
3339 1423 3438 1490 τῆς
3462 1423 3708 1493 ἐρημίας

2117 1521 2146 1574 6
2190 1520 2444 1591 βασιλεὺς
2481 1519 2572 1572 τὸν
2609 1518 2902 1589 εἰρημένον
2945 1517 3184 1587 ἐπτεστῆ
3238 1516 3452 1588 χρόνον,
3484 1517 3708 1580 οὐδενος

2117 1613 2490 1682 τολμήσαντος
2526 1609 2811 1663 ἐπιθέσθαι
2851 1611 2966 1672 τοῖς
3004 1609 3312 1678 πράγμασι,
3341 1611 3432 1661 καὶ
3472 1607 3695 1679 δεηθεὶς

2119 1703 2213 1756 τοῦ
2255 1702 2389 1756 Θεοῦ
2423 1704 2523 1772 τὴν
2561 1703 2838 1772 βασιλείαν
2875 1702 3030 1766 αὖθις
3074 1702 3394 1766 ἀπολαϐεῖν,
3447 1697 3566 1755 εἶτα
3607 1702 3711 1754 καὶ

2121 1796 2214 1850 τὸν
2239 1795 2589 1866 ὑψηλόφρονα
2619 1794 2746 1848 νοῦν
2815 1798 2881 1865 τῇ
2914 1794 3132 1864 διαδοχῇ
3163 1794 3257 1848 τοῦ
3293 1795 3526 1865 κράτους
3576 1811 3712 1846 συν-

2121 1884 2347 1948 αποδὺς,
2391 1884 2553 1938 πάλιν
2599 1885 2680 1945 εἰς
2723 1885 2896 1953 αὐτὴν
2926 1883 3288 1955 ἐπανέρχεται
3320 1883 3414 1936 καὶ
3446 1883 3540 1953 ἔτη
3577 1883 3714 1952 τρία

2121 1978 2216 2031 καὶ
2270 1977 2680 2045 τεσσαράκοντα
2733 1975 3083 2046 βασιλεύσας,
3133 1975 3362 2046 τελευτᾷ
3414 1975 3508 2029 τὸν
3565 1976 3713 2046 βίον,

2120 2068 2259 2140 ἀνὴρ
2291 2069 2623 2139 δραστήριος
2656 2069 2749 2121 καὶ
2780 2067 2890 2120 τῶν
2918 2068 3023 2138 πρὸ
3050 2067 3216 2120 αὐτοῦ
3251 2067 3514 2137 βασιλέων
3554 2067 3717 2135 γενό-

2124 2176 2284 2231 μενος
2329 2159 2742 2228 εὐτυχέστατος.
2783 2158 2938 2212 Μετὰ
2968 2158 3026 2212 δέ
3073 2159 3174 2228 τὴν
3201 2158 3463 2230 τελευτὴν
3491 2159 3720 2213 Ναϐου-

2121 2247 2426 2318 χοδονόσορ,
2455 2251 2482 2302 6
2525 2253 2654 2312 παῖς
2685 2249 2853 2302 αὑτοῦ
2880 2250 2980 2318 τὴν
3013 2247 3296 2318 βασιλείαν
3332 2248 3713 2319 παραλαμϐά-

2123 2356 2225 2406 νει,
2244 2341 2302 2404 6;
2321 2340 2484 2404 εὐθὺς
2505 2341 2602 2392 τὸν
2618 2341 2726 2394 τῶν
2755 2341 3147 2411 Ἱεροσολύμων
3169 2341 3397 2411 βασιλέα
3421 2342 3714 2412 Ἰεχονίαν,

2120 2432 2180 2486 ὃν
2209 2435 2236 2485 6
2265 2433 2447 2504 πατὴρ
2477 2431 2949 2503 Ναϐουχοδονόσορ
2978 2433 3324 2503 αἰχμάλωτον
3364 2435 3571 2506 ἤγαγεν
3597 2437 3718 2489 ἀπὸ

2121 2529 2220 2596 τῆς
2261 2525 2642 2596 Ἰερουσαλὴμ,
2674 2524 2784 2578 τῶν
2827 2526 3047 2596 δεσμῶν
3087 2527 3259 2592 ἀνεὶς,
3286 2529 3343 2581 ἐν
3387 2533 3500 2590 τοῖς
3536 2532 3719 2592 ἀναγ-

2122 2617 2433 2681 καιοτάτοις
2461 2618 2570 2671 τῶν
2594 2618 2764 2687 φίλων
2790 2613 2924 2688 εἶχε,
2950 2619 3149 2684 πολλὰς
3174 2620 3321 2690 αὐτῷ
3345 2621 3554 2692 δωρεὰς
3583 2622 3719 2684 δοὺς

2123 2712 2217 2765 καὶ
2253 2712 2484 2781 ποιήσας
2557 2712 2776 2780 ἔντιμον
2807 2713 2900 2764 ἐπὶ
2927 2712 3036 2765 τῶν
3071 2714 3130 2767 ἐν
3164 2716 3229 2784 τῇ
3258 2713 3577 2785 Βαϐυλωνία
3606 2714 3722 2784 βα-

2124 2803 2350 2857 σιλέωψ
2389 2804 2490 2857 οῦκ
2519 2799 2588 2874 ἦν
2625 2804 2732 2874 γὰρ
2765 2804 2902 2867 ὅλως
2933 2804 3137 2874 ἀγαθόν
3175 2823 3228 2858 τι
3265 2807 3402 2875 πρὸς
3454 2805 3724 2877 Ἰεχονίαν

2124 2896 2500 2966 ἐνδειξάμενος
2525 2899 2551 2949 6
2578 2896 2767 2950 τούτου
2796 2896 2978 2968 πατὴρ
3003 2898 3496 2969 Ναϐουχοδονόσορ,
3517 2899 3632 2951 ἀλλ’
3655 2902 3725 2953 ἐν

2123 2987 2347 3058 δεσμοῖς
2380 2984 2528 3058 εἶχεν
2559 2989 2724 3043 αὐτὸν
2750 2989 2842 3041 καὶ
2874 2992 2937 3060 τῇ
2979 2990 3114 3061 ἄλλῃ
3142 2989 3406 3053 κακώσει,
3439 2991 3617 3045 καίτοι
3647 3009 3723 3057 γε

2141 3079 2392 3149 Ἰεχονίου
2461 3081 2698 3151 πρᾶγμα
2747 3079 3269 3151 φιλανθρωπότατον
3334 3083 3428 3136 καὶ
3498 3081 3724 3136 πολλῶν

445 3170 726 3237 laudibus,
751 3181 808 3227 ut
840 3175 932 3244 qui
961 3175 1204 3246 seipsum
1267 3179 1570 3235 tradiderat
1601 3196 1726 3236 cum
1763 3183 2021 3238 uxoribus

2131 3173 2279 3239 ἄξιον
2306 3173 2545 3229 ἐπαίνων
2580 3174 2982 3245 ἐργασαμένου,
3017 3175 3092 3238 ὡς
3125 3174 3190 3228 ἂν
3216 3175 3410 3229 ἑαυτὸν
3439 3175 3727 3244 παραδόν-

445 3271 502 3316 et
533 3263 748 3329 liberis,
778 3275 843 3321 et'
871 3276 988 3322 toto
1033 3285 1236 3339 genere
1269 3273 1524 3328 manibus
1561 3274 2018 3346 Babyloniorum,

447 3371 519 3411 ne
580 3357 714 3413 urbs
759 3360 828 3414 ab
882 3361 1140 3418 hostibus
1172 3375 1330 3435 capta
1372 3376 1765 3424 everteretur:
1819 3378 1880 3424 ut
1908 3371 2026 3426 haec

446 3447 596 3518 leges
624 3451 768 3520 apud
803 3451 1104 3522 Josephum
1136 3465 1459 3512 narrantem
1491 3458 1830 3530 singulatim.
1885 3461 2024 3517 Cum

447 3551 632 3595 autem
671 3545 716 3597 is
743 3559 964 3615 quoque
991 3561 1023 3600 e
1055 3546 1165 3602 vita
1221 3549 1568 3613 decessisset.
1613 3562 1902 3622 postquam
1933 3570 2026 3609 re-

447 3643 666 3700 gnasset
692 3635 999 3690 octodecim
1041 3653 1236 3702 annos,
1272 3640 1392 3709 ejus
1438 3641 1585 3696 filius
1616 3642 1666 3697 ei
1697 3643 1945 3699 succedit
1969 3645 2026 3700 in

450 3725 686 3794 imperio
718 3745 730 3779 :
759 3728 906 3795 quod
941 3745 1066 3784 cum
1096 3733 1368 3786 tenuisset
1428 3735 1791 3803 quadraginta
1829 3751 2024 3804 annos,

449 3833 482 3872 e
513 3818 624 3872 vita
651 3820 886 3876 excedit.
920 3823 1128 3878 Deinde
1167 3825 1451 3880 Balthasar
1481 3841 1703 3896 quoque
1746 3829 1867 3895 ejus
1928 3843 2027 3882 ne-

452 3923 553 3977 pos
617 3910 676 3963 lit
741 3911 914 3967 haeres
968 3915 1207 3983 imperii.
1240 3917 1359 3970 Non
1424 3919 1658 3972 multum
1718 3920 2029 3974 intercessit

453 4001 742 4070 temporis,
774 4013 829 4056 et
863 4002 1037 4073 Cyrus
1067 4021 1162 4060 rex
1188 4006 1500 4068 Persarum,
1530 4019 1587 4062 et
1616 4010 1812 4064 Darius
1847 4010 2030 4064 Medo-

453 4107 598 4153 rum,
651 4093 1058 4160 expeditionem
1114 4097 1425 4164 suscipiunt
1484 4099 1751 4154 adversus
1800 4101 2032 4172 Babylo-

455 4195 606 4236 nem.
639 4181 907 4237 Caeterum
938 4199 1065 4238 cum
1089 4198 1316 4255 regnum
1355 4190 1661 4259 accepisset
1720 4191 2028 4260 Balthasar,

453 4287 512 4332 et
555 4275 757 4331 accidit
787 4291 992 4330 novum
1024 4279 1285 4348 quidnam
1319 4291 1374 4334 et
1402 4281 1810 4352 prodigiosum.

527 4459 620 4516 XI.
661 4459 1036 4514 Accumbebat
1075 4460 1187 4526 ille,
1233 4476 1457 4517 caanans
1499 4463 1552 4517 in
1596 4479 1786 4535 magna
1841 4465 2026 4528 domo,

456 4561 513 4607 et
541 4553 681 4606 facta
724 4551 791 4606 ad
823 4555 1074 4608 convivia
1103 4554 1323 4624 regalia,
1371 4571 1494 4610 cum
1544 4557 1660 4612 suis
1703 4558 2030 4613 concubinis

456 4651 513 4696 et
544 4641 761 4697 amicis.
789 4642 910 4712 Ipse
933 4653 1140 4708 autem,
1166 4660 1292 4699 cum
1316 4645 1396 4700 sic
1427 4646 1477 4699 ei
1509 4647 1688 4701 visum
1721 4655 1887 4714 esset,
1921 4663 2032 4718 pra:

458 4751 651 4805 magna
701 4738 1008 4807 arrogantia
1050 4737 1202 4809 jubet
1229 4753 1260 4794 e
1306 4754 1406 4793 suo
1439 4740 1640 4810 templo
1684 4741 1869 4795 afferri
1901 4756 2030 4796 vasa

458 4829 577 4894 Dei,
608 4845 729 4898 qua:
761 4830 1274 4886 Nabuchodonosor
1302 4834 1423 4903 ejus
1450 4850 1585 4888 avus
1605 4851 1729 4888 cum
1761 4835 2034 4906 rapuisset

459 4918 872 4990 Hierosolymis,
917 4921 985 4977 iis
1033 4937 1378 4992 nequaquam
1424 4940 1558 4979 usus
1605 4924 1805 4989 fuerat,
1835 4928 1928 4981 sed
1980 4927 2035 4980 in

459 5025 561 5064 suo
601 5013 806 5081 templo
853 5015 941 5082 pie
987 5013 1341 5084 deposuerat.
1391 5015 1491 5069 llic
1537 5031 1666 5070 vero
1721 5017 2036 5074 inconside-

460 5112 578 5156 rata
636 5113 694 5157 et
741 5121 771 5158 a
813 5105 1030 5160 ratione
1083 5107 1264 5161 aliena
1337 5107 1595 5163 inductus
1647 5108 1897 5174 audacia,
1957 5111 2038 5165 eis

463 5195 752 5260 utebatur;
801 5206 855 5250 et
887 5199 1017 5252 dum
1067 5198 1283 5253 biberet
1329 5207 1384 5254 et
1418 5200 1741 5255 maledicam
1792 5200 2033 5271 linguam

461 5296 710 5342 moveret
750 5289 1016 5345 adversus
1044 5290 1355 5358 Excelsum,
1385 5307 1452 5347 ex
1485 5293 1699 5360 pariete
1734 5292 1883 5348 videt
1920 5309 2034 5347 ma-

461 5397 593 5434 num
657 5382 1073 5452 procedentem,
1134 5396 1191 5440 et
1235 5386 1288 5440 in
1346 5401 1504 5439 muro
1558 5385 1793 5456 syllabas
1845 5385 2038 5440 inscri-

463 5471 700 5526 bentem.
747 5471 1122 5529 Conturbatus
1161 5490 1292 5529 vero
1325 5490 1354 5528 a
1384 5473 1620 5535 visione,
1651 5473 1833 5542 Magos
1867 5474 2032 5528 simul

461 5571 519 5617 et
556 5562 864 5631 Chaldaeos,
920 5573 977 5620 et
1032 5574 1306 5635 quotquot
1377 5574 1536 5620 erant
1585 5565 1861 5637 Babylone
1914 5568 2036 5638 ejus

461 5655 701 5722 generis,
740 5655 835 5724 qui
883 5666 1142 5726 poterant
1191 5657 1345 5728 signa
1395 5667 1450 5714 et
1498 5657 1684 5713 futura
1735 5659 2032 5729 conjicere,

536 5839 613 5901 (l)
647 5838 1058 5896 liiiliucrctkich
1097 5843 1338 5897 nomine.

2127 3282 2220 3328 1:0;
2268 3267 2366 3318 σὺν
2396 3265 2511 3336 ἅμα
2547 3264 2767 3332 γυναιξὶ
2798 3267 2891 3318 καὶ
2920 3265 3129 3329 τέκνοις
3181 3265 3275 3320 καὶ
3312 3265 3416 3334 ὅλῳ
3447 3265 3524 3336 τῷ
3559 3266 3724 3333 γένει

2127 3357 2286 3427 χερσὶ
2309 3356 2419 3410 τῶν
2447 3357 2829 3420 Βαϐυλωνίων,
2859 3357 2946 3410 ἵνα
2993 3357 3066 3428 μὴ
3094 3358 3279 3427 ἐκείνη
3328 3357 3722 3427 κατασκαφείη

2125 3449 2394 3518 ληφθεῖσα
2445 3450 2551 3503 ὑπὸ
2588 3451 2696 3503 τῶν
2747 3449 3043 3520 πολεμίων,
3078 3449 3154 3515 ὡς
3201 3450 3489 3522 Ἱωσήππῳ
3539 3450 3724 3503 ταῦτα

2129 3539 2273 3593 κατὰ
2310 3541 2477 3611 μέρος
2513 3541 2742 3614 ἐντεύξῃ
2766 3542 3134 3612 διηγουμένῳ.
3172 3541 3608 3612 Τελευτήσαντος
3655 3542 3723 3596 δὲ

2128 3635 2221 3686 καὶ
2261 3631 2450 3685 τούτου
2486 3633 2627 3704 μετὰ
2656 3633 2748 3701 ἔτη
2783 3633 3158 3686 ὀκτωκαίδεκα
3201 3635 3296 3705 τῆς
3344 3633 3642 3704 βασιλείας,
3694 3638 3722 3689 ξ

2129 3727 2260 3788 παῖς
2292 3724 2458 3778 αὑτοῦ
2497 3727 2597 3796 τὴν
2628 3725 2806 3796 ἀρχὴν
2833 3726 3138 3797 διαδέχεται
3180 3726 3272 3780 καὶ
3306 3725 3597 3798 κατασχὼν
3621 3728 3724 3780 αὖ-

2126 3817 2226 3885 τὴν
2259 3818 2351 3870 ἐπὶ
2382 3817 2793 3889 τεσσαράκοντα
2837 3818 2952 3884 ἐτη,
2987 3817 3355 3889 καταστρέφει
3405 3819 3494 3871 τὸν
3564 3819 3723 3892 βίονι·

2131 3907 2248 3964 εἶτα
2275 3911 2369 3963 καὶ
2389 3911 2680 3980 Βαλτάσαρ
2703 3913 2730 3964 6
2752 3910 2942 3963 τούτου
2967 3911 3232 3978 ἀπόγονος
3261 3912 3593 3982 κληρονόμος
3617 3913 3724 3981 τῆ(³

2131 4003 2310 4072 ἀρχῆς
2358 4003 2606 4071 γίνεται·
2641 4002 2702 4055 οὐ
2758 4003 2926 4067 πολὺς
2947 4003 3096 4074 ἔρρει
3146 4002 3205 4055 τὸ
3234 4003 3440 4071 μεταξὺ
3489 4005 3717 4074 χρόνος,

2132 4097 2230 4147 καὶ
2261 4093 2445 4165 Κύρος
2473 4096 2500 4147 6
2528 4094 2753 4165 Περσῶν
2778 4094 3026 4165 βασιλεὺς
3060 4094 3154 4146 καὶ
3196 4093 3420 4162 Δαρεῖος
3465 4094 3491 4145 6
3516 4094 3728 4165 Μήδων

2133 4186 2594 4258 ἐπιστρατεύουσι
2628 4188 2770 4238 κατὰ
2796 4185 3120 4248 Βαϐυλῶνος
3139 4201 3154 4217 ο
3185 4184 3326 4254 πλὴν
3348 4183 3484 4236 ἀλλὰ
3512 4184 3715 4237 Bahal.

2135 4295 2240 4349 σαρ
2278 4277 2376 4348 τὴν
2401 4276 2677 4347 βασιλείαν
2703 4277 3136 4348 παραλαϐόντος,
3167 4275 3351 4329 καινόν
3393 4293 3445 4329 τι
3495 4278 3587 4330 καὶ
3627 4295 3727 4332 τεο

2136 4387 2360 4441 ραστιον
2390 4364 2502 4423 οἷον
2534 4369 2876 4440 συμϐέϐηκε.

2205 4461 2311 4518 IA'.
2341 4464 2646 4518 Κατέκειτο
2666 4464 2766 4534 μὲν
2801 4463 2913 4534 γὰρ
2949 4465 3154 4530 ἐκεῖνος
3189 4467 3450 4534 δειπνῶν,
3488 4470 3546 4520 ἐν
3585 4467 3728 4538 οἴκῳ

2062 4536 2105 4592 Ῑ)
2145 4555 2366 4626 μεγάλῳ
2391 4559 2482 4609 καὶ
2520 4557 2659 4626 πρὸς
2698 4557 2971 4619 ἑστιάσεις
3011 4562 3364 4628 πεποιημένῳ
3407 4536 3726 4629 βασιλικὰς,

2143 4650 2279 4719 μετὰ
2316 4650 2428 4702 τῶν
2471 4649 2812 4702 παλλακίδων
2850 4649 3014 4702 αὐτοῦ
3047 4653 3141 4704 καὶ
3180 4651 3288 4704 τῶν
3330 4653 3528 4720 φίλων*
3559 4653 3727 4717 αὐτὸς

2138 4743 2195 4796 δὲ
2223 4741 2364 4794 οὕτω
2386 4742 2542 4807 δόξαν
2569 4745 2632 4795 ἐκ
2658 4742 2860 4809 πολλῆς
2886 4742 3142 4806 ἀπονοίας
3159 4745 3488 4814 κομισθῆναι
3507 4745 3728 4799 κελεύει

2140 4833 2233 4886 τοῦ
2263 4833 2391 4885 ίδίου
2425 4833 2552 4886 ναοῦ
2576 4833 2643 4886 τὰ
2674 4832 2767 4886 τοῦ
2796 4832 2933 4885 Θεοῦ
2962 4837 3156 4903 σκεύη,
3183 4833 3219 4888 ἃ
3244 4833 3728 4906 Ναϐουχοδονόσορ

2139 4927 2169 4977 6
2198 4925 2392 4978 τούτου
2419 4928 2638 4990 πάππος
2682 4926 2918 4996 συλήσας
2949 4927 3013 4979 ἐκ
3039 4926 3149 4980 τῶν
3181 4925 3595 4998 Ἱεροσολύμων,
3622 4927 3728 4978 οὐκ

2141 5020 2340 5090 ἐχρῆτο
2367 5020 2487 5088 μὲν,
2517 5021 2597 5081 είς
2622 5020 2679 5072 δὲ
2707 5019 2799 5073 τὸν
2833 5019 2999 5072 αὐτοῦ
3027 5019 3154 5073 ναὸν
3189 5019 3435 5081 εὐλαϐῶς
3483 5018 3726 5072 κατατέ-

2140 5113 2321 5166 θεικεν
2340 5127 2355 5145 ο
2384 5103 2538 5173 οὗτος
2570 5111 2625 5163 δὲ
2651 5110 2841 5180 θράσει
2875 5111 3168 5180 προαχθεὶς
3199 5109 3380 5180 ἀλόγῳ
3407 5109 3607 5180 ἐχρῆτο
3629 5110 3726 5163 καὶ

2145 5204 2351 5272 μεταξὺ
2412 5202 2581 5255 πίνων
2625 5203 2720 5254 καὶ
2775 5201 3097 5271 βλάσφημον
3132 5202 3383 5270 γλῶτταν
3433 5201 3577 5254 κατὰ
3625 5201 3724 5254 τοῦ

2144 5294 2412 5364 ’Υψίστου
2441 5293 2628 5358 κινῶν,
2660 5295 2721 5345 ἐκ
2745 5294 2838 5346 τοῦ
2866 5295 3080 5362 τείχους
3105 5294 3208 5364 ὁρᾷ
3238 5293 3394 5363 χεῖρα
3424 5290 3727 5364 προϊοῦσαν

2143 5387 2238 5440 καὶ
2275 5385 2354 5456 τῷ
2383 5387 2547 5457 τοίχῳ
2574 5386 2729 5450 τινὰς
2766 5386 3040 5450 συλλαϐὰς
3083 5387 3491 5456 ἐγγράφουσαν.
3536 5385 3728 5454 Ταρα-

2144 5477 2294 5548 χθεὶς
2323 5478 2378 5530 δὲ
2415 5478 2520 5531 ὑπὸ
2551 5478 2649 5548 τῆς
2676 5477 2872 5547 ὅψεως,
2905 5478 3116 5548 μάγους
3143 5479 3260 5547 ἅμα
3296 5476 3389 5530 καὶ
3418 5475 3728 5540 Χαλδαίους

2143 5572 2241 5624 καὶ
2279 5571 2389 5623 πᾶν
2438 5570 2599 5622 τοῦτο
2641 5569 2706 5622 τὸ
2740 5571 2917 5637 γένος,
2957 5571 3082 5622 ὅσον
3127 5565 3194 5640 ἦν
3247 5570 3304 5622 ἐν
3353 5566 3727 5630 Βαϐυλωνίοις

2145 5664 2350 5734 σημεῖά
2371 5679 2430 5717 τε
2462 5662 2553 5716 καὶ
2584 5660 2837 5731 ὀνείρατα
2868 5660 3076 5732 κρίνειν
3105 5660 3266 5726 είδὸς,
3300 5659 3460 5724 εὐθὺς
3485 5657 3725 5712 συνεκά-
