3994 6470
301 400 403 462 3ἓ5

1338 399 1523 462 VITA
1561 402 1622 462 S.
1660 398 2086 464 PROPHET/E
2128 399 2512 462 DANIELIS.

3453 405 3560 467 386

291 510 390 572 λει.
429 504 618 577 μαθεῖν
657 505 731 560 τὰ
774 506 1148 580 γεγραμμένα
1179 510 1314 583 παρ’
1345 512 1574 567 ἐκείνων
1626 511 1870 584 βουλόμε-

1981 510 2168 566 statim
2210 510 2556 577 convocavit,
2587 525 2657 568 ex
2685 508 2800 566 illis
2845 507 3038 564 volens
3081 507 3299 565 discere
3342 525 3407 565 ea
3436 526 3560 580 qua:

289 617 376 664 νος
400 613 416 629 ·
450 597 556 650 τῶν
587 596 646 650 δὲ
679 598 882 668 μάγων
912 601 1070 655 οὐδὲν
1091 603 1149 656 έν
1181 601 1394 667 τούτοις
1425 605 1666 658 συνεῖναι
1692 603 1874 672 λεγόν-

287 708 414 757 των,
447 690 553 742 ὑπὸ
602 689 854 760 μεγάλης
897 693 1139 762 ἀγωνίας
1167 695 1195 747 ὁ
1235 693 1490 764 βασιλεὺς
1538 696 1634 748 καὶ
1669 694 1873 766 πολλῆς

285 783 385 852 τῆς
429 780 523 836 ἐπὶ
571 779 650 850 τῷ
699 781 1000 853 παραδόξῳ
1043 783 1221 855 λύπης
1266 786 1600 856 έπισχεθεὶς,
1634 786 1871 856 ἐκήρυξε

287 874 430 928 κατά
462 875 645 926 πᾶσαν
673 876 733 926 έν
775 874 974 944 βραχεῖ
1004 877 1104 946 τὴν
1130 877 1338 946 χώραν,
1363 879 1537 947 τῷ·τὰ
1566 879 1874 949 γράμματα

285 962 462 1014 ταῦτα
482 964 582 1014 καὶ
608 963 712 1032 τὴν
752 961 849 1016 ὑπ’
875 965 1060 1018 αὐτῶν
1081 965 1418 1039 δηλουμένην
1449 969 1689 1022 διάνοιαν
1725 969 1872 1038 σαφῆ

285 1054 688 1122 καταστήσοντι
733 1053 932 1110 δώσειν
974 1057 1450 1129 ἐπαγγελλόμενος
1496 1060 1768 1130 πρεπτὸν
1813 1077 1874 1114 τε

285 1147 679 1215 περιαυχένιον
707 1148 945 1218 χρύσεον
973 1152 1069 1202 καὶ
1099 1152 1390 1221 πορφυρᾶν
1421 1153 1626 1222 ἐσθῆτα
1663 1155 1872 1223 φορεῖν,

286 1233 478 1302 ὥσπερ
511 1236 565 1287 oi
602 1235 713 1288 τῶν
741 1237 1028 1292 Χαλδαίων
1067 1239 1292 1292 εἰώθασι
1329 1240 1591 1310 βασιλεῖς,
1629 1242 1766 1312 πρὸς
1817 1241 1876 1294 δὲ

287 1325 378 1378 καὶ
427 1326 492 1378 τὸ
525 1325 716 1394 τρίτον
751 1328 920 1397 μέρος
968 1329 1068 1399 τῆς
1112 1330 1249 1396 ιδίας
1299 1331 1508 1402 ἀρχῆς·
1557 1331 1733 1395 οὕτως
1782 1335 1876 1385 ὲκ-

285 1413 555 1483 δηλότατα
586 1417 974 1488 διακηρυχθὲν,
1006 1420 1088 1474 ἔτι
1126 1421 1226 1492 μὲν
1256 1423 1422 1476 πλέον
1456 1425 1506 1475 οί
1553 1424 1716 1492 μάγοι
1753 1440 1879 1476 συν-

283 1508 526 1579 έδραμον
577 1525 635 1561 τε
682 1509 778 1562 καί
827 1512 968 1582 πρὸς
1016 1513 1117 1586 τήν
1161 1513 1381 1587 εὕρεσιν
1415 1517 1878 1586 ὲφιλοτιμήσαντο

283 1599 395 1651 τῶν
461 1599 854 1670 γραμμάτων,
906 1604 1059 1660 οὐδὲν
1118 1607 1176 1661 δὲ
1244 1608 1469 1664 ἔλαττον
1535 1607 1876 1676 ἀποροῦντες

282 1692 616 1760 ἑπήκεσαν.

351 1783 452 1838 lB'.
490 1787 583 1839 Ἑν
606 1787 782 1860 τούτῳ
810 1788 904 1844 τὸν
939 1790 1168 1861 βασιλέα
1210 1792 1408 1863 μέστδν
1430 1792 1674 1864 ἀθυμίας
1725 1795 1877 1862 γενόο

1976 603 2180 672 scripta
2205 605 2444 669 fuerant,
2474 603 2798 658 Dicentibus
2823 611 3007 660 autem
3040 605 3234 675 magis,
3267 618 3326 659 se
3361 617 3558 658 eorum

1976 693 2112 747 nihil
2140 693 2470 764 intelligere.
2502 693 2616 748 Rex
2641 693 2801 748 valde
2845 697 3066 763 anxius,
3089 706 3147 752 et
3168 711 3362 765 magno
3385 694 3556 748 animi
3583 710 3587 716 ’

1974 785 2164 840 dolore
2212 800 2531 856 Oppressus,
2583 795 2809 857 propter
2854 788 2997 844 hanc
3040 804 3158 844 rem
3219 788 3557 857 inopinatam

1974 886 2030 931 et
2060 876 2217 932 valde
2261 877 2664 943 admirabilem,
2691 878 2917 948 publico
2968 880 3243 949 prazconio
3264 879 3418 934 brevi
3438 878 3557 933 edi-

1976 965 2056 1020 xit
2101 981 2202 1036 per
2247 976 2416 1022 totam
2463 967 2765 1040 regionem,
2797 983 2857 1024 se
2887 969 2960 1035 ei,
2994 972 3088 1040 qui
3135 970 3234 1025 has
3259 970 3474 1024 litteras
3501 976 3560 1022 et

1974 1057 2238 1128 quidnam
2282 1059 2682 1129 significarent,
2739 1069 2887 1116 esset
2933 1042 3352 1122 declaraturus:
3390 1061 3557 1132 polli-

1975 1165 2107 1205 CCIIS
2127 1165 2250 1205 esse
2290 1150 2548 1206 daturum
2593 1161 2845 1220 torquem
2874 1167 3126 1215 aureum,
3150 1161 3206 1206 et
3232 1163 3438 1206 vestem
3462 1167 3560 1217 κει

1977 1242 2230 1295 standam
2269 1257 2625 1312 purpuream,
2660 1244 2805 1296 sicut
2834 1241 3014 1297 solent
3046 1242 3192 1298 ferre
3218 1256 3373 1312 reges
3396 1240 3562 1296 Chal-

1976 1333 2241 1400 datorum,
2272 1345 2328 1389 et
2369 1342 2638 1404 praeterea
2674 1335 2891 1390 tertiam
2937 1343 3144 1404 partem
3184 1333 3270 1388 sui
3315 1331 3556 1402 imperii.

1974 1428 2110 1485 Cum
2147 1429 2251 1484 hoc
2281 1429 2506 1500 publico
2547 1429 2830 1498 praeconio
2860 1428 2940 1484 sic
2982 1427 3179 1483 fuisset
3229 1427 3558 1497 promulga-

1979 1531 2116 1587 tum,
2151 1521 2334 1576 adhuc
2384 1521 2608 1590 quidem
2655 1520 2831 1590 magis
2859 1519 3267 1575 concurrebant
3301 1519 3464 1588 magi,
3501 1526 3559 1573 et

1978 1610 2394 1665 contendebant
2439 1610 2712 1673 invenire,
2755 1608 2888 1678 quid
2929 1607 3034 1663 sibi
3081 1608 3287 1662 vellent
3333 1607 3557 1664 litteras.

1975 1702 2351 1758 Nihilominus
2385 1710 2570 1756 autem
2619 1701 2837 1757 stabant
2864 1700 3207 1756 dubitantes.

2063 1795 2180 1850 XII.
2217 1795 2434 1850 Interea
2470 1809 2654 1864 regem
2681 1807 2882 1864 angore
2913 1793 3082 1848 animi
3113 1792 3335 1861 plenum
3367 1791 3561 1846 videns

283 1893 451 1946 μενον
484 1881 516 1948 ὴ
546 1880 716 1932 αὑτοῦ
764 1880 968 1952 μάμμη
1001 1883 1336 1954 θεασαμένη,
1376 1863 1782 1954 ἀναλαμϐάνειν
1810 1903 1870 1939 τε

1979 1888 2100 1959 ejus
2143 1888 2288 1943 avia.
2322 1887 2490 1956 cmpit
2531 1863 2802 1954 repetere,
2836 1893 2894 1940 et
2923 1883 2991 1938 de
3034 1883 3258 1938 Daniele
3291 1883 3560 1952 propheta

279 1965 487 2035 ήρξατο
514 1969 613 2021 καὶ
646 1969 712 2024 τὰ
745 1973 875 2040 περὶ
917 1973 1012 2027 τοῦ
1049 1976 1336 2047 προφήτου
1375 1977 1577 2048 Δανιὴλ
1619 1978 1874 2050 γνώριμα

280 2059 580 2130 καθιστᾷν,
613 2061 718 2114 ὅσα
749 2063 826 2132 τῷ
863 2065 1078 2118 ἐκείνου
1101 2066 1337 2136 πάππῳ,
1365 2068 1444 2138 τῷ
1470 2069 1874 2140 Ναϐουχοδονό-

281 2167 378 2220 σορ
406 2153 582 2223 φημὶ,
614 2155 703 2222 ἐφ’
728 2151 809 2218 οἷς
836 2155 1081 2226 ἑώρακεν
1104 2158 1466 2232 ἀπορρήτοις,
1491 2161 1654 2224 αὐτὸς
1686 2163 1872 2216 διεσά-

282 2257 456 2310 ςνησεν
482 2259 494 2272 ·
534 2239 696 2295 Ἔστι
721 2261 825 2310 τις,
852 2245 1109 2314 λέγουσα,
1136 2247 1244 2301 ἀπὸ
1280 2251 1377 2320 τῆς
1413 2249 1676 2314 Ἰουδαίας
1704 2255 1874 2324 αίχμ-

285 2332 496 2396 άλωτος
547 2335 790 2392 ἐνταῦθα
828 2337 1018 2409 ἀχθεὶς
1049 2339 1269 2411 (Δανιὴλ
1303 2341 1452 2412 αύτῷ
1475 2343 1692 2414 ὄνομα),
1734 2346 1874 2418 ἀνὴρ

281 2424 450 2488 δεινὸς
484 2428 676 2498 εὑρεῖν
713 2429 784 2484 τὰ
817 2431 1109 2504 ἀπόρρητα
1148 2434 1244 2487 καὶ
1265 2433 1384 2502 Θεῷ
1415 2435 1670 2508 γνώριμα
1701 2439 1870 2509 μόνσι,

284 2517 338 2581 ὃς
368 2519 856 2592 Ναϐουχοδονόσορ
884 2523 962 2592 τῷ
987 2522 1219 2593 βασιλεῖ,
1247 2525 1476 2596 μηδενὸς
1504 2527 1668 2581 ἄλλου
1699 2529 1828 2600 δυνη
1847 2560 1868 2570 -

289 2610 462 2673 θέντος
490 2613 677 2666 εἰπεῖν
702 2614 832 2684 περὶ
850 2607 926 2667 ὧν
956 2615 1128 2669 ἐδεῖτο
1156 2616 1372 2686 μαθεῖν,
1400 2618 1664 2690 ἐγνώρισε
1694 2624 1874 2676 πάντα

284 2699 459 2762 καλῶς
489 2701 589 2754 καὶ
623 2705 707 2765 εἰς
750 2703 868 2772 φῶς
902 2705 1078 2774 ἤγαγε
1105 2705 1175 2759 τὰ
1205 2706 1519 2778 ζητούμενα
1538 2725 1553 2742 ·
1587 2728 1874 2784 μεταπεμ-

278 2788 524 2861 ψάμενος
547 2788 644 2845 οὖν
673 2793 838 2849 αὑτὸν
867 2796 1125 2867 εὑρήσεις
1149 2797 1354 2861 εὐθέως
1375 2797 1404 2851 ὃ
1425 2801 1630 2868 γνῶναι
1666 2803 1870 2874 ζητεῖς.

278 2885 392 2938 Καὶ
424 2884 484 2948 ὃς
517 2885 752 2955 τάχιστα
778 2887 972 2942 τοῦτον
1026 2893 1383 2959 μετεκαλεῖτο
1435 2897 1531 2947 καὶ
1567 2896 1872 2968 διαλεχθεὶς

279 2976 382 3030 ὅσα
417 2976 653 3032 πύθοιτο
695 2980 822 3049 περὶ
853 2982 1018 3036 αὑτοῦ
1060 2985 1153 3036 καὶ
1184 2979 1254 3058 ἦς
1288 2985 1403 3056 ἔχει
1436 2989 1629 3056 σοφίας
1669 2990 1763 3043 καὶ
1797 2990 1874 3055 ὡς

276 3068 338 3120 τὸ
372 3067 523 3121 θεῖον
573 3069 722 3139 αύτῷ
773 3071 996 3142 Πνεῦμα
1043 3074 1391 3144 συμπάρεστι
1437 3081 1533 3131 καὶ
1585 3079 1746 3149 μόνος
1785 3081 1873 3144 ἐξα

279 3159 467 3228 ευρεῖν
533 3159 893 3224 ἱκανώτατος,
940 3159 977 3214 ἃ
1027 3160 1103 3231 μὴ
1143 3163 1256 3224 τοῖς
1285 3162 1464 3227 ἄλλοις
1514 3167 1596 3227 είς
1626 3165 1872 3221 ἐπίνοιαν

280 3251 531 3320 ἔρχεται,
562 3253 791 3322 φράζειν
822 3252 971 3322 αὐτῷ
993 3253 1061 3306 τὰ
1092 3256 1458 3326 γεγραμμένα
1499 3260 1594 3310 καὶ
1634 3257 1871 3314 διαλύειν

278 3344 462 3412 ἠξίου,
504 3343 609 3394 κᾶν
657 3343 984 3413 σκυθρωπὸν
1030 3338 1088 3415 ᾖ,
1129 3345 1316 3414 φησὶν,
1351 3345 1411 3397 τὸ
1462 3347 1568 3399 ὑπὸ
1606 3347 1740 3400 Θεοῦ
1777 3367 1874 3418 ση-

283 3433 651 3502 μαινόμενον·
694 3434 856 3487 τοῦτο
896 3433 1009 3505 γὰρ
1054 3437 1345 3506 ποιήσαντι
1384 3436 1670 3510 πορφύραν
1717 3439 1874 3493 δώσω

281 3524 611 3579 ἐνδύσασθαι
656 3527 752 3579 καὶ
795 3530 1030 3606 χρύσεον
1065 3529 1198 3597 περὶ
1235 3526 1329 3579 τὸν
1367 3527 1571 3598 αὐχένα
1605 3531 1872 3601 στρεπτὸν

280 3618 375 3669 καὶ
402 3617 464 3668 τὸ
488 3617 670 3685 τρίτον
700 3618 799 3687 τῆς
825 3620 1001 3690 ἀρχῆς
1029 3620 1220 3689 μέρος,
1257 3619 1427 3689 τιμὴν
1455 3620 1549 3674 καὶ
1575 3623 1740 3692 γέρας
1771 3624 1872 3694 τῆς

281 3707 479 3776 capia;
541 3709 826 3778 ἐσόμενον,
881 3710 954 3772 ὡς
1009 3710 1075 3764 ἂν
1127 3709 1189 3775 εξ
1238 3709 1419 3764 αὐτῶν
1469 3712 1872 3784 ἐπισημότατος

281 3799 458 3853 ἅπασι
480 3800 662 3866 γένοιο
692 3803 788 3854 καὶ
819 3801 1203 3872 περίϐλεπτος.

353 3891 456 3944 ll".
488 3894 689 3964 Δανιὴλ
711 3893 769 3946 δὲ
793 3894 894 3956 τὰς
927 3895 1026 3964 μὲν
1049 3895 1259 3964 δωρεὰς
1297 3897 1464 3952 αὑτὸν
1501 3899 1650 3970 ἔχειν
1678 3900 1865 3972 ⁴ίιξίου·

276 3981 370 4035 τδν
403 3985 515 4054 γὰρ
547 3985 712 4053 σοφὸν
745 3985 840 4037 καὶ
868 3985 1010 4040 θεῖον
1044 3987 1242 4058 δώροις
1269 3989 1369 4060 οὐχ
1410 3990 1687 4061 ἁλώσιμον
1728 3989 1869 4046 εἶναι

275 4074 395 4127 δεῖ·
434 4078 640 4144 προῖκα
673 4076 732 4128 δὲ
776 4077 902 4140 τοὺς
941 4077 1230 4148 δεομένους
1267 4080 1501 4150 ὠφελεῖν
1547 4083 1866 4155 βούλεσθαι·

284 4163 514 4237 μηνύειν
541 4165 600 4217 δὲ
628 4165 779 4234 αὑτῷ
804 4169 871 4218 τὰ
899 4170 1265 4238 γεγραμμένα
1292 4173 1386 4224 τοῦ
1411 4171 1529 4240 βίου
1561 4191 1869 4245 καταστρο-

283 4257 413 4327 φήν,
445 4257 536 4310 ὅτι
564 4257 700 4328 μηδὲ
729 4251 810 4320 οἷς
844 4258 874 4308 ό
908 4259 1174 4328 πρόγονος
1205 4262 1372 4314 αὑτοῦ
1401 4263 1869 4337 Ναϐουχοδονόσορ

279 4348 367 4403 διὰ
425 4350 528 4412 τὰς
582 4351 664 4413 είς
713 4349 846 4404 Θεὸν
901 4349 1090 4421 ὕϐρεις
1138 4353 1436 4426 ἐκολάσθη,
1468 4354 1678 4420 τούτοις
1707 4358 1868 4422 αὐτὸς

279 4442 489 4513 ιμαθεν
521 4443 770 4496 εὐσεϐεῖν
801 4445 899 4496 καὶ
932 4443 1102 4514 μηδὲν
1138 4444 1239 4514 τῆς
1273 4446 1627 4517 ἀνθρωπίνης
1654 4449 1869 4516 φύσεως

1973 1979 2024 2032 ei
2071 1977 2400 2048 signiﬁcare,
2445 1991 2568 2045 quae
2611 1975 2759 2030 illius
2814 1991 2955 2040 avo,
2998 1972 3556 2035 Nabuchodonosori,

1977 2068 2227 2139 inquam,
2277 2077 2506 2136 propter
2560 2081 2625 2120 ea
2656 2080 2779 2136 qua:
2812 2065 3027 2120 viderat
3053 2079 3275 2129 arcana,
3305 2064 3356 2116 ei
3385 2077 3560 2132 expo-

1974 2168 2180 2223 suerat,
2227 2159 2326 2213 Est
2353 2157 2600 2228 quidam,
2629 2157 2844 2223 dicens,
2883 2157 2978 2228 qui
3023 2156 3126 2210 fuit
3156 2155 3356 2210 ductus
3387 2155 3496 2209 huc
3526 2169 3558 2208 e

1973 2249 2159 2304 Iudaea
2209 2247 2483 2316 captivus,
2524 2245 2748 2301 nomine
2792 2245 3004 2311 Daniel,
3055 2246 3143 2299 vir
3187 2245 3446 2315 egregius
3487 2245 3556 2298 ad

1977 2337 2312 2394 invenienda
2352 2351 2578 2399 arcana,
2615 2345 2672 2390 et
2697 2351 2820 2406 qua
2846 2344 2976 2390 sunt
3008 2335 3109 2390 soli
3141 2335 3254 2390 Deo
3287 2334 3507 2405 cognita
3540 2350 3554 2386 :

1973 2432 2069 2501 qui
2117 2430 2228 2500 regi
2253 2427 2808 2488 Nabuchodonosori.
2837 2442 2964 2481 cum
2991 2427 3178 2481 nullus
3208 2425 3349 2479 alius
3373 2434 3558 2494 posset

1979 2524 2166 2578 dicere
2197 2523 2267 2577 de
2302 2521 2372 2576 iis
2397 2535 2519 2589 quae
2562 2518 2867 2588 quaerebat,
2898 2518 3082 2573 omnia
3114 2516 3347 2586 pulchre
3384 2515 3558 2587 signi-

1978 2612 2187 2676 ficavit,
2215 2621 2270 2667 et
2297 2611 2474 2666 edidit
2507 2612 2562 2665 in
2595 2612 2772 2664 lucem
2802 2623 2866 2664 ea
2899 2624 3021 2678 qua:
3048 2610 3465 2676 quaerebantur.
3499 2606 3558 2660 Si

1976 2720 2104 2760 eum
2142 2720 2275 2775 ergo
2326 2702 2708 2766 accersiveris,
2752 2701 2805 2756 id
2842 2700 2990 2770 quod
3033 2700 3175 2754 scire
3215 2698 3394 2767 cupis,
3429 2713 3555 2752 mox

1980 2795 2256 2850 invenies.
2306 2793 2400 2847 Ille
2443 2808 2576 2846 vero
2622 2805 2748 2844 eum
2809 2789 3100 2844 celerrime
3147 2787 3403 2842 accersiit
3443 2803 3460 2841 :
3500 2795 3559 2841 et

1975 2903 2100 2942 cum
2153 2885 2405 2949 dixisset,
2448 2900 2570 2954 quae
2624 2884 2693 2938 de
2745 2883 2865 2952 ipso
2909 2890 2967 2937 et
3017 2881 3086 2936 de
3127 2881 3252 2950 ejus
3301 2879 3560 2934 audiebat

1974 2977 2266 3050 sapientia,
2315 2985 2370 3032 et
2403 2975 2534 3046 quid
2564 2974 2788 3029 divinus
2827 2974 2898 3028 sit
2931 2989 3056 3028 cum
3095 2989 3162 3028 eo
3191 2971 3471 3042 Spiritus;
3500 2979 3560 3025 et

1976 3072 2138 3129 sitad
2185 3070 2578 3127 inveniendum
2627 3067 2780 3122 solus
2827 3065 2916 3122 vel
2963 3065 3200 3120 maxime
3232 3065 3464 3120 idoneus
3491 3077 3557 3118 ea

1975 3181 2098 3236 quae
2144 3179 2257 3218 non
2299 3162 2533 3217 veniunt
2565 3161 2688 3215 aliis
2719 3160 2774 3214 in
2819 3169 3089 3224 mentem,
3135 3157 3364 3228 rogabat
3409 3165 3470 3211 ut
3505 3156 3557 3211 ei

1975 3259 2185 3314 diceret
2209 3265 2266 3312 et
2299 3257 2542 3312 solveret
2561 3270 2648 3319 ea,
2676 3269 2800 3322 quae
2829 3253 3034 3323 scripta
3066 3252 3284 3307 fuerant
3307 3270 3321 3318 ;
3341 3250 3557 3307 etiamsi

1974 3350 2064 3412 sit,
2083 3350 2286 3419 inquit,
2303 3348 2660 3418 injucundum
2675 3356 2994 3414 etasperum
3012 3345 3160 3414 quod
3175 3361 3204 3398 a
3225 3346 3336 3398 Deo
3359 3343 3560 3413 signiﬁ-

1973 3452 2154 3496 catur.
2172 3441 2284 3495 l-Ioc
2300 3455 2432 3510 ergo
2448 3439 2492 3493 si
2510 3439 2730 3502 feceris,
2747 3437 2891 3492 dabo
2917 3436 3017 3491 tibi
3042 3453 3480 3508 purpuram,qua
3507 3447 3558 3493 te

1973 3533 2174 3587 induas
2194 3551 2207 3586 :
2227 3541 2282 3588 et
2297 3541 2550 3602 torquem
2568 3545 2987 3599 aureum,quem
3004 3529 3146 3584 collo
3167 3537 3262 3584 tuo
3283 3530 3553 3599 imponas,

1973 3633 2030 3682 et
2052 3625 2271 3678 tertiam
2294 3633 2502 3694 partem
2525 3624 2630 3677 mei
2650 3622 2889 3691 imperii,
2912 3621 3152 3676 futuram
3188 3622 3472 3692 praemium
3501 3631 3556 3678 et

1973 3719 2242 3773 honorem
2281 3725 2388 3771 tuae
2429 3717 2717 3785 sapientiae
2748 3733 2761 3769 :
2793 3723 2855 3769 ut
2891 3730 2957 3769 ex
3001 3714 3135 3784 ipsis
3161 3716 3365 3770 evadas
3391 3716 3554 3788 longe

1971 3811 2335 3872 clarissimus,
2369 3818 2425 3864 et
2451 3809 2520 3863 ab
2548 3807 2808 3862 omnibus
2841 3807 3254 3876 suspiciendas.

2045 3901 2183 3956 XIII.
2229 3901 2418 3956 Daniel
2449 3910 2635 3956 autem
2670 3899 2896 3970 rogabat
2937 3900 3187 3970 quidem,
3222 3909 3284 3954 ut
3315 3901 3420 3956 sibi
3454 3918 3553 3958 sua

1974 3992 2206 4047 haberet
2281 4006 2534 4052 munera,
2583 3989 2766 4042 virum
2813 3989 2960 4042 enim
3007 3987 3312 4056 sapientem
3363 3997 3419 4042 et
3466 3989 3550 4043 di-

1970 4083 2160 4138 vinum
2199 4097 2305 4136 non
2355 4097 2476 4136 esse
2524 4079 2855 4149 capiendum
2905 4079 3230 4132 muneribus
3272 4093 3379 4144 :_se
3421 4093 3556 4134 vero

1970 4176 2141 4246 gratis
2169 4175 2307 4229 velle
2349 4175 2544 4244 juvare
2566 4188 2664 4227 eos
2693 4173 2785 4240 qui
2827 4185 2967 4242 opus
3008 4169 3267 4226 habeant.
3308 4171 3556 4226 Declarat

1971 4277 2158 4323 autem
2191 4267 2242 4321 ei
2290 4281 2352 4320 ca
2382 4282 2504 4335 qua:
2535 4265 2743 4332 scripta
2772 4263 3012 4322 fuerant.
3049 4278 3245 4332 nempe
3278 4264 3402 4318 vita:
3441 4265 3555 4318 exi-

1970 4369 2086 4415 tum
2110 4377 2124 4414 :
2145 4359 2290 4429 quod
2323 4374 2427 4413 nec
2457 4359 2524 4413 iis
2545 4357 2792 4426 quidem,
2813 4371 2934 4425 quae
2961 4370 3096 4409 avus
3118 4356 3239 4425 ejus
3257 4355 3554 4411 Nabuchoo

1971 4449 2218 4505 donosor
2268 4463 2462 4518 passus
2509 4455 2650 4512 erat,
2716 4447 3004 4515 suppliciis
3053 4457 3278 4515 propter
3321 4463 3449 4500 snas
3497 4449 3552 4502 in

282 4535 428 4605 πέρα
476 4535 729 4603 φρονεῖν·
780 4531 900 4586 ἀλλ’
930 4534 1012 4586 ὃτι
1048 4534 1144 4586 καὶ
1176 4534 1651 4608 Ναϐουχοδονόσορ
1698 4554 1869 4606 μετα-

1975 4544 2147 4598 Deum
2203 4541 2598 4604 contumelias,
2653 4540 2772 4608 ipse
2819 4538 3092 4592 didicerat
3135 4553 3256 4592 esse
3290 4538 3460 4606 pium,
3497 4549 3553 4592 et

283 4625 618 4688 πλασθέντος
673 4627 754 4687 είς
800 4623 1005 4696 θηρίων
1053 4624 1333 4696 διαγωγὴν
1367 4628 1452 4695 ἐφ’
1490 4623 1571 4690 οἷς
1605 4628 1866 4698 ἠσέϐησε,

281 4720 376 4772 καὶ
425 4719 568 4788 μετὰ
617 4717 819 4780 πολλὰς
874 4716 1082 4781 ἱκεσίας
1131 4717 1224 4769 καὶ⁵
1267 4717 1484 4788 δεήσεις
1531 4718 1864 4787 ἐλεηθέντος,

279 4811 418 4865 ὥστε
445 4811 616 4865 πάλιν
643 4808 961 4863 ἐπανελθεῖν
1003 4810 1084 4871 εἰς
1117 4808 1208 4861 τὸν
1239 4809 1582 4877 ἀνθρώπινον
1612 4810 1728 4880 βίον
1773 4813 1867 4864 καὶ

277 4906 375 4973 τὴν
404 4902 691 4975 βασιλείαν
725 4901 897 4971 αὐτὴν
921 4899 1019 4954 καὶ
1045 4902 1134 4954 διὰ
1169 4900 1344 4954 ταῦτα
1374 4901 1466 4955 τδν
1500 4901 1634 4954 Θεὸν
1661 4901 1736 4965 ὡς
1767 4902 1868 4974 τὴν

281 4996 506 5050 ἃπασαν
568 4995 764 5064 ἔχοντα
834 4992 1068 5062 δύναμιν
1133 4993 1226 5048 καὶ
1291 4993 1697 5063 προνοούμενον
1756 4995 1867 5048 τῶν

279 5087 612 5159 ἀνθρώπιον,
637 5086 763 5156 ἄχρι
797 5087 891 5138 καὶ
915 5085 1175 5157 τελευτῆς
1190 5085 1488 5154 ὑμνοῦντος
1511 5085 1683 5156 λήθην
1705 5085 1865 5151 αὐτὸς

279 5182 439 5236 ελαϐε
484 5179 694 5234 τούτων
742 5179 838 5232 καὶ
879 5178 1052 5232 πολλὰ
1092 5179 1196 5248 μὲν
1229 5178 1474 5250 ὲϐλασφή
1486 5195 1658 5250 μησεν
1695 5181 1775 5242 εἰς
1804 5179 1866 5233 τὸ

279 5274 457 5337 Θεῖον,
497 5273 611 5336 τοῖς
639 5271 698 5326 δὲ
727 5271 980 5325 σκεύεσιν
1008 5271 1178 5325 αὐτοῦ
1211 5271 1352 5340 μετὰ
1380 5273 1490 5325 τῶν
1521 5271 1864 5327 παλλακίδων

278 5366 620 5435 διηκονεῖτο·
647 5363 822 5418 ταῦτα
864 5358 958 5417 οὖν
988 5365 1202 5434 ὁρῶντα
1233 5363 1324 5418 τὸν
1353 5362 1508 5429 Θεὸν,
1537 5364 1863 5436 ὀργισθῆναι

281 5458 430 5527 αύτῷ
476 5457 571 5510 καὶ
615 5455 701 5510 διὰ
743 5455 852 5508 τῶν
889 5455 1298 5526 γεγραμμένων
1334 5455 1858 5526 προκαταγγέλλειν,

276 5547 356 5609 εἰς
384 5541 500 5599 οἷον
524 5546 689 5599 αὑτὸν
717 5544 1095 5614 καταστρέψαι
1125 5546 1207 5597 δεῖ
1245 5545 1398 5608 τέλος
1417 5564 1430 5578 ο
1471 5545 1659 5614 ἐδήλου
1701 5546 1756 5600 δὲ
1793 5548 1862 5602 τά

277 5639 590 5710 γράμματα
603 5639 762 5693 τάδε·
781 5637 966 5708 μάνη,
1001 5637 1198 5704 θέκελ,
1218 5639 1407 5707 φαρές
1426 5655 1440 5669 ·
1469 5638 1628 5692 τοῦτο
1655 5639 1711 5691 δὲ
1741 5639 1861 5692 ἐλε-

275 5746 372 5799 γεν
406 5729 618 5786 Ἐλλάδι
655 5729 884 5803 γλώσσῃ
921 5731 1232 5802 σημαίνειν,
1284 5732 1368 5784 ὅτι
1427 5730 1540 5785 Τὸν
1567 5730 1678 5798 τῆς
1710 5729 1861 5799 ζωῆς

274 5837 390 5878 σου
416 5827 643 5893 χρόνον
666 5824 1001 5895 ἠρίθμηκεν
1020 5826 1054 5878 ό
1085 5823 1231 5888 Θεὸς
1256 5823 1354 5878 καί
1387 5821 1630 5891 σταθμῷ
1669 5826 1862 5894 περιέ·-

1972 4635 2113 4688 ultra
2138 4633 2360 4688 modum
2392 4633 2643 4685 humanae
2669 4641 2880 4683 natura:
2899 4643 3010 4682 non
3037 4643 3256 4682 sumere
3280 4630 3548 4696 spiritus:

1970 4725 2066 4781 sed
2083 4726 2232 4794 quod
2257 4725 2424 4778 etiam
2451 4737 2574 4777 cum
2598 4719 3110 4774 Nabuchodonosor
3130 4727 3373 4773 mutatus
3403 4730 3552 4774 esset

1971 4817 2027 4872 in
2077 4817 2240 4870 vitam
2301 4815 2532 4869 ferinam
2579 4819 2867 4880 propterea
2896 4825 3020 4879 qua:
3069 4809 3234 4878 impie
3283 4818 3549 4878 gesserat,

1968 4915 2024 4962 et
2057 4915 2179 4978 post
2211 4906 2412 4959 multas
2439 4917 2632 4973 preces
2659 4909 2714 4956 et
2769 4899 3200 4970 supplicationes
3231 4899 3544 4954 misericor-

1969 4999 2116 5054 diam
2139 5004 2287 5052 esset
2307 5003 2659 5054 consecutus,
2691 5000 2746 5046 et
2774 4991 3030 5045 rediisset
3061 4989 3130 5042 ad
3157 4989 3322 5042 vitam
3351 4988 3548 5042 huma-

1968 5105 2095 5145 nam
2149 5099 2207 5144 et
2256 5089 2435 5158 ipsum
2480 5099 2756 5154 regnum:
2797 5091 2854 5136 et
2893 5088 3183 5151 propterea
3231 5079 3428 5142 Deum,
3488 5093 3548 5135 ut

1966 5183 2061 5253 qui
2088 5195 2310 5236 omnem
2347 5179 2578 5232 haberet
2607 5174 2930 5246 potentiam,
2960 5181 3016 5226 et
3045 5171 3328 5227 hominum
3355 5187 3543 5226 curam

1966 5282 2207 5346 gereret,
2253 5285 2431 5342 usque
2461 5270 2530 5324 ad
2579 5278 2813 5324 mortem
2865 5265 3138 5330 laudaret,
3191 5264 3308 5334 ipse
3350 5279 3545 5318 eorum

1966 5377 2052 5422 est
2081 5364 2288 5421 oblitus
2316 5380 2330 5416 ι
2364 5371 2422 5417 et
2454 5361 2626 5416 Deum
2657 5357 2882 5429 quidem
2913 5356 3105 5411 multis
3133 5355 3437 5410 insectatus
3459 5365 3544 5409 est

1967 5458 2304 5523 maledictis,
2334 5455 2486 5509 vasis
2514 5462 2698 5507 autem
2723 5452 2846 5522 ejus
2889 5459 2948 5503 ut
2969 5447 3077 5503 sibi
3108 5446 3540 5506 ministraretur,

1963 5550 2150 5606 eﬂ'ecit
2195 5547 2358 5602 simul
2405 5559 2532 5600 cum
2568 5543 2880 5614 pellicibus.
2916 5539 3043 5594 Haec
3080 5551 3214 5606 ergo
3259 5535 3538 5588 videntem

1963 5644 2135 5698 Deum
2160 5642 2211 5696 ei
2232 5655 2353 5696 esse
2387 5639 2609 5710 iratum,
2627 5646 2684 5692 ct
2714 5649 2813 5705 per
2838 5649 2903 5688 ea
2927 5647 3049 5702 quae
3081 5629 3284 5703 scripta
3316 5636 3466 5688 sunt,
3485 5626 3539 5682 ei

1963 5734 2411 5806 praesignificare,
2454 5729 2634 5800 qualis
2663 5728 2736 5784 sit
2776 5726 2999 5781 futurus
3049 5726 3176 5778 vitae
3215 5720 3416 5776 exitus.
3455 5717 3540 5771 Si-

1961 5825 2292 5894 gniﬁcabant
2329 5830 2513 5878 autem
2558 5820 2644 5876 hae
2677 5818 2899 5884 littere,
2937 5815 3114 5880 Mane.
3155 5808 3356 5879 Thecel,
3397 5807 3541 5864 Pha-
