3994 6480
414 398 516 461 387

1739 377 2026 438 MENSIS
2066 375 2362 438 JULIUS.

3570 367 3674 430 38%

414 529 524 577 res,
563 511 668 566 hoc
698 524 831 564 vero
881 503 1100 561 diccbat
1155 501 1342 570 lingua
1391 497 1582 552 Latina
1635 491 1994 563 signiﬁcare:

2124 504 2296 557 ιντησε
2327 491 2425 544 καί
2468 489 2761 558 περιελών
2788 504 2903 543 σου
2940 485 3054 555 τὴν
3091 485 3424 550 ,Βασιλείαν
3454 485 3680 553 Μήδοις

418 609 643 669 Tempus
675 604 791 655 vim
821 608 925 652 tua:
958 594 1258 649 numeravit
1288 591 1448 655 Deus,
1480 597 1529 642 et
1559 589 1614 642 in
1639 587 1778 640 libra
1805 599 1996 654 appen-

414 701 524 760 dit,
549 707 599 752 et
643 693 882 748 ablatum
920 703 1139 757 regnum
1177 695 1329 738 tuum
1366 681 1554 735 dividet
1589 678 1754 733 Medis
1780 684 1827 729 et
1866 674 1996 728 Per-

415 795 510 846 sis.
556 791 692 844 Cum
745 788 856 857 regi
893 787 964 840 sit
1000 784 1233 837 dixisset
1265 778 1493 843 Daniel,
1527 788 1777 844 quaenam
1831 769 2000 839 signi-

421 885 648 938 ficarent
709 880 793 933 hae
851 878 909 931 in
960 892 1120 929 muro
1173 874 1406 934 litterae,
1463 869 1710 922 Baltasar
1774 862 1998 932 quidem

421 988 627 1042 angore
675 980 732 1026 et
784 969 952 1023 animi
1008 966 1199 1022 dolore
1271 963 1376 1016 fuit
1427 971 1724 1029 oppressus
1776 961 2003 1023 pr0pter

421 1080 613 1135 aspera
637 1064 727 1118 illa
751 1071 807 1116 et
841 1060 1043 1123 tristia,
1071 1071 1194 1127 quae
1230 1055 1279 1108 ei
1304 1049 1776 1122 signiﬁcabantur.
1811 1045 2002 1112 Neque

423 1169 608 1214 tamen
643 1156 693 1210 ei
729 1163 991 1223 tanquam
1023 1149 1308 1220 propheta:
1339 1144 1635 1204 malorum,
1666 1153 1777 1193 non
1808 1137 1903 1190 dat
1936 1148 2004 1190 ea

421 1263 677 1312 munera,
707 1260 830 1315 qua
875 1245 1056 1299 fuerat
1109 1239 1408 1312 pollicitus,
1433 1236 1529 1290 sed
1559 1229 1793 1303 praebuit
1820 1226 2006 1283 omnia

424 1357 589 1411 quam
631 1339 879 1393 minatus
926 1335 1152 1406 quidem
1186 1340 1309 1386 erat
1341 1328 1493 1397 regni
1527 1323 1840 1385 eversione,
1872 1319 2010 1374 deii-

425 1433 554 1486 nitas
587 1445 708 1485 esse
760 1425 1126 1485 necessitatis,
1157 1421 1254 1478 scd
1288 1435 1398 1475 non
1431 1420 1552 1487 ejus
1591 1415 1686 1484 qui
1735 1411 2008 1484 praedixit,

425 1539 547 1578 esse
577 1530 838 1590 reputans
868 1539 880 1574 :
914 1533 978 1572 ea
1039 1526 1247 1576 autem,
1298 1527 1422 1580 quae
1457 1506 1725 1579 promissa
1769 1506 2009 1563 fuerant,

427 1615 680 1682 implere,
708 1611 838 1666 boni
869 1625 990 1663 esse
1017 1607 1123 1661 viri
1155 1603 1433 1675 judicans,
1464 1598 1714 1669 justique
1739 1603 1796 1649 et
1834 1593 1970 1647 veri.

496 1707 633 1760 XIV.
691 1700 1048 1757 Prmterﬂuxit
1113 1699 1277 1752 breve
1331 1692 1568 1762 spatium
1615 1687 1898 1758 temporis.
1955 1694 2012 1741 et

2097 580 2295 646 αὐτὴν
2316 583 2414 634 καί
2439 581 2703 649 Πέρσαις
2723 578 3010 648 διανεμεῖ,
3031 577 3187 632 Οὕτω
3200 577 3395 648 Δανιὴλ
3415 578 3587 632 ταῦτα
3605 579 3682 650 τῷ

2103 672 2313 741 βασιλεῖ
2336 674 2623 742 σημαίνειν
2651 673 2962 742 φράσαντος
2991 672 3057 724 τὰ
3085 672 3144 722 ἐν
3170 669 3335 739 τοίχῳ
3359 669 3680 740 γράμματα,

2099 765 2191 816 τὸν
2229 764 2330 834 μὲν
2367 765 2656 836 Βαλτάσαρ
2681 759 2792 819 οἷον
2840 765 2984 828 είκὸς
3015 764 3098 832 ἐφ’
3116 761 3262 816 οὕτω
3285 763 3540 831 χαλεποῖς
3573 765 3685 826 τοῖς

2100 853 2496 924 δεδηλωμένοις
2519 855 2664 926 λύπη
2704 857 2800 908 καὶ
2831 854 3090 924 συμφορὰ
3119 851 3443 917 κατέλαϐεν,
3476 853 3537 904 οὑ
3579 853 3686 922 μὴν

2103 945 2178 1008 ὡς
2209 947 2466 1017 προφήτῃ
2492 946 2680 1000 κακῶν
2709 944 2861 1016 αὑτῷ
2889 945 3170 1015 γενομένῳ
3192 943 3270 1014 τῷ
3300 949 3553 1016 προφήτῃ
3587 947 3688 1007 τὰς

2103 1036 2312 1108 δωρεάς
2345 1037 2410 1102 ἃς
2441 1038 2709 1107 ὑπέσχετο
2741 1036 2956 1099 δώσειν,
2989 1037 3051 1090 ού
3075 1036 3313 1100 δίδωσιν,
3337 1035 3475 1089 ἀλλὰ
3503 1037 3691 1099 πάσας

2107 1128 2438 1199 παρέσχετο,
2502 1129 2602 1200 τὴν
2662 1129 2762 1199 μὲν
2809 1128 3185 1199 ὴπειλημένςν
3245 1127 3346 1198 τῆς
3407 1127 3694 1198 βασιλείας

2106 1220 2428 1288 καθαίρεσιν
2471 1221 2566 1289 τῆς
2605 1219 2920 1290 ὁρισθείσης
2959 1219 3226 1289 ἀνάγκης,
3277 1217 3393 1272 ἀλλ’
3423 1217 3544 1287 οὐχὶ
3587 1217 3691 1271 τοῦ

2109 1310 2593 1382 προφητεύσαντος
2628 1307 2768 1365 εἶναι
2812 1309 3193 1379 λογισάμενος,
3219 1307 3322 1380 τὴν
3347 1308 3403 1362 δέ
3449 1308 3561 1361 τῶν
3591 1310 3697 1361 ἐπ-

2108 1403 2465 1474 ηγγελμένων
2509 1403 2860 1474 ἐκπλήρωσιν
2899 1402 3092 1472 ἀνδρὸς
3127 1399 3334 1468 ἀγαθοῦ
3359 1401 3558 1472 κρίνων
3591 1399 3696 1454 καὶ

2109 1496 2323 1549 δικαίου
2352 1495 2447 1548 καὶ
2481 1493 2766 1563 ἀψευδοῦς.

2185 1678 2284 1731 lA’.
2306 1676 2486 1745 Βραχὺ
2518 1674 2698 1743 διῆλθε
2726 1676 2784 1726 τὸ
2813 1674 3042 1744 μεταξὺ,
3073 1675 3167 1729 καλ⁷
3198 1676 3360 1739 αὑτός
3385 1693 3443 1729 τε
3479 1677 3698 1747 ἐλήφθη

429 1809 620 1864 captus
652 1796 754 1849 fuit
786 1795 901 1862 ipse
932 1801 986 1845 et
1017 1789 1242 1850 civitas,
1301 1785 1447 1839 sicut
1477 1780 1802 1852 praedictum
1833 1779 2012 1832 fuerat

2124 1768 2211 1820 καὶ
2267 1768 2300 1837 ή
2358 1766 2534 1828 πόλις,
2571 1765 2646 1827 ὡς
2677 1763 2754 1834 τῷ
2785 1765 2982 1834 Δανιὴλ
3037 1766 3460 1835 προηγόρευται,
3504 1767 3697 1838 Κύρου

429 1905 458 1942 a
495 1888 736 1948 Daniele,
782 1898 907 1937 cum
954 1882 1066 1934 liex
1115 1881 1402 1934 Persarum
1446 1874 1500 1928 in
1534 1874 1715 1942 ipsum
1761 1870 2009 1925 duxisset

2124 1860 2219 1912 τῶν
2259 1857 2484 1928 Περσῶν
2521 1858 2783 1927 βασιλέως
2817 1858 3345 1926 ἐπιστρατεύσαντος
3374 1859 3459 1912 ἐπ’
3493 1861 3697 1914 αὐτόν’

429 1979 754 2032 exercitum.
779 1975 885 2029 Sed
912 1973 1186 2026 Baltassar
1210 1967 1436 2037 quidem
1461 1965 1543 2020 sic
1565 1979 1596 2018 e
1618 1963 1729 2016 vita
1749 1959 2003 2017 excedit:

431 2067 627 2120 Darius
673 2080 828 2124 vero,
883 2062 976 2130 qui
1037 2057 1462 2128 Babyloniorum
1499 2052 1749 2108 dissolvit
1798 2050 2006 2122 princi-

433 2164 643 2222 patum,
677 2153 773 2221 qui
803 2160 922 2204 erat
951 2149 1117 2201 etiam
1163 2147 1308 2200 titius
1346 2144 1616 2214 Astyagis,
1657 2142 1809 2213 regni
1843 2157 2007 2198 sexa-

433 2246 705 2313 gesimum
760 2240 1067 2296 secundum
1119 2252 1327 2292 annum
1376 2244 1738 2303 transegerat,
1788 2233 2010 2302 quando

435 2334 585 2400 cepit
605 2333 956 2401 Babylonem.
985 2329 1090 2393 Qui
1118 2327 1283 2381 etiam
1308 2325 1690 2380 admirabilem
1718 2324 1865 2378 hunc
1892 2339 2014 2393 pro-

433 2425 656 2494 phetam
720 2437 912 2476 secum
963 2420 1266 2488 accipiens,
1322 2427 1580 2486 tanquam
1621 2431 1735 2470 rem
1761 2416 2008 2485 aliquam

437 2531 688 2584 magnam
721 2524 779 2570 et
805 2512 1286 2582 pretiosissimam,
1317 2510 1478 2564 duxit
1518 2509 1572 2563 in
1615 2508 1869 2570 Mediam,
1900 2524 2014 2562 ma-

436 2622 602 2674 gnum
648 2619 809 2657 suum
851 2603 906 2656 in
939 2618 1065 2656 eum
1107 2601 1351 2655 studium
1385 2599 1685 2655 ostendens
1728 2607 1784 2653 et
1821 2599 2015 2654 obser-

436 2696 701 2749 vantiam.
736 2694 923 2747 Daniel
949 2707 1082 2762 ergo
1109 2707 1235 2746 cum
1262 2702 1414 2745 esset
1446 2691 1499 2743 in
1536 2699 1685 2744 tanto
1715 2689 1926 2744 honore
1959 2697 2016 2744 et

430 2786 879 2840 cssistimatione
917 2783 1060 2852 apud
1090 2783 1336 2845 Darium,
1369 2789 1426 2834 et
1453 2783 1568 2850 ipsc
1593 2782 1713 2852 ejus
1734 2794 2018 2836 sermones

434 2879 742 2945 acciperet,
799 2883 858 2928 ut
902 2876 996 2942 qui
1049 2873 1319 2926 baberent
1361 2871 1568 2940 aliquid
1639 2870 1908 2934 divinum,
1959 2872 2016 2925 in

430 2984 566 3024 eum
597 2981 820 3036 quoque
851 2965 1086 3019 excitata
1114 2973 1199 3017 est
1234 2963 1440 3016 invidia
1484 2962 1554 3016 ab
1586 2962 1654 3018 iis
1685 2963 1778 3031 qui
1812 2965 2019 3032 primas

440 3070 626 3129 partes
665 3058 922 3111 terebant
970 3055 1028 3109 in
1077 3055 1272 3110 Media.
1303 3054 1518 3108 Etenim
1576 3055 2021 3109 invidebant'sa-

441 3161 634 3219 trapze,
659 3150 913 3205 videntes
931 3164 1059 3202 eum
1085 3163 1206 3203 esse
1238 3149 1290 3201 in
1326 3149 1534 3217 majore
1569 3147 2004 3203 exsistimatione

439 3253 498 3299 et
529 3261 648 3298 esse
681 3245 859 3314 majus
903 3244 957 3296 in
988 3257 1118 3298 eum
1156 3243 1300 3311 regis
1339 3242 1605 3304 studium,
1651 3251 1708 3295 et
1737 3242 1929 3296 haberi
1961 3217 2028 3300 in,

443 3337 634 3405 majori
662 3335 808 3403 apud
834 3349 959 3388 eum
991 3335 1224 3388 honore.
1255 3333 1578 3399 Quaarentes
1598 3341 1782 3389 autem
1811 3336 2020 3390 calum-

443 3432 552 3484 nia:
595 3427 940 3482 occasionem
971 3434 1027 3480 et
1067 3427 1457 3489 accusationis,
1503 3425 1729 3480 minime
1770 3427 2018 3482 invenie-

444 3524 612 3588 bant;
650 3522 857 3576 nullam
885 3521 1029 3574 enim
1059 3519 1139 3573 eis
1165 3518 1448 3588 praebebat
1471 3533 1715 3580 causam,
1754 3535 1878 3571 nam
1923 3535 2021 3574 nec

445 3632 553 3685 que
587 3632 616 3669 a
653 3614 905 3684 pecuniis
938 3614 1082 3667 vinci
1130 3618 1372 3681 poterat,
1404 3621 1461 3665 et
1485 3625 1704 3665 omnem
1748 3621 2019 3680 quaestum

445 3708 802 3777 despiciebat.
843 3707 984 3761 Hinc
1025 3705 1229 3760 iactum
1255 3715 1360 3763 est.
1391 3712 1453 3763 ut
1476 3719 1600 3758 cum
1633 3702 1769 3756 nihil
1800 3712 2024 3771 possent

449 3799 724 3863 invenire,
783 3798 934 3868 quod
990 3798 1060 3853 de
1089 3813 1156 3850 co
1203 3797 1453 3851 dicentes
1499 3794 1646 3865 apud
1691 3809 1896 3863 regem,
1954 3795 2022 3848 de

450 3893 568 3962 ejus
605 3891 816 3945 honore
851 3899 1070 3958 possent
1103 3887 1312 3956 aliquid
1350 3886 1668 3949 detrahere,
1705 3885 1875 3944 alium
1909 3899 2024 3938 mo-

446 3983 582 4037 dum
623 3990 957 4053 quaererent,
985 3996 1096 4050 quo
1125 3996 1252 4034 eum
1285 3978 1629 4048 depellerent
1680 3993 1710 4033 a
1750 3977 1896 4047 regis
1924 3976 2024 4030 be-

447 4073 784 4127 nevolentia.
847 4071 1114 4126 Videntes
1164 4085 1296 4140 ergo
1349 4069 1632 4122 Danielem
1691 4074 1775 4122 ter
1829 4066 1884 4120 in
1934 4067 2024 4122 die

451 4171 792 4232 precantem,
820 4160 1072 4214 arbitrati
1091 4167 1224 4212 ‘sunt
1257 4175 1314 4214 se
1347 4157 1623 4212 invenisse
1651 4157 2022 4221 occasionem,

448 4270 550 4323 per
572 4269 736 4322 quam
765 4252 876 4306 sint
901 4251 950 4306 ei
979 4251 1200 4304 allaturi
1228 4251 1459 4304 exitium
1483 4268 1496 4304 :
1517 4259 1574 4304 et
1605 4248 1932 4304 accedentes
1957 4253 2022 4304 ad

455 4346 704 4407 Darium,
754 4345 806 4399 ei
844 4343 1184 4406 renuntiant,
1233 4343 1409 4396 visum
1446 4358 1567 4398 esse
1614 4343 1872 4397 omnibus
1905 4345 2024 4413 ejus

445 4437 688 4504 satrapis
717 4447 772 4491 et
803 4435 1168 4505 principibus,
1213 4443 1272 4490 ut
1305 4436 1489 4490 nullus
1517 4451 1582 4491 ex
1613 4435 1875 4490 omnibus
1899 4450 2022 4505 spa-

2112 1953 2250 2007 ἀλλὰ
2283 1951 2574 2020 Βαλτάσαρ
2613 1949 2711 2018 μὲν
2742 1948 2886 2000 οὕτω
2929 1949 3018 2001 τὸν
3061 1948 3173 2017 βίον
3211 1949 3449 2018 ἀμείϐει.
3481 1952 3703 2022 Δαρείῳ

2110 2045 2166 2098 δὲ
2193 2046 2268 2114 τῷ
2292 2041 2658 2097 καταλύσαντι
2686 2041 2782 2111 τὴν
2833 2041 3176 2094 Βαϐυλώνιον
3203 2042 3518 2112 ἠγεμονίαν,
3543 2043 3600 2106 ὃς
3629 2043 3703 2113 δὴ

2112 2139 2206 2191 καὶ
2236 2138 2568 2204 ’Δστυάγους
2599 2135 2719 2198 υίὸς
2745 2131 2835 2204 ἦν,
2858 2134 2974 2197 hoc
3005 2134 3295 2204 ἑξηκοστὸν
3325 2136 3419 2188 καὶ
3441 2133 3706 2206 δεύτερον

2111 2231 2209 2299 τῆς
2229 2228 2504 2299 βασιλείας
2527 2224 2740 2297 ἠνύετο,
2766 2226 2929 2296 ἡνίκα
2955 2228 3055 2297 τὴν
3085 2224 3374 2278 Βαϐυλῶνα
3409 2221 3555 2280 εἷλεν
3575 2244 3589 2257 ο
3634 2228 3704 2291 ὃς

2115 2322 2213 2375 καὶ
2238 2321 2326 2373 τὸν
2349 2319 2654 2391 θαυμάσιον
2682 2318 2895 2372 τουτονὶ
2921 2320 3204 2388 προφήτην
3229 2319 3348 2389 μεθ’
3377 2319 3576 2374 ἑαυτοῦ
3601 2321 3710 2374 λα-

2117 2412 2230 2466 ϐὼν
2262 2413 2338 2476 ὡς
2373 2411 2517 2482 μέγα
2561 2429 2613 2464 τι
2647 2410 2840 2480 χρῆμα
2893 2412 2988 2463 καὶ
3027 2410 3328 2480 ἀξιότιμον,
3367 2411 3575 2481 ἤγαγεν
3613 2414 3708 2477 εἰς

2115 2504 2215 2574 τὴν
2263 2503 2537 2573 Μηδικὴν,
2592 2502 2796 2574 πολλὴν
2849 2502 2946 2571 τὴν
2993 2503 3123 2570 περ)⁹
3170 2503 3335 2556 αυτὸν
3397 2502 3708 2575 θεραπείαν

2119 2595 2448 2658 ἐπιδεικνύς.
2492 2593 2692 2665 Δανιὴλ
2726 2594 2906 2648 τοίνυν
2950 2594 3026 2648 ὢν
3065 2597 3121 2648 ἐν
3153 2595 3378 2666 τοιαύτῃ
3417 2600 3551 2667 τιμῇ
3603 2599 3710 2652 καὶ

2117 2689 2346 2758 ὶαμπρᾷ
2378 2687 2586 2758 σπουδῇ
2616 2687 2768 2756 παρὰ
2798 2687 2878 2756 τῷ
2905 2688 3140 2757 Δαρείῳ,
3178 2688 3338 2756 μόνος
3365 2705 3424 2742 τε
3455 2689 3710 2759 σύμϐου-

2117 2781 2206 2844 λος
2239 2780 2390 2851 αὑτῷ
2421 2780 2782 2850 ἐχρημάτισε,
2817 2782 2913 2834 καὶ
2945 2781 3072 2843 τοὺς
3101 2779 3268 2833 αὑτοῦ
3300 2780 3492 2848 λόγους
3529 2781 3602 2843 ὥς
3647 2798 3709 2834 τι

2121 2872 2262 2926 θεῖον
2289 2871 2515 2942 ἔχοντας
2552 2875 2580 2924 ὁ
2621 2871 2874 2942 βασιλεὺς
2905 2871 3302 2942 ἀποδεχόμενος
3347 2867 3434 2942 ἦν.
3478 2873 3708 2942 ’Δμὲλει

2121 2966 2213 3018 καὶ
2245 2964 2440 3033 φθόνος
2483 2965 2633 3032 αὑτῷ
2665 2965 2898 3033 ὑφεϊρπε
2935 2965 3085 3033 παρὰ
3125 2964 3233 3016 τῶν
3267 2963 3334 3017 τά
3369 2964 3560 3034 πρῶτα
3601 2981 3713 3031 φεο

2128 3061 2330 3131 ρόντων
2356 3062 2413 3113 ἐν
2442 3059 2661 3128 Μηδικῇ
2689 3076 2701 3091 ·
2738 3059 3065 3112 ἐϐάσκαινον
3110 3059 3218 3128 γὰρ
3241 3057 3391 3129 αὑτῷ
3419 3061 3466 3112 oi
3499 3061 3714 3130 σατράο

2057 3183 2101 3240 c
2134 3170 2233 3205 παι
2292 3150 2796 3222 παρευδοκιμοῦντα
2843 3151 3078 3221 ὁρῶντες
3121 3150 3214 3203 καὶ
3245 3151 3486 3213 πλείονος
3515 3153 3714 3218 ἀξιού-

2137 3264 2295 3316 μενον
2316 3247 2412 3315 τῆς
2446 3248 2508 3298 ἐκ
2536 3244 2802 3311 βασιλέως
2834 3245 3134 3316 θεραπείας
3171 3263 3230 3298 τε
3259 3246 3353 3299 καὶ
3375 3248 3572 3318 τιμῆςο
3605 3250 3713 3303 καὶ

2125 3337 2416 3407 ζητοῦντες
2471 3335 2722 3406 διαϐολῆς
2762 3337 3019 3406 ἀφορμὴν
3068 3338 3163 3391 καὶ
3210 3337 3560 3409 κατηγορίας,
3601 3340 3712 3412 οὐχ

2125 3428 2405 3497 εὕρισκον·
2444 3429 2676 3498 παρεῖχε
2720 3427 2830 3496 γάρ
2850 3428 3027 3480 αἰτίαν
3057 3428 3315 3500 οὐδεμίαν
3346 3431 3547 3493 αὑτοῖς,
3577 3431 3713 3485 ἐπεὶ

2124 3523 2218 3575 καὶ
2266 3519 2564 3591 χρημάτων
2609 3519 2883 3590 άνώτερος
2928 3516 2998 3591 ἦν
3047 3521 3144 3574 καὶ
3178 3521 3378 3584 παντὸς
3414 3522 3713 3592 λήμματος

2125 3613 2440 3682 ὑπερόπτης
2462 3626 2476 3641 ·
2511 3610 2763 3663 ἐντεῦθεν
2803 3611 2884 3676 ὼς
2925 3612 3077 3666 οὐδὲν
3123 3610 3266 3684 εἶχον
3295 3615 3472 3684 εὑρεῖν
3507 3615 3534 3666 ὅ
3565 3632 3715 3667 κατ-

2125 3707 2371 3768 ειπόντες
2393 3705 2558 3760 αὑτοῦ
2595 3707 2732 3775 πρὸς
2763 3706 2854 3760 τὸν
2878 3705 3106 3776 βασιλέα
3133 3706 3506 3778 ζημιώσουσιν
3537 3710 3714 3764 αὑτὸν

2126 3801 2207 3862 είς
2254 3800 2356 3868 τὴν
2395 3798 2526 3870 παρ’
2568 3798 2734 3852 αὑτοῦ
2783 3799 2972 3870 τιμήν,
3006 3800 3206 3872 τρόπον
3249 3802 3408 3856 ἄλλον
3435 3801 3662 3872 ἐζήτουν
3689 3844 3709 3870 ,

2127 3895 2252 3949 καθ’
2272 3894 2332 3948 ὃν
2358 3893 2522 3947 αὑτὸν
2550 3893 2650 3962 τῆς
2684 3891 2975 3963 βασιλικῆς
3004 3891 3365 3962 ἐκστήσουσιν
3391 3893 3709 3963 εὐμενείας.

2138 3987 2407 4059 Ὀρῶντες
2435 3985 2530 4039 οὖν
2546 3985 2638 4038 τὸν
2668 3984 2868 4053 Δανιὴλ
2889 3985 3011 4054 τρὶς
3034 3984 3133 4054 τῆς
3161 3983 3375 4054 ἡμέρας
3401 3989 3710 4056 προσευχό-

2130 4096 2291 4150 μενον
2320 4076 2399 4148 τῷ
2425 4077 2568 4146 Θεῷ,
2597 4076 2874 4147 πρόφασιν
2905 4075 3151 4143 ἔγνωσαν
3187 4075 3504 4146 εὑρηκέναι.
3542 4077 3608 4129 δι’
3634 4071 3716 4147 ἧς

2128 4169 2277 4237 αὑτῷ
2336 4169 2738 4221 συσκευάσουσι
2792 4167 2893 4234 τὴν
2942 4166 3256 4220 ἀπώλειανο
3300 4167 3396 4219 καὶ
3449 4168 3584 4235 πρὸς
3610 4166 3714 4219 τὸν

2127 4261 2353 4329 Δαρεῖον
2401 4258 2652 4320 ἐλθόντες
2700 4257 3074 4326 ἀπήγγελλον,
3114 4256 3192 4320 ὡς
3240 4258 3354 4319 τοῖς
3397 4259 3714 4326 σατράπαις

2127 4350 2294 4406 αὑτοῦ
2329 4351 2464 4404 πᾶσι
2509 4349 2604 4402 καὶ
2633 4349 2869 4419 ἡγεμόσι
2899 4349 3122 4415 δόξειεν,
3154 4350 3248 4402 ἐπὶ
3276 4349 3494 4420 ἡμέρας
3547 4350 3715 4416 τριά-

2130 4461 2295 4497 κοντα
2353 4443 2560 4512 μηδένα
2614 4443 2724 4496 τῶν
2774 4444 2994 4497 πάντων
3045 4443 3374 4512 αἰτήσασθαί
3423 4460 3474 4493 τι
3538 4442 3716 4512 μηδὲν

455 4529 530 4584 tio
554 4529 776 4598 triginta
805 4527 1020 4581 dierum
1066 4526 1230 4581 ullam
1255 4527 1478 4582 omnino
1503 4535 1653 4596 petat
1679 4526 2016 4596 petitionem,

2132 4537 2364 4606 αἴτημα,
2400 4535 2536 4604 μήτε
2566 4535 2718 4605 παρὰ
2748 4533 2884 4586 Θεοῦ
2916 4536 3054 4604 μήτε
3095 4533 3246 4604 παρὰ
3283 4533 3596 4604 ἀνθρώπου,
3624 4535 3716 4587 ὅτι

455 4633 638 4688 neque
663 4634 694 4672 a
731 4619 842 4672 Deo
872 4633 1051 4686 neque
1083 4617 1152 4672 ab
1185 4618 1432 4683 homine,
1475 4619 1582 4674 nisi
1613 4619 1682 4674 ab
1724 4621 1843 4689 ipso
1878 4636 2027 4690 rege.

449 4710 553 4775 Qui
582 4709 724 4764 hanc
744 4718 927 4763 autem
949 4709 1122 4778 legem
1149 4710 1318 4765 fuerit
1345 4719 1739 4781 transgressus,
1768 4712 1822 4765 in
1846 4711 2026 4767 lacum

449 4801 674 4855 leonum
716 4801 1016 4871 injiciatur.
1055 4860 1058 4864 ,

523 4893 639 4948 XV.
681 4893 792 4948 Rex
842 4909 971 4948 vero
1019 4907 1128 4948 non
1181 4893 1492 4964 intelligens
1535 4909 1729 4949 eorum
1777 4895 2029 4966 maligni-

453 4994 644 5050 tatem,
683 5001 784 5040 nec
837 4985 1126 5055 suspicans
1183 5001 1280 5040 eos
1335 4987 1452 5042 haec
1507 5001 1630 5042 esse
1687 4986 2030 5042 machinatos

449 5075 720 5129 adversus
754 5075 1059 5137 Danielem,
1103 5076 1270 5130 cessit
1322 5090 1515 5130 eorum
1559 5075 1932 5129 sermonibus.
1965 5075 2030 5132 Et

451 5165 548 5220 alii
583 5165 806 5234 quidem
853 5180 1046 5220 omnes
1089 5174 1370 5231 caventes,
1405 5183 1474 5220 ne
1507 5167 2030 5236 transgrederentur

457 5274 525 5313 ea
566 5273 688 5327 quae
723 5258 802 5312 eis
841 5257 1106 5327 imperata
1133 5258 1375 5324 inerant,
1406 5258 1807 5327 quiescebant:
1839 5258 2029 5314 Daniel

451 5361 636 5406 autem
671 5352 777 5403 hoc
805 5348 1030 5403 minime
1059 5351 1286 5404 curabat
1315 5367 1330 5406 :
1359 5349 1480 5414 sed,
1503 5350 1648 5404 sicut
1670 5349 1722 5404 ei
1750 5364 1870 5403 mos
1890 5357 2028 5414 erat,

449 5455 608 5499 stans
639 5443 854 5498 orabat.
877 5442 1018 5496 liinc
1045 5458 1170 5497 cum
1201 5457 1328 5496 eum
1359 5443 1746 5498 observassent
1774 5451 2028 5511 satrapae,

449 5545 512 5590 et
548 5537 896 5605 apparuisset
925 5551 1012 5600 ea,
1053 5546 1218 5604 quam
1251 5533 1307 5586 in
1333 5535 1513 5602 ipsum
1556 5531 1853 5587 studebant
1885 5533 2031 5587 acci-

453 5642 606 5696 pere,
654 5628 894 5691 occasio,
919 5628 1104 5682 statim
1132 5634 1425 5690 venerunt,
1458 5624 1526 5679 ad
1557 5641 1758 5696 regem,
1783 5634 1835 5678 et
1867 5641 2030 5679 accu-

452 5728 646 5773 sarunt
703 5719 1007 5784 Danielem,
1042 5728 1104 5774 ut
1159 5719 1252 5788 qui
1316 5719 1465 5774 solus
1546 5717 2031 5787 transgredcrctur

450 5824 513 5862 ea
538 5826 658 5878 quae
686 5812 903 5866 fuerant
931 5813 1217 5882 imperata.
1241 5812 1377 5867 Nam
1403 5828 1530 5867 cum
1554 5813 1761 5878 nullus,
1785 5812 2028 5876 aiebant,

2135 4628 2210 4698 μὴ
2247 4628 2408 4696 μόνον
2436 4629 2588 4697 παρὰ
2623 4625 2740 4690 σοῦ,
2772 4625 3017 4696 βασιλεῦ,
3041 4625 3130 4678 τὸν
3143 4626 3198 4678 δὲ
3227 4627 3319 4680 τὸν
3345 4626 3506 4694 νόμον
3531 4642 3718 4695 παρα..

2133 4719 2404 4790 ϐεϐηκότα
2433 4719 2624 4771 τοῦτον
2658 4720 2739 4780 είς
2766 4719 2858 4771 τὸν
2883 4719 3087 4772 λάκκον
3117 4717 3560 4789 ἐμϐληθήσεσθαι
3597 4718 3715 4772 τῶν

2131 4809 2386 4866 λεόντων.

2204 4902 2302 4955 ΙΕ’.
2343 4900 2404 4952 '0
2451 4899 2508 4952 δὲ
2549 4898 2803 4969 βασιλεὺς
2833 4899 2896 4964 ρὺ
2932 4897 3160 4952 συνιδὼν
3209 4899 3311 4967 τὴν
3365 4901 3714 4971 κακουργίαν

2132 4991 2334 5054 αὑτῶν,
2365 4987 2472 5042 οὐδ’
2501 4989 2593 5041 ἐπὶ
2631 4991 2721 5042 τὸν
2749 4987 2948 5058 Δανιὴλ
2981 4989 3154 5041 ταῦτα
3187 4991 3714 5057 συσκευασαμένους

2133 5081 2464 5150 ὑπονοήσας,
2510 5075 2619 5142 εἶξε
2667 5082 2780 5142 τοῖς
2822 5079 3003 5132 αὑτῶν
3044 5079 3226 5146 λόγοις
3275 5083 3370 5133 καὶ
3411 5080 3717 5150 προτίθησι

2135 5172 2486 5243 πρόγραμμα
2517 5170 2716 5242 δηλοῦν
2749 5170 2827 5238 τῷ
2859 5169 3054 5241 πλήθει
3095 5171 3166 5226 τὰ
3192 5171 3421 5237 δόξαντα
3467 5174 3579 5235 τοῖς
3613 5189 3715 5227 σα-

2133 5265 2400 5335 τράπαις·
2435 5265 2533 5318 καὶ
2559 5265 2609 5316 oi
2642 5263 2743 5334 μὲν
2773 5263 2925 5316 ἄλλοι
2959 5262 3164 5326 πάντες
3207 5264 3608 5334 φυλαττόμενοι
3641 5265 3717 5318 τὰ

2134 5356 2594 5426 προστεταγμένα
2644 5355 2720 5426 μὴ
2758 5356 3066 5427 παραϐῆναι
3085 5354 3348 5425 ἠρέμουν,
3389 5354 3468 5424 τῷ
3511 5355 3716 5426 Δανιὴλ

2133 5445 2190 5499 δὲ
2229 5446 2440 5500 τούτων
2481 5446 2703 5517 φροντὶς
2741 5447 2994 5516 οὐδεμία,
3039 5446 3154 5499 ἀλλ’
3179 5445 3368 5516 ὥσπερ
3399 5446 3521 5509 ἔθος
3563 5447 3718 5501 ίστά-

2139 5554 2301 5608 μενος
2336 5537 2540 5608 ηὔχετο
2560 5556 2572 5567 ·
2605 5539 2756 5592 ἔνθεν
2793 5556 2873 5591 τοι
2904 5540 2997 5594 καὶ
3021 5539 3520 5610 παρατηρήσαντες
3546 5537 3716 5592 αὑτὸν

2133 5630 2184 5682 οἱ
2241 5631 2544 5700 σατράπαι,
2578 5630 2679 5699 τῆς
2718 5630 2997 5700 ἀφορμῆς,
3037 5631 3104 5698 ἦν
3145 5629 3481 5693 ἐσπούδαζον
3525 5629 3720 5682 λαϐεῖν

2133 5723 2393 5776 ἐπάὑτὺν
2415 5721 2602 5792 ὥσπερ
2631 5722 3071 5791 παραφανείσης,
3100 5721 3260 5782 εὐθὺς
3292 5717 3426 5792 ἧκον
3454 5721 3590 5790 πρὸς
3612 5720 3716 5789 βα.

2135 5811 2285 5864 σιλέα
2316 5814 2410 5864 καὶ
2441 5812 2786 5883 κατηγόρουν
2833 5813 2909 5874 ὡς
2943 5811 3371 5882 παραϐαίνοντος
3413 5811 3577 5882 μόνου
3612 5811 3711 5864 τοῦ
