3994 6420
272 362 385 426 389
1313 366 1490 429 VITA
1538 365 1597 424 S.
1640 363 1849 424 PROPi

1950 364 2065 422 TrE
2109 363 2492 424 DANIELIS.
3419 361 3525 424 390

269 476 474 548 Δανιὴλ
505 475 574 530 τὰ
606 476 1098 548 προστεταγμένα·
1129 476 1373 550 Μηδενὸς
1395 478 1528 547 γὰρ,
1561 477 1714 547 φησι,
1750 477 1846 531 τῶ·Ι

1959 475 2102 530 alius
2135 474 2362 530 auderet
2388 474 2520 530 deos
2552 488 2747 540 orare;
2779 473 2967 530 Daniel
3029 474 3133 528 hoc
3161 490 3270 530 non
3305 479 3422 534 vult
3451 479 3531 534 fa-

267 572 453 626 άλλων
482 569 788 638 τολμῶντος
819 569 1219 640 προσεύχεσθαι
1251 571 1366 634 τοῖς
1401 570 1564 635 θεοῖς,
1598 570 1627 622 ὀ
1653 570 1844 640 Δανιὴλ

1958 583 2082 622 cere
2119 584 2131 620 :
2162 577 2216 622 et
2241 568 2404 622 simul
2431 579 2687 636 tanquam
2712 567 2848 636 legis
2874 574 3358 637 transgressorem,
3382 571 3535 626 vole-

268 661 434 716 τοῖτο
453 662 715 733 πράττειν
735 662 799 713 οὑ
834 662 1110 731 βούλεται,
1135 664 1228 715 καὶ
1262 663 1380 732 ἅμα
1410 662 1484 726 ὡς
1524 662 1845 734 παραϐάτην

1959 659 2089 713 bant
2115 675 2240 713 eum
2274 676 2341 714 ex
2369 660 2489 729 lege
2511 660 2617 729 jaci
2658 660 2712 712 in
2753 661 2933 714 lacum
2965 661 3209 716 leonum.
3238 661 3536 719 Confidens

272 750 444 818 νόμου
471 747 657 816 ἠξίουν
687 749 828 800 κατά
858 750 948 801 τὸν
976 750 1139 816 νόμον
1173 752 1253 811 εἰς
1287 751 1379 803 τὸν
1409 749 1612 804 λάκκον
1645 750 1849 822 ἐμϐλη-

1959 761 2140 806 autem
2172 753 2364 808 Darius
2410 751 2528 806 fore
2556 752 2781 806 ut'Deus
2806 769 2933 806 eum
2960 753 3226 820 eriperet,
3257 763 3311 808 et
3348 755 3536 812 aleris

269 841 430 910 θῆναι
470 842 580 894 τῶν
617 839 872 894 λεόντων.
905 840 1201 912 Θαρρήσας
1231 842 1288 895 δὲ
1309 843 1336 895 ὁ
1370 844 1616 912 Δαρεῖος,
1643 844 1727 896 ὅτι
1752 843 1846 914 p6-

1963 845 2100 899 nihil
2152 860 2320 915 grave
2371 854 2675 914 pateretur,
2729 847 2896 915 jussit
2941 861 3068 900 eum
3121 847 3288 901 alacri
3349 850 3538 903 animo

269 949 426 986 σεται
476 933 539 985 τὸ
569 931 725 986 Θεῖον
766 933 932 987 αὑτὸν
961 937 1054 987 καὶ
1085 935 1234 987 οὐδὲν
1264 937 1327 988 οὑ
1359 936 1520 990 πάθοι
1545 937 1718 990 δεινὸν
1751 937 1846 990 ὑπέ

1958 937 2106 991 ferre
2137 937 2282 1007 quod
2314 936 2592 992 acciderat
2619 955 2634 993 :
2662 937 2790 991 etin
2828 938 3009 992 lacum
3044 940 3245 1009 injecto
3286 940 3535 998 Daniele.

265 1026 379 1077 τιῖιν
429 1024 657 1093 θηρίων,
708 1025 994 1081 ἐκέλευσεν
1033 1027 1196 1080 αὑτὸν
1240 1026 1494 1098 εὐθύμως
1534 1028 1596 1081 τὸ
1639 1027 1842 1096 συμσὰι

1962 1043 2088 1083 cum
2131 1030 2475 1100 obsignassct
2519 1044 2618 1082 rex
2668 1028 2930 1098 lapidem,
2986 1031 3081 1100 qui
3129 1039 3248 1084 erat
3293 1030 3426 1084 litus
3484 1032 3539 1085 in

269 1117 494 1183 φέρειν·
527 1118 622 1169 καὶ
655 1116 951 1186 βληθέντος
1008 1122 1088 1184 είς
1139 1119 1233 1173 τὸν
1263 1119 1466 1174 λάκκον
1501 1119 1597 1174 τοῦ
1637 1121 1846 1190 Δανιὴλε

1966 1121 2115 1175 aditu
2145 1121 2268 1176 loco
2300 1119 2451 1186 ostii,
2500 1120 2750 1182 recessit,
2805 1130 2974 1176 totam
3012 1131 3232 1176 noctem
3269 1123 3543 1178 insomnis

271 1206 588 1274 σφραγίσας
625 1209 718 1260 τὸν
763 1210 857 1262 ἐπὶ
889 1209 984 1263 τοῦ
1025 1211 1252 1281 στομίου
1297 1213 1552 1283 κείμενον
1597 1213 1722 1268 ἀντὶ
1763 1211 1848 1266 θύ-

1964 1212 2300 1283 transigens,
2329 1221 2393 1266 ut
2419 1213 2513 1284 qui
2542 1221 2895 1283 premeretur
2930 1228 3065 1267 cura
3098 1213 3166 1268 de
3193 1213 3441 1268 Daniele.

275 1314 369 1370 ρας
418 1299 572 1352 λίθον
619 1302 650 1353 ὁ
679 1300 958 1368 βασιλεὺς,
999 1305 1367 1377 ἀνεχώρησεν,
1400 1305 1534 1379 ὅλην
1555 1305 1655 1378 τὴν
1689 1305 1858 1360 νύκτα
1897 1305 2175 1373 διαγαγὼν
2237 1307 2466 1368 ἄϋπνος,
2501 1304 2745 1376 φροντίδι
2774 1306 2840 1375 τῇ
2869 1303 2998 1375 περὶ
3025 1303 3118 1356 τὸν
3182 1305 3380 1376 Δανιὴλ
3417 1322 3540 1360 συνσ

275 1394 560 1459 εχόμενος.

343 1481 464 1549 ις’.
501 1484 644 1539 Μεθ’
678 1487 894 1560 ἡμέραν
947 1491 1003 1546 δὲ
1061 1492 1320 1561 ἀναστὰς,
1363 1494 1457 1547 ἐπὶ
1515 1494 1608 1550 τὸν
1655 1494 1859 1548 λάκκον

2045 1491 2182 1545 XV].
2226 1489 2362 1546 Cum
2390 1497 2596 1554 autem,
2628 1497 2918 1559 postquam
2941 1488 3059 1544 dies
3083 1497 3249 1552 esset,
3269 1490 3547 1544 surrexis~

268 1569 400 1644 ἦλθε
446 1579 544 1631 καὶ
571 1580 890 1653 σωζομένην
939 1587 1038 1656 τὴν
1066 1587 1343 1656 σφραγῖδα
1373 1586 1572 1658 εὑρὼν,
1682 1605 1845 1658 σημηε

1967 1593 2072 1644 set,
2095 1581 2245 1634 venit
2263 1583 2328 1634 ad
2350 1581 2531 1634 lacum
2554 1597 2566 1631 :
2591 1588 2648 1634 et
2665 1594 2790 1634 cum
2808 1578 3016 1632 salvum
3043 1577 3340 1631 invenisset
3357 1577 3540 1645 signa-

273 1667 508 1735 νάμενος
557 1671 652 1724 τὸν
683 1673 832 1725 λίθον
876 1676 1281 1741 καταλελοίπει,
1328 1678 1548 1742 άνοίξχς
1597 1677 1850 1748 ὀνομαστά

1965 1673 2172 1735 culum,
2191 1687 2302 1741 quo
2323 1672 2622 1740 reliquerat
2643 1670 2988 1739 obsignatum
3011 1668 3244 1738 lapidem
3265 1667 3538 1738 aperiens,

269 1774 327 1809 τε
356 1761 452 1814 τὸν
478 1762 681 1832 Δανιὴλ
710 1766 899 1819 ὲκάλει
926 1769 1023 1822 καὶ
1058 1769 1446 1822 διεπυνθάνετο
1476 1771 1592 1836 είγε
1636 1771 1728 1823 καὶ
1761 1768 1846 1821 νῦι

1966 1764 2294 1818 nominatim
2345 1765 2562 1816 vocavit
2623 1762 2928 1821 Danielem,
2957 1769 3012 1814 et
3055 1759 3286 1828 rogavit.
3319 1774 3387 1811 an
3443 1758 3543 1810 ad-

270 1849 505 1915 σικοιτο
531 1869 545 1883 ·
588 1855 682 1907 τοῦ
712 1855 771 1908 δὲ
817 1858 1064 1913 κάτωθεν
1093 1861 1508 1923 ὑπακούσαντος
1552 1862 1647 1914 καὶ
1687 1861 1847 1932 μηδὲν

1967 1853 2079 1906 huc
2117 1861 2265 1906 esset
2298 1852 2502 1906 salvus.
2539 1853 2679 1905 Cum
2712 1851 2806 1904 ille
2841 1864 2975 1904 vero
3005 1849 3220 1903 inferne
3254 1849 3541 1911 audiisset,

269 1943 469 1995 παθεῖν
515 1946 768 2011 εἰπόντος
811 1951 1057 2020 ἀνιαρὸν,
1089 1952 1377 2006 ἐκέλευσεν
1420 1953 1584 2007 αὑτὸν
1624 1953 1846 2006 ἀνελκυ-

1966 1954 2022 2000 et
2058 1945 2287 1999 dixisset
2321 1959 2380 1997 se
2414 1943 2552 1996 nihil
2596 1942 2891 1996 molestum
2937 1956 3058 1996 esse
3105 1956 3352 2010 passum,
3380 1941 3543 2010 jussit

274 2035 473 2102 σθῆναι
504 2036 601 2088 τοῦ
634 2037 840 2092 λάκκου
860 2057 876 2072 ’
908 2043 956 2094 οἱ
980 2042 1037 2092 δὲ
1066 2043 1250 2112 ἐχθροὶ
1275 2044 1603 2113 θεασάμενοι
1635 2044 1726 2097 τὸν
1757 2047 1851 2098 Δα-

1964 2051 2092 2091 eum
2123 2035 2339 2090 extrahi
2374 2050 2405 2088 e
2439 2035 2582 2088 lacu.
2623 2033 2759 2088 Cum
2806 2032 3084 2087 vidissent
3111 2042 3295 2086 autem
3329 2033 3541 2086 inimici

272 2128 392 2194 νιὴλ
434 2129 607 2197 μηδὲν
640 2133 946 2186 πεπονθότα
977 2135 1172 2199 δεινὸν,
1199 2135 1276 2192 Οὑ
1307 2139 1408 2206 μὲν
1434 2133 1548 2201 οὖν,
1581 2139 1789 2207 ἔλεγον,
1813 2133 1849 2191 ὦ

1969 2125 2251 2180 Daniclem
2283 2125 2423 2178 nihil
2451 2125 2580 2178 mali
2613 2122 2786 2178 fuisse
2809 2138 3054 2194 passum.
3092 2124 3210 2177 Non
3243 2121 3368 2187 luit,
3396 2124 3546 2178 dice-

272 2216 522 2286 βασιλεῦ,
553 2221 642 2274 διὰ
670 2223 730 2275 τὸ
760 2225 916 2278 Θεῖον
951 2228 1046 2278 καὶ
1069 2231 1169 2299 τὴν
1207 2229 1396 2283 τούτου
1421 2231 1679 2300 πρόνοιαν
1703 2225 1849 2294 οὗτος

1968 2217 2120 2282 bant,
2143 2217 2242 2272 iste
2270 2228 2638 2272 conservatus
2665 2227 2889 2287 propter
2906 2217 3080 2270 Deum
3105 2224 3160 2270 et
3186 2226 3412 2285 propter
3427 2217 3545 2283 ejus

275 2313 576 2375 σέσωσται,
609 2315 746 2370 ἀλλά
776 2317 854 2388 τῷ
883 2319 1008 2382 τοὺς
1040 2319 1260 2383 λέοντας
1289 2323 1725 2391 κεκορεσμένους
1759 2324 1852 2376 ὑπ·

1967 2309 2338 2379 providentia,
2373 2310 2469 2363 sed
2517 2311 2664 2379 quod
2694 2311 2884 2363 leones
2926 2318 3114 2364 essent
3157 2308 3282 2361 cibo
3334 2308 3542 2361 satiati.

274 2407 464 2473 άρχειν
489 2408 727 2476 τροφῆς.
786 2409 959 2462 Τοῦτο
1015 2412 1215 2466 ἐκεῖνοι
1274 2415 1374 2482 μὲν
1424 2414 1504 2466 ἔτι
1556 2414 1851 2482 βασκανίας

1969 2400 2084 2456 Hac
2110 2402 2190 2455 illi
2215 2402 2436 2470 quidem
2462 2402 2743 2465 dicebant,
2763 2401 2895 2455 victi
2929 2401 2996 2454 ab
3022 2401 3243 2454 invidia.
3267 2401 3382 2454 Rex
3413 2414 3545 2453 vero

279 2497 575 2564 ηττημέειοι
604 2494 782 2553 εἶπον.
839 2501 898 2553 '0
931 2501 1186 2570 βασιλεὺς
1209 2503 1264 2556 δὲ
1293 2505 1530 2574 μισήσας
1557 2506 1658 2574 τῆς
1688 2522 1856 2574 πονη-

1967 2494 2097 2549 odio
2145 2493 2356 2547 habens
2400 2509 2594 2548 eorum
2643 2493 3080 2562 improbitatem,
3124 2494 3282 2564 jubet
3316 2494 3543 2562 quidem

287 2587 400 2655 ρίας
433 2590 662 2652 αὑτοὺς,
694 2591 1116 2662 παραὸληθῆναι
1149 2595 1248 2663 μὲν
1282 2593 1454 2648 πολλὰ
1495 2593 1708 2647 κελεύει
1746 2597 1862 2658 τοῖς

1970 2585 2173 2640 multas
2201 2599 2399 2640 carnes
2439 2586 2605 2655 objici
2641 2586 2936 2653 leonibus:
2969 2600 3092 2638 cum
3129 2585 3165 2638 ii
3198 2595 3380 2638 autem
3412 2584 3547 2637 fuis-

285 2678 461 2731 λέουσι
523 2683 689 2749 κρέα.
747 2684 1128 2751 κορασθέντων
1166 2685 1225 2737 δὲ
1258 2685 1462 2745 αὐτῶν,
1496 2686 1577 2748 είς
1606 2685 1697 2738 τὸν
1727 2685 1862 2737 λάκ-

1969 2690 2091 2734 sent
2121 2681 2326 2746 satiati,
2351 2695 2449 2735 eos
2475 2681 2530 2734 in
2557 2681 2737 2734 lacum
2767 2679 2940 2750 injici,
2989 2678 3082 2748 qui
3110 2680 3239 2733 odio
3270 2679 3546 2732 habebant

280 2787 369 2822 κον
401 2773 748 2842 ὲμὸληθῆναι
766 2776 893 2838 τοὺς
925 2775 1013 2830 διὰ
1045 2779 1235 2846 μίσους
1265 2777 1356 2830 τὸν
1385 2776 1582 2848 Δανιὴλ
1611 2776 1857 2846 ἔχοντας,

1968 2771 2271 2836 Danielem,
2308 2783 2371 2827 ut
2398 2773 2587 2837 sciret,
2619 2788 2686 2825 an
2716 2782 2946 2842 propter
2972 2771 3284 2826 satietatem
3312 2785 3409 2824 eos
3434 2786 3545 2824 non

277 2863 426 2924 ὅπως
456 2867 506 2914 εί
537 2864 624 2917 διά
653 2866 816 2934 κόρον
845 2865 1026 2928 αὑτοῖς
1053 2869 1116 2919 οὑ
1159 2869 1520 2939 προσέξουσιν
1555 2869 1606 2921 οί
1645 2869 1854 2932 λέοντες

1969 2875 2262 2934 tangerent
2303 2864 2513 2919 leones.
2558 2864 2792 2918 Planum
2829 2878 2966 2917 vero
2998 2862 3203 2916 factum
3235 2869 3321 2916 est
3361 2859 3544 2925 Dario,

279 2955 463 3021 μάθοι.
492 2957 672 3023 mea;
700 2959 756 3010 δὲ
790 2959 1008 3026 ἐγένετο
1063 2960 1141 3028 τῷ
1187 2960 1425 3030 Δαρείῳ,
1449 2962 1534 3014 ὅτι
1567 2960 1688 3016 θεία
1739 2961 1856 3033 χεὶρ

1968 2956 2139 3012 fuisse
2190 2956 2432 3010 divinam
2494 2970 2738 3018 manum,
2776 2971 2899 3024 qua:
2943 2953 3186 3009 servavit
3241 2953 3545 3014 Danielem,

275 3043 342 3116 ἦν
384 3051 418 3116 ὴ
452 3049 548 3099 τὸν
586 3051 791 3120 Δανιὴλ
835 3050 1080 3118 σώσασα,
1107 3055 1576 3124 παραϐληθέντων
1609 3054 1710 3124 ήδη
1749 3057 1852 3115 τοῖς

1970 3066 2096 3106 cum
2143 3050 2332 3122 injecti
2371 3049 2610 3104 fuissent
2643 3062 2912 3118 satrapaa;
2968 3047 3108 3101 nulli
3156 3047 3305 3101 enim
3352 3061 3547 3100 eorum

278 3137 494 3206 θηρίοις
525 3141 634 3192 τῶν
659 3143 956 3211 σατραπῶν
977 3159 991 3173 ο
1023 3143 1235 3207 οὐδενὸς
1260 3145 1370 3215 γὰρ
1389 3144 1571 3199 αὑτῶν
1593 3145 1654 3198 τὸ
1686 3146 1855 3216 παρά-

1972 3143 2197 3199 omnino
2241 3151 2650 3212 pepercerunt:
2687 3141 2784 3196 sed
2817 3155 2915 3194 eos
2956 3154 3152 3194 omnes
3182 3139 3466 3210 unguibus
3493 3145 3549 3191 et

280 3248 388 3282 παν
422 3233 727 3300 ἐφείσαντο,
765 3233 904 3287 ἀλλά
935 3237 1145 3298 πάντας
1175 3235 1375 3298 αὑτοὺς
1403 3235 1554 3301 ὄνυξι
1587 3235 1681 3290 καὶ
1711 3237 1857 3292 ὁδοῦ-

1972 3236 2235 3291 dcntibus
2269 3237 2530 3304 protinus
2563 3235 2984 3304 discerpserunt
3016 3242 3073 3287 et
3117 3235 3549 3295 devoraverunt,

281 3340 366 3376 σιν
418 3326 582 3387 εὐθὺς
645 3325 1015 3397 διεσπάραξὰν
1065 3330 1247 3382 τεκαὶ
1301 3329 1469 3397 βορὰν
1507 3331 1858 3400 ἐποιήσαντο,

1969 3328 2214 3398 perinde.
2239 3342 2305 3383 ac
2325 3328 2369 3382 si
2399 3327 2542 3383 fame
2574 3327 2894 3381 laborarent
2926 3335 2982 3380 et
3009 3326 3268 3380 alimento
3298 3335 3546 3395 egerent.

279 3415 537 3486 καθάπερ
578 3415 658 3485 τῷ
687 3416 834 3486 λιμῷ
872 3423 1171 3485 κάμνοντες
1203 3420 1297 3469 καὶ
1321 3419 1529 3487 τροφῆς
1568 3417 1856 3487 ἀστοχοῦν-

1975 3419 2107 3473 Cum
2149 3419 2187 3472 ii
2235 3433 2365 3490 ergo
2410 3419 2786 3484 interiissent,
2835 3417 2928 3487 qui
2972 3417 3183 3471 Danicli
3221 3427 3552 3486 paraverant

280 3520 393 3567 τις.
433 3509 859 3575 Διαφθαρέντων
906 3504 999 3559 οὑν
1029 3507 1171 3560 οὑτω
1226 3506 1334 3560 τῶν
1365 3508 1857 3561 ἑπιὸουλευσάντωι

1971 3511 2223 3575 insidias,
2280 3513 2396 3565 Rex
2450 3511 2652 3564 Darius
2702 3510 2943 3578 seipsum
3015 3509 3317 3563 ostendens
3368 3507 3548 3561 virum

282 3601 359 3667 τῷ
390 3600 612 3668 Δανιὴλ,
644 3601 671 3652 ὁ
706 3599 966 3670 βασιλεὺς
996 3601 1223 3670 Δαρεῖος
1254 3599 1427 3669 ἄνδρα
1456 3601 1720 3670 φρόνιμον
1743 3599 1859 3653 ἑαυ⁴

1976 3601 2305 3671 prudentem
2340 3610 2396 3655 et
2434 3609 2720 3669 parentem
2753 3598 2997 3662 veritati,
3028 3601 3306 3667 rebusque
3345 3597 3553 3666 apertis

282 3694 373 3744 τὸν
403 3692 622 3754 δεικνὺς
669 3693 766 3744 καὶ
811 3692 1134 3760 πειθόμενον
1177 3689 1430 3762 ἀληθείᾳ,
1465 3691 1756 3760 πράγμασι
1806 3708 1859 3746 τε

1973 3701 2030 3748 et
2056 3701 2248 3746 contra
2295 3705 2433 3760 quas
2462 3690 2598 3743 nihil
2643 3688 2752 3742 dici
2787 3695 3019 3756 poterat,
3056 3686 3207 3741 misit
3255 3703 3353 3755 per
3379 3696 3550 3741 totam

284 3789 546 3854 φανεροῖς
591 3785 688 3836 καὶ
724 3785 1167 3854 ἀναντιρῤήτοις,
1196 3782 1318 3835 καθ’
1349 3785 1478 3852 ὅλην
1517 3782 1735 3851 ἔπεμψε
1767 3783 1861 3853 τὴν

1975 3784 2280 3855 regionem,
2312 3781 2544 3836 laudans
2568 3781 2764 3845 Deum,
2797 3794 2962 3849 quem
3005 3779 3199 3832 adorat
3240 3777 3426 3831 Daniel
3452 3793 3468 3832 :
3497 3787 3552 3832 ct

284 3880 471 3950 χώραν
504 3879 745 3930 ἐπαινῶν
773 3878 861 3932 τὸν
887 3877 1115 3940 Θεὸν,ὂν
1145 3877 1174 3929 ὁ
1197 3875 1398 3947 Δανιὴλ
1425 3879 1746 3947 προσκυνεῖ,
1774 3876 1861 3928 καὶ

1978 3891 2103 3932 eum
2150 3877 2332 3930 solum
2379 3873 2601 3928 dicebat
2635 3888 2759 3928 esse
2795 3887 3010 3936 verum,
3049 3880 3104 3926 et
3132 3871 3226 3940 qui
3272 3870 3326 3923 in
3362 3885 3555 3924 omnes

286 3974 452 4040 μόνον
505 3972 669 4024 αὑτὸν
718 3965 860 4022 εἶναι
915 3969 1104 4039 ἔλεγεν
1154 3968 1333 4038 άληθῆ
1391 3969 1486 4021 καὶ
1541 3966 1602 4019 τὸ
1653 3968 1863 4021 πάντων

1977 3968 2193 4023 obtinet
2239 3967 2605 4022 dominatum.
2653 3965 2900 4020 Habebat
2946 3973 3127 4018 autem
3176 3962 3454 4018 Danielem
3498 3963 3553 4016 in

283 4065 478 4132 ἔχοντα
531 4064 734 4131 κράτος
767 4078 782 4091 ο
815 4060 940 4132 ἔσχε
992 4059 1049 4112 δὲ
1092 4061 1190 4112 καὶ
1231 4059 1325 4112 τὸν
1356 4058 1554 4129 Δανιὴλ
1587 4059 1675 4111 διὰ
1701 4056 1860 4127 τιμῆς

1977 4060 2174 4132 majori
2204 4060 2436 4124 honore,
2474 4072 2640 4128 quam
2671 4057 2842 4112 ullum
2878 4055 3068 4120 alium,
3103 4055 3402 4109 ostendens
3427 4068 3554 4109 eum

282 4157 460 4209 οὐδενὶ
491 4154 642 4226 άλλῳ
680 4153 1094 4224 παραπλησίας,
1124 4153 1342 4222 πρῶτον
1384 4150 1548 4204 αὑτὸν
1576 4149 1859 4212 ἀποδείξας

1981 4169 2097 4210 esse
2137 4154 2376 4224 primum
2411 4168 2479 4207 ex
2509 4151 2721 4206 amicis.
2763 4150 2938 4205 Simul
2970 4164 3103 4203 vero
3144 4165 3268 4202 cum
3304 4162 3372 4202 eo
3397 4156 3558 4202 erant

282 4247 392 4298 τῶν
437 4245 652 4315 φίλωνο
711 4241 956 4310 συνῆσαν
1005 4240 1060 4293 δὲ
1110 4240 1260 4309 αὑτῴ
1311 4240 1406 4292 καὶ
1437 4242 1485 4292 οἱ
1521 4240 1728 4308 ἑταῖροι
1776 4239 1859 4292 καῖ

1978 4247 2146 4302 etiam
2175 4246 2395 4317 cognati
2439 4262 2453 4298 :
2498 4243 2746 4309 Azarias,
2787 4244 3034 4312 inquam,
3067 4255 3192 4295 cum
3228 4240 3465 4305 caeteris,
3502 4238 3555 4291 in

287 4341 611 4407 συγγενεῖς,
672 4335 724 4387 οί
789 4334 922 4403 περὶ
992 4331 1254 4403 Ἀζαρίαν
1315 4331 1503 4400 φημὶ,
1565 4331 1660 4384 καὶ
1718 4329 1864 4382 αὑτοὶ

1982 4356 2118 4409 quos
2169 4346 2228 4393 et
2274 4352 2373 4406 par
2419 4343 2539 4390 erat
2581 4335 2826 4392 studium
2877 4334 3042 4404 regis,
3089 4343 3147 4389 et
3193 4333 3250 4387 in
3293 4333 3411 4402 pari
3463 4347 3559 4386 eos

285 4434 488 4499 ὁμοίως
515 4431 616 4500 τῆς
654 4429 780 4496 ἴσης
815 4425 966 4495 αὑτῷ
993 4427 1090 4478 καὶ
1121 4422 1381 4493 προνοίας
1409 4424 1696 4495 καὶιτιμῆς
1740 4423 1862 4475 άπο·

922 4425 966 4495 ᾦ
993 4427 1090 4478 καὶ
1121 4422 1381 4493 προνοίας
1409 4424 1696 4495 mlitem
1740 4423 1877 4475 ἀπο·
1908 4434 1953 4490 D
1985 4432 2195 4485 honore
2235 4427 2495 4482 habebat.

286 4525 571 4584 λαύοντες.

358 4613 459 4671 lZ'.
495 4615 593 4666 ’Ὡν
620 4612 676 4666 δὲ
700 4609 873 4675 οὑτως
911 4609 1183 4680 ἐπίσημος
1229 4608 1326 4661 καὶ
1364 4606 1638 4678 λαμπρὸς,
1671 4605 1872 4676 ᾠκοδό-

2049 4610 2217 4664 XVII.
2241 4607 2380 4664 Cum
2413 4607 2460 4661 is
2483 4614 2668 4660 autem
2692 4611 2842 4658 esset
2867 4601 3101 4670 insignis
3126 4607 3182 4653 et
3207 4598 3556 4668 splendidus,

294 4728 464 4783 μησεν
495 4712 556 4762 ἐν
597 4706 952 4767 Ἐκϐατάνοις
987 4706 1097 4766 τοῖς
1139 4702 1401 4774 Μηδικοῖς
1449 4701 1544 4754 καὶ
1588 4700 1750 4770 βᾶριν
1781 4700 1871 4752 ὲκ-

1984 4703 2262 4760 exstruxit
2295 4703 2349 4756 in
2379 4699 2608 4754 Medicis
2642 4696 2961 4759 Ecbatanis,
2998 4693 3217 4756 turrim,
3252 4691 3560 4760 pulcherri-

292 4800 680 4873 πρεπέστατόν
709 4815 763 4850 τι
815 4796 1257 4865 κατασκεύασμα
1288 4796 1384 4845 καὶ
1421 4793 1742 4862 θαυμασίως
1775 4808 1869 4844 πε-

1981 4812 2132 4851 mum
2167 4794 2444 4864 quoddam
2480 4789 2776 4846 aediﬁcium
2806 4794 2864 4840 et
2895 4786 3098 4840 factum
3137 4781 3557 4846 admirabiliter,

292 4897 620 4964 ποιημένον,
669 4890 704 4962 ῆ
739 4890 899 4961 μέχρι
938 4887 1100 4959 δεῦρο
1157 4888 1256 4954 μὲν
1305 4885 1424 4938 ἔστι
1474 4882 1572 4938 καὶ
1601 4881 1869 4946 σώζεται·

1982 4904 2105 4962 quae
2148 4890 2202 4943 iu
2237 4887 2570 4942 hodiernum
2608 4895 2782 4951 usque
2814 4879 2960 4933 diem
3011 4885 3376 4931 conservatur
3415 4891 3431 4938 ;
3489 4874 3558 4928 iis

290 4995 398 5054 τοῖς
427 4989 486 5043 δὲ
531 4987 703 5056 ὁρῶσι
743 4985 892 5038 δοκεῖ
923 4981 1256 5052 προσφάτως
1295 4977 1742 5031 κατεσκευάσθαι
1777 4975 1867 5028 καὶ

1981 4991 2165 5037 autem
2198 4979 2294 5050 qui
2327 4978 2534 5041 vident,
2561 4975 2783 5030 videtur
2811 4988 2989 5042 nuper
3015 4971 3186 5026 fuisse
3210 4979 3557 5033 constructa,

290 5087 374 5140 ἐπ’
401 5085 578 5153 αὐτῆς
609 5081 847 5150 ἡμέρας,
877 5071 944 5149 ἦς
986 5076 1218 5135 ἕκαστος
1258 5073 1433 5143 αὑτὴν
1463 5072 1704 5140 ιστορεί’
1732 5070 1867 5122 οὑτω

1987 5083 2152 5143 atque
2197 5073 2337 5126 adeo
2383 5085 2451 5124 eo
2497 5068 2620 5138 ipso
2649 5067 2760 5131 die,
2804 5081 2916 5136 quo
2947 5065 3095 5119 illam
3147 5063 3345 5132 aspicit
3391 5078 3564 5118 unus-

295 5181 490 5249 νεαρὸν
519 5177 694 5246 αὑτῆς
737 5175 798 5226 τὸ
828 5171 1024 5234 κάλλος
1055 5169 1150 5223 καὶ
1183 5165 1439 5239 μηδαμοῦ
1479 5163 1791 5235 γεγηρακὸς
1816 5161 1872 5215 ὃν

1990 5166 2258 5238 quisque,
2313 5175 2423 5218 tam
2478 5176 2673 5216 recens
2723 5160 2845 5230 ejus
2897 5155 3288 5228 pulchritudo,
3337 5164 3394 5212 et
3442 5172 3567 5227 quae

295 5247 409 5327 sua
429 5271 529 5325 τοῦ
557 5269 819 5323 τοσούτου
849 5265 1046 5337 χρόνου
1068 5262 1346 5332 φαίνεται.
1381 5260 1698 5313 ϐάπτονται
1735 5255 1792 5309 δὲ
1817 5257 1872 5308 ὲν

1992 5259 2217 5314 minime
2251 5255 2548 5311 consenuit
2593 5261 2747 5308 tanto
2785 5261 3055 5320 tempore,
3085 5250 3355 5303 cernitur.
3399 5247 3569 5317 Sepe-

291 5371 359 5438 τῇ
404 5366 567 5438 βάρει
609 5362 789 5433 ταύτῃ
817 5359 870 5412 οἴ
897 5374 955 5411 τε
989 5357 1190 5427 Μήδων
1224 5355 1319 5409 καὶ⁹
1347 5351 1574 5423 Περσῶν
1611 5348 1868 5420 βασιλεῑῇ

1990 5351 2199 5405 liuntur
2223 5362 2357 5403 vero
2425 5346 2482 5400 in
2513 5345 2618 5399 bac
2641 5353 2794 5397 turre
2843 5356 3002 5412 reges
3029 5339 3310 5393 Medorum
3341 5346 3397 5392 et
3432 5338 3567 5392 Per-

294 5428 443 5514 χλι
475 5428 686 5528 ταύτην
724 5428 1166 5521 πεπιστευμένος
1210 5447 1462 5509 Ἰουδαῖός
1496 5446 1649 5498 ἐστιν
1676 5441 1871 5516 ἱερεύς.

1994 5459 2175 5501 sarum
2209 5449 2308 5498 :et
2341 5440 2389 5494 is
2435 5437 2526 5492 cui
2579 5451 2644 5491 ea
2693 5443 2781 5490 est
2848 5432 3191 5497 commissa,.
3214 5437 3300 5484 est
3344 5428 3571 5484 Judarus

306 5554 606 5624 Ἰωσήππῳ
641 5523 748 5603 ’καὶ
795 5547 970 5604 ταῦτα
999 5544 1136 5616 πρὸς
1176 5541 1325 5607 λέξιν
1359 5539 1439 5602 τῷ
1482 5539 1722 5610 Ἰουδαίῳ
1754 5555 1882 5591 συν-

1990 5535 2266 5594 sacerdos.
2315 5532 2443 5588 Haec
2477 5532 2546 5588 ab
2579 5528 2785 5598 Joseph
2823 5527 3015 5582 Iudaeo
3057 5523 3125 5578 ad
3155 5523 3387 5577 verbum
3431 5536 3566 5576 con-

291 5613 588 5700 seruit-ult.
617 5641 772 5698 Ἐπεὶ
817 5640 876 5692 δὲ
909 5638 970 5692 οὑ
1002 5613 1316 5706 θαυμαστὸς
1369 5634 1534 5705 μόνον
1565 5631 1814 5702 ὑπῆρχεν
1853 5632 1868 5684 ί

1993 5631 2195 5700 scripta
2253 5635 2405 5682 sunt.
2477 5623 2751 5689 Quoniam
2805 5630 2988 5675 autem
3041 5633 3150 5673 non
3217 5615 3396 5671 solum
3463 5613 3570 5668 fuit

295 5740 499 5812 Δανιὴλ
540 5739 744 5810 ἑτέρων
802 5731 1050 5786 ἐπιλύειν
1095 5704 1533 5799 δνείρους,ίὰλλὰ
1573 5727 1669 5779 καὶ
1699 5722 1872 5794 πολλῷ

1992 5721 2340 5779 admirabilis
2392 5717 2450 5770 in
2505 5713 2788 5770 solvendis
2849 5713 3086 5767 aliorum
3152 5707 3420 5771 somniis,
3471 5704 3569 5760 sed

304 5797 509 5906 μᾶλλον
555 5797 1029 5906 θαύμασιάζτερος,
1072 5797 1273 5904 ὲφόἷς
1301 5821 1465 5884 αὐτὸς
1509 5821 1720 5881 ἐκεῖνος
1741 5817 1881 5889 ὁρῶν

1994 5818 2158 5886 longe
2230 5808 2612 5868 admirabilior
2669 5806 2724 5860 in
2780 5805 2848 5859 iis
2897 5819 3022 5873 quae
3075 5803 3166 5858 ille
3238 5803 3354 5873 ipse
3409 5797 3569 5863 vidit,
