3994 6496
427 415 526 481 331

1732 389 2020 453 MENSIS
2057 382 2361 448 IULIUS.

3594 381 3700 447 392

419 542 602 601 operae
635 521 877 596 pretium
906 527 993 574 est
1039 515 1131 571 hic
1151 523 1376 583 quoque
1422 520 1617 564 eorum
1667 503 2007 601 meminisse,

2145 496 2438 565 τύγχανεν,
2469 492 2621 558 άειον
2641 490 2878 546 ἐνταῦθα
2904 489 3000 546 καὶ
3029 489 3159 563 περὶ
3184 489 3366 545 αὐτῶν
3390 493 3701 567 μνησθῆναι

419 596 478 676 et
507 617 820 679 ostendere,
870 626 1035 683 quam
1081 614 1230 662 esset
1259 606 1380 676 ejus
1418 615 1577 657 mens
1620 614 1762 670 pura
1794 604 1851 653 et
1892 596 2006 650 Deo

423 715 608 782 digna.

495 781 681 858 XVIII.
713 797 756 852 A
787 809 984 865 magno
1015 791 1121 845 hoc
1154 787 1448 859 propheta,
1477 800 1603 841 cum
1631 784 1814 839 adhuc
1841 781 2008 852 dege-

424 906 510 949 ret
553 893 796 946 Baltasar
865 888 917 940 in
963 896 1110 938 terra
1153 880 1562 942 Chaldaeorum,
1589 877 1691 931 visi
1724 885 1852 930 sunt
1876 889 2012 944 qua-

426 995 552 1038 tuor
584 982 733 1034 venti
760 976 884 1032 coeli
916 977 966 1028 in
999 989 1150 1028 mare
1179 973 1420 1034 irruere,
1451 976 1509 1022 et
1534 976 1776 1037 quatuor
1801 978 2011 1035 magna:

424 1075 616 1130 bestia:
647 1088 710 1126 ex
743 1085 810 1125 eo
847 1069 1173 1130 ascendere,
1208 1079 1331 1133 quae
1359 1060 1747 1132 significabant
1772 1067 2013 1128 quatuor

426 1183 623 1237 magna
670 1178 856 1234 regna.
904 1162 1150 1228 Quarum
1183 1173 1293 1213 una
1327 1156 1553 1227 quidem
1583 1155 1702 1210 visa
1755 1153 1860 1207 fuit
1890 1161 2012 1206 tan-

427 1274 595 1329 quam
638 1258 833 1319 lezena,
870 1264 926 1308 et
956 1254 1078 1324 ejus
1126 1266 1321 1321 penna:
1371 1259 1632 1319 tanquam
1677 1246 1896 1317 aquilae.
1937 1247 2014 1301 Ea

428 1349 784 1421 signiﬁcabat
855 1360 1087 1416 regnum
1149 1342 1556 1399 Chaldaeorum.
1616 1341 1755 1398 Ursa
1827 1347 2012 1393 autem

430 1437 693 1500 secunda,
741 1450 862 1505 quae
895 1436 950 1488 in
985 1449 1081 1488 ore
1116 1433 1221 1486 tria
1264 1433 1506 1486 habebat
1535 1432 1711 1485 latera
1739 1449 1751 1483 :
1779 1430 1874 1483 cui
1910 1444 2016 1483 vox

431 1546 651 1600 quoque
678 1528 1032 1591 audiebatur,
1064 1527 1258 1581 dicens
1285 1544 1298 1580 :
1326 1524 1526 1594 Surge,
1560 1523 1789 1579 comede
1821 1538 2017 1576 carnes

432 1620 656 1679 multas,
695 1633 760 1671 ea
793 1615 1137 1686 signiﬁcabat
1183 1629 1414 1684 regnum
1451 1613 1735 1667 Medorum
1782 1618 1839 1665 et
1886 1611 2020 1665 Per—

433 1726 641 1766 sarum.
682 1710 751 1764 Et
779 1709 962 1772 tertia,
991 1706 1198 1777 pardus
1224 1722 1240 1760 :
1264 1721 1388 1776 quae
1411 1704 1578 1759 etiam
1616 1701 2019 1761 ostendebatur

434 1803 650 1857 habens
685 1809 926 1870 quatuor
973 1812 1184 1869 pennas
1225 1796 1469 1851 volucris
1511 1811 1675 1864 supra
1721 1795 1894 1863 ipsam
1923 1813 1936 1845 :
1963 1801 2020 1848 et

434 1893 492 1949 in
523 1908 587 1948 ea
626 1907 848 1962 quoque
897 1891 1074 1944 bestia
1117 1889 1494 1944 cernebantur
1530 1895 1770 1956 quatuor
1813 1885 2014 1954 capita.
2049 1871 2096 1929 Β

435 1985 687 2055 Regnum
726 1981 1047 2038 Graecorum
1083 1996 1182 2050 per
1215 1995 1336 2035 eam
1386 1978 1820 2048 signiﬁcabatur.
1867 1975 2020 2042 Quo-

435 2094 557 2132 rum
583 2076 1000 2144 potentissimos
1023 2087 1182 2143 reges
1211 2071 1351 2126 vidit
1374 2079 1565 2140 postea
1594 2071 1648 2122 in
1675 2069 1850 2122 forma
1876 2069 2021 2122 arie-

436 2169 508 2223 tis
541 2177 599 2222 et
649 2166 814 2221 hirci.
848 2165 1074 2220 Darium
1118 2162 1344 2233 quidem
1381 2170 1640 2230 tanquam
1671 2161 1925 2224 arietem,
1967 2160 2022 2213 in

438 2259 700 2314 omnibus
733 2269 895 2312 terra:
926 2256 1180 2326 partibus
1207 2269 1379 2308 cornu
1426 2261 1735 2323 petentem;
1785 2251 2024 2305 Alexan-

437 2349 602 2404 drum
633 2364 769 2404 vero
815 2359 1075 2418 tanquam
1122 2347 1339 2400 hircum
1371 2345 1425 2399 in
1466 2360 1593 2398 eum
1627 2345 2024 2414 insurgentem,

437 2448 496 2496 et
527 2440 740 2494 viribus
771 2455 834 2494 ac
878 2439 1084 2508 impr-tu
1139 2435 1556 2491 conculcantcm
1585 2443 1640 2487 et
1670 2442 2025 2502 prosternen-

441 2548 574 2589 tem.
629 2534 892 2600 Quartam
941 2542 1124 2587 autem
1173 2530 1406 2586 bestiam
1446 2529 1586 2584 vidit
1633 2529 1934 2584 terribilem
1971 2539 2026 2584 et

443 2624 798 2694 stupendam,
828 2633 884 2679 et
909 2623 1222 2678 mirandum
1249 2625 1305 2676 in
1344 2621 1569 2676 modum
1597 2621 1794 2676 fortem
1829 2639 1841 2675 :
1868 2623 2028 2693 cujus

439 2717 605 2772 ferrei
631 2717 854 2787 quidem
882 2718 1096 2784 dentes,
1129 2731 1342 2786 ungues
1367 2723 1554 2769 autem
1598 2715 1762 2769 aenei.
1789 2715 1867 2768 Ea
1893 2729 2027 2769 vero

441 2810 740 2879 superabat
759 2825 975 2875 omnes,
1005 2826 1126 2879 quae
1155 2810 1330 2878 ipsam
1359 2817 1783 2878 praecesserant,
1810 2807 2026 2861 viribus

441 2911 500 2956 et
529 2902 760 2956 audacia
788 2919 802 2955 :
827 2902 1240 2970 excedebatque
1271 2909 1327 2955 et
1357 2900 1790 2964 comminuebat,
1815 2905 1872 2953 et
1897 2898 2030 2952 reli-

445 3005 584 3059 quas
615 2991 981 3046 conculcabat
1026 2992 1279 3060 pedibus.
1303 2991 1405 3046 Per
1436 2991 1554 3046 haec
1577 2995 1783 3046 docens
1806 3006 2028 3045 manum

451 3084 850 3148 Romanorum,
877 3099 999 3154 qua:
1020 3083 1234 3154 jamdiu
1262 3092 1414 3139 tenet
1443 3083 1760 3154 imperium.
1790 3084 1849 3138 In
1873 3085 2033 3154 cujus

451 3170 631 3238 capite
676 3171 1064 3237 animadverti,
1111 3172 1290 3241 inquit
1335 3173 1626 3243 propheta,
1673 3174 1865 3228 decem
1910 3189 2027 3229 cor-

453 3274 563 3312 nua
596 3269 652 3312 et
681 3261 831 3314 aliud
863 3277 1085 3331 quoque
1110 3279 1364 3332 parvum,
1400 3263 1546 3333 quod
1577 3264 1724 3318 inter
1752 3280 1817 3318 ea
1846 3280 2038 3319 nasce-

455 3350 642 3414 batur,
673 3361 729 3406 et
764 3354 868 3407 tria
901 3369 965 3406 ex
1004 3355 1288 3424 prioribus
1317 3355 1594 3410 evellebat
1619 3355 2040 3412 radicitus.Jam

456 3441 605 3494 enim
639 3443 690 3494 in
722 3442 842 3512 ipso
875 3444 982 3499 ﬁne
1011 3445 1244 3499 Romani
1279 3445 1522 3514 imperii,
1554 3446 1702 3515 quod
1730 3458 1953 3501 secatur
1984 3447 2042 3500 in

461 3532 666 3586 multos
712 3534 1075 3604 principatus,
1117 3533 1254 3590 dicit
1305 3534 1531 3604 quidem
1582 3534 1700 3590 fore
1747 3543 1808 3589 ut
1849 3535 2041 3590 decem

460 3640 618 3695 reges
645 3625 810 3680 simul
842 3636 1159 3697 exsurgant.
1193 3627 1306 3680 IIoc
1347 3627 1493 3680 enim
1526 3625 1870 3696 signiﬁcabat
1905 3627 2045 3682 visio

457 3715 649 3770 decem
699 3732 992 3783 cornuum,
1038 3718 1142 3771 tria
1172 3725 1357 3772 autem
1387 3732 1451 3771 ex
1484 3715 1570 3771 his
1601 3719 1787 3788 regnis
1814 3734 1844 3770 a
1876 3734 2046 3787 parvo

459 3805 554 3860 illo
580 3823 757 3863 cornu
791 3807 1042 3873 dissolvi,
1091 3809 1239 3878 quod
1286 3809 1551 3864 cernebat
1601 3809 1806 3864 habere
1854 3811 2048 3866 oculos

461 3900 728 3965 hominis,
763 3909 820 3954 et
855 3916 918 3956 os
945 3901 1384 3970 magniloquum,
1417 3910 1472 3955 et
1505 3911 1896 3971 superaturum
1926 3917 2048 3958 esse

459 3994 657 4047 vitium
689 3992 938 4047 omnium
969 3991 1251 4056 vitiorum,
1276 4008 1398 4061 quae
1430 3992 1588 4047 fuere
1611 4008 1642 4045 a
1671 3993 1895 4060 saeculo,
1927 4008 2051 4063 qua:

464 4086 689 4157 quidem
718 4095 906 4153 aperte
941 4083 1257 4153 signiﬁcant
1288 4084 1715 4140 Antichristum.

532 4180 673 4234 XIX.
708 4179 847 4234 Cum
882 4181 964 4234 sic
995 4195 1126 4250 ergo
1167 4181 1221 4232 in
1255 4180 1469 4234 visione
1513 4181 1674 4235 valde
1703 4180 1903 4238 fuisset
1951 4181 2050 4238 ad-

468 4273 746 4326 mirabilis
789 4272 1081 4341 pmpheta,
1129 4271 1266 4325 vidit
1309 4273 1475 4326 etiam
1509 4273 1779 4342 quosdam
1820 4275 2052 4330 thronos

469 4367 846 4436 intelligentes
889 4365 1098 4434 positos
1132 4375 1186 4420 et
1227 4367 1751 4434 supramundanos:
1789 4377 1847 4422 et
1877 4369 2052 4423 Deum

473 4459 684 4530 gloriae,
719 4467 978 4528 tanquam
1018 4459 1314 4527 Antiquom
1354 4459 1593 4523 dierum,
1622 4461 2048 4529 prwsidentem:

2114 588 2212 642 καὶ
2236 586 2404 651 δεῖξαι
2439 587 2539 655 τῆς
2566 583 2663 638 τοῦ
2693 583 2892 656 ἀνδρὸς
2923 584 3168 647 διανοίας
3200 582 3262 636 τὸ
3305 584 3701 658 καθαρώτατον

2115 695 2174 732 τε
2211 679 2304 732 καὶ
2331 677 2597 743 ἁξιόθεον.

2189 766 2296 824 IH'.
2330 766 2536 824 Ὦπται
2563 769 2638 838 τῷ
2665 769 2890 840 μεγάλῳ
2905 767 3078 836 τούτῳ
3107 771 3388 842 προφήτῃ,
3412 770 3704 842 Βαλτάσαρ

2117 862 2201 916 ἔτι
2258 865 2317 915 ἐν
2357 865 2421 931 τῇ
2446 861 2557 913 τῶν
2608 860 2896 914 Χαλδαίων
2945 861 3244 928 διάγοντος,
3273 864 3400 925 τοὺς
3428 863 3708 932 τέσσαρας

2119 956 2360 1025 ἀνέμους
2386 954 2485 1008 τοῦ
2513 953 2743 1022 ούρανοῦ
2786 953 3198 1024 προσϐαλόντας
3228 957 3294 1025 τῇ
3329 954 3575 1028 Θαλάσσῃ
3609 956 3709 1009 καὶ

2119 1049 2363 1118 τέσσαρα
2413 1047 2578 1118 θηρία
2625 1045 2840 1117 μεγάλα
2892 1045 2989 1098 ἀπ’
3021 1046 3194 1117 αὐτῆς
3247 1047 3636 1112 ἀναϐαίνοντα,
3667 1047 3710 1101 ἃ

2122 1143 2216 1194 καὶ
2247 1139 2346 1203 τὰς
2395 1140 2640 1210 μεγάλας
2695 1140 2972 1209 τέσσαρας
3025 1137 3312 1207 βασιλείας
3353 1140 3709 1208 αίνιττόμενα

2123 1231 2216 1304 ἦν,
2246 1229 2321 1287 ῶν
2348 1235 2447 1304 τὴν
2489 1234 2591 1302 μὲν
2611 1232 2745 1287 ὡσεὶ
2780 1233 3004 1287 λέαιναν
3033 1229 3236 1302 ὦφθαι,
3272 1237 3364 1288 καὶ
3393 1235 3571 1306 πτερὰ
3603 1235 3713 1288 αύ-

2121 1333 2222 1397 τῆς
2243 1328 2376 1382 ὡσεὶ
2417 1329 2578 1382 άετοῦ
2600 1345 2614 1358 ·
2647 1329 2756 1380 τῶν
2789 1328 3072 1381 Χαλδαίων
3103 1328 3242 1399 αὕτη
3297 1329 3396 1400 τὴν
3429 1328 3716 1399 βασιλείαν

2125 1423 2527 1492 ὑπογράφουσα
2582 1416 2678 1492 ἦν·
2738 1420 2912 1493 ἄρκον
2968 1421 3026 1474 δὲ
3077 1420 3176 1492 τὴν
3233 1421 3515 1491 δευτέραν,
3579 1423 3716 1493 τρία

2125 1515 2338 1584 πλευρὰ
2360 1514 2595 1585 ἔχουσαν
2647 1515 2704 1568 ἐν
2755 1516 2833 1584 τῷ
2866 1515 3117 1586 στόματι,
3152 1516 3291 1584 πρὸς
3320 1517 3387 1586 ἠν
3431 1516 3526 1569 καὶ
3555 1515 3716 1587 φωνὴ

2125 1609 2359 1676 λέγουσα
2391 1608 2678 1678 διηκούετο
2699 1620 2716 1637 ·
2755 1607 3068 1676 ’Δνάστηθι,
3099 1607 3240 1675 φάγε
3269 1607 3479 1677 σάρκας
3507 1607 3721 1671 πολλὰς

2125 1730 2196 1744 --
2218 1701 2357 1771 αὕτη
2394 1701 2494 1770 τὴν
2529 1701 2735 1770 Μήδων
2758 1699 2851 1753 καὶ
2879 1701 2988 1752 τῶν
3025 1699 3255 1772 Περσῶν
3284 1700 3586 1772 διῃνίττετο
3609 1702 3720 1772 βαο

2131 1793 2338 1846 σιλείαν
2363 1807 2379 1824 ·
2406 1792 2503 1846 καὶ
2533 1791 2802 1861 πάρδαλιν
2835 1791 2935 1861 τὴν
2965 1792 3182 1862 τρίτην,
3215 1792 3343 1862 ἥτις
3386 1792 3481 1846 καὶ
3535 1793 3720 1864 πτερὰ

2126 1886 2372 1955 τέσσαρα
2399 1884 2652 1938 πετεινοῦ
2683 1884 2944 1956 ὑπεράνω
2969 1884 3139 1952 αὐτῆς
3167 1885 3442 1938 ἐδείκνυτο
3471 1884 3669 1954 ἔχουσα
3697 1899 3720 1917 ο

2125 1979 2220 2031 καὶ
2251 1979 2518 2047 τέσσαρες
2538 1978 2594 2030 δέ
2625 1976 2734 2029 τῶν
2764 1976 2969 2046 θηρίων
3003 1977 3241 2042 κεφαλαὶ¹
3280 1977 3636 2046 καθωρῶντο·
3678 1977 3718 2046 ἡ

2139 2071 2413 2141 Ἑλλήνων
2459 2069 2710 2138 βασιλεία
2743 2069 2810 2122 δι’
2837 2069 3012 2138 αὐτῆς
3041 2069 3316 2140 ἐδηλοῦτο·
3349 2063 3426 2123 ὧν
3460 2069 3588 2132 τοὺς
3625 2070 3724 2122 δυ-

2126 2165 2472 2226 νατωτάτους
2505 2163 2760 2233 βασιλέας
2809 2165 2867 2217 ἐν
2903 2163 3058 2235 κριοῦ
3095 2164 3189 2217 καὶ
3243 2162 3447 2234 τράγου
3504 2164 3718 2233 pepigi;

2127 2258 2354 2327 Δαρεῖον
2384 2258 2483 2326 μὲν
2504 2252 2592 2310 οἶα
2625 2256 2780 2327 κριὸν
2811 2257 2953 2310 κατὰ
2985 2257 3162 2310 πάντα
3193 2258 3262 2308 τὰ
3301 2255 3442 2327 μέρη
3474 2255 3575 2322 τῆς
3606 2256 3714 2324 γῆς

2129 2349 2490 2419 κυρίττοντα·
2541 2347 2692 2418 αὐτῷ
2743 2349 2799 2402 δέ
2851 2348 2944 2404 τὸν
2979 2347 3332 2418 Ἀλέξανδρον
3379 2345 3465 2402 οἷα
3504 2350 3714 2418 τράγον

2129 2441 2567 2509 ἐπανιστάμενον
2621 2444 2716 2493 καὶ
2748 2443 2893 2511 ὁρμῇ
2950 2439 3131 2512 ἰσχύος
3174 2439 3564 2510 συμπατοῦντα
3619 2441 3720 2493 καὶ

2130 2530 2573 2585 καταϐάλλοντα·
2603 2531 2664 2584 τὸ
2702 2533 2966 2601 τέταρτον
3011 2532 3068 2585 δὲ
3103 2530 3294 2602 θηρίον
3334 2531 3570 2601 φοϐερὸν
3608 2527 3724 2584 εἶδε

2132 2625 2229 2678 καὶ
2252 2623 2536 2695 ἔκθαμόον
2568 2624 2664 2678 καὶ
2705 2625 2930 2696 ἰσχυρὸν
2964 2624 3219 2694 περιττά,
3261 2617 3324 2677 οὗ
3366 2625 3584 2695 σιδηροὶ
3620 2624 3730 2693 μὲν

2130 2719 2180 2768 οἱ
2204 2717 2440 2782 ὀδόντες,
2475 2717 2525 2769 οἱ
2549 2715 2737 2785 ὄνυχες
2767 2717 2824 2769 δὲ
2847 2717 2954 2770 ἀπὸ
2980 2716 3209 2786 χαλκοῦ·
3236 2717 3333 2770 καὶ
3355 2716 3516 2771 τοῦτο
3550 2718 3729 2788 ὑπερ-

2135 2807 2358 2876 ϐάλλειν
2409 2809 2557 2878 ἰσχύϊ
2585 2808 2661 2860 τὰ
2707 2810 2813 2877 πρὸ
2854 2807 3021 2861 αὐτοῦ
3055 2810 3234 2862 πάντα
3275 2808 3372 2862 καὶ
3408 2808 3727 2879 ίταμότητι,

2135 2901 2317 2956 ἐσθίον
2341 2901 2437 2954 καὶ
2468 2901 2736 2955 λεπτύνον
2759 2903 2854 2955 καὶ
2883 2903 2953 2955 τὰ
2989 2903 3250 2957 ἐπίλοιπα
3280 2905 3395 2967 τοῖς
3426 2904 3552 2956 ποσὶ
3580 2920 3728 2974 συμσ

2138 2993 2376 3048 πατοῦν·
2408 2994 2509 3062 τὴν
2541 2993 2666 3062 ἄρτι
2693 2995 3030 3063 κατέχουσαν
3062 2997 3222 3064 χεῖρα
3251 2995 3340 3049 διὰ
3363 2995 3554 3048 τούτου
3581 2995 3736 3050 διδα-

2141 3088 2412 3157 σκόμενος
2467 3086 2577 3139 τῶν
2613 3085 2942 3156 Ῥωμαίωνο
2991 3079 3052 3140 οὗ
3103 3087 3242 3156 πρὸς
3281 3090 3348 3159 τῇ
3391 3087 3602 3160 κεφαλῇ
3630 3086 3738 3140 καὶ

2142 3179 2275 3233 δέκα
2324 3179 2533 3247 κέρατα
2580 3179 2935 3247 προσενόουν,
2964 3179 3133 3251 φησὶν
3173 3181 3200 3232 ό
3249 3182 3580 3251 προφήτης⁶
3631 3180 3738 3234 καὶ

2147 3271 2345 3342 μικρὸν
2370 3270 2501 3325 ἄλλο
2552 3273 2760 3340 μεταξὺ
2793 3278 3001 3325 τούτων
3032 3271 3302 3341 φυόμενον
3343 3271 3436 3326 καὶ
3457 3271 3586 3342 τρία
3615 3271 3734 3325 τῶν

2148 3365 2429 3434 προτέρων
2461 3363 2718 3432 ἐκριζοῦν
2741 3379 2758 3395 ·
2787 3364 2890 3436 ἥδη
2923 3364 3033 3434 γὰρ
3055 3363 3145 3416 ἐπ’
3167 3365 3318 3433 αύτῷ
3347 3364 3425 3434 τῷ
3449 3364 3595 3416 τέλει
3628 3365 3738 3434 τῆς

2158 3447 2450 3517 Ῥωμαίων
2483 3449 2661 3520 ἀρχῆς
2711 3453 2789 3512 εἰς
2815 3452 3158 3522 πολυαρχίαν
3197 3454 3692 3526 κατατεμνομένης
3716 3493 3736 3522 ,

2145 3541 2277 3595 δέκα
2313 3545 2411 3611 μὲν
2443 3543 2853 3616 ἀναστήσεσθαι
2899 3545 3143 3614 βασιλεῖς
3189 3545 3326 3616 ὁμοῦ
3369 3547 3537 3614 λέγει’
3570 3546 3741 3603 τοῦτο

2148 3635 2260 3704 γὰρ
2292 3636 2323 3704 ἡ
2353 3634 2462 3688 τῶν
2491 3635 2625 3688 δέκα
2656 3638 2908 3707 κεράτων
2941 3638 3068 3707 ὄψις
3102 3637 3292 3709 ἐδήλου
3318 3654 3333 3668 ⁶
3361 3641 3510 3708 τρεῖς
3535 3638 3592 3692 δὲ
3620 3639 3741 3692 τῶν

2148 3727 2411 3780 τοιούτων
2439 3728 2732 3795 βασιλειῶν
2770 3729 2876 3781 ὑπὸ
2903 3729 2996 3782 τοῦ
3030 3730 3230 3802 μικροῦ
3259 3731 3489 3802 κέρατος
3518 3731 3742 3787 ἐκείνου

2151 3818 2549 3890 καταλυθῆναι,
2581 3820 2610 3872 δ
2640 3822 2735 3874 καὶ
2771 3821 3086 3891 ὀφθαλμοὺς
3117 3822 3264 3894 ἔχειν
3293 3823 3586 3894 ἀνθρώπου
3635 3825 3744 3879 καὶ

2153 3908 2332 3979 στόμα
2355 3909 2556 3962 λαλοῦν
2585 3910 2804 3980 μεγάλα
2843 3912 2938 3964 καὶ
2960 3913 3058 3980 τὴν
3082 3913 3284 3966 κακίαν
3315 3913 3538 3982 πάντων
3563 3915 3747 3985 ὑπερ-ο

2152 3998 2322 4052 οίσειν
2349 3999 2460 4053 τῶν
2482 4001 2577 4053 ἀπ’
2601 4000 2800 4063 αἰῶνος
2824 4001 3014 4054 κακῶν
3035 4001 3206 4072 ἐώρα,
3237 4003 3333 4056 τοῦ
3364 4002 3744 4074 Ἀντιχρίστου

2154 4092 2332 4148 ταῦτα
2362 4094 2648 4164 προδήλως
2679 4095 3015 4164 σημαντικά.

2229 4179 2331 4235 ΙΘ’.
2362 4175 2491 4234 Ὧδε
2521 4181 2815 4252 τοιγαροῦν
2845 4183 2946 4252 τῆς
2973 4183 3432 4254 ὑπερφυεστάτης
3458 4186 3578 4249 ὅλος
3606 4184 3751 4255 ὁρά-

2160 4291 2300 4338 σεως
2359 4273 2602 4343 γεγονὼς
2656 4275 2686 4326 ὀ
2742 4276 3054 4346 προφήτης,
3091 4275 3318 4346 ἐθεώρει
3365 4277 3461 4331 καὶ
3515 4277 3752 4348 θρόνους

2159 4362 2384 4435 νοερούς
2410 4380 2564 4423 τινας
2605 4363 2700 4416 καὶ
2731 4365 3139 4436 ύπερκοσμίους
3173 4367 3494 4439 τιθεμένους
3529 4371 3623 4423 καὶ
3651 4371 3751 4424 τὸν

2156 4457 2291 4509 Θεὸν
2322 4456 2423 4526 τῆς
2447 4455 2606 4526 δόξης
2641 4451 2731 4509 οἷα
2778 4457 3015 4510 Παλαιὸν
3048 4460 3271 4532 ἡμερῶν
3295 4461 3751 4532 προκαθήμενον,

469 4553 565 4622 qui
594 4567 683 4616 eo,
713 4552 863 4620 quod
893 4553 964 4606 sit
1013 4561 1142 4606 ante
1177 4552 1397 4618 saecula,
1431 4553 1512 4607 sic
1542 4553 1752 4608 videnti
1810 4555 2036 4610 voluerit

2154 4547 2232 4617 τῷ
2268 4547 2598 4617 προαιώνιον
2628 4548 2792 4600 αὑτὸν
2828 4545 2989 4613 εἶναι,
3020 4550 3193 4616 οὕτως
3235 4553 3470 4624 ὀφθῆναι
3499 4554 3577 4626 τῷ
3619 4554 3750 4626 βλέ-

470 4646 646 4700 videri
675 4663 688 4698 ;
715 4648 873 4716 cujus
898 4645 1064 4699 etiam
1095 4645 1482 4700 indumentum
1514 4655 1634 4701 erat
1659 4647 1870 4713 album,
1905 4649 2055 4702 sicut

475 4741 568 4792 n'x
615 4755 630 4791 :
673 4748 730 4792 et
781 4738 1014 4806 capillus
1064 4739 1187 4806 ejus
1235 4740 1572 4797 cernebatur
1618 4749 1882 4812 tanquam
1932 4741 2056 4796 lana

482 4845 642 4900 pura.
682 4829 826 4884 Nihil
862 4831 1008 4885 enim
1039 4831 1358 4895 obscurum,
1387 4833 1525 4886 nihil
1561 4833 1738 4896 triste,
1771 4832 1911 4887 nihil
1938 4847 2059 4887 sor-

472 4925 663 4978 didum
711 4925 856 4992 apud
887 4941 1073 4978 veram
1111 4933 1167 4980 et
1213 4942 1463 4996 magnam
1495 4935 1550 4981 et
1580 4926 1814 4996 primam
1847 4927 2052 4980 lucem.

474 5015 618 5081 Quin
651 5015 818 5068 etiam
843 5015 1104 5070 thronum
1139 5032 1363 5086 quoque
1390 5019 1511 5088 ejus
1541 5018 1679 5072 dicit
1707 5017 2058 5086 apparuisse,

479 5106 1037 5176 tanquamllammam
1078 5108 1242 5179 ignis,
1272 5120 1326 5163 et
1377 5121 1525 5165 rotas
1568 5110 1749 5180 ignem
1791 5110 2053 5164 emitten-

477 5210 582 5264 tes,
627 5208 684 5254 et
717 5199 942 5256 [luvium
995 5202 1138 5273 ignis
1181 5213 1308 5257 ante
1351 5219 1479 5258 eum
1531 5202 1896 5267 Iluentem,et
1929 5203 2061 5256 hor-

478 5289 654 5344 renda
700 5292 884 5344 omnia
917 5301 974 5346 et
1017 5294 1308 5357 terribilia,
1353 5304 1411 5348 et
1453 5293 1806 5348 admirabilia
1849 5294 2058 5357 omnia,

474 5390 532 5438 et
566 5399 688 5453 qua:
719 5383 890 5437 Deum
938 5384 1228 5440 decebant.
1269 5386 1412 5440 Mille
1443 5386 1592 5440 enim
1627 5385 1819 5449 millia,
1855 5384 2059 5453 inquit,

479 5483 538 5528 et
567 5473 754 5528 decies
782 5475 930 5529 mille
964 5475 1137 5530 millia
1171 5476 1223 5530 ei
1261 5476 1606 5540 assistentes,
1641 5476 1728 5546 pie
1757 5475 2059 5530 admodum

483 5563 892 5618 ministrabant.
923 5565 1128 5620 Deinde
1150 5581 1274 5621 cum
1297 5567 1541 5621 nubibus
1585 5576 1842 5635 tanquam
1864 5565 2064 5619 Filium

480 5653 742 5718 hominis,
783 5657 978 5710 Filium
1010 5657 1103 5711 Dei
1134 5659 1271 5712 dixit
1303 5675 1363 5713 se
1397 5659 1603 5714 vidisse
1635 5659 1972 5723 venientem,
2010 5667 2068 5713 et

483 5761 610 5800 eum
645 5749 710 5803 ad
761 5749 977 5804 Patrem
1025 5767 1199 5820 usque
1229 5762 1480 5816 euntem,
1515 5761 1570 5806 et
1607 5760 1866 5821 tanquam
1899 5751 1968 5804 ab
2001 5767 2069 5806 eo

488 5838 779 5908 dilectum,
823 5857 949 5896 cum
984 5859 1050 5898 eo
1086 5843 1390 5901 honoriﬁce
1434 5843 1741 5909 sedentem,
1771 5853 1827 5901 et
1857 5843 1907 5900 ci
1943 5843 2068 5898 uni-

2161 4657 2318 4693 ποντι
2352 4639 2706 4709 βουληθέντα,
2761 4635 2822 4695 οὗ
2873 4644 2967 4696 καὶ
3018 4643 3080 4696 τὸ
3110 4644 3317 4714 ἔνδυμα
3355 4645 3570 4712 λευκὸν,
3609 4646 3752 4702 ὡσεὶ

2161 4732 2296 4803 χιὼν
2325 4734 2418 4786 καὶ
2444 4735 2543 4803 τὴν
2569 4734 2733 4804 τρίχα
2758 4736 2859 4803 τῆς
2891 4737 3136 4807 κεφαλῆς
3157 4738 3293 4791 ὡσεὶ
3321 4739 3468 4811 ἔριον
3500 4740 3751 4811 καθαρὸν

2160 4825 2428 4896 ὁρᾶσθαι·
2471 4825 2760 4897 οὐδὲνγὰρ
2786 4825 3062 4897 ἀλαμπὲς,
3121 4829 3278 4883 οὖδέν
3326 4831 3573 4902 κατηφὲς
3621 4831 3752 4886 οὐδὲ

2165 4918 2356 4989 ῥυπῶν
2393 4919 2548 4986 παρὰ
2580 4919 2658 4989 τῷ
2701 4921 2925 4991 μεγάλῳ
2972 4922 3068 4975 καὶ
3113 4923 3356 4993 ἀληθινῷ
3400 4927 3494 4978 καὶ
3544 4927 3754 4996 πρώτῳ

2165 5009 2304 5079 φωτί
2325 5025 2341 5042 ⁸
2375 5010 2511 5063 ἀλλὰ
2536 5011 2630 5063 καὶ
2656 5011 2748 5062 τὸν
2777 5011 2967 5082 θρόνον
2989 5011 3155 5066 αὑτοῦ
3181 5015 3255 5077 ὡς
3286 5015 3459 5086 πυρὸς
3477 5011 3597 5068 εἷπε
3623 5015 3757 5084 φαίη

2165 5102 2353 5156 νεσοαι
2390 5101 2564 5170 φλόγα
2599 5102 2696 5154 καὶ
2728 5104 2961 5174 τροχοὺς
2991 5104 3103 5176 πῦρ
3134 5105 3398 5176 ἀφιέντας
3437 5111 3533 5160 καὶ
3581 5125 3758 5162 ποτα-

2169 5193 2270 5264 μδν
2299 5194 2471 5263 πυρὸς
2501 5193 2815 5263 ἔμπροσθεν
2845 5196 3043 5266 ῥέοντα
3073 5197 3170 5249 καὶ
3194 5196 3373 5250 πάντα
3412 5198 3623 5268 φοϐερὰ
3653 5201 3758 5252 καὶ

2167 5285 2374 5354 φρικτὰ
2419 5285 2512 5338 καὶ
2544 5285 2723 5337 πάντα
2761 5285 3056 5354 θαυμαστὰ
3099 5288 3194 5341 καὶ
3220 5287 3536 5360 θεοπρεπῆ·
3578 5288 3757 5358 χίλιαι

2167 5379 2275 5450 γὰρ
2300 5378 2565 5449 χιλιάδες,
2594 5380 2748 5450 φησὶ,
2781 5379 2876 5433 καὶ
2909 5381 3102 5450 μυρίαι
3127 5382 3393 5452 μυριάδες
3423 5381 3574 5452 αὐτῷ
3605 5400 3759 5452 παρ-

2169 5471 2408 5525 εστῶσαι
2461 5471 2817 5535 πανευλαϐὦς
2851 5472 3251 5544 ἐλειτούργουν.
3289 5468 3425 5527 Εἶτα
3458 5474 3599 5545 μετὰ
3642 5474 3764 5528 τῶν

2169 5565 2410 5633 νεφελῶν
2453 5566 2529 5627 ὡς
2557 5566 2686 5619 Υῐὸν
2719 5565 3013 5636 ἀνθρώπου
3042 5564 3136 5619 τὸν
3167 5565 3294 5618 Υἱὸν
3321 5565 3624 5636 ἐρχόμενον
3657 5564 3762 5618 τοῦ

2169 5657 2307 5712 Θεοῦ
2347 5655 2503 5711 εἶπεν
2531 5659 2666 5728 όρᾷν
2711 5659 2808 5711 καὶ
2838 5656 3026 5711 τοῦτον
3053 5657 3182 5731 ἄχρι
3222 5656 3315 5711 τοῦ
3358 5655 3574 5725 Πατρὸς
3607 5657 3764 5710 ἰόντα

2174 5754 2268 5804 καὶ
2317 5751 2395 5814 ὡς
2439 5750 2726 5821 ἀγαπητὸν
2755 5750 2905 5821 αὐτῷ
2935 5752 3171 5822 ἐντίμως
3211 5750 3635 5819 συνεδριάζοντα
3660 5751 3764 5803 καὶ

2173 5844 2346 5916 τούτῳ
2372 5846 2472 5915 τὴν
2495 5844 2624 5914 ὃλην
2648 5844 2894 5911 ἐξουσίαν
2926 5845 3022 5900 καὶ
3041 5845 3142 5917 τὴν
3168 5845 3452 5915 βασιλείαν
3479 5844 3589 5898 τῶν
3617 5842 3764 5896 πάν-
