  <div class='ocr_page' id='page_1' title='image "/cluster/home/n/w/nwhite01/storage/ocr_20150623/115:no.2/coo.31924054870195/205.png"; bbox 0 0 3994 6494; ppageno 0'>
   <div class='ocr_carea' id='block_1_1' title="bbox 420 370 529 433">
    <p class='ocr_par' dir='ltr' id='par_1_1' title="bbox 420 370 529 433">
     <span class='ocr_line' id='line_1_1' title="bbox 420 370 529 433; baseline 0.018 -2"><span class='ocrx_word' id='word_1_1' title='bbox 420 370 529 433; x_wconf 77' lang='grc'><strong>395</strong></span> 
     </span>
    </p>
   </div>
   <div class='ocr_carea' id='block_1_2' title="bbox 1724 362 2338 425">
    <p class='ocr_par' dir='ltr' id='par_1_2' title="bbox 1724 362 2338 425">
     <span class='ocr_line' id='line_1_2' title="bbox 1724 362 2338 425; baseline 0 0"><span class='ocrx_word' id='word_1_2' title='bbox 1724 362 2008 425; x_wconf 74' lang='lat' dir='ltr'><strong>MENSIS</strong></span> <span class='ocrx_word' id='word_1_3' title='bbox 2038 363 2338 425; x_wconf 76' lang='lat' dir='ltr'><strong>IULIUS.</strong></span> 
     </span>
    </p>
   </div>
   <div class='ocr_carea' id='block_1_3' title="bbox 3536 365 3695 427">
    <p class='ocr_par' dir='ltr' id='par_1_3' title="bbox 3536 365 3695 427">
     <span class='ocr_line' id='line_1_3' title="bbox 3536 365 3695 427; baseline 0.006 -1"><span class='ocrx_word' id='word_1_4' title='bbox 3536 365 3695 427; x_wconf 79' lang='grc'><strong>-396</strong></span> 
     </span>
    </p>
   </div>
   <div class='ocr_carea' id='block_1_4' title="bbox 420 472 2012 550">
    <p class='ocr_par' dir='ltr' id='par_1_4' title="bbox 420 472 2008 550">
     <span class='ocr_line' id='line_1_4' title="bbox 420 472 2008 550; baseline -0.006 -16"><span class='ocrx_word' id='word_1_5' title='bbox 420 488 515 535; x_wconf 89' lang='lat' dir='ltr'><strong>vet</strong></span> <span class='ocrx_word' id='word_1_6' title='bbox 547 497 558 533; x_wconf 91' lang='lat'>:</span> <span class='ocrx_word' id='word_1_7' title='bbox 590 479 723 550; x_wconf 66' lang='lat' dir='ltr'><strong>quin</strong></span> <span class='ocrx_word' id='word_1_8' title='bbox 762 478 928 533; x_wconf 89' lang='lat' dir='ltr'><strong>etiam</strong></span> <span class='ocrx_word' id='word_1_9' title='bbox 970 477 1232 546; x_wconf 85' lang='lat' dir='ltr'><strong>templum</strong></span> <span class='ocrx_word' id='word_1_10' title='bbox 1257 490 1476 545; x_wconf 86' lang='lat' dir='ltr'><strong>quoque</strong></span> <span class='ocrx_word' id='word_1_11' title='bbox 1505 473 1784 545; x_wconf 83' lang='lat' dir='ltr'><strong>spoliabit,</strong></span> <span class='ocrx_word' id='word_1_12' title='bbox 1815 482 1871 527; x_wconf 91' lang='lat' dir='ltr'><strong>et</strong></span> <span class='ocrx_word' id='word_1_13' title='bbox 1913 472 2008 526; x_wconf 87' lang='lat' dir='ltr'><strong>de-</strong></span> 
     </span>
    </p>
   </div>
   <div class='ocr_carea' id='block_1_5' title="bbox 2118 472 3696 550">
    <p class='ocr_par' dir='ltr' id='par_1_5' title="bbox 2118 473 3696 546">
     <span class='ocr_line' id='line_1_5' title="bbox 2118 473 3696 546; baseline -0.001 -20"><span class='ocrx_word' id='word_1_14' title='bbox 2118 474 2453 529; x_wconf 75' lang='grc' dir='ltr'>καταλύσειο</span> <span class='ocrx_word' id='word_1_15' title='bbox 2513 474 2594 528; x_wconf 79' lang='grc' dir='ltr'>ἔτι</span> <span class='ocrx_word' id='word_1_16' title='bbox 2652 492 2714 544; x_wconf 87' lang='grc' dir='ltr'><strong>γε</strong></span> <span class='ocrx_word' id='word_1_17' title='bbox 2785 473 2892 546; x_wconf 80' lang='grc' dir='ltr'><strong>μὴν</strong></span> <span class='ocrx_word' id='word_1_18' title='bbox 2959 474 3187 546; x_wconf 83' lang='grc' dir='ltr'>συλήσει</span> <span class='ocrx_word' id='word_1_19' title='bbox 3242 475 3339 529; x_wconf 78' lang='grc' dir='ltr'>καὶ</span> <span class='ocrx_word' id='word_1_20' title='bbox 3401 474 3494 528; x_wconf 72' lang='grc' dir='ltr'><strong>τδν</strong></span> <span class='ocrx_word' id='word_1_21' title='bbox 3546 476 3696 529; x_wconf 75' lang='grc' dir='ltr'>ναδνο</span> 
     </span>
    </p>
   </div>
   <div class='ocr_carea' id='block_1_6' title="bbox 419 560 2003 640">
    <p class='ocr_par' dir='ltr' id='par_1_6' title="bbox 419 560 2003 640">
     <span class='ocr_line' id='line_1_6' title="bbox 419 560 2003 640; baseline -0.008 -13"><span class='ocrx_word' id='word_1_22' title='bbox 419 572 556 627; x_wconf 84' lang='lat' dir='ltr'><strong>lebit</strong></span> <span class='ocrx_word' id='word_1_23' title='bbox 587 569 1004 640; x_wconf 86' lang='lat' dir='ltr'><strong>rempublicam,</strong></span> <span class='ocrx_word' id='word_1_24' title='bbox 1054 576 1110 622; x_wconf 90' lang='lat' dir='ltr'><strong>et</strong></span> <span class='ocrx_word' id='word_1_25' title='bbox 1153 565 1475 635; x_wconf 76' lang='lat' dir='ltr'><strong>prohibebit</strong></span> <span class='ocrx_word' id='word_1_26' title='bbox 1518 575 1634 619; x_wconf 89' lang='lat' dir='ltr'><strong>tres</strong></span> <span class='ocrx_word' id='word_1_27' title='bbox 1664 578 1841 617; x_wconf 87' lang='lat' dir='ltr'><strong>annos</strong></span> <span class='ocrx_word' id='word_1_28' title='bbox 1880 560 2003 616; x_wconf 78' lang='lat' dir='ltr'><strong>ﬁeri</strong></span> 
     </span>
    </p>
   </div>
   <div class='ocr_carea' id='block_1_7' title="bbox 420 654 2003 730">
    <p class='ocr_par' dir='ltr' id='par_1_7' title="bbox 420 654 2003 730">
     <span class='ocr_line' id='line_1_7' title="bbox 420 654 2003 730; baseline -0.007 -8"><span class='ocrx_word' id='word_1_29' title='bbox 420 664 714 722; x_wconf 82' lang='lat' dir='ltr'><strong>sacriﬁcia.</strong></span> <span class='ocrx_word' id='word_1_30' title='bbox 752 661 875 717; x_wconf 66' lang='lat' dir='ltr'><strong>llaec</strong></span> <span class='ocrx_word' id='word_1_31' title='bbox 902 675 1122 730; x_wconf 87' lang='lat' dir='ltr'><strong>quoque</strong></span> <span class='ocrx_word' id='word_1_32' title='bbox 1149 659 1234 714; x_wconf 90' lang='lat' dir='ltr'><strong>sic</strong></span> <span class='ocrx_word' id='word_1_33' title='bbox 1277 658 1416 714; x_wconf 82' lang='lat' dir='ltr'><strong>facta</strong></span> <span class='ocrx_word' id='word_1_34' title='bbox 1462 667 1594 712; x_wconf 90' lang='lat' dir='ltr'><strong>sunt</strong></span> <span class='ocrx_word' id='word_1_35' title='bbox 1636 665 1693 713; x_wconf 92' lang='lat' dir='ltr'><strong>et</strong></span> <span class='ocrx_word' id='word_1_36' title='bbox 1747 654 1814 711; x_wconf 85' lang='lat' dir='ltr'><strong>ad</strong></span> <span class='ocrx_word' id='word_1_37' title='bbox 1863 656 2003 711; x_wconf 78' lang='lat' dir='ltr'><strong>eﬂ‘e-</strong></span> 
     </span>
    </p>
   </div>
   <div class='ocr_carea' id='block_1_8' title="bbox 423 749 2004 825">
    <p class='ocr_par' dir='ltr' id='par_1_8' title="bbox 423 749 2004 825">
     <span class='ocr_line' id='line_1_8' title="bbox 423 749 2004 825; baseline -0.007 -13"><span class='ocrx_word' id='word_1_38' title='bbox 423 765 574 812; x_wconf 90' lang='lat' dir='ltr'><strong>ctum</strong></span> <span class='ocrx_word' id='word_1_39' title='bbox 628 760 1026 825; x_wconf 87' lang='lat' dir='ltr'><strong>pervenerunt,</strong></span> <span class='ocrx_word' id='word_1_40' title='bbox 1078 749 1354 804; x_wconf 89' lang='lat' dir='ltr'><strong>Antiocho</strong></span> <span class='ocrx_word' id='word_1_41' title='bbox 1406 749 1665 804; x_wconf 82' lang='lat' dir='ltr'><strong>videlicet</strong></span> <span class='ocrx_word' id='word_1_42' title='bbox 1714 757 2004 820; x_wconf 76' lang='lat' dir='ltr'><strong>regnante,</strong></span> 
     </span>
    </p>
   </div>
   <div class='ocr_carea' id='block_1_9' title="bbox 424 843 1482 920">
    <p class='ocr_par' dir='ltr' id='par_1_9' title="bbox 424 843 1482 920">
     <span class='ocr_line' id='line_1_9' title="bbox 424 843 1482 920; baseline -0.007 -18"><span class='ocrx_word' id='word_1_43' title='bbox 424 850 514 920; x_wconf 88' lang='lat' dir='ltr'><strong>qui</strong></span> <span class='ocrx_word' id='word_1_44' title='bbox 549 847 651 901; x_wconf 81' lang='lat' dir='ltr'><strong>fuit</strong></span> <span class='ocrx_word' id='word_1_45' title='bbox 692 844 1113 913; x_wconf 79' lang='lat' dir='ltr'><strong>cognominatus</strong></span> <span class='ocrx_word' id='word_1_46' title='bbox 1141 843 1482 913; x_wconf 79' lang='lat' dir='ltr'><strong>Epiphanes.</strong></span> 
     </span>
    </p>
   </div>
   <div class='ocr_carea' id='block_1_10' title="bbox 493 933 2007 1006">
    <p class='ocr_par' dir='ltr' id='par_1_10' title="bbox 493 933 2007 1006">
     <span class='ocr_line' id='line_1_10' title="bbox 493 933 2007 1006; baseline -0.004 -12"><span class='ocrx_word' id='word_1_47' title='bbox 493 939 635 994; x_wconf 76' lang='grc' dir='ltr'><strong>ΧΧΙ.</strong></span> <span class='ocrx_word' id='word_1_48' title='bbox 696 937 956 993; x_wconf 64' lang='grc' dir='ltr'>Ρταιάἱκίι</span> <span class='ocrx_word' id='word_1_49' title='bbox 1009 945 1195 992; x_wconf 86' lang='lat' dir='ltr'><strong>autem</strong></span> <span class='ocrx_word' id='word_1_50' title='bbox 1234 935 1355 1006; x_wconf 89' lang='lat' dir='ltr'><strong>ipsa</strong></span> <span class='ocrx_word' id='word_1_51' title='bbox 1411 935 1601 989; x_wconf 89' lang='lat' dir='ltr'><strong>Daniel</strong></span> <span class='ocrx_word' id='word_1_52' title='bbox 1650 933 1840 989; x_wconf 89' lang='lat' dir='ltr'><strong>multis</strong></span> <span class='ocrx_word' id='word_1_53' title='bbox 1879 943 2007 988; x_wconf 89' lang='lat' dir='ltr'><strong>ante</strong></span> 
     </span>
    </p>
   </div>
   <div class='ocr_carea' id='block_1_11' title="bbox 418 1027 2010 1104">
    <p class='ocr_par' dir='ltr' id='par_1_11' title="bbox 418 1027 2010 1104">
     <span class='ocr_line' id='line_1_11' title="bbox 418 1027 2010 1104; baseline -0.006 -15"><span class='ocrx_word' id='word_1_54' title='bbox 418 1031 900 1104; x_wconf 75' lang='lat' dir='ltr'><strong>generationibus,</strong></span> <span class='ocrx_word' id='word_1_55' title='bbox 935 1046 1060 1084; x_wconf 92' lang='lat' dir='ltr'><strong>cum</strong></span> <span class='ocrx_word' id='word_1_56' title='bbox 1098 1031 1242 1083; x_wconf 82' lang='lat' dir='ltr'><strong>Deus</strong></span> <span class='ocrx_word' id='word_1_57' title='bbox 1281 1027 1332 1083; x_wconf 90' lang='lat' dir='ltr'><strong>ei</strong></span> <span class='ocrx_word' id='word_1_58' title='bbox 1361 1043 1424 1083; x_wconf 90' lang='lat' dir='ltr'><strong>ea</strong></span> <span class='ocrx_word' id='word_1_59' title='bbox 1467 1027 1824 1090; x_wconf 84' lang='lat' dir='ltr'><strong>ostendisset,</strong></span> <span class='ocrx_word' id='word_1_60' title='bbox 1856 1036 1914 1080; x_wconf 93' lang='lat' dir='ltr'><strong>et</strong></span> <span class='ocrx_word' id='word_1_61' title='bbox 1947 1034 2010 1079; x_wconf 88' lang='lat' dir='ltr'><strong>ut</strong></span> 
     </span>
    </p>
   </div>
   <div class='ocr_carea' id='block_1_12' title="bbox 424 1118 2008 1190">
    <p class='ocr_par' dir='ltr' id='par_1_12' title="bbox 424 1118 2008 1190">
     <span class='ocr_line' id='line_1_12' title="bbox 424 1118 2008 1190; baseline -0.008 -7"><span class='ocrx_word' id='word_1_62' title='bbox 424 1128 704 1183; x_wconf 77' lang='lat' dir='ltr'><strong>scriberet</strong></span> <span class='ocrx_word' id='word_1_63' title='bbox 747 1124 1030 1181; x_wconf 69' lang='lat' dir='ltr'><strong>effecisset</strong></span> <span class='ocrx_word' id='word_1_64' title='bbox 1063 1141 1075 1176; x_wconf 94' lang='lat'>:</span> <span class='ocrx_word' id='word_1_65' title='bbox 1106 1132 1168 1177; x_wconf 87' lang='lat' dir='ltr'><strong>ut</strong></span> <span class='ocrx_word' id='word_1_66' title='bbox 1196 1129 1252 1177; x_wconf 93' lang='lat' dir='ltr'><strong>et</strong></span> <span class='ocrx_word' id='word_1_67' title='bbox 1285 1122 1377 1189; x_wconf 87' lang='lat' dir='ltr'><strong>qui</strong></span> <span class='ocrx_word' id='word_1_68' title='bbox 1409 1137 1472 1177; x_wconf 86' lang='lat' dir='ltr'><strong>ea</strong></span> <span class='ocrx_word' id='word_1_69' title='bbox 1500 1120 1713 1190; x_wconf 73' lang='lat' dir='ltr'><strong>legunt,</strong></span> <span class='ocrx_word' id='word_1_70' title='bbox 1742 1128 1798 1175; x_wconf 91' lang='lat' dir='ltr'><strong>et</strong></span> <span class='ocrx_word' id='word_1_71' title='bbox 1823 1118 2008 1174; x_wconf 84' lang='lat' dir='ltr'><strong>consi-</strong></span> 
     </span>
    </p>
   </div>
   <div class='ocr_carea' id='block_1_13' title="bbox 422 1212 2010 1285">
    <p class='ocr_par' dir='ltr' id='par_1_13' title="bbox 422 1212 2010 1285">
     <span class='ocr_line' id='line_1_13' title="bbox 422 1212 2010 1285; baseline -0.006 -13"><span class='ocrx_word' id='word_1_72' title='bbox 422 1219 621 1272; x_wconf 85' lang='lat' dir='ltr'><strong>derant</strong></span> <span class='ocrx_word' id='word_1_73' title='bbox 653 1233 716 1272; x_wconf 89' lang='lat' dir='ltr'><strong>ea</strong></span> <span class='ocrx_word' id='word_1_74' title='bbox 772 1232 894 1285; x_wconf 61' lang='lat' dir='ltr'><strong>quae</strong></span> <span class='ocrx_word' id='word_1_75' title='bbox 922 1216 1209 1278; x_wconf 85' lang='lat' dir='ltr'><strong>eveniunt,</strong></span> <span class='ocrx_word' id='word_1_76' title='bbox 1240 1222 1294 1269; x_wconf 91' lang='lat' dir='ltr'><strong>et</strong></span> <span class='ocrx_word' id='word_1_77' title='bbox 1340 1213 1622 1268; x_wconf 89' lang='lat' dir='ltr'><strong>Danielem</strong></span> <span class='ocrx_word' id='word_1_78' title='bbox 1661 1212 2010 1266; x_wconf 74' lang='lat' dir='ltr'><strong>admirentur</strong></span> 
     </span>
    </p>
   </div>
   <div class='ocr_carea' id='block_1_14' title="bbox 421 1303 2008 1381">
    <p class='ocr_par' dir='ltr' id='par_1_14' title="bbox 421 1303 2008 1381">
     <span class='ocr_line' id='line_1_14' title="bbox 421 1303 2008 1381; baseline -0.005 -16"><span class='ocrx_word' id='word_1_79' title='bbox 421 1321 650 1381; x_wconf 83' lang='lat' dir='ltr'><strong>prepter</strong></span> <span class='ocrx_word' id='word_1_80' title='bbox 680 1311 980 1374; x_wconf 84' lang='lat' dir='ltr'><strong>honorem,</strong></span> <span class='ocrx_word' id='word_1_81' title='bbox 1030 1324 1142 1378; x_wconf 85' lang='lat' dir='ltr'><strong>quo</strong></span> <span class='ocrx_word' id='word_1_82' title='bbox 1173 1308 1277 1362; x_wconf 85' lang='lat' dir='ltr'><strong>fuit</strong></span> <span class='ocrx_word' id='word_1_83' title='bbox 1323 1306 1525 1377; x_wconf 81' lang='lat' dir='ltr'><strong>dignus</strong></span> <span class='ocrx_word' id='word_1_84' title='bbox 1565 1321 1596 1360; x_wconf 92' lang='lat' dir='ltr'><strong>a</strong></span> <span class='ocrx_word' id='word_1_85' title='bbox 1636 1306 1749 1360; x_wconf 91' lang='lat' dir='ltr'><strong>Deo</strong></span> <span class='ocrx_word' id='word_1_86' title='bbox 1788 1303 2008 1376; x_wconf 78' lang='lat' dir='ltr'><strong>judica-</strong></span> 
     </span>
    </p>
   </div>
   <div class='ocr_carea' id='block_1_15' title="bbox 423 1398 2009 1471">
    <p class='ocr_par' dir='ltr' id='par_1_15' title="bbox 423 1398 2009 1471">
     <span class='ocr_line' id='line_1_15' title="bbox 423 1398 2009 1471; baseline -0.006 -12"><span class='ocrx_word' id='word_1_87' title='bbox 423 1415 534 1469; x_wconf 82' lang='lat' dir='ltr'><strong>tus,</strong></span> <span class='ocrx_word' id='word_1_88' title='bbox 563 1413 619 1459; x_wconf 90' lang='lat' dir='ltr'><strong>et</strong></span> <span class='ocrx_word' id='word_1_89' title='bbox 648 1403 935 1457; x_wconf 82' lang='lat' dir='ltr'><strong>inveniant</strong></span> <span class='ocrx_word' id='word_1_90' title='bbox 985 1402 1283 1471; x_wconf 85' lang='lat' dir='ltr'><strong>Epicureos</strong></span> <span class='ocrx_word' id='word_1_91' title='bbox 1322 1400 1425 1454; x_wconf 90' lang='lat' dir='ltr'><strong>hac</strong></span> <span class='ocrx_word' id='word_1_92' title='bbox 1451 1399 1505 1453; x_wconf 91' lang='lat' dir='ltr'><strong>in</strong></span> <span class='ocrx_word' id='word_1_93' title='bbox 1533 1414 1592 1453; x_wconf 91' lang='lat' dir='ltr'><strong>re</strong></span> <span class='ocrx_word' id='word_1_94' title='bbox 1615 1398 1777 1453; x_wconf 85' lang='lat' dir='ltr'><strong>valde</strong></span> <span class='ocrx_word' id='word_1_95' title='bbox 1800 1411 2009 1457; x_wconf 80' lang='lat' dir='ltr'><strong>errare.</strong></span> 
     </span>
    </p>
   </div>
   <div class='ocr_carea' id='block_1_16' title="bbox 420 1489 2008 1566">
    <p class='ocr_par' dir='ltr' id='par_1_16' title="bbox 420 1489 2008 1566">
     <span class='ocr_line' id='line_1_16' title="bbox 420 1489 2008 1566; baseline -0.007 -16"><span class='ocrx_word' id='word_1_96' title='bbox 420 1496 514 1566; x_wconf 85' lang='lat' dir='ltr'><strong>qui</strong></span> <span class='ocrx_word' id='word_1_97' title='bbox 566 1506 622 1550; x_wconf 88' lang='lat' dir='ltr'><strong>et</strong></span> <span class='ocrx_word' id='word_1_98' title='bbox 680 1493 1089 1565; x_wconf 87' lang='lat' dir='ltr'><strong>providentiam</strong></span> <span class='ocrx_word' id='word_1_99' title='bbox 1140 1508 1171 1548; x_wconf 90' lang='lat' dir='ltr'><strong>e</strong></span> <span class='ocrx_word' id='word_1_100' title='bbox 1203 1493 1319 1546; x_wconf 88' lang='lat' dir='ltr'><strong>vita</strong></span> <span class='ocrx_word' id='word_1_101' title='bbox 1363 1491 1671 1563; x_wconf 76' lang='lat' dir='ltr'><strong>expellunt,</strong></span> <span class='ocrx_word' id='word_1_102' title='bbox 1728 1498 1786 1544; x_wconf 88' lang='lat' dir='ltr'><strong>et</strong></span> <span class='ocrx_word' id='word_1_103' title='bbox 1834 1489 2008 1543; x_wconf 81' lang='lat' dir='ltr'><strong>Deum</strong></span> 
     </span>
    </p>
   </div>
   <div class='ocr_carea' id='block_1_17' title="bbox 422 1585 2008 1650">
    <p class='ocr_par' dir='ltr' id='par_1_17' title="bbox 422 1585 2008 1650">
     <span class='ocr_line' id='line_1_17' title="bbox 422 1585 2008 1650; baseline -0.007 -7"><span class='ocrx_word' id='word_1_104' title='bbox 422 1606 531 1644; x_wconf 89' lang='lat' dir='ltr'><strong>non</strong></span> <span class='ocrx_word' id='word_1_105' title='bbox 585 1598 817 1643; x_wconf 73' lang='grc' dir='ltr'>οειιεοηι</span> <span class='ocrx_word' id='word_1_106' title='bbox 869 1602 1054 1640; x_wconf 87' lang='lat' dir='ltr'><strong>rerum</strong></span> <span class='ocrx_word' id='word_1_107' title='bbox 1112 1585 1480 1639; x_wconf 88' lang='lat' dir='ltr'><strong>humanarum</strong></span> <span class='ocrx_word' id='word_1_108' title='bbox 1529 1597 1717 1637; x_wconf 79' lang='lat' dir='ltr'><strong>curam</strong></span> <span class='ocrx_word' id='word_1_109' title='bbox 1772 1593 2008 1650; x_wconf 67' lang='lat' dir='ltr'><strong>gCl‘Cl‘C:</strong></span> 
     </span>
    </p>
   </div>
   <div class='ocr_carea' id='block_1_18' title="bbox 423 1669 2012 1751">
    <p class='ocr_par' dir='ltr' id='par_1_18' title="bbox 423 1669 2012 1751">
     <span class='ocr_line' id='line_1_18' title="bbox 423 1669 2012 1751; baseline -0.008 -15"><span class='ocrx_word' id='word_1_110' title='bbox 423 1696 600 1751; x_wconf 86' lang='lat' dir='ltr'><strong>neque</strong></span> <span class='ocrx_word' id='word_1_111' title='bbox 640 1696 668 1734; x_wconf 89' lang='lat' dir='ltr'><strong>a</strong></span> <span class='ocrx_word' id='word_1_112' title='bbox 722 1680 880 1735; x_wconf 87' lang='lat' dir='ltr'><strong>beata</strong></span> <span class='ocrx_word' id='word_1_113' title='bbox 929 1679 1195 1741; x_wconf 89' lang='lat' dir='ltr'><strong>essentia,</strong></span> <span class='ocrx_word' id='word_1_114' title='bbox 1252 1685 1309 1731; x_wconf 86' lang='lat' dir='ltr'><strong>et</strong></span> <span class='ocrx_word' id='word_1_115' title='bbox 1374 1676 1430 1729; x_wconf 89' lang='lat' dir='ltr'><strong>in</strong></span> <span class='ocrx_word' id='word_1_116' title='bbox 1480 1689 1645 1745; x_wconf 82' lang='lat' dir='ltr'><strong>quam</strong></span> <span class='ocrx_word' id='word_1_117' title='bbox 1695 1687 1806 1727; x_wconf 86' lang='lat' dir='ltr'><strong>non</strong></span> <span class='ocrx_word' id='word_1_118' title='bbox 1862 1669 2012 1725; x_wconf 86' lang='lat' dir='ltr'><strong>cadit</strong></span> 
     </span>
    </p>
   </div>
   <div class='ocr_carea' id='block_1_19' title="bbox 423 1762 2011 1837">
    <p class='ocr_par' dir='ltr' id='par_1_19' title="bbox 423 1762 2011 1837">
     <span class='ocr_line' id='line_1_19' title="bbox 423 1762 2011 1837; baseline -0.008 -11"><span class='ocrx_word' id='word_1_119' title='bbox 423 1773 704 1837; x_wconf 89' lang='lat' dir='ltr'><strong>interitus,</strong></span> <span class='ocrx_word' id='word_1_120' title='bbox 745 1771 812 1826; x_wconf 91' lang='lat' dir='ltr'><strong>ad</strong></span> <span class='ocrx_word' id='word_1_121' title='bbox 864 1770 968 1824; x_wconf 86' lang='lat' dir='ltr'><strong>huc</strong></span> <span class='ocrx_word' id='word_1_122' title='bbox 1009 1778 1070 1823; x_wconf 93' lang='lat' dir='ltr'><strong>ut</strong></span> <span class='ocrx_word' id='word_1_123' title='bbox 1117 1768 1377 1823; x_wconf 90' lang='lat' dir='ltr'><strong>universa</strong></span> <span class='ocrx_word' id='word_1_124' title='bbox 1408 1772 1772 1836; x_wconf 88' lang='lat' dir='ltr'><strong>permaneant</strong></span> <span class='ocrx_word' id='word_1_125' title='bbox 1806 1762 2011 1833; x_wconf 80' lang='lat' dir='ltr'><strong>guber-</strong></span> 
     </span>
    </p>
   </div>
   <div class='ocr_carea' id='block_1_20' title="bbox 2108 568 3700 639">
    <p class='ocr_par' dir='ltr' id='par_1_20' title="bbox 2108 568 3700 639">
     <span class='ocr_line' id='line_1_20' title="bbox 2108 568 3700 639; baseline 0.002 -18"><span class='ocrx_word' id='word_1_126' title='bbox 2108 568 2332 636; x_wconf 86' lang='grc' dir='ltr'>άφανιεί</span> <span class='ocrx_word' id='word_1_127' title='bbox 2372 584 2430 621; x_wconf 89' lang='grc' dir='ltr'><strong>τε</strong></span> <span class='ocrx_word' id='word_1_128' title='bbox 2462 568 2559 639; x_wconf 86' lang='grc' dir='ltr'>τὴν</span> <span class='ocrx_word' id='word_1_129' title='bbox 2604 569 2885 623; x_wconf 81' lang='grc' dir='ltr'>πολιτείαν</span> <span class='ocrx_word' id='word_1_130' title='bbox 2915 569 3136 634; x_wconf 80' lang='grc' dir='ltr'>καὶτὰς</span> <span class='ocrx_word' id='word_1_131' title='bbox 3169 569 3361 632; x_wconf 78' lang='grc' dir='ltr'><strong>Θυσίας</strong></span> <span class='ocrx_word' id='word_1_132' title='bbox 3393 570 3488 622; x_wconf 69' lang='grc' dir='ltr'><strong>ἐπὶ</strong></span> <span class='ocrx_word' id='word_1_133' title='bbox 3518 570 3700 639; x_wconf 81' lang='grc' dir='ltr'>τρισὶν</span> 
     </span>
    </p>
   </div>
   <div class='ocr_carea' id='block_1_21' title="bbox 2110 660 3701 734">
    <p class='ocr_par' dir='ltr' id='par_1_21' title="bbox 2110 660 3701 734">
     <span class='ocr_line' id='line_1_21' title="bbox 2110 660 3701 734; baseline 0.005 -22"><span class='ocrx_word' id='word_1_134' title='bbox 2110 660 2290 713; x_wconf 78' lang='grc' dir='ltr'>ἔτεσιν</span> <span class='ocrx_word' id='word_1_135' title='bbox 2328 660 2581 733; x_wconf 82' lang='grc' dir='ltr'>ἀπείρξει</span> <span class='ocrx_word' id='word_1_136' title='bbox 2612 662 2907 717; x_wconf 77' lang='grc' dir='ltr'><strong>τελεῖσθαι.</strong></span> <span class='ocrx_word' id='word_1_137' title='bbox 2942 663 3143 733; x_wconf 77' lang='grc' dir='ltr'><strong>Γέγονε</strong></span> <span class='ocrx_word' id='word_1_138' title='bbox 3175 665 3275 734; x_wconf 84' lang='grc' dir='ltr'>μὲν</span> <span class='ocrx_word' id='word_1_139' title='bbox 3331 665 3476 719; x_wconf 83' lang='grc' dir='ltr'>οῦτω</span> <span class='ocrx_word' id='word_1_140' title='bbox 3525 664 3701 721; x_wconf 83' lang='grc' dir='ltr'>ταῦτα</span> 
     </span>
    </p>
   </div>
   <div class='ocr_carea' id='block_1_22' title="bbox 2108 750 3698 826">
    <p class='ocr_par' dir='ltr' id='par_1_22' title="bbox 2108 750 3698 826">
     <span class='ocr_line' id='line_1_22' title="bbox 2108 750 3698 826; baseline 0.005 -25"><span class='ocrx_word' id='word_1_141' title='bbox 2108 750 2205 802; x_wconf 69' lang='grc' dir='ltr'>καὶ</span> <span class='ocrx_word' id='word_1_142' title='bbox 2233 751 2313 812; x_wconf 86' lang='grc' dir='ltr'><strong>είς</strong></span> <span class='ocrx_word' id='word_1_143' title='bbox 2341 751 2502 820; x_wconf 80' lang='grc' dir='ltr'>ἔργον</span> <span class='ocrx_word' id='word_1_144' title='bbox 2532 753 2717 823; x_wconf 74' lang='grc' dir='ltr'>ἐξέϐη,</span> <span class='ocrx_word' id='word_1_145' title='bbox 2755 753 3032 826; x_wconf 81' lang='grc' dir='ltr'>Ἀντιόχου</span> <span class='ocrx_word' id='word_1_146' title='bbox 3059 755 3198 826; x_wconf 85' lang='grc' dir='ltr'>δῆτα</span> <span class='ocrx_word' id='word_1_147' title='bbox 3230 756 3324 809; x_wconf 86' lang='grc' dir='ltr'><strong>τοῦ</strong></span> <span class='ocrx_word' id='word_1_148' title='bbox 3365 756 3698 825; x_wconf 74' lang='grc' dir='ltr'>Ἐπιφανοῦς</span> 
     </span>
    </p>
   </div>
   <div class='ocr_carea' id='block_1_23' title="bbox 2111 840 2529 912">
    <p class='ocr_par' dir='ltr' id='par_1_23' title="bbox 2111 840 2529 912">
     <span class='ocr_line' id='line_1_23' title="bbox 2111 840 2529 912; baseline 0.01 -17"><span class='ocrx_word' id='word_1_149' title='bbox 2111 840 2529 912; x_wconf 80' lang='grc' dir='ltr'><strong>βασιλεύοντος.</strong></span> 
     </span>
    </p>
   </div>
   <div class='ocr_carea' id='block_1_24' title="bbox 2180 936 3701 1011">
    <p class='ocr_par' dir='ltr' id='par_1_24' title="bbox 2180 936 3701 1011">
     <span class='ocr_line' id='line_1_24' title="bbox 2180 936 3701 1011; baseline 0.001 -21"><span class='ocrx_word' id='word_1_150' title='bbox 2180 936 2314 990; x_wconf 79' lang='grc' dir='ltr'><strong>ΚΑ¹.</strong></span> <span class='ocrx_word' id='word_1_151' title='bbox 2353 937 2592 1007; x_wconf 82' lang='grc' dir='ltr'>Προεῖπε</span> <span class='ocrx_word' id='word_1_152' title='bbox 2619 936 2676 990; x_wconf 75' lang='grc' dir='ltr'>δὲ</span> <span class='ocrx_word' id='word_1_153' title='bbox 2701 936 2841 989; x_wconf 72' lang='grc' dir='ltr'>αὐτὰ</span> <span class='ocrx_word' id='word_1_154' title='bbox 2862 936 3063 1008; x_wconf 77' lang='grc' dir='ltr'>Δανιὴλ</span> <span class='ocrx_word' id='word_1_155' title='bbox 3091 938 3319 1002; x_wconf 87' lang='grc' dir='ltr'>πολλαῖς</span> <span class='ocrx_word' id='word_1_156' title='bbox 3346 940 3456 1011; x_wconf 78' lang='grc' dir='ltr'>ἄρα</span> <span class='ocrx_word' id='word_1_157' title='bbox 3483 941 3701 1007; x_wconf 79' lang='grc' dir='ltr'>γενεαῖς</span> 
     </span>
    </p>
   </div>
   <div class='ocr_carea' id='block_1_25' title="bbox 2113 1028 3706 1104">
    <p class='ocr_par' dir='ltr' id='par_1_25' title="bbox 2113 1028 3706 1104">
     <span class='ocr_line' id='line_1_25' title="bbox 2113 1028 3706 1104; baseline 0.004 -23"><span class='ocrx_word' id='word_1_158' title='bbox 2113 1028 2407 1098; x_wconf 81' lang='grc' dir='ltr'>πρότερον,</span> <span class='ocrx_word' id='word_1_159' title='bbox 2440 1030 2533 1082; x_wconf 82' lang='grc' dir='ltr'><strong>τοῦ</strong></span> <span class='ocrx_word' id='word_1_160' title='bbox 2564 1030 2702 1083; x_wconf 86' lang='grc' dir='ltr'>Θεοῦ</span> <span class='ocrx_word' id='word_1_161' title='bbox 2732 1030 3010 1097; x_wconf 80' lang='grc' dir='ltr'><strong>δείξαντος</strong></span> <span class='ocrx_word' id='word_1_162' title='bbox 3046 1031 3199 1100; x_wconf 84' lang='grc' dir='ltr'><strong>αὐτῷ</strong></span> <span class='ocrx_word' id='word_1_163' title='bbox 3233 1032 3407 1086; x_wconf 85' lang='grc' dir='ltr'>ταῦτα</span> <span class='ocrx_word' id='word_1_164' title='bbox 3431 1033 3525 1087; x_wconf 77' lang='grc' dir='ltr'>καὶ</span> <span class='ocrx_word' id='word_1_165' title='bbox 3562 1035 3706 1104; x_wconf 83' lang='grc' dir='ltr'>γρά-</span> 
     </span>
    </p>
   </div>
   <div class='ocr_carea' id='block_1_26' title="bbox 2111 1119 3706 1194">
    <p class='ocr_par' dir='ltr' id='par_1_26' title="bbox 2111 1119 3706 1194">
     <span class='ocr_line' id='line_1_26' title="bbox 2111 1119 3706 1194; baseline 0.005 -22"><span class='ocrx_word' id='word_1_166' title='bbox 2111 1119 2212 1190; x_wconf 70' lang='grc' dir='ltr'><strong>ψαι</strong></span> <span class='ocrx_word' id='word_1_167' title='bbox 2264 1121 2812 1191; x_wconf 81' lang='grc' dir='ltr'><strong>παρασκευάσαντος,</strong></span> <span class='ocrx_word' id='word_1_168' title='bbox 2857 1122 3000 1176; x_wconf 75' lang='grc' dir='ltr'>ὣστε</span> <span class='ocrx_word' id='word_1_169' title='bbox 3031 1124 3156 1187; x_wconf 74' lang='grc' dir='ltr'>τοὺς</span> <span class='ocrx_word' id='word_1_170' title='bbox 3183 1125 3706 1194; x_wconf 79' lang='grc' dir='ltr'>ἀναγιγνώσκοντας</span> 
     </span>
    </p>
   </div>
   <div class='ocr_carea' id='block_1_27' title="bbox 2112 1211 3706 1284">
    <p class='ocr_par' dir='ltr' id='par_1_27' title="bbox 2112 1211 3706 1284">
     <span class='ocr_line' id='line_1_27' title="bbox 2112 1211 3706 1284; baseline 0.001 -19"><span class='ocrx_word' id='word_1_171' title='bbox 2112 1212 2208 1265; x_wconf 71' lang='grc' dir='ltr'>καὶ</span> <span class='ocrx_word' id='word_1_172' title='bbox 2251 1212 2319 1265; x_wconf 82' lang='grc' dir='ltr'>τὰ</span> <span class='ocrx_word' id='word_1_173' title='bbox 2370 1212 2745 1282; x_wconf 85' lang='grc' dir='ltr'>συμϐαίνοντα</span> <span class='ocrx_word' id='word_1_174' title='bbox 2798 1211 3142 1277; x_wconf 80' lang='grc' dir='ltr'>σκοποῦντας</span> <span class='ocrx_word' id='word_1_175' title='bbox 3185 1214 3491 1284; x_wconf 75' lang='grc' dir='ltr'>θαυμάζειν</span> <span class='ocrx_word' id='word_1_176' title='bbox 3518 1233 3579 1269; x_wconf 84' lang='grc' dir='ltr'><strong>τε</strong></span> <span class='ocrx_word' id='word_1_177' title='bbox 3608 1216 3706 1269; x_wconf 85' lang='grc' dir='ltr'>τὸν</span> 
     </span>
    </p>
   </div>
   <div class='ocr_carea' id='block_1_28' title="bbox 2112 1300 3708 1378">
    <p class='ocr_par' dir='ltr' id='par_1_28' title="bbox 2112 1300 3708 1378">
     <span class='ocr_line' id='line_1_28' title="bbox 2112 1300 3708 1378; baseline 0.003 -22"><span class='ocrx_word' id='word_1_178' title='bbox 2112 1304 2313 1374; x_wconf 84' lang='grc' dir='ltr'>Δανιὴλ</span> <span class='ocrx_word' id='word_1_179' title='bbox 2342 1305 2441 1374; x_wconf 72' lang='grc' dir='ltr'>τῆς</span> <span class='ocrx_word' id='word_1_180' title='bbox 2462 1304 2655 1373; x_wconf 76' lang='grc' dir='ltr'>τιμῆς,</span> <span class='ocrx_word' id='word_1_181' title='bbox 2685 1300 2753 1374; x_wconf 84' lang='grc' dir='ltr'><strong>ἧς</strong></span> <span class='ocrx_word' id='word_1_182' title='bbox 2777 1304 2927 1369; x_wconf 80' lang='grc' dir='ltr'>ἄξιος</span> <span class='ocrx_word' id='word_1_183' title='bbox 2954 1305 3149 1376; x_wconf 77' lang='grc' dir='ltr'><strong>ἐκρίθη</strong></span> <span class='ocrx_word' id='word_1_184' title='bbox 3176 1308 3326 1375; x_wconf 79' lang='grc' dir='ltr'>παρὰ</span> <span class='ocrx_word' id='word_1_185' title='bbox 3354 1306 3513 1371; x_wconf 85' lang='grc' dir='ltr'>Θεοῦ,</span> <span class='ocrx_word' id='word_1_186' title='bbox 3544 1308 3708 1378; x_wconf 74' lang='grc' dir='ltr'>εὑρί-</span> 
     </span>
    </p>
   </div>
   <div class='ocr_carea' id='block_1_29' title="bbox 2114 1397 3712 1470">
    <p class='ocr_par' dir='ltr' id='par_1_29' title="bbox 2114 1397 3712 1470">
     <span class='ocr_line' id='line_1_29' title="bbox 2114 1397 3712 1470; baseline 0.004 -24"><span class='ocrx_word' id='word_1_187' title='bbox 2114 1412 2268 1449; x_wconf 85' lang='grc' dir='ltr'>σκειν</span> <span class='ocrx_word' id='word_1_188' title='bbox 2313 1413 2372 1448; x_wconf 90' lang='grc' dir='ltr'><strong>τε</strong></span> <span class='ocrx_word' id='word_1_189' title='bbox 2415 1402 2541 1459; x_wconf 83' lang='grc' dir='ltr'>τοὺς</span> <span class='ocrx_word' id='word_1_190' title='bbox 2583 1397 2999 1467; x_wconf 81' lang='grc' dir='ltr'>Ἐπικουρείους</span> <span class='ocrx_word' id='word_1_191' title='bbox 3030 1397 3283 1451; x_wconf 80' lang='grc' dir='ltr'>ἐντεῦθεν</span> <span class='ocrx_word' id='word_1_192' title='bbox 3325 1399 3522 1470; x_wconf 84' lang='grc' dir='ltr'>κομιδῆ</span> <span class='ocrx_word' id='word_1_193' title='bbox 3562 1399 3712 1453; x_wconf 86' lang='grc' dir='ltr'>πλα-</span> 
     </span>
    </p>
   </div>
   <div class='ocr_carea' id='block_1_30' title="bbox 2113 1486 3709 1562">
    <p class='ocr_par' dir='ltr' id='par_1_30' title="bbox 2113 1486 3709 1562">
     <span class='ocr_line' id='line_1_30' title="bbox 2113 1486 3709 1562; baseline 0.002 -22"><span class='ocrx_word' id='word_1_194' title='bbox 2113 1487 2413 1556; x_wconf 78' lang='grc' dir='ltr'>νωμένους,</span> <span class='ocrx_word' id='word_1_195' title='bbox 2445 1486 2495 1540; x_wconf 90' lang='grc' dir='ltr'>οἳ</span> <span class='ocrx_word' id='word_1_196' title='bbox 2520 1488 2624 1557; x_wconf 78' lang='grc' dir='ltr'>τήν</span> <span class='ocrx_word' id='word_1_197' title='bbox 2650 1504 2707 1541; x_wconf 90' lang='grc' dir='ltr'><strong>τε</strong></span> <span class='ocrx_word' id='word_1_198' title='bbox 2740 1488 3000 1558; x_wconf 82' lang='grc' dir='ltr'>πρόνοιαν</span> <span class='ocrx_word' id='word_1_199' title='bbox 3057 1489 3382 1543; x_wconf 82' lang='grc' dir='ltr'>ἐκϐάλλουσι</span> <span class='ocrx_word' id='word_1_200' title='bbox 3434 1490 3530 1545; x_wconf 88' lang='grc' dir='ltr'><strong>τοῦ</strong></span> <span class='ocrx_word' id='word_1_201' title='bbox 3581 1490 3709 1562; x_wconf 63' lang='grc' dir='ltr'>βίου</span> 
     </span>
    </p>
   </div>
   <div class='ocr_carea' id='block_1_31' title="bbox 2114 1580 3709 1653">
    <p class='ocr_par' dir='ltr' id='par_1_31' title="bbox 2114 1580 3709 1653">
     <span class='ocr_line' id='line_1_31' title="bbox 2114 1580 3709 1653; baseline 0.003 -20"><span class='ocrx_word' id='word_1_202' title='bbox 2114 1581 2207 1634; x_wconf 65' lang='grc' dir='ltr'><strong>καὶ</strong></span> <span class='ocrx_word' id='word_1_203' title='bbox 2242 1580 2375 1633; x_wconf 47' lang='grc' dir='ltr'>θείων</span> <span class='ocrx_word' id='word_1_204' title='bbox 2397 1581 2498 1633; x_wconf 76' lang='grc' dir='ltr'>οὐκ</span> <span class='ocrx_word' id='word_1_205' title='bbox 2529 1580 2741 1648; x_wconf 78' lang='grc' dir='ltr'>ἀξιοῦσι</span> <span class='ocrx_word' id='word_1_206' title='bbox 2769 1581 2877 1634; x_wconf 82' lang='grc' dir='ltr'>τῶν</span> <span class='ocrx_word' id='word_1_207' title='bbox 2908 1583 3254 1653; x_wconf 80' lang='grc' dir='ltr'><strong>πραγμάτων</strong></span> <span class='ocrx_word' id='word_1_208' title='bbox 3287 1584 3709 1653; x_wconf 76' lang='grc' dir='ltr'>ἐπιτροπεύειν,</span> 
     </span>
    </p>
   </div>
   <div class='ocr_carea' id='block_1_32' title="bbox 2113 1668 3711 1742">
    <p class='ocr_par' dir='ltr' id='par_1_32' title="bbox 2113 1668 3711 1742">
     <span class='ocr_line' id='line_1_32' title="bbox 2113 1668 3711 1742; baseline 0.001 -20"><span class='ocrx_word' id='word_1_209' title='bbox 2113 1671 2236 1723; x_wconf 79' lang='grc' dir='ltr'>οὐδὲ</span> <span class='ocrx_word' id='word_1_210' title='bbox 2268 1671 2374 1724; x_wconf 71' lang='grc' dir='ltr'>ὑπὸ</span> <span class='ocrx_word' id='word_1_211' title='bbox 2404 1668 2504 1740; x_wconf 82' lang='grc' dir='ltr'>τῆς</span> <span class='ocrx_word' id='word_1_212' title='bbox 2548 1672 2830 1742; x_wconf 79' lang='grc' dir='ltr'>μακαρίας</span> <span class='ocrx_word' id='word_1_213' title='bbox 2862 1672 2957 1724; x_wconf 74' lang='grc' dir='ltr'>καὶ</span> <span class='ocrx_word' id='word_1_214' title='bbox 2991 1672 3271 1741; x_wconf 82' lang='grc' dir='ltr'>ἀφθάρτου</span> <span class='ocrx_word' id='word_1_215' title='bbox 3307 1673 3522 1741; x_wconf 84' lang='grc' dir='ltr'>φύσεως</span> <span class='ocrx_word' id='word_1_216' title='bbox 3564 1672 3711 1742; x_wconf 78' lang='grc' dir='ltr'>πρὸς</span> 
     </span>
    </p>
   </div>
   <div class='ocr_carea' id='block_1_33' title="bbox 2113 1762 3712 1834">
    <p class='ocr_par' dir='ltr' id='par_1_33' title="bbox 2113 1762 3712 1834">
     <span class='ocr_line' id='line_1_33' title="bbox 2113 1762 3712 1834; baseline -0.001 -18"><span class='ocrx_word' id='word_1_217' title='bbox 2113 1763 2382 1834; x_wconf 82' lang='grc' dir='ltr'>διαμονὴν</span> <span class='ocrx_word' id='word_1_218' title='bbox 2448 1763 2558 1816; x_wconf 85' lang='grc' dir='ltr'>τῶν</span> <span class='ocrx_word' id='word_1_219' title='bbox 2616 1765 2756 1817; x_wconf 82' lang='grc' dir='ltr'>ὅλων</span> <span class='ocrx_word' id='word_1_220' title='bbox 2820 1763 3195 1834; x_wconf 81' lang='grc' dir='ltr'>κυϐερνᾶσθαι</span> <span class='ocrx_word' id='word_1_221' title='bbox 3251 1763 3321 1816; x_wconf 84' lang='grc' dir='ltr'><strong>τά</strong></span> <span class='ocrx_word' id='word_1_222' title='bbox 3386 1762 3712 1832; x_wconf 85' lang='grc' dir='ltr'>σύμπαντα,</span> 
     </span>
    </p>
   </div>
   <div class='ocr_carea' id='block_1_34' title="bbox 425 1834 2012 1931">
    <p class='ocr_par' dir='ltr' id='par_1_34' title="bbox 425 1854 2008 1931">
     <span class='ocr_line' id='line_1_34' title="bbox 425 1854 2008 1931; baseline -0.007 -12"><span class='ocrx_word' id='word_1_223' title='bbox 425 1865 542 1919; x_wconf 88' lang='lat' dir='ltr'><strong>nari</strong></span> <span class='ocrx_word' id='word_1_224' title='bbox 591 1865 799 1927; x_wconf 86' lang='lat' dir='ltr'><strong>omnia,</strong></span> <span class='ocrx_word' id='word_1_225' title='bbox 839 1861 1087 1917; x_wconf 84' lang='lat' dir='ltr'><strong>carentia</strong></span> <span class='ocrx_word' id='word_1_226' title='bbox 1122 1861 1313 1931; x_wconf 82' lang='lat' dir='ltr'><strong>auriga</strong></span> <span class='ocrx_word' id='word_1_227' title='bbox 1340 1870 1396 1914; x_wconf 90' lang='lat' dir='ltr'><strong>et</strong></span> <span class='ocrx_word' id='word_1_228' title='bbox 1429 1866 1710 1914; x_wconf 83' lang='lat' dir='ltr'><strong>curatore.</strong></span> <span class='ocrx_word' id='word_1_229' title='bbox 1743 1854 2008 1911; x_wconf 84' lang='lat' dir='ltr'><strong>Mundum</strong></span> 
     </span>
    </p>
   </div>
   <div class='ocr_carea' id='block_1_35' title="bbox 2118 1834 3718 1931">
    <p class='ocr_par' dir='ltr' id='par_1_35' title="bbox 2118 1855 3718 1928">
     <span class='ocr_line' id='line_1_35' title="bbox 2118 1855 3718 1928; baseline -0.001 -18"><span class='ocrx_word' id='word_1_230' title='bbox 2118 1857 2348 1928; x_wconf 69' lang='grc' dir='ltr'>ἄμοιρον</span> <span class='ocrx_word' id='word_1_231' title='bbox 2372 1855 2426 1909; x_wconf 77' lang='grc' dir='ltr'>δὲ</span> <span class='ocrx_word' id='word_1_232' title='bbox 2453 1857 2671 1926; x_wconf 79' lang='grc' dir='ltr'>ἡνιόχου</span> <span class='ocrx_word' id='word_1_233' title='bbox 2697 1857 2791 1908; x_wconf 75' lang='grc' dir='ltr'>καὶ</span> <span class='ocrx_word' id='word_1_234' title='bbox 2819 1855 3164 1927; x_wconf 79' lang='grc' dir='ltr'>φροντιστοῦ.</span> <span class='ocrx_word' id='word_1_235' title='bbox 3188 1855 3291 1907; x_wconf 82' lang='grc' dir='ltr'><strong>Τὸν</strong></span> <span class='ocrx_word' id='word_1_236' title='bbox 3313 1856 3518 1925; x_wconf 83' lang='grc' dir='ltr'>κόσμον</span> <span class='ocrx_word' id='word_1_237' title='bbox 3542 1856 3718 1909; x_wconf 85' lang='grc' dir='ltr'>αύτο-</span> 
     </span>
    </p>
   </div>
   <div class='ocr_carea' id='block_1_36' title="bbox 423 1945 2011 2021">
    <p class='ocr_par' dir='ltr' id='par_1_36' title="bbox 423 1945 2011 2021">
     <span class='ocr_line' id='line_1_36' title="bbox 423 1945 2011 2021; baseline -0.006 -10"><span class='ocrx_word' id='word_1_238' title='bbox 423 1967 627 2013; x_wconf 86' lang='lat' dir='ltr'><strong>autem.</strong></span> <span class='ocrx_word' id='word_1_239' title='bbox 670 1955 990 2011; x_wconf 84' lang='lat' dir='ltr'><strong>universum</strong></span> <span class='ocrx_word' id='word_1_240' title='bbox 1045 1952 1239 2007; x_wconf 77' lang='lat' dir='ltr'><strong>dicunt</strong></span> <span class='ocrx_word' id='word_1_241' title='bbox 1280 1966 1378 2006; x_wconf 87' lang='lat' dir='ltr'><strong>sua</strong></span> <span class='ocrx_word' id='word_1_242' title='bbox 1431 1958 1628 2021; x_wconf 87' lang='lat' dir='ltr'><strong>sponte</strong></span> <span class='ocrx_word' id='word_1_243' title='bbox 1680 1946 1814 2002; x_wconf 78' lang='lat' dir='ltr'><strong>ferri</strong></span> <span class='ocrx_word' id='word_1_244' title='bbox 1862 1964 1877 2002; x_wconf 89' lang='lat'><strong>:</strong></span> <span class='ocrx_word' id='word_1_245' title='bbox 1928 1945 2011 2001; x_wconf 88' lang='lat' dir='ltr'><strong>sic</strong></span> 
     </span>
    </p>
   </div>
   <div class='ocr_carea' id='block_1_37' title="bbox 423 2041 2011 2114">
    <p class='ocr_par' dir='ltr' id='par_1_37' title="bbox 423 2041 2011 2114">
     <span class='ocr_line' id='line_1_37' title="bbox 423 2041 2011 2114; baseline -0.006 -10"><span class='ocrx_word' id='word_1_246' title='bbox 423 2049 566 2104; x_wconf 83' lang='lat' dir='ltr'><strong>male</strong></span> <span class='ocrx_word' id='word_1_247' title='bbox 617 2048 925 2103; x_wconf 80' lang='lat' dir='ltr'><strong>sentientes</strong></span> <span class='ocrx_word' id='word_1_248' title='bbox 969 2055 1020 2100; x_wconf 90' lang='lat' dir='ltr'><strong>cl</strong></span> <span class='ocrx_word' id='word_1_249' title='bbox 1058 2045 1310 2099; x_wconf 81' lang='lat' dir='ltr'><strong>dicentes</strong></span> <span class='ocrx_word' id='word_1_250' title='bbox 1352 2053 1542 2114; x_wconf 90' lang='lat' dir='ltr'><strong>aperte</strong></span> <span class='ocrx_word' id='word_1_251' title='bbox 1578 2041 1763 2097; x_wconf 83' lang='lat' dir='ltr'><strong>stolidi</strong></span> <span class='ocrx_word' id='word_1_252' title='bbox 1812 2048 1869 2096; x_wconf 87' lang='lat' dir='ltr'><strong>et</strong></span> <span class='ocrx_word' id='word_1_253' title='bbox 1914 2055 2011 2095; x_wconf 84' lang='lat' dir='ltr'><strong>ne-</strong></span> 
     </span>
    </p>
   </div>
   <div class='ocr_carea' id='block_1_38' title="bbox 419 2127 2011 2205">
    <p class='ocr_par' dir='ltr' id='par_1_38' title="bbox 419 2127 2011 2205">
     <span class='ocr_line' id='line_1_38' title="bbox 419 2127 2011 2205; baseline -0.008 -10"><span class='ocrx_word' id='word_1_254' title='bbox 419 2139 683 2203; x_wconf 72' lang='lat' dir='ltr'><strong>scientes,</strong></span> <span class='ocrx_word' id='word_1_255' title='bbox 722 2134 871 2205; x_wconf 90' lang='lat' dir='ltr'><strong>quod</strong></span> <span class='ocrx_word' id='word_1_256' title='bbox 905 2149 975 2189; x_wconf 88' lang='lat' dir='ltr'><strong>ne</strong></span> <span class='ocrx_word' id='word_1_257' title='bbox 1018 2133 1175 2187; x_wconf 85' lang='lat' dir='ltr'><strong>navis</strong></span> <span class='ocrx_word' id='word_1_258' title='bbox 1203 2132 1430 2203; x_wconf 89' lang='lat' dir='ltr'><strong>quidem</strong></span> <span class='ocrx_word' id='word_1_259' title='bbox 1482 2132 1537 2185; x_wconf 88' lang='lat' dir='ltr'><strong>in</strong></span> <span class='ocrx_word' id='word_1_260' title='bbox 1584 2139 1749 2201; x_wconf 85' lang='lat' dir='ltr'><strong>portu</strong></span> <span class='ocrx_word' id='word_1_261' title='bbox 1794 2127 2011 2185; x_wconf 84' lang='lat' dir='ltr'><strong>servari</strong></span> 
     </span>
    </p>
   </div>
   <div class='ocr_carea' id='block_1_39' title="bbox 420 2221 2011 2302">
    <p class='ocr_par' dir='ltr' id='par_1_39' title="bbox 420 2221 2011 2302">
     <span class='ocr_line' id='line_1_39' title="bbox 420 2221 2011 2302; baseline -0.006 -17"><span class='ocrx_word' id='word_1_262' title='bbox 420 2229 686 2302; x_wconf 85' lang='lat' dir='ltr'><strong>potuerit,</strong></span> <span class='ocrx_word' id='word_1_263' title='bbox 725 2227 939 2282; x_wconf 79' lang='lat' dir='ltr'><strong>defecta</strong></span> <span class='ocrx_word' id='word_1_264' title='bbox 980 2225 1353 2296; x_wconf 78' lang='lat' dir='ltr'><strong>gubernatore</strong></span> <span class='ocrx_word' id='word_1_265' title='bbox 1398 2239 1454 2279; x_wconf 86' lang='lat' dir='ltr'><strong>et</strong></span> <span class='ocrx_word' id='word_1_266' title='bbox 1499 2224 1703 2278; x_wconf 83' lang='lat' dir='ltr'><strong>nautis.</strong></span> <span class='ocrx_word' id='word_1_267' title='bbox 1731 2221 1840 2277; x_wconf 88' lang='lat' dir='ltr'><strong>Sed</strong></span> <span class='ocrx_word' id='word_1_268' title='bbox 1882 2222 2011 2292; x_wconf 83' lang='lat' dir='ltr'><strong>quis</strong></span> 
     </span>
    </p>
   </div>
   <div class='ocr_carea' id='block_1_40' title="bbox 422 2314 2009 2385">
    <p class='ocr_par' dir='ltr' id='par_1_40' title="bbox 422 2314 2009 2385">
     <span class='ocr_line' id='line_1_40' title="bbox 422 2314 2009 2385; baseline -0.004 -9"><span class='ocrx_word' id='word_1_269' title='bbox 422 2321 479 2376; x_wconf 92' lang='lat' dir='ltr'><strong>in</strong></span> <span class='ocrx_word' id='word_1_270' title='bbox 522 2319 692 2374; x_wconf 89' lang='lat' dir='ltr'><strong>rebus</strong></span> <span class='ocrx_word' id='word_1_271' title='bbox 734 2316 988 2372; x_wconf 87' lang='lat' dir='ltr'><strong>honestis</strong></span> <span class='ocrx_word' id='word_1_272' title='bbox 1027 2316 1197 2371; x_wconf 79' lang='lat' dir='ltr'><strong>fuerit</strong></span> <span class='ocrx_word' id='word_1_273' title='bbox 1236 2314 1376 2370; x_wconf 91' lang='lat' dir='ltr'><strong>adeo</strong></span> <span class='ocrx_word' id='word_1_274' title='bbox 1416 2330 1613 2371; x_wconf 89' lang='lat' dir='ltr'><strong>socors</strong></span> <span class='ocrx_word' id='word_1_275' title='bbox 1656 2325 1713 2370; x_wconf 90' lang='lat' dir='ltr'><strong>et</strong></span> <span class='ocrx_word' id='word_1_276' title='bbox 1755 2315 2009 2385; x_wconf 84' lang='lat' dir='ltr'><strong>ignavus,</strong></span> 
     </span>
    </p>
   </div>
   <div class='ocr_carea' id='block_1_41' title="bbox 421 2406 2013 2479">
    <p class='ocr_par' dir='ltr' id='par_1_41' title="bbox 421 2406 2013 2479">
     <span class='ocr_line' id='line_1_41' title="bbox 421 2406 2013 2479; baseline -0.005 -12"><span class='ocrx_word' id='word_1_277' title='bbox 421 2419 518 2467; x_wconf 87' lang='lat' dir='ltr'><strong>aut</strong></span> <span class='ocrx_word' id='word_1_278' title='bbox 558 2410 846 2465; x_wconf 88' lang='lat' dir='ltr'><strong>auditores</strong></span> <span class='ocrx_word' id='word_1_279' title='bbox 871 2417 1043 2463; x_wconf 67' lang='lat' dir='ltr'><strong>tautae</strong></span> <span class='ocrx_word' id='word_1_280' title='bbox 1086 2407 1368 2463; x_wconf 86' lang='lat' dir='ltr'><strong>damnarit</strong></span> <span class='ocrx_word' id='word_1_281' title='bbox 1404 2406 1756 2479; x_wconf 76' lang='lat' dir='ltr'><strong>negligentiae</strong></span> <span class='ocrx_word' id='word_1_282' title='bbox 1781 2415 1838 2461; x_wconf 90' lang='lat' dir='ltr'><strong>et</strong></span> <span class='ocrx_word' id='word_1_283' title='bbox 1867 2422 2013 2461; x_wconf 86' lang='lat' dir='ltr'><strong>som-</strong></span> 
     </span>
    </p>
   </div>
   <div class='ocr_carea' id='block_1_42' title="bbox 421 2499 2013 2569">
    <p class='ocr_par' dir='ltr' id='par_1_42' title="bbox 421 2499 2013 2569">
     <span class='ocr_line' id='line_1_42' title="bbox 421 2499 2013 2569; baseline -0.003 -11"><span class='ocrx_word' id='word_1_284' title='bbox 421 2503 708 2567; x_wconf 72' lang='lat' dir='ltr'><strong>nolentiaz,</strong></span> <span class='ocrx_word' id='word_1_285' title='bbox 740 2514 801 2556; x_wconf 90' lang='lat' dir='ltr'><strong>ut</strong></span> <span class='ocrx_word' id='word_1_286' title='bbox 847 2516 958 2555; x_wconf 90' lang='lat' dir='ltr'><strong>non</strong></span> <span class='ocrx_word' id='word_1_287' title='bbox 1003 2500 1240 2554; x_wconf 89' lang='lat' dir='ltr'><strong>aliorum</strong></span> <span class='ocrx_word' id='word_1_288' title='bbox 1299 2501 1466 2554; x_wconf 90' lang='lat' dir='ltr'><strong>etiam</strong></span> <span class='ocrx_word' id='word_1_289' title='bbox 1512 2499 1831 2553; x_wconf 88' lang='lat' dir='ltr'><strong>meminerit</strong></span> <span class='ocrx_word' id='word_1_290' title='bbox 1886 2514 2013 2569; x_wconf 90' lang='lat' dir='ltr'><strong>pro-</strong></span> 
     </span>
    </p>
   </div>
   <div class='ocr_carea' id='block_1_43' title="bbox 420 2591 1999 2668">
    <p class='ocr_par' dir='ltr' id='par_1_43' title="bbox 420 2591 1999 2668">
     <span class='ocr_line' id='line_1_43' title="bbox 420 2591 1999 2668; baseline -0.001 -19"><span class='ocrx_word' id='word_1_291' title='bbox 420 2596 599 2668; x_wconf 55' lang='lat' dir='ltr'><strong>pheta:</strong></span> <span class='ocrx_word' id='word_1_292' title='bbox 639 2595 803 2666; x_wconf 80' lang='lat' dir='ltr'><strong>hujus</strong></span> <span class='ocrx_word' id='word_1_293' title='bbox 835 2592 1205 2660; x_wconf 80' lang='lat' dir='ltr'><strong>admirabilis,</strong></span> <span class='ocrx_word' id='word_1_294' title='bbox 1239 2609 1374 2663; x_wconf 62' lang='lat' dir='ltr'><strong>qute.</strong></span> <span class='ocrx_word' id='word_1_295' title='bbox 1408 2602 1464 2648; x_wconf 91' lang='lat' dir='ltr'><strong>et</strong></span> <span class='ocrx_word' id='word_1_296' title='bbox 1515 2601 1751 2663; x_wconf 89' lang='lat' dir='ltr'><strong>possunt</strong></span> <span class='ocrx_word' id='word_1_297' title='bbox 1782 2591 1999 2647; x_wconf 73' lang='lat' dir='ltr'><strong>allicere</strong></span> 
     </span>
    </p>
   </div>
   <div class='ocr_carea' id='block_1_44' title="bbox 420 2685 2013 2758">
    <p class='ocr_par' dir='ltr' id='par_1_44' title="bbox 420 2685 2013 2758">
     <span class='ocr_line' id='line_1_44' title="bbox 420 2685 2013 2758; baseline -0.001 -15"><span class='ocrx_word' id='word_1_298' title='bbox 420 2686 812 2755; x_wconf 90' lang='lat' dir='ltr'><strong>admiratione,</strong></span> <span class='ocrx_word' id='word_1_299' title='bbox 839 2696 897 2743; x_wconf 91' lang='lat' dir='ltr'><strong>et</strong></span> <span class='ocrx_word' id='word_1_300' title='bbox 941 2701 1198 2758; x_wconf 75' lang='lat' dir='ltr'><strong>magnam</strong></span> <span class='ocrx_word' id='word_1_301' title='bbox 1243 2685 1441 2741; x_wconf 78' lang='lat' dir='ltr'><strong>alIerre</strong></span> <span class='ocrx_word' id='word_1_302' title='bbox 1491 2686 1787 2741; x_wconf 89' lang='lat' dir='ltr'><strong>utilitatem</strong></span> <span class='ocrx_word' id='word_1_303' title='bbox 1812 2685 2013 2742; x_wconf 87' lang='lat' dir='ltr'><strong>animis</strong></span> 
     </span>
    </p>
   </div>
   <div class='ocr_carea' id='block_1_45' title="bbox 419 2777 794 2833">
    <p class='ocr_par' dir='ltr' id='par_1_45' title="bbox 419 2777 794 2833">
     <span class='ocr_line' id='line_1_45' title="bbox 419 2777 794 2833; baseline -0.008 0"><span class='ocrx_word' id='word_1_304' title='bbox 419 2779 740 2833; x_wconf 87' lang='lat' dir='ltr'><strong>auditorum</strong></span> <span class='ocrx_word' id='word_1_305' title='bbox 770 2777 794 2831; x_wconf 92' lang='lat'><strong>?</strong></span> 
     </span>
    </p>
   </div>
   <div class='ocr_carea' id='block_1_46' title="bbox 492 2868 2013 2940">
    <p class='ocr_par' dir='ltr' id='par_1_46' title="bbox 492 2868 2013 2940">
     <span class='ocr_line' id='line_1_46' title="bbox 492 2868 2013 2940; baseline -0.003 -13"><span class='ocrx_word' id='word_1_306' title='bbox 492 2870 662 2927; x_wconf 76' lang='lat' dir='ltr'><strong>XXII.</strong></span> <span class='ocrx_word' id='word_1_307' title='bbox 697 2871 830 2924; x_wconf 86' lang='lat' dir='ltr'><strong>Erat</strong></span> <span class='ocrx_word' id='word_1_308' title='bbox 862 2869 1012 2925; x_wconf 91' lang='lat' dir='ltr'><strong>enim</strong></span> <span class='ocrx_word' id='word_1_309' title='bbox 1048 2878 1181 2924; x_wconf 87' lang='lat' dir='ltr'><strong>tunc</strong></span> <span class='ocrx_word' id='word_1_310' title='bbox 1209 2868 1356 2938; x_wconf 89' lang='lat' dir='ltr'><strong>apud</strong></span> <span class='ocrx_word' id='word_1_311' title='bbox 1386 2868 1719 2940; x_wconf 81' lang='lat' dir='ltr'><strong>Babylonios</strong></span> <span class='ocrx_word' id='word_1_312' title='bbox 1780 2868 2013 2923; x_wconf 83' lang='lat' dir='ltr'><strong>simula—</strong></span> 
     </span>
    </p>
   </div>
   <div class='ocr_carea' id='block_1_47' title="bbox 420 2960 2012 3034">
    <p class='ocr_par' dir='ltr' id='par_1_47' title="bbox 420 2960 2012 3034">
     <span class='ocr_line' id='line_1_47' title="bbox 420 2960 2012 3034; baseline -0.004 -15"><span class='ocrx_word' id='word_1_313' title='bbox 420 2963 609 3030; x_wconf 77' lang='lat' dir='ltr'><strong>crum,</strong></span> <span class='ocrx_word' id='word_1_314' title='bbox 624 2962 770 3034; x_wconf 89' lang='lat' dir='ltr'><strong>quod</strong></span> <span class='ocrx_word' id='word_1_315' title='bbox 801 2963 856 3017; x_wconf 91' lang='lat' dir='ltr'><strong>in</strong></span> <span class='ocrx_word' id='word_1_316' title='bbox 889 2975 1087 3032; x_wconf 80' lang='lat' dir='ltr'><strong>magno</strong></span> <span class='ocrx_word' id='word_1_317' title='bbox 1119 2960 1427 3015; x_wconf 86' lang='lat' dir='ltr'><strong>habebatur</strong></span> <span class='ocrx_word' id='word_1_318' title='bbox 1452 2960 1685 3016; x_wconf 89' lang='lat' dir='ltr'><strong>honore.</strong></span> <span class='ocrx_word' id='word_1_319' title='bbox 1714 2961 1773 3015; x_wconf 85' lang='lat' dir='ltr'><strong>Ei</strong></span> <span class='ocrx_word' id='word_1_320' title='bbox 1807 2974 2012 3016; x_wconf 82' lang='lat' dir='ltr'><strong>nomen</strong></span> 
     </span>
    </p>
   </div>
   <div class='ocr_carea' id='block_1_48' title="bbox 419 3051 2015 3123">
    <p class='ocr_par' dir='ltr' id='par_1_48' title="bbox 419 3051 2015 3123">
     <span class='ocr_line' id='line_1_48' title="bbox 419 3051 2015 3123; baseline -0.003 -12"><span class='ocrx_word' id='word_1_321' title='bbox 419 3064 544 3111; x_wconf 91' lang='lat' dir='ltr'><strong>erat</strong></span> <span class='ocrx_word' id='word_1_322' title='bbox 573 3054 665 3110; x_wconf 84' lang='lat' dir='ltr'><strong>Bel</strong></span> <span class='ocrx_word' id='word_1_323' title='bbox 691 3072 704 3109; x_wconf 94' lang='lat'><strong>:</strong></span> <span class='ocrx_word' id='word_1_324' title='bbox 735 3055 822 3109; x_wconf 92' lang='lat' dir='ltr'><strong>eui</strong></span> <span class='ocrx_word' id='word_1_325' title='bbox 845 3051 1013 3107; x_wconf 91' lang='lat' dir='ltr'><strong>etiam</strong></span> <span class='ocrx_word' id='word_1_326' title='bbox 1047 3063 1308 3123; x_wconf 87' lang='lat' dir='ltr'><strong>tanquam</strong></span> <span class='ocrx_word' id='word_1_327' title='bbox 1353 3054 1457 3108; x_wconf 89' lang='lat' dir='ltr'><strong>deo</strong></span> <span class='ocrx_word' id='word_1_328' title='bbox 1488 3061 1874 3107; x_wconf 90' lang='lat' dir='ltr'><strong>constructum</strong></span> <span class='ocrx_word' id='word_1_329' title='bbox 1892 3058 2015 3107; x_wconf 83' lang='lat' dir='ltr'><strong>erat</strong></span> 
     </span>
    </p>
   </div>
   <div class='ocr_carea' id='block_1_49' title="bbox 427 3141 2079 3241">
    <p class='ocr_par' dir='ltr' id='par_1_49' title="bbox 427 3141 2079 3241">
     <span class='ocr_line' id='line_1_49' title="bbox 427 3141 2079 3241; baseline -0.005 -38"><span class='ocrx_word' id='word_1_330' title='bbox 427 3146 697 3217; x_wconf 88' lang='lat' dir='ltr'><strong>templum</strong></span> <span class='ocrx_word' id='word_1_331' title='bbox 725 3154 783 3201; x_wconf 91' lang='lat' dir='ltr'><strong>et</strong></span> <span class='ocrx_word' id='word_1_332' title='bbox 814 3160 931 3208; x_wconf 88' lang='lat' dir='ltr'><strong>ara,</strong></span> <span class='ocrx_word' id='word_1_333' title='bbox 995 3144 1160 3213; x_wconf 92' lang='lat' dir='ltr'><strong>eique</strong></span> <span class='ocrx_word' id='word_1_334' title='bbox 1191 3143 1529 3214; x_wconf 83' lang='lat' dir='ltr'><strong>suppeditati</strong></span> <span class='ocrx_word' id='word_1_335' title='bbox 1582 3144 1804 3199; x_wconf 80' lang='lat' dir='ltr'><strong>fuerant</strong></span> <span class='ocrx_word' id='word_1_336' title='bbox 1866 3141 2004 3212; x_wconf 78' lang='lat' dir='ltr'><strong>largi</strong></span> <span class='ocrx_word' id='word_1_337' title='bbox 2035 3179 2079 3241; x_wconf 65' lang='grc' dir='ltr'>Ο</span> 
     </span>
    </p>
   </div>
   <div class='ocr_carea' id='block_1_50' title="bbox 423 3236 2011 3310">
    <p class='ocr_par' dir='ltr' id='par_1_50' title="bbox 423 3236 2011 3310">
     <span class='ocr_line' id='line_1_50' title="bbox 423 3236 2011 3310; baseline -0.004 -15"><span class='ocrx_word' id='word_1_338' title='bbox 423 3247 716 3310; x_wconf 90' lang='lat' dir='ltr'><strong>sumptus:</strong></span> <span class='ocrx_word' id='word_1_339' title='bbox 751 3245 808 3292; x_wconf 89' lang='lat' dir='ltr'><strong>et</strong></span> <span class='ocrx_word' id='word_1_340' title='bbox 831 3239 978 3292; x_wconf 89' lang='lat' dir='ltr'><strong>circa</strong></span> <span class='ocrx_word' id='word_1_341' title='bbox 1008 3237 1164 3291; x_wconf 92' lang='lat' dir='ltr'><strong>illum</strong></span> <span class='ocrx_word' id='word_1_342' title='bbox 1200 3246 1323 3291; x_wconf 87' lang='lat' dir='ltr'><strong>erat</strong></span> <span class='ocrx_word' id='word_1_343' title='bbox 1351 3236 1616 3307; x_wconf 81' lang='lat' dir='ltr'><strong>frequens</strong></span> <span class='ocrx_word' id='word_1_344' title='bbox 1646 3237 1808 3291; x_wconf 88' lang='lat' dir='ltr'><strong>turba</strong></span> <span class='ocrx_word' id='word_1_345' title='bbox 1834 3251 2011 3291; x_wconf 86' lang='lat' dir='ltr'><strong>sacer-</strong></span> 
     </span>
    </p>
   </div>
   <div class='ocr_carea' id='block_1_51' title="bbox 422 3330 2010 3400">
    <p class='ocr_par' dir='ltr' id='par_1_51' title="bbox 422 3330 2010 3400">
     <span class='ocr_line' id='line_1_51' title="bbox 422 3330 2010 3400; baseline -0.003 -14"><span class='ocrx_word' id='word_1_346' title='bbox 422 3333 635 3387; x_wconf 88' lang='lat' dir='ltr'><strong>dotum.</strong></span> <span class='ocrx_word' id='word_1_347' title='bbox 671 3330 937 3400; x_wconf 82' lang='lat' dir='ltr'><strong>Sumptus</strong></span> <span class='ocrx_word' id='word_1_348' title='bbox 968 3344 1102 3385; x_wconf 89' lang='lat' dir='ltr'><strong>vero</strong></span> <span class='ocrx_word' id='word_1_349' title='bbox 1131 3330 1316 3400; x_wconf 81' lang='lat' dir='ltr'><strong>specie</strong></span> <span class='ocrx_word' id='word_1_350' title='bbox 1367 3330 1589 3400; x_wconf 88' lang='lat' dir='ltr'><strong>quidem</strong></span> <span class='ocrx_word' id='word_1_351' title='bbox 1636 3345 1701 3385; x_wconf 88' lang='lat' dir='ltr'><strong>ac</strong></span> <span class='ocrx_word' id='word_1_352' title='bbox 1742 3336 2010 3400; x_wconf 83' lang='lat' dir='ltr'><strong>praetextu</strong></span> 
     </span>
    </p>
   </div>
   <div class='ocr_carea' id='block_1_52' title="bbox 421 3421 2012 3496">
    <p class='ocr_par' dir='ltr' id='par_1_52' title="bbox 421 3421 2012 3496">
     <span class='ocr_line' id='line_1_52' title="bbox 421 3421 2012 3496; baseline -0.005 -14"><span class='ocrx_word' id='word_1_353' title='bbox 421 3424 924 3496; x_wconf 84' lang='lat' dir='ltr'><strong>suppeditabantur</strong></span> <span class='ocrx_word' id='word_1_354' title='bbox 976 3421 1164 3476; x_wconf 89' lang='lat' dir='ltr'><strong>idolo:</strong></span> <span class='ocrx_word' id='word_1_355' title='bbox 1197 3437 1392 3477; x_wconf 86' lang='lat' dir='ltr'><strong>revera</strong></span> <span class='ocrx_word' id='word_1_356' title='bbox 1445 3431 1631 3476; x_wconf 91' lang='lat' dir='ltr'><strong>autem</strong></span> <span class='ocrx_word' id='word_1_357' title='bbox 1666 3422 1735 3476; x_wconf 92' lang='lat' dir='ltr'><strong>ab</strong></span> <span class='ocrx_word' id='word_1_358' title='bbox 1778 3422 1899 3492; x_wconf 86' lang='lat' dir='ltr'><strong>ejus</strong></span> <span class='ocrx_word' id='word_1_359' title='bbox 1923 3435 2012 3475; x_wconf 89' lang='lat' dir='ltr'><strong>sa-</strong></span> 
     </span>
    </p>
   </div>
   <div class='ocr_carea' id='block_1_53' title="bbox 425 3511 2013 3583">
    <p class='ocr_par' dir='ltr' id='par_1_53' title="bbox 425 3511 2013 3583">
     <span class='ocr_line' id='line_1_53' title="bbox 425 3511 2013 3583; baseline -0.004 -10"><span class='ocrx_word' id='word_1_360' title='bbox 425 3516 746 3573; x_wconf 81' lang='lat' dir='ltr'><strong>cerdmibus</strong></span> <span class='ocrx_word' id='word_1_361' title='bbox 771 3513 1006 3568; x_wconf 90' lang='lat' dir='ltr'><strong>latenter</strong></span> <span class='ocrx_word' id='word_1_362' title='bbox 1030 3514 1526 3569; x_wconf 86' lang='lat' dir='ltr'><strong>consumebantur.</strong></span> <span class='ocrx_word' id='word_1_363' title='bbox 1559 3512 1617 3567; x_wconf 67' lang='grc' dir='ltr'><strong>ιιι</strong></span> <span class='ocrx_word' id='word_1_364' title='bbox 1651 3511 1767 3582; x_wconf 90' lang='lat' dir='ltr'><strong>ipse</strong></span> <span class='ocrx_word' id='word_1_365' title='bbox 1791 3528 2013 3583; x_wconf 88' lang='lat' dir='ltr'><strong>quoque</strong></span> 
     </span>
    </p>
   </div>
   <div class='ocr_carea' id='block_1_54' title="bbox 424 3603 2007 3675">
    <p class='ocr_par' dir='ltr' id='par_1_54' title="bbox 424 3603 2007 3675">
     <span class='ocr_line' id='line_1_54' title="bbox 424 3603 2007 3675; baseline -0.006 -12"><span class='ocrx_word' id='word_1_366' title='bbox 424 3624 521 3664; x_wconf 79' lang='lat' dir='ltr'><strong>rex</strong></span> <span class='ocrx_word' id='word_1_367' title='bbox 552 3605 791 3662; x_wconf 64' lang='lat' dir='ltr'><strong>colebat.</strong></span> <span class='ocrx_word' id='word_1_368' title='bbox 837 3604 888 3659; x_wconf 88' lang='lat' dir='ltr'><strong>ls</strong></span> <span class='ocrx_word' id='word_1_369' title='bbox 922 3612 1042 3660; x_wconf 86' lang='lat' dir='ltr'><strong>erat</strong></span> <span class='ocrx_word' id='word_1_370' title='bbox 1072 3603 1271 3675; x_wconf 85' lang='lat' dir='ltr'><strong>Cyrus,</strong></span> <span class='ocrx_word' id='word_1_371' title='bbox 1315 3603 1408 3673; x_wconf 91' lang='lat' dir='ltr'><strong>qui</strong></span> <span class='ocrx_word' id='word_1_372' title='bbox 1448 3603 1610 3656; x_wconf 90' lang='lat' dir='ltr'><strong>Dario</strong></span> <span class='ocrx_word' id='word_1_373' title='bbox 1643 3610 2007 3657; x_wconf 89' lang='lat' dir='ltr'><strong>successerat.</strong></span> 
     </span>
    </p>
   </div>
   <div class='ocr_carea' id='block_1_55' title="bbox 423 3695 2011 3767">
    <p class='ocr_par' dir='ltr' id='par_1_55' title="bbox 423 3695 2011 3767">
     <span class='ocr_line' id='line_1_55' title="bbox 423 3695 2011 3767; baseline -0.005 -12"><span class='ocrx_word' id='word_1_374' title='bbox 423 3701 529 3767; x_wconf 88' lang='lat' dir='ltr'><strong>Qui</strong></span> <span class='ocrx_word' id='word_1_375' title='bbox 588 3699 778 3761; x_wconf 85' lang='lat' dir='ltr'><strong>etiam,</strong></span> <span class='ocrx_word' id='word_1_376' title='bbox 808 3695 1072 3751; x_wconf 89' lang='lat' dir='ltr'><strong>similiter</strong></span> <span class='ocrx_word' id='word_1_377' title='bbox 1109 3703 1277 3764; x_wconf 82' lang='lat' dir='ltr'><strong>atque</strong></span> <span class='ocrx_word' id='word_1_378' title='bbox 1323 3695 1542 3760; x_wconf 88' lang='lat' dir='ltr'><strong>Darius,</strong></span> <span class='ocrx_word' id='word_1_379' title='bbox 1574 3695 1844 3749; x_wconf 89' lang='lat' dir='ltr'><strong>honorem</strong></span> <span class='ocrx_word' id='word_1_380' title='bbox 1874 3709 2011 3749; x_wconf 90' lang='lat' dir='ltr'><strong>con-</strong></span> 
     </span>
    </p>
   </div>
   <div class='ocr_carea' id='block_1_56' title="bbox 425 3786 2014 3854">
    <p class='ocr_par' dir='ltr' id='par_1_56' title="bbox 425 3786 2014 3854">
     <span class='ocr_line' id='line_1_56' title="bbox 425 3786 2014 3854; baseline -0.004 -7"><span class='ocrx_word' id='word_1_381' title='bbox 425 3807 653 3848; x_wconf 87' lang='lat' dir='ltr'><strong>servans</strong></span> <span class='ocrx_word' id='word_1_382' title='bbox 682 3790 735 3844; x_wconf 89' lang='lat' dir='ltr'><strong>in</strong></span> <span class='ocrx_word' id='word_1_383' title='bbox 768 3788 1073 3854; x_wconf 86' lang='lat' dir='ltr'><strong>Danielem,</strong></span> <span class='ocrx_word' id='word_1_384' title='bbox 1101 3801 1228 3841; x_wconf 86' lang='lat' dir='ltr'><strong>eum</strong></span> <span class='ocrx_word' id='word_1_385' title='bbox 1283 3786 1523 3842; x_wconf 87' lang='lat' dir='ltr'><strong>habebat</strong></span> <span class='ocrx_word' id='word_1_386' title='bbox 1552 3787 1931 3842; x_wconf 86' lang='lat' dir='ltr'><strong>convictorem</strong></span> <span class='ocrx_word' id='word_1_387' title='bbox 1957 3794 2014 3840; x_wconf 90' lang='lat' dir='ltr'><strong>et</strong></span> 
     </span>
    </p>
   </div>
   <div class='ocr_carea' id='block_1_57' title="bbox 422 3877 2015 3956">
    <p class='ocr_par' dir='ltr' id='par_1_57' title="bbox 422 3877 2015 3956">
     <span class='ocr_line' id='line_1_57' title="bbox 422 3877 2015 3956; baseline -0.004 -18"><span class='ocrx_word' id='word_1_388' title='bbox 422 3883 881 3956; x_wconf 69' lang='lat' dir='ltr'><strong>gloriosissimum</strong></span> <span class='ocrx_word' id='word_1_389' title='bbox 926 3880 1175 3935; x_wconf 89' lang='lat' dir='ltr'><strong>omnium</strong></span> <span class='ocrx_word' id='word_1_390' title='bbox 1228 3893 1454 3931; x_wconf 89' lang='lat' dir='ltr'><strong>suorum</strong></span> <span class='ocrx_word' id='word_1_391' title='bbox 1495 3878 1820 3932; x_wconf 88' lang='lat' dir='ltr'><strong>amicorum.</strong></span> <span class='ocrx_word' id='word_1_392' title='bbox 1876 3877 2015 3932; x_wconf 81' lang='lat' dir='ltr'><strong>Hinc</strong></span> 
     </span>
    </p>
   </div>
   <div class='ocr_carea' id='block_1_58' title="bbox 421 3970 2014 4035">
    <p class='ocr_par' dir='ltr' id='par_1_58' title="bbox 421 3970 2014 4035">
     <span class='ocr_line' id='line_1_58' title="bbox 421 3970 2014 4035; baseline -0.004 -5"><span class='ocrx_word' id='word_1_393' title='bbox 421 3977 587 4032; x_wconf 79' lang='lat' dir='ltr'><strong>etiam</strong></span> <span class='ocrx_word' id='word_1_394' title='bbox 616 3975 821 4029; x_wconf 84' lang='lat' dir='ltr'><strong>factum</strong></span> <span class='ocrx_word' id='word_1_395' title='bbox 853 3981 955 4035; x_wconf 90' lang='lat' dir='ltr'><strong>est,</strong></span> <span class='ocrx_word' id='word_1_396' title='bbox 984 3981 1046 4025; x_wconf 92' lang='lat' dir='ltr'><strong>ut</strong></span> <span class='ocrx_word' id='word_1_397' title='bbox 1067 3972 1118 4025; x_wconf 91' lang='lat' dir='ltr'><strong>ei</strong></span> <span class='ocrx_word' id='word_1_398' title='bbox 1144 3970 1403 4025; x_wconf 76' lang='lat' dir='ltr'><strong>suaderet</strong></span> <span class='ocrx_word' id='word_1_399' title='bbox 1436 3980 1496 4024; x_wconf 91' lang='lat' dir='ltr'><strong>ut</strong></span> <span class='ocrx_word' id='word_1_400' title='bbox 1532 3970 1625 4024; x_wconf 89' lang='lat' dir='ltr'><strong>Bel</strong></span> <span class='ocrx_word' id='word_1_401' title='bbox 1654 3971 1866 4026; x_wconf 86' lang='lat' dir='ltr'><strong>coleret</strong></span> <span class='ocrx_word' id='word_1_402' title='bbox 1893 3978 2014 4025; x_wconf 85' lang='lat' dir='ltr'><strong>tan-</strong></span> 
     </span>
    </p>
   </div>
   <div class='ocr_carea' id='block_1_59' title="bbox 424 4064 2015 4143">
    <p class='ocr_par' dir='ltr' id='par_1_59' title="bbox 424 4064 2015 4143">
     <span class='ocr_line' id='line_1_59' title="bbox 424 4064 2015 4143; baseline -0.003 -19"><span class='ocrx_word' id='word_1_403' title='bbox 424 4087 588 4143; x_wconf 88' lang='lat' dir='ltr'><strong>quam</strong></span> <span class='ocrx_word' id='word_1_404' title='bbox 629 4070 790 4123; x_wconf 90' lang='lat' dir='ltr'><strong>deum</strong></span> <span class='ocrx_word' id='word_1_405' title='bbox 815 4068 1114 4121; x_wconf 80' lang='lat' dir='ltr'><strong>viventem.</strong></span> <span class='ocrx_word' id='word_1_406' title='bbox 1142 4067 1225 4117; x_wconf 80' lang='lat' dir='ltr'><strong>An</strong></span> <span class='ocrx_word' id='word_1_407' title='bbox 1252 4080 1364 4118; x_wconf 89' lang='lat' dir='ltr'><strong>non</strong></span> <span class='ocrx_word' id='word_1_408' title='bbox 1394 4064 1573 4129; x_wconf 88' lang='lat' dir='ltr'><strong>vides,</strong></span> <span class='ocrx_word' id='word_1_409' title='bbox 1627 4066 1832 4136; x_wconf 88' lang='lat' dir='ltr'><strong>inquit,</strong></span> <span class='ocrx_word' id='word_1_410' title='bbox 1865 4065 2015 4136; x_wconf 89' lang='lat' dir='ltr'><strong>quod</strong></span> 
     </span>
    </p>
   </div>
   <div class='ocr_carea' id='block_1_60' title="bbox 424 4156 2013 4228">
    <p class='ocr_par' dir='ltr' id='par_1_60' title="bbox 424 4156 2013 4228">
     <span class='ocr_line' id='line_1_60' title="bbox 424 4156 2013 4228; baseline -0.002 -11"><span class='ocrx_word' id='word_1_411' title='bbox 424 4161 620 4217; x_wconf 83' lang='lat' dir='ltr'><strong>similae</strong></span> <span class='ocrx_word' id='word_1_412' title='bbox 657 4158 883 4228; x_wconf 89' lang='lat' dir='ltr'><strong>quidem</strong></span> <span class='ocrx_word' id='word_1_413' title='bbox 935 4156 1169 4211; x_wconf 79' lang='lat' dir='ltr'><strong>Artabas</strong></span> <span class='ocrx_word' id='word_1_414' title='bbox 1217 4156 1513 4213; x_wconf 88' lang='lat' dir='ltr'><strong>duodecim</strong></span> <span class='ocrx_word' id='word_1_415' title='bbox 1553 4158 1827 4227; x_wconf 87' lang='lat' dir='ltr'><strong>quotidie,</strong></span> <span class='ocrx_word' id='word_1_416' title='bbox 1878 4173 2013 4214; x_wconf 87' lang='lat' dir='ltr'><strong>oves</strong></span> 
     </span>
    </p>
   </div>
   <div class='ocr_carea' id='block_1_61' title="bbox 423 4248 2016 4320">
    <p class='ocr_par' dir='ltr' id='par_1_61' title="bbox 423 4248 2016 4320">
     <span class='ocr_line' id='line_1_61' title="bbox 423 4248 2016 4320; baseline -0.003 -11"><span class='ocrx_word' id='word_1_417' title='bbox 423 4263 609 4309; x_wconf 86' lang='lat' dir='ltr'><strong>autem</strong></span> <span class='ocrx_word' id='word_1_418' title='bbox 643 4266 754 4305; x_wconf 89' lang='lat' dir='ltr'><strong>non</strong></span> <span class='ocrx_word' id='word_1_419' title='bbox 789 4248 1085 4320; x_wconf 87' lang='lat' dir='ltr'><strong>pauciores</strong></span> <span class='ocrx_word' id='word_1_420' title='bbox 1113 4264 1279 4318; x_wconf 70' lang='lat' dir='ltr'><strong>qunam</strong></span> <span class='ocrx_word' id='word_1_421' title='bbox 1307 4249 1674 4319; x_wconf 80' lang='lat' dir='ltr'><strong>quadraginta</strong></span> <span class='ocrx_word' id='word_1_422' title='bbox 1714 4250 2016 4306; x_wconf 88' lang='lat' dir='ltr'><strong>comedat?</strong></span> 
     </span>
    </p>
   </div>
   <div class='ocr_carea' id='block_1_62' title="bbox 426 4339 2009 4400">
    <p class='ocr_par' dir='ltr' id='par_1_62' title="bbox 426 4339 2009 4400">
     <span class='ocr_line' id='line_1_62' title="bbox 426 4339 2009 4400; baseline -0.001 0"><span class='ocrx_word' id='word_1_423' title='bbox 426 4347 540 4400; x_wconf 82' lang='lat' dir='ltr'><strong>vini</strong></span> <span class='ocrx_word' id='word_1_424' title='bbox 569 4358 703 4399; x_wconf 89' lang='lat' dir='ltr'><strong>vero</strong></span> <span class='ocrx_word' id='word_1_425' title='bbox 736 4358 833 4397; x_wconf 76' lang='lat' dir='ltr'><strong>sex</strong></span> <span class='ocrx_word' id='word_1_426' title='bbox 859 4349 1001 4395; x_wconf 89' lang='lat' dir='ltr'><strong>totas</strong></span> <span class='ocrx_word' id='word_1_427' title='bbox 1030 4339 1220 4396; x_wconf 87' lang='lat' dir='ltr'><strong>ebibat</strong></span> <span class='ocrx_word' id='word_1_428' title='bbox 1251 4343 1552 4397; x_wconf 87' lang='lat' dir='ltr'><strong>metretas?</strong></span> <span class='ocrx_word' id='word_1_429' title='bbox 1585 4344 1679 4398; x_wconf 90' lang='lat' dir='ltr'><strong>Est</strong></span> <span class='ocrx_word' id='word_1_430' title='bbox 1712 4344 1818 4399; x_wconf 90' lang='lat' dir='ltr'><strong>hoc</strong></span> <span class='ocrx_word' id='word_1_431' title='bbox 1846 4360 2009 4399; x_wconf 89' lang='lat' dir='ltr'><strong>error</strong></span> 
     </span>
    </p>
   </div>
   <div class='ocr_carea' id='block_1_63' title="bbox 426 4431 2010 4506">
    <p class='ocr_par' dir='ltr' id='par_1_63' title="bbox 426 4431 2010 4506">
     <span class='ocr_line' id='line_1_63' title="bbox 426 4431 2010 4506; baseline -0.001 -15"><span class='ocrx_word' id='word_1_432' title='bbox 426 4434 752 4491; x_wconf 83' lang='lat' dir='ltr'><strong>manifestus</strong></span> <span class='ocrx_word' id='word_1_433' title='bbox 784 4442 842 4487; x_wconf 92' lang='lat' dir='ltr'><strong>et</strong></span> <span class='ocrx_word' id='word_1_434' title='bbox 889 4445 1079 4503; x_wconf 81' lang='lat' dir='ltr'><strong>aperte</strong></span> <span class='ocrx_word' id='word_1_435' title='bbox 1131 4431 1405 4503; x_wconf 85' lang='lat' dir='ltr'><strong>deceptio,</strong></span> <span class='ocrx_word' id='word_1_436' title='bbox 1444 4433 1520 4487; x_wconf 90' lang='lat' dir='ltr'><strong>ait</strong></span> <span class='ocrx_word' id='word_1_437' title='bbox 1575 4434 1673 4489; x_wconf 90' lang='lat' dir='ltr'><strong>Dei</strong></span> <span class='ocrx_word' id='word_1_438' title='bbox 1716 4437 2010 4506; x_wconf 86' lang='lat' dir='ltr'><strong>propheta.</strong></span> 
     </span>
    </p>
   </div>
   <div class='ocr_carea' id='block_1_64' title="bbox 2117 1947 3720 2019">
    <p class='ocr_par' dir='ltr' id='par_1_64' title="bbox 2117 1947 3720 2019">
     <span class='ocr_line' id='line_1_64' title="bbox 2117 1947 3720 2019; baseline 0.001 -18"><span class='ocrx_word' id='word_1_439' title='bbox 2117 1951 2304 2019; x_wconf 83' lang='grc' dir='ltr'>μάτως</span> <span class='ocrx_word' id='word_1_440' title='bbox 2351 1948 2570 2002; x_wconf 76' lang='grc' dir='ltr'>ἅπαντα</span> <span class='ocrx_word' id='word_1_441' title='bbox 2609 1947 2880 2018; x_wconf 77' lang='grc' dir='ltr'>φέρεσθαι</span> <span class='ocrx_word' id='word_1_442' title='bbox 2921 1947 3166 2016; x_wconf 82' lang='grc' dir='ltr'>λέγουσι,</span> <span class='ocrx_word' id='word_1_443' title='bbox 3199 1948 3385 2013; x_wconf 85' lang='grc' dir='ltr'>κακῶς</span> <span class='ocrx_word' id='word_1_444' title='bbox 3412 1947 3557 2002; x_wconf 79' lang='grc' dir='ltr'>οὕτω</span> <span class='ocrx_word' id='word_1_445' title='bbox 3609 1950 3720 2003; x_wconf 72' lang='grc' dir='ltr'>καὶ</span> 
     </span>
    </p>
   </div>
   <div class='ocr_carea' id='block_1_65' title="bbox 2115 2038 3721 2111">
    <p class='ocr_par' dir='ltr' id='par_1_65' title="bbox 2115 2038 3721 2111">
     <span class='ocr_line' id='line_1_65' title="bbox 2115 2038 3721 2111; baseline 0.001 -20"><span class='ocrx_word' id='word_1_446' title='bbox 2115 2038 2441 2110; x_wconf 74' lang='grc' dir='ltr'>φρονοῦντες</span> <span class='ocrx_word' id='word_1_447' title='bbox 2487 2038 2582 2094; x_wconf 77' lang='grc' dir='ltr'>καὶ</span> <span class='ocrx_word' id='word_1_448' title='bbox 2614 2039 2865 2108; x_wconf 81' lang='grc' dir='ltr'>λέγοντες</span> <span class='ocrx_word' id='word_1_449' title='bbox 2904 2041 2955 2092; x_wconf 77' lang='lat' dir='ltr'><strong>oi</strong></span> <span class='ocrx_word' id='word_1_450' title='bbox 3001 2039 3296 2111; x_wconf 78' lang='grc' dir='ltr'>προφανῶς</span> <span class='ocrx_word' id='word_1_451' title='bbox 3342 2040 3563 2107; x_wconf 73' lang='grc' dir='ltr'>ἀνόητοι</span> <span class='ocrx_word' id='word_1_452' title='bbox 3610 2041 3721 2095; x_wconf 76' lang='grc' dir='ltr'>καὶ</span> 
     </span>
    </p>
   </div>
   <div class='ocr_carea' id='block_1_66' title="bbox 2111 2132 3721 2203">
    <p class='ocr_par' dir='ltr' id='par_1_66' title="bbox 2111 2132 3721 2203">
     <span class='ocr_line' id='line_1_66' title="bbox 2111 2132 3721 2203; baseline 0.001 -18"><span class='ocrx_word' id='word_1_453' title='bbox 2111 2133 2215 2186; x_wconf 87' lang='grc' dir='ltr'><strong>ούκ</strong></span> <span class='ocrx_word' id='word_1_454' title='bbox 2265 2134 2493 2197; x_wconf 80' lang='grc' dir='ltr'>εἰδότες,</span> <span class='ocrx_word' id='word_1_455' title='bbox 2542 2134 2619 2197; x_wconf 87' lang='grc' dir='ltr'>ὡς</span> <span class='ocrx_word' id='word_1_456' title='bbox 2675 2133 2797 2187; x_wconf 81' lang='grc' dir='ltr'>οὐδὲ</span> <span class='ocrx_word' id='word_1_457' title='bbox 2856 2132 2989 2198; x_wconf 89' lang='grc' dir='ltr'>ναῦς</span> <span class='ocrx_word' id='word_1_458' title='bbox 3050 2133 3109 2186; x_wconf 84' lang='grc' dir='ltr'>ὲν</span> <span class='ocrx_word' id='word_1_459' title='bbox 3163 2132 3345 2202; x_wconf 81' lang='grc' dir='ltr'>λιμένι</span> <span class='ocrx_word' id='word_1_460' title='bbox 3407 2133 3721 2203; x_wconf 82' lang='grc' dir='ltr'>διασωθείη</span> 
     </span>
    </p>
   </div>
   <div class='ocr_carea' id='block_1_67' title="bbox 2112 2223 3722 2296">
    <p class='ocr_par' dir='ltr' id='par_1_67' title="bbox 2112 2223 3722 2296">
     <span class='ocr_line' id='line_1_67' title="bbox 2112 2223 3722 2296; baseline 0.001 -19"><span class='ocrx_word' id='word_1_461' title='bbox 2112 2223 2452 2295; x_wconf 81' lang='grc' dir='ltr'>κυϐερνήτου</span> <span class='ocrx_word' id='word_1_462' title='bbox 2491 2225 2586 2278; x_wconf 77' lang='grc' dir='ltr'>καὶ</span> <span class='ocrx_word' id='word_1_463' title='bbox 2611 2225 2828 2280; x_wconf 85' lang='grc' dir='ltr'>ναυτῶν</span> <span class='ocrx_word' id='word_1_464' title='bbox 2858 2224 3089 2294; x_wconf 78' lang='grc' dir='ltr'>ἔρημος.</span> <span class='ocrx_word' id='word_1_465' title='bbox 3138 2223 3303 2278; x_wconf 75' lang='grc' dir='ltr'>Ἀλλὰ</span> <span class='ocrx_word' id='word_1_466' title='bbox 3327 2224 3410 2288; x_wconf 87' lang='grc' dir='ltr'><strong>τίς</strong></span> <span class='ocrx_word' id='word_1_467' title='bbox 3442 2225 3509 2279; x_wconf 85' lang='grc' dir='ltr'>ἂν</span> <span class='ocrx_word' id='word_1_468' title='bbox 3536 2225 3722 2296; x_wconf 73' lang='grc' dir='ltr'>ῥᾴθυ-</span> 
     </span>
    </p>
   </div>
   <div class='ocr_carea' id='block_1_68' title="bbox 2126 2316 3721 2388">
    <p class='ocr_par' dir='ltr' id='par_1_68' title="bbox 2126 2316 3721 2388">
     <span class='ocr_line' id='line_1_68' title="bbox 2126 2316 3721 2388; baseline 0.001 -18"><span class='ocrx_word' id='word_1_469' title='bbox 2126 2334 2241 2386; x_wconf 88' lang='grc' dir='ltr'><strong>μως</strong></span> <span class='ocrx_word' id='word_1_470' title='bbox 2279 2317 2422 2371; x_wconf 75' lang='grc' dir='ltr'>οὓτω</span> <span class='ocrx_word' id='word_1_471' title='bbox 2461 2317 2592 2387; x_wconf 74' lang='grc' dir='ltr'>περὶ</span> <span class='ocrx_word' id='word_1_472' title='bbox 2626 2317 2697 2371; x_wconf 83' lang='grc' dir='ltr'>τὰ</span> <span class='ocrx_word' id='word_1_473' title='bbox 2748 2317 2890 2371; x_wconf 81' lang='grc' dir='ltr'>καλὰ</span> <span class='ocrx_word' id='word_1_474' title='bbox 2937 2318 3149 2386; x_wconf 76' lang='grc' dir='ltr'>γένοιτο</span> <span class='ocrx_word' id='word_1_475' title='bbox 3189 2316 3221 2388; x_wconf 81' lang='grc' dir='ltr'><strong>ἢ</strong></span> <span class='ocrx_word' id='word_1_476' title='bbox 3259 2317 3367 2371; x_wconf 83' lang='grc' dir='ltr'><strong>τῶν</strong></span> <span class='ocrx_word' id='word_1_477' title='bbox 3412 2318 3721 2387; x_wconf 81' lang='grc' dir='ltr'>ἀκροωμέ-</span> 
     </span>
    </p>
   </div>
   <div class='ocr_carea' id='block_1_69' title="bbox 2112 2408 3722 2481">
    <p class='ocr_par' dir='ltr' id='par_1_69' title="bbox 2112 2408 3722 2481">
     <span class='ocr_line' id='line_1_69' title="bbox 2112 2408 3722 2481; baseline 0.001 -18"><span class='ocrx_word' id='word_1_478' title='bbox 2112 2427 2218 2463; x_wconf 88' lang='grc' dir='ltr'>νων</span> <span class='ocrx_word' id='word_1_479' title='bbox 2261 2410 2537 2481; x_wconf 78' lang='grc' dir='ltr'>ρᾳθυμίαν</span> <span class='ocrx_word' id='word_1_480' title='bbox 2566 2410 2836 2481; x_wconf 83' lang='grc' dir='ltr'>τοσαύτην</span> <span class='ocrx_word' id='word_1_481' title='bbox 2885 2410 2977 2464; x_wconf 73' lang='grc' dir='ltr'>καὶ</span> <span class='ocrx_word' id='word_1_482' title='bbox 3017 2410 3184 2463; x_wconf 83' lang='grc' dir='ltr'>ῦπνον</span> <span class='ocrx_word' id='word_1_483' title='bbox 3219 2408 3604 2479; x_wconf 84' lang='grc' dir='ltr'>κατεγνωκὼς,</span> <span class='ocrx_word' id='word_1_484' title='bbox 3629 2410 3722 2475; x_wconf 81' lang='grc' dir='ltr'><strong>ὡς</strong></span> 
     </span>
    </p>
   </div>
   <div class='ocr_carea' id='block_1_70' title="bbox 2116 2500 3723 2573">
    <p class='ocr_par' dir='ltr' id='par_1_70' title="bbox 2116 2500 3723 2573">
     <span class='ocr_line' id='line_1_70' title="bbox 2116 2500 3723 2573; baseline -0.001 -18"><span class='ocrx_word' id='word_1_485' title='bbox 2116 2502 2192 2573; x_wconf 82' lang='grc' dir='ltr'>μὴ</span> <span class='ocrx_word' id='word_1_486' title='bbox 2224 2506 2318 2555; x_wconf 69' lang='grc' dir='ltr'>καὶ</span> <span class='ocrx_word' id='word_1_487' title='bbox 2345 2501 2453 2554; x_wconf 81' lang='grc' dir='ltr'><strong>τῶν</strong></span> <span class='ocrx_word' id='word_1_488' title='bbox 2483 2502 2661 2557; x_wconf 82' lang='grc' dir='ltr'>ἄλλων</span> <span class='ocrx_word' id='word_1_489' title='bbox 2702 2502 2796 2556; x_wconf 89' lang='grc' dir='ltr'><strong>τοῦ</strong></span> <span class='ocrx_word' id='word_1_490' title='bbox 2834 2500 3156 2571; x_wconf 85' lang='grc' dir='ltr'>θαυμαστοῦ</span> <span class='ocrx_word' id='word_1_491' title='bbox 3189 2502 3380 2555; x_wconf 89' lang='grc' dir='ltr'>τούτου</span> <span class='ocrx_word' id='word_1_492' title='bbox 3424 2505 3723 2572; x_wconf 75' lang='grc' dir='ltr'>προφήτου</span> 
     </span>
    </p>
   </div>
   <div class='ocr_carea' id='block_1_71' title="bbox 2113 2593 3723 2663">
    <p class='ocr_par' dir='ltr' id='par_1_71' title="bbox 2113 2593 3723 2663">
     <span class='ocr_line' id='line_1_71' title="bbox 2113 2593 3723 2663; baseline 0 -17"><span class='ocrx_word' id='word_1_493' title='bbox 2113 2593 2528 2663; x_wconf 78' lang='grc' dir='ltr'>ἐπιμνησθῆναι</span> <span class='ocrx_word' id='word_1_494' title='bbox 2558 2595 2839 2662; x_wconf 78' lang='grc' dir='ltr'>θαυμάσαι</span> <span class='ocrx_word' id='word_1_495' title='bbox 2868 2610 2926 2646; x_wconf 92' lang='grc' dir='ltr'><strong>τε</strong></span> <span class='ocrx_word' id='word_1_496' title='bbox 2958 2593 3161 2647; x_wconf 79' lang='grc' dir='ltr'>ἱκανῶν</span> <span class='ocrx_word' id='word_1_497' title='bbox 3184 2594 3355 2646; x_wconf 78' lang='grc' dir='ltr'>ὄντων</span> <span class='ocrx_word' id='word_1_498' title='bbox 3377 2596 3473 2647; x_wconf 74' lang='grc' dir='ltr'>καὶ</span> <span class='ocrx_word' id='word_1_499' title='bbox 3503 2594 3723 2661; x_wconf 78' lang='grc' dir='ltr'>πολλὴν</span> 
     </span>
    </p>
   </div>
   <div class='ocr_carea' id='block_1_72' title="bbox 2112 2682 3720 2757">
    <p class='ocr_par' dir='ltr' id='par_1_72' title="bbox 2112 2682 3720 2757">
     <span class='ocr_line' id='line_1_72' title="bbox 2112 2682 3720 2757; baseline -0.002 -18"><span class='ocrx_word' id='word_1_500' title='bbox 2112 2685 2382 2757; x_wconf 83' lang='grc' dir='ltr'>ὠφέλειαν</span> <span class='ocrx_word' id='word_1_501' title='bbox 2411 2687 2530 2748; x_wconf 83' lang='grc' dir='ltr'>ταῖς</span> <span class='ocrx_word' id='word_1_502' title='bbox 2557 2685 2667 2738; x_wconf 80' lang='grc' dir='ltr'><strong>τῶν</strong></span> <span class='ocrx_word' id='word_1_503' title='bbox 2706 2684 2997 2756; x_wconf 83' lang='grc' dir='ltr'>ἀκροατῶν</span> <span class='ocrx_word' id='word_1_504' title='bbox 3030 2684 3231 2755; x_wconf 77' lang='grc' dir='ltr'>ψυχαῖς</span> <span class='ocrx_word' id='word_1_505' title='bbox 3253 2682 3513 2755; x_wconf 79' lang='grc' dir='ltr'>ἐμϐαλεῖν</span> <span class='ocrx_word' id='word_1_506' title='bbox 3542 2682 3720 2737; x_wconf 82' lang='grc' dir='ltr'>δυνα-</span> 
     </span>
    </p>
   </div>
   <div class='ocr_carea' id='block_1_73' title="bbox 2118 2777 2332 2849">
    <p class='ocr_par' dir='ltr' id='par_1_73' title="bbox 2118 2777 2332 2849">
     <span class='ocr_line' id='line_1_73' title="bbox 2118 2777 2332 2849; baseline -0.005 -20"><span class='ocrx_word' id='word_1_507' title='bbox 2118 2777 2298 2849; x_wconf 83' lang='grc' dir='ltr'>μένων</span> <span class='ocrx_word' id='word_1_508' title='bbox 2318 2792 2332 2841; x_wconf 90' lang='grc'><strong>;</strong></span> 
     </span>
    </p>
   </div>
   <div class='ocr_carea' id='block_1_74' title="bbox 2186 2864 3724 2938">
    <p class='ocr_par' dir='ltr' id='par_1_74' title="bbox 2186 2864 3724 2938">
     <span class='ocr_line' id='line_1_74' title="bbox 2186 2864 3724 2938; baseline -0.001 -16"><span class='ocrx_word' id='word_1_509' title='bbox 2186 2868 2315 2922; x_wconf 86' lang='grc' dir='ltr'><strong>ΚΒ’.</strong></span> <span class='ocrx_word' id='word_1_510' title='bbox 2342 2864 2453 2920; x_wconf 83' lang='grc' dir='ltr'>Ἦν</span> <span class='ocrx_word' id='word_1_511' title='bbox 2488 2867 2597 2938; x_wconf 79' lang='grc' dir='ltr'><strong>γὰρ</strong></span> <span class='ocrx_word' id='word_1_512' title='bbox 2625 2869 2745 2922; x_wconf 86' lang='grc' dir='ltr'>τότε</span> <span class='ocrx_word' id='word_1_513' title='bbox 2774 2868 2888 2932; x_wconf 86' lang='grc' dir='ltr'>τοῖς</span> <span class='ocrx_word' id='word_1_514' title='bbox 2911 2866 3279 2930; x_wconf 82' lang='grc' dir='ltr'>Βαϐυλωνίοις</span> <span class='ocrx_word' id='word_1_515' title='bbox 3318 2867 3462 2922; x_wconf 82' lang='grc' dir='ltr'>πάνυ</span> <span class='ocrx_word' id='word_1_516' title='bbox 3496 2866 3724 2938; x_wconf 84' lang='grc' dir='ltr'>σφόδρα.</span> 
     </span>
    </p>
   </div>
   <div class='ocr_carea' id='block_1_75' title="bbox 2113 2950 3722 3030">
    <p class='ocr_par' dir='ltr' id='par_1_75' title="bbox 2113 2950 3722 3030">
     <span class='ocr_line' id='line_1_75' title="bbox 2113 2950 3722 3030; baseline 0.001 -18"><span class='ocrx_word' id='word_1_517' title='bbox 2113 2960 2430 3029; x_wconf 82' lang='grc' dir='ltr'>τιμώμενον</span> <span class='ocrx_word' id='word_1_518' title='bbox 2463 2957 2712 3012; x_wconf 80' lang='grc' dir='ltr'>εἴδωλον·</span> <span class='ocrx_word' id='word_1_519' title='bbox 2740 2958 2918 3029; x_wconf 72' lang='grc' dir='ltr'>ὄνομα</span> <span class='ocrx_word' id='word_1_520' title='bbox 2975 2958 3153 3029; x_wconf 85' lang='grc' dir='ltr'>τούτῳ</span> <span class='ocrx_word' id='word_1_521' title='bbox 3206 2958 3336 3030; x_wconf 82' lang='grc' dir='ltr'>Βὴλ,</span> <span class='ocrx_word' id='word_1_522' title='bbox 3385 2950 3429 3027; x_wconf 80' lang='grc' dir='ltr'>ᾧ</span> <span class='ocrx_word' id='word_1_523' title='bbox 3483 2959 3578 3013; x_wconf 78' lang='grc' dir='ltr'>καὶ</span> <span class='ocrx_word' id='word_1_524' title='bbox 3615 2953 3722 3014; x_wconf 71' lang='grc' dir='ltr'><strong>οἷα</strong></span> 
     </span>
    </p>
   </div>
   <div class='ocr_carea' id='block_1_76' title="bbox 2116 3049 3724 3122">
    <p class='ocr_par' dir='ltr' id='par_1_76' title="bbox 2116 3049 3724 3122">
     <span class='ocr_line' id='line_1_76' title="bbox 2116 3049 3724 3122; baseline -0.002 -17"><span class='ocrx_word' id='word_1_525' title='bbox 2116 3049 2224 3122; x_wconf 86' lang='grc' dir='ltr'>θεῷ</span> <span class='ocrx_word' id='word_1_526' title='bbox 2272 3051 2400 3115; x_wconf 83' lang='grc' dir='ltr'>ναὸς</span> <span class='ocrx_word' id='word_1_527' title='bbox 2447 3050 2855 3104; x_wconf 83' lang='grc' dir='ltr'>κατεσκεύαστο</span> <span class='ocrx_word' id='word_1_528' title='bbox 2889 3051 2986 3105; x_wconf 73' lang='grc' dir='ltr'>καὶ</span> <span class='ocrx_word' id='word_1_529' title='bbox 3030 3050 3214 3122; x_wconf 75' lang='grc' dir='ltr'>βωμὸς</span> <span class='ocrx_word' id='word_1_530' title='bbox 3247 3049 3483 3105; x_wconf 80' lang='grc' dir='ltr'>δαπάναι</span> <span class='ocrx_word' id='word_1_531' title='bbox 3524 3067 3582 3104; x_wconf 82' lang='grc' dir='ltr'><strong>τε</strong></span> <span class='ocrx_word' id='word_1_532' title='bbox 3614 3068 3724 3103; x_wconf 83' lang='grc' dir='ltr'>κε-</span> 
     </span>
    </p>
   </div>
   <div class='ocr_carea' id='block_1_77' title="bbox 2119 3139 3721 3215">
    <p class='ocr_par' dir='ltr' id='par_1_77' title="bbox 2119 3139 3721 3215">
     <span class='ocr_line' id='line_1_77' title="bbox 2119 3139 3721 3215; baseline 0.002 -22"><span class='ocrx_word' id='word_1_533' title='bbox 2119 3142 2432 3213; x_wconf 82' lang='grc' dir='ltr'>χορήγηντο</span> <span class='ocrx_word' id='word_1_534' title='bbox 2477 3139 2719 3212; x_wconf 64' lang='grc' dir='ltr'>δαψιλεῖς</span> <span class='ocrx_word' id='word_1_535' title='bbox 2745 3156 2761 3171; x_wconf 83' lang='lat'><strong><em>°</em></strong></span> <span class='ocrx_word' id='word_1_536' title='bbox 2823 3143 2918 3196; x_wconf 78' lang='grc' dir='ltr'>καὶ</span> <span class='ocrx_word' id='word_1_537' title='bbox 2967 3140 3121 3213; x_wconf 69' lang='grc' dir='ltr'>ὔχλος</span> <span class='ocrx_word' id='word_1_538' title='bbox 3160 3143 3357 3214; x_wconf 54' lang='grc' dir='ltr'>μρέων</span> <span class='ocrx_word' id='word_1_539' title='bbox 3399 3139 3541 3215; x_wconf 79' lang='grc' dir='ltr'>ἦσαν</span> <span class='ocrx_word' id='word_1_540' title='bbox 3571 3144 3721 3212; x_wconf 79' lang='grc' dir='ltr'>περὶ</span> 
     </span>
    </p>
   </div>
   <div class='ocr_carea' id='block_1_78' title="bbox 2116 3234 3723 3307">
    <p class='ocr_par' dir='ltr' id='par_1_78' title="bbox 2116 3234 3723 3307">
     <span class='ocr_line' id='line_1_78' title="bbox 2116 3234 3723 3307; baseline 0 -18"><span class='ocrx_word' id='word_1_541' title='bbox 2116 3234 2329 3289; x_wconf 75' lang='grc' dir='ltr'>ἐκείνου</span> <span class='ocrx_word' id='word_1_542' title='bbox 2362 3236 2556 3304; x_wconf 79' lang='grc' dir='ltr'>συχνός</span> <span class='ocrx_word' id='word_1_543' title='bbox 2584 3250 2598 3265; x_wconf 83' lang='lat'><strong><em>°</em></strong></span> <span class='ocrx_word' id='word_1_544' title='bbox 2629 3234 2684 3288; x_wconf 76' lang='lat' dir='ltr'><strong>al</strong></span> <span class='ocrx_word' id='word_1_545' title='bbox 2716 3234 2956 3290; x_wconf 84' lang='grc' dir='ltr'>δαπάναι</span> <span class='ocrx_word' id='word_1_546' title='bbox 2994 3234 3050 3288; x_wconf 79' lang='grc' dir='ltr'>δὲ</span> <span class='ocrx_word' id='word_1_547' title='bbox 3084 3235 3363 3307; x_wconf 84' lang='grc' dir='ltr'>πρόφασιν</span> <span class='ocrx_word' id='word_1_548' title='bbox 3398 3236 3499 3307; x_wconf 84' lang='grc' dir='ltr'>μὲν</span> <span class='ocrx_word' id='word_1_549' title='bbox 3524 3234 3600 3306; x_wconf 82' lang='grc' dir='ltr'><strong>τῷ</strong></span> <span class='ocrx_word' id='word_1_550' title='bbox 3629 3239 3723 3289; x_wconf 78' lang='grc' dir='ltr'><strong>εἰ-</strong></span> 
     </span>
    </p>
   </div>
   <div class='ocr_carea' id='block_1_79' title="bbox 2115 3324 3721 3400">
    <p class='ocr_par' dir='ltr' id='par_1_79' title="bbox 2115 3324 3721 3400">
     <span class='ocr_line' id='line_1_79' title="bbox 2115 3324 3721 3400; baseline 0.001 -19"><span class='ocrx_word' id='word_1_551' title='bbox 2115 3324 2266 3396; x_wconf 85' lang='grc' dir='ltr'>δώλῳ</span> <span class='ocrx_word' id='word_1_552' title='bbox 2295 3326 2723 3399; x_wconf 84' lang='grc' dir='ltr'>χορηγούμεναι,</span> <span class='ocrx_word' id='word_1_553' title='bbox 2744 3328 2803 3380; x_wconf 83' lang='grc' dir='ltr'>τὸ</span> <span class='ocrx_word' id='word_1_554' title='bbox 2833 3328 2888 3381; x_wconf 78' lang='grc' dir='ltr'>δὲ</span> <span class='ocrx_word' id='word_1_555' title='bbox 2919 3327 3120 3398; x_wconf 72' lang='grc' dir='ltr'>ἀληθὲς</span> <span class='ocrx_word' id='word_1_556' title='bbox 3146 3331 3256 3393; x_wconf 84' lang='grc' dir='ltr'>τοῖς</span> <span class='ocrx_word' id='word_1_557' title='bbox 3283 3327 3517 3400; x_wconf 81' lang='grc' dir='ltr'>ἱερεῦσιν</span> <span class='ocrx_word' id='word_1_558' title='bbox 3538 3328 3721 3384; x_wconf 75' lang='grc' dir='ltr'>αὐτοῦ</span> 
     </span>
    </p>
   </div>
   <div class='ocr_carea' id='block_1_80' title="bbox 2116 3416 3721 3489">
    <p class='ocr_par' dir='ltr' id='par_1_80' title="bbox 2116 3416 3721 3489">
     <span class='ocr_line' id='line_1_80' title="bbox 2116 3416 3721 3489; baseline 0.002 -18"><span class='ocrx_word' id='word_1_559' title='bbox 2116 3419 2258 3472; x_wconf 79' lang='grc' dir='ltr'>κατὰ</span> <span class='ocrx_word' id='word_1_560' title='bbox 2287 3419 2348 3471; x_wconf 69' lang='grc' dir='ltr'><strong>τὸ</strong></span> <span class='ocrx_word' id='word_1_561' title='bbox 2378 3416 2604 3487; x_wconf 67' lang='grc' dir='ltr'>λεληθὸς</span> <span class='ocrx_word' id='word_1_562' title='bbox 2638 3418 3032 3489; x_wconf 82' lang='grc' dir='ltr'>δαπανώμεναι</span> <span class='ocrx_word' id='word_1_563' title='bbox 3064 3435 3078 3451; x_wconf 80' lang='grc'><em>’</em></span> <span class='ocrx_word' id='word_1_564' title='bbox 3120 3419 3281 3473; x_wconf 89' lang='grc' dir='ltr'>τοῦτο</span> <span class='ocrx_word' id='word_1_565' title='bbox 3327 3421 3549 3474; x_wconf 80' lang='grc' dir='ltr'>ἐσέϐετο</span> <span class='ocrx_word' id='word_1_566' title='bbox 3610 3423 3721 3474; x_wconf 71' lang='grc' dir='ltr'>καὶ</span> 
     </span>
    </p>
   </div>
   <div class='ocr_carea' id='block_1_81' title="bbox 2116 3506 3729 3586">
    <p class='ocr_par' dir='ltr' id='par_1_81' title="bbox 2116 3506 3729 3586">
     <span class='ocr_line' id='line_1_81' title="bbox 2116 3506 3729 3586; baseline 0.001 -19"><span class='ocrx_word' id='word_1_567' title='bbox 2116 3512 2280 3576; x_wconf 73' lang='grc' dir='ltr'>αὐτὸς</span> <span class='ocrx_word' id='word_1_568' title='bbox 2308 3512 2588 3583; x_wconf 65' lang='grc' dir='ltr'>βασιλεύς.</span> <span class='ocrx_word' id='word_1_569' title='bbox 2614 3513 2795 3585; x_wconf 82' lang='grc' dir='ltr'>Κύρος</span> <span class='ocrx_word' id='word_1_570' title='bbox 2827 3506 2895 3586; x_wconf 78' lang='grc' dir='ltr'>ἦν</span> <span class='ocrx_word' id='word_1_571' title='bbox 2929 3508 3105 3579; x_wconf 75' lang='grc' dir='ltr'>οὗτος,</span> <span class='ocrx_word' id='word_1_572' title='bbox 3140 3515 3167 3568; x_wconf 89' lang='lat'><strong>6</strong></span> <span class='ocrx_word' id='word_1_573' title='bbox 3202 3517 3291 3568; x_wconf 66' lang='grc' dir='ltr'><strong>τὸν</strong></span> <span class='ocrx_word' id='word_1_574' title='bbox 3321 3516 3549 3586; x_wconf 84' lang='grc' dir='ltr'>Δαρεῖον</span> <span class='ocrx_word' id='word_1_575' title='bbox 3587 3514 3729 3569; x_wconf 70' lang='grc' dir='ltr'>δια-</span> 
     </span>
    </p>
   </div>
   <div class='ocr_carea' id='block_1_82' title="bbox 2114 3605 3721 3681">
    <p class='ocr_par' dir='ltr' id='par_1_82' title="bbox 2114 3605 3721 3681">
     <span class='ocr_line' id='line_1_82' title="bbox 2114 3605 3721 3681; baseline 0.004 -22"><span class='ocrx_word' id='word_1_576' title='bbox 2114 3605 2435 3677; x_wconf 78' lang='grc' dir='ltr'>δεξάμενος,</span> <span class='ocrx_word' id='word_1_577' title='bbox 2467 3606 2527 3669; x_wconf 87' lang='grc' dir='ltr'>ὃς</span> <span class='ocrx_word' id='word_1_578' title='bbox 2554 3606 2664 3678; x_wconf 80' lang='grc' dir='ltr'>ἄρα</span> <span class='ocrx_word' id='word_1_579' title='bbox 2710 3606 2804 3659; x_wconf 76' lang='grc' dir='ltr'>καὶ</span> <span class='ocrx_word' id='word_1_580' title='bbox 2837 3607 2973 3678; x_wconf 72' lang='grc' dir='ltr'>πρὸς</span> <span class='ocrx_word' id='word_1_581' title='bbox 3003 3608 3093 3660; x_wconf 75' lang='grc' dir='ltr'>τὸν</span> <span class='ocrx_word' id='word_1_582' title='bbox 3126 3607 3325 3678; x_wconf 75' lang='grc' dir='ltr'>Δανιὴλ</span> <span class='ocrx_word' id='word_1_583' title='bbox 3370 3608 3468 3681; x_wconf 80' lang='grc' dir='ltr'>τὴν</span> <span class='ocrx_word' id='word_1_584' title='bbox 3515 3607 3721 3678; x_wconf 80' lang='grc' dir='ltr'>ὁμοίαν</span> 
     </span>
    </p>
   </div>
   <div class='ocr_carea' id='block_1_83' title="bbox 2115 3694 3719 3770">
    <p class='ocr_par' dir='ltr' id='par_1_83' title="bbox 2115 3694 3719 3770">
     <span class='ocr_line' id='line_1_83' title="bbox 2115 3694 3719 3770; baseline 0.003 -21"><span class='ocrx_word' id='word_1_585' title='bbox 2115 3696 2324 3768; x_wconf 81' lang='grc' dir='ltr'>Δαρείῳ</span> <span class='ocrx_word' id='word_1_586' title='bbox 2349 3697 2633 3761; x_wconf 75' lang='grc' dir='ltr'>διασώςων</span> <span class='ocrx_word' id='word_1_587' title='bbox 2658 3696 2845 3769; x_wconf 74' lang='grc' dir='ltr'>τιμὴν,</span> <span class='ocrx_word' id='word_1_588' title='bbox 2876 3697 3196 3770; x_wconf 80' lang='grc' dir='ltr'>συμϐιώτην</span> <span class='ocrx_word' id='word_1_589' title='bbox 3227 3716 3287 3752; x_wconf 87' lang='grc' dir='ltr'><strong>τε</strong></span> <span class='ocrx_word' id='word_1_590' title='bbox 3317 3694 3432 3769; x_wconf 77' lang='grc' dir='ltr'>εἶχε</span> <span class='ocrx_word' id='word_1_591' title='bbox 3472 3702 3566 3752; x_wconf 77' lang='grc' dir='ltr'>καὶ</span> <span class='ocrx_word' id='word_1_592' title='bbox 3592 3699 3719 3754; x_wconf 80' lang='grc' dir='ltr'>τῶν</span> 
     </span>
    </p>
   </div>
   <div class='ocr_carea' id='block_1_84' title="bbox 2116 3787 3720 3863">
    <p class='ocr_par' dir='ltr' id='par_1_84' title="bbox 2116 3787 3720 3863">
     <span class='ocr_line' id='line_1_84' title="bbox 2116 3787 3720 3863; baseline 0.002 -22"><span class='ocrx_word' id='word_1_593' title='bbox 2116 3787 2282 3842; x_wconf 82' lang='grc' dir='ltr'>αὐτοῦ</span> <span class='ocrx_word' id='word_1_594' title='bbox 2319 3788 2492 3858; x_wconf 83' lang='grc' dir='ltr'>φίλων</span> <span class='ocrx_word' id='word_1_595' title='bbox 2521 3788 2924 3853; x_wconf 79' lang='grc' dir='ltr'>ὲπιδοξότατον.</span> <span class='ocrx_word' id='word_1_596' title='bbox 2953 3790 3150 3844; x_wconf 82' lang='grc' dir='ltr'>Ἔνθεν</span> <span class='ocrx_word' id='word_1_597' title='bbox 3201 3808 3284 3844; x_wconf 90' lang='grc' dir='ltr'><strong>τοι</strong></span> <span class='ocrx_word' id='word_1_598' title='bbox 3336 3792 3429 3844; x_wconf 77' lang='grc' dir='ltr'>καὶ</span> <span class='ocrx_word' id='word_1_599' title='bbox 3474 3791 3720 3863; x_wconf 75' lang='grc' dir='ltr'>παρῄνει</span> 
     </span>
    </p>
   </div>
   <div class='ocr_carea' id='block_1_85' title="bbox 2117 3882 3718 3959">
    <p class='ocr_par' dir='ltr' id='par_1_85' title="bbox 2117 3882 3718 3959">
     <span class='ocr_line' id='line_1_85' title="bbox 2117 3882 3718 3959; baseline 0.002 -24"><span class='ocrx_word' id='word_1_600' title='bbox 2117 3883 2267 3953; x_wconf 84' lang='grc' dir='ltr'>αὐτῷ</span> <span class='ocrx_word' id='word_1_601' title='bbox 2299 3882 2553 3953; x_wconf 83' lang='grc' dir='ltr'>καθάπερ</span> <span class='ocrx_word' id='word_1_602' title='bbox 2590 3882 2697 3952; x_wconf 63' lang='grc' dir='ltr'>θιῷ</span> <span class='ocrx_word' id='word_1_603' title='bbox 2728 3882 2890 3946; x_wconf 80' lang='grc' dir='ltr'>ζῶντι</span> <span class='ocrx_word' id='word_1_604' title='bbox 2921 3884 3212 3955; x_wconf 83' lang='grc' dir='ltr'>προσέχειν</span> <span class='ocrx_word' id='word_1_605' title='bbox 3242 3882 3318 3956; x_wconf 81' lang='grc' dir='ltr'>τῷ</span> <span class='ocrx_word' id='word_1_606' title='bbox 3352 3883 3482 3956; x_wconf 86' lang='grc' dir='ltr'><strong>Βήλ.</strong></span> <span class='ocrx_word' id='word_1_607' title='bbox 3505 3888 3576 3938; x_wconf 86' lang='grc' dir='ltr'>Ἢ</span> <span class='ocrx_word' id='word_1_608' title='bbox 3605 3888 3718 3959; x_wconf 57' lang='grc' dir='ltr'><strong>οὐλ</strong></span> 
     </span>
    </p>
   </div>
   <div class='ocr_carea' id='block_1_86' title="bbox 2116 3974 3719 4049">
    <p class='ocr_par' dir='ltr' id='par_1_86' title="bbox 2116 3974 3719 4049">
     <span class='ocr_line' id='line_1_86' title="bbox 2116 3974 3719 4049; baseline 0.002 -21"><span class='ocrx_word' id='word_1_609' title='bbox 2116 3976 2271 4046; x_wconf 79' lang='grc' dir='ltr'>ὁρᾷς,</span> <span class='ocrx_word' id='word_1_610' title='bbox 2311 3976 2498 4044; x_wconf 76' lang='grc' dir='ltr'>φησὶν,</span> <span class='ocrx_word' id='word_1_611' title='bbox 2545 3974 2621 4037; x_wconf 84' lang='grc' dir='ltr'>ὡς</span> <span class='ocrx_word' id='word_1_612' title='bbox 2657 3975 2926 4044; x_wconf 80' lang='grc' dir='ltr'>Ἀρτάϐας</span> <span class='ocrx_word' id='word_1_613' title='bbox 2971 3977 3072 4047; x_wconf 84' lang='grc' dir='ltr'>μὲν</span> <span class='ocrx_word' id='word_1_614' title='bbox 3106 3978 3441 4048; x_wconf 85' lang='grc' dir='ltr'>σεμιδάλεως</span> <span class='ocrx_word' id='word_1_615' title='bbox 3467 3978 3719 4049; x_wconf 76' lang='grc' dir='ltr'>ἑκάστης</span> 
     </span>
    </p>
   </div>
   <div class='ocr_carea' id='block_1_87' title="bbox 2121 4065 3721 4141">
    <p class='ocr_par' dir='ltr' id='par_1_87' title="bbox 2121 4065 3721 4141">
     <span class='ocr_line' id='line_1_87' title="bbox 2121 4065 3721 4141; baseline 0.004 -24"><span class='ocrx_word' id='word_1_616' title='bbox 2121 4065 2339 4137; x_wconf 76' lang='grc' dir='ltr'>ἡμέρας</span> <span class='ocrx_word' id='word_1_617' title='bbox 2362 4065 2715 4130; x_wconf 83' lang='grc' dir='ltr'>δυοκαίδεκα,</span> <span class='ocrx_word' id='word_1_618' title='bbox 2749 4066 2996 4137; x_wconf 79' lang='grc' dir='ltr'>πρόϐατα</span> <span class='ocrx_word' id='word_1_619' title='bbox 3022 4066 3078 4120; x_wconf 77' lang='grc' dir='ltr'>δὲ</span> <span class='ocrx_word' id='word_1_620' title='bbox 3099 4069 3160 4121; x_wconf 88' lang='grc' dir='ltr'>οὐ</span> <span class='ocrx_word' id='word_1_621' title='bbox 3191 4071 3342 4138; x_wconf 84' lang='grc' dir='ltr'>μεῖον</span> <span class='ocrx_word' id='word_1_622' title='bbox 3372 4068 3402 4139; x_wconf 85' lang='grc' dir='ltr'>ἢ</span> <span class='ocrx_word' id='word_1_623' title='bbox 3438 4070 3721 4141; x_wconf 69' lang='grc' dir='ltr'>τεσσαρά-</span> 
     </span>
    </p>
   </div>
   <div class='ocr_carea' id='block_1_88' title="bbox 2118 4156 3721 4233">
    <p class='ocr_par' dir='ltr' id='par_1_88' title="bbox 2118 4156 3721 4233">
     <span class='ocr_line' id='line_1_88' title="bbox 2118 4156 3721 4233; baseline 0.004 -23"><span class='ocrx_word' id='word_1_624' title='bbox 2118 4174 2284 4211; x_wconf 89' lang='grc' dir='ltr'>κοντα</span> <span class='ocrx_word' id='word_1_625' title='bbox 2310 4156 2503 4225; x_wconf 75' lang='grc' dir='ltr'>ἐσθίει,</span> <span class='ocrx_word' id='word_1_626' title='bbox 2529 4158 2676 4211; x_wconf 79' lang='grc' dir='ltr'>οἴνου</span> <span class='ocrx_word' id='word_1_627' title='bbox 2709 4158 2765 4211; x_wconf 77' lang='grc' dir='ltr'>δὲ</span> <span class='ocrx_word' id='word_1_628' title='bbox 2796 4158 2856 4225; x_wconf 78' lang='grc' dir='ltr'>ἓξ</span> <span class='ocrx_word' id='word_1_629' title='bbox 2885 4158 3009 4222; x_wconf 82' lang='grc' dir='ltr'>τοὺς</span> <span class='ocrx_word' id='word_1_630' title='bbox 3042 4162 3255 4224; x_wconf 77' lang='grc' dir='ltr'>πάντας</span> <span class='ocrx_word' id='word_1_631' title='bbox 3294 4162 3578 4233; x_wconf 78' lang='grc' dir='ltr'>μετρητὰς</span> <span class='ocrx_word' id='word_1_632' title='bbox 3612 4164 3721 4216; x_wconf 62' lang='lat' dir='ltr'><strong>sx-</strong></span> 
     </span>
    </p>
   </div>
   <div class='ocr_carea' id='block_1_89' title="bbox 2119 4250 3719 4325">
    <p class='ocr_par' dir='ltr' id='par_1_89' title="bbox 2119 4250 3719 4325">
     <span class='ocr_line' id='line_1_89' title="bbox 2119 4250 3719 4325; baseline 0.001 -22"><span class='ocrx_word' id='word_1_633' title='bbox 2119 4252 2339 4316; x_wconf 84' lang='grc' dir='ltr'>πίνειν;</span> <span class='ocrx_word' id='word_1_634' title='bbox 2377 4250 2564 4320; x_wconf 78' lang='grc' dir='ltr'>Πλάνη</span> <span class='ocrx_word' id='word_1_635' title='bbox 2603 4250 2764 4304; x_wconf 87' lang='grc' dir='ltr'>τοῦτο</span> <span class='ocrx_word' id='word_1_636' title='bbox 2802 4253 2985 4323; x_wconf 83' lang='grc' dir='ltr'>σαφὴς</span> <span class='ocrx_word' id='word_1_637' title='bbox 3037 4254 3132 4306; x_wconf 71' lang='grc' dir='ltr'>καὶ</span> <span class='ocrx_word' id='word_1_638' title='bbox 3161 4253 3427 4324; x_wconf 78' lang='grc' dir='ltr'>ἀντικρὺς</span> <span class='ocrx_word' id='word_1_639' title='bbox 3463 4252 3719 4325; x_wconf 56' lang='grc' dir='ltr'>παραλοι</span> 
     </span>
    </p>
   </div>
   <div class='ocr_carea' id='block_1_90' title="bbox 2120 4343 3716 4419">
    <p class='ocr_par' dir='ltr' id='par_1_90' title="bbox 2120 4343 3716 4419">
     <span class='ocr_line' id='line_1_90' title="bbox 2120 4343 3716 4419; baseline 0.004 -23"><span class='ocrx_word' id='word_1_640' title='bbox 2120 4344 2341 4415; x_wconf 77' lang='grc' dir='ltr'>γισμὸς,</span> <span class='ocrx_word' id='word_1_641' title='bbox 2369 4345 2396 4396; x_wconf 87' lang='lat'><strong>6</strong></span> <span class='ocrx_word' id='word_1_642' title='bbox 2429 4344 2523 4397; x_wconf 90' lang='grc' dir='ltr'><strong>τοῦ</strong></span> <span class='ocrx_word' id='word_1_643' title='bbox 2554 4343 2689 4398; x_wconf 86' lang='grc' dir='ltr'>Θεοῦ</span> <span class='ocrx_word' id='word_1_644' title='bbox 2724 4344 2829 4416; x_wconf 74' lang='grc' dir='ltr'>ἔφη</span> <span class='ocrx_word' id='word_1_645' title='bbox 2861 4347 3151 4419; x_wconf 74' lang='grc' dir='ltr'>προφήτης</span> <span class='ocrx_word' id='word_1_646' title='bbox 3176 4362 3191 4379; x_wconf 90' lang='grc'><strong>·</strong></span> <span class='ocrx_word' id='word_1_647' title='bbox 3227 4349 3255 4401; x_wconf 97' lang='lat'><strong>6</strong></span> <span class='ocrx_word' id='word_1_648' title='bbox 3285 4350 3396 4417; x_wconf 82' lang='grc' dir='ltr'><strong>γάρ</strong></span> <span class='ocrx_word' id='word_1_649' title='bbox 3425 4346 3574 4401; x_wconf 72' lang='grc' dir='ltr'>ἔνδον</span> <span class='ocrx_word' id='word_1_650' title='bbox 3601 4347 3716 4416; x_wconf 77' lang='grc' dir='ltr'>μὲν</span> 
     </span>
    </p>
   </div>
   <div class='ocr_carea' id='block_1_91' title="bbox 2123 4436 3717 4509">
    <p class='ocr_par' dir='ltr' id='par_1_91' title="bbox 2123 4436 3717 4509">
     <span class='ocr_line' id='line_1_91' title="bbox 2123 4436 3717 4509; baseline 0 -17"><span class='ocrx_word' id='word_1_651' title='bbox 2123 4437 2315 4508; x_wconf 82' lang='grc' dir='ltr'>πηλὸς,</span> <span class='ocrx_word' id='word_1_652' title='bbox 2355 4436 2556 4499; x_wconf 81' lang='grc' dir='ltr'>ἔξωθεν</span> <span class='ocrx_word' id='word_1_653' title='bbox 2585 4437 2642 4491; x_wconf 89' lang='grc' dir='ltr'>δὲ</span> <span class='ocrx_word' id='word_1_654' title='bbox 2693 4439 2896 4509; x_wconf 78' lang='grc' dir='ltr'>χαλκὸς</span> <span class='ocrx_word' id='word_1_655' title='bbox 2938 4440 3036 4507; x_wconf 81' lang='grc' dir='ltr'>ὢν,</span> <span class='ocrx_word' id='word_1_656' title='bbox 3067 4442 3183 4493; x_wconf 76' lang='grc' dir='ltr'>οὐτ’</span> <span class='ocrx_word' id='word_1_657' title='bbox 3210 4441 3414 4495; x_wconf 76' lang='grc' dir='ltr'>ἐσθίειν</span> <span class='ocrx_word' id='word_1_658' title='bbox 3455 4439 3577 4494; x_wconf 77' lang='grc' dir='ltr'>οὕτε</span> <span class='ocrx_word' id='word_1_659' title='bbox 3616 4442 3717 4493; x_wconf 80' lang='grc' dir='ltr'>πί-</span> 
     </span>
    </p>
   </div>
   <div class='ocr_carea' id='block_1_92' title="bbox 425 4526 2012 4604">
    <p class='ocr_par' dir='ltr' id='par_1_92' title="bbox 425 4526 2012 4600">
     <span class='ocr_line' id='line_1_92' title="bbox 425 4526 2012 4600; baseline -0.001 -15"><span class='ocrx_word' id='word_1_660' title='bbox 425 4533 562 4586; x_wconf 85' lang='lat' dir='ltr'><strong>Nam</strong></span> <span class='ocrx_word' id='word_1_661' title='bbox 580 4527 725 4600; x_wconf 91' lang='lat' dir='ltr'><strong>quod</strong></span> <span class='ocrx_word' id='word_1_662' title='bbox 745 4529 895 4582; x_wconf 90' lang='lat' dir='ltr'><strong>intus</strong></span> <span class='ocrx_word' id='word_1_663' title='bbox 909 4526 1155 4596; x_wconf 89' lang='lat' dir='ltr'><strong>quidem,</strong></span> <span class='ocrx_word' id='word_1_664' title='bbox 1179 4534 1264 4580; x_wconf 78' lang='lat' dir='ltr'><strong>est</strong></span> <span class='ocrx_word' id='word_1_665' title='bbox 1289 4527 1490 4593; x_wconf 83' lang='lat' dir='ltr'><strong>lutum,</strong></span> <span class='ocrx_word' id='word_1_666' title='bbox 1511 4543 1587 4582; x_wconf 73' lang='lat' dir='ltr'><strong>aes</strong></span> <span class='ocrx_word' id='word_1_667' title='bbox 1604 4537 1787 4584; x_wconf 88' lang='lat' dir='ltr'><strong>autem</strong></span> <span class='ocrx_word' id='word_1_668' title='bbox 1808 4529 2012 4584; x_wconf 81' lang='lat' dir='ltr'><strong>extrin-</strong></span> 
     </span>
    </p>
   </div>
   <div class='ocr_carea' id='block_1_93' title="bbox 2118 4526 3711 4604">
    <p class='ocr_par' dir='ltr' id='par_1_93' title="bbox 2122 4529 3711 4604">
     <span class='ocr_line' id='line_1_93' title="bbox 2122 4529 3711 4604; baseline -0.007 -7"><span class='ocrx_word' id='word_1_669' title='bbox 2122 4547 2236 4584; x_wconf 81' lang='grc' dir='ltr'>νειν</span> <span class='ocrx_word' id='word_1_670' title='bbox 2267 4529 2515 4593; x_wconf 78' lang='grc' dir='ltr'>δυνατῶς</span> <span class='ocrx_word' id='word_1_671' title='bbox 2575 4530 2711 4602; x_wconf 78' lang='grc' dir='ltr'>ἔχει.</span> <span class='ocrx_word' id='word_1_672' title='bbox 2745 4530 3061 4602; x_wconf 75' lang='grc' dir='ltr'>Ὀργίζεται</span> <span class='ocrx_word' id='word_1_673' title='bbox 3120 4536 3146 4588; x_wconf 91' lang='lat'><strong>6</strong></span> <span class='ocrx_word' id='word_1_674' title='bbox 3197 4533 3381 4604; x_wconf 86' lang='grc' dir='ltr'>Κύρος</span> <span class='ocrx_word' id='word_1_675' title='bbox 3422 4533 3664 4599; x_wconf 79' lang='grc' dir='ltr'>ἀκούσας</span> <span class='ocrx_word' id='word_1_676' title='bbox 3691 4551 3711 4566; x_wconf 87' lang='grc'><strong>·</strong></span> 
     </span>
    </p>
   </div>
   <div class='ocr_carea' id='block_1_94' title="bbox 426 4620 2013 4691">
    <p class='ocr_par' dir='ltr' id='par_1_94' title="bbox 426 4620 2013 4691">
     <span class='ocr_line' id='line_1_94' title="bbox 426 4620 2013 4691; baseline -0.002 -11"><span class='ocrx_word' id='word_1_677' title='bbox 426 4639 607 4689; x_wconf 83' lang='lat' dir='ltr'><strong>secus,</strong></span> <span class='ocrx_word' id='word_1_678' title='bbox 645 4636 824 4691; x_wconf 89' lang='lat' dir='ltr'><strong>neque</strong></span> <span class='ocrx_word' id='word_1_679' title='bbox 853 4628 1037 4689; x_wconf 89' lang='lat' dir='ltr'><strong>potest</strong></span> <span class='ocrx_word' id='word_1_680' title='bbox 1071 4634 1216 4685; x_wconf 84' lang='lat' dir='ltr'><strong>esse,</strong></span> <span class='ocrx_word' id='word_1_681' title='bbox 1272 4635 1454 4687; x_wconf 84' lang='lat' dir='ltr'><strong>neque</strong></span> <span class='ocrx_word' id='word_1_682' title='bbox 1498 4620 1715 4676; x_wconf 88' lang='lat' dir='ltr'><strong>bibere.</strong></span> <span class='ocrx_word' id='word_1_683' title='bbox 1749 4621 2013 4677; x_wconf 87' lang='lat' dir='ltr'><strong>Irascitur</strong></span> 
     </span>
    </p>
   </div>
   <div class='ocr_carea' id='block_1_95' title="bbox 426 4715 2012 4786">
    <p class='ocr_par' dir='ltr' id='par_1_95' title="bbox 426 4715 2012 4786">
     <span class='ocr_line' id='line_1_95' title="bbox 426 4715 2012 4786; baseline -0.002 -13"><span class='ocrx_word' id='word_1_684' title='bbox 426 4723 543 4774; x_wconf 68' lang='lat' dir='ltr'><strong>haec</strong></span> <span class='ocrx_word' id='word_1_685' title='bbox 585 4717 819 4772; x_wconf 85' lang='lat' dir='ltr'><strong>audiens</strong></span> <span class='ocrx_word' id='word_1_686' title='bbox 844 4715 1022 4786; x_wconf 87' lang='lat' dir='ltr'><strong>Cyrus</strong></span> <span class='ocrx_word' id='word_1_687' title='bbox 1047 4722 1103 4769; x_wconf 90' lang='lat' dir='ltr'><strong>et</strong></span> <span class='ocrx_word' id='word_1_688' title='bbox 1130 4715 1315 4769; x_wconf 88' lang='lat' dir='ltr'><strong>statim</strong></span> <span class='ocrx_word' id='word_1_689' title='bbox 1352 4723 1512 4769; x_wconf 87' lang='lat' dir='ltr'><strong>vocat</strong></span> <span class='ocrx_word' id='word_1_690' title='bbox 1542 4715 1868 4771; x_wconf 88' lang='lat' dir='ltr'><strong>sacerdotes</strong></span> <span class='ocrx_word' id='word_1_691' title='bbox 1899 4716 2012 4770; x_wconf 91' lang='lat' dir='ltr'><strong>mi-</strong></span> 
     </span>
    </p>
   </div>
   <div class='ocr_carea' id='block_1_96' title="bbox 424 4802 2009 4882">
    <p class='ocr_par' dir='ltr' id='par_1_96' title="bbox 424 4802 2009 4882">
     <span class='ocr_line' id='line_1_96' title="bbox 424 4802 2009 4882; baseline -0.001 -18"><span class='ocrx_word' id='word_1_692' title='bbox 424 4819 698 4880; x_wconf 88' lang='lat' dir='ltr'><strong>naturque</strong></span> <span class='ocrx_word' id='word_1_693' title='bbox 718 4821 976 4873; x_wconf 89' lang='lat' dir='ltr'><strong>mortem,</strong></span> <span class='ocrx_word' id='word_1_694' title='bbox 993 4806 1099 4882; x_wconf 84' lang='lat' dir='ltr'><strong>nisi</strong></span> <span class='ocrx_word' id='word_1_695' title='bbox 1124 4802 1215 4861; x_wconf 82' lang='lat' dir='ltr'><strong>Bel</strong></span> <span class='ocrx_word' id='word_1_696' title='bbox 1232 4805 1617 4861; x_wconf 86' lang='lat' dir='ltr'><strong>comedentem</strong></span> <span class='ocrx_word' id='word_1_697' title='bbox 1639 4807 2009 4862; x_wconf 89' lang='lat' dir='ltr'><strong>ostenderint.</strong></span> 
     </span>
    </p>
   </div>
   <div class='ocr_carea' id='block_1_97' title="bbox 425 4899 2013 4970">
    <p class='ocr_par' dir='ltr' id='par_1_97' title="bbox 425 4899 2013 4970">
     <span class='ocr_line' id='line_1_97' title="bbox 425 4899 2013 4970; baseline -0.003 -12"><span class='ocrx_word' id='word_1_698' title='bbox 425 4904 508 4958; x_wconf 88' lang='lat' dir='ltr'><strong>llli</strong></span> <span class='ocrx_word' id='word_1_699' title='bbox 536 4917 691 4969; x_wconf 87' lang='lat' dir='ltr'><strong>vero,</strong></span> <span class='ocrx_word' id='word_1_700' title='bbox 726 4901 927 4956; x_wconf 66' lang='lat' dir='ltr'><strong>Mensae</strong></span> <span class='ocrx_word' id='word_1_701' title='bbox 960 4899 1139 4960; x_wconf 88' lang='lat' dir='ltr'><strong>cibos,</strong></span> <span class='ocrx_word' id='word_1_702' title='bbox 1171 4899 1347 4961; x_wconf 87' lang='lat' dir='ltr'><strong>aiunt,</strong></span> <span class='ocrx_word' id='word_1_703' title='bbox 1379 4915 1633 4970; x_wconf 89' lang='lat' dir='ltr'><strong>appone;</strong></span> <span class='ocrx_word' id='word_1_704' title='bbox 1664 4915 1768 4955; x_wconf 87' lang='lat' dir='ltr'><strong>nos</strong></span> <span class='ocrx_word' id='word_1_705' title='bbox 1823 4909 2013 4955; x_wconf 89' lang='lat' dir='ltr'><strong>autem</strong></span> 
     </span>
    </p>
   </div>
   <div class='ocr_carea' id='block_1_98' title="bbox 424 4986 2015 5065">
    <p class='ocr_par' dir='ltr' id='par_1_98' title="bbox 424 4986 2015 5065">
     <span class='ocr_line' id='line_1_98' title="bbox 424 4986 2015 5065; baseline -0.003 -16"><span class='ocrx_word' id='word_1_706' title='bbox 424 4994 796 5065; x_wconf 79' lang='lat' dir='ltr'><strong>egrediemur,</strong></span> <span class='ocrx_word' id='word_1_707' title='bbox 825 5000 882 5046; x_wconf 93' lang='lat' dir='ltr'><strong>et</strong></span> <span class='ocrx_word' id='word_1_708' title='bbox 918 4986 1171 5046; x_wconf 80' lang='lat' dir='ltr'><strong>elavibus</strong></span> <span class='ocrx_word' id='word_1_709' title='bbox 1214 5006 1279 5045; x_wconf 92' lang='lat' dir='ltr'><strong>ac</strong></span> <span class='ocrx_word' id='word_1_710' title='bbox 1316 4990 1616 5061; x_wconf 76' lang='lat' dir='ltr'><strong>signaculis</strong></span> <span class='ocrx_word' id='word_1_711' title='bbox 1650 4992 1906 5046; x_wconf 91' lang='lat' dir='ltr'><strong>obserata</strong></span> <span class='ocrx_word' id='word_1_712' title='bbox 1930 4993 2015 5063; x_wconf 83' lang='lat' dir='ltr'><strong>ja-</strong></span> 
     </span>
    </p>
   </div>
   <div class='ocr_carea' id='block_1_99' title="bbox 426 5082 2013 5154">
    <p class='ocr_par' dir='ltr' id='par_1_99' title="bbox 426 5082 2013 5154">
     <span class='ocr_line' id='line_1_99' title="bbox 426 5082 2013 5154; baseline -0.001 -14"><span class='ocrx_word' id='word_1_713' title='bbox 426 5103 556 5150; x_wconf 88' lang='lat' dir='ltr'><strong>nua,</strong></span> <span class='ocrx_word' id='word_1_714' title='bbox 587 5085 705 5141; x_wconf 89' lang='lat' dir='ltr'><strong>redi</strong></span> <span class='ocrx_word' id='word_1_715' title='bbox 739 5084 829 5140; x_wconf 90' lang='lat' dir='ltr'><strong>die</strong></span> <span class='ocrx_word' id='word_1_716' title='bbox 877 5082 1131 5153; x_wconf 89' lang='lat' dir='ltr'><strong>sequenti</strong></span> <span class='ocrx_word' id='word_1_717' title='bbox 1169 5099 1182 5136; x_wconf 92' lang='lat'><strong>:</strong></span> <span class='ocrx_word' id='word_1_718' title='bbox 1220 5091 1276 5136; x_wconf 93' lang='lat' dir='ltr'><strong>et</strong></span> <span class='ocrx_word' id='word_1_719' title='bbox 1300 5083 1405 5136; x_wconf 90' lang='lat' dir='ltr'><strong>nisi</strong></span> <span class='ocrx_word' id='word_1_720' title='bbox 1447 5084 1638 5137; x_wconf 90' lang='lat' dir='ltr'><strong>omnia</strong></span> <span class='ocrx_word' id='word_1_721' title='bbox 1686 5093 2013 5154; x_wconf 88' lang='lat' dir='ltr'><strong>consumpta</strong></span> 
     </span>
    </p>
   </div>
   <div class='ocr_carea' id='block_1_100' title="bbox 427 5175 2012 5246">
    <p class='ocr_par' dir='ltr' id='par_1_100' title="bbox 427 5175 2012 5246">
     <span class='ocr_line' id='line_1_100' title="bbox 427 5175 2012 5246; baseline -0.001 -15"><span class='ocrx_word' id='word_1_722' title='bbox 427 5178 727 5239; x_wconf 82' lang='lat' dir='ltr'><strong>inveneris,</strong></span> <span class='ocrx_word' id='word_1_723' title='bbox 779 5192 880 5229; x_wconf 90' lang='lat' dir='ltr'><strong>nos</strong></span> <span class='ocrx_word' id='word_1_724' title='bbox 916 5175 1066 5245; x_wconf 82' lang='lat' dir='ltr'><strong>digni</strong></span> <span class='ocrx_word' id='word_1_725' title='bbox 1099 5176 1306 5229; x_wconf 88' lang='lat' dir='ltr'><strong>erimus</strong></span> <span class='ocrx_word' id='word_1_726' title='bbox 1342 5175 1651 5246; x_wconf 89' lang='lat' dir='ltr'><strong>supplicio;</strong></span> <span class='ocrx_word' id='word_1_727' title='bbox 1690 5175 1776 5230; x_wconf 89' lang='lat' dir='ltr'><strong>sin</strong></span> <span class='ocrx_word' id='word_1_728' title='bbox 1808 5177 2012 5240; x_wconf 86' lang='lat' dir='ltr'><strong>minus,</strong></span> 
     </span>
    </p>
   </div>
   <div class='ocr_carea' id='block_1_101' title="bbox 427 5265 2011 5335">
    <p class='ocr_par' dir='ltr' id='par_1_101' title="bbox 427 5265 2011 5335">
     <span class='ocr_line' id='line_1_101' title="bbox 427 5265 2011 5335; baseline -0.001 -13"><span class='ocrx_word' id='word_1_729' title='bbox 427 5267 643 5332; x_wconf 83' lang='lat' dir='ltr'><strong>Daniel,</strong></span> <span class='ocrx_word' id='word_1_730' title='bbox 670 5265 762 5335; x_wconf 88' lang='lat' dir='ltr'><strong>qui</strong></span> <span class='ocrx_word' id='word_1_731' title='bbox 794 5265 935 5320; x_wconf 91' lang='lat' dir='ltr'><strong>etde</strong></span> <span class='ocrx_word' id='word_1_732' title='bbox 962 5265 1303 5330; x_wconf 89' lang='lat' dir='ltr'><strong>nobis,etde</strong></span> <span class='ocrx_word' id='word_1_733' title='bbox 1328 5265 1447 5335; x_wconf 86' lang='lat' dir='ltr'><strong>ipso</strong></span> <span class='ocrx_word' id='word_1_734' title='bbox 1480 5266 1585 5320; x_wconf 90' lang='lat' dir='ltr'><strong>deo</strong></span> <span class='ocrx_word' id='word_1_735' title='bbox 1613 5275 1699 5319; x_wconf 88' lang='lat' dir='ltr'><strong>est</strong></span> <span class='ocrx_word' id='word_1_736' title='bbox 1725 5267 2011 5321; x_wconf 88' lang='lat' dir='ltr'><strong>mentitus.</strong></span> 
     </span>
    </p>
   </div>
   <div class='ocr_carea' id='block_1_102' title="bbox 426 5357 2015 5432">
    <p class='ocr_par' dir='ltr' id='par_1_102' title="bbox 426 5357 2015 5432">
     <span class='ocr_line' id='line_1_102' title="bbox 426 5357 2015 5432; baseline -0.003 -14"><span class='ocrx_word' id='word_1_737' title='bbox 426 5368 605 5431; x_wconf 79' lang='lat' dir='ltr'><strong>Atque</strong></span> <span class='ocrx_word' id='word_1_738' title='bbox 632 5359 808 5432; x_wconf 82' lang='lat' dir='ltr'><strong>Cyrus</strong></span> <span class='ocrx_word' id='word_1_739' title='bbox 838 5357 1065 5428; x_wconf 89' lang='lat' dir='ltr'><strong>quidem</strong></span> <span class='ocrx_word' id='word_1_740' title='bbox 1105 5358 1313 5423; x_wconf 88' lang='lat' dir='ltr'><strong>statim,</strong></span> <span class='ocrx_word' id='word_1_741' title='bbox 1352 5360 1496 5413; x_wconf 90' lang='lat' dir='ltr'><strong>sicut</strong></span> <span class='ocrx_word' id='word_1_742' title='bbox 1551 5358 1827 5423; x_wconf 74' lang='lat' dir='ltr'><strong>dixerant,</strong></span> <span class='ocrx_word' id='word_1_743' title='bbox 1858 5358 2015 5414; x_wconf 80' lang='lat' dir='ltr'><strong>cibos</strong></span> 
     </span>
    </p>
   </div>
   <div class='ocr_carea' id='block_1_103' title="bbox 428 5451 2014 5526">
    <p class='ocr_par' dir='ltr' id='par_1_103' title="bbox 428 5451 2014 5526">
     <span class='ocr_line' id='line_1_103' title="bbox 428 5451 2014 5526; baseline -0.002 -17"><span class='ocrx_word' id='word_1_744' title='bbox 428 5456 684 5526; x_wconf 83' lang='lat' dir='ltr'><strong>apposuit</strong></span> <span class='ocrx_word' id='word_1_745' title='bbox 715 5471 728 5508; x_wconf 88' lang='lat'>:</span> <span class='ocrx_word' id='word_1_746' title='bbox 760 5453 950 5508; x_wconf 88' lang='lat' dir='ltr'><strong>Daniel</strong></span> <span class='ocrx_word' id='word_1_747' title='bbox 969 5461 1175 5514; x_wconf 88' lang='lat' dir='ltr'><strong>autem,</strong></span> <span class='ocrx_word' id='word_1_748' title='bbox 1198 5452 1281 5507; x_wconf 90' lang='lat' dir='ltr'><strong>eis</strong></span> <span class='ocrx_word' id='word_1_749' title='bbox 1313 5451 1782 5522; x_wconf 79' lang='lat' dir='ltr'><strong>imprudentibus,</strong></span> <span class='ocrx_word' id='word_1_750' title='bbox 1824 5453 2014 5507; x_wconf 87' lang='lat' dir='ltr'><strong>cinere</strong></span> 
     </span>
    </p>
   </div>
   <div class='ocr_carea' id='block_1_104' title="bbox 430 5545 2012 5617">
    <p class='ocr_par' dir='ltr' id='par_1_104' title="bbox 430 5545 2012 5617">
     <span class='ocr_line' id='line_1_104' title="bbox 430 5545 2012 5617; baseline -0.001 -15"><span class='ocrx_word' id='word_1_751' title='bbox 430 5549 619 5617; x_wconf 88' lang='lat' dir='ltr'><strong>templi</strong></span> <span class='ocrx_word' id='word_1_752' title='bbox 651 5547 826 5601; x_wconf 81' lang='lat' dir='ltr'><strong>solum</strong></span> <span class='ocrx_word' id='word_1_753' title='bbox 855 5545 1168 5616; x_wconf 86' lang='lat' dir='ltr'><strong>conspersit</strong></span> <span class='ocrx_word' id='word_1_754' title='bbox 1200 5562 1213 5599; x_wconf 92' lang='lat'><strong>:</strong></span> <span class='ocrx_word' id='word_1_755' title='bbox 1242 5555 1447 5601; x_wconf 91' lang='lat' dir='ltr'><strong>etcum</strong></span> <span class='ocrx_word' id='word_1_756' title='bbox 1470 5545 1551 5600; x_wconf 91' lang='lat' dir='ltr'><strong>sic</strong></span> <span class='ocrx_word' id='word_1_757' title='bbox 1578 5546 1742 5600; x_wconf 88' lang='lat' dir='ltr'><strong>ambo</strong></span> <span class='ocrx_word' id='word_1_758' title='bbox 1776 5546 2012 5601; x_wconf 83' lang='lat' dir='ltr'><strong>clausis-</strong></span> 
     </span>
    </p>
   </div>
   <div class='ocr_carea' id='block_1_105' title="bbox 427 5639 2013 5709">
    <p class='ocr_par' dir='ltr' id='par_1_105' title="bbox 427 5639 2013 5709">
     <span class='ocr_line' id='line_1_105' title="bbox 427 5639 2013 5709; baseline 0.001 -16"><span class='ocrx_word' id='word_1_759' title='bbox 427 5647 632 5695; x_wconf 85' lang='lat' dir='ltr'><strong>sentet</strong></span> <span class='ocrx_word' id='word_1_760' title='bbox 685 5640 1091 5709; x_wconf 77' lang='lat' dir='ltr'><strong>obsignassent,</strong></span> <span class='ocrx_word' id='word_1_761' title='bbox 1131 5648 1507 5693; x_wconf 83' lang='lat' dir='ltr'><strong>recesserunt.</strong></span> <span class='ocrx_word' id='word_1_762' title='bbox 1552 5639 1820 5709; x_wconf 85' lang='lat' dir='ltr'><strong>Sequenti</strong></span> <span class='ocrx_word' id='word_1_763' title='bbox 1877 5656 2013 5696; x_wconf 89' lang='lat' dir='ltr'><strong>vero</strong></span> 
     </span>
    </p>
   </div>
   <div class='ocr_carea' id='block_1_106' title="bbox 430 5728 2011 5801">
    <p class='ocr_par' dir='ltr' id='par_1_106' title="bbox 430 5728 2011 5801">
     <span class='ocr_line' id='line_1_106' title="bbox 430 5728 2011 5801; baseline 0.004 -21"><span class='ocrx_word' id='word_1_764' title='bbox 430 5731 517 5784; x_wconf 71' lang='lat' dir='ltr'><strong>die</strong></span> <span class='ocrx_word' id='word_1_765' title='bbox 551 5732 897 5797; x_wconf 85' lang='lat' dir='ltr'><strong>accedentes,</strong></span> <span class='ocrx_word' id='word_1_766' title='bbox 941 5728 1133 5786; x_wconf 85' lang='lat' dir='ltr'><strong>vident</strong></span> <span class='ocrx_word' id='word_1_767' title='bbox 1166 5730 1395 5801; x_wconf 74' lang='lat' dir='ltr'><strong>vestigia</strong></span> <span class='ocrx_word' id='word_1_768' title='bbox 1427 5731 1722 5785; x_wconf 87' lang='lat' dir='ltr'><strong>mulierum</strong></span> <span class='ocrx_word' id='word_1_769' title='bbox 1774 5742 1830 5787; x_wconf 91' lang='lat' dir='ltr'><strong>ct</strong></span> <span class='ocrx_word' id='word_1_770' title='bbox 1862 5733 2011 5787; x_wconf 90' lang='lat' dir='ltr'><strong>viro-</strong></span> 
     </span>
    </p>
   </div>
   <div class='ocr_carea' id='block_1_107' title="bbox 435 5820 2013 5893">
    <p class='ocr_par' dir='ltr' id='par_1_107' title="bbox 435 5820 2013 5893">
     <span class='ocr_line' id='line_1_107' title="bbox 435 5820 2013 5893; baseline 0.005 -22"><span class='ocrx_word' id='word_1_771' title='bbox 435 5834 555 5874; x_wconf 80' lang='lat' dir='ltr'><strong>rum</strong></span> <span class='ocrx_word' id='word_1_772' title='bbox 588 5831 642 5876; x_wconf 91' lang='lat' dir='ltr'><strong>et</strong></span> <span class='ocrx_word' id='word_1_773' title='bbox 672 5837 971 5891; x_wconf 89' lang='lat' dir='ltr'><strong>puerorum</strong></span> <span class='ocrx_word' id='word_1_774' title='bbox 999 5820 1055 5876; x_wconf 89' lang='lat' dir='ltr'><strong>in</strong></span> <span class='ocrx_word' id='word_1_775' title='bbox 1082 5821 1289 5877; x_wconf 86' lang='lat' dir='ltr'><strong>cinere.</strong></span> <span class='ocrx_word' id='word_1_776' title='bbox 1315 5821 1418 5887; x_wconf 86' lang='lat' dir='ltr'><strong>Qui</strong></span> <span class='ocrx_word' id='word_1_777' title='bbox 1444 5823 1607 5878; x_wconf 84' lang='lat' dir='ltr'><strong>etiam</strong></span> <span class='ocrx_word' id='word_1_778' title='bbox 1637 5823 1803 5893; x_wconf 82' lang='lat' dir='ltr'><strong>capti,</strong></span> <span class='ocrx_word' id='word_1_779' title='bbox 1827 5832 2013 5879; x_wconf 91' lang='lat' dir='ltr'><strong>osten-</strong></span> 
     </span>
    </p>
   </div>
   <div class='ocr_carea' id='block_1_108' title="bbox 2120 4622 3716 4697">
    <p class='ocr_par' dir='ltr' id='par_1_108' title="bbox 2120 4622 3716 4697">
     <span class='ocr_line' id='line_1_108' title="bbox 2120 4622 3716 4697; baseline 0.001 -20"><span class='ocrx_word' id='word_1_780' title='bbox 2120 4622 2281 4677; x_wconf 83' lang='grc' dir='ltr'>καλεῖ</span> <span class='ocrx_word' id='word_1_781' title='bbox 2324 4623 2643 4694; x_wconf 84' lang='grc' dir='ltr'>παραυτίκα</span> <span class='ocrx_word' id='word_1_782' title='bbox 2702 4628 2831 4687; x_wconf 69' lang='grc' dir='ltr'>τοὺς</span> <span class='ocrx_word' id='word_1_783' title='bbox 2883 4626 3071 4697; x_wconf 83' lang='grc' dir='ltr'>ἱερεῖς,</span> <span class='ocrx_word' id='word_1_784' title='bbox 3113 4625 3329 4679; x_wconf 84' lang='grc' dir='ltr'>ἀπειλεί</span> <span class='ocrx_word' id='word_1_785' title='bbox 3366 4627 3623 4690; x_wconf 85' lang='grc' dir='ltr'>θάνατον,</span> <span class='ocrx_word' id='word_1_786' title='bbox 3656 4629 3716 4679; x_wconf 80' lang='grc' dir='ltr'>εἰ</span> 
     </span>
    </p>
   </div>
   <div class='ocr_carea' id='block_1_109' title="bbox 2124 4714 3718 4794">
    <p class='ocr_par' dir='ltr' id='par_1_109' title="bbox 2124 4714 3718 4794">
     <span class='ocr_line' id='line_1_109' title="bbox 2124 4714 3718 4794; baseline 0.004 -28"><span class='ocrx_word' id='word_1_787' title='bbox 2124 4714 2199 4786; x_wconf 83' lang='grc' dir='ltr'>μὴ</span> <span class='ocrx_word' id='word_1_788' title='bbox 2228 4714 2571 4782; x_wconf 79' lang='grc' dir='ltr'>ἀποδείξαιεν</span> <span class='ocrx_word' id='word_1_789' title='bbox 2596 4715 2847 4771; x_wconf 84' lang='grc' dir='ltr'>ἐσθίοντα</span> <span class='ocrx_word' id='word_1_790' title='bbox 2875 4718 2968 4772; x_wconf 77' lang='grc' dir='ltr'>τὸν</span> <span class='ocrx_word' id='word_1_791' title='bbox 2996 4719 3111 4791; x_wconf 73' lang='grc' dir='ltr'><strong>Βήλ</strong></span> <span class='ocrx_word' id='word_1_792' title='bbox 3133 4721 3207 4772; x_wconf 85' lang='grc' dir='ltr'><strong>ὀί</strong></span> <span class='ocrx_word' id='word_1_793' title='bbox 3235 4719 3291 4772; x_wconf 77' lang='grc' dir='ltr'>δέ</span> <span class='ocrx_word' id='word_1_794' title='bbox 3311 4737 3324 4749; x_wconf 87' lang='grc'><strong>·</strong></span> <span class='ocrx_word' id='word_1_795' title='bbox 3362 4721 3440 4791; x_wconf 80' lang='grc' dir='ltr'><strong>Τῇ</strong></span> <span class='ocrx_word' id='word_1_796' title='bbox 3459 4721 3718 4794; x_wconf 74' lang='grc' dir='ltr'>τραπέζῃ</span> 
     </span>
    </p>
   </div>
   <div class='ocr_carea' id='block_1_110' title="bbox 2120 4810 3717 4884">
    <p class='ocr_par' dir='ltr' id='par_1_110' title="bbox 2120 4810 3717 4884">
     <span class='ocr_line' id='line_1_110' title="bbox 2120 4810 3717 4884; baseline 0.004 -24"><span class='ocrx_word' id='word_1_797' title='bbox 2120 4810 2388 4880; x_wconf 83' lang='grc' dir='ltr'>παράθες,</span> <span class='ocrx_word' id='word_1_798' title='bbox 2421 4810 2656 4879; x_wconf 71' lang='grc' dir='ltr'>ἔφασαν,</span> <span class='ocrx_word' id='word_1_799' title='bbox 2691 4810 2762 4864; x_wconf 77' lang='grc' dir='ltr'>τὰ</span> <span class='ocrx_word' id='word_1_800' title='bbox 2805 4811 3099 4884; x_wconf 84' lang='grc' dir='ltr'>βρώματα,</span> <span class='ocrx_word' id='word_1_801' title='bbox 3134 4811 3393 4883; x_wconf 73' lang='grc' dir='ltr'>βασιλεῦ’</span> <span class='ocrx_word' id='word_1_802' title='bbox 3436 4813 3624 4883; x_wconf 77' lang='grc' dir='ltr'>ἔξιμεν</span> <span class='ocrx_word' id='word_1_803' title='bbox 3651 4812 3717 4866; x_wconf 68' lang='grc' dir='ltr'>δὲ</span> 
     </span>
    </p>
   </div>
   <div class='ocr_carea' id='block_1_111' title="bbox 2121 4903 3714 4977">
    <p class='ocr_par' dir='ltr' id='par_1_111' title="bbox 2121 4903 3714 4977">
     <span class='ocr_line' id='line_1_111' title="bbox 2121 4903 3714 4977; baseline 0.003 -23"><span class='ocrx_word' id='word_1_804' title='bbox 2121 4903 2432 4973; x_wconf 73' lang='grc' dir='ltr'>ἡμεῖς,καὶ</span> <span class='ocrx_word' id='word_1_805' title='bbox 2492 4903 2657 4967; x_wconf 77' lang='grc' dir='ltr'>αὐτὸς</span> <span class='ocrx_word' id='word_1_806' title='bbox 2706 4904 2887 4960; x_wconf 71' lang='grc' dir='ltr'>κλεισὶ</span> <span class='ocrx_word' id='word_1_807' title='bbox 2934 4906 3030 4958; x_wconf 78' lang='grc' dir='ltr'>καὶ</span> <span class='ocrx_word' id='word_1_808' title='bbox 3075 4908 3342 4977; x_wconf 87' lang='grc' dir='ltr'>σφραγῖσι</span> <span class='ocrx_word' id='word_1_809' title='bbox 3389 4903 3489 4977; x_wconf 81' lang='grc' dir='ltr'>τὴν</span> <span class='ocrx_word' id='word_1_810' title='bbox 3530 4905 3714 4974; x_wconf 84' lang='grc' dir='ltr'>θύραν</span> 
     </span>
    </p>
   </div>
   <div class='ocr_carea' id='block_1_112' title="bbox 2121 4995 3715 5069">
    <p class='ocr_par' dir='ltr' id='par_1_112' title="bbox 2121 4995 3715 5069">
     <span class='ocr_line' id='line_1_112' title="bbox 2121 4995 3715 5069; baseline 0.002 -21"><span class='ocrx_word' id='word_1_811' title='bbox 2121 4995 2594 5066; x_wconf 79' lang='grc' dir='ltr'>ἀσφαλισάμενος,</span> <span class='ocrx_word' id='word_1_812' title='bbox 2626 4998 2727 5067; x_wconf 84' lang='grc' dir='ltr'>τὴν</span> <span class='ocrx_word' id='word_1_813' title='bbox 2761 4997 2889 5069; x_wconf 79' lang='grc' dir='ltr'><strong>ἑξῆς</strong></span> <span class='ocrx_word' id='word_1_814' title='bbox 2934 4997 3034 5063; x_wconf 82' lang='grc' dir='ltr'>ι’θι,</span> <span class='ocrx_word' id='word_1_815' title='bbox 3068 4998 3164 5051; x_wconf 74' lang='grc' dir='ltr'>καὶ</span> <span class='ocrx_word' id='word_1_816' title='bbox 3193 5000 3241 5050; x_wconf 86' lang='grc' dir='ltr'><strong>εί</strong></span> <span class='ocrx_word' id='word_1_817' title='bbox 3274 4999 3350 5068; x_wconf 85' lang='grc' dir='ltr'><strong>μὴ</strong></span> <span class='ocrx_word' id='word_1_818' title='bbox 3380 4997 3715 5062; x_wconf 86' lang='grc' dir='ltr'>καταλάϐοις</span> 
     </span>
    </p>
   </div>
   <div class='ocr_carea' id='block_1_113' title="bbox 2121 5087 3708 5161">
    <p class='ocr_par' dir='ltr' id='par_1_113' title="bbox 2121 5087 3708 5161">
     <span class='ocr_line' id='line_1_113' title="bbox 2121 5087 3708 5161; baseline 0.003 -20"><span class='ocrx_word' id='word_1_819' title='bbox 2121 5087 2450 5158; x_wconf 81' lang='grc' dir='ltr'>ἀνηλωμένα</span> <span class='ocrx_word' id='word_1_820' title='bbox 2486 5091 2692 5157; x_wconf 65' lang='grc' dir='ltr'>πάντα,</span> <span class='ocrx_word' id='word_1_821' title='bbox 2722 5090 2867 5155; x_wconf 79' lang='grc' dir='ltr'>ἄξιοι</span> <span class='ocrx_word' id='word_1_822' title='bbox 2900 5091 3175 5161; x_wconf 77' lang='grc' dir='ltr'>τιμωρίας</span> <span class='ocrx_word' id='word_1_823' title='bbox 3204 5091 3371 5161; x_wconf 78' lang='grc' dir='ltr'>ἡμεῖς</span> <span class='ocrx_word' id='word_1_824' title='bbox 3393 5104 3407 5120; x_wconf 85' lang='lat'><strong>&#39;</strong></span> <span class='ocrx_word' id='word_1_825' title='bbox 3442 5093 3492 5144; x_wconf 83' lang='grc' dir='ltr'><strong>εί</strong></span> <span class='ocrx_word' id='word_1_826' title='bbox 3521 5090 3564 5142; x_wconf 85' lang='grc' dir='ltr'>δ’</span> <span class='ocrx_word' id='word_1_827' title='bbox 3588 5090 3708 5157; x_wconf 81' lang='grc' dir='ltr'>οῦν,</span> 
     </span>
    </p>
   </div>
   <div class='ocr_carea' id='block_1_114' title="bbox 2121 5180 3715 5253">
    <p class='ocr_par' dir='ltr' id='par_1_114' title="bbox 2121 5180 3715 5253">
     <span class='ocr_line' id='line_1_114' title="bbox 2121 5180 3715 5253; baseline -0.001 -18"><span class='ocrx_word' id='word_1_828' title='bbox 2121 5180 2259 5235; x_wconf 74' lang='grc' dir='ltr'>ἀλλὰ</span> <span class='ocrx_word' id='word_1_829' title='bbox 2285 5181 2484 5252; x_wconf 83' lang='grc' dir='ltr'>Δανιὴλ</span> <span class='ocrx_word' id='word_1_830' title='bbox 2516 5182 2756 5248; x_wconf 85' lang='grc' dir='ltr'>πάντως,</span> <span class='ocrx_word' id='word_1_831' title='bbox 2791 5186 2818 5237; x_wconf 90' lang='grc' dir='ltr'>ὁ</span> <span class='ocrx_word' id='word_1_832' title='bbox 2866 5185 2965 5237; x_wconf 79' lang='grc' dir='ltr'>καὶ</span> <span class='ocrx_word' id='word_1_833' title='bbox 3009 5183 3177 5238; x_wconf 87' lang='grc' dir='ltr'>αὐτοῦ</span> <span class='ocrx_word' id='word_1_834' title='bbox 3236 5183 3362 5236; x_wconf 85' lang='grc' dir='ltr'>θεοῦ</span> <span class='ocrx_word' id='word_1_835' title='bbox 3415 5200 3479 5253; x_wconf 84' lang='grc' dir='ltr'><strong>γε</strong></span> <span class='ocrx_word' id='word_1_836' title='bbox 3535 5199 3715 5236; x_wconf 76' lang='grc' dir='ltr'>κατα-</span> 
     </span>
    </p>
   </div>
   <div class='ocr_carea' id='block_1_115' title="bbox 2120 5272 3711 5347">
    <p class='ocr_par' dir='ltr' id='par_1_115' title="bbox 2120 5272 3711 5347">
     <span class='ocr_line' id='line_1_115' title="bbox 2120 5272 3711 5347; baseline 0.003 -22"><span class='ocrx_word' id='word_1_837' title='bbox 2120 5272 2468 5343; x_wconf 79' lang='grc' dir='ltr'>ψευσάμενος</span> <span class='ocrx_word' id='word_1_838' title='bbox 2497 5275 2593 5328; x_wconf 77' lang='grc' dir='ltr'>καὶ</span> <span class='ocrx_word' id='word_1_839' title='bbox 2625 5275 2807 5344; x_wconf 85' lang='grc' dir='ltr'>ἡμῶν.</span> <span class='ocrx_word' id='word_1_840' title='bbox 2851 5274 3036 5347; x_wconf 81' lang='grc' dir='ltr'>Κύρος</span> <span class='ocrx_word' id='word_1_841' title='bbox 3069 5276 3166 5346; x_wconf 80' lang='grc' dir='ltr'>μὲν</span> <span class='ocrx_word' id='word_1_842' title='bbox 3198 5272 3292 5330; x_wconf 83' lang='grc' dir='ltr'><strong>οὖν</strong></span> <span class='ocrx_word' id='word_1_843' title='bbox 3324 5276 3465 5330; x_wconf 77' lang='grc' dir='ltr'>κατὰ</span> <span class='ocrx_word' id='word_1_844' title='bbox 3493 5277 3585 5330; x_wconf 83' lang='grc' dir='ltr'>τὸν</span> <span class='ocrx_word' id='word_1_845' title='bbox 3616 5277 3711 5329; x_wconf 86' lang='grc' dir='ltr'><strong>λό-</strong></span> 
     </span>
    </p>
   </div>
   <div class='ocr_carea' id='block_1_116' title="bbox 2121 5362 3708 5439">
    <p class='ocr_par' dir='ltr' id='par_1_116' title="bbox 2121 5362 3708 5439">
     <span class='ocr_line' id='line_1_116' title="bbox 2121 5362 3708 5439; baseline 0.003 -23"><span class='ocrx_word' id='word_1_846' title='bbox 2121 5381 2218 5433; x_wconf 91' lang='grc' dir='ltr'><strong>γον</strong></span> <span class='ocrx_word' id='word_1_847' title='bbox 2248 5363 2358 5416; x_wconf 87' lang='grc' dir='ltr'>τῶν</span> <span class='ocrx_word' id='word_1_848' title='bbox 2403 5362 2713 5435; x_wconf 85' lang='grc' dir='ltr'>βρωμάτων</span> <span class='ocrx_word' id='word_1_849' title='bbox 2742 5366 2905 5430; x_wconf 83' lang='grc' dir='ltr'>εὐθὺς</span> <span class='ocrx_word' id='word_1_850' title='bbox 2934 5367 3205 5438; x_wconf 83' lang='grc' dir='ltr'>πεποίηκε</span> <span class='ocrx_word' id='word_1_851' title='bbox 3231 5368 3331 5439; x_wconf 75' lang='grc' dir='ltr'>τὴν</span> <span class='ocrx_word' id='word_1_852' title='bbox 3358 5367 3668 5438; x_wconf 74' lang='grc' dir='ltr'>παράθεσιν</span> <span class='ocrx_word' id='word_1_853' title='bbox 3695 5384 3708 5397; x_wconf 90' lang='grc'><strong>·</strong></span> 
     </span>
    </p>
   </div>
   <div class='ocr_carea' id='block_1_117' title="bbox 2121 5455 3712 5531">
    <p class='ocr_par' dir='ltr' id='par_1_117' title="bbox 2121 5455 3712 5531">
     <span class='ocr_line' id='line_1_117' title="bbox 2121 5455 3712 5531; baseline 0.004 -22"><span class='ocrx_word' id='word_1_854' title='bbox 2121 5455 2322 5527; x_wconf 82' lang='grc' dir='ltr'>Δανιὴλ</span> <span class='ocrx_word' id='word_1_855' title='bbox 2352 5456 2409 5510; x_wconf 82' lang='grc' dir='ltr'>δὲ</span> <span class='ocrx_word' id='word_1_856' title='bbox 2437 5455 2662 5521; x_wconf 87' lang='grc' dir='ltr'>τούτους</span> <span class='ocrx_word' id='word_1_857' title='bbox 2691 5456 2892 5521; x_wconf 85' lang='grc' dir='ltr'>λαθὼν,</span> <span class='ocrx_word' id='word_1_858' title='bbox 2929 5459 3129 5531; x_wconf 79' lang='grc' dir='ltr'>σποδιᾷ</span> <span class='ocrx_word' id='word_1_859' title='bbox 3167 5459 3227 5512; x_wconf 85' lang='grc' dir='ltr'>τὸ</span> <span class='ocrx_word' id='word_1_860' title='bbox 3254 5460 3349 5513; x_wconf 90' lang='grc' dir='ltr'><strong>τοῦ</strong></span> <span class='ocrx_word' id='word_1_861' title='bbox 3379 5460 3511 5513; x_wconf 86' lang='grc' dir='ltr'>ναοῦ</span> <span class='ocrx_word' id='word_1_862' title='bbox 3559 5460 3596 5513; x_wconf 80' lang='grc' dir='ltr'><strong>ἆ</strong></span> <span class='ocrx_word' id='word_1_863' title='bbox 3642 5479 3712 5515; x_wconf 90' lang='grc' dir='ltr'><strong>αν</strong></span> 
     </span>
    </p>
   </div>
   <div class='ocr_carea' id='block_1_118' title="bbox 2120 5547 3712 5624">
    <p class='ocr_par' dir='ltr' id='par_1_118' title="bbox 2120 5547 3712 5624">
     <span class='ocr_line' id='line_1_118' title="bbox 2120 5547 3712 5624; baseline 0.004 -24"><span class='ocrx_word' id='word_1_864' title='bbox 2120 5547 2318 5617; x_wconf 77' lang='grc' dir='ltr'>ἔδαφος</span> <span class='ocrx_word' id='word_1_865' title='bbox 2353 5548 2694 5602; x_wconf 86' lang='grc' dir='ltr'>καταπάττει</span> <span class='ocrx_word' id='word_1_866' title='bbox 2716 5565 2729 5579; x_wconf 76' lang='grc'><strong><em>⁸</em></strong></span> <span class='ocrx_word' id='word_1_867' title='bbox 2758 5552 2852 5603; x_wconf 76' lang='grc' dir='ltr'><strong>καὶ</strong></span> <span class='ocrx_word' id='word_1_868' title='bbox 2874 5549 3018 5605; x_wconf 73' lang='grc' dir='ltr'>οὕτω</span> <span class='ocrx_word' id='word_1_869' title='bbox 3044 5552 3358 5617; x_wconf 87' lang='grc' dir='ltr'>κλείσαντες</span> <span class='ocrx_word' id='word_1_870' title='bbox 3399 5554 3712 5624; x_wconf 82' lang='grc' dir='ltr'>ἀμφότεροι</span> 
     </span>
    </p>
   </div>
   <div class='ocr_carea' id='block_1_119' title="bbox 2123 5640 3711 5716">
    <p class='ocr_par' dir='ltr' id='par_1_119' title="bbox 2123 5640 3711 5716">
     <span class='ocr_line' id='line_1_119' title="bbox 2123 5640 3711 5716; baseline 0.004 -24"><span class='ocrx_word' id='word_1_871' title='bbox 2123 5643 2219 5693; x_wconf 75' lang='grc' dir='ltr'>καὶ</span> <span class='ocrx_word' id='word_1_872' title='bbox 2252 5640 2661 5712; x_wconf 77' lang='grc' dir='ltr'>σφραγίσαντες</span> <span class='ocrx_word' id='word_1_873' title='bbox 2696 5640 2903 5712; x_wconf 54' lang='grc' dir='ltr'>ᾧλοντο</span> <span class='ocrx_word' id='word_1_874' title='bbox 2928 5660 2943 5675; x_wconf 90' lang='grc'><strong>·</strong></span> <span class='ocrx_word' id='word_1_875' title='bbox 2997 5647 3062 5714; x_wconf 74' lang='grc' dir='ltr'>τῇ</span> <span class='ocrx_word' id='word_1_876' title='bbox 3096 5645 3225 5714; x_wconf 79' lang='grc' dir='ltr'><strong>ἑξῆς</strong></span> <span class='ocrx_word' id='word_1_877' title='bbox 3275 5645 3333 5698; x_wconf 85' lang='grc' dir='ltr'>δὲ</span> <span class='ocrx_word' id='word_1_878' title='bbox 3388 5646 3711 5716; x_wconf 80' lang='grc' dir='ltr'>παριόντες,</span> 
     </span>
    </p>
   </div>
   <div class='ocr_carea' id='block_1_120' title="bbox 2122 5733 3713 5808">
    <p class='ocr_par' dir='ltr' id='par_1_120' title="bbox 2122 5733 3713 5808">
     <span class='ocr_line' id='line_1_120' title="bbox 2122 5733 3713 5808; baseline 0.004 -23"><span class='ocrx_word' id='word_1_879' title='bbox 2122 5735 2244 5803; x_wconf 75' lang='grc' dir='ltr'>ἴχνη</span> <span class='ocrx_word' id='word_1_880' title='bbox 2280 5733 2560 5801; x_wconf 70' lang='grc' dir='ltr'>γυναικῶν</span> <span class='ocrx_word' id='word_1_881' title='bbox 2588 5733 2683 5787; x_wconf 76' lang='grc' dir='ltr'><strong>καὶ</strong></span> <span class='ocrx_word' id='word_1_882' title='bbox 2718 5736 2927 5807; x_wconf 82' lang='grc' dir='ltr'>ἀνδρῶν</span> <span class='ocrx_word' id='word_1_883' title='bbox 2966 5738 3059 5790; x_wconf 77' lang='grc' dir='ltr'>καὶ</span> <span class='ocrx_word' id='word_1_884' title='bbox 3095 5737 3327 5791; x_wconf 81' lang='grc' dir='ltr'>παιδίων</span> <span class='ocrx_word' id='word_1_885' title='bbox 3360 5739 3531 5808; x_wconf 76' lang='grc' dir='ltr'>ὁρῶσι</span> <span class='ocrx_word' id='word_1_886' title='bbox 3566 5740 3713 5792; x_wconf 52' lang='grc' dir='ltr'>κατὰ</span> 
     </span>
    </p>
   </div>
   <div class='ocr_carea' id='block_1_121' title="bbox 2119 5825 3714 5901">
    <p class='ocr_par' dir='ltr' id='par_1_121' title="bbox 2119 5825 3714 5901">
     <span class='ocr_line' id='line_1_121' title="bbox 2119 5825 3714 5901; baseline 0.003 -23"><span class='ocrx_word' id='word_1_887' title='bbox 2119 5826 2212 5896; x_wconf 74' lang='grc' dir='ltr'>τῆς</span> <span class='ocrx_word' id='word_1_888' title='bbox 2258 5825 2503 5890; x_wconf 68' lang='grc' dir='ltr'>σποδιάς,</span> <span class='ocrx_word' id='word_1_889' title='bbox 2552 5826 2604 5879; x_wconf 78' lang='grc' dir='ltr'>οἳ</span> <span class='ocrx_word' id='word_1_890' title='bbox 2662 5828 2756 5884; x_wconf 71' lang='grc' dir='ltr'>καὶ</span> <span class='ocrx_word' id='word_1_891' title='bbox 2812 5828 3111 5899; x_wconf 64' lang='grc' dir='ltr'>ληφθέντες</span> <span class='ocrx_word' id='word_1_892' title='bbox 3161 5830 3255 5893; x_wconf 78' lang='grc' dir='ltr'>τὰς</span> <span class='ocrx_word' id='word_1_893' title='bbox 3300 5830 3549 5901; x_wconf 73' lang='grc' dir='ltr'>κρυπτὰς</span> <span class='ocrx_word' id='word_1_894' title='bbox 3611 5832 3714 5883; x_wconf 77' lang='grc' dir='ltr'><strong>ὑπ-</strong></span> 
     </span>
    </p>
   </div>
  </div>
