3994 6494
417 399 530 464 399

1728 401 2013 462 MENSlS
2045 400 2345 464 IULIUS.

3573 411 3686 473 600

417 513 642 586 quidem
669 527 735 567 ex
771 527 865 567 ore
891 513 1148 566 leonum?
1182 513 1464 582 Relinquit
1495 525 1678 569 autem
1705 529 1830 570 eum
1855 514 1999 569 fame

2117 513 2220 566 πότι
2272 512 2685 583 παντοδῦναμον
2716 514 2884 568 αὺτοῦ
2942 514 3044 585 τῆς
3099 517 3280 588 ίσχυος
3335 519 3428 574 καὶ
3471 521 3535 574 τὸ
3573 523 3687 576 τῶν

421 608 753 664 moriturum
778 623 790 667 ;
817 614 911 660 aut
932 606 1249 660 alimentum
1267 605 1490 675 quidem
1507 606 1712 677 praebet
1734 609 1992 666 adesum.

420 700 518 755 sed
575 714 673 769 per
728 697 1086 768 alienigenam
1137 696 1376 767 aliquem
1417 708 1472 753 et
1507 698 1998 754 incircumcisum?

421 792 652 847 Multum
680 790 856 844 abest.
887 789 992 844 Sed
1017 798 1075 844 ut
1103 805 1201 858 per
1224 790 1409 844 omnia
1440 792 1854 861 omnipotentes
1880 791 1999 860 ejus

421 880 569 934 vires
604 888 660 935 et
723 877 1021 934 initiabilis
1081 879 1464 935 misericordia
1501 882 1656 937 ﬁeret
1685 881 1997 945 manifesta,

421 971 606 1024 divina
635 969 858 1040 quidem
891 985 1056 1023 manu
1099 970 1470 1025 obstruuntur
1508 987 1604 1026 ora
1633 973 1878 1034 leonum,
1916 972 1998 1027 vel

421 1060 673 1131 protinus
705 1062 805 1131 ipsi
841 1061 1057 1131 seipsos
1106 1063 1481 1131 comprimunt
1527 1077 1592 1118 ac
1640 1063 1993 1126 contrahunt,

419 1154 651 1223 angulos
707 1154 1031 1218 subeuntes,
1059 1162 1116 1208 et
1143 1169 1246 1210 nec
1274 1170 1493 1210 sacrum
1545 1171 1746 1225 corpus
1771 1155 1997 1210 omnino

420 1245 692 1302 audentes
712 1248 982 1317 attingere
1009 1264 1023 1300 :
1061 1247 1158 1302 sed
1190 1258 1450 1318 tanquam
1471 1248 1695 1318 quidam
1727 1249 1998 1305 satellites

2105 607 2407 681 οἰκτιρμῶν
2443 607 2756 680 ἀπόρῥητον
2792 610 3108 679 καταφανὲς
3141 612 3388 682 γένηται,
3437 615 3684 686 ἐμφράτ-

2105 716 2257 752 τεται
2288 700 2388 768 μὲν
2417 699 2538 771 θείᾳ
2571 701 2800 771 παλάμῃ
2828 700 3058 755 λεόντων
3088 703 3356 773 στόματα,
3393 705 3595 773 μᾶλλον
3629 707 3688 760 δι

2107 789 2202 841 καὶ
2234 789 2370 860 πρὸς
2405 791 2639 853 ἑαυτοὺς
2668 789 3052 845 συστέλλονται
3079 794 3200 856 ταῖς
3229 795 3458 861 γωνίαις
3506 813 3661 867 παρα

2105 879 2356 951 δυόμενοι
2401 881 2496 936 καὶ
2529 883 2656 952 μηδ’
2682 882 2819 948 ὅλως
2856 883 3004 955 ἱεροῦ
3038 883 3292 954 σώματος
3323 887 3687 959 παραψαῦσαι

2105 973 2438 1042 τολμῶντες,
2472 975 2588 1030 ἀλλ’
2619 974 2808 1046 ῶσπερ
2837 976 3128 1048 δορυφόροι
3151 977 3296 1038 τινὲς
3329 977 3476 1030 εὖνοί
3501 996 3559 1030 τε
3593 982 3684 1032 καλ

2107 1065 2422 1119 πιστότατοι
2444 1067 2536 1119 τὸν
2558 1067 2768 1121 ἑαυτῶν
2783 1067 3142 1136 φυλάττοντες
3159 1068 3408 1138 βασιλέα,
3430 1069 3523 1123 καὶ
3547 1069 3687 1140 μηδι

2107 1155 2200 1208 τοῦ
2231 1155 2390 1226 λιμοῦ
2427 1158 2733 1228 μνησθῆναι
2785 1158 2891 1212 ὑπὸ
2946 1158 3042 1212 τοῦ
3093 1160 3483 1231 περικειμένου
3533 1158 3689 1222 δέους

2109 1250 2293 1312 αὐτοῖς
2320 1250 2796 1320 συγχωρούμενοι.

419 1337 672 1393 benevoli
725 1356 789 1394 ac
829 1340 1036 1406 ﬁdeles,
1070 1355 1233 1395 suum
1280 1355 1464 1411 regem
1500 1341 1900 1410 custodientes,
1945 1349 2002 1398 et
2040 1356 2182 1413 quos
2239 1357 2341 1396 nec
2409 1341 2566 1398 famis
2598 1342 2822 1413 quidem
2850 1344 3168 1400 meminisse
3192 1345 3434 1415 sinebat,
3463 1347 3559 1418 qui
3587 1363 3690 1404 eos

422 1433 673 1500 urgebat,
705 1446 904 1489 metus.

491 1525 682 1580 XXIV.
741 1526 873 1581 Erat
922 1516 1114 1583 autem
1157 1528 1298 1584 alius
1328 1531 1552 1600 quidam
1617 1532 1885 1603 propheta
1943 1534 1998 1588 in

419 1618 630 1672 Iudaea.
663 1618 712 1672 Is
745 1626 864 1673 erat
887 1635 1044 1676 sacer
1067 1619 1345 1688 Habacuc,
1377 1639 1541 1694 quem
1567 1625 1681 1678 scio
1704 1626 1840 1681 satis
1878 1641 1998 1680 om-

421 1711 587 1765 nibus
620 1727 742 1767 esse
791 1724 1006 1768 notum.
1036 1714 1088 1770 Is
1111 1731 1264 1785 ergo,
1313 1732 1440 1771 cum
1493 1733 1690 1787 panem
1743 1718 1799 1772 in
1843 1719 1999 1774 disco

2174 1533 2302 1586 KA'.
2331 1525 2441 1583 Ἦν
2471 1530 2526 1584 δέ
2558 1546 2642 1593 τις
2672 1529 2833 1594 ἄλλος
2858 1530 3147 1602 προφήτης
3168 1530 3228 1582 ἐν
3275 1531 3528 1604 Ἰουδαίᾳ,
3553 1532 3582 1584 6
3617 1534 3690 1586 lc-

2100 1625 2193 1696 ρὸς
2227 1624 2554 1695 Ἀμϐακοὺμ
2584 1620 2760 1686 οὗτος,
2791 1624 2851 1676 ὃν
2886 1623 3165 1694 γνώριμον
3200 1618 3342 1677 εἶναι
3383 1626 3551 1678 πᾶσιν
3585 1627 3690 1679 ἐπ-

2101 1718 2328 1784 ίσταμαι
2357 1730 2370 1744 ·
2417 1709 2574 1778 οὗτος
2609 1710 2702 1768 οὖν
2737 1715 2937 1784 ἄρτους
2984 1715 3040 1766 ἐν
3072 1717 3264 1768 πίνακι
3297 1715 3604 1785 διαθρύψας
3630 1717 3694 1769 τὸ

421 1805 840 1862 ςοηιηιὶηυίεερι
872 1816 928 1862 et
949 1809 1041 1879 jus
1064 1809 1114 1862 ei
1148 1809 1486 1877 immisissel,
1514 1810 1704 1865 abibat
1736 1820 1796 1866 ut
1829 1811 1999 1867 ferret

2117 1805 2286 1876 ὶψημά
2332 1823 2392 1859 τε
2440 1806 2655 1870 τούτοις
2706 1804 3006 1873 ἐπιϐαλὼν,
3059 1807 3231 1877 ἀπῄει
3282 1807 3527 1876 κομίζων
3575 1809 3693 1869 τοῖς

419 1898 488 1952 ad
542 1915 849 1966 messores;
881 1909 1001 1955 erat
1032 1901 1181 1956 enim
1220 1910 1440 1972 tempus
1477 1903 1708 1957 aestatis.
1756 1901 1998 1973 Angelus

2117 1899 2389 1968 θερισταῖς
2425 1899 2639 1969 (θέρους
2672 1900 2778 1970 γάρ
2817 1894 2886 1969 ἦν
2913 1901 2940 1952 ό
2966 1899 3200 1970 καιρός),
3232 1899 3466 1968 ἄγγελος
3492 1901 3546 1952 δὲ
3580 1903 3697 1954 Κυ-

419 2001 602 2048 autem
642 1993 860 2048 Domini
887 1994 936 2049 ei
973 1995 1249 2063 apparuit,
1283 2003 1339 2049 et
1361 1995 1526 2065 jussit
1578 2010 1705 2050 eum
1755 1994 1808 2049 id
1855 1994 2002 2049 ferre

420 2084 754 2156 Babylonem
783 2084 848 2138 ad
877 2085 1177 2140 Danielem.
1211 2084 1349 2140 Cum
1375 2084 1422 2138 is
1450 2099 1580 2139 vero
1603 2084 1998 2154 ignorantiam,

421 2184 475 2230 et
500 2192 619 2232 esse
641 2178 939 2232 maximum
964 2177 1109 2247 quod
1136 2177 1427 2232 intercedit
1451 2179 1717 2246 spatium,
1747 2186 1804 2233 et
1833 2193 1999 2248 quam

423 2267 644 2322 dilIicile
692 2278 838 2325 esset
873 2270 1224 2340 imperatum,
1257 2272 1584 2340 adduceret,
1616 2273 1872 2344 protinus
1901 2289 2002 2328 an-

423 2361 580 2428 gelus
610 2376 822 2415 comam
859 2363 1052 2432 capitis
1074 2365 1465 2433 apprehendit,
1486 2375 1542 2420 et
1563 2376 1840 2422 momento
1862 2376 2002 2420 tem-

424 2452 578 2522 poris
607 2453 818 2524 impetu
875 2456 1134 2512 ducentis
1167 2457 1396 2527 spiritus
1423 2475 1701 2529 expansus
1725 2459 1876 2514 stetit
1905 2475 2002 2514 su-

423 2561 523 2615 per
574 2547 753 2604 lacum
803 2565 816 2601 :
853 2557 910 2602 et
943 2550 1239 2620 appellavit
1271 2551 1365 2606 Dei
1400 2552 1668 2616 vinctum,
1703 2562 1760 2607 et
1815 2552 1954 2606 dixit
1988 2569 2001 2606 :

423 2637 627 2708 Accipe
673 2639 814 2694 hanc
865 2655 1099 2705 coenam,
1131 2657 1294 2712 quam
1327 2643 1472 2698 Deus
1510 2643 1576 2698 ad
1627 2652 1678 2698 te
1712 2645 1881 2708 misit,
1925 2643 2002 2698 tui

424 2747 678 2804 magnam
705 2749 893 2789 curam
923 2750 1143 2805 gerens.
1178 2735 1304 2792 Haec
1335 2736 1613 2792 Habacuc.
1651 2738 1877 2809 Magnus
1902 2753 2002 2792 au-

425 2831 536 2879 tem
573 2825 760 2880 Daniel
815 2827 870 2882 in
923 2829 1258 2884 contritione
1306 2830 1534 2899 spiritus
1572 2838 1628 2883 et
1691 2829 2003 2884 humilitate

425 2916 622 2972 animae
654 2934 668 2972 :
698 2918 945 2973 Meminit
974 2935 1108 2974 vero
1149 2922 1254 2976 mei
1287 2922 1455 2985 Deus,
1491 2922 1795 2991 respondit,
1826 2922 2006 2976 ildelis

424 3021 533 3064 vox
591 3018 675 3064 est
734 3026 926 3065 revera
981 3011 1193 3076 famuli,
1232 3013 1511 3082 quomodo
1557 3012 1736 3067 bonus
1784 3027 2005 3082 quoque

427 3096 694 3152 Dominus
720 3099 842 3169 ejus
866 3114 1054 3155 curam
1083 3101 1242 3170 gerit.
1271 3101 1499 3167 Deinde,
1531 3117 1654 3156 cum
1680 3103 2002 3172 accepisset,

429 3190 673 3246 comedit
708 3208 722 3244 :
757 3191 872 3261 ipse
899 3203 1085 3247 autem
1118 3193 1401 3256 Habacuc,
1431 3209 1556 3250 cum
1587 3195 1779 3250 eadem
1811 3209 2004 3250 rursus

2109 1992 2229 2062 ρίου
2271 1993 2582 2059 ἐπιφανεὶς,
2637 1991 3004 2062 μετακομίσαι
3052 1993 3212 2044 τοῦτο
3263 1994 3339 2054 είς
3391 1991 3696 2044 Βαϐυλῶνα

2105 2085 2184 2155 τῷ
2219 2085 2419 2155 Δανιὴλ
2466 2084 2768 2138 ἐπέταττε·
2814 2083 2908 2137 τοῦ
2953 2084 3009 2136 δὲ
3059 2083 3156 2155 τὴν
3209 2083 3436 2150 ἄγνοιαν
3488 2084 3585 2137 καὶ
3635 2086 3700 2137 τὸ

2107 2175 2366 2246 πάμπολυ
2398 2169 2541 2228 εἶναι
2571 2173 2632 2226 τὸ
2668 2172 2874 2243 μεταξὺ
2917 2173 3197 2243 διάστημα
3223 2173 3283 2225 τὸ
3317 2173 3602 2244 ἀμήχανόν
3629 2191 3698 2226 τε

2109 2267 2556 2340 προϐαλλομένου
2614 2265 2707 2320 τοῦ
2757 2266 3155 2335 ἐπιτάγματος,
3191 2265 3391 2319 αὐτίκα
3422 2267 3559 2335 πρὸς
3596 2268 3700 2319 τοῦ

2107 2363 2342 2432 ἀγγέλου
2394 2362 2494 2432 τὴν
2547 2361 2725 2431 κόμην
2781 2361 3149 2431 ὲπιληφθῆναι
3193 2361 3294 2429 τῆς
3338 2361 3585 2431 κεφαλῆς
3634 2363 3700 2414 ἐν

2107 2457 2309 2526 ἀκαρεῖ
2336 2473 2396 2508 τε
2428 2454 2506 2526 τῷ
2544 2452 2708 2525 ῥοίζῳ
2731 2454 2823 2507 τοῦ
2857 2456 3082 2522 ἄγοντος
3107 2453 3423 2524 πνεύματος
3454 2456 3700 2509 ἐκπετα-

2110 2549 2312 2602 σθέντα
2345 2547 2532 2600 ἐπάνω
2558 2547 2751 2615 στῆναι
2779 2547 2871 2600 τοῦ
2892 2547 3096 2601 λάκκου
3123 2550 3217 2602 καὶ
3246 2547 3701 2619 προσαγορεῦσαι

2107 2639 2199 2693 τὸν
2255 2639 2476 2712 δέσμιον
2537 2642 2656 2693 ἐκεῖ
2689 2642 2784 2694 τοῦ
2845 2640 3016 2694 Θεοῦ·
3059 2643 3152 2694 καὶ
3204 2641 3358 2706 δέξαι
3420 2641 3574 2694 τουτὶ
3629 2643 3700 2695 τὸ

2106 2731 2344 2796 δεῖπνον,
2375 2733 2582 2797 εἰπεῖν,
2625 2734 2653 2785 6
2717 2731 2848 2794 Θεός
2903 2750 2985 2786 σοι
3041 2732 3184 2803 μάλα
3250 2733 3547 2803 κηδόμενος
3606 2734 3701 2799 ἐξ-

2109 2825 2424 2880 απέστειλε.
2450 2823 2635 2878 Ταῦτα
2666 2826 2694 2878 6
2729 2825 3078 2896 Ἃμϐακούμ.
3120 2825 3178 2878 '0
3203 2825 3375 2894 μέγας
3406 2827 3461 2879 δὲ
3491 2826 3700 2897 Δανιὴλ

2109 2916 2170 2968 ἐν
2229 2915 2490 2986 συντριϐῇ
2559 2917 2871 2985 πνεύματος
2927 2917 3023 2968 καὶ
3081 2916 3413 2968 ταπεινώσει
3470 2916 3700 2986 ψυχῆςο

2123 3007 2397 3077 Ἐμνήσθη
2448 3009 2506 3061 δέ
2555 3025 2655 3076 μου
2693 3008 2721 3059 6
2771 3007 2925 3072 Θεός,
2967 3007 3301 3078 ἀπεκρίνατο
3328 3021 3342 3035 ⁸
3379 3007 3574 3060 πιστοῦ
3614 3009 3705 3079 τῷ

2109 3100 2223 3154 ὄντι
2279 3101 2612 3172 θεράποντος
2674 3101 2706 3170 ἡ
2757 3100 2930 3170 φωνὴ,
2965 3100 3154 3170 ὥσπερ
3195 3101 3304 3171 ἄρα
3359 3101 3452 3154 καὶ
3482 3101 3701 3169 ἀγαθοῦ

2111 3192 2386 3247 Δεσπότου
2413 3195 2444 3263 ἡ
2477 3194 2603 3262 περὶ
2635 3191 2797 3246 αὐτὸν
2825 3192 3052 3260 πρόνοια
3079 3208 3094 3224 ο
3132 3187 3250 3245 εἷτα
3276 3192 3373 3245 καὶ
3397 3193 3705 3262 δεξάμενος

429 3281 635 3338 virtute
672 3282 804 3336 illud
835 3284 1166 3339 immensum
1223 3285 1614 3341 transvolasset
1657 3286 1917 3356 spatium,
1955 3286 2008 3358 (ο

2117 3282 2349 3352 ἔφαγενο
2387 3261 2629 3336 αῦτῆνδέ
2661 3284 3005 3354 παραχρῆμα
3041 3283 3133 3335 τὸν
3173 3282 3499 3353 Ἀμϐακοῦμ
3533 3261 3703 3346 αὖθις

431 3376 796 3441 celeritatem,
817 3393 851 3433 ο
869 3377 1109 3432 divinam
1136 3378 1541 3448 pernicitatem)
1569 3390 1848 3434 momento
1874 3389 2012 3434 tem-

433 3469 585 3537 poris
609 3468 683 3523 ita
734 3483 835 3523 suo
863 3468 967 3523 fuit
995 3469 1117 3524 loco
1152 3471 1462 3536 restitutus,
1489 3481 1550 3525 ut
1593 3473 1836 3525 nondum
1865 3486 2010 3541 prae-

435 3561 675 3617 teriisset
702 3561 835 3617 hora
869 3561 1085 3632 prandii
1120 3564 1475 3618 messoribus.
1515 3564 1692 3633 Atque
1737 3564 1842 3618 hoc
1883 3563 2011 3634 qui-

431 3653 556 3709 dem
582 3669 708 3710 cum
733 3654 806 3708 sit
837 3655 998 3724 plane
1031 3655 1204 3710 solius
1224 3656 1315 3709 Dei
1341 3671 1479 3724 Opus
1503 3665 1558 3710 et
1583 3656 1702 3726 ejus
1729 3655 2012 3710 immensae

433 3747 718 3814 potentiae,
747 3746 923 3817 majus
952 3763 1016 3802 cx
1060 3762 1120 3803 se
1165 3748 1332 3804 habet
1363 3749 1714 3814 miraculum,
1749 3763 1916 3819 quam
1949 3757 2012 3802 ut

434 3837 488 3894 id
541 3843 714 3910 possit
764 3839 986 3910 assequi
1037 3854 1220 3896 sermo
1251 3841 1333 3896 vel
1379 3841 1666 3911 cogitatio.
1712 3841 1888 3911 Atque
1917 3855 2012 3895 sex

432 3932 654 4002 quidem
686 3932 805 3988 dies
835 3933 916 3988 sic
947 3933 1306 4008 transierunt,
1345 3932 1627 3998 Danielem
1650 3933 1704 3987 in
1729 3933 1850 3988 lacu
1880 3948 2013 3988 con-

432 4039 734 4086 servantes.
768 4029 943 4101 Cyrus
973 4039 1154 4086 autem
1181 4031 1417 4100 septimo
1446 4030 1536 4085 die
1567 4030 1723 4093 abiit,
1774 4038 1834 4084 ut
1873 4029 2014 4083 ami-

433 4135 558 4174 cum
584 4123 697 4191 jam
734 4122 948 4190 lugeret
976 4131 1276 4176 mortuum.
1304 4121 1441 4175 Cum
1477 4137 1609 4176 vero
1643 4121 2011 4190 despexisset,

432 4225 492 4270 et
520 4215 748 4270 vidisset
783 4216 960 4284 ipsum
991 4216 1275 4271 sedentem
1301 4215 1354 4269 in
1384 4216 1504 4269 lacu
1534 4215 1789 4278 illaesum,
1815 4229 2014 4284 magna

437 4323 571 4366 voce
601 4306 847 4362 laudavit
878 4307 1048 4361 Deum
1078 4322 1259 4361 rerum
1289 4305 1722 4369 admirabilium,
1759 4314 1815 4359 et
1842 4305 2016 4374 magis

437 4416 603 4472 quam
637 4400 792 4469 prius
815 4399 1050 4460 Darius;
1081 4409 1137 4453 et
1175 4398 1327 4451 illum
1385 4399 1608 4468 quidem
1646 4400 1797 4454 illinc
1852 4414 2015 4469 quam

439 4495 680 4562 primum
709 4492 949 4547 extraxit
988 4510 1000 4544 :
1033 4507 1129 4546 eos
1155 4499 1360 4557 autem,
1389 4491 1481 4560 qui
1547 4492 1596 4546 ei
1635 4476 1840 4546 temere
1873 4490 2018 4546 invi-

2112 3378 2179 3446 τῇ
2207 3375 2344 3445 αὐτῇ
2401 3375 2630 3444 δυνάμει
2679 3375 2740 3428 τὸ
2795 3375 2989 3447 μυρίον
3038 3377 3215 3428 ἐκεῖνο
3265 3375 3561 3447 διάστημα,
3615 3377 3709 3430 δι·

2113 3468 2365 3522 απτάντα
2396 3465 2462 3538 (ὣ
2487 3466 2582 3520 τοῦ
2609 3467 2829 3537 τάχους,
2854 3465 2899 3518 ὣ
2926 3467 3026 3535 τῆς
3059 3467 3207 3530 θείας
3228 3467 3482 3536 ὀξύτητος
3511 3469 3524 3521 ί
3547 3476 3566 3538 )
3603 3466 3708 3521 06-

2113 3575 2222 3620 τως
2275 3559 2333 3610 ἐν
2365 3559 2498 3627 ῥιπῇ
2561 3558 2699 3626 πρὸς
2733 3556 2824 3610 τὸν
2857 3559 3060 3609 οἰκεῖον
3104 3559 3453 3629 ἀνασωθῆναι
3502 3560 3701 3623 τόπον,

2111 3649 2188 3714 ὡς
2235 3648 2311 3720 μὴ
2355 3647 2805 3718 παρελκυσθῆναι
2854 3647 2954 3716 τὴν
2986 3647 3135 3719 ῶραν
3175 3649 3270 3702 τοῦ
3315 3651 3539 3721 ἀρίστου
3581 3654 3707 3716 τοῖς

2115 3743 2394 3814 θερισταῖς
2421 3757 2434 3772 ·
2467 3742 2625 3795 τοῦτο
2658 3740 2758 3812 μὲν
2787 3737 2882 3794 οῦν
2915 3743 3078 3811 μόνου
3125 3742 3382 3813 καθαρῶς
3429 3743 3589 3814 ἔργον
3635 3743 3708 3800 ὃν

2113 3835 2207 3889 τοῦ
2263 3834 2399 3889 Θεοῦ
2462 3834 2557 3888 καὶ
2614 3835 2714 3904 τῆς
2765 3834 3180 3904 παντοόυνάμου
3217 3836 3414 3906 ῥοπῆς,
3467 3836 3707 3891 αὐτόθεν

2114 3928 2229 3997 ἔχει
2263 3927 2322 3979 τὸ
2351 3926 2538 3996 θαῦμα
2567 3927 2600 3998 ἢ
2634 3924 2775 3980 κατά
2794 3925 2952 3994 λόγου
2977 3927 3071 3978 καὶ
3096 3927 3310 3996 φρενῶν
3339 3928 3589 3997 δύναμιν.
3629 3927 3709 3982 Ἦ

2115 4021 2248 4089 ἒκτη
2287 4019 2385 4090 μὲν
2429 4018 2522 4072 οῦν
2574 4016 2756 4082 οὕτως
2799 4019 3144 4090 ἐπεραίνετο,
3171 4019 3264 4072 τὸν
3302 4018 3502 4090 Δανιὴλ
3532 4023 3590 4074 ἐν
3619 4021 3710 4091 τῷ

2115 4111 2306 4181 λάκκῳ
2335 4110 2690 4180 διατηροῦσα.
2717 4108 2898 4180 Κύρος
2919 4109 2976 4163 δὲ
3001 4113 3065 4181 τῇ
3088 4110 3293 4184 ἐϐδόμῃ
3329 4111 3494 4182 ἀπῄει
3516 4111 3592 4174 ὡς
3612 4129 3713 4164 τε-

2119 4198 2355 4272 θνηκότα
2397 4200 2499 4271 ήδη
2535 4199 2627 4252 τὸν
2667 4197 2821 4267 φίλον
2862 4199 3183 4272 πενθήσων·
3230 4201 3479 4270 ἐγκύψας
3518 4200 3575 4253 δὲ
3605 4204 3713 4256 καὶ

2122 4294 2246 4348 ἰδὼν
2275 4294 2438 4347 αὐτὸν
2466 4296 2524 4346 ἐν
2547 4293 2623 4363 τῷ
2646 4294 2836 4363 λάκκῳ
2867 4294 3177 4363 καθήμενον
3211 4293 3448 4365 ἀϐλαϐῆ,
3487 4293 3711 4365 μεγάλῃ

2119 4388 2272 4455 φωνῇ
2311 4385 2400 4438 τὸν
2431 4384 2540 4437 τῶν
2584 4384 2907 4454 θαυμασίων
2949 4385 3106 4454 ὕμνει
3139 4385 3272 4437 Θεὸν
3300 4387 3395 4438 καὶ
3433 4384 3635 4455 μᾶλλον
3665 4385 3708 4457 ἢ

2120 4478 2347 4546 Δαρεῖος
2380 4476 2440 4529 τὸ
2473 4476 2740 4546 πρότερον
2763 4493 2778 4508 ο
2812 4477 2906 4529 καὶ
2940 4478 3033 4528 τὸν
3071 4473 3170 4545 μὲν
3212 4475 3424 4527 ἐκεῖθεν
3455 4474 3713 4527 ἀνείλκυ-

439 4587 663 4652 debant,
716 4585 982 4640 continuo
1014 4583 1237 4638 demisit
1296 4582 1645 4638 devorandos
1681 4600 1710 4638 a
1739 4583 2008 4639 leonibus.

2126 4586 2218 4622 σεν
2253 4569 2312 4622 ἐν
2359 4569 2564 4639 σπουδῇ
2593 4582 2608 4598 ·
2658 4568 2788 4630 τοὺς
2817 4567 2874 4619 δέ
2912 4567 3092 4637 μάτην
3123 4565 3272 4636 αὑτῷ
3309 4565 3714 4635 βασκαίνοντας

439 4679 532 4733 Sic
591 4679 762 4733 etiam
799 4677 854 4731 in
895 4677 1153 4747 gentibus
1210 4676 1567 4747 cognoscitur
1606 4677 1752 4732 Deus
1809 4677 2018 4748 judicia

440 4771 670 4835 faciens,
705 4779 764 4823 ut
797 4769 851 4822 in
885 4768 1148 4838 operibus
1177 4783 1445 4822 manuum
1487 4769 1733 4838 ipsorum
1767 4784 2020 4838 compre-

445 4861 762 4918 hendantur
807 4861 1152 4930 peccatores,
1186 4859 1488 4930 providens
1518 4859 1681 4913 modo
1724 4860 2013 4914 inell‘abili.

442 4955 569 5010 Fuit
611 4970 743 5025 ergo
789 4962 977 5022 postea
1012 4952 1201 5007 Daniel
1237 4960 1293 5006 et
1323 4953 1467 5022 regis
1501 4954 1806 5018 convictor,
1841 4953 2016 5007 bono-

443 5061 672 5118 remque
703 5054 758 5101 et
791 5045 1024 5117 gloriam
1056 5047 1200 5114 apud
1229 5044 1409 5114 ipsum
1436 5052 1522 5099 est
1553 5055 1888 5100 consecutus
1921 5059 2019 5098 su-

444 5153 540 5209 pra
563 5147 758 5192 omnes
784 5136 903 5207 ejus
931 5136 1150 5191 amicos.

511 5318 677 5383 XXV.
709 5319 817 5377 Sed
843 5329 900 5376 et
929 5335 1120 5376 rursus
1151 5319 1492 5375 admirabilis
1525 5320 1712 5374 Daniel
1757 5330 2020 5375 consueta

442 5417 674 5480 faciens,
707 5424 764 5471 et
810 5428 1174 5484 perseverans
1207 5413 1262 5467 in
1314 5412 1381 5468 ab
1426 5413 1586 5468 initio
1615 5423 1796 5483 empta
1845 5413 2021 5468 absti-

445 5511 649 5570 nentia.
679 5523 873 5564 rursus
909 5507 1107 5562 talibus
1157 5506 1354 5576 dignus
1383 5515 1468 5562 est
1502 5505 1724 5561 habitus
1772 5515 2022 5560 contem-

445 5603 802 5672 plationibus.
832 5600 1125 5660 Fui'cnim.
1153 5601 1332 5669 inquit
1356 5600 1466 5662 ille,
1502 5609 1615 5654 tres
1646 5599 1860 5654 dierum
1891 5600 2027 5655 heb—

447 5694 710 5750 domadas
769 5695 1043 5765 jejunans.
1081 5693 1282 5746 Panem
1309 5695 1455 5747 enim
1480 5692 1880 5748 desideriorum
1902 5707 2020 5748 non

445 5787 679 5851 comedi,
711 5796 767 5840 et
791 5803 918 5840 caro
947 5795 1002 5840 ct
1038 5787 1225 5840 vinum
1252 5801 1360 5838 non
1383 5784 1606 5839 intravit
1634 5787 1686 5839 in
1711 5802 1771 5839 os
1795 5802 1974 5840 meum
2007 5805 2018 5841 :

449 5883 504 5929 et
559 5887 836 5948 unguento
871 5893 980 5933 non
1022 5878 1100 5935 lui
1130 5887 1355 5945 unctus,
1391 5878 1566 5935 donec
1593 5878 1800 5949 impleti
1839 5885 2026 5935 essent

2126 4662 2353 4731 ἑτοίμην
2390 4661 2552 4723 εὐθὺς
2584 4662 2697 4724 τοῖς
2729 4660 2914 4713 λέουσι
2960 4659 3170 4727 καθῆκε
3221 4657 3389 4728 βοράν
3416 4674 3429 4688 ·
3461 4656 3605 4710 οὕτω
3637 4656 3713 4728 δὴ

2123 4754 2229 4807 κάν
2261 4754 2374 4816 τοῖς
2411 4752 2594 4805 ἔθνεσι
2624 4749 2957 4820 γινώσκεται
2995 4749 3202 4820 Κύριος
3245 4749 3497 4821 κρίματα
3531 4749 3713 4802 ποιῶν

2123 4848 2182 4901 ἐν
2209 4849 2318 4909 τοῖς
2352 4845 2536 4916 ἔργοις
2560 4861 2618 4898 τε
2654 4844 2762 4898 τῶν
2787 4844 2986 4914 χειρῶν
3017 4841 3198 4894 αὐτῶν
3217 4842 3476 4913 ἀρῥήτως
3501 4842 3713 4893 οἰκονο-

2129 4939 2268 5010 μῶν,
2299 4938 2423 4999 τοῦς
2454 4935 2814 5007 ἁμαρτωλοὺς
2854 4933 3367 5005 συλλαμϐάνεσθαιο
3405 4928 3473 5003 ἦν
3507 4931 3600 4986 οὖν
3645 4932 3718 4986 τὸ

2130 5033 2267 5104 μετά
2289 5030 2464 5084 ταῦτα
2493 5030 2521 5082 6
2543 5029 2744 5099 Δανιὴλ
2771 5029 3086 5098 συμϐιωτής
3113 5043 3173 5080 τε
3193 5025 3286 5079 τοῦ
3319 5025 3589 5096 βασιλέως
3610 5027 3716 5080 καὶ

2126 5127 2292 5196 τιμῆς
2327 5125 2459 5195 παρ’
2486 5123 2634 5192 αὐτῷ
2668 5123 2762 5176 καὶ
2787 5122 2942 5191 δόξης
2967 5121 3108 5192 ὑπὲρ
3137 5120 3348 5181 πάντας
3385 5118 3550 5170 αὑτοῦ
3584 5118 3715 5181 τοὺς

2131 5220 2318 5288 φίλους
2348 5217 2800 5285 καταξιούμενος.

2202 5308 2328 5363 ΚΕ’.
2379 5307 2542 5361 Ἀλλὰ
2577 5305 2687 5376 γὰρ
2710 5306 2804 5358 καλ⁸
2835 5303 3002 5357 πάλιν
3030 5301 3231 5372 Δανιὴλ
3258 5302 3286 5354 6
3314 5300 3618 5370 θαυμάσιος
3639 5301 3716 5352 τὰ

2132 5401 2336 5473 συνήθη
2368 5399 2540 5454 ποιῶν
2563 5399 2656 5451 καὶ
2679 5398 2781 5466 τῆς
2803 5396 2862 5462 ἐξ
2884 5396 3057 5466 ἀρχῆς
3084 5395 3340 5465 ἐχόμενος
3360 5392 3714 5463 ἐγκρατείας,

2129 5504 2390 5560 τοιούτων
2421 5498 2576 5563 αὖθις
2597 5497 2816 5568 ἠξιοῦτο
2839 5497 2935 5549 καὶ
2959 5497 3067 5548 τῶν
3092 5494 3335 5564 θεωρίων
3355 5508 3370 5522 ⁶
3395 5492 3547 5561 ἥμην
3577 5491 3715 5559 γὰρ⁹

2130 5598 2334 5660 ἐκεῖνός
2371 5611 2525 5665 φησι,
2579 5595 2728 5662 τρεῖς
2785 5587 3088 5658 ἑϐδομάδας
3126 5585 3353 5657 ἡμερῶν
3402 5580 3716 5652 νηστεύων.

2135 5693 2338 5762 Ἀρτον
2386 5691 2494 5759 γάρ
2549 5685 2853 5757 ἐπιθυμιῶν
2909 5684 3012 5736 οῦκ
3052 5682 3258 5750 ἔφαγον
3303 5678 3399 5730 καὶ
3441 5677 3578 5748 κρέα
3619 5676 3714 5727 καὶ

2130 5777 2274 5844 οἶνος
2317 5781 2416 5834 οὐκ
2472 5777 2723 5846 εἰσῆλθεν
2766 5779 2844 5839 εἰς
2878 5775 2936 5827 τὸ
2972 5773 3148 5842 στόμα
3184 5787 3307 5840 μου,
3338 5771 3430 5821 καὶ
3465 5768 3716 5835 ἄλειμμα

2131 5875 2227 5930 οὐκ
2286 5871 2596 5945 ἠλειψάμην
2637 5869 2740 5934 ἕως
2793 5864 3127 5942 πληρώσεως
3181 5861 3348 5936 τριῶν
3401 5857 3717 5930 ἑϐδομάδων
