3994 6412
245 377 348 441 ιρι

1197 454 1204 466 ν
1278 380 1463 443 vna
1500 380 1560 441 s.
1605 379 2034 442 mersam
2076 382 2461 447 DANIELIS.

3409 385 3520 448 402

237 498 356 566 ἠμί
366 493 494 565 ρῶν.
515 491 628 547 Καὶ
650 494 707 547 ἐν
725 492 913 566 ἡμέρᾳ
931 491 1150 566 εἰκοστῇ
1172 493 1266 548 καὶ
1287 492 1530 566 τετάρτῃ
1563 491 1656 548 τοῦ
1688 488 1838 564 πρώ-

1958 495 2058 552 lies
2083 497 2247 552 trium
2279 497 2686 555 hcbdomadum
2711 509 2800 568 ;et
2825 497 3083 555 vicesimo
3109 508 3165 554 et
3187 506 3385 568 quarto
3421 497 3511 552 die

247 606 347 642 του
384 588 574 658 μηνὸς,
611 587 727 656 ἐγὼ
762 589 914 659 ἥμην
950 587 1189 659 ἐχόμενα
1221 586 1316 640 τοῦ
1348 586 1600 657 ποταμοῦ
1623 586 1720 641 τοῦ
1744 604 1840 656 με·

246 683 421 749 γάλου
452 682 666 751 Χωμὰρ
690 683 787 736 καὶ
809 679 919 754 ἦρα
941 683 1065 746 τοὺς
1092 680 1405 750 ὀφθαλμούς
1428 697 1530 750 μου
1559 681 1651 733 καὶ
1669 675 1832 734 εἶδον·

248 776 350 828 καὶ
377 775 486 828 ἰδοῦ
515 773 658 844 ἀνὴρ
691 773 1042 846 ἐνδεδυμένος
1084 773 1266 844 βαδδὶν
1295 772 1390 826 καὶ
1415 773 1450 842 ἡ
1473 769 1645 840 ὀσφῦς
1669 769 1836 822 αὐτοῦ

250 867 678 938 πιριεζωσμένη
707 869 764 920 ἐν
787 866 998 938 χρυσίῳ
1012 865 1240 934 ’1)φάτζ,
1267 865 1362 918 καὶ
1387 864 1447 917 τὸ
1479 863 1639 932 σῶμα
1669 858 1836 914 αὐτοῦ

250 958 388 1010 ὡσεὶ
417 958 676 1028 Θαρσεῖς,
704 958 801 1010 καὶ
849 957 909 1010 τὸ
945 956 1237 1026 πρόσωπον
1282 953 1448 1008 αὐτοῦ
1484 951 1619 1006 ὡσεὶ
1649 952 1840 1022 ὅρασις

251 1042 684 1123 ἀστραπῆςηιῶ.
699 1049 1038 1120 οἱὸφθαλμοὶ
1074 1047 1243 1102 αὑτοῦ
1265 1047 1397 1101 ὡσεὶ
1416 1044 1702 1116 λαμπάδες
1735 1059 1842 1095 πυ-

255 1145 379 1216 ρὸς,
408 1147 506 1197 καὶ
536 1143 587 1196 oi
635 1141 925 1213 βραχίονες
958 1141 1123 1194 αὑτοῦ
1149 1139 1336 1193 καὶτὰ
1369 1136 1533 1206 σκέλη
1552 1135 1628 1198 ὡς
1650 1135 1841 1204 ὅρασις

256 1237 466 1311 καλκοῦ
503 1237 836 1302 στίλϐοντος,
874 1236 970 1289 καὶ
993 1237 1026 1306 ἡ
1059 1233 1212 1305 φωνὴ
1235 1232 1345 1286 τῶν
1374 1231 1551 1299 λόγων
1573 1227 1740 1282 αὑτοῦ
1765 1226 1841 1290 ὡς

262 1332 410 1402 quvi]
451 1330 635 1401 ὄχλου.
664 1329 853 1383 Ταῦτα
883 1324 1024 1381 εἶδον
1064 1326 1158 1381 καὶ
1194 1327 1227 1397 ὴ
1261 1327 1415 1395 ἰσχύς
1457 1341 1560 1393 μου
1592 1321 1842 1388 ἐξέλιπεν

261 1428 355 1481 ἀπ’
382 1425 544 1495 ἐμοῦ,
580 1424 673 1476 καὶ
704 1424 740 1493 ἡ
766 1421 896 1486 δόξα
926 1437 1029 1491 μου
1061 1419 1411 1491 μετεστράφη
1429 1417 1511 1478 είς
1541 1412 1844 1482 διαφθοράν

259 1522 354 1575 καὶ
383 1518 550 1582 εὐθὺς
581 1519 674 1572 ἐπὶ
699 1515 800 1587 τὴν
832 1517 936 1586 γῆν
963 1513 1150 1567 πίπτω
1169 1526 1183 1543 ·
1226 1512 1321 1565 καὶ
1354 1510 1463 1564 ἰδοὺ
1509 1507 1633 1579 χεὶρ
1678 1508 1846 1560 ἁπτο-

259 1614 400 1684 μένη
448 1629 551 1683 μου
609 1610 706 1664 καὶ
739 1608 932 1681 ἧγειρέ
969 1623 1037 1677 με
1078 1605 1174 1660 ἐπὶ
1217 1603 1287 1658 τά
1337 1601 1545 1672 γόνατά
1576 1617 1676 1670 μου
1720 1597 1840 1662 καὶ,

256 1707 425 1770 Σὺνες
453 1706 538 1757 i...
573 1702 728 1774 φησὶ,
772 1703 912 1771 πρός
956 1717 1046 1770 με,
1074 1697 1294 1770 Δανιὴλ,
1328 1696 1471 1766 ἀνὴρ
1509 1693 1841 1764 ἐπιθυμιῶν,

257 1799 356 1852 καὶ
383 1795 541 1866 στῆθι
604 1793 697 1848 ἐπὶ
741 1795 809 1864 τῇ
865 1793 1054 1846 στάσει
1103 1806 1229 1861 μου,
1260 1789 1341 1842 ὅτι
1391 1785 1486 1840 νῦν
1526 1784 1843 1853 ἀπεστάλην

257 1891 373 1959 ἐγὼ
406 1854 545 1960 πρὸς
595 1886 676 1952 σὲ,
707 1854 933 1939 ὂτιυάπὸ
980 1882 1080 1952 τῆς
1103 1854 1328 1953 *ἡμέρας
1363 1879 1465 1950 τῆς
1493 1875 1742 1947 πρώτης,
1774 1869 1842 1946 ἦς
1877 1854 1916 1908 Β

256 1985 472 2045 ιδωκας
503 1982 600 2054 τὴν
628 1979 860 2047 καρδίαν
892 1995 986 2031 σου
1015 1975 1424 2045 ταπεινωθῆναι
1461 1970 1705 2025 ἐναντίον
1746 1967 1842 2022 τοῦ

259 2075 474 2146 Κυρίου
513 2072 610 2128 τοῦ
636 2071 772 2126 Θεοῦ
810 2088 928 2136 σου,
961 2068 1315 2142 ἠκούσθησαν
1353 2065 1403 2120 οἱ
1438 2063 1587 2131 λόγοι
1622 2078 1716 2116 σου
1752 2060 1846 2115 καὶ⁸
1875 2071 1882 2074 ·

257 2167 374 2236 ἑγὼ
396 2163 563 2239 ἦλθον
591 2165 728 2236 πρὸς
769 2163 829 2217 σὲ
867 2161 964 2216 καὶ
994 2163 1023 2215 ὁ
1043 2161 1230 2231 ἄρχων
1255 2159 1351 2229 τῆς
1388 2154 1672 2226 βασιλείας
1703 2153 1847 2224 Περι

260 2264 372 2318 σῶν
411 2259 636 2329 ἑστήκει
674 2257 734 2322 έξ
763 2255 1014 2318 ἐναντίας
1043 2270 1147 2325 μου
1187 2253 1366 2306 εἴκοσι
1415 2248 1510 2304 καὶ
1555 2247 1686 2320 μίαν
1710 2244 1847 2316 ἠμέ-

262 2376 386 2433 ραν.
419 2357 532 2412 Καὶ
565 2355 660 2409 νῦν
694 2350 948 2421 άνδρίζου
989 2349 1086 2404 καὶ
1122 2348 1300 2418 ίσχυε,
1333 2346 1416 2399 ὅτι
1443 2343 1556 2411 ἐγὼ
1585 2341 1724 2413 μετὰ
1751 2337 1845 2406 σοῦ

265 2431 420 2520 εἰμι’
450 2445 690 2500 ἐνταῦθα
727 2442 904 2497 πολλὰ
958 2440 1060 2512 μὲν
1111 2439 1221 2494 τῶν
1260 2436 1544 2506 ἐσομένων
1589 2435 1616 2487 ὁ
1653 2431 1848 2502 φανεὶς

267 2542 498 2612 ἄγγελος
566 2539 645 2610 τῷ
698 2536 959 2608 προφήτῃ
1023 2531 1380 2603 μυσταγωγεῖ
1447 2525 1578 2596 περί
1627 2541 1687 2577 τε
1748 2521 1850 2591 τῆς

274 2635 500 2706 Περσῶν
563 2630 846 2704 βασιλείας
911 2627 1008 2683 καὶ
1072 2623 1427 2684 καταλύσεως
1475 2617 1706 2680 καὶ-είς
1755 2612 1851 2678 οὒς

266 2705 460 2799 [usus
525 2724 940 2798 μεταπίπτεινο
1015 2719 1209 2773 ἔπειτα
1271 2715 1326 2769 δὲ
1397 2713 1494 2766 καὶ
1557 2711 1689 2780 περὶ
1747 2705 1849 2799 τῆς

267 2798 591 2893 βασιλίσσης
631 2818 830 2882 Νότου,
861 2813 896 2869 ἃ
948 2813 1043 2868 καὶ
1097 2811 1272 2880 πέρας
1304 2807 1467 2862 έλαϐε
1510 2801 1652 2877 μετὰ
1674 2798 1849 2854 ταῦτα

267 2915 363 2969 καὶ
385 2916 502 2977 τοῖς
527 2910 890 2980 καλουμένοις
911 2905 1330 2968 Μακκαϐαῖκοῖς
1359 2899 1661 2971 ἐνεγράφη.

334 3025 485 3095 KQ".
518 3027 632 3079 υύκ
660 3028 723 3079 ἐκ
748 3023 955 3077 τούτων
993 3022 1048 3077 δὲ
1074 3023 1254 3092 μόνον,
1278 3019 1413 3074 ἀλλὰ
1444 3019 1544 3074 καὶ
1565 3019 1624 3084 ἐξ
1645 3020 1851 3091 ἐτέρων

265 3126 292 3175 ὁ
321 3120 524 3189 Δανιὴλ
557 3119 734 3189 μέγας
764 3133 826 3170 τε
858 3116 958 3186 τὴν
985 3117 1221 3186 θεωρίαν
1267 3113 1362 3167 καὶ
1405 3113 1713 3183 θαυμάσιος
1750 3111 1851 3182 τὴν

1940 588 2100 657 primi
2124 590 2350 656 mensis,
2372 606 2474 659 ego
2500 590 2758 646 sedebam
2792 607 2961 662 prepe
2993 604 3250 661 magnum
3284 587 3511 644 ﬂuvium

1938 679 2270 748 Chobar;et
2290 682 2490 736 sustuli
2513 683 2704 738 oculos
2728 700 2897 749 meos,
2933 692 2987 738 et
3013 682 3146 737 vidi.
3178 681 3246 737 Et
3275 695 3404 736 ecce
3429 681 3514 733 vir

1941 773 2169 828 indutus
2197 789 2352 830 sacra
2382 775 2542 839 stola,
2578 785 2634 831 et
2663 776 2883 830 lumbus
2910 776 3028 846 ejus
3061 775 3344 830 accinctus
3377 787 3515 826 auro
3601 824 3607 832 .

1941 865 2188 936 Hopliatz
2226 885 2238 920 :
2267 876 2321 922 et
2359 883 2560 938 corpus
2585 869 2706 934 ejus
2751 879 3010 938 tanquam
3043 867 3287 930 Tharsis,
3315 874 3369 919 et
3397 865 3518 918 vul-

1940 971 2032 1014 tus
2066 962 2187 1031 ejus
2228 969 2487 1030 tanquam
2523 973 2781 1032 aspectus
2809 962 3045 1032 fulguris
3083 979 3097 1016 :
3135 969 3192 1015 et
3223 959 3370 1015 oculi
3397 958 3520 1027 ejus

1943 1062 2200 1124 tanquam
2231 1055 2513 1124 lampades
2547 1055 2708 1126 ignis,
2766 1064 2820 1110 et
2855 1055 3084 1109 brachia
3126 1054 3247 1125 ejus
3287 1062 3344 1106 et
3371 1052 3519 1106 tibiae

1943 1153 2202 1214 tanquam
2235 1155 2498 1215 aspectus
2523 1148 2651 1203 atris
2708 1146 3130 1216 resplendentis,
3162 1154 3219 1199 et
3242 1160 3346 1198 vox
3393 1158 3519 1196 ver-

1944 1237 2138 1292 borum
2183 1239 2304 1309 ejus
2345 1247 2603 1310 tanquam
2637 1255 2737 1293 vox
2770 1239 2968 1294 turbae.
3000 1237 3127 1292 llaec
3156 1235 3293 1300 vidi,
3323 1243 3381 1290 et
3404 1235 3520 1289 vir-

1945 1338 2036 1385 tus
2059 1347 2179 1386 mea
2207 1331 2410 1387 defecit
2448 1348 2478 1386 a
2515 1349 2623 1398 me,
2651 1340 2707 1387 et
2743 1330 2919 1402 gloria
2955 1346 3074 1384 mea
3105 1341 3373 1384 conversa
3413 1325 3524 1380 fuit

1945 1425 2002 1478 in
2033 1424 2317 1480 interitum
2353 1443 2364 1478 :
2399 1433 2454 1480 et
2477 1426 2742 1480 continuo
2769 1424 2904 1480 cado
2957 1424 3009 1477 in
3043 1429 3270 1488 terram,
3301 1428 3358 1474 et
3393 1433 3523 1474 ecce

1946 1531 2141 1572 manus
2169 1531 2256 1571 me
2285 1526 2533 1588 tangens,
2560 1526 2618 1573 et
2649 1515 2824 1572 erexit
2855 1530 2939 1570 me
2965 1528 3131 1585 super
3169 1528 3344 1585 genua
3367 1525 3518 1574 mea;

1945 1619 2002 1666 et
2022 1609 2282 1676 Attende,
2300 1611 2582 1680 inquit,ad
2609 1624 2719 1675 me,
2743 1607 2952 1672 Daniel,
2977 1606 3061 1660 vir
3092 1604 3521 1664 desideriorum,

1945 1711 2002 1759 et
2037 1713 2118 1758 sta
2153 1703 2207 1756 in
2230 1702 2467 1758 statione
2497 1717 2619 1756 mea
2649 1721 2661 1754 :
2697 1700 2956 1770 quoniam
3005 1711 3152 1752 nunc
3191 1709 3295 1766 ego
3323 1694 3526 1749 missus

1949 1809 2070 1849 sum
2097 1793 2162 1848 ad
2195 1802 2246 1848 te
2278 1810 2293 1852 :
2325 1791 2590 1864 quoniam
2645 1806 2672 1845 a
2709 1790 2889 1860 primo
2917 1788 3024 1851 die,
3057 1800 3166 1855 quo
3195 1782 3401 1838 dedisti
3429 1796 3528 1836 cor

1948 1897 2125 1952 tuum,
2158 1895 2218 1940 ut
2242 1884 2618 1940 humiliareris
2651 1898 2834 1938 coram
2873 1880 3105 1934 Domino
3141 1878 3252 1932 Deo
3285 1887 3403 1938 tuo,
3425 1889 3527 1942 ego

1947 1979 2070 2035 veni
2104 1982 2170 2034 ad
2211 1988 2262 2035 te
2301 1996 2315 2033 :
2352 1987 2407 2032 et
2437 1977 2697 2048 princeps
2723 1975 2874 2045 regni
2897 1973 3187 2028 Persarum
3211 1969 3366 2024 stetit
3391 1981 3526 2022 con-

1947 2082 2033 2128 tra
2089 2087 2176 2127 me
2230 2072 2421 2142 viginti
2461 2081 2518 2126 et
2569 2085 2740 2124 unum
2779 2067 2944 2122 diem.
2982 2063 3049 2118 Et
3082 2077 3230 2118 nunc
3266 2069 3387 2117 esto
3440 2059 3527 2114 vir

1947 2165 2110 2222 fortis
2166 2175 2222 2220 et
2283 2165 2567 2229 robustus,
2601 2160 2862 2233 quoniam
2903 2173 3005 2229 ego
3036 2171 3156 2212 sum
3186 2165 3390 2217 tecum,
3427 2149 3531 2206 llic

1950 2260 2123 2314 multa
2161 2258 2383 2328 quidem
2417 2256 2622 2322 futura,
2667 2253 2763 2324 qui
2818 2250 3076 2323 apparuit
3109 2247 3359 2317 angelus,
3387 2247 3530 2315 'pro-

1949 2353 2130 2423 pheta:
2177 2349 2409 2422 mystice
2472 2347 2729 2403 enuntiat
2777 2345 2845 2400 de
2907 2356 3079 2413 regno
3133 2341 3426 2396 Persarum
3473 2345 3531 2390 et

1949 2445 2072 2516 ejus
2099 2443 2389 2499 eversione
2411 2459 2426 2497 :
2452 2449 2508 2497 et
2527 2440 2592 2494 ad
2607 2453 2746 2510 quos
2767 2447 2888 2493 erat
2915 2437 3301 2491 deventurum.
3322 2429 3531 2485 Deinde

1950 2536 2116 2592 etiam
2143 2534 2213 2589 de
2249 2533 2438 2604 regina
2467 2531 2678 2596 Austri,
2709 2543 2832 2600 quae
2882 2525 3107 2598 quidem
3148 2532 3337 2594 postea
3365 2523 3528 2574 tinem

1953 2633 2313 2697 acceperunt,
2341 2634 2397 2681 et
2433 2623 2641 2694 scripta
2673 2621 2803 2676 sunt
2834 2619 2890 2674 in
2926 2617 3105 2682 libris,
3135 2613 3229 2686 qui
3259 2620 3528 2669 vocantur

1951 2719 2409 2776 Machabaeorum.

2023 3014 2214 3071 XXVI.
2241 3013 2361 3070 Non
2390 3029 2457 3069 ex
2483 3013 2570 3067 his
2594 3020 2779 3067 autem
2804 3008 2957 3073 solis,
2988 3006 3086 3063 sed
3110 3007 3276 3062 etiam
3295 3019 3360 3058 ex
3387 3001 3530 3065 aliis,

1955 3107 2146 3162 Daniel
2183 3104 2436 3176 apparuit
2470 3117 2700 3175 magnus
2732 3101 2786 3155 in
2837 3097 3303 3166 contemplatione
3329 3102 3384 3150 et
3437 3095 3530 3147 ad-

270 3184 491 3262 σύνεσιν
519 3184 766 3276 άνειράνη
798 3220 814 3237 ·
866 3184 959 3258 καὶ
987 3204 1075 3258 ῐνα
1100 3184 1276 3258 τᾶλλα
1302 3202 1590 3274 παρῶμεν,
1626 3201 1761 3256 ἀλλὰ
1791 3203 1851 3255 τὸ

1958 3195 2244 3251 mirandus
2278 3193 2661 3264 intelligentia.
2699 3191 2762 3244 Et
2794 3199 2853 3244 ut
2883 3189 2987 3244 alia
3015 3187 3357 3250 omittamus,
3385 3184 3530 3255 quod

269 3301 413 3355 κατὰ
473 3301 576 3369 τὴν
626 3299 809 3368 κρίσιν
868 3294 1179 3363 Σωσάννης,
1231 3294 1258 3346 δ
1319 3292 1533 3352 πολλῶν
1582 3291 1853 3363 πρότερόν

268 3400 410 3462 lact,
433 3397 553 3459 νέος
591 3394 688 3459 ὣν,
717 3393 998 3464 εἴργαστο,
1027 3392 1152 3446 τίνα
1183 3389 1351 3460 ἄλλην
1383 3389 1654 3452 συνέσεως
1683 3389 1853 3463 ὑπερ-

270 3493 434 3564 ϐολὴν
461 3490 750 3545 ἀπολείπει
779 3506 794 3554 ;
832 3489 936 3540 Ἢν
971 3485 1166 3558 πιστὴν
1193 3485 1295 3557 μὲν
1325 3483 1404 3556 τῷ
1433 3484 1588 3555 ἄνδρι
1616 3482 1856 3553 γενομέ-

271 3605 393 3658 νην,
425 3585 662 3638 θάνατον
694 3581 752 3636 δὲ
784 3580 1217 3650 κατακριθεῖσαν
1239 3580 1304 3632 ὲκ
1335 3577 1706 3647 συκοφαντίας
1735 3576 1854 3630 ἀδι-

275 3679 532 3748 κωτάτης
564 3677 672 3731 τῶν
697 3676 1024 3736 ἀκολάστοις
1057 3673 1358 3743 ὀφθαλμοῖς
1393 3671 1596 3741 μᾶλλον
1636 3669 1856 3740 ἐκείνην

273 3773 634 3843 θεασαμένων
669 3768 1040 3839 παραπλήσιά
1066 3784 1125 3820 τε
1155 3767 1236 3838 τῷ
1273 3765 1472 3835 Ἰωσὴφ
1508 3762 1858 3818 κινδυνεύου-

275 3885 376 3920 σαν
398 3863 728 3934 ὑποστῆναι,
748 3865 776 3916 ὁ
805 3864 1012 3914 ἐκεῖνον
1041 3861 1160 3912 τότε
1198 3858 1505 3930 ῥυσάμενος
1529 3855 1624 3908 καὶ
1649 3855 1858 3921 ταύτην

274 3959 339 4026 δὴ
362 3954 690 4026 παραδόξως
726 3953 814 4006 διὰ
841 3950 1041 4020 Δανιὴλ
1071 3948 1261 4019 ῥύεται
1305 3950 1442 4016 σοφῇ
1481 3945 1660 4016 κρίσει
1694 3959 1858 3997 κακο-

272 4051 494 4120 τεχνίαν
542 4047 651 4102 τῶν
703 4044 1096 4119 πρεσϐυτέρων
1145 4041 1474 4108 ἐλέγξαντος
1513 4038 1607 4091 καὶ
1661 4037 1860 4099 αὐτοὺς

279 4145 484 4216 μᾶλλον
515 4142 702 4210 ἀξίους
737 4138 971 4192 θανάτου
1011 4134 1286 4202 δείξαντός
1335 4151 1394 4186 τε
1451 4131 1546 4185 καὶ
1602 4129 1858 4199 γενέσθαι

277 4235 833 4309 παρασκευάσαντος.

346 4351 482 4408 KZ'.
510 4350 668 4405 Οῦτω
708 4347 979 4410 συνέσεως
1007 4345 1168 4416 ἔχων,
1201 4342 1345 4396 οὕτω
1381 4343 1606 4414 χάριτος
1632 4340 1726 4394 καὶ
1761 4357 1857 4410 με-

276 4450 472 4518 γέθους
499 4443 748 4516 θεωριῶν
776 4440 1114 4508 κατηξίωται
1141 4456 1155 4470 ·
1185 4437 1329 4491 αὐτά
1371 4452 1430 4488 τε
1476 4436 1542 4488 τά
1585 4433 1682 4488 τοῦ
1723 4433 1861 4489 Θεοῦ

277 4543 490 4613 κρύφια
530 4541 626 4593 καὶ
652 4538 754 4607 τῆς
783 4535 968 4604 δίττης
1001 4531 1096 4585 τοῦ
1127 4529 1290 4600 λόγου
1314 4528 1620 4598 παρουσίας
1647 4527 1862 4598 μυστή-
1888 4541 1940 4601 ι)
1968 4519 2214 4574 tionibus

282 4653 370 4706 ρια
399 4632 482 4704 τῷ
513 4629 786 4698 πνεύματι
817 4625 1252 4696 καταθεωρήσας
1277 4638 1292 4654 ⁸
1347 4622 1442 4675 καὶ⁸
1498 4622 1600 4675 ὅσα
1647 4619 1706 4674 δὲ
1753 4619 1862 4673 τῶν

282 4726 460 4780 ἄλλων
491 4717 898 4789 ἀξιολογώτατα
942 4716 1037 4771 καὶ
1075 4717 1175 4770 ὅσα
1217 4714 1354 4785 πρὸς
1405 4713 1482 4784 τῷ
1525 4713 1622 4768 τοῦ
1667 4713 1864 4777 αἰῶνος

278 4819 424 4871 τέλει
470 4813 857 4885 συμϐήσεσθαι
895 4809 1077 4882 μέλλει
1122 4808 1216 4863 καὶ
1263 4809 1362 4879 τὴν
1393 4806 1516 4861 τότε
1548 4805 1727 4876 θλίψιν
1768 4807 1866 4859 καὶ

281 4913 379 4979 τὴν
424 4911 492 4961 ἐκ
553 4907 658 4976 γῆς
703 4903 960 4976 χώματος
1015 4901 1381 4967 ἐξανάστασιν
1417 4899 1528 4953 τῶν
1558 4897 1864 4970 ἀνθρώπων

277 5003 376 5072 τὴν
407 5000 519 5054 τῶν
545 4998 722 5066 ἁγίων
756 5013 814 5050 τε
850 4993 1008 5061 δόξαν
1038 4994 1134 5048 καὶ
1158 4992 1257 5064 τὴν
1288 4993 1399 5046 τῶν
1430 4991 1644 5044 ἀσεϐῶν
1670 4990 1864 5060 αἰσχύ-

277 5112 373 5164 νην
402 5093 504 5163 τὴν
532 5089 797 5145 οὐδέποτε
843 5087 1142 5158 λήγουσαν,
1191 5085 1262 5141 τὰ
1311 5083 1450 5156 βάθη
1485 5101 1543 5137 τε
1575 5083 1668 5137 τοῦ
1702 5083 1862 5149 Θεοῦ,

278 5183 401 5236 καθ’
429 5184 556 5236 ὅσον
598 5176 775 5234 οἷόντε
827 5178 906 5250 τῷ
966 5178 1147 5249 σάρκα
1205 5176 1576 5246 περικειμένῳ
1627 5173 1714 5228 διὰ
1765 5173 1863 5226 τοῦ

276 5276 619 5346 ἐρευνῶν-τος
668 5271 809 5326 αὐτὰ
860 5269 1172 5340 πνεύματος
1198 5268 1457 5338 ἐγνωκώς
1483 5284 1497 5297 ·
1534 5268 1731 5321 ἔπειτα
1766 5265 1862 5320 τοῦ

275 5371 487 5444 δεσμοῦ
512 5370 699 5432 λυθεὶς
744 5367 838 5420 καὶ
880 5365 979 5438 τὴν
1007 5367 1112 5436 γῆν
1147 5365 1319 5437 ἡδέως
1343 5365 1409 5434 τῇ
1451 5365 1520 5432 γῇ
1561 5360 1860 5430 παραδοὺς,

282 5469 418 5537 πρὸς
482 5466 542 5519 ὃν
610 5461 798 5517 ἐπόθει
872 5459 1006 5515 Θεὸν
1076 5460 1104 5512 ὁ
1172 5459 1282 5513 τῶν
1344 5458 1655 5528 ἐπιθυμιῶν
1723 5457 1864 5528 ἀνὴρ

277 5561 475 5630 ᾤχετο,
501 5559 690 5619 αὐτοῖς
734 5572 794 5609 τε
856 5556 968 5617 τοῖς
1014 5552 1163 5622 τρισὶ
1217 5553 1312 5606 καὶ
1349 5552 1525 5621 φίλοις
1560 5551 1720 5604 παισὶ
1772 5550 1866 5602 καὶ

283 5655 602 5724 προφήταις
657 5652 740 5715 είς
797 5651 886 5704 ἀεὶ
940 5647 1116 5702 συνὼν
1167 5647 1263 5702 καὶ
1322 5647 1457 5716 μηδὲ
1510 5643 1670 5716 ἡμῶν
1723 5641 1866 5696 κατά

280 5765 344 5813 γε
404 5748 465 5801 τὸ
522 5744 810 5814 περιέπειν
857 5740 952 5796 καὶ
987 5741 1203 5814 βοηθεῖν
1235 5738 1625 5809 ἀφιστάμενος,
1669 5737 1750 5799 είς
1779 5735 1864 5788 δό-

278 5842 376 5905 ξαν
410 5838 650 5908 [ἰατρὸς.
688 5837 840 5905 Υίοῦ,
868 5838 957 5893 καῖ
995 5836 1150 5903 ἁγίου
1197 5833 1512 5900 Πνεύματος
1563 5832 1660 5896 τῆς
1695 5829 1863 5890 ὑπερ-

1955 3288 2025 3345 de
2069 3289 2320 3344 Susanna
2361 3286 2563 3340 factum
2602 3295 2688 3339 est
2740 3281 3036 3354 judicium,
3073 3279 3221 3351 quod
3275 3277 3368 3332 diu
3403 3285 3534 3331 ante

1955 3384 2111 3449 fecit,
2143 3397 2269 3437 cum
2308 3390 2456 3436 esset
2492 3379 2674 3434 adhuc
2715 3375 2956 3446 juvenis,
2990 3373 3252 3444 quidnam
3307 3370 3536 3440 reliquit

1957 3477 2355 3550 intelligentia,
2401 3490 2513 3546 quo
2546 3474 2598 3528 id
2649 3472 2820 3542 possit
2874 3468 3176 3539 superare?
3233 3467 3364 3533 Quae
3411 3465 3531 3535 qui-

1958 3574 2084 3630 dem
2114 3587 2238 3627 cum
2271 3568 2465 3624 fuisset
2497 3567 2696 3621 marito
2729 3565 2928 3628 ﬁdelis,
2963 3572 3141 3616 morte
3172 3569 3353 3614 autem
3387 3568 3534 3612 esset

1959 3667 2216 3722 damnata
2249 3679 2316 3717 ex
2345 3659 2690 3731 iniquissima
2725 3657 3000 3713 calumnia
3043 3668 3233 3708 corum
3261 3652 3353 3719 qui
3389 3651 3534 3704 Illam

1959 3756 2259 3828 impudicis
2275 3760 2602 3824 aspexerant
2627 3750 2822 3815 oculis,
2848 3757 2904 3804 et
2934 3755 3052 3802 erat
3084 3745 3284 3801 similia
3311 3759 3538 3814 passura

1961 3852 2029 3907 iis
2061 3867 2184 3920 qua:
2205 3848 2417 3914 Joseph
2455 3861 2650 3916 passus
2679 3851 2784 3906 est,
2815 3843 2909 3913 qui
2955 3842 3112 3896 illum
3149 3850 3279 3893 tunc
3310 3839 3538 3907 eripuit,

1961 3946 2008 4000 is
2043 3959 2163 3999 eam
2193 3955 2415 4011 quoque
2439 3937 2840 3993 admirabiliter
2878 3944 3064 3990 servat
3086 3950 3184 4004 per
3209 3933 3490 3986 Danielein
3526 3949 3538 3983 :

1961 4035 2056 4108 qui
2086 4032 2569 4106 sapientejudicio
2622 4031 2905 4086 seniorum
2947 4029 3189 4083 convicit
3229 4025 3542 4096 malignita-

1963 4139 2094 4195 tem,
2126 4136 2183 4184 et
2217 4143 2314 4183 eos
2353 4126 2527 4195 magis
2579 4132 2758 4178 morte
2811 4122 3007 4192 dignos
3053 4117 3318 4183 ostendit,
3367 4125 3421 4172 et
3486 4126 3546 4170 ut

1963 4231 2196 4278 mortem
2224 4227 2544 4291 paterentur
2575 4215 2780 4272 ell‘ecit.

2034 4332 2249 4389 XXVII.
2284 4331 2423 4388 Cum
2460 4338 2612 4386 tanta
2647 4336 2794 4385 esset
2830 4324 3220 4397 intelligentia,
3251 4331 3398 4378 tanta
3422 4339 3546 4393 gra-

1966 4428 2042 4484 tia
2073 4438 2128 4483 et
2160 4437 2268 4482 tam
2302 4427 2514 4496 magnis
2565 4424 2763 4494 dignus
2816 4431 2898 4476 est
2956 4421 3177 4475 habitus
3209 4418 3549 4486 contempla-

2279 4535 2292 4572 :
2333 4529 2572 4585 cumque
2616 4515 2733 4582 ipsa
2791 4511 2886 4565 Dei
2940 4525 3160 4574 arcana,
3196 4517 3252 4564 et
3307 4507 3548 4577 duplcis

1966 4611 2134 4668 Verbi
2169 4609 2441 4664 adventus
2477 4604 2733 4678 mysteria
2765 4603 2966 4672 spiritu
3005 4611 3153 4656 esset
3203 4597 3545 4667 contempla-

1969 4713 2058 4760 tus
2088 4721 2102 4758 :
2133 4702 2267 4774 quin
2284 4701 2447 4757 etiam
2471 4711 2815 4770 quacunque
2837 4702 2963 4749 sunt
2993 4693 3116 4748 aliis
3141 4691 3316 4762 pluris
3340 4690 3547 4746 facien-

1967 4798 2058 4864 da,
2114 4807 2171 4853 et
2209 4808 2551 4867 quaecunque
2609 4799 2738 4845 sunt
2773 4794 3039 4842 eventura
3077 4785 3130 4839 in
3181 4783 3291 4838 ﬁne
3336 4783 3548 4846 saeculi,

1968 4900 2024 4947 et
2061 4902 2206 4954 eam,
2233 4903 2356 4960 qua:
2414 4897 2547 4940 tunc
2596 4883 2725 4945 erit,
2757 4879 3134 4941 alﬂictionem,
3167 4886 3224 4931 et
3258 4875 3550 4931 hominum

1966 4998 2034 5037 ex
2055 4993 2216 5037 terrae
2249 4995 2446 5051 aggere
2479 4974 2972 5036 resurrectionem,
2997 4979 3054 5024 et
3081 4978 3398 5024 sanctorum
3430 4967 3550 5037 glo-

1966 5079 2127 5140 riam,
2163 5079 2220 5128 et
2281 5071 2576 5142 impiorum
2627 5064 3008 5137 ignominiam,
3072 5077 3199 5133 quae
3263 5075 3549 5130 nunquam

1967 5167 2192 5233 desinit,
2246 5175 2302 5221 et
2351 5163 2447 5219 Dei
2482 5159 2776 5232 profunda,
2819 5165 3086 5228 quantum
3150 5163 3327 5225 potest
3357 5154 3404 5208 is
3456 5154 3552 5223 qui

1968 5270 2054 5319 est
2107 5275 2273 5317 carne
2311 5257 2561 5318 indutus,
2595 5267 2696 5323 per
2746 5251 2864 5320 ipsa
2896 5255 3238 5304 scrutantem
3289 5247 3548 5316 spiritum

1969 5354 2342 5426 cognovisset,
2394 5348 2596 5404 deinde
2632 5344 2857 5399 vinculo
2905 5343 3141 5405 solutus,
3197 5348 3344 5393 terra
3390 5347 3551 5392 terrae

1968 5450 2207 5505 libenter
2250 5444 2476 5508 tradita,
2508 5439 2574 5495 ad
2606 5439 2803 5501 Deum,
2851 5450 3014 5506 quem
3061 5431 3432 5488 desiderabat.
3469 5431 3552 5482 vir

1970 5540 2372 5599 desideriorum
2391 5533 2550 5598 abiit,
2579 5546 2705 5586 cum
2729 5530 2814 5583 bis
2837 5528 3014 5582 tribus
3043 5533 3100 5580 et
3137 5521 3334 5578 amicis
3359 5522 3548 5592 pueris

1969 5644 2021 5691 et
2061 5629 2349 5704 prophetis
2381 5633 2648 5699 perpetuo
2681 5634 3040 5686 convcrsans,
3091 5627 3146 5672 et
3185 5633 3287 5670 nec
3323 5630 3352 5669 a
3384 5613 3546 5669 nobis

1967 5728 2212 5801 quidem,
2243 5723 2388 5795 quod
2419 5721 2486 5777 ad
2521 5715 2930 5775 defendendum
2963 5721 3018 5768 et
3070 5707 3438 5779 adiuvandum
3459 5717 3545 5761 at~

1972 5825 2142 5889 tinet,
2191 5818 2509 5878 abscedens.
2555 5813 2632 5868 Ad
2687 5809 2917 5882 gloriam
2959 5806 3135 5862 Patris
3183 5812 3236 5857 et
3304 5802 3428 5858 Filii
3489 5809 3547 5853 et
