3994 6408
291 411 405 477 405

1571 411 1749 474 VITA
1790 412 1853 473 S.
1897 412 2287 474 PLATONIS.

3454 421 3561 487 40"

284 547 417 616 λικῇ
454 545 721 614 ἄντικρυς
769 540 865 595 τού
903 539 1047 605 Διὸς,
1078 538 1370 594 ὶκέλευσεν
1401 541 1750 613 παραστῆναι
1786 541 1880 596 τὸν

1986 523 2349 586 Quamobrem
2393 543 2517 585 cum
2566 531 2950 599 abduceretur,
3006 535 3432 594 conlidensth
3495 543 3571 596 ad

293 638 575 709 μάρτυρα.
643 638 706 689 ὐ
761 633 822 688 δὲ
876 632 1070 704 βοηθὸς
1125 632 1267 703 ἔφη·
1312 633 1586 704 Ἕστηκεν
1633 634 1740 705 πρὸ
1780 632 1876 688 τοῦ

293 728 542 801 βήματος
573 744 695 792 σου,
726 725 915 797 κύριε.
961 725 1318 796 ’Δγριππίνος
1339 722 1491 780 εἶπεν
1510 739 1526 756 ⁸
1560 725 1748 797 Πάσης
1779 729 1879 796 τῆς

292 822 633 891 οἰκουμένης
664 821 727 873 ὲν
759 815 963 889 ἡσυχίᾳ
1011 815 1331 888 διαγούσης,
1385 816 1472 869 ἴνα
1509 817 1561 870 τί
1614 816 1777 879 αὐτὸς
1820 818 1879 870 ἐν

285 911 530 983 τοσαύτῃ
559 911 660 963 καὶ
687 908 997 980 τηλικαύτῃ
1024 906 1373 975 καθέστηκας
1398 906 1613 979 πλάνῃ;
1650 904 1877 959 Πλάτων

285 1000 467 1056 εἷπεν
506 999 701 1069 Ὑμεῖς
731 1000 855 1051 δστε
894 998 945 1049 ei
988 997 1048 1049 ὲν
1085 995 1263 1069 πλάνῃ
1300 995 1580 1064 διάγοντες
1614 995 1706 1049 τὸν
1744 994 1878 1050 Θεὸν

285 1093 381 1147 τδν
420 1090 735 1159 ποιήσαντα
765 1089 861 1141 τὸν
900 1085 1133 1158 οὐρανὸν
1180 1086 1277 1139 καὶ
1305 1084 1406 1156 τὴν
1431 1085 1538 1156 γῆν
1585 1084 1683 1138 σὺν
1710 1083 1878 1139 παντὶ

286 1183 369 1254 τῷ
396 1182 598 1252 κόσμῳ
627 1177 795 1234 αὐτοῦ
836 1180 935 1233 καὶ
970 1177 1255 1248 σεϐόμενοι
1287 1175 1468 1239 λίθους
1493 1176 1879 1248 πεπελεκημέο

288 1291 413 1336 uno;
439 1273 540 1327 καὶ
576 1271 711 1337 ξύλα
734 1268 913 1340 σαθρὰ
945 1268 1083 1338 ἔργα
1125 1267 1328 1337 χειρῶν
1358 1264 1686 1337 ἀνθρώπων.
1730 1264 1791 1319 '0
1818 1265 1877 1320 δὲ

300 1367 659 1436 ’Δγριππὶνος
685 1362 790 1431 ἔφη
810 1377 828 1391 ·
857 1360 929 1414 Τὸ
960 1362 1082 1415 νέον
1102 1361 1202 1429 τῆς
1240 1359 1461 1429 ἡλικίας
1492 1359 1787 1428 προπετεῖν
1815 1373 1875 1412 σε

287 1461 440 1511 ποιεῖ
470 1457 566 1510 καὶ
597 1455 760 1526 ὓϐριν
783 1455 844 1508 οὐ
877 1453 979 1525 τὴν
1009 1451 1285 1523 τυχοῦσαν
1315 1468 1399 1505 σοι
1438 1450 1711 1521 προξενεῖ.
1742 1451 1877 1505 Εἰπὲ

284 1549 380 1602 οὖν
407 1565 523 1619 μοι,
564 1547 726 1610 ποίας
768 1544 1070 1615 θρησκείας
1114 1539 1187 1610 εἷ,
1228 1544 1324 1596 καὶ
1350 1543 1511 1605 ποίας
1544 1541 1714 1613 τύχης
1748 1558 1879 1611 τυγ-

284 1644 496 1715 χάνεις,
519 1641 554 1713 ἢ
584 1640 638 1693 τί
675 1640 737 1693 τὸ
778 1638 954 1708 δνομά
1013 1653 1108 1691 σου
1136 1653 1152 1702 ;
1182 1626 1411 1690 Πλάτων
1452 1632 1606 1689 εἶπεν
1626 1653 1641 1669 ο
1689 1636 1878 1699 Θέλεις

288 1735 510 1806 μαθεῖν,
564 1731 722 1793 ποίας
773 1730 1075 1801 θρησκείας
1128 1726 1280 1799 εἰμίς
1339 1727 1666 1797 Χριστιανός
1735 1728 1873 1799 εἰμι.

296 1825 662 1893 ’Δγριππϊνος
687 1822 790 1893 ἔφη
814 1837 829 1853 ο
858 1822 933 1874 Τὸ
956 1822 1106 1891 παρὰ
1135 1820 1442 1891 ἀνθρώπων
1478 1837 1561 1874 σοι
1593 1819 1876 1891 κληρωθὲν

281 1919 462 1988 ὄνομα
516 1917 694 1984 λέγωο
750 1917 832 1969 ὃτι
883 1915 994 1983 γὰρ
1027 1912 1358 1983 Χριστιανὸς
1415 1906 1487 1976 εἴ,
1545 1912 1703 1981 κάγὼ
1729 1908 1870 1967 οἷδαο

280 2010 425 2065 ἀλλά
484 2007 769 2062 ἐκέλευσεν
815 2007 845 2059 ὁ
896 2004 1257 2075 αὐτοκράτωρ
1318 2003 1526 2073 μηδένα
1582 2002 1873 2073 ἄνθρωπον

280 2098 655 2171 ινομάζεσθαι
682 2095 1037 2168 Χριστιανόν.
1090 2094 1317 2148 Πλάτων
1349 2089 1537 2147 εἶπεν·
1572 2093 1634 2146 ΕΙ
1677 2094 1873 2163 μαθεῖν

282 2194 485 2257 θέλεις,
536 2189 701 2253 ποίας
748 2187 1052 2260 θρησκείας
1096 2187 1236 2257 εἰμὶ,
1290 2180 1443 2239 εἶπον
1482 2185 1584 2257 ήδη
1623 2185 1706 2238 ὅτι
1737 2184 1871 2255 Χριο

284 2281 508 2343 στιανός
539 2282 656 2349 εἰμι
681 2295 696 2308 ο
747 2280 796 2331 εί
826 2279 883 2331 δὲ
915 2277 1009 2330 καὶ
1052 2277 1112 2330 τὸ
1143 2273 1317 2348 ὖνομα
1357 2275 1531 2339 θέλεις
1569 2274 1764 2346 μαθεῖν
1812 2274 1873 2328 τὸ

283 2374 437 2443 παρὰ
458 2370 567 2424 τῶν
594 2370 797 2438 γονέων
827 2366 1262 2439 μου’κληρωθὲν,
1295 2368 1523 2422 Πλάτων
1549 2366 1783 2436 λέγομαι
1809 2366 1873 2419 ἐκ

286 2464 513 2527 παιδός’
579 2460 822 2534 Χριστοῦ
872 2459 1059 2524 δοῦλός
1090 2460 1207 2531 ειμι
1274 2461 1339 2513 ὲκ
1392 2458 1605 2522 κοιλίας
1661 2458 1873 2529 μητρός

293 2570 419 2627 μου’
456 2553 669 2615 πόλεως
701 2552 761 2605 δὲ
800 2553 903 2622 τῆς
937 2550 1170 2604 ἐνταῦθα
1211 2549 1501 2621 τυγχάνω’
1556 2548 1873 2619 ἐκρατήθην

288 2644 343 2698 δι
371 2643 447 2706 ὥς
477 2641 739 2710 θεοσεεὴς
773 2640 871 2692 καὶ
892 2636 1079 2703 δοῦλος
1117 2637 1362 2710 Χριστοῦ
1389 2657 1403 2669 ·
1450 2638 1548 2691 καὶ
1580 2638 1662 2690 σοὶ
1695 2652 1872 2708 προσ-

287 2736 524 2807 ηνέχθην
564 2736 661 2788 καὶ
692 2733 985 2804 πρόκειταί
1040 2748 1132 2803 μοι
1176 2731 1266 2785 διὰ
1322 2732 1560 2802 Χριστὸν
1616 2731 1869 2796 θάνατος,

283 2833 345 2888 ὃν
374 2828 673 2899 ύποστῆναξ
706 2845 774 2898 με
797 2828 881 2881 δεῖ
908 2828 1063 2899 παρὰ
1120 2825 1214 2880 σοῦ
1238 2864 1253 2880 .
1305 2826 1454 2879 Ποίει
1495 2820 1587 2879 οὖν
1611 2824 1639 2879 ὅ
1670 2824 1871 2888 θέλεις.

1982 616 2329 685 supplicium.
2368 620 2615 677 Vicarius
2651 633 2830 678 autem
2856 625 3183 696 Agtippittus
3224 645 3345 684 cum
3377 642 3573 701 aperte

1980 709 2325 776 praesedisset
2354 711 2407 766 in
2430 712 2583 769 Jovis
2608 715 2863 781 basilica,
2898 719 3062 788 jussit
3082 720 3199 775 sisti
3243 733 3559 794 martyrem.

1981 799 2272 869 Apparitor
2302 814 2485 860 autem
2526 807 2662 862 dixit
2697 827 2709 862 :
2749 810 2868 865 Stat
2899 822 3025 866 ante
3085 823 3236 867 tuum
3298 816 3563 882 tribunal,

1978 889 2216 948 domine.
2256 894 2395 951 Dixit
2424 896 2754 969 Agrippinus
2793 901 2973 957 :Cum
3039 912 3183 961 totus
3225 907 3373 961 orbis
3406 917 3563 964 terra:

1978 982 2136 1053 degat
2168 984 2223 1039 in
2256 986 2466 1055 laetitia,
2506 1006 2605 1045 cur
2636 1006 2696 1045 es
2725 997 2779 1047 in
2813 994 2903 1049 tali
2949 1006 3005 1051 et
3037 986 3188 1052 tanto
3212 1013 3394 1054 errore
3424 1015 3561 1054 con-

1979 1075 2258 1133 scitutus?
2295 1079 2439 1135 Dixit
2480 1093 2704 1139 sanctus
2733 1083 2927 1142 Plato:
2960 1087 3070 1144 Vos
3125 1090 3280 1156 estis,
3349 1092 3440 1162 qui
3507 1094 3565 1148 in

1978 1181 2167 1225 errore
2222 1170 2473 1243 'degitis:
2537 1183 2593 1230 et
2656 1177 2957 1247 reliquistis
3015 1180 3207 1249 Deum,
3275 1184 3367 1252 qui
3434 1184 3567 1240 fecit

1978 1259 2175 1314 ctrlum
2212 1270 2266 1316 et
2298 1272 2506 1319 terram
2539 1280 2662 1320 cum
2715 1277 2829 1323 toto
2861 1284 3052 1324 eorum
3077 1282 3274 1326 ornatu
3309 1291 3320 1325 :
3356 1283 3410 1327 et
3468 1290 3565 1328 ex-

1977 1350 2122 1405 cisos
2149 1352 2325 1407 colitis
2344 1352 2551 1425 lapides
2583 1367 2637 1413 et
2663 1358 2805 1430 ligna
2842 1361 3081 1431 putrida,
3106 1378 3271 1433 Opera
3301 1380 3564 1420 manuum

1979 1441 2288 1499 hominum.
2326 1445 2475 1501 Dixit
2512 1450 2845 1520 Agrippiuus
2888 1468 2901 1506 :
2931 1453 3199 1509 Iuvenilis
3231 1466 3320 1510 tua
3356 1468 3487 1512 aetas
3513 1469 3567 1512 te

1982 1535 2514 1610 facittemerarium,
2558 1553 2612 1598 et
2660 1543 2825 1601 eﬂicit
2876 1556 2931 1602 ut
2977 1550 3052 1603 sis
3085 1550 3242 1604 valde
3296 1550 3561 1608 insolens.

1978 1628 2078 1683 Dic
2123 1645 2255 1702 ergo
2276 1634 2434 1701 mihi,
2482 1635 2773 1705 cujusnam
2834 1653 2894 1693 es
2946 1639 3249 1711 religionis,
3302 1652 3357 1697 et
3409 1647 3565 1717 cujus

1979 1720 2306 1777 conditionis
2359 1731 2414 1777 et
2457 1723 2715 1791 civitatis,
2770 1735 2825 1781 et
2859 1728 3004 1797 quod
3058 1738 3144 1784 est
3196 1732 3293 1786 tibi
3341 1749 3563 1790 nomen.

1982 1807 2221 1865 Sanctus
2252 1811 2390 1866 dixit
2434 1813 2588 1868 Plato
2666 1831 2680 1870 :
2732 1815 2787 1871 Si
2822 1817 2953 1872 velis
2982 1821 3121 1874 scire
3152 1823 3434 1891 cujusnam
3463 1826 3568 1879 sim

1907 1878 1953 1939 Β
1981 1902 2282 1973 religionis,
2299 1920 2418 1959 sum
2439 1904 2805 1962 Christianus.
2825 1909 2973 1963 Dixit
2996 1920 3176 1966 autem
3200 1878 3567 1984 Agrippinus

1979 1994 2077 2049 Dic
2104 2009 2327 2059 nomen,
2367 1998 2510 2067 quod
2547 2001 2643 2054 tibi
2677 2001 2777 2055 t‘uit
2803 2002 3120 2073 impositum
3159 2022 3189 2061 a
3225 2007 3568 2075 parentibus.

1978 2088 2115 2143 Nam
2149 2090 2269 2159 ipse
2298 2105 2514 2161 quoque
2546 2093 2661 2147 scio
2692 2100 2743 2148 te
2791 2107 2910 2150 esse
2964 2094 3363 2155 Christianum.
3398 2097 3571 2155 Jussit

1981 2193 2111 2233 vero
2162 2179 2460 2251 imperator
2531 2183 2742 2237 nullum
2818 2185 3094 2241 hominem
3174 2188 3355 2243 vocari
3417 2191 3572 2245 Chri-

1985 2269 2240 2326 stianum.
2289 2272 2433 2328 Dixit
2474 2282 2697 2329 sanctus
2746 2274 2937 2331 Plato:
2972 2276 3028 2332 Si
3059 2279 3195 2334 velis
3239 2281 3382 2337 scire
3418 2285 3572 2355 cujus

1980 2365 2083 2419 sim
2125 2364 2425 2435 religionis,
2462 2366 2573 2435 jam
2607 2367 2717 2422 dixi
2752 2369 2849 2423 tibi
2892 2386 2977 2425 me
3023 2386 3146 2427 esse
3169 2371 3566 2430 Christianum.

1981 2447 2040 2503 Si
2068 2460 2253 2505 autem
2293 2451 2375 2507 vis
2401 2452 2564 2507 etiam
2595 2456 2737 2509 scire
2789 2470 2992 2511 nomen
3024 2459 3159 2512 mihi
3224 2462 3486 2515 tributum
3538 2481 3568 2519 ιι

1980 2542 2320 2612 parentibus,
2362 2543 2516 2599 dicor
2542 2543 2697 2601 Plato
2728 2563 2758 2601 a
2783 2549 3016 2615 pueritia
3043 2568 3056 2617 ;
3089 2560 3143 2605 et
3192 2568 3313 2606 sum
3345 2554 3567 2623 quidem

1977 2635 2186 2690 Christi
2210 2650 2405 2691 servus
2435 2638 2503 2692 ab
2533 2648 2687 2693 utero
2712 2641 2905 2695 matris
2933 2658 3067 2696 mea:
3100 2663 3111 2697 :
3141 2660 3261 2698 sum
3284 2662 3411 2699 vero
3430 2647 3570 2703 civis

1979 2726 2146 2798 hujus
2179 2727 2443 2783 civitatis.
2476 2729 2631 2784 Nunc
2662 2743 2844 2786 autem
2872 2748 2991 2788 sum
3014 2744 3207 2805 captus
3232 2748 3283 2790 et
3308 2737 3373 2790 ad
3399 2748 3449 2792 te
3470 2740 3570 2793 ad-

1980 2820 2202 2884 ductus,
2234 2831 2492 2891 tanquam
2528 2823 2651 2893 pius
2685 2835 2740 2879 et
2768 2825 2973 2881 Christi
3015 2844 3228 2883 servus.
3286 2828 3567 2894 Quamob-

286 2937 403 2977 rem
463 2936 615 2976 mors
678 2930 763 2976 est
824 2919 963 2974 mihi
1014 2919 1298 2991 pr0posita
1366 2928 1594 2990 propter
1631 2917 1938 2983 Christum,
1977 2930 2141 2986 quam
2188 2923 2408 2985 oportet
2438 2930 2527 2971 me
2567 2931 2597 2970 a
2649 2923 2701 2971 te
2735 2928 3079 2990 exspectare.
3116 2919 3225 2976 Fac
3274 2937 3405 2992 ergo
3457 2924 3567 2979 cito

291 3015 439 3086 quod
472 3014 582 3069 scis
609 3021 665 3069 et
698 3012 967 3068 statuisti.

362 3108 438 3163 Γ.
456 3108 517 3162 '0
540 3109 597 3160 δὲ
613 3108 974 3178 Ἀγριππϊνος
996 3105 1099 3178 ἔφη
1116 3124 1130 3139 ·
1155 3108 1229 3160 Οὐ
1248 3107 1517 3177 συμφέρει
1534 3121 1616 3160 σοι
1631 3105 1877 3176 τοῦνομα

2056 3103 2147 3159 lll.
2182 3101 2435 3161 Vicarius
2480 3104 2615 3160 dixit
2649 3126 2661 3161 :
2697 3105 2817 3162 Non
2881 3109 3101 3178 expedit
3130 3109 3246 3175 tibi,
3296 3124 3331 3165 ο
3391 3110 3566 3175 Plato,

287 3200 387 3256 τοῦ
418 3199 657 3271 Χριστοῦ
691 3199 1102 3254 κατὰοδιὰνοιαν
1148 3198 1329 3270 ἔχειν’
1370 3200 1494 3262 τούς
1529 3198 1639 3269 γὰρ
1678 3197 1874 3268 ὁμολο-

1978 3196 2238 3253 Crucilixi
2289 3213 2488 3253 nomen
2532 3199 2738 3256 habere
2777 3201 2830 3255 in
2886 3211 3091 3259 mente.
3126 3200 3259 3256 Nam
3314 3203 3405 3273 qui
3442 3219 3568 3258 eum

292 3290 529 3362 ’τοῦντας
562 3292 729 3346 αὐτὸν
756 3292 977 3362 θανάτῳ
1006 3291 1406 3363 παραδίδοσθαι
1446 3291 1475 3345 ὁ
1515 3288 1876 3361 αὐτοκράτωρ

1986 3289 2332 3356 confitentur,
2377 3291 2534 3361 jubet
2582 3291 2875 3362 imperator
2929 3293 3067 3347 tradi
3109 3295 3270 3349 morti
3310 3293 3568 3349 acerbae:

290 3384 609 3447 ικὲλευσεν,
643 3384 765 3446 τοὺς
797 3381 856 3434 δὲ
886 3383 1256 3452 ἀρνουμένους
1285 3383 1473 3451 τιμαῖς
1505 3379 1603 3433 καὶ
1637 3378 1874 3453 δωρεαῖς

290 3475 641 3549 ἀμείϐεσθαι.
676 3474 769 3527 Διὸ
804 3473 1161 3545 συμϐουλεύω
1207 3491 1289 3527 σοι
1323 3473 1608 3543 πεισθῆναι
1652 3472 1732 3543 τῷ
1779 3468 1874 3522 τοῦ

291 3566 700 3635 αὐτοκράτορος
727 3566 903 3635 νόμῳ,
936 3567 1030 3618 καὶ
1067 3564 1329 3636 κερδῆσαι
1354 3564 1416 3617 τὸ
1446 3560 1617 3616 κακοῦ
1644 3561 1876 3615 θανάτου

291 3663 494 3732 πεῖραν
525 3658 733 3713 λαϐεῖν.
778 3656 1124 3729 Ἀποκριθεὶς
1144 3657 1202 3710 δὲ
1236 3657 1463 3710 Πλάτων
1497 3650 1687 3708 εἶπενο
1736 3649 1880 3720 Ἐγὼ

290 3751 523 3823 etp-spor
556 3749 817 3820 πείθομαι
859 3748 1092 3819 βασιλεῖ,
1141 3743 1186 3816 ᾧ
1232 3748 1633 3818 κεκλήρωμαιο
1676 3743 1768 3797 τον
1821 3740 1880 3793 δὲ

293 3846 638 3916 πρόσκαιρον
658 3842 851 3895 τοῦτον
872 3840 1029 3909 αἱροῦ
1038 3857 1136 3911 μαι
1166 3839 1418 3903 θάνατον,
1437 3837 1524 3890 ίνα
1545 3835 1643 3907 τὴν
1662 3833 1885 3889 αἰώνιον

293 3936 466 3990 αὐτοῦ
497 3934 897 4006 κληρονομήσω
924 3932 1228 4003 βασιλείαν.
1274 3932 1630 4003 Ἀγριππῖνο;
1685 3927 1877 3994 λέγει·

295 4029 520 4095 ’Υπαγε
557 4026 754 4095 σκέψαι
791 4025 856 4078 τὺ
893 4026 1173 4096 συμφέρον
1206 4042 1313 4088 σοι,
1358 4023 1443 4076 ἵνα
1475 4020 1551 4092 μὴ
1575 4020 1670 4073 καὶ
1696 4017 1884 4081 κακῶς

294 4119 604 4189 ἀποθάνῃς.
631 4116 984 4188 ’Λποκριθεὶς
1009 4118 1065 4171 δὲ
1091 4120 1118 4171 ὁ
1143 4116 1296 4186 ἅγιος
1329 4116 1555 4171 Πλάτων
1580 4109 1734 4167 εἶπεν
1755 4127 1768 4140 '
1800 4108 1885 4164 Τὰ

297 4208 655 4282 συμφέροπά
671 4225 760 4279 μοι
779 4208 808 4261 ὁ
826 4208 1032 4279 Κύριος
1054 4225 1119 4279 με
1130 4208 1403 4279 ριμνήσει.
1424 4206 1779 4276 Ἀγριππῖνος
1796 4200 1886 4253 λέο

295 4320 416 4373 γει·
452 4302 672 4371 Ἐγνως
696 4300 767 4353 τὰ
797 4300 1197 4371 προστάγματα
1227 4298 1323 4352 τοῦ
1352 4297 1777 4368 αὐτοκράτορος,
1810 4290 1886 4356 ὡς

298 4397 620 4453 κελεύουσιν
645 4398 695 4449 οἱ
728 4395 992 4466 ἄκραντοι
1023 4391 1191 4448 αὐτοῦ
1231 4395 1387 4463 νόμοι
1434 4391 1713 4462 πανταχοῦ
1755 4388 1888 4442 πάν-

1978 3393 2075 3433 eos
2105 3387 2312 3447 autem,
2346 3379 2439 3449 qui
2508 3380 2687 3449 ipsum
2718 3389 2940 3452 negant,
2974 3379 3134 3436 donis
3164 3380 3414 3435 maximis
3458 3382 3571 3435 alli-

1982 3486 2130 3525 cere.
2161 3470 2534 3538 Quamobrem
2570 3473 2665 3528 tibi
2698 3474 2951 3542 consulo,
2989 3483 3047 3528 ut
3076 3489 3273 3545 pareas
3326 3474 3428 3540 legi
3460 3474 3570 3526 im-

1982 3564 2275 3631 peratoris,
2323 3563 2525 3618 ethoc
2603 3565 2936 3631 lucrifacias,
2992 3581 3061 3619 ne
3113 3565 3307 3620 mortis
3360 3566 3571 3619 acerba;

1986 3655 2159 3709 facias
2208 3656 2540 3725 periculum.
2576 3655 2937 3726 ReSpondeus
2962 3667 3145 3711 autem
3182 3658 3319 3712 dixit
3346 3666 3570 3711 sant-tus

1985 3740 2181 3796 Pluto:
2220 3746 2334 3814 Ego
2377 3759 2545 3814 pareo
2594 3760 2717 3799 meo
2748 3745 2904 3817 Regi,
2961 3748 3048 3800 eui
3137 3749 3301 3802 etiam
3362 3747 3572 3809 milito;

1984 3844 2221 3890 mortem
2249 3847 2456 3901 autem,
2491 3848 2714 3906 quaeest
2744 3839 2809 3892 ad
2852 3850 3086 3908 tempus,
3136 3840 3297 3908 eligo,
3356 3848 3415 3894 ut
3465 3840 3568 3893 sim

1986 3927 2162 3983 haeres
2194 3931 2341 3999 regni
2373 3931 2582 3984 aeterni.
2610 3930 2743 3985 Dicit
2773 3932 3104 4003 Agrippinus
3136 3951 3150 3988 :
3186 3932 3502 3996 Considera,
3536 3952 3569 3988 o

1988 4019 2159 4087 Plato,
2191 4023 2453 4091 quidnam
2474 4023 2543 4077 sit
2573 4024 2668 4077 tibi
2701 4025 3068 4089 conducibile,
3094 4041 3162 4079 ne
3192 4025 3331 4079 male
3358 4042 3569 4095 pereas.

1990 4113 2135 4169 Dixit
2164 4124 2387 4169 sanctus
2424 4115 2578 4170 Plato
2608 4134 2622 4169 :
2651 4116 2877 4172 Curabit
2908 4117 3173 4171 Dominus
3197 4133 3260 4171 ea
3294 4134 3413 4186 qua:
3443 4127 3573 4171 sunt

1989 4209 2124 4264 mihi
2170 4209 2559 4265 conducibilia.
2607 4209 2749 4265 Dixit
2793 4210 3121 4281 Agrippinus
3158 4230 3171 4263 :
3205 4209 3355 4264 NOsti
3397 4208 3570 4272 Plato,

1986 4300 2138 4369 jussa
2184 4299 2552 4369 imperatoris,
2621 4303 2895 4370 quomodo
2952 4300 3182 4371 jubeant
3234 4300 3574 4356 intemerata:

1990 4393 2109 4461 ejus
2142 4391 2288 4459 leges
2320 4407 2513 4445 omnes
2546 4391 2892 4446 Christianos
2922 4401 3016 4446 aut
3073 4392 3179 4446 diis
3239 4390 3569 4455 sacriﬁcare,

299 4509 401 4555 τας
423 4491 555 4553 τοὺς
583 4460 946 4560 Χριστιανοὺς
985 4487 1020 4544 ἢ
1062 4486 1212 4539 θύειν
1247 4460 1367 4555 ἦντὸ
1405 4483 1506 4556 ζῇν
1544 4460 1880 4538 ἀπαλλάττε-

1993 4492 2087 4537 aut
2116 4484 2222 4537 vita
2241 4483 2439 4552 privari
2467 4482 2491 4536 ?
2520 4482 2603 4537 Tu
2631 4499 2761 4555 ergo
2790 4483 3061 4552 quomodo
3090 4483 3257 4538 audis
3295 4482 3573 4551 haeejussa

301 4583 444 4636 σθαι.
478 4582 553 4634 Σὺ
577 4579 671 4634 οὖν
692 4577 810 4641 πῶς
827 4577 1032 4649 τολμᾷς
1054 4577 1361 4647 ἀνατρέψαι
1388 4579 1455 4629 τὰ
1480 4577 1882 4648 προστάγματα

302 4671 395 4727 τοῦ
420 4668 694 4743 βασιλέως
725 4670 818 4723 διὰ
850 4668 951 4737 τῆς
981 4668 1269 4739 παρακοῆς
1302 4667 1545 4730 καὶτοὺς
1573 4665 1885 4721 ὑπακούον-

301 4784 402 4830 τας
432 4763 804 4832 ἀνατρέπειςς
829 4760 1056 4814 Πλάτων
1090 4759 1343 4827 γελάσας
1363 4756 1520 4813 εἶπεν
1540 4775 1555 4792 ο
1591 4760 1805 4827 Ἔγνως
1828 4757 1889 4811 τὸ

304 4854 641 4925 προσταγμα
667 4848 764 4901 τοῦ
800 4844 938 4900 Θεοῦ
978 4863 1105 4913 μου,
1142 4845 1219 4909 ὡς
1243 4846 1529 4899 κελεύουσί
1557 4861 1650 4915 μοι
1684 4844 1891 4915 ἄχραν-

300 4962 385 5000 τοι
409 4941 583 4997 αὐτοῦ
613 4941 793 5008 νόμοι,
835 4937 1171 5008 ἀνατρέπειν
1216 4936 1317 5000 τὰς
1349 4936 1459 4990 τῶν
1488 4934 1766 5005 δαιμόνων
1803 4949 1893 4985 τε·

300 5036 466 5097 λιτὰς
521 5033 616 5086 καὶ
671 5027 823 5099 αὐτῷ
887 5028 1033 5100 μόνῳ
1088 5026 1397 5099 λατρεύειν,
1448 5024 1576 5079 οὐτε
1616 5038 1701 5078 σοι
1738 5025 1891 5091 ξένον

303 5125 457 5179 ἐστὶν
497 5121 737 5176 ἐπινοεῖν
782 5118 1076 5189 βασάνους,
1123 5116 1251 5170 οὐτε
1297 5115 1356 5169 δὲ
1389 5118 1492 5185 ἐμὲ
1540 5112 1893 5184 αἰκιζόμενον

306 5216 452 5284 ὑπὲρ
485 5213 587 5281 τῆς
619 5210 903 5272 εὐσεϐείας
944 5209 1335 5279 ἀποθνήσκειν.
1377 5206 1450 5259 Σὺ
1482 5205 1591 5278 γὰρ
1620 5207 1723 5276 ἢδη
1764 5204 1895 5258 πολι

305 5308 431 5369 ὶοξθς
466 5307 563 5360 ἐπὶ
592 5308 660 5377 τῇ
685 5303 913 5376 τοιαύτῃ
945 5302 1203 5357 ὐποθὲσει
1233 5302 1466 5365 ἀνεῖλες,
1502 5304 1702 5362 οἵτινες
1736 5299 1894 5369 νική-

308 5418 505 5465 σαντες
546 5402 639 5454 τὸν
671 5399 904 5454 θάνατον
950 5398 1281 5470 ἁνεδήσαντο
1323 5397 1466 5451 κατὰ
1514 5394 1609 5448 τοῦ
1641 5393 1894 5448 διαόὁλου

305 5496 400 5550 τὸν
428 5495 530 5564 τῆς
555 5492 911 5563 δικαιοσύνης
951 5491 1239 5561 στέφανον.

378 5591 461 5642 Δ¹.
494 5587 607 5642 Καὶ
635 5590 664 5641 ὁ
699 5586 1061 5658 Ἀγριππξνος
1089 5585 1267 5639 ταῦτα
1304 5582 1549 5647 ἀκούσας
1580 5578 1894 5653 αἱρεσὶτρο·

312 5684 414 5742 πός
443 5698 501 5736 τε
547 5682 809 5753 ὑπάρχων
856 5680 1119 5734 καὶκατὰ
1159 5678 1268 5732 τῶν
1305 5675 1555 5748 ἀθλητῶν
1600 5676 1699 5745 τῆς
1739 5676 1896 5727 εὐσε-

311 5776 467 5838 ϐείας
496 5773 951 5845 ὐπερδαλλόντως
985 5772 1335 5842 ἡγριωμὲνος
1360 5770 1612 5839 καθάπερ
1650 5770 1772 5822 τινὰ
1798 5767 1891 5821 ἐπὶ

315 5868 460 5939 ςέο-λῳ
501 5869 694 5924 ἁλόντα
733 5867 768 5937 ἦ
802 5865 893 5919 ἐπε
919 5880 1021 5919 τινι
1050 5864 1222 5935 ἑτέρῳ
1249 5860 1706 5934 πλημμελήματι.
1735 5861 1891 5927 Mari;

1994 4584 2264 4642 evertere,
2283 4586 2339 4632 et
2356 4593 2450 4647 per
2467 4576 2893 4633 inobedientiam
2912 4592 3007 4631 eos
3025 4578 3212 4639 etiam,
3234 4577 3322 4645 qui
3341 4577 3435 4630 tibi
3474 4594 3484 4643 ι
3507 4591 3571 4630 a-

1993 4677 2135 4732 rent,
2172 4669 2413 4722 evertis?
2457 4668 2602 4721 Dixit
2639 4675 2862 4722 sanctus
2916 4664 3069 4719 Plato
3103 4683 3118 4719 :
3149 4664 3385 4735 Cagnovi
3414 4665 3570 4735 jussu

1995 4759 2088 4813 Dei
2159 4758 2292 4821 mei,
2365 4760 2509 4813 sicut
2568 4758 2765 4828 jubent
2823 4758 2945 4828 ejus
3019 4758 3361 4811 intemeratae
3426 4759 3573 4827 leges
3648 4774 3660 4785 ·

1992 4862 2047 4907 et
2085 4851 2299 4906 vivillca
2356 4860 2647 4922 praacepta,
2698 4865 2898 4920 nempe
2951 4851 3264 4905 dzemonum
3318 4850 3573 4920 mysteria

1992 4954 2265 5011 evertere,
2297 4955 2354 5000 et
2398 4946 2445 4998 ei
2476 4944 2573 4997 soli
2618 4945 2843 5000 servire.
2904 4946 3088 5014 Neque
3121 4943 3267 4996 enim
3334 4953 3417 4997 est
3477 4941 3575 4997 tibi

1992 5055 2198 5095 novum
2240 5049 2297 5096 et
2349 5040 2613 5106 alienum,
2685 5040 2998 5110 excogitare
3040 5050 3312 5095 tormenta
3347 5058 3361 5096 :
3396 5056 3577 5109 neque

1996 5146 2187 5188 rursus
2211 5133 2368 5196 mihi,
2400 5131 2537 5186 mori
2572 5147 2670 5202 pro
2698 5132 2920 5202 pietate.
2957 5130 3037 5186 Tu
3057 5132 3204 5187 enim
3234 5132 3345 5201 jam
3372 5134 3575 5188 multos

1995 5224 2265 5279 sustulisti
2302 5225 2368 5279 de
2397 5223 2576 5277 medio
2623 5233 2846 5292 prapter
2914 5222 3056 5278 hanc
3120 5207 3522 5278 coniess‘onem
3560 5261 3575 5287 ,

1994 5316 2113 5385 qui,
2144 5324 2321 5370 morte
2388 5313 2626 5381 devicta,
2658 5314 2883 5385 justitia:
2943 5326 3274 5385 acceperunt
3314 5330 3572 5369 coronant

1996 5410 2264 5464 adversus
2294 5407 2594 5465 diabolum.

2068 5587 2161 5645 iV.
2194 5586 2524 5659 Agrippinus
2547 5595 2729 5642 autem
2772 5604 2894 5643 cum
2928 5587 3042 5641 haec
3069 5586 3351 5650 audiisset,
3388 5594 3446 5638 ut
3484 5585 3574 5654 qui

2000 5688 2146 5735 esset
2178 5696 2354 5735 saevus
2376 5690 2431 5735 et
2460 5681 2719 5737 belluinis
2751 5682 3016 5746 litoribus,
3048 5687 3102 5733 et
3132 5677 3552 5734 adversusathle

2004 5781 2085 5825 tas
2116 5769 2338 5841 pietatis
2370 5787 2537 5841 supra
2574 5774 2792 5827 modum
2839 5772 3117 5835 elici-atus,
3158 5769 3321 5823 veluti
3377 5784 3575 5839 quem-

2001 5863 2126 5919 dam
2153 5862 2319 5919 caedis
2353 5879 2527 5932 reum,
2559 5872 2653 5920 aut
2706 5865 2933 5936 alicujus
2969 5865 3194 5920 alterius
3228 5864 3439 5935 magnis
3472 5861 3566 5915 eri-
