3994 6468
384 413 489 476 407

1698 419 1991 481 MENSIS
2018 421 2052 481 Ι
2065 422 2316 487 ULIU'S.

3544 422 3650 487 4‘03

383 525 550 581 minis
581 525 919 598 convictum,
956 537 1247 602 postquam
1291 531 1411 604 ipse
1464 531 1532 588 ab
1558 530 1715 588 initio
1744 531 1969 588 didicis-

2080 534 2136 589 τὸ
2170 538 2365 606 μαθετν
2399 539 2563 594 αὑτὸν
2593 541 2658 594 ἐκ
2694 538 3001 611 προοιμίων
3044 539 3145 610 τὴν
3172 539 3362 592 τούτου
3397 536 3535 608 πρὸς
3560 539 3651 592 τδν

383 627 468 673 set
501 619 624 688 ejus
680 620 735 675 in
790 619 1085 678 Dominum
1151 631 1404 679 nostrum
1454 623 1639 680 Iesum
1690 623 1967 680 Christum

383 711 638 767 virtutem
678 722 732 769 et
761 713 921 770 fidem
955 714 1164 771 firmam
1196 724 1247 772 et
1290 716 1651 785 immobilem,
1684 716 1843 789 jubet
1873 732 1968 771 ex-

382 814 598 858 tensum
636 821 779 861 saeve
817 807 951 862 caedi
978 808 1165 864 nervis
1197 809 1439 865 bubulis.
1472 809 1629 874 Quod
1658 825 1781 864 cum
1805 824 1966 877 quam

382 896 620 966 primum
651 896 857 953 factum
884 908 1054 963 esset,
1086 909 1141 955 et
1173 909 1412 971 quatuor
1463 901 1668 957 milites
1714 909 1967 956 sanctum

381 988 735 1044 verberareut
779 991 982 1047 multas
1038 992 1224 1059 horas,
1256 1002 1315 1048 et
1364 993 1566 1050 defessi
1623 1003 1828 1061 essent,
1875 993 1966 1049 alii

379 1088 563 1135 autem
607 1082 900 1137 duodecim
965 1084 1170 1139 milites
1194 1086 1261 1140 ad
1293 1086 1344 1140 id
1391 1086 1585 1142 mutati
1639 1095 1840 1153 essent,
1895 1100 1969 1142 ne

379 1170 490 1225 ulla
523 1173 746 1242 quidem
783 1175 1125 1232 inventaest
1154 1178 1377 1232 macula
1402 1178 1456 1233 in
1505 1194 1736 1249 corpore
1789 1178 1969 1234 sancti

379 1259 628 1318 Platonis
672 1281 686 1317 :
752 1266 891 1320 adeo
926 1276 988 1322 ut
1043 1282 1239 1323 omnes
1294 1270 1516 1339 quidem
1579 1271 1964 1342 obstupefacti,

382 1369 551 1425 supra
589 1356 815 1412 modum
844 1356 1104 1414 admirati
1143 1359 1374 1428 fuerint,
1418 1371 1472 1418 et
1510 1378 1539 1417 a
1590 1378 1650 1418 se
1698 1363 1970 1419 discesseo

378 1450 524 1515 rint;
554 1449 671 1520 ipse
697 1459 891 1506 autem
920 1452 1163 1507 alacrius
1192 1462 1248 1509 et
1309 1453 1650 1509 constantius
1710 1469 1969 1525 perseve-

378 1544 585 1599 raverit
630 1544 690 1601 in
729 1544 1081 1601 confessione
1111 1545 1340 1614 Christi,
1372 1555 1427 1601 et
1451 1562 1553 1618 per
1609 1549 1812 1603 multas
1849 1548 1969 1602 alli-

378 1634 594 1689 ctiones
627 1634 1208 1706 contenderitingredi
1238 1636 1294 1690 in
1323 1652 1557 1708 regnum,
1591 1635 1709 1703 Dei,
1741 1637 1796 1691 in
1822 1637 1971 1707 quod

381 1739 492 1780 non
522 1725 670 1781 cadit
692 1726 970 1783 interitus.

451 1815 517 1871 ν.
559 1818 702 1873 Dixit
735 1820 1068 1890 Agrippinus
1094 1839 1108 1875 :
1132 1820 1245 1891 Ego
1277 1821 1373 1876 tibi
1410 1822 1640 1878 consulo
1678 1829 1740 1876 ut
1789 1824 1967 1878 amico

379 1916 442 1962 ut
469 1921 702 1964 mortem
737 1910 959 1980 quidem
993 1910 1260 1978 declines,
1308 1916 1376 1967 ad
1409 1913 1572 1968 vitam
1639 1922 1822 1970 autem
1874 1929 1967 1969 ac-

379 1994 561 2050 cedas.
608 1996 758 2051 Dixit
815 2006 1039 2051 sauctus
1096 1988 1305 2053 Plato:
1366 2000 1533 2055 Recte
1589 2001 1874 2068 admones,
1933 2018 1968 2058 ο

376 2086 705 2158 Αετίρρίηο.
737 2088 912 2159 Fugio
943 2090 1088 2144 enim
1125 2099 1363 2147 mortem
1417 2102 1702 2157 azternam,
1772 2103 1832 2149 et
1898 2094 1969 2151 ad

376 2178 547 2234 vitam
578 2194 666 2234 me
705 2179 929 2235 confero
964 2181 1377 2251 sempiternam.
1407 2182 1553 2237 Dixit
1581 2182 1912 2255 Agrippinus
1948 2201 1964 2239 :

379 2268 500 2338 Dic,
534 2271 909 2336 cacodazmon,
941 2280 1077 2342 quot
1100 2283 1231 2328 sunt
1262 2273 1505 2328 mortes?
1565 2273 1712 2329 Dixit
1744 2283 1969 2332 sanctus

385 2361 545 2416 Plato
579 2378 594 2417 :
628 2362 760 2419 Duae
797 2380 827 2418 :.
848 2379 957 2418 una
997 2364 1219 2434 quidem
1254 2366 1320 2420 ad
1349 2375 1565 2436 tempus
1593 2384 1608 2433 ;
1646 2366 1814 2421 altera
1840 2382 1970 2423 vero

378 2463 611 2510 aeterna.
642 2454 720 2509 Ita
760 2457 949 2521 etiam,
978 2456 1101 2512 duae
1131 2457 1259 2513 vitae
1291 2476 1306 2514 :
1333 2474 1441 2512 una
1491 2460 1715 2529 quidem
1746 2459 1971 2526 brevis;

378 2542 547 2598 altera
581 2557 716 2598 vero
765 2546 1132 2615 sempiterna.
1182 2547 1333 2602 Dixit
1382 2547 1719 2619 Agrippinus
1776 2568 1792 2607 :
1852 2550 1969 2606 Diis

379 2635 649 2703 sacriﬁca,
678 2645 735 2691 et
768 2639 980 2693 declina
1028 2638 1321 2695 cruciatus.
1349 2640 1491 2695 Dixit
1526 2653 1749 2697 sanctus
1780 2641 1968 2699 Plato:

377 2725 487 2782 Fac
516 2729 645 2791 cito,
679 2743 714 2783 ο
776 2730 1099 2801 Agrippine,
1134 2731 1190 2787 id
1228 2732 1375 2802 quod
1427 2733 1526 2787 tibi
1560 2733 1797 2791 videtur.
1855 2733 1971 2806 Ego

379 2818 526 2873 enim
557 2836 843 2890 nunquam
879 2823 1152 2878 sacriﬁco.
1182 2822 1370 2894 Neque
1410 2824 1561 2879 enim
1590 2824 1756 2896 ignis,
1788 2840 1971 2896 neque

378 2928 535 2980 crux,
570 2928 751 2983 neque
788 2914 869 2969 ira
899 2914 1223 2978 bestiarum,
1256 2930 1436 2985 neque
1466 2917 1666 2971 ablatio
1694 2918 1973 2985 membrog

380 3017 503 3057 rum
537 3005 699 3059 nobis
730 3007 1069 3074 persuadent
1111 3020 1140 3060 a
1175 3008 1284 3062 Deo
1320 3008 1446 3063 vivo
1479 3008 1733 3064 deﬁcere.
1786 3008 1974 3077 Neque

380 3093 529 3148 cnim
559 3093 836 3167 diligimus
887 3097 1033 3166 quod
1091 3112 1240 3152 nunc
1267 3108 1349 3153 est
1380 3099 1641 3154 saeculum
1680 3117 1695 3154 :
1741 3099 1840 3155 sed
1879 3101 1972 3170 qui

379 3203 479 3256 pro
518 3202 607 3243 me
640 3197 724 3244 est
753 3199 1089 3246 mortuus-et
1122 3192 1451 3255 resurrexit,
1488 3191 1793 3248 Christum.

464 3274 560 3332 Vl.
598 3276 695 3333 llis
737 3279 963 3345 auditis,
996 3281 1324 3351 Agrippinus
1346 3282 1510 3352 jussit
1534 3298 1658 3338 eum
1692 3283 1879 3340 reduci
1912 3283 1967 3338 in

384 3385 687 3425 carcerem.
738 3372 1092 3441 Sequebatur
1139 3382 1324 3428 autem
1375 3375 1546 3430 multa
1594 3375 1753 3430 turba
1807 3376 1969 3431 Chri-

385 3462 711 3530 stianorum,
737 3473 963 3535 prepter
995 3466 1116 3536 ejus
1149 3477 1391 3524 sanctam
1432 3481 1482 3524 et
1508 3470 1799 3541 gloriosam
1834 3484 1968 3524 con-

385 3555 706 3613 fessionem.
773 3557 952 3614 Fortis
982 3569 1165 3614 autem
1204 3571 1259 3616 et
1324 3562 1705 3632 magnanimus
1767 3563 1969 3619 Christi

384 3658 591 3719 martyr
620 3648 793 3719 [Plato
844 3650 1008 3722 jussit
1042 3652 1146 3707 sibi
1190 3652 1307 3707 fieri
1373 3654 1676 3711 silentium.
1712 3656 1778 3711 Et
1814 3665 1970 3726 post-

387 3746 551 3808 quam’
638 3741 740 3811 ipsi
809 3755 1097 3799 cessarunt
1170 3760 1198 3799 a
1256 3746 1514 3809 tumultu,
1568 3763 1703 3803 voce
1758 3749 1970 3804 sublata

390 3832 528 3887 dixit
584 3833 717 3889 eis:
792 3833 908 3891 Viri
972 3837 1065 3907 qui
1096 3835 1377 3894 Christum
1435 3838 1683 3911 diligitis,
1728 3850 1783 3897 et
1839 3843 1973 3899 estis

388 3934 665 3983 amatores
723 3929 1011 3994 veritatis,
1048 3946 1157 3986 non
1206 3931 1312 3987 levi
1343 3932 1413 3988 de
1462 3948 1625 3990 causa
1680 3936 1817 3992 adeo
1868 3937 1973 3991 hoc

390 4026 674 4073 certamen
703 4035 718 4074 :
745 4021 843 4076 sed
880 4031 1109 4091 propter
1135 4022 1450 4079 eﬂectorem
1486 4027 1602 4081 caeli
1633 4036 1687 4082 et
1721 4037 1879 4083 terrae
1919 4037 1975 4083 et

388 4106 636 4160 omnium
680 4122 802 4177 qua:
837 4118 967 4164 sunt
993 4109 1050 4163 in
1078 4110 1180 4165 eis.
1214 4106 1294 4166 Ne
1332 4127 1430 4168 vos
1458 4127 1590 4184 ergo
1617 4116 1971 4185 conturbent,

388 4212 547 4269 rogo,
592 4212 657 4253 ea
698 4214 820 4270 quae
869 4199 1030 4256 ﬁunt.
1067 4201 1252 4258 Multa:
1307 4204 1455 4259 enim
1506 4217 1638 4261 sunt
1672 4208 1975 4278 aﬂlictiones

380 4292 676 4359 justorum,
719 4300 766 4347 et
799 4308 865 4348 ea:
889 4294 964 4349 eis
1007 4296 1245 4351 erunibus
1302 4297 1543 4352 liberabit
1593 4300 1732 4364 ipsos
1793 4299 1979 4355 Domi-

393 4385 550 4440 uus‘.
581 4384 781 4442 Adeste
804 4387 879 4443 dc'
912 4398 1134 4455 caetero,
1169 4398 1223 4445 et
1243 4391 1623 4463 confugiamus
1677 4408 1870 4450 omnes
1902 4396 1975 4451 si-

391 4470 504 4524 mul
533 4472 598 4528 ad
626 4483 868 4543 portum,
902 4477 996 4546 qui
1054 4477 1214 4532 nullis
1248 4479 1484 4550 agitatur
1534 4483 1975 4551 tempestatibus,

2000 3206 2047 3267 C

2073 627 2281 698 Κύριον
2312 632 2470 701 ἡμῶν
2513 630 2719 704 Ἰησοῦν
2762 632 2998 701 Χριστὸν
3042 633 3249 703 ἀρετήν
3270 647 3330 683 τε
3372 630 3466 684 καὶ
3514 630 3650 684 ἀσά-

2072 721 2264 777 λευτον
2314 724 2536 790 πίστιν,
2584 725 3062 798 παρεκελεύσατο.
3107 725 3297 780 τοῦτον
3350 724 3650 778 ὲκταθέντα

2070 811 2339 884 δέρμασιν
2376 816 2548 887 ὠμοῖς
2595 819 2690 871 καὶ
2740 817 2906 888 βοτοις
2938 815 3273 881 αίκίζεσθαι.
3317 816 3427 869 Καὶ
3457 816 3650 867 τούτου

2070 904 2369 975 γενομένου
2401 908 2498 960 καὶ
2520 909 2806 978 τεσσάρων
2838 906 3189 979 στρατιωτῶν
3216 907 3535 959 τυπτόντων
3562 907 3656 960 τὸν

2070 992 2229 1062 ἅγιον
2262 996 2355 1049 ἐπὶ
2387 997 2616 1062 πολλαῖς
2659 997 2834 1069 ὥραις
2884 999 2980 1052 καὶ
3029 997 3399 1052 ἀτονισάντων
3450 996 3657 1065 ἑτέρων

2072 1086 2424 1155 στρατιωτῶν
2440 1087 2654 1143 δώδεκα
2677 1089 3053 1157 ἀλλαγέντων,
3070 1086 3193 1142 οὐδὲ
3220 1090 3248 1141 6
3276 1087 3438 1159 τυχὸν
3466 1087 3658 1151 σπίλος

2072 1177 2273 1248 εὑρέθη
2314 1179 2374 1231 ὲν
2423 1178 2504 1249 τῷ
2563 1178 2782 1251 σώματι
2820 1179 2916 1233 τοῦ
2961 1178 3119 1247 άγίου
3169 1178 3482 1242 Πλάτωνος,
3513 1176 3661 1232 ὥστε

2071 1270 2282 1333 πάντας
2313 1270 2694 1339 ἐκπλαγέντας
2725 1271 3029 1340 θαυμάσαι,
3062 1268 3226 1323 αὐτὸν
3269 1269 3328 1323 δὲ
3375 1268 3660 1340 προθυμή-

2070 1375 2230 1429 τερον
2259 1360 2518 1430 ἐμμεῖναι
2568 1363 2634 1431 τῇ
2669 1359 2766 1414 τοῦ
2816 1360 3057 1430 Χριστοῦ
3103 1357 3399 1428 ὁμολογίᾳ,
3438 1357 3532 1410 καὶ
3567 1357 3659 1410 διά

2071 1449 2576 1525 πολλῶνχθλίψεων
2610 1452 2914 1505 σπεύδοντα
2961 1451 3225 1506 εἰσελθεῖν
3274 1453 3354 1516 είς
3408 1451 3508 1523 τὴν
3558 1450 3665 1505 τοῦ

2071 1540 2210 1596 Θεοῦ
2243 1542 2522 1613 ἄφθαρτον
2558 1542 2863 1614 βασιλείαν.

2143 1805 2221 1862 Ε’.
2266 1805 2629 1877 Ἀγριππῖνος
2658 1803 2811 1860 εἶπεν
2834 1823 2846 1837 ο
2889 1804 3030 1875 Ἐγώ
3063 1823 3145 1859 σοι
3181 1807 3436 1877 παραινῶ
3472 1806 3669 1860 ἐκκλί-

2070 1915 2161 1953 ναι
2187 1898 2282 1952 τὸν
2330 1900 2565 1953 θάνατον
2596 1901 2691 1953 καὶ
2737 1900 3112 1971 προσδραμεῖν
3140 1902 3207 1971 τῇ
3256 1900 3393 1970 ζωῇ.
3429 1900 3666 1954 Πλάτων

2069 1987 2214 2046 εἶπε’
2256 1992 2455 2057 Καλῶς
2498 1997 2812 2064 παραινεῖς,
2846 1987 2891 2046 ὦ
2934 1994 3287 2064 Ἀγριππῖνε·
3328 1992 3516 2062 φεύγω
3546 1993 3665 2064 γάρ

2068 2084 2163 2138 τὸν
2211 2085 2429 2139 αίὼνιον
2468 2086 2700 2140 θάνατον
2724 2089 2820 2139 καί
2848 2085 3186 2157 προσφεύγω
3223 2089 3289 2158 τῇ
3323 2085 3482 2153 ἀϊδίῳ
3517 2084 3663 2154 ζωῇ.

2083 2175 2444 2245 Ἀγριππῖνος
2491 2170 2683 2229 εἶπενο
2720 2176 2889 2239 Εἰπὲ,
2939 2175 3294 2244 κακόδαιμον,
3347 2174 3503 2228 πόσοι
3548 2176 3667 2227 sic}.

2073 2265 2335 2333 θάνατοι;
2387 2266 2615 2322 Πλάτων
2651 2263 2807 2322 εἷπε⁸
2861 2267 2999 2320 Δύο·
3061 2270 3088 2321 6
3154 2266 3255 2337 μὲν
3296 2266 3673 2337 πρόσκαιρος,

2071 2358 2100 2412 ὀ
2172 2359 2230 2412 δὲ
2288 2359 2541 2424 αἰώνιοςο
2599 2360 2771 2424 οὕτως
2813 2359 2871 2413 δὲ
2932 2360 3028 2413 καὶ
3088 2356 3226 2424 ζωαὶ
3281 2359 3489 2429 asa-‘15
3558 2359 3669 2425 μὲν

2074 2452 2474 2524 ὀλιγοχρόνιος,
2549 2454 2582 2524 ἡ
2635 2452 2694 2507 δὲ
2751 2452 3006 2516 ἀείζωος.
3045 2451 3403 2522 Ἀγριππῖνος
3464 2446 3662 2504 εἶπεν·

2072 2544 2249 2598 Θύσον
2322 2547 2436 2607 τοῖς
2490 2546 2653 2609 θεοῖς,
2729 2545 2824 2600 καὶ
2886 2545 2987 2606 τὰς
3042 2544 3317 2613 τιμωρίας
3383 2542 3664 2598 ἐκκλινον.

2074 2637 2303 2691 Πλάτων
2381 2635 2572 2691 εἶπεν·
2626 2637 2782 2691 Ποίει
2859 2638 2919 2691 τὸ
2979 2637 3172 2691 δοκοῦν
3254 2653 3338 2689 σοι
3413 2637 3663 2708 ἀπηνέςο

2071 2729 2184 2799 ὲγὼ
2211 2732 2319 2801 γάρ
2345 2731 2407 2783 ού
2439 2730 2584 2784 θύω·
2611 2730 2736 2785 οὔτε
2774 2731 2882 2801 γὰρ
2902 2731 3093 2800 πυρὸς,
3118 2729 3245 2783 οὔτε
3271 2730 3500 2801 θηρίων,
3529 2729 3679 2783 οὔτι

2074 2822 2252 2895 θυμοῦ
2307 2825 2468 2895 μερὶς
2520 2825 2842 2896 ποιήσουσίν
2891 2840 2960 2895 με
3015 2825 3320 2893 ἀποστῆναι
3365 2824 3473 2876 ἀπὺ
3521 2822 3674 2876 Θεοῦ

2075 2915 2310 2981 ζῶντος·
2331 2917 2392 2970 ού
2421 2915 2529 2985 γάρ
2552 2916 2643 2970 τὸν
2675 2916 2770 2970 νῦν
2791 2915 2991 2985 ἀγαπῶ
3024 2916 3219 2980 αίῶνα,
3246 2914 3388 2969 ἀλλὰ
3413 2915 3503 2969 τὸν
3532 2914 3675 2985 μέλ-

2075 3009 2237 3062 λοντα
2269 2994 2362 3062 καὶ
2406 3008 2498 3061 τὸν
2531 3009 2672 3079 ὑπὲρ
2720 3008 2855 3080 ἐμοῦ
2909 3008 3260 3064 ἀποθανόντα
3294 3008 3530 3079 Χριστὸν
3562 3009 3671 3062 καὶ

2075 3100 2406 3156 ἀναστάντα.

2147 3276 2237 3347 (τ’.
2273 3278 2386 3333 Καὶ
2435 3279 2463 3332 6
2505 3278 2866 3348 ’Λγριππῖνος
2901 3278 3042 3331 αὐτά
3092 3277 3335 3341 ἀκούσας
3367 3278 3677 3332 ἐκέλευσεν

2071 3372 2237 3426 αὑτὸν
2267 3369 2652 3440 ἀναληφθῆναι
2691 3372 2751 3424 ἐν
2804 3370 2882 3440 τῷ
2933 3370 3335 3441 δεσμωτηρίῳ’
3392 3371 3545 3440 ὄχλος
3599 3373 3676 3427 δὲ

2072 3462 2241 3526 πολὺς
2268 3461 2561 3532 ἠκολούθει
2588 3462 2697 3514 τῶν
2724 3461 3070 3532 Χριστιανῶν
3105 3462 3201 3515 ἐπὶ
3230 3466 3295 3530 τῇ
3328 3463 3459 3534 ἁγίᾳ
3490 3463 3671 3517 αὑτοῦ

2073 3555 2170 3608 καὶ
2202 3554 2401 3625 ἐνδόξῳ
2451 3553 2731 3625 ὁμολογίᾳ.
2804 3553 2860 3606 Ὀ
2907 3554 2964 3606 δὲ
3015 3553 3377 3624 μεγαλόφρων
3418 3555 3512 3608 καὶ
3561 3556 3673 3609 ἀνα

2071 3647 2252 3717 δςεῖος
2273 3646 2367 3702 τοῦ
2394 3646 2636 3717 Χριστοῦ
2672 3647 2885 3718 μάρτυς
2921 3647 3213 3699 ἐκέλευσεν
3243 3646 3394 3718 αὐτῷ
3426 3648 3676 3717 ἡσυχίαν

2072 3741 2331 3809 γενέσθαι
2361 3740 2456 3793 καὶ
2497 3739 2641 3808 μετὰ
2664 3740 2759 3793 τοῦ
2793 3738 3114 3793 παύσασθαι
3137 3740 3336 3803 αὐτοὺς
3368 3740 3460 3793 τοῦ
3494 3740 3679 3811 θορύ-⁵

2073 3831 2195 3895 ϐου,
2234 3831 2447 3903 ἐπάρας
2481 3832 2580 3901 τὴν
2626 3831 2765 3884 ίδίαν
2791 3832 2974 3903 φωνὴν
3019 3826 3207 3884 εἶπεν·
3236 3832 3473 3907 λἈνδρες
3512 3830 3679 3898 φιλό-

2074 3942 2290 3996 χριστοι
2326 3926 2421 3979 καὶ
2459 3925 2557 3993 τῆς
2592 3924 2854 3995 ἀληθείας
2891 3924 3147 3994 ὲρασταῖ,
3188 3923 3249 3976 ού
3299 3921 3512 3991 φαύλης
3545 3920 3679 3974 ἓνεῖ-

2075 4034 2171 4072 κεν
2204 4017 2385 4078 αἰτίας
2426 4017 2518 4070 ἐπὶ
2547 4016 2697 4070 τόνδε
2729 4015 3193 4089 πάρειμιάγῶνα,
3223 4016 3545 4095 ἀλλ’ἓνεκεν
3566 4014 3677 4068 τοῦ

2077 4108 2313 4180 Ποιητοῦ
2346 4110 2404 4161 ού
2416 4108 2582 4182 ρανοῦ
2615 4111 2709 4162 καὶ
2729 4111 2833 4178 γῆς
2865 4108 2959 4161 καὶ
2983 4108 3202 4161 πάντων
3226 4107 3335 4160 τῶν
3365 4108 3424 4158 ἐν
3450 4106 3643 4168 αὐτοῖς
3662 4148 3675 4154 -

2077 4203 2170 4274 Μὴ
2185 4202 2368 4255 τοίνυν
2391 4204 2542 4274 ἡμᾶς
2563 4200 2887 4270 θορυὸείτω,
2910 4199 3320 4270 παρακαλῶ,τὸ
3343 4198 3670 4266 γενόμενον·

2077 4293 2311 4349 Πολλαί
2335 4294 2445 4365 γὰρ
2463 4296 2524 4347 al
2541 4295 2780 4362 θλίψεις
2806 4292 2926 4346 τῶν
2952 4292 3218 4356 δικαίων,
3241 4293 3341 4345 καὶ
3363 4292 3431 4345 ἐκ
3448 4290 3679 4345 πασῶν

2071 4386 2327 4453 ῥύσεται
2381 4384 2606 4451 αὐτοὺς
2641 4387 2673 4438 ὀ
2710 4385 2951 4453 Κύριος.
3002 4384 3167 4437 ’Δλλὰ
3213 4384 3367 4436 δεῦτε
3416 4382 3619 4444 πάντες
3651 4399 3671 4412 ·

2081 4478 2217 4549 ὁμοῦ
2286 4479 2705 4547 καταφύγωμεν
2776 4480 2872 4533 ἐπὶ
2942 4480 3033 4532 τὸν
3077 4476 3415 4548 ἀχείμαστον
3461 4476 3671 4546 λιμένι

391 4579 592 4634 nempe
612 4541 1001 4635 Christum,vct
1031 4569 1101 4625 ad
1134 4541 1368 4641 petram,
1396 4587 1559 4640 quam
1594 4541 1821 4644 magnos
1841 4541 1972 4628 dixit

2082 4541 2325 4641 ὶέριστοῦ
2375 4541 2472 4626 καί.
2669 4572 2898 4641 πέτραν,
2956 4572 3024 4639 ἥν
3058 4574 3087 4625 6
3116 4541 3310 4640 ’μέγας
3342 4541 3676 4631 Ἀπὸστολος

396 4655 691 4726 Apostolus
723 4672 739 4712 :
769 4658 933 4714 Petra
951 4670 1131 4716 autem
1162 4672 1277 4717 erat
1304 4660 1543 4718 Christus
1567 4665 1608 4717 ’.
1637 4662 1716 4719 Ne
1734 4680 1862 4736 ergo
1884 4681 1975 4720 ce-

327 4817 343 4831 .
393 4749 610 4815 damus,
638 4765 672 4805 ο
719 4749 941 4816 dilecti,.
973 4751 1253 4822 periculis,
1278 4769 1399 4823 qua:
1451 4753 1830 4823 suscipiuntur
1883 4772 1982 4826 pro

398 4844 602 4913 pietate
631 4863 644 4900 :
692 4862 817 4902 cum
848 4848 1108 4912 sciamus,
1136 4844 1282 4918 quod
1307 4849 1595 4918 passiones
1629 4849 1792 4918 hujus
1846 4859 1985 4905 tem-

398 4939 550 5005 poris
582 4952 693 4993 non
720 4950 852 4993 sunt
881 4938 1081 5010 dignae.
1112 4956 1236 5010 quas
1274 4941 1630 4995 conferantur
1650 4956 1774 4995 cum
1814 4942 1984 5011 gloria

397 5045 520 5100 qua:
544 5038 629 5084 est
667 5031 721 5084 in
755 5030 914 5086 nobis
943 5030 1238 5086 revelanda
1262 5031 1303 5085 ³.
1325 5030 1451 5085 Haec
1479 5046 1611 5102 ergo
1654 5047 1779 5085 cum
1807 5032 1985 5089 dixis-

398 5131 484 5176 set
508 5120 711 5177 Christi
738 5132 941 5194 martyr
965 5121 1141 5192 Plato,
1191 5130 1248 5177 et
1322 5120 1516 5187 turbis,
1569 5124 1981 5195 quaeaderant,

401 5212 705 5269 addidisset
720 5213 986 5278 animum,
1020 5223 1074 5269 et
1096 5224 1335 5269 mentem
1360 5229 1552 5268 eorum
1579 5215 1991 5282 confirmasset,

399 5308 684 5376 ingressus
713 5314 799 5362 est
827 5321 1103 5362 carcerem
1133 5306 1286 5362 lactus
1325 5315 1381 5361 et
1432 5307 1601 5361 Deum
1655 5308 1986 5376 gloriﬁcans.

404 5402 690 5472 Ingressus
760 5410 965 5464 autem,
1009 5404 1158 5454 bumi
1225 5399 1347 5454 lixis
1379 5399 1630 5470 genibus,
1697 5399 1985 5457 Dominum

402 5507 657 5563 precatus
721 5502 824 5560 est,
880 5495 959 5551 sic
988 5495 1178 5550 dicens
1226 5511 1242 5550 :
1287 5493 1517 5548 Domine
1565 5490 1696 5547 Jesu
1736 5491 1974 5562 Christe,

404 5588 648 5643 omnium
686 5597 903 5643 creator
938 5597 994 5643 et
1012 5588 1215 5659 opifex,
1264 5598 1315 5642 et
1372 5587 1465 5657 qui
1505 5596 1597 5641 tua
1639 5583 1981 5657 providentia

411 5694 596 5733 curam
621 5680 764 5752 geris
816 5680 1220 5744 universorum,
1279 5680 1372 5749 qui
1432 5678 1690 5735 omnibus
1749 5676 1855 5734 tuis
1908 5678 1986 5732 fa-

526 5861 543 5892 ¹
573 5861 719 5919 Psal.
749 5871 942 5932 χχχιιι,
974 5865 1062 5923 20.
1174 5864 1193 5894 ‘
1226 5865 1244 5920 l
1278 5863 1404 5921 Cor.
1436 5880 1489 5931 x,
1555 5864 1607 5919 4.

2082 4660 2267 4718 εἶπεν
2308 4662 2381 4720 Ἠ
2404 4663 2474 4716 δὲ
2498 4664 2685 4731 πέτρα
2712 4659 2790 4731 ἦν
2821 4666 2852 4717 ό
2889 4662 3127 4731 Κύριος.
3154 4662 3246 4730 Μὴ
3279 4660 3520 4730 ὲνδῶμεν
3552 4664 3676 4724 τοῖς

2085 4756 2228 4827 ὑπὲρ
2276 4755 2563 4819 εὐσεϐείας
2611 4753 2901 4820 κινδύνοις,
2951 4754 3154 4817 εἰδότες
3201 4754 3285 4806 ὅτι
3313 4752 3413 4807 οὐκ
3440 4752 3568 4817 ἄξια
3597 4754 3676 4808 τὰ

2086 4851 2396 4922 παθήματα
2415 4849 2511 4903 τοῦ
2533 4848 2628 4903 νῦν
2653 4848 2848 4920 καιροῦ
2881 4848 3020 4918 πρὸς
3048 4848 3157 4919 τὴν
3182 4845 3485 4915 μέλλουσαν
3507 4845 3675 4910 δόξαν

2088 4941 2552 5013 ἀποκαλυφθῆναι
2585 4945 2664 5005 είς
2701 4941 2871 5012 ἡμᾶς.
2919 4939 3108 4994 Ταῦτα
3154 4937 3330 4992 εἰπὼν
3365 4938 3459 4991 καὶ
3489 4954 3678 5007 παρα-

2087 5035 2370 5107 θαρσύνας
2398 5035 2543 5097 τοὺς
2570 5031 2945 5104 περιεστῶτας
2969 5030 3185 5102 ὄχλους,
3235 5030 3333 5083 καὶ
3373 5028 3676 5099 πληρώσας

2086 5127 2188 5199 τὴν
2221 5126 2573 5181 διδασκαλίαν
2608 5120 2862 5194 εἰσῆλθεν
2892 5125 2972 5188 εἰς
3016 5122 3079 5177 τὸ
3122 5121 3533 5190 δεσμωτήριον*
3575 5119 3675 5173 καὶ

2089 5216 2376 5282 εἰσελθὼν,
2400 5217 2513 5280 θεὶς
2543 5215 2612 5271 τά
2650 5215 2854 5282 γόνατα
2884 5212 3074 5276 αὐτοῦ,
3100 5213 3160 5279 ἐξ
3194 5212 3327 5282 ὅλης
3362 5211 3462 5280 τῆς
3488 5210 3673 5279 ψυχῆς

2090 5308 2378 5374 στενάξας,
2414 5304 2621 5377 ηὔξατο
2668 5305 2805 5377 πρὸς
2849 5304 2941 5357 τὸν
2990 5302 3197 5373 Κύριον
3229 5301 3407 5369 λέγων
3455 5298 3672 5360 οὕτως’

2102 5401 2164 5459 '0
2197 5402 2416 5455 πάντων
2449 5398 2677 5469 κτίστης
2728 5398 2826 5450 καὶ
2884 5395 3251 5467 δημιουργὸς,
3297 5395 3326 5447 6
3372 5392 3482 5446 τῶν
3532 5393 3675 5446 ὅλων

2098 5494 2252 5558 Θεὸς,
2287 5493 2314 5545 6
2351 5492 2517 5544 πᾶσιν
2546 5492 2660 5552 τοῖς
2693 5487 2904 5549 δούλοις
2939 5503 3032 5539 σου
3076 5484 3172 5555 τὴν
3203 5483 3485 5554 ὑπομονὴν
3518 5499 3672 5554 χαριο

2099 5588 2349 5657 ζόμενος,
2371 5583 2596 5655 χάρισαι
2618 5582 2712 5636 καὶ
2740 5580 2889 5651 ἐμοὶ,
2920 5578 2999 5651 τῷ
3035 5578 3208 5651 δούλῳ
3237 5595 3332 5631 σου
3366 5577 3670 5646 ὑπομονὴν,

2104 5679 2201 5734 καὶ¹
2237 5675 2618 5744 ὲξαπόστειλον
2648 5672 2887 5745 Μιχαὴλ,
2922 5672 3016 5725 τὸν
3047 5669 3390 5742 ἀρχάγγελόν
3428 5685 3545 5733 σου,
3588 5665 3673 5719 ἵνα

1722 5863 1740 5892 ³
1794 5861 1949 5917 Rom.
1987 5875 2105 5925 vui,
2146 5859 2231 5914 18.
