3994 6476
359 418 468 481 409

1652 425 1828 486 νιΤΛ
1873 426 1935 487 8.
1979 425 2382 491 PLATONIS.

3514 372 3627 489 Ηθ

364 536 595 606 ρὐηταί
623 554 689 607 με
722 536 790 592 ὲκ
820 536 925 591 τοῦ
953 539 1289 610 κακοτέχνου
1320 539 1413 593 καὶ
1445 541 1726 610 ἀπατηλοῦ
1762 542 1939 613 ὄφεως

2047 545 2208 600 mulis
2232 545 2576 600 tolerantiam
2603 545 2822 618 largiris
2855 554 2907 602 et
2937 545 3249 609 victoriam,
3305 543 3438 599 mihi
3480 560 3618 615 quo-

357 626 748 696 Ἀγριππίνου,
781 629 872 682 ἵνα
903 629 1112 698 γνῶσιν
1151 631 1380 694 πάντες,
1411 631 1493 684 ὅτι
1532 632 1581 685 οἱ
1615 632 1704 685 διά
1737 633 1941 704 χειρῶν

355 716 661 786 ἀνθρώπων
690 718 976 789 γενόμενοι
995 719 1109 774 θεοὶ
1134 721 1288 776 οὐδέν
1314 724 1473 786 είσιν,
1495 722 1632 775 ἀλλὰ
1673 724 1738 777 σὺ
1784 723 1945 791 μόνος

353 802 411 862 εἴ
429 808 821 891 δεδοξασμένος
844 813 925 874 είς
957 813 1081 875 τοὺς
1109 812 1318 876 αίῶνας
1344 814 1454 866 τῶν
1480 813 1718 867 αίὼνων.
1745 813 1942 885 Ἀμήν.

2048 652 2154 707 que
2181 638 2373 693 humili
2398 645 2455 694 et
2488 639 2703 709 abjecto
2730 640 2926 711 largire
2951 639 3019 694 ad
3061 637 3225 694 ﬁnem
3268 651 3443 707 usque
3482 638 3621 692 tole-

2051 725 2308 790 rantiam,
2346 734 2402 780 et
2434 729 2624 781 emitte
2647 727 3043 798 archangelum
3080 733 3238 781 tuum
3272 723 3618 786 Michaelem,

2049 826 2109 871 ut
2138 831 2227 871 me
2258 817 2452 873 liberet
2474 834 2504 872 a
2531 817 2704 873 fallaci
2737 826 2794 873 et
2825 818 3103 873 malitiose
3125 824 3384 888 serpente
3423 815 3625 888 Agrip-

353 902 515 970 pino,
550 911 609 957 ut
637 913 974 973 cognoscant
1003 920 1197 960 omnes
1234 922 1345 961 non
1379 922 1500 962 esse
1546 908 1696 971 deos,
1729 909 1818 978 qui
1850 909 1988 964 ﬁunt
2030 925 2127 980 per
2161 926 2356 966 manus
2390 911 2698 977 hominum,
2731 911 2826 966 sed
2859 923 2910 967 te
2937 912 3112 966 solum
3140 925 3264 967 esse
3300 910 3493 976 Deum,
3527 908 3622 980 qui

354 1011 420 1051 es
448 994 664 1063 patiens
695 1003 752 1048 et
781 997 967 1051 multae
996 996 1407 1063 misericordiae,
1449 1006 1503 1053 et
1539 998 1876 1069 gloriﬁcatus
1906 999 1963 1052 in
1984 1001 2205 1058 saecula.
2239 1002 2441 1059 Amen.

424 1089 506 1142 Z'.
535 1086 694 1141 Μετά
728 1086 788 1140 δὲ
829 1088 1049 1157 ἡμέρας
1095 1089 1237 1143 ἑπτά
1282 1090 1687 1161 προκαθεσθεὶς
1716 1094 1744 1145 ὁ
1775 1090 1935 1160 βικά-

356 1196 476 1251 ριος
510 1179 873 1248 ’Δγριππίνος
902 1181 960 1232 ἐν
986 1183 1049 1251 τῇ
1081 1180 1336 1253 βασιλικῇ
1363 1183 1626 1253 ἄντικρυς
1653 1183 1747 1237 τοῦ
1773 1182 1930 1247 Θεοῦ,

353 1269 647 1324 ἐκέλευσεν
697 1272 1050 1341 παραστῆναι
1086 1272 1179 1324 τὸν
1220 1274 1498 1345 μάρτυρα.
1560 1274 1622 1328 Ὀ
1651 1275 1707 1329 δὲ
1739 1274 1934 1346 βοηθὸς

362 1364 673 1428 Βικεντίνος
704 1365 811 1434 ἔφη
832 1381 848 1395 ’
894 1366 954 1420 Ὅ
982 1370 1096 1431 τοῖς
1128 1368 1314 1439 νόμοις
1340 1370 1450 1423 τῶν
1478 1369 1743 1440 βασιλέων
1772 1372 1933 1426 ἀπει-

356 1457 471 1511 θῶν
529 1460 626 1511 καὶ
668 1457 971 1526 ἀντιλέγων
1019 1462 1135 1522 τοῖς
1194 1461 1487 1530 ἡμετέροις
1548 1462 1936 1533 προστάγμασι

355 1551 608 1615 Πλάτων,
648 1550 676 1602 ό
706 1554 804 1620 τῆς
841 1550 1146 1620 θρησκείας
1168 1551 1279 1603 τῶν
1304 1552 1654 1622 Χριστιανῶν
1684 1553 1940 1622 ὐπέρμα-

353 1661 451 1715 lo;
474 1644 711 1713 ἔστηκεν
753 1643 863 1712 πρὸ
902 1642 1000 1696 τοῦ
1055 1641 1305 1713 βήματός
1357 1660 1477 1708 σου,
1536 1644 1716 1715 κύριε.
1761 1645 1870 1698 Καὶ
1910 1647 1938 1700 ό

368 1738 733 1807 ’Δγριππϊνος
758 1735 1094 1808 προσέταξεν
1144 1735 1480 1807 προτεθῆναι
1504 1736 1726 1790 ποικίλα
1763 1736 1937 1808 βασα-

352 1832 641 1901 νιστήρια,
679 1829 884 1900 λέϐητα
916 1828 1172 1899 χαλκοῦν,
1210 1830 1303 1882 καὶ
1337 1829 1558 1898 τίγανα,
1614 1832 1708 1884 καὶ
1746 1834 1937 1902 χεῖρας

354 1922 607 1992 σιδηρᾶς,
653 1920 748 1975 καὶ
800 1920 1173 1984 ἀνακλάστας,
1210 1920 1306 1972 καὶ¹
1362 1920 1730 1985 καταπέλτας,
1766 1919 1941 1973 ὀϐελί-

358 2031 529 2076 σκους
557 2013 697 2079 ὀξεῖ,
731 2014 827 2064 καὶ
852 2010 1129 2080 όγκίνους,
1177 2011 1272 2064 καὶ
1314 2009 1482 2081 ἔτερα
1528 2010 1724 2075 πολλὰ,
1763 2009 1943 2081 οἰόμε-

352 2122 445 2166 νος
495 2104 586 2158 διὰ
620 2103 828 2157 τούτων
880 2102 1288 2172 καταπλήττειν
1319 2103 1412 2156 τὸν
1462 2102 1751 2174 μάρτυρα,
1791 2103 1940 2168 ὅπως

353 2202 648 2263 θῦσειτοῖς
696 2199 863 2265 θεοῖς,
919 2201 1219 2272 ἐξαιρέτως
1264 2202 1320 2256 δὲ
1374 2200 1453 2273 τῷ
1505 2200 1802 2256 Ἀπόλλωνι
1844 2201 1940 2256 καί

354 2308 491 2363 φησι
524 2292 660 2364 πρὸς
690 2292 890 2346 αὐτόν’
924 2292 1066 2360 Ἐγὼ
1112 2295 1398 2364 θεωρήσας
1434 2311 1527 2348 σου
1574 2295 1673 2365 τῆς
1722 2295 1940 2364 ἡλικίας

352 2383 416 2437 τὺ
480 2381 629 2446 νέον,
688 2382 784 2436 καὶ
844 2382 1161 2453 φειδόμενός
1225 2400 1319 2437 σου
1380 2385 1479 2454 τῆς
1532 2385 1626 2438 τοῦ
1687 2384 1945 2455 σώματος

355 2474 568 2546 ἀκμῆς,
604 2473 705 2543 τῆς
734 2490 796 2526 τε
818 2474 927 2529 τῶν
958 2475 1218 2544 πατέρων
1250 2473 1531 2543 εὐγενείας
1558 2476 1940 2544 ἐπιγινώσκων

360 2584 418 2621 σε
448 2566 605 2631 ἀξιον
642 2565 795 2632 ὄντα,
829 2566 964 2637 πρὶν
998 2564 1163 2619 πάλιν
1202 2566 1478 2637 ἄρξασθαι
1510 2566 1620 2620 τῶν
1661 2566 1937 2637 βασάνων,

364 2657 723 2728 συμϐουλεύω
759 2674 869 2725 σοι,
911 2655 1053 2710 ὥστε
1087 2659 1197 2711 τῶν
1230 2658 1436 2713 θυσιῶν
1481 2658 1939 2727 ἀπογευσάμενον

359 2744 633 2807 σώζεσθαι
666 2743 789 2815 μεθ’
820 2743 1006 2813 ἡμῶν,
1049 2745 1232 2799 εἰδότα
1268 2746 1429 2800 τοῦτο
1473 2748 1556 2801 ὅτι
1607 2746 1786 2808 οὐδεὶς
1825 2745 1941 2800 τῶν

356 2837 725 2891 ἀπειπόντων
770 2853 863 2907 μοι
892 2837 1125 2909 ἔζησενσ
1177 2837 1368 2910 ὥσπερ
1416 2840 1582 2895 πάλιν
1624 2841 1801 2904 οὐδεὶς
1829 2841 1939 2894 τῶν

358 2929 718 2983 ἀκουσάντων
762 2928 1119 3000 ἀπεστερήθη
1157 2930 1270 2983 τῶν
1327 2930 1458 3002 παρ’
1489 2932 1627 3003 ἐμοῦ
1667 2931 1948 3001 ἐπαγγελ-

356 3021 563 3074 θέντων
594 3018 747 3091 αὐτῷ
771 3036 785 3050 ·
833 3019 901 3073 σὺ
930 3021 1138 3089 τοίνυν,
1169 3024 1218 3075 εί
1250 3021 1426 3085 θέλεις
1460 3034 1563 3093 μου
1593 3021 1826 3077 ἀκοῦσαι
1860 3023 1937 3088 ὡς

358 3110 495 3163 ἰδίου
529 3111 738 3181 πατρὸς
788 3110 973 3175 καλῶς
1006 3128 1094 3166 σοι
1125 3113 1615 3183 συμϐουλεύοντος,
1667 3115 1932 3186 μονογενῆ

2121 1093 2243 1150 νη.
2268 1094 2488 1166 Septem
2499 1105 2685 1152 autem
2701 1106 2828 1166 post
2843 1095 3352 1168 diebus‘praesidens
3366 1092 3624 1166 Agrippi-
3660 1102 3665 1107 '

2040 1200 2145 1241 nus
2175 1186 2410 1242 vicarius
2439 1187 2497 1242 in
2521 1188 2740 1244 basilica
2768 1202 2837 1243 ex
2861 1188 3089 1243 adverso
3113 1185 3285 1251 Jovis,
3312 1187 3474 1258 jussit
3500 1185 3621 1240 sisti

2039 1288 2356 1351 martyrem.
2390 1279 2530 1335 Dixit
2550 1295 2680 1335 vero
2703 1281 2981 1350 apparitor
3001 1278 3321 1335 Vincentius
3347 1297 3362 1333 :
3390 1276 3494 1344 Qui
3511 1293 3623 1332 non

2039 1383 2194 1443 paret
2221 1373 2610 1443 imperatorum
2643 1372 2885 1443 legibus,
2946 1381 3003 1428 et
3031 1371 3421 1441 vestrisjussis
3459 1385 3624 1441 repu-

2038 1471 2189 1536 gnat,
2223 1465 2397 1531 Plato,
2425 1466 2518 1536 qui
2551 1473 2636 1521 est
2652 1466 2915 1521 defensor
2966 1464 3150 1535 impiae
3185 1464 3622 1520 Christianorum

2039 1555 2334 1628 religionis,
2360 1564 2467 1612 stat
2490 1565 2616 1611 ante
2638 1569 2789 1612 tuum
2813 1556 3072 1624 tribunal,
3096 1558 3336 1613 domine.
3364 1556 3517 1611 Tunc
3551 1556 3625 1610 A-

2039 1649 2323 1719 grippinus
2340 1649 2507 1720 jussit
2524 1649 2735 1705 diversa
2759 1657 2813 1704 et
2831 1630 3403 1719 variattormentornm
3422 1663 3625 1719 genera

2043 1750 2169 1796 ante
2221 1742 2400 1812 ipsum
2448 1741 2614 1796 statui
2663 1758 2677 1795 :
2734 1741 2967 1797 lebetem
3045 1756 3281 1807 aeneum,
3325 1741 3627 1812 sartagines

2052 1834 2286 1898 ferreas,
2327 1833 2628 1888 candentes
2652 1842 3067 1899 crates,manus
3111 1832 3341 1899 ferreas,
3380 1832 3627 1903 catapul-

2045 1934 2147 1986 tas,
2180 1932 2369 1978 acutos
2396 1924 2681 1989 obeliscos,
2724 1939 2915 1990 uncos,
2980 1933 3150 1989 rotas,
3206 1933 3261 1980 et
3305 1924 3472 1978 multa
3519 1923 3624 1977 alia

2045 2016 2337 2082 terribilia,
2402 2016 2725 2071 existimans
2772 2016 2984 2081 infelix,
3040 2030 3100 2071 se
3156 2031 3255 2087 per
3326 2016 3444 2070 haec
3501 2013 3626 2071 esse

2045 2109 2363 2167 territurum
2414 2115 2733 2179 martyrem,
2799 2117 2860 2162 ut
2909 2108 3016 2163 diis
3070 2107 3191 2177 ejus
3243 2106 3619 2172 sacriﬁcaret,

2041 2200 2320 2272 praecipue
2347 2208 2533 2255 autem
2562 2198 2826 2270 Apollini,
2860 2199 2955 2268 qui
3018 2199 3173 2269 pellit
3205 2198 3271 2254 ad
3316 2199 3622 2263 interitum,

2042 2302 2097 2349 et
2115 2293 2248 2349 dicit
2271 2294 2319 2347 ei
2357 2310 2370 2346 :
2404 2293 2519 2363 Ego
2533 2291 2778 2365 quidem,
2810 2290 3138 2347 charissime
3168 2290 3343 2355 Plato,
3374 2297 3626 2346 contem-

2043 2384 2205 2456 plans
2239 2392 2389 2439 tuam
2412 2382 2719 2454 juvenilem
2743 2392 2982 2446 aetatem,
3022 2391 3078 2436 et
3101 2397 3337 2452 parcens
3367 2382 3488 2436 llori
3547 2381 3627 2437 tui

2042 2476 2313 2547 corporis,
2337 2486 2393 2530 et
2423 2474 2608 2530 sciens
2637 2484 2927 2545 parentum
2990 2484 3211 2529 tuorum
3256 2474 3624 2537 nobilitatem,

2044 2568 2144 2623 tibi
2170 2565 2400 2622 consulo
2423 2564 2742 2636 priusquam
2778 2579 2971 2618 rursus
2998 2562 3255 2633 incipiam
3275 2571 3326 2618 te
3345 2571 3623 2630 torquere,

2041 2667 2101 2714 ut
2164 2656 2395 2729 gustatis
2449 2654 2730 2710 sacriﬁciis
2778 2653 3053 2718 serveris,
3094 2664 3150 2708 et
3187 2654 3265 2710 sis
3290 2654 3574 2710 nobiscum
3607 2670 3622 2707 :

2041 2750 2147 2806 hoc
2184 2762 2403 2820 quoque
2422 2747 2628 2813 sciens,
2661 2746 2807 2816 quod
2861 2747 3047 2801 nullus
3080 2761 3322 2816 unquam
3367 2747 3504 2802 vixit
3557 2762 3625 2801 ex

2042 2845 2111 2902 iis
2134 2843 2226 2915 qui
2250 2842 2387 2897 mihi
2421 2856 2532 2895 non
2560 2848 2860 2910 paruerunt
2886 2854 2901 2891 :
2935 2839 3211 2909 quomodo
3236 2854 3426 2894 rursus
3446 2839 3629 2895 nullus

2040 2951 2108 2992 ex
2137 2934 2209 2990 iis
2223 2934 2314 3004 qui
2333 2931 2467 2987 mihi
2498 2939 2818 3002 paruerunt,
2836 2930 2887 2985 ei
2910 2945 3038 2984 ame
3056 2930 3338 3000 promissis
3353 2929 3510 2984 bonis
3528 2931 3631 2986 fuit

2040 3028 2309 3100 privatus.
2344 3025 2485 3096 Ergo
2505 3034 2563 3079 tu
2582 3038 2821 3094 quoque,
2854 3037 2887 3076 ο
2922 3023 3130 3093 Optime
3151 3019 3327 3089 Plato,
3360 3021 3404 3076 si
3435 3021 3624 3076 volue-

2040 3119 2119 3174 ris
2141 3131 2228 3173 me
2257 3117 2469 3182 audire,
2505 3124 2767 3184 tanquam
2806 3122 3018 3184 patrem
3059 3114 3375 3184 proprium,
3417 3111 3626 3167 bonum

354 3202 641 3273 θυγατέρα·
652 3202 893 3272 ἀδελφοῦ
907 3222 1009 3270 μου
1028 3204 1160 3275 ἔχω·
1183 3204 1390 3277 ταύτην
1407 3206 1665 3278 ὲκδίδωμί
1693 3224 1776 3261 σοι
1801 3207 1938 3278 πρὸς

2044 3212 2145 3268 tibi
2175 3211 2399 3266 dantem
2458 3207 2777 3271 consilium,
2834 3206 3014 3262 habeo
3041 3207 3261 3263 unicam
3298 3205 3484 3261 fratris
3516 3205 3626 3260 mei

350 3298 537 3369 γάμον
579 3296 802 3361 ἐπιδοὺς
838 3298 976 3369 αὐτῇ
1009 3300 1214 3368 προῖκα
1262 3299 1532 3371 πολυτελῆ
1579 3302 1674 3354 καὶ¹
1707 3301 1838 3355 ἴδιόν
1873 3317 1935 3354 σε

2044 3302 2206 3358 ﬁliam
2247 3320 2261 3358 :
2298 3315 2418 3356 eam
2448 3299 2544 3354 tibi
2574 3298 2718 3354 dabo
2748 3298 2806 3352 in
2828 3298 3264 3364 matrimonium,
3315 3296 3475 3353 valde
3509 3312 3628 3352 ma-

351 3389 714 3461 ἀναγορεύσω
742 3392 955 3444 τέκνον.
1004 3390 1062 3443 ⁸0
1090 3390 1149 3443 δὲ
1178 3397 1453 3462 μακάριος
1509 3392 1807 3466 ἀθλοφόρος
1841 3392 1936 3446 καὶ

2044 3408 2202 3463 gnam
2223 3391 2272 3445 ei
2289 3391 2510 3446 tradens
2526 3390 2735 3453 dotem,
2754 3397 2808 3444 et
2837 3398 2887 3442 te
2905 3404 3087 3444 meum
3114 3388 3396 3459 proprium
3417 3386 3632 3444 vocabo

361 3482 582 3553 μάρτυς
608 3480 706 3535 τοῦ
735 3480 978 3553 Χριστοῦ
1002 3481 1228 3536 Πλάτων
1257 3483 1497 3552 γελάσας
1525 3481 1679 3538 εἶπεν
1701 3499 1716 3516 ο
1750 3484 1935 3539 ’Δθλιε

2044 3485 2232 3540 ﬁlium.
2263 3483 2462 3541 Beatus
2492 3490 2676 3538 autem
2705 3487 2763 3536 et
2781 3495 2972 3537 revera
2995 3480 3150 3538 fortis
3174 3481 3375 3535 athleta
3418 3480 3624 3535 Christi

354 3574 455 3629 καὶ
490 3573 871 3644 μισάνθρωπε,
896 3572 992 3627 καὶ
1021 3573 1205 3641 πάσης
1234 3574 1586 3645 δικαιοσύνης
1620 3574 1804 3647 ἐχθρὲ,
1833 3561 1941 3630 ῦπ-

353 3666 537 3738 ηρὲτα
584 3665 683 3718 τοῦ
731 3665 986 3719 διαϐόλου
1033 3667 1131 3720 καὶ
1180 3667 1424 3736 ὑπουργὲ
1459 3667 1556 3721 τοῦ
1605 3669 1846 3731 Σατανᾶ,
1889 3670 1937 3722 εί

351 3759 497 3820 ὅλως
531 3757 837 3828 ἐϐουλόμην
876 3759 960 3821 είς
1014 3757 1197 3830 γάμον
1259 3759 1437 3812 ἐλθεῖν
1481 3760 1580 3812 καὶ
1627 3759 1938 3828 ἀγαγέσθαι

353 3853 602 3918 γυναῖκα
641 3850 739 3902 καὶ
782 3848 994 3917 διάγειν
1036 3852 1094 3903 ὲν
1130 3850 1508 3920 περισπασμῷ
1545 3850 1641 3904 τοῦ
1679 3850 1936 3922 βιωτικοῦ

355 3941 554 3997 τούτου
588 3940 823 4008 καπνοῦ,
876 3942 936 3994 οὐ
993 3941 1318 4007 κατηξίωκα
1352 3940 1420 3995 ἀν
1457 3940 1536 4012 τῷ
1586 3942 1935 4013 φροντίζοντι

355 4035 468 4089 τῶν
494 4035 845 4105 πραγμάτων
889 4049 992 4103 μου
1028 4032 1218 4088 λαϐετν
1249 4037 1486 4102 γυναῖκα
1523 4033 1622 4104 τὴν
1662 4033 1939 4105 θυγατέρα

359 4127 458 4182 τοῦ
511 4125 749 4195 ἀδελφοῦ
803 4142 920 4192 σου,
972 4126 1066 4179 καὶ
1095 4124 1347 4196 βελτίονα
1386 4125 1443 4179 δὲ
1487 4126 1658 4197 ἀλλην
1701 4127 1733 4197 ἢ
1769 4125 1941 4198 αὐτὴν

355 4222 575 4291 ἠγόμην
610 4220 691 4282 είς
719 4219 919 4287 γάμον.
955 4218 1086 4271 Τότε
1117 4221 1147 4272 ό
1185 4218 1454 4288 σύσχολος
1474 4219 1576 4274 τοῦ
1598 4220 1816 4274 Σατανᾶ
1844 4224 1941 4274 καὶ

358 4316 633 4385 ὑπουργὸς
662 4312 757 4366 τοῦ
810 4312 1018 4381 πατρὸς
1070 4311 1240 4366 αὑτοῦ
1302 4314 1399 4367 τοῦ
1442 4298 1708 4368 διαϐόλου
1755 4314 1939 4384 πάσης

357 4405 560 4469 κακίας
593 4405 782 4476 γέμων
814 4402 914 4457 καὶ
944 4404 1146 4468 παντδς
1194 4405 1274 4458 ἰοῦ
1304 4405 1399 4458 καλ⁸
1430 4405 1585 4459 δόλου
1653 4422 1942 4477 μεμεστω-

362 4502 547 4571 μένος,
574 4499 828 4569 καθάπερ
842 4515 928 4561 τις
945 4498 1083 4553 λέων
1111 4498 1272 4569 φόνον
1297 4500 1689 4570 ἐρευγόμενος,
1716 4497 1939 4552 ἐκέλευ-

360 4610 454 4647 σεν
485 4591 776 4662 ἐνεχθῆναι
806 4590 1124 4664 κράϐϐατον
1161 4589 1400 4660 χαλκοῦν
1439 4590 1537 4644 καὶ
1569 4589 1943 4659 κατατεθῆναι

360 4689 439 4750 εἰς
473 4685 639 4740 αὐτὸν
666 4685 760 4739 τὸν
808 4683 1068 4756 μάρτυρα
1103 4685 1199 4737 καὶ
1242 4683 1628 4752 ὑποκαυθῆναι
1675 4683 1810 4754 πῦρ,
1846 4683 1944 4738 καὶ

360 4776 617 4845 γενέσθαι
663 4774 977 4846 ἀνθρακιὰν
1009 4774 1275 4845 μεγάλην,
1333 4774 1428 4826 καὶ
1478 4773 1741 4845 ρένεσθαι
1771 4774 1944 4844 αὐτὴν

361 4868 551 4938 ἐλαίῳ,
576 4868 673 4920 καὶ
693 4866 911 4938 ῥητίνη,
950 4867 1046 4920 καὶ
1073 4866 1359 4935 ἀσφάλτῳ,
1395 4866 1490 4919 καὶ
1519 4866 1699 4937 κηρῷ,
1724 4867 1822 4920 καὶ
1840 4867 1943 4936 ῥα-

2039 3576 2195 3631 Plato
2257 3575 2442 3631 ridens
2487 3575 2626 3630 dixit
2668 3574 2883 3629 :Miser
2926 3580 2984 3628 et
3036 3572 3324 3628 hominum
3382 3571 3623 3638 inimice,

2041 3667 2116 3722 fili
2158 3665 2381 3731 diaboli,
2413 3675 2471 3721 et
2507 3664 2834 3720 administer
2859 3665 3098 3729 Satanae,
3131 3662 3179 3717 si
3216 3663 3412 3718 vellem
3469 3664 3625 3735 jungi

2039 3759 2410 3823 matrimonio,
2450 3766 2503 3812 et
2530 3758 2731 3813 ducere
2759 3771 3007 3820 uxorem,
3029 3765 3084 3811 et
3108 3755 3311 3827 degere
3342 3755 3399 3810 in
3459 3756 3626 3811 dece-

2039 3853 2246 3924 ptione,
2273 3851 2586 3922 implicatus
2611 3852 2762 3905 fumo
2789 3847 2957 3918 hujus
3031 3848 3327 3903 mundanae
3359 3848 3505 3911 vitae,
3535 3849 3626 3903 di-

2041 3959 2312 4017 gnarerne
2346 3943 2434 3997 vel
2463 3943 2517 3997 in
2552 3956 2737 3997 rerum
2769 3957 3018 3997 mearum
3046 3939 3424 3996 sollicitudine
3472 3939 3626 3997 acci-

2042 4051 2172 4107 pere
2229 4050 2455 4090 uxorem
2488 4035 2674 4090 fratris
2726 4034 2803 4089 tui
2842 4033 3031 4097 filiam,
3065 4041 3160 4088 aut
3217 4032 3356 4089 tales
3425 4032 3629 4088 habere

2042 4128 2289 4193 ancillas,
2349 4127 2527 4198 qualis
2581 4134 2666 4182 est
2722 4125 2834 4182 ﬁlia
2860 4125 3046 4182 fratris
3073 4126 3176 4192 tui,
3210 4133 3306 4180 aut
3356 4139 3422 4180 ea
3460 4125 3627 4181 etiam

2044 4219 2511 4289 meliores,utego
2538 4234 2656 4275 eam
2685 4218 2880 4274 ducam
2926 4233 3156 4274 uxorem
3182 4216 3384 4273 YTunc
3410 4216 3627 4273 Satanas

2042 4314 2406 4371 scholasticus
2480 4322 2537 4368 et
2597 4312 2924 4369 administer
2997 4312 3171 4383 patris
3225 4312 3347 4382 ejus
3402 4310 3626 4377 diaboli,

2044 4406 2244 4478 plenus
2277 4405 2428 4461 omni
2467 4405 2598 4460 vitio
2623 4414 2678 4460 et
2706 4404 2953 4473 repletus
2974 4402 3123 4459 omni
3157 4418 3360 4475 genere
3417 4402 3627 4472 impro-

2044 4499 2252 4562 bitatis,
2285 4513 2395 4553 non
2411 4513 2573 4553 secus
2591 4512 2655 4553 ac
2685 4497 2854 4553 draco
2885 4494 3157 4566 quispiam
3188 4504 3286 4550 aut
3315 4495 3403 4550 l‘eo
3420 4493 3625 4549 caedem

1973 4577 2021 4635 υ
2046 4599 2328 4654 eructans,
2358 4588 2640 4660 grabatum
2671 4588 2835 4658 jussit
2865 4585 3047 4641 aﬂerri
3072 4601 3310 4650 aeneum,
3343 4594 3396 4640 et
3423 4585 3477 4639 in
3508 4587 3628 4654 ipso

2047 4683 2245 4752 deponi
2278 4690 2571 4751 martyrem
2603 4694 2618 4730 :
2653 4687 2710 4733 et
2741 4677 2821 4731 sic
2847 4677 3027 4746 ignem
3074 4675 3322 4739 accendi,
3375 4683 3434 4730 et
3506 4673 3625 4729 ﬁeri

2047 4776 2304 4846 magnum
2325 4787 2581 4828 acervum
2604 4782 2928 4839 prunarum,
2959 4781 3199 4837 eumque
3244 4766 3459 4837 aspergi
3496 4766 3619 4822 oleo

2046 4876 2100 4921 et
2141 4866 2323 4920 resina
2356 4875 2410 4918 et
2440 4860 2713 4918 bitumine
2766 4866 2824 4913 et
2867 4873 3016 4922 cera,
3061 4865 3118 4911 et
3145 4873 3270 4911 eum
3294 4855 3428 4912 caedi
3457 4857 3626 4928 virgis

359 4959 604 5024 ϐδίζεθαι
622 4959 785 5011 αὑτὸν
803 4956 1153 5030 λεπτοτέροις
1177 4955 1414 5027 ῥάϐδοις,
1435 4955 1523 5009 ἕνα
1541 4955 1646 5010 ὑπὸ
1660 4955 1752 5009 τοῦ
1772 4956 1939 5024 πυρὸς

2049 4954 2447 5019 subtilissimis,
2483 4962 2544 5008 ut
2581 4966 2610 5006 a
2641 4950 2813 5022 plagis
2835 4958 2886 5004 et
2917 4949 3041 5021 igne
3072 4948 3276 5003 nudata
3300 4948 3419 5021 ejus
3444 4948 3625 5004 visce-

360 5054 592 5109 καὶτῶν
637 5053 862 5123 πληγῶν
885 5055 920 5124 ή
945 5053 1226 5123 οἰκονομία
1265 5054 1375 5108 τῶν
1411 5054 1737 5125 σπλάγχνων
1776 5051 1943 5107 αὐτοῦ

357 5145 711 5219 ⁴γυμνωθείέια
736 5146 1011 5215 ἀφόρητον
1035 5143 1184 5215 αὖτῷ
1207 5147 1544 5219 περιποιήσῃ
1564 5146 1661 5216 τὴν
1682 5143 1937 5216 βάσανον.

431 5238 515 5295 H'.
567 5237 931 5309 Δίκιζομένου
974 5237 1030 5290 δὲ
1067 5237 1258 5302 αὑτοῦ,
1317 5238 1630 5309 Σωφρόνιος
1656 5254 1934 5308 κομενταο

361 5336 552 5403 ρήσιος
585 5332 690 5400 ἔφη
715 5348 733 5362 ·
763 5328 1062 5394 Πανάθλιε,
1122 5330 1381 5400 πείσθητι
1435 5329 1514 5401 τῷ
1557 5330 1796 5402 βικαρίῳ
1844 5333 1941 5385 καὶ

360 5425 526 5478 θῦσον
555 5425 671 5486 τοίς
707 5421 878 5485 θεοῖς,
907 5421 1086 5475 καὶτὸ
1105 5421 1291 5486 κακῶς
1324 5422 1623 5477 ἀποθανεῖν
1644 5423 1936 5493 κέρδησον.

360 5516 429 5569 τί
464 5516 798 5582 ἀντιλέγεις,
836 5513 986 5567 ἄθλιε
1014 5530 1029 5581 ;
1075 5516 1186 5585 Οὐχ
1212 5516 1344 5586 όρᾷς
1373 5516 1439 5568 τὰ
1464 5515 1804 5587 προκείμενα
1844 5516 1942 5585 βα-

366 5611 696 5681 σανιστήρια
726 5608 816 5662 διὰ
842 5608 940 5676 σέ;
978 5608 1212 5662 Πλάτων
1253 5606 1409 5663 εἶπεν
1435 5625 1450 5641 ·
1505 5607 1646 5678 Ἐγὼ
1675 5609 1736 5663 rb
1775 5609 1940 5681 σῶμά

365 5720 466 5771 μου
500 5700 589 5756 διὰ
621 5699 863 5771 Χριστὸν
911 5700 1032 5752 ὅλον
1089 5699 1407 5769 παρέδωκα.
1440 5700 1506 5752 Τί
1542 5699 1636 5754 οὖν
1686 5717 1788 5769 μου
1838 5702 1939 5754 οὐκ

364 5795 689 5862 ἀφίστασαι,
724 5793 1039 5863 σκρινιάριε
1083 5794 1174 5845 τοῦ
1226 5793 1447 5846 Σατανᾶ
1504 5793 1601 5845 καὶ
1649 5792 1809 5864 ἐχθρὲ
1843 5797 1937 5867 τῆς

364 5887 660 5955 ὁληθείαςς
715 5884 950 5938 Σεαυτδν
993 5884 1318 5955 νουθέτησιν
1362 5887 1461 5958 τῆς
1514 5885 1724 5955 πλάνης
1781 5887 1941 5952 turb;

2046 5063 2167 5105 rum
2190 5056 2467 5104 structura
2495 5046 2545 5101 ei
2584 5042 2930 5100 intolerabile
2962 5050 3296 5097 tormentum
3332 5039 3551 5095 efﬁciat.

2116 5246 2256 5303 Vill.
2289 5245 2429 5302 Cum
2465 5244 2559 5300 diu
2585 5251 2771 5297 autem
2829 5238 3137 5295 caederetur
3197 5249 3427 5313 martyr,
3487 5238 3625 5294 dixit

2046 5338 2390 5410 Sophronias
2407 5333 2944 5393 commentariensis:
2966 5329 3366 5394 Infelicissime,
3391 5345 3523 5400 pare
3545 5329 3623 5383 vi-

2044 5432 2216 5496 cario,
2242 5439 2296 5486 et
2322 5428 2426 5485 diis
2451 5425 2720 5489 sacrifica,
2746 5433 2801 5480 et
2818 5438 2887 5478 ne
2911 5423 3050 5478 male
3079 5422 3351 5486 moriaris,
3372 5420 3618 5476 lucrifae.

2043 5523 2184 5591 Quid
2245 5517 2626 5578 contradicis?
2684 5512 2804 5570 Non
2861 5514 3015 5570 vides
3040 5522 3229 5584 parata
3285 5520 3508 5582 propter
3567 5519 3622 5565 te

2048 5612 2366 5670 tormenta?
2400 5610 2544 5665 Dixit
2577 5617 2801 5665 sanctus
2826 5607 2977 5663 Plato
3011 5623 3025 5660 :
3077 5606 3190 5677 Ego
3222 5615 3392 5660 totum
3440 5619 3621 5658 meum

2046 5721 2247 5776 corpus
2299 5713 2522 5776 propter
2584 5701 2863 5756 Christum
2923 5696 3140 5753 tradidi.
3196 5694 3307 5751 Cur
3329 5707 3457 5764 ergo
3507 5708 3631 5746 non

2046 5796 2289 5863 desistis,
2324 5811 2357 5851 0
2380 5797 2598 5852 Satanm
2620 5787 2927 5857 scriniarie,
2952 5798 3008 5845 et
3062 5788 3289 5844 inimice
3319 5783 3570 5841 veritatis
3593 5782 3631 5835 ἲ

2047 5889 2304 5957 Teipsum
2335 5891 2590 5957 admone,
2614 5896 2671 5942 ut
2704 5885 2771 5941 ab
2808 5898 2994 5941 errore
3019 5881 3277 5939 desistas.
3320 5877 3429 5951 Ego
3472 5875 3635 5933 enim
