3994 6486
349 413 452 479 ΔΗ

1646 416 1931 479 MENSIS
1968 417 2264 480 JULRUS.

3502 419 3608 483 412

352 531 488 593 scio,
512 527 645 598 quid
677 527 809 583 mihi
828 530 1112 600 expediat,
1137 538 1192 585 et
1241 544 1525 599 nunquam
1574 539 1798 586 avertar
1858 530 1922 586 ah

2029 533 2321 602 γενέσθαι⁸
2357 530 2471 602 ἐγὼ
2523 532 2630 605 γὰρ
2673 532 2733 587 τὸ
2784 533 3066 605 συμφέρον
3094 531 3319 602 ἐμαυτῷ
3353 533 3609 601 γινώσκω

351 619 455 675 hac
475 619 845 676 confessione.
872 620 1019 676 Dixit
1040 621 1379 692 Agrippinus
1409 640 1424 678 :
1455 621 1589 688 Quis
1639 631 1723 677 est
1771 621 1930 677 Chri-

351 723 489 776 stus,
525 730 684 783 quem
721 713 892 769 dicis?
918 714 1057 769 Num
1089 723 1270 785 potest
1321 722 1373 768 te
1416 715 1602 770 vivum
1632 715 1847 784 eripere
1896 728 1929 769 e

351 805 488 860 meis
509 805 761 860 manibus
778 821 883 860 non
900 806 1334 861 sacriﬁcantem?
1351 804 1509 861 Nune
1528 822 1655 877 ergo
1687 808 1771 862 vis
1786 806 1928 862 male

348 899 507 951 mori.
541 896 631 951 δεῖ
651 913 694 952 IS
710 908 917 963 autem,
934 898 1186 969 quodqui
1203 899 1308 954 fuit
1331 899 1625 954 cruciﬁxus
1643 915 1672 953 a
1698 897 1922 963 Iudaeis,

350 1003 457 1040 non
489 997 666 1055 potest
695 997 746 1040 te
782 1002 1024 1051 scrvare,
1064 989 1277 1043 etiamsi
1317 989 1605 1058 praasligiis
1626 988 1734 1044 tuis
1767 988 1927 1043 valde

345 1078 606 1134 conﬁdas.
638 1078 733 1133 Sin
748 1087 929 1134 autem
957 1096 1153 1150 inagno
1171 1081 1272 1135 deo
1293 1081 1528 1150 Apollini
1582 1080 1925 1145 sacriﬁcaris,

346 1180 401 1225 et
436 1180 529 1225 tuo
565 1171 841 1226 sacriﬁcio
864 1186 991 1226 eum
1018 1172 1110 1226 tibi
1141 1172 1394 1240 placaris,
1417 1179 1599 1240 potest
1627 1180 1680 1225 te
1701 1172 1770 1225 ab
1795 1168 1923 1235 hoc,

346 1263 438 1332 qui
466 1273 516 1318 te
534 1264 769 1339 detinet,
805 1263 1094 1319 candentis
1115 1264 1257 1335 ignis
1277 1265 1503 1335 grabato
1527 1272 1583 1319 et
1603 1263 1795 1319 dolore
1817 1262 1923 1317 eri-

346 1370 498 1424 pere.
528 1352 765 1413 Sanctus
796 1364 981 1409 autem
1018 1354 1171 1409 Plato
1209 1355 1347 1410 dixit
1378 1353 1706 1425 :Nunquam
1756 1352 1926 1408 sacri-

350 1444 549 1508 ficabo,
592 1462 693 1502 nec
724 1446 987 1517 Apollini,
1049 1462 1154 1503 nec
1198 1447 1429 1516 reliquis
1490 1447 1595 1502 diis
1624 1446 1752 1502 tuis.
1784 1445 1915 1499 Nam

344 1538 436 1607 qui
470 1539 662 1609 Apollo
695 1538 929 1599 dicitur.
965 1540 1124 1609 pellit
1161 1539 1229 1594 ad
1262 1539 1544 1594 interitum
1576 1556 1591 1590 :
1618 1547 1674 1593 et
1706 1552 1921 1601 omnes,

343 1629 434 1698 qui
471 1629 525 1683 in
558 1643 684 1683 eum
717 1630 971 1692 credunt,
1015 1630 1208 1684 eodem
1236 1629 1494 1699 peribunt
1544 1629 1789 1683 interitu.
1829 1627 1924 1682 Vis

343 1727 526 1773 autem
553 1719 718 1784 scire,
742 1735 775 1775 o
796 1722 963 1774 stulte
978 1728 1035 1775 et
1056 1720 1204 1790 gravi
1235 1719 1421 1784 corde,
1454 1718 1626 1774 delire
1656 1726 1712 1773 et
1738 1726 1923 1772 mente

342 1819 519 1879 capte,
554 1811 699 1881 quod
728 1827 841 1867 non
905 1822 1033 1867 sunt
1082 1812 1177 1876 dii,
1217 1811 1313 1880 qui
1373 1811 1509 1866 ﬁunt
1560 1826 1658 1882 per
1726 1826 1923 1865 manus

342 1903 647 1969 hominum,
697 1904 793 1959 sed
838 1918 1031 1959 aurum
1084 1912 1137 1959 et
1187 1912 1498 1973 argentum,
1558 1911 1617 1957 et
1673 1903 1838 1972 ligna,
1870 1911 1925 1957 et

343 1992 558 2063 lapides
583 1993 803 2049 formati
838 1994 1009 2051 variis
1065 2003 1122 2049 et
1173 1993 1410 2049 diversis
1467 1993 1791 2048 coloribus?
1821 1993 1923 2058 Qui

340 2086 528 2141 oculos
556 2087 783 2163 habent,
812 2096 866 2142 et
896 2102 1004 2141 non
1057 2086 1286 2141 vident:
1345 2101 1547 2140 manus
1592 2085 1818 2150 habent,
1871 2094 1927 2140 et

341 2195 451 2233 non
476 2180 700 2249 palpant
731 2196 744 2230 :
772 2180 940 2248 pedes
964 2177 1191 2244 habent,
1217 2187 1272 2233 et
1299 2193 1408 2232 non
1432 2177 1735 2242 ambulant,
1765 2192 1927 2232 aures

341 2271 568 2334 halent,
632 2279 684 2325 et
726 2285 839 2325 non
910 2270 1186 2325 audiunt:
1234 2285 1397 2324 nares
1446 2269 1668 2335 habent,
1712 2280 1767 2324 et
1812 2285 1923 2325 non

340 2364 723 2428 edorantur‘;
770 2372 850 2432 et,
916 2371 977 2417 ut
1055 2362 1229 2417 semel
1287 2361 1487 2425 dicam,
1554 2371 1687 2417 sunt
1758 2377 1925 2431 opera

339 2452 645 2521 fabrorum,
680 2462 736 2508 et
759 2453 1070 2516 aurificum,
1117 2462 1176 2508 et
1221 2460 1582 2517 tornatorum,
1630 2460 1685 2506 et
1736 2452 1925 2523 lapici-

339 2545 558 2603 darum.
592 2545 878 2607 lstienim,
928 2561 1066 2615 quos
1099 2553 1161 2599 tu
1207 2546 1340 2600 deos
1391 2559 1516 2600 esse
1572 2544 1729 2611 dicis,
1787 2561 1925 2615 quo.

338 2636 501 2691 modo
554 2652 664 2691 non
720 2645 949 2706 possunt
1015 2635 1182 2690 alicui
1256 2636 1603 2699 benefacere,
1677 2637 1751 2690 ita
1820 2652 1924 2693 nec

341 2736 572 2797 possunt
597 2744 837 2798 unquam
867 2728 1068 2783 laedere
1097 2743 1195 2783 eos
1240 2727 1330 2797 qui
1368 2727 1560 2782 timent
1609 2728 1921 2786 Dominum.

338 2820 479 2877 Sunt
533 2820 681 2875 enim
720 2820 874 2875 nullo
913 2836 1082 2877 sensu
1112 2820 1348 2891 praediti,
1393 2821 1551 2877 vobis
1579 2821 1788 2878 simila
1817 2838 1832 2876 :
1865 2830 1925 2878 et

340 2930 450 2970 non
475 2914 744 2978 sentiunt,
787 2930 889 2969 nec
912 2930 1037 2969 cum
1067 2915 1148 2969 eis
1168 2914 1396 2970 offertur
1424 2915 1779 2979 sacrificium,
1816 2930 1923 2970 nec

342 3022 466 3064 cum
500 3006 885 3071 libamen,nec
942 3023 1065 3063 cum
1102 3009 1187 3065 eis
1240 3008 1388 3064 ullus
1433 3008 1573 3063 alius
1627 3008 1922 3063 exhibetur

341 3100 545 3155 cultus.
592 3099 739 3154 Deus
795 3109 978 3155 autem
1008 3140 1024 3166 ,
1068 3100 1362 3171 quiomnia
1419 3100 1570 3166 fecit,
1624 3108 1681 3156 et
1718 3096 1918 3155 coalutii

1953 1874 2000 1934 B

2031 625 2127 679 καὶ
2155 625 2216 678 ού
2242 624 2662 696 μετατρέπομαι
2686 626 2797 680 ἀπὸ
2828 625 2931 694 τῆς
2960 625 3256 695 ὁμολογίας
3275 626 3502 698 ταύτης.
3546 629 3606 681 'U

2025 710 2083 767 δὲ
2122 714 2481 785 Ἀγριππῖνος
2503 715 2609 786 ἔφη
2630 733 2645 748 ο
2679 717 2775 780 Τίς
2801 719 2951 770 ἐστιν
2976 720 3004 771 ό
3042 718 3278 787 Χριστὸς
3312 718 3373 770 δν
3423 721 3489 772 σὺ
3520 719 3609 772 λέ-

2027 822 2179 875 γεις;
2214 808 2304 879 Μὴ
2335 808 2567 861 δύναταί
2598 825 2660 862 σε
2686 809 2963 878 ῥύσασθαι
3002 810 3070 864 ὲκ
3110 810 3221 863 τῶν
3252 810 3481 880 χειρῶν,
3529 811 3607 883 μὴ

2027 900 2263 969 θύοντας
2293 901 2389 956 νῦν
2426 897 2519 956 οὖν
2564 902 2749 973 βούλει
2784 903 2973 966 κακῶς
3009 903 3326 959 ἀποθανεῖν.
3364 904 3609 958 Γίνωσκι

2025 992 2142 1056 οὖν,
2171 995 2254 1048 ὅτι
2282 995 2311 1046 ό
2342 995 2684 1065 σταυρωθεὶς
2714 994 2868 1065 παρὰ
2890 995 3000 1047 τῶν
3059 996 3336 1048 Ἰουδαίων
3368 996 3430 1049 ού
3453 996 3610 1049 δύνα-

2024 1083 2115 1138 ταί
2143 1099 2202 1136 σε
2232 1084 2430 1145 σῶσαι,
2452 1085 2500 1137 εί
2530 1084 2628 1137 καὶ
2657 1084 2869 1154 σφόδρα
2900 1084 3130 1154 θαρῥετς
3161 1087 3286 1146 ταῖς
3324 1085 3612 1154 γοητείαις

2027 1191 2143 1227 σου.
2180 1173 2307 1227 Ἐὰν
2339 1173 2395 1227 δὲ
2421 1173 2595 1245 θύσῃς
2626 1174 2703 1244 τῷ
2751 1173 2973 1244 μεγάλῳ
3010 1173 3119 1243 θεῷ
3170 1172 3474 1226 Ἀπόλλωνι
3511 1175 3612 1227 καὶ

2025 1263 2373 1337 θεραπεύσῃς
2403 1264 2567 1318 αὑτὸν
2597 1264 2687 1319 διὰ
2709 1265 2811 1335 τῆς
2840 1264 3034 1328 θυσίας
3056 1280 3174 1329 σου,
3205 1264 3433 1327 δυνατός
3459 1266 3613 1317 ὶστιν

2022 1353 2133 1408 ἀπὸ
2150 1356 2248 1425 τῆς
2271 1354 2615 1425 κατεχούσης
2642 1372 2703 1409 σε
2733 1354 2939 1424 ταύτης
2967 1354 3163 1422 ὀδύνης
3185 1354 3281 1408 καὶ
3301 1354 3613 1423 κραεὸατο-

2024 1447 2224 1517 πυρίας
2248 1448 2549 1513 ἐξελέσθαι.
2589 1448 2821 1503 Πλάτων
2848 1445 3038 1501 εἷπεν·
3070 1447 3147 1500 Οὐ
3177 1446 3293 1500 θύω
3327 1445 3454 1498 οὔτε
3488 1447 3606 1510 τοῖς

2026 1538 2236 1602 λοιποῖς
2280 1540 2446 1604 θεοῖς,
2482 1538 2608 1594 οὕτε
2673 1538 3014 1593 Ἀπόλλωνι·
3067 1540 3097 1592 ό
3143 1537 3258 1608 γὰρ
3304 1536 3607 1607 λεγόμενος

2037 1630 2312 1685 Ἀπόλλων
2339 1631 2589 1685 ἀπώλειά
2614 1632 2784 1693 ἐστιν,
2816 1631 2912 1685 καὶ
2943 1631 3148 1693 πάντες
3170 1629 3228 1682 δὲ
3256 1630 3306 1683 el
3331 1631 3417 1691 si;
3437 1630 3611 1683 αὐτὸν

2025 1721 2403 1785 πιστεύοντες,
2452 1725 2517 1793 τῇ
2580 1724 2718 1793 αὐτῇ
2745 1722 2994 1793 ἀπωλείᾳ
3032 1720 3386 1775 ἀπολοῦνται.
3411 1720 3609 1784 Θέλεις

2025 1815 2081 1868 δὲ
2111 1814 2338 1883 γνῶναι,
2367 1815 2565 1883 ἀνόητε
2605 1816 2701 1868 καὶ
2741 1813 3106 1884 βαρυκάρδιε,
3141 1813 3236 1867 καὶ
3280 1814 3614 1883 φρεναπάτα

2028 1908 2124 1962 καὶ
2156 1906 2393 1978 λυμεὼν.
2429 1908 2512 1961 ὅτι
2562 1909 2664 1960 οὐκ
2689 1907 2800 1960 elei.
2838 1906 2954 1959 θεοὶ
2976 1909 3025 1960 el
3048 1907 3136 1959 διὰ
3161 1906 3364 1978 χειρῶν
3394 1906 3611 1979 ἀνθρὼσ

2025 2015 2145 2052 πων
2171 1999 2476 2068 γενόμενοι,
2506 1997 2641 2050 ἀλλὰ
2661 1996 2886 2066 χρυσὸς,
2907 1996 3002 2050 καὶ
3021 1997 3285 2068 ἄργυρος,
3315 1996 3411 2050 καὶ
3444 1995 3604 2062 ξύλα,

2025 2089 2123 2141 καὶ
2172 2086 2334 2154 λίθοι,
2386 2088 2815 2157 μεμορφωμένοι
2862 2086 3134 2150 ποικίλοις
3181 2087 3278 2140 καὶ
3315 2086 3605 2157 διαφόροις

2026 2175 2316 2248 χρώμασιν
2335 2195 2348 2209 ·
2411 2176 2462 2231 οἳ
2490 2177 2809 2247 ὀφθαλμοὺς
2845 2178 3032 2249 ἔχουσι
3062 2180 3161 2231 καὶ
3190 2179 3253 2232 οὐ
3290 2178 3611 2250 βλέπουσιν,

2025 2264 2139 2323 ὦτα
2198 2269 2384 2341 ἔχουσι
2428 2271 2524 2324 καὶ
2579 2270 2685 2323 οὐκ
2730 2271 3014 2335 ἀκούουσι,
3075 2272 3228 2341 ῥῖνας
3275 2270 3458 2341 ἔχουσι
3514 2271 3611 2322 καὶ

2024 2362 2126 2416 οὐκ
2178 2362 2670 2434 όσφρανθήσονται,
2719 2364 2911 2434 χεῖρας
2970 2362 3156 2433 ἔχουσι
3210 2364 3306 2417 καὶ
3383 2363 3444 2414 ού
3493 2362 3611 2431 ψη-

2024 2456 2349 2527 λαφήσουσι,
2414 2455 2582 2518 πόδας
2633 2454 2818 2525 ἔχουσι
2879 2454 2976 2508 καὶ
3036 2454 3098 2507 ού
3188 2456 3609 2525 περιπατήσου-

2025 2564 2080 2601 σι
2106 2563 2120 2578 ⁶
2184 2546 2279 2600 καὶ
2310 2544 2501 2609 ἁπλῶς
2554 2547 2749 2611 εἰπεῖν,
2794 2547 2932 2616 ἔργα
2965 2545 3166 2617 χειρῶν
3196 2544 3464 2616 τεχνιτῶν
3499 2547 3599 2599 καὶ

2032 2639 2348 2711 χρυσοχόων
2425 2639 2523 2694 καὶ
2583 2639 2889 2711 τορνευτῶν
2967 2641 3064 2693 καὶ
3118 2638 3381 2703 λιθοξόων
3438 2638 3604 2693 είσίν.

2023 2726 2182 2789 Οὗτοι
2213 2731 2345 2800 γὰρ,
2379 2729 2474 2794 οὓς
2499 2730 2681 2799 λέγεις
2704 2727 2847 2785 εἶναι
2881 2730 3060 2796 θεοὺς,
3086 2729 3278 2801 ὥσπερ
3298 2729 3507 2799 ἀγαθὸν
3541 2729 3605 2783 οὐ

2021 2823 2283 2879 δύνανται
2319 2824 2573 2893 ποιῆσαι,
2605 2822 2785 2887 οὕτως
2830 2823 2957 2877 οὐδὲ
2990 2822 3192 2895 βλάψαι
3231 2821 3360 2886 τοὺς
3404 2822 3609 2889 φοϐου-

2024 2917 2222 2988 μένους
2251 2918 2344 2971 τδν
2396 2916 2531 2970 Θεδν
2571 2915 2857 2982 δύνανται,
2900 2915 3039 2970 ἀλλὰ
3086 2914 3413 2982 ἀναίσθητοί
3460 2917 3608 2967 εἰσιν

2020 3008 2197 3080 ὅμοιοι
2231 3007 2388 3079 ὑμῶν
2412 3007 2512 3062 καὶ
2543 3008 2645 3060 οὐκ
2676 3007 3030 3061 αἰσθάνονται
3052 3005 3178 3061 οὔτε
3212 3006 3404 3068 θυσίας
3428 3021 3608 3074 προσ·-

2021 3098 2332 3168 φιρομένης
2360 3095 2488 3151 οὔτε
2524 3100 2634 3169 μὴν
2673 3098 2871 3172 ἑτέρας
2903 3098 3051 3161 τινὸς
3092 3097 3416 3168 θεραπείας.
3460 3096 3519 3149 '0
3547 3095 3608 3149 es

338 3194 589 3249 extendit
617 3204 876 3265 tanquam
911 3195 1137 3264 pellem,
1163 3202 1219 3248 et
1251 3202 1452 3250 terram
1483 3192 1919 3263 fundavitsuper

2025 3189 2204 3245 πάντα
2232 3191 2466 3260 ποιήσας
2487 3229 2504 3255 ,
2533 3192 2630 3244 καὶ
2657 3190 2750 3244 τὸν
2779 3189 3014 3261 οὐρανὸν
3040 3189 3281 3252 τανύσας
3317 3189 3456 3251 ὡσεὶ
3475 3189 3608 3256 δέῤ-

337 3301 509 3357 aquas
547 3288 592 3351 ',
637 3287 729 3355 qui
759 3296 940 3358 potest
1011 3286 1249 3344 animam
1280 3296 1338 3343 et
1377 3301 1580 3357 corpus
1608 3286 1917 3358 perderein

336 3380 589 3448 gehenna
615 3380 636 3413 ⁸
679 3393 695 3434 :
736 3380 855 3450 ipse
895 3381 948 3434 in
1001 3396 1197 3437 omnes
1243 3380 1586 3436 dominatum
1638 3379 1918 3447 obtinens,
1967 3429 1975 3435 .

335 3464 625 3530 rationalia
647 3482 703 3528 et
740 3472 1030 3528 incruenta
1080 3474 1313 3544 suscipit
1350 3473 1647 3537 sacriﬁcia,
1680 3487 1802 3543 qua:
1843 3486 1915 3526 ex

334 3581 477 3638 puro
497 3567 665 3623 corde
695 3566 746 3622 ei
769 3566 1079 3622 offeruntur
1101 3583 1119 3622 :
1145 3577 1203 3622 et
1235 3566 1510 3636 quomodo
1536 3582 1647 3621 non
1693 3575 1779 3623 est
1818 3565 1920 3621 ab-

336 3658 585 3725 surdum,
617 3667 676 3713 ut
700 3674 804 3713 nos
838 3658 1039 3714 relicto
1056 3659 1315 3714 eﬁ‘ectore
1369 3658 1780 3723 universorum,
1826 3669 1918 3712 sa-

335 3747 645 3804 criﬁcemus
664 3749 827 3819 lignis
848 3757 904 3803 et
927 3747 1202 3818 lapidibus
1226 3747 1439 3802 ratione
1467 3747 1808 3814 carentibus,
1825 3745 1919 3818 qui

334 3839 507 3895 creati
536 3854 733 3894 sumus
761 3839 829 3894 ad
863 3838 959 3894 Dei
997 3838 1329 3910 imaginem?

403 4013 500 4070 1X.
539 4014 677 4069 Dicit
721 4014 1050 4086 Agrippinus
1078 4029 1095 4071 :
1121 4013 1381 4071 Miserere
1404 4014 1484 4069 tui
1522 4015 1592 4071 de
1628 4024 1853 4082 caetero,
1884 4031 1920 4072 ο

333 4106 532 4173 miser;
561 4114 618 4161 et
643 4107 691 4160 si
713 4107 853 4161 nolis
871 4106 1201 4173 sacriﬁcare,
1228 4107 1318 4162 dic
1350 4108 1524 4162 solum
1556 4126 1570 4163 :
1596 4108 1819 4180 Magnus
1840 4118 1925 4164 est.

334 4198 552 4270 Apollo,
582 4206 639 4254 et
661 4198 866 4268 jubebo
901 4197 1173 4253 teauferri
1206 4199 1277 4254 ab
1307 4201 1412 4255 hoc
1435 4199 1584 4268 gravi
1615 4200 1780 4271 ignis,
1813 4217 1923 4271 quo

333 4289 579 4356 vexaris,
602 4288 875 4353 cruciatu,
913 4288 1113 4358 abique
1146 4304 1340 4360 sospes
1373 4298 1431 4344 et
1462 4299 1655 4344 noster
1684 4290 1918 4348 amicus.

337 4380 576 4437 Sanctus
603 4390 786 4435 autem
813 4378 952 4434 dixit
979 4379 1131 4434 Plato
1161 4398 1175 4434 :
1208 4380 1386 4447 Absit,
1436 4389 1498 4436 ut
1523 4396 1621 4452 ego
1673 4381 1750 4437 ita
1813 4382 1919 4438 mei

334 4476 620 4536 miserear,
637 4482 695 4526 ut
710 4487 832 4526 meo
842 4473 1319 4542 parcenscorpori,
1342 4481 1397 4526 et
1411 4488 1573 4542 parva
1590 4483 1833 4543 accepta,
1861 4483 1923 4528 ut

336 4575 397 4620 tu
418 4578 632 4627 censes,
649 4563 1008 4628 relaxatione,
1041 4578 1163 4619 cum
1181 4564 1361 4618 anima
1388 4564 1580 4620 vadant
1608 4565 1676 4619 ad
1701 4566 1920 4638 gehen-

333 4672 460 4711 nam
502 4655 664 4726 ignis.
702 4655 1226 4728 DixitjAgrippinus:
1266 4655 1434 4712 Recte
1463 4657 1625 4725 facis,
1651 4658 1923 4714 infelicis-

333 4748 492 4813 sime,
512 4747 610 4802 tibi
639 4756 869 4802 mortem
899 4748 1156 4814 aﬂ‘erens,
1182 4755 1235 4803 te
1264 4748 1367 4804 hac
1386 4748 1711 4805 suavissima
1735 4750 1926 4808 volens

335 4835 457 4890 luce
488 4834 723 4904 privare.
755 4835 901 4890 Dixit
932 4834 1085 4891 Plato
1109 4853 1138 4892 τε
1180 4836 1287 4893 Pro
1346 4838 1564 4894 Christo
1590 4840 1750 4905 mori,
1788 4856 1922 4896 (ξοην

332 4927 488 4983 ciliat
535 4927 670 4982 mihi
739 4944 970 5000 regnum
1037 4929 1347 4998 caelorum;
1384 4947 1495 4986 non
1568 4932 1704 4987 mihi
1737 4942 1921 4988 autem

332 5019 535 5084 solum,
564 5018 660 5074 sed
701 5020 867 5075 etiam
897 5021 1182 5087 omnibus,
1213 5023 1309 5092 qui
1343 5024 1522 5094 ipsum
1557 5025 1774 5080 timent.
1808 5027 1917 5097 Ego

335 5122 470 5163 vero
496 5107 591 5162 tibi
623 5108 768 5172 dico,
797 5110 942 5178 quod
979 5126 1089 5164 non
1117 5120 1351 5180 possunt
1378 5114 1619 5178 vincere,
1663 5119 1757 5183 qui
1790 5130 1915 5169 cum

334 5199 449 5255 Deo
471 5208 742 5253 conantur
781 5200 982 5254 bellum
1043 5217 1253 5272 gerere,
1315 5212 1372 5258 et
1397 5204 1619 5274 pietatis
1678 5205 1916 5260 athletas

334 5290 570 5347 diversis
595 5292 883 5347 tormentis
905 5293 1207 5363 subjiciunt
1241 5313 1256 5350 :
1283 5295 1558 5365 quomodo
1599 5312 1790 5352 rursus
1814 5313 1917 5353 nec

332 5383 425 5454 qui
448 5381 727 5440 Christum
750 5384 955 5441 habent
983 5403 1141 5457 opem
1160 5386 1462 5457 ferentem,
1487 5399 1716 5460 possunt
1746 5390 1918 5446 malos

333 5475 594 5531 homines
623 5476 814 5531 etDeo
867 5475 1074 5533 invisos
1098 5479 1319 5535 vincere
1370 5488 1595 5551 pr0pter
1646 5480 1916 5553 insignem

333 5582 522 5623 eorum
551 5567 838 5622 malitiam.
874 5567 1259 5635 (Quamobrem
1313 5573 1437 5627 dico
1501 5574 1620 5642 tibi,
1662 5584 1913 5645 tyranne,

336 5660 479 5727 quod
508 5675 683 5731 neque
715 5661 846 5729 vita,
872 5678 1046 5734 neque
1078 5679 1244 5731 mors,
1271 5681 1448 5735 neque
1471 5666 1705 5738 gladius,
1736 5683 1914 5739 neque

444 5838 466 5869 ⁸
501 5838 642 5898 Psal.
680 5858 829 5913 exui,
871 5848 985 5903 5-7.
1097 5851 1116 5883 '
1150 5852 1293 5909 Psal.
1329 5863 1429 5919 tm,
1462 5854 1515 5919 3,
1552 5850 1604 5908 5-

2023 3283 2110 3353 ριν
2141 3281 2236 3335 καὶ
2272 3280 2373 3352 τὴν
2420 3282 2528 3351 γῆν
2559 3281 2900 3353 θεμελιώσας
2937 3281 3033 3336 iul
3080 3281 3192 3334 τῶν
3241 3280 3477 3343 ὑδάτων,
3512 3280 3609 3332 δυ-

2020 3375 2255 3446 νάμενος
2287 3374 2385 3428 καὶ
2423 3375 2523 3442 τὴν
2577 3374 2756 3444 ψυχὴν
2804 3373 2988 3427 καὶτὸ
3032 3372 3197 3442 σῶμα
3229 3372 3495 3425 ἀπολέσαι
3543 3372 3606 3424 ὲν

2020 3467 2088 3538 τῇ
2117 3465 2335 3538 γεέννῃ,
2371 3463 2534 3527 αὐτὸς
2595 3462 2882 3528 δεσπόζων
2932 3462 3176 3527 πάντων,
3235 3460 3615 3531 προσδέχεται

2020 3559 2120 3621 τὰς
2151 3558 2376 3626 λογικὰς
2401 3554 2594 3619 θυσίας
2616 3555 2714 3608 καὶ
2741 3554 3139 3624 ἀναιμάκτους,
3168 3551 3267 3615 τὰς
3290 3550 3400 3604 ἀπὸ
3431 3549 3609 3604 καθα-

2024 3652 2125 3725 ρᾶς
2178 3649 2403 3721 καρδίας
2451 3647 2906 3720 προσφερομένας
2951 3644 3198 3706 καὶπῶς
3247 3644 3349 3697 οὐκ
3394 3641 3607 3698 ἄτοπόν

2022 3745 2172 3799 ἔστιν
2214 3741 2652 3811 καταλείψαντας
2684 3741 2831 3810 ἡμᾶς
2867 3738 2963 3793 τὸν
2997 3739 3108 3792 τῶν
3161 3737 3299 3791 ὅλων
3334 3735 3605 3804 ποιητὴν,

2024 3834 2202 3901 ξύλοις
2230 3834 2324 3889 καὶ
2349 3831 2520 3895 λίθοις
2545 3831 2763 3899 ἀλόγοις
2794 3829 2946 3883 θύειν
2971 3828 3006 3900 ἢ
3028 3827 3280 3881 σπένδειν
3314 3826 3444 3887 τοὺς
3475 3823 3604 3877 κατ’

2023 3928 2210 3983 εἰκόνα
2240 3926 2560 3988 κτισθέντας
2603 3923 2738 3977 Θεοῦ
2762 3939 2779 3990 ;

2095 4018 2175 4076 0'.
2220 4019 2282 4075 Ὀ
2329 4019 2388 4073 δὲ
2449 4019 2812 4088 ’Λγριππῐνος
2856 4014 2991 4085 ἔφη·
3022 4013 3308 4081 οἴκτειρον
3365 4007 3597 4063 σεαυτὸν

2021 4115 2232 4180 λοιπὸν,
2298 4110 2603 4180 τρισάθλιε,
2640 4110 2757 4175 καὶ,
2792 4109 2843 4161 εί
2906 4106 2982 4177 μὴ
3022 4106 3199 4169 θέλεις
3238 4104 3423 4167 θύσαι,
3479 4101 3607 4155 sint

2027 4208 2189 4279 μόνον
2214 4222 2229 4238 ο
2262 4205 2460 4273 Μέγας
2506 4205 2536 4256 ό
2588 4200 2897 4264 Ἀπόλλων,
2933 4199 3027 4255 καὶ
3073 4196 3318 4253 κελεύσω
3376 4195 3433 4248 σὲ
3461 4210 3600 4248 κατ-

2024 4298 2319 4369 ενεχθῆναι
2347 4296 2457 4350 ἀπὸ
2488 4295 2588 4364 τῆς
2618 4291 2964 4363 κατεχούσης
2996 4306 3056 4342 σε
3088 4288 3271 4356 δεινῆς
3303 4286 3396 4339 τοῦ
3431 4282 3604 4354 πυρὸς

2025 4390 2329 4452 κολάσεως,
2371 4387 2467 4440 καὶ
2494 4384 2697 4442 ἄπελθε
2726 4383 2991 4452 ὑγιαίνων
3035 4379 3128 4434 καὶ
3150 4379 3305 4447 φίλος
3339 4377 3605 4445 ὑπάρχων

2023 4482 2318 4552 ἡμέτερος.
2360 4477 2590 4531 Πλάτων
2631 4471 2787 4529 εἶπεν
2813 4490 2827 4504 ⁸
2887 4472 2979 4544 Μὴ
3028 4470 3242 4540 γένοιτό
3281 4486 3374 4540 μοι
3428 4467 3605 4530 οὕτως

1953 4553 1997 4608 D
2026 4573 2223 4627 ἑαυτὸν
2276 4570 2530 4639 ἐλεῆσαι,
2573 4567 2661 4621 ἵνα
2706 4565 3028 4637 φειδόμενός
3074 4579 3176 4634 μου
3218 4559 3318 4614 τοῦ
3347 4558 3606 4629 σώματος

2023 4665 2121 4717 καὶ
2168 4661 2376 4730 ὀλίγον,
2411 4661 2485 4723 ὡς
2536 4660 2601 4714 σὺ
2645 4658 2913 4728 νομίζεις,
2953 4657 3140 4711 ἄνεσιν
3169 4652 3351 4706 λαϐὼν
3397 4652 3494 4705 σὺν
3534 4651 3607 4721 τῇ

2021 4756 2169 4826 ψυχῇ
2195 4754 2425 4823 ἐμπέσω
2453 4754 2535 4815 εἰς
2586 4751 2684 4823 τὴν
2711 4752 2961 4818 γέενναν.
3016 4749 3077 4801 '0
3128 4746 3185 4800 δὲ
3246 4745 3604 4815 Ἀγριππίνος

2025 4848 2166 4917 ἔφη·
2201 4846 2422 4911 Καλῶς,
2481 4844 2924 4914 δυστυχέστατε,
2974 4840 3210 4895 θάνατον
3268 4837 3453 4907 ἑαυτῷ
3509 4836 3601 4888 ἑτο-

2022 4939 2202 5007 άγεις,
2233 4936 2560 5008 βουλόμενος
2585 4935 2781 4989 ἑαυτὸν
2818 4934 3069 5005 στερίσαι
3091 4931 3184 4985 τοῦ
3220 4929 3445 5001 ἡδίστου
3489 4944 3605 4994 φω-

2012 5028 2127 5089 τός.
2172 5026 2230 5079 ὐ
2255 5026 2414 5095 ἅγιος
2442 5025 2668 5080 Πλάτων
2695 5022 2851 5078 εἶπεν
2879 5041 2894 5056 ’
2930 5024 3004 5075 Τὸ
3035 5021 3182 5091 ὑπὲρ
3208 5016 3450 5091 Χριστοῦ
3471 5016 3605 5069 ἁπο-

2014 5114 2196 5169 θανεῑν
2238 5114 2528 5185 βασιλείαν
2578 5113 2835 5184 οὐρανῶν
2866 5113 3125 5185 προξενεῖ
3179 5128 3298 5181 μοι,
3344 5109 3447 5163 οὐκ
3475 5108 3604 5177 ἐμοὶ

2017 5206 2200 5277 μόνον,
2228 5205 2369 5261 ἀλλὰ
2386 5204 2480 5261 καὶ
2512 5208 2679 5260 πᾶσιν
2707 5208 2822 5269 τοῖς
2843 5203 3211 5274 φοϐουμένοις
3259 5200 3442 5253 αὐτόν.
3464 5196 3603 5265 Ἐγὰ

2021 5298 2080 5353 δέ
2114 5316 2198 5353 σοι
2250 5296 2396 5366 λέγω
2421 5300 2504 5353 ὅτι
2551 5299 2612 5351 ού
2652 5297 2911 5352 δύνανται
2962 5295 3187 5365 νικῆσαι
3222 5293 3418 5356 οἵτινες
3451 5289 3603 5361 μάχῃ

2017 5389 2320 5461 πειρῶνται
2348 5392 2512 5461 νικᾷν
2550 5391 2680 5453 τοὺς
2712 5390 2811 5458 τῆς
2865 5387 3153 5448 εὐσεϐείας
3195 5383 3463 5453 ἀθλητὰς,
3499 5379 3603 5433 κᾶν

2016 5482 2277 5551 βασάνοις
2315 5482 2601 5553 διαφόροις
2643 5481 3050 5546 ύποὸἀλλωσιν,
3104 5480 3297 5549 ὥσπερ
3347 5478 3514 5531 πάλιν
3553 5476 3603 5527 cl

2013 5574 2252 5644 Χριστόν
2281 5575 2634 5645 ἐπαμύνοντα
2660 5574 2879 5645 ἔχοντες
2907 5574 3167 5628 νικᾶσθαι
3202 5574 3313 5634 τοῖς
3340 5570 3601 5641 πονηροῖς

2016 5666 2245 5737 ἀνδράσι
2294 5668 2389 5722 καὶ
2431 5668 2708 5737 μισοθέοις
2741 5670 2802 5723 ού
2855 5669 3134 5724 δύνανται.
3192 5671 3279 5723 Δι’,
3332 5670 3478 5739 λέγω
3518 5687 3597 5722 σοι

1717 5854 1736 5885 ⁸
1766 5854 1955 5912 Matth.
1995 5872 2048 5922 x,
2076 5855 2166 5912 ‘28.
