3994 6484
331 401 440 466 415

1628 397 1912 460 MENSIS
1949 395 2247 458 IULIUS.

3481 395 3590 458 436

334 512 519 577 ficare,
576 513 753 567 solum
827 528 961 584 nega
1002 511 1355 573 Crucitixum,
1407 519 1464 565 et
1517 519 1570 564 te
1610 508 1903 564 dimittam.

2013 504 2198 568 θῦσαι,
2247 505 2481 577 ἀρνησαι
2512 508 2603 558 τδν
2629 504 3072 576 ἐσταυρωμένον,
3116 503 3209 559 καὶ
3250 505 3473 560 ἀπολύω
3503 525 3585 562 σε.

334 605 478 658 Dixit
528 612 753 658 sanctus
785 602 940 656 Plato
975 617 988 654 :
1020 601 1063 656 Ο
1109 617 1204 656 cor
1260 616 1602 671 perversum,
1649 607 1706 653 et
1750 611 1907 652 mens

327 694 617 758 exstincta,
646 694 900 748 etanima
942 693 1100 746 tnalis
1127 695 1346 757 tradita,
1379 701 1434 747 et
1462 708 1584 762 quae
1610 690 1755 746 nihil
1812 705 1906 744 co-

329 789 464 856 gitat
517 787 659 854 quod
711 785 880 840 Deum
951 786 1167 840 deceat.
1225 785 1364 851 Quid
1390 793 1492 849 est,
1527 785 1674 854 quod
1723 783 1909 838 dicis‘!

329 881 433 942 Qui
467 878 597 930 mihi
637 886 718 931 tot
741 878 1004 931 beneficia
1023 877 1722 941 conciliavit,Scrvatorem
1750 877 1909 930 Chri-

328 981 470 1022 stum
503 969 715 1038 negabo
739 979 1060 1038 preptcrte,
1092 985 1125 1022 ο
1165 969 1459 1024 crudivore
1497 980 1551 1024 ct
1603 969 1800 1023 vindex
1833 967 1908 1021 si—

331 1062 723 1123 mulae-mrum,
748 1076 1037 1129 rerumque
1057 1061 1420 1116 inanimarum
1439 1070 1493 1116 et
1515 1071 1786 1116 mutarum
1809 1061 1906 1115 de-

329 1154 534 1219 fensor,
565 1161 618 1206 et
647 1162 878 1222 patrone
937 1154 1165 1215 erroris,
1228 1165 1284 1207 ut
1344 1155 1538 1208 reddar
1587 1153 1774 1217 miser,
1804 1153 1904 1207 tibi

326 1245 516 1298 similis
566 1253 621 1298 et
648 1244 921 1312 iniquus?
965 1253 1152 1298 etnon
1183 1243 1381 1299 sulllcit
1444 1246 1537 1299 tihi
1571 1245 1742 1298 solum
1785 1259 1906 1299 esse

328 1340 512 1398 talem,
568 1335 663 1390 sed
732 1350 829 1388 eos
869 1334 1036 1388 etiam
1125 1334 1217 1402 qui
1277 1336 1385 1404 jam
1454 1336 1605 1389 relati
1679 1344 1806 1390 sunt
1849 1335 1905 1388 in

325 1441 613 1480 numerum
669 1426 898 1479 militum
970 1425 1195 1488 Christi.
1306 1426 1387 1480 vis
1471 1442 1595 1480 esse
1727 1425 1907 1480 socios

326 1530 432 1574 tua:
517 1517 833 1588 impietatis,
932 1519 986 1571 in
1051 1518 1240 1571 eadem
1305 1518 1389 1572 via
1473 1517 1732 1572 interitus
1784 1526 1902 1571 stu-

325 1611 466 1664 dens
491 1625 587 1664 eos
618 1610 994 1680 supplantare,
1032 1609 1124 1678 qui
1161 1618 1306 1664 recta
1345 1609 1428 1662 via
1483 1607 1906 1677 ingrediuntur?

328 1703 558 1758 Discede
590 1718 616 1756 a
653 1719 760 1766 me,
786 1703 878 1771 qui
932 1705 1184 1771 operaris
1245 1702 1620 1772 iniquitatem.
1655 1699 1905 1755 Statuisti

325 1796 472 1850 enim
501 1796 639 1849 alios
672 1811 890 1865 quoque
921 1795 985 1848 ad
1022 1809 1143 1847 eam
1168 1795 1409 1849 trahere.
1441 1793 1675 1850 Conﬁdo
1713 1805 1902 1849 autem

325 1891 380 1942 in
425 1888 532 1942 Deo
564 1903 704 1951 meo,
739 1887 884 1956 quod
914 1901 1022 1940 non
1047 1886 1213 1940 faciet
1252 1898 1502 1942 sanctum
1522 1903 1681 1942 suum
1717 1888 1906 1944 videre

325 1981 628 2034 interitum.
694 1979 837 2032 Dixit
893 1979 1263 2051 Agrippinus:
1329 1979 1601 2044 Quoniam
1665 1981 1740 2034 ιιιί
1782 1996 1904 2035 sum

324 2071 631 2136 misertus,
701 2071 927 2126 evasisti
1011 2071 1255 2124 insolens
1322 2085 1386 2125 ac
1451 2071 1902 2138 coatumeliosus,

325 2163 490 2216 stulta
520 2161 750 2232 loquens
779 2172 834 2216 et
860 2172 1056 2217 emotae
1114 2163 1341 2229 mentis;
1375 2177 1478 2231 ego
1508 2174 1691 2217 autem
1718 2173 1768 2218 te
1798 2165 1906 2220 cito

323 2268 433 2313 tam
460 2258 716 2329 gravibus
735 2257 962 2311 alliciant
996 2258 1300 2328 suppliciis,
1335 2268 1392 2312 ut
1430 2274 1496 2313 ex
1565 2260 1742 2329 teipso
1773 2259 1902 2314 mihi

323 2353 512 2405 dicas:
582 2351 656 2404 Da
733 2351 887 2415 mihi,
943 2358 1002 2403 ut
1055 2351 1668 2421 sacrificem.Egregius
1722 2361 1905 2407 autem

323 2443 527 2500 Christi
568 2443 776 2497 athleta
817 2442 967 2496 Plato
993 2442 1173 2496 dixit:
1205 2441 1461 2497 Christus
1492 2453 1575 2497 est
1639 2442 1802 2509 Deus,
1842 2454 1899 2498 et

322 2551 434 2591 non
461 2546 544 2591 est
567 2545 814 2590 sanctum
873 2537 994 2605 ejus
1053 2551 1252 2590 nomen
1283 2537 1616 2605 negandum.
1649 2535 1766 2591 Non
1819 2544 1902 2591 est

321 2644 559 2698 :eqnum,
592 2638 653 2682 ut
693 2643 794 2699 ego
840 2628 1156 2696 relinquens
1188 2627 1388 2682 fontem
1426 2629 1569 2689 \itaa,
1591 2629 1764 2682 colam
1795 2630 1904 2683 da:-

322 2721 505 2776 ntouia
537 2728 592 2775 et
619 2720 784 2774 libem
823 2719 1116 2788 lapidibus,
1169 2736 1400 2790 quorum
1459 2721 1678 2790 quidem
1728 2729 1904 2775 mater

323 2821 408 2866 est
440 2827 550 2866 ars.
583 2811 638 2866 Si
673 2810 819 2864 enim
850 2825 957 2864 non
992 2810 1228 2866 fuissent
1252 2821 1397 2866 artes
1425 2812 1660 2866 inventae
1714 2813 1781 2867 ab
1807 2813 1904 2868 ho—

325 2903 586 2974 minibus,
621 2918 733 2958 non
767 2902 936 2956 eratis
961 2903 1096 2956 deos
1129 2901 1386 2967 habituri,
1415 2902 1512 2956 scd
1550 2903 1708 2970 plane
1735 2906 1904 2960 eratis

327 2994 499 3048 futuri
529 2994 648 3049 sine
681 2993 810 3048 diis.
839 2991 995 3048 Tunc
1030 2993 1386 3065 Agrippinns,
1419 2995 1586 3049 multa
1617 2996 1694 3049 ira
1730 2996 1907 3066 reple-

325 3097 412 3141 tus
439 3096 662 3156 propter
689 3086 939 3140 fiduciam
973 3095 1027 3140 et
1068 3086 1282 3140 dicendi
1338 3086 1643 3141 libertatem
1696 3098 1904 3158 marty-

324 3180 420 3243 ris,
455 3179 692 3232 surrexit
736 3193 768 3233 e
801 3179 1001 3232 throno
1018 3194 1160 3232 suo:
1199 3187 1252 3232 et
1276 3195 1438 3248 quam
1493 3180 1765 3235 citissime
1815 3181 1902 3236 in-

323 3271 488 3324 dutus
548 3269 1032 3341 fibulatoriojuhet
1066 3270 1305 3340 sphazras
1339 3273 1562 3327 accendi
1593 3273 1818 3338 ferreas,
1848 3284 1905 3330 et

323 3363 452 3433 poni
524 3363 578 3416 in
612 3362 732 3432 ejus
795 3363 1128 3418 mammillis.
1178 3362 1411 3418 Ministri
1467 3374 1650 3419 autem
1691 3365 1905 3422 Satanae

323 3457 434 3510 cito
469 3455 720 3510 fecerunt
750 3471 812 3510 ea
837 3471 956 3524 qua:
979 3457 1335 3526 jubebantur.
1391 3455 1744 3526 Sphaerarum
1801 3474 1903 3513 au-

326 3559 433 3602 tem
475 3549 617 3620 ignis
680 3548 780 3602 fuit
844 3557 994 3602 tanta
1057 3549 1424 3612 vehementia,
1460 3559 1519 3602 ut
1571 3565 1682 3604 non
1726 3549 1902 3604 solum

323 3647 653 3708 apparerent
683 3639 1021 3707 ejuslatera,
1075 3641 1171 3694 sed
1230 3641 1395 3694 etiam
1457 3651 1904 3712 corrumperetur

324 3731 541 3782 interna
573 3729 694 3797 ejus
762 3730 1036 3784 viscerum
1104 3741 1407 3794 structura,
1465 3742 1524 3786 ut
1577 3749 1676 3803 per
1741 3747 1904 3788 nares

322 3822 442 3890 ejus
475 3830 529 3874 et
566 3822 848 3876 cerebrum
868 3822 1103 3876 emissus
1123 3822 1292 3878 fuerit
1335 3824 1520 3880 fumus
1544 3840 1610 3880 ex
1647 3825 1829 3882 calore
1850 3825 1900 3879 ei

323 3928 422 3983 per
454 3911 694 3981 sphaeras
729 3928 981 3967 accenso.

395 4002 512 4057 Xll.
543 4004 740 4058 Beatus
771 4013 952 4058 autem
988 4005 1164 4068 Plato,
1198 4005 1292 4075 qui
1315 4006 1426 4076 jam
1464 4021 1492 4060 a
1527 4005 1716 4062 multis
1741 4021 1904 4077 repu-

323 4106 472 4149 tatus
509 4095 686 4149 fuerat
716 4109 837 4148 esse
861 4106 1135 4161 mortuus,
1169 4097 1310 4151 dixit
1365 4098 1702 4168 Agrippino:
1729 4099 1904 4154 Parva

323 4192 454 4236 sunt
512 4191 602 4236 tua
663 4191 957 4249 tormenta,
992 4200 1024 4238 o
1054 4197 1214 4254 potor
1277 4188 1584 4257 sanguinis,
1611 4199 1666 4243 et
1711 4188 1903 4243 bestiis

325 4273 564 4328 moribus
592 4272 808 4335 similis.
839 4283 893 4328 et
922 4289 1064 4328 saeve
1095 4275 1274 4340 canis,
1325 4278 1370 4330 si
1405 4277 1788 4332 consideretur
1820 4278 1900 4332 ira

324 4378 416 4422 tua
445 4376 500 4422 et
552 4366 889 4423 immanitas.
963 4367 1049 4422 lra
1092 4378 1183 4423 tua
1233 4369 1339 4423 erit
1389 4385 1579 4440 parva,
1631 4379 1898 4426 tormenta

321 4467 508 4510 autem
543 4463 632 4509 tua
680 4457 790 4509 sint
839 4472 1055 4527 magna.
1105 4456 1240 4510 Nam
1293 4473 1389 4528 per
1435 4465 1726 4522 tormenta,
1780 4475 1900 4529 qua:

2011 598 2238 651 Πλάτων
2264 593 2420 650 εἶπεν
2440 613 2454 628 ·
2476 593 2544 649 Ὦ
2567 597 2766 667 καρδία
2799 597 3236 670 διεστραμμένη,
3261 598 3356 652 καὶ
3379 598 3587 654 διάνοια

2009 691 2337 759 ἐσδεσμένη,
2361 690 2620 761 καὶψυχὴ
2643 692 2834 754 κακοῖς
2856 692 3137 760 δεδομένη,
3161 695 3254 746 καὶ
3278 693 3431 746 οὐδὲν
3454 695 3588 762 πρέ-

2009 797 2110 832 πον
2142 781 2220 850 τῷ
2272 781 2392 850 Θεῷ
2419 781 2796 851 διανοουμένη,
2831 783 2886 834 τί
2939 783 3086 836 ἐστιν
3115 783 3144 835 δ
3192 781 3407 852 λέγεις;
3467 784 3588 836 Τῶν

2007 872 2275 927 τοσούτων
2307 874 2641 944 εὐεργεσιῶν
2673 874 2936 944 πρόξενόν
2980 891 3074 945 μοι
3125 877 3424 946 γενόμενον
3472 877 3588 929 Σω-

2007 966 2151 1036 τῆρα
2174 966 2411 1034 Χριστὸν
2442 967 2752 1037 ἀρνήσομαι
2788 967 2876 1020 διά
2915 968 2998 1033 σέ,
3037 968 3328 1037 αίμοϐὁρε,
3362 969 3590 1022 καὶτῶν

2007 1059 2241 1112 εἰδώλων
2273 1058 2481 1124 ἐκδικε,
2521 1059 2617 1113 καὶ
2645 1059 2756 1112 τῶν
2789 1059 3014 1130 ἀψύχων
3067 1065 3161 1115 καὶ
3199 1062 3432 1130 ἀφώνων
3455 1079 3592 1134 προ-

2009 1151 2203 1216 στάτα,
2239 1152 2335 1204 καὶ
2394 1151 2494 1220 τῆς
2555 1151 2771 1222 πλάνης
2845 1155 3137 1224 συνήγυρε,
3206 1155 3294 1208 ῖνα
3340 1156 3589 1225 γένωμαι

2005 1242 2196 1312 ὅμοιός
2247 1259 2362 1302 σου.
2428 1243 2753 1313 παράνομος
2794 1244 2891 1298 καὶ
2926 1244 3028 1298 οὐκ
3087 1247 3256 1317 ἀρκεῖ
3285 1262 3366 1301 σοι
3426 1249 3592 1316 μόνος

2008 1329 2146 1385 εἶναι
2179 1332 2442 1398 τοιοῦτος,
2473 1333 2610 1386 ἀλλά
2642 1333 2738 1387 καὶ
2761 1335 2890 1399 τοὺς
2909 1335 3013 1406 ἤδη
3047 1336 3592 1408 στρατολογηθέντας

2007 1421 2083 1492 τῷ
2121 1422 2344 1492 Χριστῷ
2373 1423 2667 1486 κοινωνοὺς
2722 1423 2822 1493 τῆς
2854 1424 3114 1489 ἀσεὸείας
3144 1443 3240 1480 σου
3273 1427 3451 1492 θέλεις
3508 1426 3588 1482 εῐ-

2007 1531 2115 1579 ναι,
2151 1516 2230 1576 είς
2261 1513 2359 1586 τὴν
2392 1515 2564 1584 αὐτὴν
2593 1515 2877 1578 ἀπωλείας
2908 1516 3029 1570 ὁδὸν
3054 1517 3306 1572 σκελίσαι
3338 1520 3589 1574 σπεύδων

2006 1605 2128 1668 τοὺς
2165 1605 2452 1668 ὁδεύοντας
2484 1607 2580 1676 τὴν
2605 1605 2828 1658 εὐθεῖαν
2853 1607 3012 1674 ὁδόνς
3052 1608 3292 1662 Ἀπόστα
3325 1611 3423 1663 ἀπ’
3449 1611 3586 1680 ἐμοῦ

2007 1698 2035 1750 ὁ
2069 1696 2165 1768 τὴν
2214 1697 2446 1766 ἀνομίαν
2499 1697 2872 1768 ἐργαζόμενος
2901 1715 2916 1730 ·
2974 1699 3290 1771 προῄρησαι
3327 1705 3438 1774 γᾶρ
3492 1705 3588 1755 καὶ

2007 1786 2200 1841 ἀλλους
2231 1789 2312 1850 είς
2346 1788 2520 1857 αὐτὴν
2549 1789 2801 1854 ἑλκύσαι,
2831 1790 2923 1842 καὶ
2958 1791 3146 1861 θαρρῶ
3175 1792 3254 1862 τῷ
3286 1793 3406 1863 Θεῷ
3459 1811 3582 1864 μου,

2007 1881 2088 1932 ὅτι
2123 1879 2184 1932 ού
2220 1880 2296 1950 μὴ
2322 1881 2539 1950 ποιήσει
2564 1882 2656 1934 τὸν
2686 1882 2835 1935 ὅσιον
2864 1883 3032 1936 αὐτοῦ
3087 1885 3215 1937 ἰδεῖν
3259 1885 3581 1954 διαφθοράν.

2018 1971 2378 2044 Ἀγριππῖνος
2409 1971 2552 2043 ἔφη’
2623 1973 2845 2044 Ἐπειδὴ
2904 1972 3150 2045 ᾧκτειρά
3190 1993 3271 2042 σε,
3323 1977 3586 2049 ὑϐριστὴς

2006 2063 2098 2116 καὶ
2125 2063 2439 2134 μωρολόγος
2471 2065 2564 2117 καὶ
2597 2065 2972 2137 φρενοϐλασὴς
2998 2067 3251 2135 γέγονας,
3294 2068 3404 2136 ἐγώ
3435 2085 3493 2120 σε
3529 2072 3587 2122 ἐν

2005 2153 2160 2223 τάχει
2189 2156 2484 2226 τιμωρίαις
2515 2155 2782 2226 χαλεπαῖς
2833 2158 3166 2228 παραδώσω,
3207 2161 3293 2215 ῖνα
3345 2179 3437 2232 μοι
3489 2163 3584 2230 ἀφ’

2005 2245 2202 2298 ἐαυτοῦ
2239 2248 2442 2317 ειπῇςο
2485 2248 2583 2310 Δός
2617 2264 2707 2316 μοι
2767 2247 2853 2300 ῖνα
2897 2248 3068 2305 θύσω.
3131 2249 3189 2302 '0
3220 2250 3277 2302 δὲ
3337 2254 3585 2319 γενναῖος

2003 2337 2099 2390 τοῦ
2139 2337 2382 2406 Χριστοῦ
2425 2337 2669 2408 ἀθλητὴς
2703 2334 2860 2392 εἶπεν
2888 2353 2904 2368 ⁶
2979 2342 3174 2395 Ἔστιν
3225 2343 3253 2395 ὁ
3289 2342 3425 2405 Θεός
3481 2360 3583 2413 μου

2005 2431 2102 2484 καὶ
2137 2430 2510 2500 ἀνεξάρνητον
2545 2430 2702 2483 ἐσται
2732 2433 2796 2484 τὸ
2825 2432 2998 2502 ὄνομα
3043 2433 3104 2486 τὸ
3157 2432 3316 2502 ἀγιον
3368 2435 3535 2488 αὑτοῦ
3563 2452 3579 2464 ·

2003 2527 2102 2578 οὐκ
2130 2524 2280 2577 ἔστιν
2333 2524 2428 2578 οὖν
2481 2525 2580 2596 τὴν
2616 2528 2802 2597 πηγὴν
2852 2527 2952 2598 τῆς
3005 2525 3150 2597 ζωῆς
3205 2528 3582 2584 καταλιπόντα

2006 2614 2299 2683 προσέχειν
2327 2613 2632 2680 δαιμονίοις
2665 2616 2758 2668 καὶ
2797 2617 3052 2670 σπένδειν
3077 2618 3272 2683 λίθοις,
3310 2613 3386 2673 ῶν
3413 2621 3586 2691 μητέ-

2007 2719 2100 2772 ρες
2137 2705 2327 2773 τέχναι
2352 2719 2366 2734 ο
2404 2706 2495 2757 καὶ
2533 2704 2640 2776 γάρ
2669 2709 2860 2776 τέχναι
2914 2708 3066 2779 παρὰ
3087 2709 3198 2762 τῶν
3250 2711 3586 2781 ἀνθρώπων,

2005 2796 2054 2847 εἰ
2083 2794 2157 2866 μὴ
2195 2791 2335 2866 ἦσαν
2369 2799 2766 2868 ἐφευρημέναι.
2801 2799 2902 2854 οὐκ
2937 2801 3194 2871 ἐμέλλετε
3224 2803 3381 2866 θεοὺς
3413 2804 3584 2874 ἔχειν,

2005 2886 2144 2940 ἀλλὰ
2168 2888 2434 2958 ὑπάρχειν
2465 2890 2635 2944 ἄθεοι.
2677 2889 2736 2944 '0
2766 2890 2824 2944 δὲ
2864 2891 3223 2961 Ἀγριππῖνος
3251 2894 3424 2965 θυμοῦ
3448 2896 3588 2967 πλη-

2008 2977 2154 3040 σθεὶς
2182 2977 2270 3030 διά
2325 2977 2424 3049 τὴν
2474 2980 2792 3050 παρρησίαν
2825 2980 2922 3034 τοῦ
2972 2983 3275 3054 μάρτυρος,
3321 2984 3588 3055 ἐξανέστη

2005 3069 2101 3123 τοῦ
2147 3069 2341 3140 θρόνου
2411 3071 2505 3122 καὶ
2573 3071 2633 3123 τὸ
2697 3072 3054 3144 φιόλατόριον
3111 3079 3586 3146 περισχισάμενος

2008 3163 2215 3234 σπουδῇ
2250 3162 2418 3233 πολλῇ
2449 3163 2667 3218 κελεύει
2716 3166 2958 3237 σφαίρας
2985 3169 3212 3241 σιδηρᾶς
3257 3172 3586 3243 πυρωθῆναι

2007 3255 2101 3308 καὶ
2126 3255 2350 3326 τεθῆναι
2386 3259 2467 3319 είς
2498 3258 2597 3320 τάς
2630 3259 2917 3330 μασχάλας
2947 3260 3140 3314 αὐτοῦ.
3186 3264 3248 3314 Ui
3281 3262 3337 3316 δέ
3373 3264 3587 3330 ὑπηρέ-

2005 3364 2096 3402 ται
2125 3348 2219 3402 τοῦ
2249 3350 2470 3404 Σατανᾶ
2501 3350 2700 3405 θᾶττον
2762 3354 2831 3407 τά
2869 3354 3232 3408 κελευσθέντα
3283 3357 3468 3419 αὐτοῖς
3505 3357 3588 3410 ει-

2006 3442 2342 3510 επράττοντο
2362 3457 2376 3472 ⁸
2404 3442 2640 3513 τοσαύτη
2663 3445 2773 3514 γάρ
2797 3445 3100 3516 σφοδρότης
3124 3447 3187 3500 ἐκ
3211 3445 3320 3500 τῶν
3337 3449 3589 3519 σφαιρῶν

2003 3533 2224 3602 ἐγένετο
2248 3533 2342 3587 τοῦ
2376 3538 2575 3606 πυρὸς,
2606 3535 2746 3590 ῶστε
2777 3538 2852 3608 μὴ
2886 3539 3050 3608 μόνον
3101 3540 3448 3610 ἀναφανῆναι
3482 3541 3588 3605 τὰς

2003 3625 2248 3696 πλευρὰς
2300 3627 2490 3694 αὑτοῦ,
2526 3628 2663 3682 ἀλλά
2698 3630 2793 3682 καὶ
2857 3630 2956 3702 τὴν
3003 3630 3216 3686 ἔνδοθεν
3269 3632 3589 3702 οἰκονομίαν

2000 3719 2109 3773 τῶν
2145 3719 2470 3790 σπλάγχνων
2500 3721 2664 3774 αὑτοῦ
2710 3721 3010 3792 φθαρῆναι,
3051 3723 3156 3787 ἕως
3185 3725 3276 3777 διὰ
3306 3726 3414 3779 τῶν
3471 3745 3582 3797 μυ-

2003 3813 2223 3881 κτήρων
2243 3812 2404 3866 αὑτοῦ
2435 3813 2528 3866 καὶ
2553 3813 2647 3866 τοῦ
2669 3815 2977 3881 ἐγκεφάλου
3003 3817 3032 3869 6
3062 3816 3268 3878 καπνὸς
3287 3817 3590 3887 ἀνεφέρετο

2002 3904 2067 3956 ἐκ
2088 3903 2186 3973 τῆς
2203 3904 2532 3976 ύπαφθήσης
2546 3907 2726 3958 αὐτῶν
2738 3906 2823 3958 διά
2839 3905 2944 3960 τῶν
2958 3908 3206 3978 σφαιρῶν
3227 3907 3585 3979 θερμότητος.

2075 3993 2178 4046 IB'.
2217 3992 2278 4046 '0
2305 3993 2361 4046 δὲ
2393 3995 2666 4066 μακάριος
2694 3996 2920 4050 Πλάτων
2954 3999 3054 4067 ήδη
3083 3999 3364 4068 νομισθεὶς
3393 4001 3591 4054 τεθνά-

2003 4103 2112 4149 ναι,
2146 4081 2298 4138 εἶπεν
2337 4086 2474 4156 πρὸς
2500 4088 2591 4140 τὸν
2634 4089 3027 4158 ’Δγριππῖνοψ
3062 4091 3277 4163 Μικραί
3313 4091 3407 4144 σού
3444 4095 3590 4146 εἰσιν

2003 4180 2061 4232 αἱ
2090 4177 2338 4249 βάσανοι,
2369 4180 2646 4250 αἱμοπότα
2677 4181 2771 4234 καὶ
2809 4181 3144 4254 θηριότροπε
3193 4187 3286 4238 καὶ
3338 4186 3589 4256 ἀνήμερε

2004 4270 2154 4324 κύων
2179 4270 2317 4341 πρὸς
2363 4270 2455 4324 τὸν
2506 4272 2678 4342 θυμόν
2713 4290 2807 4326 σου
2855 4275 2951 4327 καὶ
3010 4276 3352 4346 ἀγριότητα⁹
3412 4276 3527 4331 ἀλλ’
3560 4281 3591 4332 ὀ

2004 4363 2176 4432 θυμός
2211 4380 2306 4416 σου
2335 4363 2477 4417 ἔστω
2511 4364 2730 4434 μικρὸς,
2763 4367 2823 4419 αἱ
2853 4366 2909 4419 δέ
2943 4365 3173 4436 βάσανοι
3203 4384 3298 4420 σου
3334 4367 3590 4422 ἔστωσαν

2006 4449 2243 4521 μεγάλαι
2270 4467 2283 4482 ⁸
2316 4452 2501 4524 γνώσῃ
2538 4453 2646 4523 γάρ
2668 4455 2760 4507 διά
2791 4457 2899 4508 τῶν
2931 4458 3206 4526 βασάνων,
3235 4452 3312 4510 ῶν
3356 4460 3591 4526 ἐπάγεις

321 4548 459 4602 mibi
487 4549 750 4612 intentas,
801 4563 1099 4620 cognosces
1163 4550 1466 4619 potentiam
1527 4550 1755 4616 Christi,
1806 4552 1899 4622 qui

2007 4557 2098 4609 μοι
2129 4538 2229 4609 τὴν
2276 4539 2508 4612 δύναμιν
2566 4543 2662 4596 τοῦ
2715 4543 2916 4616 βοηθοῦ
2961 4563 3064 4616 μου
3121 4547 3385 4619 Χριστοῦ.
3428 4549 3488 4601 '0
3528 4548 3593 4601 δὲ

320 4644 460 4701 mihi
495 4644 600 4699 fert
633 4646 921 4700 auxilium.
969 4646 1262 4716 Apparitor
1283 4661 1463 4702 autem
1482 4648 1710 4704 veniens
1733 4665 1902 4722 prope

321 4747 570 4792 sanctum
587 4737 890 4802 Platonem,
916 4737 1053 4791 dixit
1074 4739 1120 4792 ei
1145 4757 1158 4793 :
1180 4739 1337 4804 Pare,
1359 4755 1393 4794 ο
1417 4740 1782 4811 homo,jussis
1805 4742 1908 4796 im-

321 4830 658 4901 peratorisct
688 4830 792 4884 diis
824 4831 1091 4898 sacriﬁca,
1113 4831 1432 4898 etlucrifac,
1457 4848 1524 4887 ne
1545 4834 1683 4888 male
1707 4834 1905 4889 moria-

321 4919 419 4972 ris.
440 4919 561 4973 Non
595 4931 752 4988 potes
783 4922 929 4974 enim
959 4931 1192 4976 mortem
1221 4922 1488 4994 effugere,
1532 4926 1636 4979 nisi
1669 4941 1732 4980 ea
1757 4925 1903 4982 fece-

323 5008 424 5076 ris,
458 5025 578 5078 quae
609 5025 640 5064 a
671 5025 758 5065 me
795 5012 894 5066 tibi
927 5011 1072 5066 dicta
1095 5024 1244 5069 sunt.
1272 5015 1375 5080 Qui
1415 5026 1599 5070 autem
1625 5029 1750 5072 erat
1774 5033 1902 5074 vere

321 5119 521 5174 magno
560 5114 615 5159 et
679 5107 900 5162 excelso
951 5109 1137 5163 animo
1177 5117 1233 5164 et
1278 5125 1408 5165 vere
1463 5111 1671 5167 Christi
1728 5113 1900 5181 Plato,

323 5197 690 5266 apparitorem
722 5197 940 5265 quidem
965 5215 1074 5253 non
1131 5199 1318 5270 parvis
1373 5200 1656 5256 incessens
1710 5215 1905 5258 contu-

323 5288 519 5349 meliis,
547 5287 598 5340 ei
635 5303 696 5342 os
725 5289 998 5343 obstruxit
1047 5300 1305 5360 tanquam
1362 5292 1503 5345 man
1531 5293 1857 5349 consiliario
1885 5313 1898 5349 :

323 5378 574 5432 interrito
592 5389 772 5432 autem
806 5379 1080 5449 spiritht
1100 5384 1286 5434 animo
1319 5382 1604 5448 immobili,
1635 5395 1687 5438 ct
1720 5396 1902 5440 mente

322 5485 432 5522 non
468 5471 808 5538 perturbata,
835 5470 1024 5525 oculos
1047 5471 1101 5525 in
1133 5473 1334 5527 ccelum
1380 5475 1672 5540 extollens,
1727 5476 1901 5530 dixit:

327 5561 558 5615 bonum
603 5579 774 5616 meum
825 5564 946 5617 dedi
981 5566 1052 5616 ad
1101 5563 1410 5634 ﬂugella,et
1451 5582 1612 5634 genas
1659 5584 1802 5622 meas
1834 5571 1905 5622 ad

325 5651 514 5718 alapas
542 5669 558 5707 .'
601 5652 791 5719 facient
822 5664 1000 5709 autem
1050 5671 1220 5710 meam
1247 5672 1348 5709 non
1398 5660 1562 5712 averti
1593 5676 1622 5712 a
1654 5660 1902 5714 dedecore

322 5754 596 5808 epularum
627 5747 691 5802 ¹¹.
715 5749 794 5804 Ne
819 5750 1114 5806 discesseris
1141 5766 1171 5803 a
1203 5767 1303 5818 me,
1370 5751 1604 5820 Domine,
1640 5757 1885 5824 quoniam

436 5869 479 5900 ²¹
512 5869 617 5926 lsa.
653 5886 702 5930 ι..
731 5872 782 5926 6.

2010 4632 2201 4702 βοηθὸς
2225 4633 2541 4704 προσελθὼν
2565 4635 2794 4707 πλησίον
2816 4638 2912 4692 τοῦ
2940 4640 3098 4708 ἀγίου
3126 4639 3410 4703 Πλάτωνος
3433 4637 3595 4696 εἶπεν

2004 4723 2176 4794 αὐτῷ·
2210 4726 2476 4797 Πείσθητι
2494 4731 2606 4793 τοῖς
2633 4733 3032 4803 προστάγμασι
3060 4734 3154 4788 τοῦ
3178 4734 3592 4808 αὐτοκράτορος

2005 4822 2105 4872 καὶ
2140 4817 2303 4872 θῦσον
2325 4823 2439 4884 τοῖς
2467 4820 2631 4887 θεοῖς,
2667 4826 2762 4878 καὶ
2791 4826 2852 4878 τὸ
2879 4828 3068 4891 κακῶς
3110 4827 3412 4883 ἀποθανεῖν
3452 4831 3588 4901 κέρ-

2010 4907 2196 4977 δησον.
2233 4910 2309 4962 Οὐ
2333 4911 2444 4981 γὰρ
2496 4912 2726 4967 δύνασαι
2755 4919 3063 4985 ἀποφυγεῖν
3087 4919 3179 4972 τὸν
3213 4921 3463 4986 θάνατον,
3490 4922 3592 4975 ἐὰν

2007 5001 2081 5071 μὴ
2113 5001 2322 5073 ἀνάσχῃ
2353 5004 2460 5055 τῶν
2483 5006 2784 5076 λεχθέντων
2814 5025 2897 5062 σοι
2939 5011 3070 5082 παρ’
3097 5011 3256 5082 ἐμοῦ.
3300 5013 3360 5067 '0
3392 5013 3451 5066 δὲ
3489 5029 3590 5084 με-

2004 5092 2296 5163 γαλόφρων
2331 5093 2424 5146 καὶ
2450 5098 2681 5168 εὐγενὴς
2703 5103 2771 5171 τῇ
2806 5101 2955 5174 ψυχῇ
3004 5103 3100 5156 καὶ
3139 5103 3362 5174 ἀληθῶς
3397 5105 3589 5168 δοῦλος

2002 5182 2097 5236 τοῦ
2121 5184 2362 5254 Χριστοῦ
2390 5187 2620 5244 Πλάτων
2647 5191 2740 5245 τὸν
2795 5193 2899 5262 μὲν
2927 5194 3124 5265 βοηθὸν
3153 5196 3216 5249 ού
3252 5197 3466 5269 μικρῶς
3495 5199 3589 5250 ἐν-

2003 5272 2254 5344 υϐρίσας,
2279 5276 2643 5349 ἐπεστόμισεν
2674 5282 2749 5346 ὡς
2797 5285 3277 5357 κακοσύμδουλον,
3329 5289 3590 5362 ἀτρέπτῳ

2001 5365 2058 5418 δὲ
2098 5368 2414 5438 φρονήματι
2440 5373 2533 5424 καὶ
2573 5373 2966 5448 άμετακινήτῳ
2995 5382 3063 5449 τῇ
3108 5379 3254 5451 ψυχῇ
3302 5381 3398 5434 καὶ
3449 5381 3567 5435 ἀτα-

2009 5461 2157 5531 ράχῳ
2193 5463 2258 5532 τῇ
2286 5461 2493 5534 διανοίᾳ
2522 5464 2810 5530 ἀνατείνας
2835 5470 2964 5532 τοὺς
3005 5471 3324 5543 ὀφθαλμοὺς
3373 5475 3454 5537 εἰς
3485 5475 3587 5527 τὸν

2002 5555 2233 5624 οὐρανὸν
2266 5550 2420 5608 εἶπεν
2448 5574 2461 5586 ·
2496 5557 2610 5612 Τὸν
2638 5559 2832 5613 νῶτόν
2858 5581 2977 5631 μου
3017 5565 3213 5620 ἔδωκα
3249 5571 3336 5634 εις
3363 5567 3585 5638 μάστι-

2003 5664 2130 5717 γας,
2161 5651 2268 5716 τὰς
2297 5650 2365 5704 δὲ
2391 5654 2682 5722 σιαγόνας
2721 5658 2810 5723 είς
2819 5659 3192 5730 ῥαπίσματα·
3226 5661 3292 5716 τὸ
3311 5663 3585 5730 δὲπρόσ-

1994 5745 2156 5797 ωπόι·
2179 5762 2298 5813 μου
2337 5748 2448 5802 οὐκ
2493 5748 2802 5820 (ἐπέτρεψα
2855 5755 2973 5808 ἀπὸ
3027 5757 3327 5826 αισχύιιης
3357 5757 3582 5827 ἐμπτυ-
