3994 6432
366 405 464 464 ΛΠ

1636 403 1808 464 VITA
1865 401 1926 461 S.
1973 398 2368 461 PLATONIS.

3526 405 3631 471 418

363 515 608 588 σμὰτων
647 515 736 585 μὴ
761 513 1045 584 ἀποστῇς
1063 514 1164 570 ἀπ’
1187 515 1356 586 ἐμοῦ,
1379 515 1582 584 Κύριε,
1614 515 1703 569 ὅτι
1744 515 1950 584 6.1M“-

2056 513 2355 582 aﬂlirtioues
2389 528 2546 581 prope
2573 515 2654 579 ";
2686 530 2748 568 ne
2777 515 2911 584 forte
2938 515 3116 569 dicant
3181 525 3387 586 gcnlcs:
3413 517 3511 573 Ubi
3557 532 3631 575 est

363 610 563 680 ἐγγὺς,
596 610 683 678 μή
733 624 882 662 ποτε
929 607 1186 663 εἴπωσιν
1236 607 1308 662 τὰ
1347 609 1521 677 ἔθνη,
1554 607 1680 661 Ποῦ
1711 607 1883 660 ἔστιν
1914 610 1946 659 ὀ

365 704 503 770 Θεὸς
526 701 762 767 αὐτοῦ;
785 701 959 764 Αὐτὸς
991 697 1108 761 οὖν.
1145 699 1345 770 Κύριε,
1385 700 1564 771 Ἰησοῦ
1589 699 1815 770 Χριστὲ,
1852 698 1942 750 εὖ·

366 795 600 864 δόκησον
623 795 704 856 είς
734 793 856 861 ἐμὲ,
889 792 978 844 ἵνα
1003 791 1228 853 τελείως
1249 791 1350 861 τὴν
1381 790 1680 861 τυραννίδα
1708 789 1803 842 τοῦ
1828 789 1949 843 διαο

365 885 527 937 ϐόλου
551 883 838 952 διαφυγὼν
879 881 1151 954 παραστῶ
1215 880 1294 952 τῷ
1341 880 1552 950 βήματι
1612 897 1705 933 σου
1737 880 1813 948 τῷ
1849 896 1943 946 φο-

362 977 536 1048 ϐερῷ,
589 977 681 1030 τὸν
731 973 901 1028 καλὸν
953 973 1146 1042 ἀγῶνα
1202 971 1656 1042 ἀγωνισάμενος·
1699 971 1783 1025 σοὶ
1839 969 1948 1041 γὰρ

364 1071 572 1139 πρέπει
600 1068 694 1120 καὶ
723 1068 782 1119 ὲν
829 1065 1155 1134 ἐκκλησίαις
1210 1065 1302 1116 καὶ
1349 1064 1408 1116 ὲν
1447 1065 1616 1116 παντὶ
1663 1063 1816 1132 τόπῳ
1849 1065 1949 1132 τῆς

362 1161 686 1224 δεσποτείας
715 1176 814 1212 σου
840 1159 1001 1229 τιμὴ,
1037 1158 1263 1228 κράτος,
1303 1156 1692 1228 μεγαλωσύνη,
1729 1156 1823 1208 νῦν
1853 1155 1949 1209 καὶ⁹

367 1255 465 1309 ἀεὶ
498 1254 596 1306 καὶ
626 1253 707 1314 εἰς
737 1251 862 1314 τοὺς
886 1251 1111 1311 αἰῶνας.
1151 1249 1259 1302 Καὶ
1282 1248 1492 1301 πολλῶν
1520 1248 1950 1302 ἐπακουσάντων

360 1347 426 1401 τὸ
472 1345 668 1416 Ἀμὴν,
707 1345 930 1414 ἐσείσθη
964 1346 992 1398 6
1020 1345 1188 1408 τόπος
1225 1344 1332 1414 τῆς
1382 1344 1672 1415 βασιλικῆς
1705 1349 1798 1396 καὶ
1828 1341 1949 1397 οὐδὲ

362 1441 536 1504 οῦτως
566 1439 802 1508 συνῆκεν
846 1439 875 1490 6
919 1440 1304 1510 Ἀγριππῖνος,
1339 1439 1423 1492 ὃτι
1473 1438 1841 1509 βοηθούμενος
1879 1433 1948 1508 ἦν

363 1534 516 1598 παρὰ
542 1531 638 1585 τοῦ
669 1531 937 1602 Χριστοῦ,
971 1532 1088 1585 ἀλλ’
1117 1527 1240 1584 εἷπε
1291 1531 1428 1603 πρὸς
1467 1532 1630 1586 αὐτόν
1658 1547 1672 1561 ο
1720 1531 1946 1598 Ἀνόσιε⁹

361 1625 454 1678 διὰ
490 1623 542 1675 τί
574 1621 720 1675 οὕτω
765 1623 1135 1690 άπονενόησαι
1195 1622 1293 1676 καὶ
1347 1623 1407 1674 οὗ
1457 1623 1616 1693 φείδῃ
1669 1622 1764 1675 τοῦ
1814 1622 1947 1675 ίδίου

366 1715 644 1784 σώματος,
678 1713 821 1783 ὀρῶν
857 1715 1020 1768 αὐτὸν
1047 1715 1222 1776 οὕτως
1273 1712 1550 1787 διαφόρως
1591 1699 1947 1784 τιμωρούμεο

341 1817 488 1862 ’νον-
524 1807 778 1875 πείσθητι
809 1805 902 1859 οῦν
932 1823 1024 1876 μοι
1054 1808 1150 1859 καὶ
1198 1806 1361 1860 θῦσον
1387 1810 1500 1869 τοῖς
1547 1805 1712 1870 θεοῖς,
1748 1806 1836 1859 ἴνα
1870 1807 1946 1877 μὴ

364 1899 558 1960 κακῶς
599 1899 906 1968 ἀποθάνῃς.
953 1899 1180 1952 Πλάτων
1226 1896 1384 1952 εἶπεν
1411 1915 1425 1928 ⁸
1468 1894 1634 1950 Εἶπον
1669 1915 1752 1952 σοι
1811 1898 1946 1950 πολ-

363 1987 549 2055 λάκις,
580 1989 676 2040 καὶ
708 1989 804 2040 νῦν
838 2005 922 2040 σοι
977 1988 1144 2056 λέγω,
1198 1989 1283 2041 ὅτι
1313 1988 1449 2041 θεοῦ
1483 1989 1686 2053 ζῶντος
1735 1989 1944 2059 λάτρης

363 2080 484 2150 εἰμὶ
517 2081 610 2133 καὶ
639 2079 836 2132 τούτου
869 2081 937 2132 τά
975 2080 1231 2149 δόγματα
1255 2080 1586 2149 καταλείψαι
1611 2081 1670 2133 οὐ
1703 2081 1945 2150 δύναμαι

364 2173 599 2230 καὶτοῖς
633 2171 890 2241 ματαίοις
926 2172 986 2224 τὸ
1031 2172 1206 2241 ὄνομα
1248 2171 1434 2241 ἔχουσι
1482 2173 1624 2235 θεοῖς
1675 2174 1788 2236 τοῖς
1825 2172 1943 2225 κίϐ-

361 2263 548 2334 δηλοις
577 2263 786 2326 τούτοις
822 2263 1204 2334 προσκυνῆσαι
1243 2265 1336 2318 καὶ
1390 2267 1657 2335 μυσαροῖς
1707 2265 1947 2328 εἰδώλοις

359 2353 466 2406 οὐκ
489 2351 782 2422 ἀνέχομαι.
836 2349 998 2405 Ἀλλά
1025 2351 1149 2405 καθ’
1175 2351 1392 2422 ἡμέραν
1438 2352 1499 2405 οὐ
1543 2351 1832 2421 παύσομαι
1869 2351 1948 2421 τῷ

361 2442 485 2512 Θεῷ
515 2443 979 2514 προσευχόμενος,
1010 2444 1380 2514 προσπίπτων
1423 2443 1518 2496 καὶ
1560 2443 1819 2512 δεόμενος
1847 2442 1947 2513 τῆς

362 2534 498 2605 παρ’
557 2534 724 2588 αὑτοῦ
786 2535 1050 2604 ἀληθινῆς
1096 2534 1379 2604 σωτηρίας
1443 2534 1651 2604 τυχεῖν.
1705 2535 1778 2586 Σὺ
1846 2533 1947 2596 δὲ,

376 2626 726 2696 Ἀγριππῖνε,
753 2627 1006 2698 ματαίοις
1038 2626 1282 2691 εἰδώλοις
1307 2625 1708 2698 προστετηκὼς
1733 2625 1827 2679 καὶ
1855 2627 1948 2680 τὸν

365 2718 490 2774 νοῦν
530 2719 905 2791 σεσυλημένος
942 2720 1037 2776 τὸν
1089 2722 1172 2783 είς
1224 2719 1560 2788 θεογνωσίαν
1601 2735 1660 2772 σε
1718 2719 1948 2772 ἕλκοντα

365 2811 518 2882 παρά
567 2810 664 2864 τοῦ
696 2814 907 2884 πατρός
954 2829 1048 2866 σου
1082 2812 1180 2866 τοῦ
1208 2813 1448 2878 Σατανᾶ,
1490 2811 1584 2864 καὶ
1613 2811 1749 2875 ὅλως
1781 2809 1948 2865 αὑτοῦ

364 2903 683 2971 γενόμενος,
741 2906 839 2957 καὶ
875 2906 958 2962 είς
992 2903 1092 2976 τὴν
1131 2905 1252 2958 ὁδὸν
1300 2903 1400 2974 τῆς
1455 2902 1600 2974 ζωῆς
1643 2903 1823 2956 ἐλθεῖν
1873 2901 1949 2974 μὴ

363 2993 692 3064 βουλόμενος
719 2997 799 3058 είς
832 2995 1004 3049 αἰῶνα
1034 2995 1182 3066 παρὰ
1209 2994 1305 3047 τοῦ
1329 2995 1465 3048 Θεοῦ
1491 2994 1584 3047 τοῦ
1619 2993 1950 3065 βοηθοῦντος

366 3104 472 3157 μου
496 3087 865 3160 τιμωρηθήσῃ
900 3087 975 3150 ὡς
1005 3086 1310 3155 ἐνυϐρίζων
1338 3088 1468 3150 τοὺς
1502 3085 1726 3149 δούλους
1755 3084 1946 3150 αὐτοῦ,

373 3177 630 3248 οἰόμενος
655 3179 981 3248 μεταϐαλεῖν
1026 3177 1207 3231 αὐτῶν
1267 3178 1367 3250 τὴν
1414 3179 1494 3240 είς
1548 3176 1682 3231 Θεὸν
1735 3175 1949 3248 ἀγαθὴν

368 3272 720 3341 προαίρεσιν.

439 3365 541 3418 ﬂ".
592 3364 953 3435 Ἀγριππῖνσς
985 3362 1114 3434 ἔφη·
1141 3364 1268 3428 Ἴδε,
1293 3363 1544 3428 Πλάτων,
1578 3365 1679 3418 ὅσα
1705 3381 1762 3418 σε
1789 3361 1951 3434 εἴασα

365 3458 747 3528 φλυαρίσαντα
805 3455 1227 3527 μωρολογῆσαιο
1295 3456 1436 3525 πλὴν
1477 3458 1525 3510 εί
1577 3455 1672 3508 καὶ
1728 3455 1954 3518 ἀνάξιος

366 3551 642 3619 ὕπάρχεις
675 3549 784 3602 τῶν
814 3548 949 3618 παρ’
981 3549 1136 3618 ἡμῶν
1158 3548 1333 3616 λόγων
1359 3549 1384 3601 ι
1415 3548 1450 3600 ὰ
1497 3550 1600 3618 τὴν
1627 3547 1952 3618 θρασύτητά

366 3659 465 3695 σου
500 3643 596 3694 καὶ
629 3641 1013 3711 ἀμετάϐλητον
1064 3639 1296 3712 καρδίαν
1320 3656 1334 3670 ·
1360 3641 1594 3694 ἄκουσον
1624 3641 1762 3711 ὅπερ
1801 3639 1948 3707 λέγω

367 3750 452 3787 σοι
479 3773 492 3786 .
520 3731 789 3796 Πολλάκις
844 3731 1020 3784 πολλὰ
1051 3732 1271 3798 ἀκήκοα
1325 3730 1555 3784 τοιαῦτα
1613 3731 1721 3784 τῶν
1755 3731 1949 3800 ὁμολο-

365 3823 612 3895 γούντων
644 3824 733 3877 τὸν
765 3822 1072 3887 Γαλιλαῖον,
1114 3826 1210 3876 καὶ
1234 3821 1411 3885 οὐδεὶς
1447 3821 1708 3890 ᾲνέλυσεν
1740 3824 1804 3875 ὲκ
1845 3821 1954 3874 τῶν

366 3913 518 3986 ἱμῶν
542 3912 748 3985 χειρῶν
781 3913 915 3977 ζῶν,
942 3913 991 3964 εί
1022 3912 1098 3982 μὴ
1128 3912 1362 3980 ἐπείσθη
1385 3912 1480 3965 καὶ
1500 3911 1725 3967 ἔθυσεν.
1760 3911 1824 3966 Εἰ
1859 3907 1953 3963 οὖν

371 4008 449 4076 μὴ
477 4006 654 4068 Θέλεις
703 4004 1040 4075 ἀνασχέσθαι
1087 4022 1187 4076 μου
1247 4005 1343 4057 καὶ
1393 4004 1556 4058 θῦσαι
1615 4006 1726 4066 τοῖς
1785 4003 1950 4068 θεοί·,

368 4102 535 4174 βλέπε
571 4100 617 4154 τί
656 4099 878 4170 μέλλεις
907 4099 1138 4169 πάσχειν
1162 4114 1177 4130 ·
1213 4099 1309 4152 καὶ
1339 4097 1448 4169 γὰρ
1506 4097 1680 4150 πολλὰ
1726 4096 1956 4166 βασανι-

371 4196 575 4267 στήρια
626 4193 886 4265 μένουσίν
946 4207 1032 4245 σε.
1077 4191 1140 4243 '0
1201 4190 1356 4258 ἅγιος
1391 4189 1487 4242 τοῦ
1544 4189 1682 4242 Θεοῦ
1739 4191 1955 4259 μάρτυς

373 4290 601 4341 Ιὶλάτων
633 4284 874 4355 γελάσας
904 4279 1061 4336 εἶπεν
1085 4297 1100 4310 ⁸
1140 4282 1352 4348 Ἀθλιε,
1380 4283 1474 4335 καὶ
1493 4281 1836 4352 ταλαίπωρε,
1860 4283 1956 4335 καὶ

373 4377 756 4449 μισάνθρωπε,
796 4376 890 4427 καὶ
921 4373 1192 4442 ἁνήμερε,
1227 4372 1324 4424 καὶ
1374 4372 1554 4441 πάσης
1605 4373 1955 4442 παρανομίας

373 4466 608 4537 ἀρχηγὲ,
631 4465 883 4533 ἀλλότρια
908 4463 1002 4516 τοῦ
1028 4463 1186 4528 Θεοῦ,
1209 4462 1304 4515 κα)⁵
1333 4462 1585 4532 ὑπηρὲτα
1601 4461 1696 4514 τοῦ
1719 4462 1953 4528 Σατανᾶ,

2052 607 2187 659 Deus
2216 621 2397 659 eorum
2437 607 2476 636 "
2501 607 2524 658 ?
2553 605 2672 660 ’l'ibi
2703 623 2834 677 ergo
2859 609 3090 674 placeat,
3124 626 3157 662 ο
3225 610 3300 663 Do
3329 655 3332 660 .
3363 612 3452 666 ine
3500 615 3542 668 .l.
3567 633 3629 668 su

2048 695 2302 759 Christe,
2333 707 2392 751 ut
2415 712 2514 768 ego
2551 698 2786 754 famulus
2817 709 2964 765 tuus,
3029 701 3269 770 perfecte
3327 705 3630 762 adversarii

2047 789 2317 860 eﬂugiens
2354 791 2722 860 tyrannidem,
2753 807 2880 845 cum
2907 793 3133 846 audacia
3153 802 3206 847 et
3243 794 3435 850 ﬁducia
3469 799 3633 852 sistar

2049 893 2177 937 ante
2202 892 2355 937 tuum
2402 883 2645 937 tribunal
2684 884 2952 949 terribile,
2981 887 3084 941 hoc
3120 890 3351 956 pulchro
3375 891 3632 946 confecto

2050 974 2376 1028 certamine.
2411 973 2488 1028 Te
2521 975 2666 1028 enim
2698 976 2856 1030 decet
2884 985 2939 1031 et
2967 977 3020 1031 in
3075 976 3332 1034 Ecelesiis
3377 990 3432 1034 et
3481 983 3631 1038 omni

2050 1064 2170 1120 loco
2202 1073 2308 1119 tua;
2339 1066 2736 1120 dominationis
2785 1068 2983 1138 gloria,
3041 1070 3235 1133 honor,
3292 1073 3534 1140 potentia
3575 1082 3634 1128 et
3728 1098 3738 1107 -

2053 1156 2332 1224 majestas,
2371 1171 2520 1211 nunc
2556 1165 2609 1211 et
2634 1171 2876 1227 semper,
2912 1168 2966 1212 et
3027 1159 3081 1214 in
3147 1161 3343 1215 saecula
3409 1164 3634 1218 sreculo-

2051 1262 2194 1300 rum.
2245 1246 2467 1302 Etcum
2527 1248 2680 1302 multi
2707 1249 3015 1305 autliissent
3045 1293 3059 1317 ,
3108 1252 3302 1314 Amen,
3342 1265 3524 1308 motus
3550 1265 3633 1310 est

2049 1337 2203 1392 locus
2244 1338 2485 1394 basilica:
2515 1355 2530 1393 :
2565 1349 2622 1394 et
2649 1356 2718 1394 ne
2759 1341 2838 1394 sic
2881 1343 3104 1411 quidem
3161 1346 3430 1400 intellexit
3467 1347 3632 1402 tltiSL’t‘

2049 1435 2402 1507 Agrippinus,
2437 1437 2582 1506 quod
2610 1436 2870 1492 Christus
2899 1441 2949 1493 ei
2981 1439 3156 1495 ferret
3217 1443 3503 1506 auxilium,
3536 1443 3633 1498 sed

2049 1526 2190 1580 dixit
2223 1527 2273 1579 ei
2302 1544 2314 1578 :
2352 1525 2544 1594 lmpie,
2570 1541 2669 1580 cur
2691 1541 2750 1581 es
2780 1527 2919 1581 adeo
2952 1540 3149 1583 emota:
3187 1541 3408 1596 ment:s,
3446 1541 3501 1586 et
3523 1547 3629 1586 non

2050 1615 2228 1686 parcis
2265 1624 2358 1668 tuo
2381 1617 2624 1685 corpori,
2660 1632 2784 1672 cum
2818 1617 2872 1672 id
2905 1620 3086 1674 videas
3113 1620 3280 1674 variis
3309 1622 3486 1675 modis
3507 1629 3618 1675 tam

2050 1709 2246 1763 acerbe
2277 1709 2558 1762 cruciari?
2590 1709 2726 1763 Pare
2755 1724 2886 1779 ergo
2934 1711 3092 1776 mihi,
3131 1721 3186 1766 et
3212 1712 3460 1768 sacriﬁca
3529 1714 3632 1769 diis

2052 1801 2410 1865 intemeratis,
2428 1817 2499 1856 ne
2527 1803 2669 1856 male
2699 1803 2976 1857 moriaris.
3012 1805 3251 1859 Sanctus
3274 1805 3426 1861 Plato
3457 1808 3628 1861 dixit:

1976 1864 2021 1923 Β
2054 1892 2166 1946 Dixi
2193 1893 2292 1947 tibi
2323 1908 2491 1962 smpe,
2523 1893 2657 1963 quin
2695 1893 2860 1947 etiam
2895 1910 3045 1950 nunc
3082 1895 3176 1949 tibi
3214 1897 3360 1963 dico,
3395 1914 3481 1952 me
3512 1914 3633 1954 esse

2050 1984 2141 2037 Dei
2175 1985 2466 2048 cultorem,
2507 2002 2609 2039 nec
2639 1996 2704 2051 ut
2767 1987 2892 2056 ejus
2947 1989 3167 2043 decreta
3224 1990 3490 2054 deseram,
3547 2007 3632 2045 me

2049 2091 2208 2144 posse
2236 2077 2291 2130 in
2345 2077 2593 2130 animum
2627 2079 2912 2142 inducere,
2969 2095 3070 2134 nec
3128 2087 3187 2134 ut
3235 2096 3331 2134 eos
3383 2081 3631 2148 adorem,

2047 2169 2140 2238 qui
2199 2177 2406 2224 temere
2472 2184 2673 2224 nomen
2740 2170 2945 2226 habent
3007 2173 3258 2237 deorum,
3303 2184 3632 2228 suntaulem

2049 2259 2354 2314 adulterina
2379 2270 2433 2314 et
2451 2262 2786 2316 exsecranda
2805 2262 3119 2318 simulacra.
3145 2264 3253 2319 Sed
3280 2280 3387 2318 non
3407 2268 3634 2320 cessabo

2049 2352 2104 2406 in
2131 2351 2248 2406 dies
2275 2353 2494 2408 assidue
2556 2352 2666 2409 Deo
2701 2370 2824 2409 meo
2864 2357 3150 2424 procidere
3204 2365 3256 2411 et
3298 2374 3422 2412 eum
3455 2373 3634 2424 orare,

2051 2454 2111 2500 ut
2142 2446 2376 2498 salutem
2393 2451 2462 2499 ab
2495 2461 2563 2498 eo
2595 2462 2924 2516 consequar.
2961 2446 3044 2503 'l‘u
3077 2458 3292 2515 autem,
3334 2451 3636 2521 Agrippina

2053 2547 2308 2608 tyranne,
2335 2539 2491 2593 vanis
2517 2537 2710 2593 atﬁxus
2769 2541 3100 2606 simulacris,
3130 2551 3186 2596 et
3239 2557 3271 2597 a
3339 2553 3495 2612 patre
3543 2557 3636 2598 tuo

2050 2629 2247 2685 Satana
2264 2631 2507 2700 privatus
2521 2641 2722 2695 mente,
2743 2641 2863 2701 omo
2895 2643 2946 2688 te
2975 2635 3309 2689 trahebatad
3338 2636 3427 2689 llei
3451 2637 3638 2708 cogni-

2052 2721 2282 2786 tionem,
2315 2732 2371 2777 et
2399 2733 2547 2777 totus
2578 2725 2831 2778 redactus
2866 2725 2919 2779 in
2952 2727 3070 2796 ejus
3107 2736 3454 2797 potestatem,
3485 2739 3538 2782 et
3569 2728 3637 2783 ad

2049 2813 2193 2870 viam
2227 2815 2352 2869 vita:
2388 2815 2580 2870 nolens
2613 2817 2934 2880 ascendere,
2972 2819 3026 2872 in
3053 2829 3319 2873 aeternum
3384 2820 3636 2889 punieris

2049 2919 2080 2960 a
2108 2905 2353 2974 Deo,'qui
2380 2907 2512 2961 mihi
2540 2907 2647 2962 fert
2675 2923 2856 2977 opem.
2912 2909 3086 2975 Quem
3145 2912 3479 2967 contumelia
3524 2911 3642 2966 alli-

2049 2996 2220 3062 ciens,
2251 2998 2371 3068 ejus
2399 3014 2588 3054 servos
2616 3000 2783 3055 variis
2852 3003 3140 3058 tormentis
3177 3005 3418 3072 subjicis,
3453 3006 3640 3060 existi-

2050 3104 2211 3143 mans
2242 3097 2294 3145 te
2326 3100 2664 3146 mutaturum
2697 3108 2886 3148 eorum
2918 3096 3118 3150 bonum
3154 3095 3207 3150 in
3241 3096 3408 3152 Deum
3440 3099 3641 3168 propo-

1975 3206 2019 3265 C
2052 3181 2244 3236 situm.

2123 3360 2264 3416 Xlll.
2287 3361 2626 3432 Agrippinus
2659 3363 2796 3417 dixit
2824 3379 2838 3416 :
2871 3363 3027 3431 Vide,
3069 3363 3246 3425 Plato,
3282 3380 3444 3433 quam
3472 3364 3638 3418 multa

2051 3454 2151 3509 sivi
2183 3463 2234 3509 te
2263 3463 2560 3525 nugantem
2588 3455 2754 3508 stulta
2783 3455 2986 3508 dicere.
3025 3455 3128 3508 Sed
3159 3455 3261 3508 etsi
3289 3455 3363 3509 sis
3387 3456 3642 3525 indignus

2051 3545 2256 3599 nostris
2289 3546 2640 3600 sermonibus
2672 3554 2895 3615 propter
2927 3555 3074 3600 tuam
3114 3547 3400 3600 audaciam
3461 3557 3514 3600 et
3545 3563 3642 3600 cur

2053 3636 2437 3702 immutabileﬁ
2467 3637 2594 3690 audi
2653 3637 2797 3706 quod
2909 3637 3007 3690 tibi
3064 3635 3226 3691 dico:
3271 3637 3425 3705 Strpe
3460 3639 3641 3692 audivi

2052 3728 2218 3781 multa
2265 3729 2538 3797 ejusmodi
2591 3731 2659 3783 ab
2695 3729 2763 3782 iis
2805 3730 2896 3798 qui
2964 3729 3301 3784 conﬁtentur
3329 3731 3638 3793 Ualzlmum,

2055 3834 2156 3872 nec
2190 3820 2334 3874 ullus
2368 3820 2599 3875 recessit
2621 3821 2781 3875 vivus
2821 3837 2849 3874 a
2891 3821 3028 3874 meis
3075 3822 3352 3883 manibus,
3381 3821 3486 3874 nisi
3521 3837 3642 3890 per-

2054 3923 2253 3964 suasus
2300 3911 2373 3965 sit
2415 3919 2473 3965 et
2529 3911 2876 3967 sacriﬁcat-it.
2933 3911 2991 3965 Si
3045 3927 3176 3981 ergo
3222 3927 3333 3966 non
3369 3913 3450 3966 vis
3506 3913 3642 3967 mihi

2055 4017 2263 4056 morem
2296 4017 2512 4071 gerere,
2568 4013 2624 4057 et
2675 4003 2780 4058 diis
2825 4003 3158 4069 sacriﬁcare,
3211 4005 3333 4059 vide
3382 4005 3510 4075 quid
3569 4005 3646 4060 sis

2055 4109 2346 4164 passurus.
2376 4094 2453 4149 Te
2485 4095 2629 4150 enim
2654 4097 2822 4150 multa
2860 4107 3084 4151 manent
3121 4106 3415 4162 tormenta,
3453 4097 3499 4153 si
3531 4114 3642 4152 non

2054 4185 2332 4240 audiveris
2350 4202 2437 4240 me
2457 4185 2550 4238 tibi
2572 4185 2972 4241 consulentem.
2995 4187 3232 4242 Sanctus
3248 4199 3430 4242 autem
3443 4189 3644 4244 Christi

2055 4276 2577 4346 martyrl’latodixit
2602 4295 2614 4330 :
2643 4276 2833 4330 lnlelix
2868 4278 3262 4340 etinhumane,
3301 4288 3354 4332 et
3395 4281 3646 4335 homines

2058 4369 2270 4423 habens
2289 4367 2435 4428 odio.
2453 4379 2507 4422 et
2520 4379 2710 4423 auctor
2727 4385 2788 4421 ar
2803 4370 3058 4438 princeps
3075 4372 3253 4424 omnis
3271 4370 3591 4441 iniquitatis,
3615 4388 3646 4426 ιι

2059 4459 2169 4514 Deo
2199 4461 2378 4514 aliene
2405 4470 2456 4514 et
2493 4461 2746 4514 minister
2770 4459 3005 4521 Satanae.
3065 4472 3120 4515 et
3179 4462 3349 4515 haeres
3391 4464 3528 4532 ignis
3552 4479 3646 4532 ge-

373 4559 472 4611 καὶ
499 4560 597 4628 τῆς
631 4557 863 4626 γεέννης
888 4553 984 4608 τοῦ
1043 4554 1217 4625 πυρὸς
1248 4552 1582 4622 κληρονόμε,
1637 4554 1733 4606 καὶ
1767 4553 1948 4625 πάσης

2064 4551 2280 4617 ιιοηηαε,
2307 4564 2360 4606 et
2391 4553 2557 4623 digne
2606 4553 2754 4606 onmi
2779 4553 3029 4621 suplicio,
3059 4568 3170 4606 non
3199 4569 3282 4606 uae
3325 4564 3530 4607 terrent
3558 4564 3645 4608 tua

372 4654 552 4722 δεινῆς
583 4651 860 4713 κολάσεως
914 4650 1057 4714 ἄξιε,
1085 4649 1146 4704 οὐ
1181 4645 1432 4700 πείθουσί
1466 4663 1532 4716 με
1569 4647 1618 4698 oi.
1650 4645 1797 4714 λόγοι
1829 4661 1947 4698 σου·

373 4748 420 4798 εί
454 4744 620 4814 γάρό
649 4743 784 4813 ὲμδς
833 4740 1113 4808 Δεσπότης
1159 4739 1397 4810 Χριστὸς
1447 4739 1512 4790 τὺ
1563 4737 1762 4791 ἑαυτοῦ
1815 4734 1958 4808 αἷμα

372 4836 591 4906 ἐξέχεεν
655 4835 798 4906 ὑπὲρ
839 4833 1000 4904 ἐμοῦ,
1035 4834 1122 4888 ῖνα
1156 4832 1268 4886 ἀπὸ
1339 4833 1521 4900 πάσης
1572 4831 1806 4902 ἀνομίας
1865 4832 1959 4884 τὸν

375 4931 580 5000 κόσμον
609 4925 779 4981 αὐτοῦ
808 4925 1185 4996 λυτρώσηται,
1239 4924 1395 4994 πόσῳ
1449 4923 1658 4994 μᾶλλον
1711 4924 1874 4993 ἡμεῖς
1909 4924 1958 4974 ot

374 5020 694 5093 ἁμαρτωλοὶ
716 5016 1011 5088 ὀφείλομεν
1038 5016 1411 5087 ἀποθνήσκειν
1445 5017 1590 5088 ὑπὲρ
1641 5016 1830 5082 αὐτοῦ,
1869 5016 1956 5069 ίνα

377 5115 481 5169 κᾶν
502 5114 595 5167 διὰ
625 5112 819 5166 τούτου
841 5110 1194 5180 εὐγνώμονες
1277 5110 1539 5180 ὀφθῶμεν
1567 5108 1646 5181 τῷ
1703 5111 1958 5182 ὑμετέρῳ

376 5212 445 5260 Δε
454 5207 651 5278 σπότῃ.

451 5301 548 5356 ιΔν.
603 5299 665 5352 '0
687 5300 743 5352 δὲ
783 5300 1149 5370 Ἀγριππῖνος
1182 5296 1525 5366 προσέταξεν
1561 5296 1961 5366 λωροτομηθῆ-

378 5411 470 5450 ναι
502 5394 665 5448 αὐτον
686 5393 861 5444 εἰπών
887 5407 901 5422 ·
960 5391 1022 5443 El
1053 5391 1164 5461 ἄρα
1223 5389 1488 5461 βοηθήσει
1541 5389 1706 5442 αὐτὸν
1737 5389 1765 5440 6
1824 5389 1960 5453 Θεὸς

378 5484 467 5554 ἐφ’
503 5477 549 5554 ᾧ
577 5484 809 5547 ἐλπίζει,
845 5481 954 5538 τῶν
993 5483 1050 5536 δὲ
1076 5482 1376 5552 βασιλικῶν
1403 5481 1704 5546 διατάξεων
1739 5481 1961 5534 καὶτῶν

380 5579 666 5647 ἡμετέρων
702 5575 1148 5646 προσταγμάτων
1183 5572 1577 5644 καταφρονῶν.
1617 5571 1729 5623 Καὶ
1750 5574 1776 5622 ὁ
1801 5569 1961 5638 ἅγιος

384 5669 614 5724 Πλάτων
668 5665 914 5729 ἀκούσας
953 5663 1128 5718 ταῦτα
1180 5659 1378 5718 εἶπενο
1437 5660 1816 5715 ’Λναιδέστατε
1870 5660 1964 5714 καὶ

488 5851 530 5882 ³³
567 5847 709 5902 Psal.
743 5861 858 5911 ut,
893 5844 979 5910 ll,
1015 5842 1100 5898 12.
1249 5842 1293 5873 ⁸³
1316 5843 1461 5896 Psal.
1494 5855 1722 5904 Lxxvtu,
1754 5839 1835 5894 10.

2062 4645 2251 4708 verba,
2285 4659 2388 4698 nec
2413 4645 2575 4698 minae
2599 4643 2730 4697 mihi
2761 4643 3119 4712 persuadent.
3156 4643 3304 4697 Meus
3339 4646 3486 4698 enim
3546 4645 3620 4698 Do

2063 4737 2248 4791 minus
2276 4751 2376 4805 pro
2404 4750 2491 4790 me
2508 4751 2666 4790 suum
2692 4734 2885 4788 eﬂ'udit
2923 4736 3268 4804 sanguinem,
3295 4743 3354 4788 ut
3383 4738 3646 4791 mundum

2063 4826 2361 4894 redimeret
2393 4827 2462 4880 ab
2484 4824 2979 4893 omniiniquitate:
3017 4835 3227 4893 quanto
3291 4829 3470 4896 magis
3544 4844 3649 4882 nos

2064 4926 2383 4987 peccatores
2415 4918 2682 4971 debemus
2703 4917 2938 4985 proipso
2965 4917 3124 4978 mori,
3189 4927 3246 4970 ut
3276 4919 3358 4970 vel
3394 4933 3491 4987 per
3541 4917 3647 4972 hoc

2062 5009 2200 5078 grati
2223 5018 2280 5064 et
2341 5008 2595 5064 beneﬁcii
2650 5022 2920 5062 memores
2951 5007 3352 5074 conspiciamur
3423 5012 3650 5062 Domino

2063 5111 2252 5156 nostro
2279 5099 2408 5155 Jesu
2431 5099 2672 5153 Christo.

2135 5292 2281 5348 XIV.
2313 5291 2565 5348 Vicarius
2600 5300 2780 5346 autem
2817 5290 3152 5362 Agrippinus
3183 5305 3306 5344 cum
3346 5289 3460 5342 haec
3491 5287 3648 5341 audi-

2066 5386 2256 5452 visset,
2344 5393 2398 5439 ct
2450 5399 2652 5456 magno
2723 5385 2905 5437 furore
2970 5389 3118 5435 esset
3187 5379 3452 5449 perci:us,
3485 5378 3653 5446 jussit

2065 5492 2190 5531 eum
2257 5475 2388 5530 caedi
2461 5475 2614 5540 loris,
2675 5475 2905 5528 dicens:
2939 5471 3231 5525 Videamus
3284 5486 3352 5523 an
3404 5470 3545 5523 Deus
3581 5468 3652 5522 sit

2067 5569 2118 5622 ei
2176 5583 2336 5637 Opem
2392 5567 2624 5630 laturus,
2693 5566 2888 5634 inquo
2947 5578 3180 5634 sperans
3275 5560 3652 5632 imperatorias

2069 5659 2496 5716 conStitutionr-s
2523 5659 2900 5714 contemnitct
2927 5665 3112 5711 nostra
3161 5655 3335 5726 jussa.
3417 5649 3652 5707 Sanctus
