3994 6498
334 426 441 492 “9
1669 409 1932 473 MENSIE

2037 405 2283 468 ULIUS.
3496 396 3601 461 420

329 556 514 603 autem
548 544 720 607 Plato,
743 542 830 597 his
855 536 1076 600 auditis,
1103 534 1244 590 dixit
1279 547 1294 586 :
1323 528 1814 602 impudentissime
1859 536 1914 582 et

2037 522 2336 585 ιιαρώτατε
2374 519 2523 575 κύων
2567 518 2662 573 καὶ
2690 516 2946 588 βασάνων
2994 512 3303 586 κακουργὲ,
3330 514 3599 584 ἐπινοητά

340 636 769 694 sceleratissime
792 632 965 698 canis,
993 642 1259 683 novorum
1289 631 1687 681 tormentorum
1721 621 1915 675 inven-

2037 615 2359 685 ,Αγριππίνε
2387 615 2399 666 !
2429 613 2566 681 πρὺς
2590 610 2701 680 γὰρ
2733 608 2835 680 τὴν
2860 609 3188 677 προαίρεσιν
3210 607 3310 675 τὴν
3336 604 3396 670 ἐξ
3425 605 3605 676 ἀρχῆς

334 742 422 787 tor
460 741 516 785 et
544 728 883 796 excogitator
915 722 1214 794 Agrippino
1258 737 1272 774 :
1318 715 1716 772 convenienter
1769 713 1916 767 enim

2037 704 2254 775 επετέθη
2285 721 2368 758 σοι
2390 705 2489 758 καὶ
2525 703 2584 757 τὸ
2619 703 2791 771 ὄνομα
2813 716 2827 730 ο
2861 701 3056 771 ἄγριος
3092 699 3207 770 γάρ
3239 717 3324 761 τις
3344 698 3603 768 καθάπερ

334 833 429 879 tuo
450 822 614 877 animi
635 790 817 876 studio
840 827 897 873 et
918 790 1173 871 instituto
1192 813 1296 867 fuit
1314 812 1383 866 ab
1411 809 1570 865 initio
1585 807 1681 863 tibi
1719 822 1917 863 nomen

2037 802 2187 860 ’ππος
2218 798 2508 867 ὑπάρχεις,
2546 795 2881 865 ἀχαλίνωτος
2916 792 3233 863 κρεμνίζων
3259 792 3387 855 τοὺς
3407 790 3604 856 ἐξακο-

331 915 673 985 impositum.
711 912 781 966 Es
797 909 942 964 enim
965 906 1198 978 agrestis
1220 903 1443 974 quidam
1462 901 1646 970 lupus,
1671 906 1726 952 et
1754 896 1834 951 eff
1836 913 1918 948 re-

2037 891 2351 952 ιουθοῦντας
2372 892 2439 959 τῇ
2473 888 2747 959 μιαιφόνῳ
2770 903 2865 939 σου
2893 885 3112 956 γνώμῃ,
3132 882 3403 941 Τοσοῦτον
3427 885 3607 955 ὑπάρο

333 1016 495 1062 natus
518 1014 777 1072 tanquam
798 1014 977 1069 equus
1004 997 1325 1057 indomitus,
1391 1009 1487 1049 eos
1571 989 1921 1062 praecipitans

2037 1000 2139 1052 (εις
2173 982 2365 1052 ἄφρων
2392 981 2488 1034 καὶ
2516 978 2843 1050 ἐτυφλώθης
2868 977 3022 1049 παρὰ
3062 977 3159 1031 τοῦ
3210 977 3428 1046 πατρός
3484 993 3605 1040 σου,

334 1098 427 1168 qui
484 1104 792 1165 sequuntur
844 1091 1223 1162 impudentem
1270 1095 1327 1141 et
1374 1085 1696 1140 sceleratam
1774 1093 1919 1136 tuam

2037 1075 2118 1129 ιοῦ
2144 1076 2378 1137 Σατανᾶ,
2404 1075 2502 1128 καὶ
2521 1074 2621 1143 οὐχ
2645 1074 2779 1144 ὁρᾷς
2804 1071 2921 1135 πῶς
2956 1072 3051 1124 καὶ
3083 1074 3141 1124 ὲν
3169 1071 3286 1133 τοῖς
3315 1069 3609 1140 προτέροις

335 1199 597 1245 mentem.
643 1187 806 1241 Miser
834 1194 890 1240 et
956 1180 1170 1241 infelix,
1214 1192 1351 1234 esne
1405 1178 1541 1232 adeo
1610 1174 1813 1230 stultus
1869 1180 1922 1225 et

336 1282 626 1352 insipiens,
656 1286 714 1333 et
741 1284 1052 1334 excaecatus
1108 1289 1134 1326 a
1170 1286 1325 1341 patre
1366 1279 1462 1324 tuo
1506 1265 1757 1322 Satana?
1801 1262 1922 1318 Non

335 1376 511 1435 vides,
537 1367 998 1441 quemadmodum
1053 1362 1310 1419 Christus
1365 1359 1497 1413 mihi
1535 1360 1590 1412 in
1642 1355 1923 1426 prioribus

332 1463 508 1519 adfuit
542 1459 965 1522 tentationibus,
991 1465 1049 1512 et
1078 1470 1225 1509 nunc
1263 1467 1481 1522 quoque
1520 1449 1700 1513 adest,
1735 1448 1925 1501 levans

334 1571 489 1612 meos
544 1554 782 1616 labores,
836 1560 894 1606 et
958 1563 1158 1602 curans
1224 1547 1501 1615 plagarum
1556 1551 1736 1605 notas,
1800 1552 1926 1609 qum

336 1667 365 1703 a
398 1659 450 1702 te
480 1646 615 1701 mihi
648 1643 1071 1713 imprimuntur;
1118 1644 1205 1702 et,
1229 1647 1287 1692 ut
1338 1635 1505 1691 semel
1541 1634 1740 1696 dicam,
1778 1646 1926 1685 nun-

334 1755 498 1809 quam
530 1736 750 1806 reliquit
771 1749 866 1789 eos
898 1732 989 1803 qui
1019 1731 1121 1800 ipsi
1156 1726 1443 1785 serviunt?
1477 1725 1582 1779 Fac
1601 1739 1731 1794 ergo
1760 1737 1924 1793 quam

335 1829 625 1886 celerrime
674 1842 736 1881 ea
775 1840 897 1896 quae
950 1834 1041 1878 tuo
1087 1823 1283 1877 sedent
1325 1820 1531 1882 animo,
1582 1826 1639 1872 ut
1686 1832 1783 1887 per
1816 1826 1929 1870 tor-

2024 1170 2274 1238 παρέστη
2316 1184 2409 1239 μοι
2431 1183 2442 1196 ·
2478 1166 2576 1220 καὶ
2610 1169 2668 1219 ὲν
2697 1166 2812 1226 τοῖς
2841 1164 3128 1233 δευτέροις
3153 1163 3213 1215 δὲ
3252 1164 3609 1233 παρέστηκεν

2022 1264 2052 1314 ὁ
2077 1261 2335 1331 Χριστὸς,
2367 1258 2743 1327 ἐπικουφίζων
2769 1257 2899 1320 τοὺς
2929 1257 3134 1315 πόνους
3159 1255 3255 1307 καὶ
3274 1253 3608 1323 θεραπεύων

2024 1353 2151 1416 τοὺς
2185 1351 2339 1422 παρά
2366 1352 2455 1405 σοί
2482 1367 2575 1421 μοι
2603 1350 2945 1418 γενομένους
2976 1350 3086 1403 τῶν
3110 1347 3341 1417 πληγῶν
3366 1347 3569 1408 τόπους
3590 1360 3606 1375 °

2025 1446 2120 1499 καὶ
2154 1445 2345 1508 ἁπλῶς
2373 1444 2505 1514 ἐρῶ,
2534 1443 2802 1497 οὐδέποτε
2830 1441 3247 1511 καταλιμπάνει
3273 1441 3406 1501 τοὺς
3435 1436 3610 1492 αὐτοῦ

2025 1538 2267 1599 δούλους.
2292 1537 2444 1590 Ποίει
2468 1534 2563 1590 οὖν
2611 1536 2680 1589 τά
2712 1534 3108 1606 παριστάμενά
3156 1549 3239 1586 σοι
3269 1534 3328 1584 ὲν
3371 1531 3610 1595 τούτοις,

2031 1632 2117 1684 ἵνα
2150 1630 2245 1683 καὶ
2275 1628 2363 1683 διὰ
2391 1628 2501 1682 τῶν
2531 1627 2788 1699 βασάνων
2837 1628 2949 1680 τῶν
2996 1624 3471 1695 προσφερομένων
3517 1640 3613 1693 μοι

2029 1727 2123 1778 καὶ
2148 1723 2257 1779 τῶν
2291 1724 2573 1792 αίκισμῶν
2607 1719 2800 1792 γνώσῃ
2836 1720 2929 1774 τὸν
2990 1717 3296 1788 βοηθοῦντα
3347 1717 3609 1788 Χριστὸν,

2028 1816 2122 1871 τὸν
2150 1815 2306 1886 παρὰ
2331 1817 2434 1885 τῆς
2468 1814 2569 1884 σῆς
2595 1813 2880 1885 Θεομάχου
2905 1809 3156 1884 γλώττης
3183 1810 3279 1864 νῦν
3313 1809 3615 1881 ὑϐριζόμε-

337 1930 543 1986 menta,
580 1935 701 1990 quae
757 1918 889 1971 mihi
937 1914 1270 1976 inferuntur,
1325 1921 1381 1967 et
1430 1910 1683 1981 indignas
1717 1907 1924 1977 plagas,

2037 1926 2141 1964 νον.
2187 1908 2329 1972 Ἐγὼ
2357 1907 2469 1977 γὰρ
2505 1906 2614 1975 ἔχω
2637 1904 2737 1976 τὴν
2760 1902 2930 1959 αὐτοῦ
2955 1903 3208 1974 βοήθειαν
3236 1899 3615 1971 συνεργοῦσάν

336 2025 632 2081 cognoscas
667 2008 949 2061 Christum
1001 2004 1133 2057 mihi
1162 2017 1322 2072 opem
1374 2002 1536 2063 ferre,
1589 1999 1683 2069 qui
1721 2014 1753 2054 a
1800 2008 1917 2063 tua,

337 2115 457 2170 quas
482 2116 604 2154 cum
637 2100 748 2154 Deo
772 2104 1000 2169 pugnat,
1042 2096 1226 2165 lingua
1263 2108 1414 2148 nunc
1445 2091 1681 2146 afﬁcitur
1726 2099 1921 2145 contu-

2031 2017 2149 2070 μοι,
2190 2000 2287 2053 καλ⁵
2319 1998 2382 2052 ού
2410 1995 2803 2069 φοϐηθήσομαι
2855 2012 2951 2049 σου
2983 1995 3085 2059 τὰς
3119 1993 3357 2057 ἀπειλὰς
3389 1992 3485 2046 καὶ
3514 1992 3615 2053 τὰς

2026 2091 2321 2163 τιμωρίας.

308 2188 311 2191 ’
338 2195 520 2252 melia.
548 2193 660 2267 Ego
689 2193 837 2247 enim
866 2206 1086 2263 semper
1121 2191 1333 2245 habens
1362 2203 1546 2259 Opem,
1576 2202 1699 2257 qua:
1725 2188 1796 2243 ab
1818 2203 1884 2244 eo
1908 2187 2041 2242 mihi
2067 2187 2262 2255 fertur,
2291 2202 2402 2243 non
2426 2187 2633 2244 timebo
2672 2196 2795 2241 tuas
2829 2183 3028 2250 minas,
3069 2198 3251 2253 neque
3282 2182 3465 2238 varios
3490 2188 3618 2234 tuos

342 2299 642 2344 Cl‘llClaIUS.

411 2378 531 2434 XV.
568 2378 803 2433 Ministri
829 2384 1012 2433 autem
1042 2377 1263 2431 Satanae
1309 2375 1418 2432 cito
1444 2374 1698 2431 fecerunt
1752 2375 1925 2445 impe-

342 2481 486 2535 rata,
551 2479 608 2525 et
656 2470 1062 2540 quamprimum
1142 2477 1397 2537 tanquam
1457 2467 1753 2522 inauimam
1793 2481 1925 2521 eum

348 2572 639 2633 tangentes
680 2570 940 2625 statuam,
987 2560 1161 2615 sancti
1204 2560 1450 2615 membra
1491 2558 1926 2615 conscindebant

344 2652 1245 2722 immisericorditer,incipientes
1265 2653 1334 2707 ab
1367 2652 1633 2707 humeris.
1690 2651 1928 2707 Sanctus

344 2757 528 2801 autem
556 2747 709 2800 Plato
736 2745 952 2801 dicebat
988 2762 1002 2800 :
1037 2743 1367 2814 Exspectans
1394 2745 1693 2813 exspectavi
1744 2744 1927 2798 Domi-

346 2852 490 2901 num,
543 2845 591 2890 et
636 2837 861 2890 intendit
908 2835 1038 2889 mihi
1098 2844 1145 2888 et
1193 2836 1461 2889 exaudivit
1504 2834 1928 2906 deprecationem

2104 2374 2205 2429 IE'.
2242 2375 2307 2427 Oi
2336 2372 2394 2426 δὲ
2433 2373 2709 2442 ὑπηρέται
2738 2371 2938 2425 θᾶττον
2987 2371 3212 2425 ἐποίουν
3261 2370 3332 2424 τά
3375 2385 3623 2440 προσταο

2028 2466 2233 2539 χθέντα
2285 2467 2471 2530 αὐτοῖς
2520 2468 2615 2519 καὶ
2672 2466 2815 2536 μετά
2870 2464 3073 2518 πολλοῦ
3132 2464 3227 2518 τοῦ
3283 2464 3511 2534 τάχους,
3539 2461 3617 2525 ὡς

2029 2559 2241 2632 ἀψύχου
2275 2560 2592 2632 ἀνδριάντος
2617 2560 2941 2627 ἁπτόμενοι,
2964 2558 3210 2629 ἀνηλεῶς
3234 2557 3302 2611 τὰ
3327 2557 3422 2611 τοῦ
3454 2557 3620 2621 ἁγίου

2030 2654 2375 2723 κατέτεμνον
2404 2652 2540 2724 μέλη
2581 2652 2692 2707 ἀπὸ
2726 2652 2836 2705 τῶν
2863 2650 3037 2721 ὤμων
3093 2650 3421 2723 ἀρξάμενοι.
3474 2650 3533 2704 '0
3557 2650 3622 2704 δὲ

2034 2745 2193 2815 ἀγισς
2241 2746 2470 2800 Πλάτων
2518 2745 2741 2815 ελεγενο
2802 2745 3139 2815 Ὑπομὲνων
3190 2743 3486 2813 ὑπέμεινα
3511 2745 3625 2797 τὸν

2036 2840 2277 2907 Κύριον,
2310 2838 2409 2892 καί
2454 2841 2806 2907 προσέσχεν
2833 2854 2935 2908 μοι
2963 2836 3060 2892 καὶ
3094 2835 3465 2906 είσήκουσεν
3508 2834 3623 2903 τῆς

346 2946 520 2983 meam
580 2930 643 2983 ".
690 2929 922 3000 {Omnes
979 2938 1164 2982 autem
1234 2928 1330 2998 qui
1402 2943 1528 2983 eum
1592 2927 1932 2998 aspiciebant

2037 2929 2306 2997 δεήσεώς
2341 2949 2484 3000 μου.
2518 2931 2629 2984 Καὶ
2681 2930 2931 2993 ἀπαντες
2977 2934 3026 2985 oi
3061 2929 3399 3001 θεωροῦντες
3452 2929 3621 2982 αὐτὸν

348 3039 492 3093 aegre
539 3023 1035 3093 ferebantpropter
1071 3024 1120 3077 ei
1172 3022 1382 3078 illatum
1427 3022 1757 3079 cruciatum.
1802 3020 1932 3077 Erat

2038 3019 2448 3072 ἀπεδυσπέτουν
2474 3018 2564 3072 διὰ
2585 3022 2684 3091 τὴν
2708 3020 2987 3091 τιμωρίαν
3017 3020 3118 3093 τὴν
3150 3019 3621 3093 προσενεχθεῖσαν

352 3115 499 3168 enim
560 3113 891 3183 Agrippinus
965 3128 1129 3182 supra
1205 3113 1427 3167 modum
1497 3112 1837 3168 inhumanus
1874 3119 1932 3168 et

2037 3108 2192 3180 αὐτῷ
2219 3125 2231 3138 ·
2265 3103 2337 3179 ἦν
2365 3109 2472 3180 γὰρ
2500 3110 2531 3161 ό
2574 3110 2935 3180 Ἀγριππίνος
2959 3111 3412 3184 ύπερδαλλόντως
3444 3110 3622 3164 ἀπάν-

350 3201 516 3271 plane
559 3201 729 3255 ferus.
786 3201 1050 3272 Egregius
1091 3216 1220 3256 vero
1257 3202 1464 3257 Christi
1509 3203 1714 3257 athleta
1757 3202 1932 3270 Plato,

2043 3201 2283 3272 θρωπος.
2327 3202 2388 3255 '0
2407 3202 2462 3255 δὲ
2492 3205 2740 3269 γενναῖος
2763 3203 3005 3275 ἀθλητὴς
3026 3206 3121 3258 τοῦ
3153 3204 3391 3275 Χριστοῦ
3423 3203 3620 3272 ὥσπερ

354 3304 612 3363 tanquam
643 3295 809 3349 turris
836 3295 1083 3364 quaedam
1129 3310 1250 3365 quae
1280 3297 1547 3366 pulsatur,
1575 3297 1932 3352 inconcussus

2037 3310 2120 3356 τις
2152 3292 2361 3364 πύργος
2408 3292 2741 3363 βαλλόμενος
2793 3295 2889 3349 καὶ
2933 3296 3234 3360 ἀσάλευτος
3290 3299 3472 3366 μένων
3517 3299 3621 3348 καὶ

353 3402 586 3442 manens
608 3396 662 3441 et
678 3387 937 3441 immotus
958 3397 1186 3458 prepler
1204 3403 1358 3443 suam
1378 3387 1538 3443 fidem
1555 3389 1608 3442 in
1631 3388 1932 3456 Christum,

2037 3385 2463 3455 ἀμετακίνητος,
2512 3386 2572 3438 ἔν
2595 3385 2832 3454 ὀνείροις
2863 3385 3042 3440 ἐδόκει
3070 3387 3463 3458 βασανίζεσθαι
3492 3403 3505 3415 ·
3542 3386 3620 3455 μὴ

355 3481 633 3535 insomnis
650 3481 883 3550 quodam
893 3482 1052 3536 modo
1072 3481 1313 3551 torqueri
1331 3481 1639 3537 videbatur.
1660 3481 1772 3538 Hoc
1787 3485 1932 3537 enim

2037 3477 2314 3541 δειλιάσας
2347 3478 2457 3547 γὰρ
2481 3478 2583 3546 τὴν
2614 3477 2851 3549 βάσανον
2892 3481 3099 3548 ταύτην
3148 3479 3288 3551 μηδὲ
3329 3479 3622 3534 καταπλα-

356 3580 687 3625 tormentum
718 3587 830 3625 non
857 3570 1179 3637 formidans,
1226 3589 1406 3643 neque
1439 3576 1508 3628 ab
1543 3588 1610 3629 eo
1668 3574 1933 3645 obstupe-

356 3662 557 3726 factus,
581 3679 691 3718 non
727 3664 900 3717 solum
926 3664 1122 3734 pusillo
1158 3673 1214 3721 et
1241 3664 1454 3734 abjccto
1487 3666 1671 3720 animo
1691 3681 1798 3719 non
1819 3679 1937 3721 ces-

355 3757 469 3812 sit:
509 3757 604 3811 sed
636 3771 694 3812 se
748 3757 1046 3812 ostendens
1071 3757 1502 3829 magnanimum,
1532 3759 1711 3813 lorum
1765 3773 1932 3812 unum

357 3861 389 3900 e
424 3861 525 3902 suo
558 3847 728 3902 latere
765 3849 1015 3905 evulsum
1047 3865 1110 3904 ex
1162 3850 1228 3905 iis
1260 3866 1382 3919 qua:
1436 3851 1658 3906 lictores
1708 3865 1776 3905 ex
1814 3850 1936 3921 ejus

356 3950 594 4007 corpore
648 3938 1070 4001 abscindebant.
1124 3940 1356 4009 projecit
1404 3950 1533 3995 ante
1581 3941 1822 3995 tribunal
1847 3942 1937 4012 ju—

358 4028 517 4093 dicis.
581 4030 772 4085 dicens
831 4047 846 4086 :
907 4029 1368 4086 lnhumanissime
1420 4039 1475 4086 et
1517 4033 1774 4087 omnibus
1804 4032 1937 4088 feris

359 4120 576 4182 saevior,
604 4128 744 4185 esto,
766 4134 863 4175 cor
911 4128 1065 4175 tuum
1125 4129 1209 4175 est
1261 4120 1399 4175 adeo
1454 4130 1810 4188 excmcatum,
1874 4129 1938 4178 ut

357 4211 532 4266 Deum
560 4226 670 4267 non
687 4227 974 4281 agnoscas,
997 4212 1087 4281 qui
1123 4212 1192 4267 ad
1253 4227 1409 4267 suam
1468 4227 1572 4267 nos
1630 4213 1759 4268 fecit
1803 4214 1940 4268 ima—

360 4302 539 4373 ginem
585 4323 599 4358 :

361 4395 562 4465 quibus
589 4404 670 4459 tu,
697 4396 916 4451 obnoxii
958 4397 1430 4467 perpessionibus,
1466 4399 1610 4466 quod
1664 4401 1937 4454 membra-

2037 3575 2156 3644 γεὶς
2188 3575 2279 3628 ὑπ’
2308 3575 2502 3645 αὐτῆς,
2530 3578 2590 3630 ού
2629 3577 2794 3648 μόνον
2817 3578 2917 3631 οὐκ
2946 3577 3212 3633 ἐνέδωκεν
3239 3580 3614 3653 ὀλιγωρήσας,

2036 3668 2175 3721 ἀλλά
2208 3670 2320 3740 γὰρ
2354 3670 2448 3722 καὶ
2480 3669 2971 3741 μεγαλοψυχήσας,
3001 3670 3180 3744 λῶρον
3210 3673 3310 3726 ἕνα
3353 3675 3613 3728 ἀποσπά-

2038 3777 2139 3825 σας
2173 3763 2237 3814 ὲκ
2272 3762 2372 3832 τῆς
2423 3762 2592 3816 αὑτοῦ
2651 3764 2895 3833 πλευρᾶς
2946 3763 3006 3816 δν
3061 3766 3110 3817 οἱ
3162 3765 3350 3837 δήμιοι
3387 3765 3618 3835 ἔτεμνον

2039 3850 2148 3903 ἀπὸ
2177 3849 2277 3902 τοῦ
2318 3851 2576 3921 σώματος
2604 3851 2794 3916 αὐτοῦ,
2822 3850 3049 3923 ἔρριψεν
3094 3855 3200 3924 πρδ
3240 3853 3334 3907 τοῦ
3367 3852 3619 3925 βήματος

2036 3941 2131 3994 τοῦ
2157 3940 2419 3996 δικαστοῦ
2443 3943 2621 4012 λέγων
2645 3957 2659 3972 ⁶
2715 3943 3208 4014 Ἀσυμπαθέστατε
3265 3946 3361 3999 καὶ
3395 3948 3620 4001 πάντων

2030 4034 2244 4106 θηρίων
2288 4034 2619 4107 ἀγριώτατε,
2642 4038 2677 4107 ἡ
2705 4037 2902 4108 καρδία
2933 4055 3026 4091 σου
3051 4037 3225 4103 οὕτως
3257 4039 3617 4110 πεπώρωται,

2038 4129 2134 4180 καὶ
2155 4129 2244 4181 τὶν
2277 4127 2411 4181 Θεὸν
2435 4129 2535 4181 οὐκ
2563 4130 2975 4198 ἐπιγινώσκεις,
3008 4131 3103 4183 τὸν
3133 4129 3229 4183 καὶ
3262 4132 3449 4185 είκόνα
3479 4132 3618 4185 ίδίαν

2037 4219 2189 4291 ἡμᾶς
2220 4223 2566 4292 πεποιηκότα
2623 4221 2744 4286 πῶς
2792 4223 2917 4276 οὐδὲ
2973 4223 3034 4276 τὸ
3079 4222 3418 4292 ὁμοιοπαθὲς
3459 4223 3622 4294 σῶμα

660 4302 933 4372 quomodo
963 4317 1072 4357 non
1119 4303 1398 4359 misereris
1425 4305 1688 4373 corporis,
1740 4305 1932 4360 iisdem

2037 4313 2329 4382 οἰκτείρεις
2363 4314 2506 4367 κατά
2539 4315 2705 4386 μέρος
2733 4314 2935 4386 τέμνον
2955 4330 2970 4346 ’
2999 4315 3194 4384 τέρπει
3230 4331 3290 4367 σε
3318 4315 3351 4386 ἡ
3375 4315 3487 4367 τῶν
3523 4331 3623 4385 με·

2036 4406 2149 4459 λῶν
2178 4424 2279 4478 μου
2317 4407 2641 4475 κατακοπής
2669 4408 2858 4461 Ταῦτα
2895 4408 2949 4460 δὲ
2968 4406 3137 4476 λέγω,
3169 4407 3267 4477 οὐχ
3289 4405 3364 4470 ὡς
3397 4406 3620 4475 φεύγων

363 4488 457 4543 tim
493 4488 910 4543 conscinditur:
945 4490 1038 4542 sed
1053 4489 1144 4543 tibi
1169 4499 1252 4544 est
1274 4490 1536 4559 voluptati
1566 4493 1932 4547 membrorum

2037 4500 2100 4553 τὸ
2129 4501 2269 4570 ὑπὲρ
2317 4499 2607 4564 εὐσεϐείας
2647 4500 2966 4566 ἀποθανεῖν,
3003 4498 3140 4555 ἀλλά
3174 4498 3273 4569 τὴν
3330 4498 3430 4570 σὴν
3470 4498 3624 4569 ὠμό-

366 4595 610 4634 meorum
632 4579 949 4635 dissectio?
992 4578 1120 4635 Haec
1171 4588 1355 4635 autem
1412 4581 1554 4647 dico,
1616 4596 1728 4636 non
1750 4591 1812 4636 ut
1840 4582 1932 4651 qui

2044 4608 2185 4659 τητα
2213 4592 2382 4645 πᾶσιν
2416 4592 2587 4647 ποιῶν
2617 4591 2927 4663 κατάδηλον
2951 4610 2967 4624 ·
2999 4593 3121 4644 ἐπεὶ
3152 4590 3272 4653 πῶς
3327 4590 3498 4658 ἡδέως
3531 4590 3625 4644 διά

366 4678 567 4748 fugiam
610 4678 747 4732 mori
794 4693 898 4748 pro
946 4677 1169 4747 pietate,
1195 4677 1290 4732 sed
1341 4677 1722 4733 crudelitatem
1789 4681 1938 4728 tuam

360 4780 423 4825 et
457 4771 916 4825 inhumanitatem
966 4770 1189 4826 reddam
1246 4769 1504 4825 omnibus
1566 4767 1936 4822 manifestam.

365 4860 476 4933 Ego
508 4863 653 4917 enim
687 4874 912 4932 propter
939 4863 1219 4918 Christum
1248 4876 1431 4916 meum
1479 4861 1715 4915 libenter
1764 4861 1942 4930 patior

366 4952 553 5006 omnia
579 4951 738 5016 mala,
777 4968 898 5021 qua:
933 4951 1066 5006 mihi
1094 4968 1124 5005 a
1159 4961 1210 5005 te
1262 4950 1599 5013 inferuntur,
1614 4956 1672 5002 et
1707 4948 1943 5005 libenter

365 5046 612 5099 sustineo
629 5044 878 5100 dolorum
900 5045 1282 5107 acerbitatem,
1318 5042 1464 5096 utin
1510 5040 1695 5095 futuro
1742 5040 1942 5097 saeculo

363 5140 626 5189 aeternam
674 5133 951 5188 inveniam
990 5134 1258 5204 requiem.
1304 5131 1384 5186 Tu
1423 5141 1629 5195 autem,
1676 5146 1713 5185 ο
1746 5132 1944 5184 crude-

368 5224 577 5279 lissime
616 5233 671 5278 et
717 5225 1112 5279 immanissime
1161 5226 1346 5289 homo,
1396 5230 1619 5292 accepta
1666 5221 1809 5291 pelle
1834 5222 1943 5275 mei

368 5318 643 5388 corporis,
689 5332 808 5372 eam
861 5318 1005 5372 habe
1063 5327 1257 5372 testem
1297 5327 1405 5372 suae
1459 5314 1785 5385 impietatis,
1823 5327 1944 5382 quae

368 5418 424 5465 te
450 5410 616 5464 mittit
651 5408 719 5464 ad
772 5418 1137 5474 aaternum,et
1160 5409 1304 5479 quod
1377 5421 1660 5478 nunquam
1717 5403 1941 5469 desinit,

361 5502 722 5575 supplicium,
767 5517 892 5559 cum
950 5503 1258 5559 simulacris
1306 5503 1416 5559 tuis
1462 5510 1519 5558 et
1575 5499 1939 5556 daemonibus.

370 5597 518 5652 Dixit
549 5596 887 5669 Agrippinus
920 5615 934 5651 :
976 5597 1089 5652 Cur
1118 5611 1179 5652 es
1206 5595 1496 5667 insipiens,
1522 5604 1579 5651 et
1606 5595 1736 5651 odio
1771 5595 1942 5650 habes

299 5738 305 5750 .
372 5698 525 5747 tuum
550 5703 824 5760 eorpus.o
855 5688 1031 5755 Plato,
1055 5698 1112 5746 et
1136 5703 1248 5747 non
1279 5703 1459 5759 curas,
1494 5690 1642 5760 quod
1678 5689 1943 5747 intestina

484 5855 526 5888 "
557 5853 695 5910 Psai.
731 5870 856 5924 cxx,
886 5860 937 5925 1,
965 5857 1023 5915 2.

2043 4686 2135 4737 τὸν
2188 4683 2425 4755 Χριστὸν
2459 4684 2655 4756 πάσχω
2703 4685 2800 4738 καὶ
2852 4685 2921 4738 τὰ
2957 4683 3112 4755 παρὰ
3165 4681 3259 4735 σοῦ
3310 4684 3628 4753 ἐναγόμενα

2044 4774 2306 4845 ὑπομένω
2337 4772 2437 4846 τὴν
2485 4773 2596 4828 τῶν
2649 4774 2831 4827 πόνων
2870 4772 3158 4840 δεινότητα
3187 4771 3247 4824 οὐ
3276 4770 3488 4839 φεύγω,
3533 4770 3628 4824 ἵνα

2042 4868 2102 4919 ὲν
2134 4867 2213 4936 τῷ
2245 4867 2499 4937 μέλλοντι
2549 4865 2705 4921 αἰῶνι
2746 4866 2847 4937 τὴν
2871 4865 3058 4919 ἄνεσιν
3092 4865 3274 4933 sopor
3313 4863 3376 4917 σὺ
3408 4862 3467 4915 δὲ
3514 4864 3596 4916 ἀπ

2038 4959 2334 5030 ηνέστατε,
2365 4958 2662 5030 δεξάμενος
2709 4959 2811 5029 τὴν
2859 4960 2955 5011 τοῦ
2993 4958 3245 5028 σώματός
3291 4973 3392 5027 μου
3435 4955 3626 5027 δορὰν,

2042 5053 2305 5122 μάρτυρα
2365 5054 2467 5123 τῆς
2519 5049 2777 5116 ἀσεϐείας
2817 5051 2986 5121 ἔχεις,
3034 5049 3365 5120 πέμπουσάν
3413 5061 3474 5098 σε
3544 5046 3626 5105 είς

2044 5144 2275 5197 αίωνίαν
2301 5144 2400 5197 καὶ
2433 5144 2799 5215 ἀτελεύτητον
2828 5143 3056 5197 κόλασιν
3087 5144 3227 5213 μετὰ
3246 5142 3356 5195 τῶν
3381 5140 3625 5193 εἰδώλων

2046 5253 2162 5291 σου.
2206 5236 2564 5307 Ἀγριππῖνος
2597 5239 2734 5308 ἔφη·
2775 5237 2936 5291 Ἱνατί
2965 5236 3226 5299 ἀσύνετος
3257 5232 3327 5303 εἶ,
3363 5235 3459 5289 καὶ
3490 5233 3621 5304 ἐμί-

2047 5345 2218 5397 σησας
2248 5331 2308 5383 τὸ
2357 5332 2556 5384 ἑαυτοῦ
2592 5330 2775 5401 σῶμα,
2827 5330 2924 5383 καὶ⁸
2973 5330 3034 5383 οὐ
3078 5328 3391 5402 φροντίζεις
3441 5327 3523 5380 δτι
3554 5325 3624 5379 τά

2046 5423 2257 5488 ἔγκατά
2306 5440 2403 5476 σου
2436 5423 2523 5477 διὰ
2554 5423 2663 5476 τῶν
2714 5423 2969 5494 πλευρῶν
3004 5440 3101 5477 σου
3147 5424 3244 5477 σὺν
3301 5423 3369 5492 τῇ
3429 5421 3622 5490 κόπρῳ

2046 5515 2292 5584 φέρεται,
2347 5517 2464 5570 ἀλλ’
2519 5515 2602 5569 ἔτι
2642 5517 2740 5569 καὶ
2789 5515 2886 5569 νῦν
2931 5516 3290 5585 ἀναισθητεῖς
3319 5530 3332 5544 ⁸
3393 5514 3529 5583 πρὸς
3561 5513 3621 5565 δὲ

2044 5607 2277 5674 τούτοις,
2341 5609 2441 5661 οὐκ
2490 5608 2780 5679 ἀρκεσθεὶς
2832 5609 2944 5670 τοῖς
2998 5609 3316 5677 εἴρημένοις
3376 5623 3494 5671 σου,
3523 5605 3620 5658 νῦν

2045 5698 2147 5753 οὐκ
2174 5700 2395 5754 ἐπαύσω
2417 5699 2539 5763 τοὺς
2564 5699 2718 5763 θεοὺς
2743 5697 3046 5770 ἐνυϐρίζων
3085 5702 3175 5753 καὶ
3210 5697 3528 5770 παροξύνων
3556 5696 3614 5751 τ’»
