3994 6438
452 349 560 412 £23

1775 343 2060 405 MENSIS
2092 343 2395 406 IULIUS.

3605 344 3715 408 ιιι

458 471 517 515 ιιι
576 473 674 529 par
703 467 843 520 erat,
892 457 1063 512 audes
1120 472 1266 513 nunc
1295 458 1469 528 loqui,
1538 458 1752 514 violans
1811 458 2011 528 jussun

2130 456 2194 508 τὰ
2225 456 2629 527 προστάγματα
2658 456 2768 509 τῶν
2789 456 3070 525 βασιλέων.
3090 456 3265 512 Θῦσον
3293 459 3406 522 τοῖς
3427 458 3593 522 θεοῖς,
3623 462 3723 513 καὶ

456 548 889 621 imperatorum?
924 548 1056 603 Liba
1074 563 1204 618 ergo
1230 550 1353 611 diis,
1396 559 1452 604 et
1482 556 1536 605 te
1592 549 1895 604 dimittam.
1934 548 2028 601 Di-

453 646 535 701 xit
567 652 788 701 sanctus
809 643 962 699 Plato
996 643 1092 697 :Si
1133 658 1255 707 nos,
1307 644 1399 713 qui
1433 643 1519 713 pie
1565 643 1734 698 Deum
1777 642 2029 704 colimus,

454 738 734 808 punimur,
768 745 825 792 ut
855 736 952 806 qui
980 736 1362 790 existimemur
1401 735 1574 804 impii,
1606 750 1705 790 vos
1736 735 1827 804 qui
1859 733 2028 787 Deum

452 830 783 896 abhorretis,
839 839 895 885 et
937 845 1165 899 corpus,
1220 830 1368 899 quod
1423 839 1509 885 est
1560 830 1779 893 iisdem,
1831 829 2032 899 quibus

450 937 570 983 vos.
602 923 899 977 obnoxium
932 922 1400 993 perpessiouibus,
1438 922 1946 977 immisericorditer
1977 930 2033 976 et

449 1007 672 1079 indigne
696 1010 1253 1082 caeditiszquomodo
1309 1011 1703 1066 damnabimini
1760 1011 1817 1066 in
1878 1011 2031 1080 justo

450 1096 544 1152 Dei
567 1099 798 1169 judicio,
832 1100 886 1153 in
919 1100 1029 1166 die,
1068 1101 1122 1154 in
1158 1116 1262 1170 qua
1301 1101 1569 1171 judicabit
1601 1102 1757 1156 'Deus
1810 1100 2026 1156 occulta

448 1188 735 1246 hominum
768 1192 879 1246 “‘i
913 1193 1056 1248 Dixit
1078 1193 1447 1264 Agrippinus:
1471 1194 1608 1251 Fero
1631 1203 1683 1250 te
1714 1195 2028 1264 loquentem

448 1284 711 1338 audacter
764 1292 821 1338 et
878 1286 1242 1341 conﬁdenter.
1305 1286 1589 1350 Miserere,
1634 1302 1668 1339 o
1702 1286 2028 1341 charissime

448 1376 623 1440 Plato,
670 1387 778 1432 ture
834 1377 1081 1434 ﬂorentis
1131 1379 1340 1445 anatis;
1386 1380 1490 1434 hoc
1523 1379 1669 1433 enim
1718 1378 1824 1432 tibi
1879 1376 2031 1432 dedit

449 1466 691 1531 fortuna,
725 1484 845 1538 quae
862 1478 947 1523 est
970 1470 1216 1527 eiusdem
1242 1471 1484 1526 nominis
1514 1469 1764 1539 ;aspicio
1788 1469 1939 1524 enim
1974 1477 2028 1525 te

449 1560 609 1613 talem
641 1575 764 1615 esse
812 1560 1078 1627 futurum,
1108 1564 1287 1632 qualis
1333 1563 1424 1617 ille
1457 1563 1560 1617 fuit
1586 1560 2027 1632 sapientissimus

447 1655 623 1711 Plato.
684 1656 818 1711 Nam
880 1674 1005 1713 cum
1064 1659 1264 1712 fuisset
1325 1656 1582 1725 princeps
1644 1651 2022 1721 philosophia,

2134 545 2354 600 ἀπολύω
2385 565 2465 601 σε.
2507 547 2568 602 ’1)
2594 547 2750 615 ἅγιος
2781 547 3004 601 Πλάτων
3036 544 3190 602 εἶπεν
3210 566 3224 581 ·
3260 550 3321 602 Εἰ
3346 551 3508 619 ἡμεῖς
3534 550 3726 604 ηθροσεο

2134 635 2355 702 ϐοῦντες
2397 639 2601 692 ἀνόσιοι
2644 639 3031 709 ὐπονοούμενοι
3077 640 3437 708 κολαζόμεθα,
3472 642 3586 704 πῶς
3633 658 3722 694 σοι

2134 730 2598 800 καταδικασθῆναι
2635 729 2722 805 οἴῃ
2755 733 2812 783 ὲν
2842 733 2908 801 τῇ
2945 730 3317 803 δικαιοκρισίᾳ
3355 732 3450 784 τοῦ
3481 732 3617 786 Θεοῦ
3656 733 3718 784 ἐν

2134 824 2197 891 τῇ
2230 825 2434 892 ἡμέρα,
2462 826 2518 877 ὲν
2548 817 2583 897 ᾖ
2613 826 2798 895 κρινεῖ
2824 823 2852 876 ό
2887 823 3019 887 Θεὸς
3042 825 3111 878 τὰ
3135 826 3355 895 κρυπτά
3378 825 3488 876 τῶν
3510 824 3723 894 ἀνθρά-

2134 929 2291 979 πων;
2339 915 2698 983 Ἀγριππίνος
2736 915 2840 985 ἔφη
2866 929 2882 946 ο
2932 915 3224 985 ’Λνέχομαί
3264 934 3361 969 σου
3402 919 3719 987 παρρησια-

2134 1003 2384 1074 ζομένου,
2418 1006 2707 1077 οἰκτείρων
2730 1023 2823 1058 σου
2852 1008 2950 1076 τῆς
2978 1004 3196 1076 ἡλικίας
3228 1008 3370 1068 νέον,
3397 1006 3465 1058 δι’
3497 1009 3563 1077 ἣν
3589 1009 3723 1076 ἐχα-

2138 1098 2330 1166 ρίσατό
2366 1114 2447 1151 σοι
2480 1097 2803 1167 ὁμωνυμίαν
2835 1099 2867 1167 ἡ
2898 1098 3032 1169 τύχη
3059 1112 3073 1129 ⁸
3104 1099 3197 1151 καὶ
3226 1100 3335 1169 γὰρ
3363 1099 3604 1152 τοιοῦτόν
3658 1116 3717 1151 σε

2132 1188 2352 1242 ἔσεσθαι
2386 1189 2693 1261 προσδοκῶ,
2732 1187 2844 1255 οἷος
2881 1193 3091 1254 ἐκεῖνος
3128 1192 3156 1243 ὁ
3191 1192 3419 1244 Πλάτων
3443 1207 3457 1221 ’
3501 1190 3719 1258 φιλοσο-

2135 1281 2266 1350 φίας
2285 1281 2391 1353 γὰρ
2416 1282 2659 1352 ἀρχηγὸς
2681 1282 2941 1351 γεγονὼς,
2966 1281 3035 1335 τὰ
3053 1283 3160 1336 τῶν
3187 1282 3324 1336 θεῶν
3350 1284 3719 1349 συνεστήσατο

2133 1374 2377 1442 δόγματα
2402 1413 2418 1440 ,
2450 1375 2531 1428 διὸ
2565 1374 2659 1428 καὶ
2692 1376 2853 1445 λόγου
2894 1374 3094 1429 πολλοῦ
3132 1374 3467 1446 μεταδίδωμί
3501 1392 3584 1428 σοι
3618 1376 3719 1427 καὶ

2132 1468 2340 1520 εὐνοεῖν
2383 1483 2441 1520 σε
2473 1469 2568 1521 ἐπὶ
2600 1471 2712 1532 τοῖς
2742 1470 2885 1532 θεοῖς
2916 1468 3273 1538 συμϐουλεύω
3301 1469 3395 1521 καὶ
3430 1467 3717 1521 ἀνελέσθαι

2133 1573 2193 1610 σε
2220 1556 2312 1610 τὸν
2342 1556 2528 1626 νόμον,
2560 1557 2620 1610 ὃν
2654 1560 2703 1611 οἱ
2738 1559 3145 1630 αὐτοκράτορες
3175 1558 3388 1611 ἔθεντοσ
3420 1556 3716 1629 πεισθῆναι

2133 1651 2189 1703 δὲ
2227 1652 2321 1705 καὶ
2350 1654 2469 1715 ταῖς
2502 1654 2663 1722 ἐμαῖς
2696 1654 3105 1723 παραινέσεσιν.
3141 1654 3204 1705 Et
3233 1653 3289 1706 δὲ
3329 1650 3404 1722 μὴ
3434 1650 3715 1715 πεισθεὶς,

445 1747 673 1802 deorum
722 1749 978 1820 dogmata
1008 1750 1319 1806 constituit.
1369 1746 1740 1813 Quamobrem
1779 1744 2011 1813 benigne

2129 1742 2364 1810 γίνωσκε
2401 1743 2483 1797 ὅτι
2517 1745 2827 1812 ἀναγκάσαι
2868 1761 2927 1798 σε
2956 1743 3063 1814 ἔχω
3094 1743 3371 1814 διαφόροις
3409 1745 3504 1797 καὶ
3552 1759 3715 1812 στρε-

447 1845 626 1891 tecum
656 1839 866 1908 loquor,
889 1848 945 1895 et
967 1841 1195 1895 consulo
1223 1848 1283 1894 ut
1308 1839 1383 1893 sis
1419 1838 1688 1908 benignus
1719 1835 1776 1889 in
1810 1835 1944 1889 deos
1984 1851 1998 1886 :

442 1934 498 1981 et
521 1928 665 1999 leges
700 1932 990 2002 suscipias,
1015 1948 1152 2003 quas
1184 1932 1288 2001 ipsi
1341 1930 1588 1984 tulerunt
1637 1928 2017 1998 imperatores,

441 2028 498 2073 ct
525 2022 663 2076 meis
702 2039 897 2092 pareas
927 2024 1419 2080 admonitionibus.
1439 2022 1494 2076 Si
1528 2022 1662 2077 mihi
1697 2030 1877 2075 autem
1910 2035 2020 2073 non

450 2111 725 2176 parueris,
758 2113 900 2168 scias
921 2122 1130 2183 aperte,
1167 2114 1285 2169 fore
1328 2122 1385 2168 ut
1421 2127 1522 2183 ego
1581 2120 1633 2167 te
1662 2124 1849 2177 cogam
1917 2110 2021 2164 hoc

2140 1833 2449 1903 ὁλωτέραις
2478 1835 2774 1906 τιμωρίαις
2802 1835 2961 1890 τοῦτο
2989 1836 3234 1906 ποιῆσαι,
3263 1835 3337 1898 ὡς
3357 1834 3714 1904 ψευδώνυμον

2131 1926 2367 1994 ὀξθέντα
2438 1926 2721 1991 Πλάτωνος
2786 1928 2881 1982 τοῦ
2942 1928 3209 1999 μεγίστην
3269 1927 3590 1998 φιλοσοφίαν
3652 1928 3715 1979 ὲν

2131 2018 2440 2086 ἀνθρώποις
2471 2020 2856 2091 κτησαμένου,
2904 2020 3219 2092 ἀγνώμονός
3264 2039 3359 2075 σου
3408 2021 3713 2093 δειχθέντος

2130 2109 2260 2179 περὶ
2289 2111 2414 2172 τοὺς
2445 2109 2621 2174 θεούς.

440 2197 624 2256 facere
655 2202 889 2260 diversis
931 2216 986 2261 et
1016 2208 1226 2262 acerbis
1258 2207 1565 2277 suppliciis,
1596 2214 1657 2260 ut
1692 2204 1783 2274 qui
1821 2202 1959 2257 falso
1990 2201 2066 2257 sis
2104 2203 2410 2272 appellatus
2462 2204 2614 2260 Plato
2647 2223 2661 2261 :
2694 2206 2835 2277 ejus,
2867 2206 3114 2277 inquam,
3166 2207 3389 2263 nomine
3421 2215 3706 2277 suscepto.

443 2295 534 2363 qui
570 2296 713 2352 inter
732 2298 984 2357 homines
1012 2303 1301 2358 maximam
1333 2303 1434 2358 sibi
1463 2300 1676 2373 paravit
1717 2298 2140 2371 philosophiam,
2197 2316 2321 2355 cum
2348 2311 2409 2354 tu
2453 2300 2509 2354 in
2543 2302 2676 2358 deos
2706 2303 2950 2374 ingratus
2987 2303 3247 2359 evaseris.

516 2388 705 2447 XVIll.
742 2392 949 2448 Christi
980 2406 1164 2450 autem
1229 2413 1392 2452 verus
1427 2413 1492 2451 ac
1513 2410 1807 2467 germanus
1854 2394 2016 2448 miles

442 2477 592 2535 Plato
616 2482 753 2537 dixit
793 2500 807 2537 :
851 2485 1019 2541 Valde
1049 2504 1302 2560 magnum
1326 2488 1695 2544 soloecismum
1748 2486 2014 2552 admittis,

440 2574 1127 2645 oAgrippine,err‘ansiu
1185 2581 1439 2636 veritate.
1494 2580 1630 2635 Nam
1689 2596 1813 2635 cum
1863 2586 2017 2649 pater

440 2675 567 2720 tuus
600 2667 833 2724 Satanas
862 2671 933 2726 ab
963 2672 1118 2727 initio
1180 2671 1346 2727 fuerit
1392 2672 1762 2742 perniciosus,
1818 2671 2017 2726 merito

445 2769 501 2811 tu
534 2774 774 2830 quoque,
802 2763 894 2830 qui
918 2778 982 2817 es
1017 2765 1137 2834 ejus
1163 2765 1436 2830 minister,
1466 2764 1600 2820 facis
1630 2763 1682 2820 ei
1733 2763 2010 2825 similiter,

438 2857 495 2901 et
520 2856 572 2902 te
602 2848 657 2902 in
689 2849 810 2918 ejus
840 2867 1066 2907 exerces
1095 2854 1426 2909 ai-t'onibus.
1485 2856 1803 2910 Daemonum
1865 2854 2011 2908 enim

438 2937 714 2995 fortunam
780 2943 997 2997 invehis
1032 2945 1084 2998 in
1123 2944 1373 3001 homines
1396 2945 1760 3011 Christianos,
1791 2947 1885 3016 qui
1917 2961 2019 3002 nec

441 3028 586 3085 ferre
614 3034 835 3101 quidem
852 3045 1082 3105 possunt
1106 3038 1295 3093 audire
1328 3038 1531 3109 aliquid
1566 3039 1855 3108 ejusmodi.
1876 3037 2010 3093 Sum

438 3135 569 3193 ergo
594 3124 844 3194 ejusdem
881 3129 1102 3198 quidem
1148 3131 1408 3195 nominis,
1458 3131 1618 3200 cujus
1670 3132 1870 3186 Plato:
1915 3131 2010 3186 sed

436 3229 547 3268 non
581 3230 701 3271 sum
738 3218 935 3274 iisdem
966 3221 1214 3277 moribus
1235 3223 1523 3292 przeditus.
1552 3222 1700 3288 Quos
1723 3223 1867 3277 enim
1897 3238 2017 3279 mo-

437 3319 527 3361 res
555 3322 662 3361 non
698 3311 1068 3381 conjungunt,
1106 3328 1175 3367 ne
1229 3329 1431 3368 nomen
1468 3314 1693 3384 quidem
1753 3329 1848 3370 eos
1876 3330 2013 3369 con-

431 3398 606 3461 ciliat,
626 3415 805 3470 neque
825 3402 975 3458 locus
998 3404 1234 3473 c0pnlat,
1256 3405 1359 3459 nisi
1381 3406 1555 3461 solum
1586 3406 1782 3474 pictas.
1806 3406 2012 3473 Quant-

434 3492 621 3545 obrem
682 3494 828 3548 nulla
889 3497 943 3549 iu
980 3497 1055 3550 rei
1078 3495 1126 3550 ei
1171 3496 1364 3551 similis
1394 3513 1513 3551 sum
1566 3498 1743 3564 Plato,
1788 3508 2013 3568 [ιι-αξιοι*-

432 3598 594 3652 quam
618 3585 673 3639 in
696 3586 812 3641 solo
827 3587 1068 3641 nomine:
1098 3588 1206 3644 hoc
1227 3598 1409 3643 autem
1433 3590 1565 3645 mihi
1595 3592 1739 3660 piam
1766 3601 2009 3646 mentem

432 3691 714 3746 nunquam
744 3679 942 3749 poterit
965 3680 1185 3735 laedere.
1245 3680 1311 3736 Et
1369 3697 1469 3753 ego
1515 3683 1737 3752 quidem
1776 3698 2010 3739 exerceo

431 3785 576 3834 eam,
609 3785 727 3839 quae
753 3781 834 3825 est
869 3771 921 3825 in
948 3772 1189 3835 Chl‘iSlO,
1227 3773 1628 3844 philosophiam
1668 3793 1684 3829 :
1722 3776 1868 3830 illius
1908 3793 2010 3831 au—

432 3868 540 3913 tem
578 3861 921 3930 philosophia
955 3871 1037 3918 est
1089 3863 1232 3931 apud
1276 3863 1445 3917 Deum
1505 3881 1687 3921 meum
1755 3867 2005 3921 stultitia.

433 3949 706 4020 Scriptum
736 3963 821 4005 est
857 3955 1003 4007 enim
1029 3971 1043 4007 :
1076 3954 1309 4009 Perdam
1331 3958 1651 4023 sapientiam
1682 3961 2004 4028 sapientum,

427 4051 479 4095 et
531 4044 862 4113 prudentiam
895 4046 1213 4112 prudentum
1239 4047 1453 4100 abolebo
1483 4048 1547 4102 ¹⁶.
1600 4048 1736 4103 Nam
1774 4051 2004 4105 deorum

430 4138 703 4204 dogmata,
736 4151 857 4206 qua:
884 4137 995 4203 ille,
1031 4148 1091 4191 ut
1120 4138 1281 4205 dicis,
1338 4140 1543 4208 posuit,
1579 4151 1706 4194 sunt
1758 4140 1907 4196 falsa:
1953 4151 2009 4197 et

428 4225 569 4279 ficta:
610 4224 823 4291 fabulae,
877 4242 997 4296 qua:
1021 4228 1417 4282 adumlirantur
1440 4232 1769 4299 deceptione
1796 4233 2004 4288 daemo-

428 4333 583 4383 num,
655 4320 750 4385 qui
803 4319 1004 4373 animis
1053 4319 1295 4374 alien-unt
1350 4322 1657 4386 interitum,
1700 4333 1755 4378 et
1813 4330 2006 4381 verbo-

426 4425 548 4462 rum
607 4411 807 4464 astutia
845 4421 1050 4466 t'estras
1082 4422 1299 4467 mentes
1327 4423 1686 4479 cxcercantcs,
1719 4417 2005 4473 abducunt

424 4518 453 4556 a
502 4503 853 4573 simplicitate
912 4505 1060 4570 ﬁdei,
1095 4521 1215 4573 quae
1243 4515 1328 4560 est
1356 4507 1407 4558 in
1439 4505 1738 4563 Christum.

494 4594 637 4649 XIX.
673 4595 962 4666 Postquam
1019 4606 1200 4651 autem
1227 4610 1500 4654 cessasset
1564 4600 1710 4670 loqui
1772 4612 1999 4674 martyr,

422 4689 541 4758 ejus
607 4688 829 4758 quidem
866 4704 1129 4758 responso
1178 4691 1597 4761 obstupefactus
1637 4695 1998 4764 Agrippinus,

421 4780 621 4833 mansit
660 4790 863 4840 mutus,
900 4796 1009 4835 non
1034 4781 1219 4835 valens
1246 4781 1297 4835 ei
1326 4782 1679 4850 respondere.
1740 4787 1876 4839 Cum
1902 4800 1998 4840 au-

428 4882 535 4926 tem
566 4872 726 4940 paulo
754 4881 878 4941 post
905 4873 1166 4943 jussisset
1188 4888 1311 4928 eum
1345 4874 1413 4928 de
1439 4874 1586 4944 ligno
1621 4875 1849 4946 deponi,
1901 4893 1996 4949 ag-

428 4976 646 5033 gressus
672 4971 752 5015 est
785 4976 908 5015 eum
937 4977 1127 5016 rursus
1184 4963 1397 5017 blandis
1435 4966 1619 5020 verbis
1671 4969 1992 5034 admonere,

425 5052 503 5107 sic
552 5052 738 5106 dicens
773 5068 790 5105 :
847 5052 956 5124 Ego
986 5054 1053 5108 de
1109 5064 1328 5117 αξιοι-ο,
1363 5071 1396 5109 o
1446 5056 1621 5120 Plato,
1665 5060 1811 5128 quod
1845 5061 1910 5115 ad
1944 5071 1996 5115 te

418 5143 634 5214 quidem
675 5145 888 5222 attinet,
921 5162 1039 5201 sum
1079 5147 1236 5217 plane
1279 5148 1684 5213 animidubins,
1726 5170 1829 5209 nec
1878 5156 1993 5211 scio

411 5234 543 5306 quid
601 5235 827 5291 debeam
881 5237 1079 5293 facere.
1128 5238 1232 5304 Qui
1270 5240 1453 5310 itaque
1483 5251 1534 5297 te
1595 5246 1780 5299 multis
1832 5248 1990 5303 aﬂ'eci

411 5327 772 5389 trucialibus,
799 5344 901 5384 nec
930 5330 1225 5400 quidquam
1257 5331 1435 5398 elTeci,
1459 5343 1514 5388 et
1549 5336 1773 5391 adhibui
1834 5339 1990 5392 blan-

410 5415 594 5480 d‘tias,
616 5425 672 5471 et
706 5418 812 5473 hoc
832 5418 966 5471 nihil
1008 5418 1236 5489 profuit,
1270 5436 1419 5474 nunc
1446 5423 1609 5476 statui
1634 5424 1840 5494 aliquot
1868 5426 1988 5482 dies

413 5507 508 5560 tibi
536 5508 857 5565 concedere.
892 5510 1053 5566 Forte
1099 5527 1223 5567 (um
1268 5513 1347 5568 sic
1403 5515 1690 5584 agnoveris
1725 5517 1797 5577 id,
1838 5519 1982 5587 quod

407 5606 493 5651 est
518 5598 612 5653 tibi
648 5600 801 5666 utile,
836 5600 977 5658 hanc
1001 5611 1147 5658 tuam
1179 5605 1458 5676 relinques
1493 5607 1878 5676 pervicaciam,
1929 5619 1984 5665 ct

517 5771 562 5802 “
591 5772 750 5831 Rom.
779 5791 840 5842 ιι,
877 5778 963 5836 l6.
1072 5782 1115 5815 ¹⁶
1148 5781 1251 5838 lsa.
1294 5797 1440 5854 XX“,
1466 5786 1528 5840 li
1556 5803 1571 5856 ;
1603 5805 1617 5843 I
1645 5789 1769 5845 Cor.
1806 5789 1846 5859 Ι,
1884 5791 1965 5847 t9.

2189 2391 2295 2449 ιη’.
2338 2394 2395 2449 '0
2414 2396 2470 2450 δὲ
2487 2394 2657 2459 ὅντως
2678 2397 2901 2467 γνήσιος
2921 2395 3015 2449 τοῦ
3036 2394 3272 2465 Χριστοῦ
3297 2394 3545 2466 μαθητὴς
3571 2394 3715 2449 [Ιλά’

2118 2503 2226 2539 των
2258 2481 2411 2539 εἶπεν
2436 2501 2451 2520 ο
2502 2486 2857 2550 Σολοικίζεις,
2907 2486 3252 2557 ’Δγριππῖνε,
3299 2484 3505 2553 σφόδρα
3536 2482 3716 2552 σφαλ-

2117 2575 2346 2648 λόμενος
2372 2595 2439 2630 πε
2451 2578 2501 2645 p‘t
2532 2579 2631 2647 τὴν
2660 2576 2919 2649 ἀλήθειαν
2938 2594 2954 2610 ο
2980 2576 3075 2631 τοῦ
3103 2577 3211 2647 γὰρ
3251 2575 3457 2646 πατρός
3486 2591 3580 2628 σου
3612 2574 3711 2628 τοῦ

2118 2669 2333 2723 Σατανᾶ
2374 2669 2652 2738 λυμεῶνος
2686 2671 3075 2740 τυγχάνοντος,
3110 2669 3335 2732 εἰκότως
3366 2669 3459 2721 καὶ
3493 2668 3558 2721 σὺ
3606 2668 3713 2721 αὒ-

2122 2757 2217 2810 τοῦ
2254 2758 2517 2830 ὑπάρχων
2553 2760 2862 2830 ὑπουργὸς,
2891 2760 2960 2813 τὰ
3005 2760 3168 2830 ὅμοια
3199 2759 3347 2827 αύτῷ
3380 2757 3713 2828 διαπράττει

2123 2848 2216 2899 καὶ
2244 2849 2341 2911 τὰς
2396 2849 2621 2920 πράξεις
2679 2849 2846 2904 αὐτοῦ
2903 2851 3171 2923 μελετᾷς·
3206 2851 3377 2920 τύχην
3400 2850 3508 2921 γὰρ
3563 2866 3712 2919 παρ-

2121 2934 2394 3001 εισφέρεις
2451 2936 2725 3007 δαιμόνων
2795 2938 3109 3009 ἀνθρώποις
3164 2941 3511 3010 Χριστιανοίς
3590 2940 3713 2999 τοῖς

2132 3025 2266 3095 μηδὲ
2294 3026 2525 3081 ἀκοῦσαί
2558 3047 2610 3082 τι
2642 3030 2883 3085 τοιοῦτον
2926 3032 3275 3103 ἀνεχομένοις
3312 3032 3459 3086 ποτέ.
3492 3030 3712 3084 Οὐκοῦν

2116 3113 2406 3185 ὁμώνυμός
2436 3121 2550 3188 είμι
2575 3120 2882 3189 Πλάτωνος,
2909 3122 3213 3195 ὁμότροπος
3231 3122 3285 3176 δὲ
3304 3122 3406 3176 οὐκ
3430 3121 3546 3191 εἰμί
3568 3135 3583 3151 ·
3606 3119 3713 3177 οὓς

2119 3206 2226 3277 γὰρ
2268 3208 2331 3262 οὐ
2377 3209 2638 3264 συνάπτει
2667 3214 2887 3283 τρόπος,
2936 3213 3054 3267 οὐδὲ
3097 3213 3267 3284 ὄνομα
3314 3214 3535 3277 τούτους
3576 3231 3715 3270 συν-

2120 3296 2319 3367 ίστησι.
2354 3300 2412 3351 Ὀ
2474 3300 2532 3353 δὲ
2552 3302 2752 3371 τρόπος
2806 3302 3125 3372 συζευγνύει
3145 3342 3158 3366 ,
3189 3305 3237 3357 εἰ
3263 3304 3339 3374 μὴ
3364 3304 3522 3374 μόνον
3548 3308 3716 3357 εὐσέ-

2117 3388 2260 3459 ϐεια,
2288 3390 2429 3445 ὥστε
2462 3393 2539 3457 είς
2569 3394 2722 3447 οὐδὲν
2749 3394 2941 3457 ἐοικώς
2967 3396 3084 3466 ειμι
3107 3397 3377 3463 Πλάτωνι,
3409 3398 3458 3450 εί
3491 3397 3566 3467 μὴ
3598 3400 3713 3466 μό-

2115 3498 2203 3535 νον
2236 3484 2375 3535 κατὰ
2398 3483 2456 3536 τὸ
2485 3485 2655 3555 ὄνομα
2682 3485 2840 3539 τοῦτο
2871 3485 3071 3557 βλάψαι
3106 3505 3210 3556 μου
3239 3488 3332 3540 τὸν
3366 3487 3563 3557 εύσεϐῆ
3607 3487 3714 3540 λο-

2113 3574 2312 3643 γισμὸν
2369 3574 2430 3627 ού
2484 3575 2709 3630 δύναται
2768 3576 3026 3632 πώποτε·
3089 3578 3411 3648 φιλοσοφίαν
3470 3578 3581 3646 γὰρ
3646 3579 3715 3629 ἐν

2111 3664 2335 3737 Χριστῷ
2361 3667 2718 3738 μετέρχομαι·
2755 3668 2859 3739 ἠδὲ
2891 3669 3097 3723 ἐκείνου
3127 3668 3415 3737 φιλοσοφία
3443 3667 3597 3738 παρὰ
3621 3670 3714 3739 τῷ

2112 3756 2232 3827 Θεῷ
2265 3759 2444 3828 μωρία
2472 3761 2622 3813 ἐστὶν
2653 3761 2745 3814 καὶ
2782 3761 3061 3824 ἀπωλείας
3088 3761 3346 3832 πρόξενος
3376 3763 3483 3824 τοῖς
3516 3761 3713 3814 πειθο-

2114 3847 2299 3918 μένοις
2357 3850 2494 3919 αὑτῇ
2532 3866 2545 3880 ·
2577 3851 2891 3923 γέγραπται
2945 3853 3054 3921 γὰρ
3081 3866 3094 3879 ·
3131 3850 3364 3905 Ἀπολῶ
3424 3849 3537 3917 τὴν
3585 3868 3712 3903 σο-

2111 3940 2258 4008 φίαν
2289 3939 2407 3993 τῶν
2435 3940 2663 4010 σοφῶν,
2708 3942 2804 3995 καὶ
2838 3942 2952 4010 τὴν
2990 3943 3250 3996 σύνεσιν
3275 3942 3392 3996 τῶν
3420 3942 3712 3998 συνετῶν

2110 4032 2408 4098 ἀθετήσω.
2441 4033 2522 4087 Τὰ
2565 4035 2675 4105 γὰρ
2707 4036 2955 4104 δόγματα
2984 4036 3093 4089 τῶν
3128 4035 3266 4088 θεῶν
3295 4035 3331 4090 ἀ
3373 4038 3442 4089 ’σὺ
3487 4036 3643 4103 λέγει
3658 4056 3705 4099 ς,

2110 4123 2312 4184 ἐκεῖνος
2342 4121 2495 4174 ἔθετο
2519 4122 2709 4192 μύθοις
2732 4125 2983 4193 ψευδέσιν
3011 4124 3105 4177 καὶ
3129 4126 3569 4196 πεπλανημένοις
3588 4143 3603 4156 ·
3628 4132 3708 4198 τῇ

2108 4213 2217 4282 γὰρ
2251 4213 2434 4285 ἀπάτῃ
2466 4213 2573 4266 τῶν
2604 4216 2875 4284 δαιμόνων
2907 4216 3014 4270 τῶν
3031 4218 3387 4287 ψυχοφθόρων
3423 4236 3668 4286 στοιχεισι
3689 4250 3709 4263 -

2108 4305 2354 4374 ξάμενος,
2405 4307 2501 4358 καὶ
2557 4306 2757 4371 πάντες
2798 4310 2847 4361 oi
2892 4311 3015 4362 κατ’
3062 4312 3222 4364 αὐτον
3267 4310 3592 4379 τυφλοῦντες
3619 4313 3708 4367 τὰ

2107 4398 2357 4465 νοήματα
2397 4397 2551 4467 ὑμῶν
2588 4398 2676 4452 διὰ
2716 4403 2813 4465 τῆς
2852 4403 3197 4474 πανουργίας
3238 4404 3348 4456 τῶν
3383 4403 3553 4472 λόγων
3581 4405 3705 4459 ἀπὸ

2031 4503 2075 4558 ι)
2107 4486 2204 4556 τῆς
2234 4487 2534 4557 ἁπλότητος
2564 4492 2664 4558 τῆς
2699 4491 2778 4553 είς
2808 4492 2899 4543 τὸν
2935 4493 3169 4563 Χριστὸν
3197 4495 3511 4566 ἀπήγαγον.

2173 4597 2272 4655 ΙΘ’.
2304 4601 2457 4653 Μετὰ
2492 4601 2548 4654 δὲ
2592 4601 2649 4653 τὸ
2671 4601 2982 4656 παύσασθαι
3000 4606 3090 4657 τὸν
3123 4607 3376 4678 μάρτυρα
3400 4606 3701 4671 λαλοῦντα,

2102 4691 2240 4762 πρὸς
2272 4691 2371 4762 μὲν
2400 4693 2580 4760 ὀλίγον
2612 4694 2908 4763 ἐκπλαγεὶς
2946 4698 2974 4748 ὀ
3014 4697 3372 4767 ’Λγριππῖνος
3413 4700 3512 4769 τὴν
3548 4700 3702 4753 ἀπό-

2102 4800 2281 4851 κρισιν
2310 4784 2471 4859 αὐτοῦ
2501 4784 2695 4855 ἔμενεν
2723 4787 2854 4849 τέως
2873 4789 3244 4857 ἀποκριθῆναι
3270 4791 3344 4860 μὴ
3363 4791 3697 4859 δυνάμενος.

2099 4874 2282 4944 Βραχὺ
2306 4874 2361 4927 δὲ
2382 4874 2641 4939 κελεύσας
2664 4875 2773 4929 ἀπὸ
2789 4877 2883 4931 τοῦ
2908 4878 3067 4943 ξύλου
3086 4880 3246 4932 αὐτὸν
3271 4882 3696 4954 κατενεχθῆναι,

2096 4967 2422 5037 ἐπεχείρησε
2468 4968 2627 5021 πάλιν
2650 4969 2833 5037 λόγοις
2872 4971 3239 5035 ἐπαινετικοῖς
3281 4973 3488 5028 πείθειν
3518 4977 3696 5031 αὑτὸν

2094 5056 2266 5124 λέγων
2289 5075 2301 5088 ·
2366 5059 2505 5126 Ἐγὼ
2544 5059 2752 5125 λοιπὸν,
2787 5062 3033 5125 Πλάτων,
3068 5064 3257 5134 ἀπορῶ
3305 5066 3371 5117 τὰ
3404 5069 3531 5135 περὶ
3584 5068 3691 5120 σοῦ

2099 5152 2192 5204 καὶ
2232 5151 2341 5223 οὐκ.
2364 5148 2480 5205 οἶδα
2511 5154 2561 5207 τί
2590 5154 2790 5223 ὀφείλω
2810 5155 3233 5226 διαπράξασθαι.
3258 5159 3413 5212 Ἐπεὶ
3456 5157 3550 5213 οὖν
3586 5165 3693 5217 καὶ

2091 5241 2360 5311 τιμωρίας
2389 5242 2585 5302 πολλὰς
2612 5245 2914 5314 ἐπήγαγον,
2959 5248 3051 5300 καὶ
3079 5247 3234 5301 οὐδὲν
3274 5250 3436 5302 πλέον
3477 5253 3687 5321 ἤνυσα,

2090 5334 2184 5387 καὶ
2207 5334 2492 5398 κολακείας
2524 5338 2860 5407 προσέθηκα,
2894 5340 2988 5392 καὶ
3026 5341 3145 5394 οὐδὲ
3174 5341 3348 5406 οὕτως
3386 5344 3683 5414 ὠφέλησα.

2094 5426 2187 5480 νύν
2216 5427 2536 5497 ἐσκεψάμην
2567 5429 2804 5483 ἐνδοῦναί
2831 5448 2912 5484 σοι
2940 5433 3152 5503 ἡμέρας
3186 5434 3370 5499 τινὰς,
3404 5436 3533 5498 ἴσως
3571 5441 3685 5493 κᾶν

2091 5520 2266 5584 οὕτως
2322 5524 2563 5592 ἐπιγνῳς
2607 5526 2668 5575 τὸ
2711 5525 3135 5593 συμφέρον,καὶ
3182 5528 3522 5598 καταλείψας
3572 5532 3681 5600 τὴν

2092 5613 2342 5669 ἓνστασίν
2375 5631 2467 5668 σου
2501 5613 2704 5685 ταύτην
2736 5618 3053 5681 ποοσέλθοι;
3083 5622 3193 5684 τοῖς
3222 5621 3319 5691 τὴν
3342 5621 3678 5693 οἰκουμένην
