3994 6428
534 362 644 428 ᾹΞῚ

1867 363 2154 426 MENSIS
2191 364 2493 429 IULIUS.

3702 359 3803 423 (28

538 480 682 537 beati
724 479 968 538 Platonis
1003 480 1250 553 reliquiae
1284 488 1523 553 acceptae
1569 496 1601 536 a
1652 479 2009 544 Christianis,
2045 480 2309 552 depositae
2361 480 2590 538 luerunt
2627 476 2687 537 in
2718 478 2916 538 eodem
2945 478 3090 546 loco,
3160 478 3256 549 qui
3305 477 3513 535 dicitur
3557 474 3807 547 Campus.

532 578 958 636 Consummatus
1017 587 1202 635 autem
1271 577 1375 634 iuit
1434 589 1659 637 sanctus
1710 587 1767 635 et
1828 577 2106 650 gloriosus
2162 588 2395 652 martyr,
2448 580 2605 637 Plato
2659 577 3033 641 beatissimus,
3091 575 3300 629 mensis
3348 569 3675 627 Novembris
3716 569 3808 624 de-

533 673 680 731 cimo
735 683 951 742 octavo,
1004 680 1279 746 regnante
1334 673 1572 729 Domino
1624 681 1819 727 nostro
1869 669 2005 727 Jesu
2062 670 2285 729 Christo
2324 672 2462 730 :cui
2494 674 2666 745 gloria
2699 680 2757 728 et
2806 669 3055 742 potentia
3097 669 3154 722 in
3204 664 3405 722 saecula
3466 661 3808 718 stt-culorum.

532 771 733 830 Amen.

535 898 863 922 Μ

870 881 3449 924 _______________________________________________....

3452 881 3774 899 ψ

1634 1019 2749 1138 ΥΠΟΜΝΗΜΑΤΑ

934 1231 1166 1320 ΤΩΝ
1241 1230 1582 1319 ΑΓΙΩΝ
1657 1230 1961 1316 ΕΠΤΑ
2024 1229 2116 1316 Π

2221 1224 2456 1315 ῙΔΩΝ
2528 1225 2759 1313 ΤΩΝ
2834 1223 2979 1308 EN
3053 1213 3417 1307 ΕΦΕΣΩ

1449 1398 1656 1453 ΠΕΡΙ
1729 1397 1892 1451 ΤΗΣ
1953 1392 2546 1451 ΑΝΑΣΤΔΣΕΩΣ
2620 1391 2935 1447 ΛΥΤΩΝ.

865 1634 1725 1734 COMMENTARII
1845 1632 2312 1725 SEPTEM
2433 1625 3267 1722 ADOLESCENTI
3297 1623 3461 1714 UM

1619 1816 1760 1891 QUI
1820 1813 2106 1878 EPHESI
2160 1811 2726 1874 DORMIERUNT.

1084 1972 1287 2039 (Latine
1316 1986 1397 2038 ap.
1431 1972 1630 2023 Surlum
1664 1969 1726 2022 ad
1769 1968 1890 2021 Julii
1916 1967 2009 2028 27;
2056 1966 2230 2018 Graece
2257 1977 2321 2016 ex
2347 1966 2459 2017 cod.
2481 1979 2576 2017 ms.
2605 1965 2856 2031 Paris,!n.
2880 1964 3021 2028 1485,
3040 1978 3157 2016 sese.
3178 1965 3273 2030 ιι.)

594 2194 637 2250 1.
672 2192 923 2250 Tenente
975 2190 1142 2249 Decio
1184 2189 1417 2246 Romani
1469 2187 1685 2260 imperii
1726 2186 2116 2259 principatum,

2298 2188 2380 2245 A'.
2421 2188 2694 2259 Ἐγένετο,
2721 2186 3109 2259 βασιλεύοντος
3172 2187 3366 2243 Δεκίου
3398 2187 3500 2259 τῆς
3528 2187 3641 2241 τῶν
3687 2186 3817 2242 Ῥω-

526 2285 744 2347 accidit,
777 2293 839 2340 ut
870 2285 987 2356 ipse
1017 2299 1084 2339 ex
1108 2283 1450 2354 Cartagenna
1482 2280 1701 2336 civitate
1732 2280 1785 2334 in
1815 2280 2121 2351 Ephesum,

525 2379 699 2434 multo
739 2377 926 2435 furore
962 2378 1227 2449 percitus,
1258 2374 1638 2431 descenderet.
1673 2373 1829 2429 Tunc
1856 2374 2038 2429 omnis
2064 2375 2126 2428 li-

525 2472 717 2529 nitima
765 2470 914 2542 regio
962 2470 1019 2525 in
1051 2485 1171 2525 eam
1223 2469 1415 2524 urbem
1456 2467 1742 2533 convenit,
1785 2473 1847 2520 ut
1883 2466 2036 2522 vanis
2070 2477 2124 2523 et

526 2561 677 2618 falsis
698 2561 804 2617 diis
828 2560 1158 2616 immolaret.
1196 2559 1400 2616 Eorum
1421 2573 1575 2622 vero,
1612 2558 1705 2629 qui
1726 2557 1932 2612 Christi
1961 2557 2122 2613 ﬁdem

526 2656 924 2727 sequebantur,
994 2654 1256 2709 Ecclesiae
1310 2652 1575 2723 dispersae
1619 2659 1767 2707 sunt.
1824 2648 2124 2706 Christiani

524 2750 671 2805 enim
732 2758 840 2803 tant
895 2746 1230 2812 sacerdotes,
1287 2760 1450 2817 quam
1490 2743 1638 2807 laici,
1677 2741 1995 2797 metuebant
2041 2749 2124 2812 ty-

526 2842 681 2899 ranni
716 2851 1020 2913 aspectum.
1045 2839 1151 2907 Qui
1188 2853 1314 2893 cum
1338 2838 1617 2909 ingressus
1649 2846 1793 2891 esset
1818 2833 2121 2905 Ephesum,

524 2936 709 2992 animo
756 2936 902 2991 elato
958 2933 1014 2988 in
1064 2932 1243 2988 media
1280 2932 1417 2987 urbe
1474 2929 1643 3000 cmpit
1681 2928 1825 2983 idola
1866 2926 2123 2998 erigere:

525 3042 759 3096 cumque
797 3024 907 3079 illis
954 3031 1101 3079 totus
1136 3030 1283 3078 esset
1344 3020 1616 3084 addictus,
1662 3018 1925 3091 praecepit
1969 3016 2121 3073 urbis

524 3114 902 3187 optimatibus,
945 3122 1005 3169 ut
1035 3114 1192 3169 vanis
1228 3111 1335 3167 illis
1372 3111 1478 3166 diis
1507 3125 1694 3165 secum
1727 3124 1836 3163 una
1869 3108 2123 3163 victimas

525 3206 812 3262 oﬂ‘errent.
846 3206 1038 3277 Itaque
1084 3203 1431 3259 victimarum
1460 3200 1725 3273 sanguine
1760 3199 1874 3255 loca
1907 3199 1997 3254 illa
2030 3212 2120 3253 re-

523 3298 837 3370 plebantur,
886 3307 945 3353 et
988 3310 1183 3351 omnes
1225 3294 1399 3349 turbae
1439 3292 1678 3363 undique
1724 3291 1791 3346 ad
1826 3291 2119 3356 idolorum,

524 3407 646 3462 quae
674 3401 833 3446 erant
868 3389 1092 3462 Ephesi,
1129 3388 1503 3444 celebritatem
1542 3384 1916 3440 conﬂuebant.
1951 3384 2120 3440 Fama

525 3484 672 3539 enim
714 3498 809 3553 per
842 3484 979 3538 lines
1014 3482 1159 3537 illius
1223 3479 1463 3549 regionis
1504 3478 1909 3549 divulgahatur,
1968 3476 2119 3548 quod

526 3544 740 3630 scilicet
781 3573 1132 3629 victimarum
1178 3544 1342 3627 nidor
1374 3583 1439 3625 ex
1473 3568 1608 3625 urbe
1641 3544 1820 3624 media
1850 3566 1907 3622 in
1944 3544 2117 3622 altum
2153 3544 2195 3598 Β

524 3659 827 3732 prosiliret.

595 3947 665 4004 ll.
689 3945 827 4004 Cum
864 3945 1038 4014 igitur
1058 3943 1204 4002 diem
1250 3942 1455 3999 festum
1488 3957 1714 3999 suorum
1756 3941 1982 3998 deorum
2012 3940 2118 3999 De-

528 4040 648 4096 cius
675 4047 880 4112 ageret,
914 4047 1074 4109 atque
1114 4036 1288 4108 ipsius
1311 4035 1471 4107 jussu
1517 4038 1775 4091 universa
1817 4034 2117 4090 multitudo

528 4133 598 4188 ob
624 4146 742 4186 eam
769 4130 1140 4185 celebritatem
1175 4128 1241 4182 ad
1265 4127 1465 4197 templa
1498 4120 1785 4192 idolorum:
1809 4142 1930 4199 quae
1959 4136 2119 4185 erant

528 4221 752 4295 Ephesi,
783 4237 847 4277 ex
881 4220 1133 4276 erunibus
1164 4218 1297 4275 locis
1321 4220 1548 4291 impigre
1577 4220 1895 4284 conﬂueret,
1921 4235 1986 4277 ac
2011 4222 2117 4278 diis

524 4316 737 4381 libaret,
768 4328 1002 4383 cumque
1035 4319 1148 4368 tota
1175 4312 1265 4366 illa
1317 4312 1449 4366 urbs
1493 4310 1765 4366 sacriﬁcia
1821 4312 2112 4378 redoleret,

523 4406 713 4464 fideles
754 4406 1004 4461 Homines
1045 4405 1231 4459 tristes
1258 4412 1437 4470 erant,
1473 4402 1635 4457 iidem
1667 4411 1721 4457 et
1744 4405 1812 4457 ab
1842 4403 2113 4460 idolorum

521 4499 824 4557 cultoribus
850 4496 1319 4568 opprimebantur.
1346 4497 1535 4565 itaque
1558 4496 1751 4566 partim
1780 4512 2114 4569 persequen-

521 4592 655 4647 tium
687 4605 781 4646 ora
811 4589 1113 4662 fugiebant.
1147 4603 1217 4644 ne
1248 4588 1635 4659 comprehendi
1681 4599 1942 4659 possent:
1981 4608 2113 4662 par-

521 4684 617 4737 tim
654 4696 776 4737 sese
806 4680 1177 4736 occultabant.
1213 4678 1417 4734 Tribus
1469 4688 1652 4733 autem
1693 4679 1887 4736 diebus
1924 4692 2111 4751 postea

522 4775 823 4845 imperator
864 4773 1103 4860 edictum
1123 4772 1454 4844 praeposuit,
1493 4779 1555 4843 ut
1585 4771 1882 4828 Christiani
1919 4790 2112 4849 omnes

2230 2282 2411 2352 μαίων
2434 2281 2637 2353 ἀρχῆς,
2672 2280 2959 2336 κατελθεῖν
2990 2279 3156 2334 αὐτὸν
3180 2281 3237 2333 ἐν
3255 2278 3496 2351 πρώτοις
3517 2280 3625 2333 ἀπὸ
3662 2281 3813 2349 Καρ-

2226 2373 2464 2443 θαγένης
2500 2374 2602 2444 τῆς
2658 2373 2864 2437 πόλεως
2916 2374 2976 2426 ὲν
3037 2372 3255 2445 Ἐφέσῳ
3302 2376 3362 2428 ὲν
3402 2374 3585 2446 πολλῷ
3627 2373 3810 2444 θυμῷ.

2225 2464 2477 2537 Συνήχθη
2527 2464 2585 2519 δὲ
2627 2465 2778 2519 πᾶσα
2811 2466 2846 2536 ἠ
2880 2464 3194 2537 περίχωρος
3244 2464 3343 2519 τοῦ
3393 2466 3561 2519 τόπου
3597 2467 3811 2519 ἐκείνου

2223 2558 2305 2620 εἰς
2328 2558 2431 2621 τὰς
2459 2555 2650 2620 θυσίας
2675 2556 2784 2624 τῶν
2834 2556 3083 2628 ματαίων
3126 2555 3286 2612 θεῶν.
3327 2556 3391 2609 Δί
3433 2555 3491 2609 δὲ
3517 2556 3810 2637 ἐκκλησίαι

2222 2647 2332 2703 τῶν
2393 2647 2604 2701 πιστῶν
2656 2646 3180 2719 διεσκορπίσθησαν,
3207 2649 3300 2701 καὶ
3329 2647 3378 2700 οἰ
3420 2649 3585 2718 ἱερεῖς
3639 2648 3738 2699 καὶ
3765 2646 3809 2699 οι

2222 2743 2546 2815 Χριστιανοὶ
2570 2744 2664 2795 καὶ
2701 2742 2809 2805 πᾶς
2846 2744 2875 2795 ὁ
2900 2740 3253 2812 φιλόχριστος
3293 2739 3424 2803 λαὸς
3457 2740 3811 2809 ἐφοϐήθησαν

2226 2835 2437 2906 σφόδρα
2460 2838 2467 2845 “
2488 2834 2595 2888 ἀπὸ
2626 2833 2922 2903 προσώπου
2959 2834 3055 2887 τοῦ
3094 2834 3384 2904 τυράννου.
3413 2834 3545 2887 Ὅτε
3575 2828 3677 2887 οὖν
3703 2834 3811 2885 εἰσ-

2224 2926 2388 2998 ῆλθεν
2423 2927 2613 2990 Δέκιος
2642 2928 2670 2979 ό
2706 2925 2957 2995 βασιλεὺς
2990 2926 3070 2989 εἰς
3106 2925 3365 2992 Ἔφεσον,
3392 2925 3583 2994 ὑψώθη
3613 2926 3651 2994 ἡ
3683 2943 3811 2996 καρ-

2222 3017 2310 3072 δία
2336 3017 2524 3078 αὐτοῦ.
2548 3018 2643 3071 καὶ
2674 3017 2877 3089 ἤρξατο
2900 3018 3210 3088 οἰκοδομεῖν
3236 3016 3399 3080 ναοὺς
3427 3019 3540 3079 τοῖς
3567 3017 3812 3081 εἰδώλοις

2224 3113 2283 3165 ὲν
2315 3111 2458 3184 μέσῃ
2487 3115 2552 3184 τῇ
2589 3112 2766 3165 πόλειο
2800 3111 2895 3164 καὶ
2920 3111 3008 3165 ὅτε
3040 3111 3271 3182 ἐξεχύθη
3304 3113 3361 3163 ὲν
3390 3110 3467 3182 τῷ
3500 3108 3813 3181 ἑλληνισμῷ

2222 3205 2347 3258 τότε
2373 3205 2712 3275 παρήγγειλε
2749 3204 2862 3267 τοῖς
2885 3202 3127 3274 πρώτοις
3154 3202 3253 3273 τῆς
3277 3203 3484 3266 πόλεως
3511 3203 3671 3256 θύειν
3699 3200 3815 3274 μετ’

2223 3295 2388 3351 αὑτοῦ
2419 3298 2529 3358 τοῖς
2564 3296 2815 3365 ματαίοις
2863 3295 3041 3358 θεοῖς·
3100 3296 3215 3348 καὶ·
3244 3293 3419 3357 οὕτως
3469 3294 3707 3365 ὲμόλυνε
3751 3294 3818 3348 τὰ

2226 3385 2457 3457 σώματα
2483 3385 2665 3439 αὐτῶν
2690 3389 2748 3438 ὲν
2779 3385 2858 3456 τῷ
2879 3386 3074 3455 αἵματι
3104 3386 3211 3438 τῶν
3243 3386 3467 3450 θυσιῶν,
3504 3388 3599 3440 καὶ
3636 3388 3818 3442 πάντα

2221 3479 2291 3533 τὰ
2345 3478 2526 3550 πλήθη
2581 3479 2879 3548 συνήγοντο
2929 3477 3036 3531 ἀπὸ
3078 3478 3310 3533 ἑκάστου
3362 3479 3527 3531 τόπου
3574 3480 3666 3541 εἰς
3692 3480 3816 3539 τοὺς

2221 3574 2385 3637 ναοὺς
2434 3571 2545 3626 τῶν
2590 3571 2825 3624 εἰδώλων
2875 3570 2997 3624 τότε
3042 3570 3211 3624 ὄντων
3253 3573 3311 3625 ὲν
3361 3570 3614 3643 Ἐφέσῳ*
3657 3571 3755 3625 καῖ¹
3792 3572 3820 3625 ό

2223 3664 2432 3728 καπνὸς
2455 3663 2566 3717 τῶν
2601 3663 2787 3718 κακῶν
2818 3663 3157 3732 περιέσπασε
3189 3665 3317 3727 τοὺς
3338 3663 3591 3729 πολλοὺς,
3625 3666 3732 3720 καὶ
3760 3663 3819 3717 τὸ

2224 3758 2413 3820 σκότος
2436 3757 2531 3811 καὶ
2552 3757 2585 3828 ἡ
2610 3757 2808 3811 κνίσσα
2834 3756 2943 3809 τῶν
2976 3756 3181 3809 θυσιῶν
3210 3756 3391 3809 αὐτῶν
3418 3751 3491 3809 ὧν
3514 3756 3686 3811 ἔθυον
3709 3760 3821 3821 τοῖς

2224 3851 2478 3923 ματαίοις
2502 3848 2744 3912 εἰδώλοις
2766 3847 3053 3903 ἀνέϐαινεν
3083 3850 3147 3901 ὲκ
3181 3848 3356 3921 μέσης
3390 3851 3486 3919 τῆς
3517 3849 3763 3912 πόλεως.

2290 3939 2370 3997 η’.
2409 3942 2497 4006 Ὠς
2532 3938 2626 3995 οὖν
2668 3940 2868 4012 ἑορτὴν
2925 3940 3175 3993 ἐπετέλει
3210 3943 3238 3993 ὁ
3266 3941 3458 4004 Δέκιος
3490 3941 3603 4004 τοῖς
3678 3942 3823 4004 θεοῖς

2220 4035 2410 4101 αὐτοῦ,
2440 4034 2697 4088 ἐκέλευσε
2738 4014 2945 4088 πᾶντδ
2978 4032 3185 4104 πλῆθος
3230 4033 3565 4104 συναχθῆναι
3593 4036 3687 4098 εἰς
3720 4035 3822 4102 τὴν

2220 4128 2414 4200 ἑορτὴν
2451 4127 2560 4181 τῶν
2586 4126 2758 4181 θεῶν·
2793 4129 2918 4181 τότε
2950 4128 3250 4197 συνήγοντο
3283 4128 3458 4180 πολλὰ
3495 4127 3686 4200 πλήθη
3727 4127 3823 4194 ἀφ’

2218 4224 2452 4277 ἑκάστου
2510 4223 2679 4277 τόπου
2736 4222 2819 4287 εἰς
2865 4222 2992 4286 τοὺς
3041 4221 3208 4284 ναοὺς
3258 4221 3368 4276 τῶν
3409 4220 3654 4274 εἰδώλων
3711 4221 3823 4275 τῶν

2217 4316 2390 4371 ὄντων
2413 4319 2471 4371 ὲν
2508 4317 2659 4388 μέσῳ
2684 4317 2783 4387 τῆς
2822 4317 3055 4381 πόλεως,
3078 4315 3174 4369 καὶ
3214 4314 3441 4369 ἔσπενδε
3466 4318 3581 4380 τοῖς
3625 4315 3782 4379 θεοῖς
3800 4329 3820 4349 ·

2219 4410 2502 4472 ἱπώζεσεν
2534 4408 2590 4462 δὲ
2628 4411 2780 4463 πᾶσα
2810 4410 2844 4480 ἡ
2873 4408 3028 4473 πόλις
3080 4410 3189 4463 ἀπὸ
3225 4410 3334 4463 τῶν
3396 4409 3628 4475 θυσιῶν,
3667 4412 3822 4483 μέγα

2216 4503 2273 4557 δὲ
2310 4502 2507 4565 πένθος
2548 4506 2771 4572 κατεῖχε
2805 4502 2932 4566 τοὺς
2965 4504 3224 4568 πιστοὺς,
3272 4501 3369 4556 καὶ
3415 4502 3823 4556 ἐταπεινοῦντο

2217 4594 2327 4649 ἀπὸ
2359 4595 2467 4647 τῶν
2499 4593 2929 4663 εἰδωλολατρῶν.
2955 4594 3066 4647 Καὶ
3094 4594 3325 4664 ἔφευγον
3365 4595 3459 4647 καὶ
3496 4595 3822 4649 ἐκάλυπτον

2216 4685 2284 4738 τὰ
2315 4683 2583 4754 πρόσωπα
2622 4684 2821 4749 αὐτῶν,
2847 4684 2942 4736 καὶ
2966 4684 3132 4747 πολὺς
3166 4684 3470 4755 στεναγμὸς
3516 4684 3617 4738 καὶ
3647 4684 3821 4754 ὀδυρυ

2221 4779 2318 4849 μδς
2346 4780 2602 4849 κατεῖχεν
2655 4778 2878 4843 αὐτοὺς,
2909 4779 3020 4831 ἀπὸ
3075 4777 3369 4851 προεώπου
3417 4778 3511 4831 τοῦ
3547 4778 3819 4831 διώκτου.

528 4877 854 4938 caperentur
877 4883 892 4920 ι
923 4854 1031 4936 quo
1047 4875 1295 4936 tempore
1315 4864 1546 4936 gentiles
1564 4880 1627 4920 ac
1654 4863 1829 4923 Judaei
1847 4868 2113 4937 urgebant

2221 4874 2330 4927 Καὶ
2359 4874 2425 4944 τῇ
2454 4854 2644 4945 imi-Ep;
2672 4875 2738 4945 τῇ
2773 4873 2936 4945 τρίτῃ
2963 4874 3253 4927 ἐκέλευσεν
3284 4875 3311 4927 ὁ
3348 4872 3609 4942 βασιλεὺς
3666 4870 3827 4938 ἐξαί-

530 4960 751 5016 milites.
772 4957 982 5015 Passim
1013 4957 1181 5031 igitur
1201 4956 1495 5014 Cbristlani
1532 4957 1790 5015 homines
1819 4959 2113 5015 traheban-

526 5061 614 5107 tur
645 5051 713 5108 ad
744 5051 950 5117 turbas,
983 5060 1105 5122 quin
1136 5050 1192 5105 in
1228 5064 1402 5105 unum
1427 5049 1606 5105 locum
1636 5058 2018 5107 convenerant
2055 5059 2116 5106 ut

524 5161 633 5201 una
694 5156 818 5200 cum
886 5143 1219 5214 imperatore
1281 5141 1443 5198 idolis
1503 5142 1900 5199 sacriﬁcarent.
1957 5143 2114 5199 Tunc

518 5237 769 5294 nonnulli
815 5246 1085 5292 tormenta
1133 5235 1512 5303 formidantes,
1549 5236 1872 5292 excidehant
1908 5252 1939 5292 a
1981 5235 2111 5304 ﬁde,

518 5340 576 5387 et
625 5344 811 5385 coram
865 5329 1020 5384 turba
1068 5328 1156 5383 illa
1193 5327 1382 5383 miseri
1424 5328 1493 5384 ad
1533 5328 1804 5383 idolorum
1836 5331 2105 5389 sacriﬁcia

519 5425 871 5482 decidebant.
912 5423 983 5479 At
1026 5424 1216 5494 Qui'ex
1257 5423 1441 5478 animo
1483 5421 1685 5477 Christi
1720 5423 1881 5478 [idem
1917 5441 2112 5497 seque—

518 5522 741 5587 bantur,
776 5534 899 5574 cum
927 5518 1180 5573 audirent
1219 5518 1433 5588 aliquos
1466 5517 1649 5587 lapsos
1681 5518 1851 5573 fuisse
1893 5520 2107 5576 illorum

519 5628 710 5669 casum
749 5627 1082 5683 magnopere
1113 5612 1391 5674 dolentes,
1446 5609 1783 5665 miserorum
1821 5612 2107 5667 hominum

520 5710 733 5764 animas
771 5708 1048 5779 lugebant,
1083 5708 1177 5778 qui
1223 5717 1448 5779 propter
1487 5719 1693 5761 metum
1732 5705 1801 5761 ad
1836 5706 2107 5763 idolorum

522 5798 784 5852 sacriﬁcia
803 5799 1013 5868 delapsi
1034 5798 1273 5855 fuerant.
1301 5798 1632 5871 Quicunque
1661 5814 1792 5857 vero
1821 5812 1886 5855 ex
1915 5815 2107 5856 eorum

2214 4982 2352 5037 φνης
2385 4966 2718 5037 κατέχεσθαι
2751 4966 2875 5029 τοὺς
2897 4965 3279 5036 Χριστιανούς.
3326 4964 3388 5019 Ol
3425 4963 3481 5018 δὲ
3515 4964 3823 5042 Ἕλληνες⁹

2213 5060 2309 5113 καὶ
2342 5060 2392 5112 οἰ
2439 5059 2688 5114 Ἰουδαῖοι
2736 5058 3040 5113 ἐκολλῶντο
3089 5062 3205 5125 τοῖς
3271 5058 3662 5130 στρατιώταις,
3720 5061 3825 5111 καὶ

2211 5153 2319 5207 ἀπὸ
2353 5155 2462 5207 τῶν
2486 5155 2673 5207 οἰκιῶν
2704 5153 2799 5207 καὶ
2838 5154 2948 5209 τῶν
2981 5153 3190 5209 πόλεων
3221 5154 3420 5225 ἔσυρον
3450 5154 3546 5207 καὶ
3570 5153 3825 5218 ἐξέϐαλο

2209 5245 2302 5301 λον
2340 5246 2466 5309 τοὺς
2496 5242 2882 5317 Χριστιανοὺς,
2903 5249 2998 5302 καὶ
3028 5247 3203 5302 ὤθουν
3235 5247 3436 5311 αὐτοὺς
3464 5248 3604 5318 μετᾶ
3641 5249 3823 5301 ἀπει-

2215 5339 2335 5410 λῆς,
2350 5341 2446 5394 καὶ
2486 5340 2827 5412 προσέφερον
2849 5342 2988 5412 πρὸς
3017 5341 3149 5406 τοὺς
3188 5340 3381 5412 ὄχλους
3420 5340 3829 5411 συνηγμένους

2213 5433 2309 5486 καὶ
2366 5432 2596 5496 θύοντας
2651 5436 2767 5496 τοῖς
2827 5433 3072 5492 εἰδώλοις
3126 5434 3240 5502 ἅμα
3266 5431 3344 5502 τῷ
3379 5432 3613 5503 βασιλεῖ.
3652 5432 3727 5483 Ol
3764 5431 3828 5485 δὲ

2213 5522 2608 5595 δειλαινόμενοι
2628 5527 2724 5587 τὰς
2741 5524 3011 5595 βασάνους
3031 5525 3352 5580 ῶλίσθαινον
3370 5527 3463 5579 καὶ
3484 5525 3730 5575 ἔπιπτον
3759 5524 3828 5575 ἐκ

2213 5616 2305 5671 τοῦ
2323 5620 2470 5681 υῖοὶις
2488 5614 2629 5672 εἶναι
2648 5619 2746 5688 τῆς
2770 5611 3007 5683 πίστεως
3028 5621 3108 5684 εἰς
3121 5621 3219 5683 τὰς
3236 5618 3424 5681 θυσίας
3439 5619 3549 5672 τῶν
3563 5615 3828 5668 εἰδώλων

2213 5709 2527 5781 ἔμπροσθεν
2564 5709 2660 5763 τοῦ
2709 5712 2869 5783 ὄχλου
2899 5729 2913 5745 ’
2949 5713 3000 5765 οἰ
3029 5713 3086 5766 δὲ
3135 5712 3456 5781 Χριστιανοὶ
3499 5710 3828 5774 ἀκούοντες

2211 5803 2895 5876 ταῦταςέστενοχωροῦντο
2921 5808 3015 5860 καὶ
3046 5806 3307 5861 ἐπένθουν
3348 5806 3455 5870 τὰς
3480 5802 3667 5875 ψυχὰς
3703 5806 3829 5859 τῶν
