3994 6444
409 373 511 442 431

1741 374 2027 438 MENSIS
2061 370 2366 441 IULIUS.

3574 366 3686 433 ιεκ

406 496 543 552 item
594 488 687 548 alii
743 490 1069 563 cumprimis
1117 490 1360 550 illustres
1405 491 1463 549 in
1521 494 1785 550 exercitu.
1845 494 1996 551 Tunc

2103 495 2238 552 Τότε
2263 497 2451 559 Δέκιος
2472 494 2500 549 ό
2529 492 2782 566 βασιλεὺς
2818 487 3429 561 όργισθεὶς,ἐκέλευσεν
3446 486 3693 558 ἀχθῆναι

411 587 607 644 Decius
641 587 959 656 imperator,
998 586 1080 642 ira
1124 587 1389 658 percitus,
1424 588 1549 644 illos
1582 588 1651 645 ad
1679 605 1738 644 se
1785 590 2002 657 vinctos

409 674 535 735 duci
587 677 776 749 jussit.
816 676 1029 743 Quibus
1085 677 1311 736 ductis:
1372 677 1574 748 Quare,
1635 680 1835 751 inquit,
1889 697 2001 737 non

416 768 795 840 permansistis
842 767 1152 835 nobiscum,
1191 778 1252 826 ut
1286 769 1393 825 diis
1459 770 1867 840 sacriﬁcaretis,
1909 773 2006 843 qui

410 870 583 920 totum
616 859 806 915 orbem
841 866 1113 916 terrarum
1154 863 1223 917 ad
1266 861 1374 917 sibi
1405 863 1771 919 obediendum
1792 879 2001 921 convo-

409 950 645 1007 carunt?
672 951 931 1008 Accedite
960 952 1146 1025 igitur,
1177 963 1232 1009 et
1273 953 1520 1010 debitum
1546 955 1652 1011 diis
1675 956 2004 1012 sacriﬁcium

411 1040 633 1107 oﬁ'crte,
695 1042 1156 1113 quemadmodum
1209 1059 1405 1101 omnes
1460 1044 1642 1101 facere
1700 1062 2004 1103 consueve-

407 1141 560 1188 runt.
604 1131 780 1188 ‘Tunc
841 1130 1242 1192 Maximilianus
1295 1138 1580 1208 respondit
1626 1152 1643 1193 :
1698 1138 2002 1204 Habemus,

402 1222 731 1294 imperator,
760 1225 930 1280 Deum
964 1223 1016 1279 in
1047 1226 1201 1282 coelis
1232 1226 1596 1295 habitantem,
1643 1229 1801 1301 cujus
1831 1232 2003 1302 gloria

409 1312 608 1368 coelum
645 1320 699 1369 et
742 1322 887 1368 terra
916 1315 1078 1385 plena
1101 1326 1208 1384 est,
1233 1317 1321 1372 cui
1349 1319 1680 1375 sacriﬁcium
1702 1322 2006 1378 confessio-

409 1403 495 1459 nis
532 1410 740 1460 nostrae
786 1404 986 1461 oﬁ’erre
1025 1406 1175 1463 soliti
1219 1423 1436 1480 sumus,
1492 1417 1657 1480 atque
1689 1421 2002 1468 nostrarum

410 1496 722 1551 orationum
769 1496 1032 1554 libamine
1069 1512 1255 1554 coram
1302 1479 1417 1556 Deo
1462 1479 1801 1558 exsultamus
1852 1506 2002 1560 omni

411 1595 682 1657 tempore.
726 1586 837 1643 Nos
864 1588 1009 1644 enim
1039 1590 1284 1646 nidorem
1326 1606 1391 1647 ac
1444 1592 1653 1647 fumum
1697 1604 2003 1651 vestrorum

411 1677 805 1734 sacriﬁciorum
832 1678 950 1735 istis
980 1678 1143 1736 idolis
1171 1697 1281 1737 non
1319 1681 1621 1749 oderimus,
1654 1686 2005 1758 quandoqui-

412 1767 536 1825 dem
578 1777 798 1827 nostras
830 1771 1043 1828 animas
1079 1770 1408 1829 labefactare
1443 1773 1718 1830 nolumus.
1810 1780 1815 1783 '

480 2072 551 2131 ν.
590 2071 692 2130 His
730 2072 954 2143 auditis,
975 2071 1173 2130 Decius
1212 2088 1326 2130 non
1360 2073 1600 2147 amplius
1626 2074 1777 2146 loqui
1808 2073 1999 2142 voluit,

412 2166 511 2223 sed
532 2166 716 2239 jussit
743 2166 1014 2222 militares
1047 2181 1216 2222 zonas
1246 2167 1315 2222 ab
1349 2166 1431 2222 eis
1458 2165 1683 2222 auferri.
1715 2167 1886 2242 Cujus
1920 2169 2000 2224 rei

411 2272 634 2315 causam
678 2271 799 2312 esse
845 2256 1005 2324 dixit,
1051 2258 1197 2329 quod
1238 2258 1464 2313 deorum
1504 2259 1762 2329 potentiae
1807 2259 2004 2315 adver-

412 2345 593 2402 sarios
627 2345 795 2416 ‘ipsos
828 2346 1291 2415 deprehenderat.
1341 2346 1615 2404 Praeterea
1642 2348 1762 2405 illos
1799 2365 1829 2405 a
1866 2349 2003 2406 deo-

412 2446 534 2487 rum
598 2432 976 2488 muniﬁcentia
1042 2432 1411 2504 repellendos,
1462 2441 1629 2504 atque
1673 2436 1742 2490 ab
1779 2434 2000 2505 imperii

412 2522 602 2580 militia
636 2524 828 2595 procul
857 2523 1124 2581 arcendos
1152 2539 1277 2581 esse
1308 2524 1577 2592 decrevit,
1599 2525 1776 2598 quoad
1799 2540 2001 2597 oppor-

412 2626 543 2670 tune
590 2614 658 2670 de
707 2615 925 2671 illorum
971 2616 1239 2688 religione
1290 2616 1574 2689 inquirere
1616 2625 1827 2689 posset.
1878 2618 2000 2675 Non

408 2707 557 2763 cn‘im
592 2722 809 2779 aequum
842 2709 1017 2766 videri
1050 2710 1155 2765 sibi
1222 2711 1421 2778 aiebat,
1470 2710 1687 2767 illorum
1732 2712 2000 2783 juventu-

408 2812 521 2858 tem
560 2801 852 2857 tormentis
896 2803 1178 2858 consumi:
1206 2802 1417 2873 itaque
1463 2803 1842 2861 misericordia
1882 2821 2002 2862 mo-

412 2904 524 2948 tum
571 2893 834 2963 temporis
885 2894 1122 2963 spatium
1157 2910 1217 2951 se
1263 2895 1377 2950 illis
1435 2897 1761 2965 concedere,
1806 2907 1869 2953 ut
1913 2900 2001 2953 in-

412 2996 563 3041 terea
609 2985 1023 3056 resipiscerent,
1064 2984 1132 3042 ad
1173 2988 1303 3042 deos
1341 2997 1782 3055 reverterentur,
1827 2998 1884 3045 et
1922 2992 2004 3046 vi-

412 3059 659 3131 verent.‘
687 3074 811 3132 Haec
860 3077 1000 3133 dixit
1041 3078 1364 3148 imperator,
1405 3089 1463 3134 et
1514 3082 1773 3151 praecepit
1806 3082 2002 3137 ferreis

409 3168 643 3223 vinculis
687 3168 902 3222 illorum
936 3169 1073 3224 colla
1115 3170 1275 3236 exui,
1310 3181 1475 3241 atque
1504 3189 1534 3225 ιι
1564 3186 1665 3227 suo
1703 3182 1999 3243 conspectu

412 3258 701 3314 removeri.
732 3258 887 3315 Tunc
913 3258 1108 3315 Decius
1136 3261 1191 3315 in
1222 3261 1356 3317 alias
1394 3263 1558 3318 urbes
1584 3264 1862 3333 profectus
1892 3275 1996 3335 est,

414 3361 472 3407 ut
496 3350 695 3406 laceret
723 3366 842 3421 quae
874 3351 930 3406 in
957 3351 1143 3407 animo
1167 3353 1421 3419 habebat,
1451 3364 1721 3412 eotamen
1745 3358 1998 3426 consilio,

414 3453 471 3499 ιιι
522 3427 801 3515 Ephesum
846 3453 1140 3514 repeteret.
1192 3443 1379 3516 Itaque
1427 3448 1631 3503 sanctis
1676 3448 1829 3515 viris,
1857 3465 1997 3519 quos

408 3534 670 3599 diximus,
722 3549 1046 3590 concessum
1086 3534 1266 3590 fuerat
1304 3535 1774 3608 ab'imperatore,
1811 3549 1871 3595 ut
1899 3555 1998 3615 per

408 3629 619 3703 aliquot
646 3627 765 3685 dies
796 3627 971 3685 libere
997 3627 1204 3685 versari
1240 3638 1489 3700 possent.

478 3833 567 3892 VI.
603 3833 739 3892 Cum
780 3835 948 3907 igitur
975 3842 1346 3907 opportunum
1371 3841 1589 3908 tempus
1625 3835 1991 3902 invenissent.

406 3938 463 3985 et
487 3929 541 3983 in
561 3927 767 3984 Christi
794 3914 900 3984 ﬁde
924 3943 1278 3998 perseverare
1306 3929 1743 3993 constituissent,
1765 3929 1996 3999 justiti-ae

405 4019 667 4090 operibus
712 4019 1142 4077 incumbebant:
1193 4034 1432 4090 cumque
1479 4035 1676 4075 aurum
1711 4029 1768 4075 et
1799 4035 1997 4091 argen-

407 4122 525 4167 tum
555 4126 618 4166 ex
647 4108 1277 4179 paternis‘t‘acultatib‘us
1315 4111 1685 4183 collegissent,
1737 4113 1997 4182 pauperi-

408 4202 512 4256 bus
562 4199 789 4255 multam
840 4201 1133 4272 pecuniam
1187 4201 1616 4260 distribuerunt:
1655 4202 1891 4258 et-inter
1934 4217 1995 4259 se

407 4295 696 4354 consilium
745 4295 1021 4362 ineuntes,
1067 4296 1310 4352 vicissim
1346 4312 1406 4352 se
1433 4296 1523 4352 his
1555 4298 1742 4353 verbis
1792 4297 1994 4355 adhor-

406 4388 665 4442 tahantur
700 4385 1092 4442 {Secedamus
1135 4401 1430 4459 parumper
1475 4387 1544 4443 ab
1587 4388 1689 4444 bac
1737 4389 1894 4455 urbe,
1936 4398 1992 4446 et

318 4548 325 4553 _
405 4480 701 4534 subeamus
729 4478 1052 4548 speluncam
1080 4478 1227 4533 illam
1262 4494 1535 4551 magnam,
1564 4495 1685 4550 quae
1716 4482 1900 4553 vergit
1921 4481 1989 4537 ad

2109 589 2328 655 αὐτοὺς,
2356 587 2451 643 καὶ
2494 588 2584 642 ὅτε
2620 584 3075 658 προσηνέχθησαν
3108 580 3343 637 ἐνώπιον
3385 579 3577 644 αὑτοῦ,
3605 578 3692 634 ἔτι

2107 683 2217 735 τῶν
2241 679 2493 752 δακρύων
2520 681 2579 734 ἐν
2605 683 2716 743 τοῖς
2768 678 3075 748 ὀφθαλμοῖς
3110 674 3293 729 αὐτῶν
3319 671 3514 738 ὄντων,
3534 671 3691 744 λέγει

2109 775 2293 838 αὐτοῖς
2331 772 2521 837 Δέκιος
2549 772 2579 825 ό
2611 770 2872 843 βασιλεύς
2904 785 2921 802 ·
2954 767 3108 822 Διατί
3132 767 3233 821 οὐκ
3263 766 3516 837 ἐμείνατε
3566 765 3690 837 μεθ’

2108 867 2267 939 ἡμῶν
2303 868 2387 930 είς
2414 866 2516 936 τὴν
2555 865 2752 920 θυσίαν
2791 862 2903 917 τῶν
2948 861 3115 927 θεῶν,
3141 862 3345 923 οἵτινες
3384 860 3691 929 πᾶσαντὴν

2105 961 2436 1031 οἰκουμένην
2490 954 2932 1030 προσκαλοῦνται
2985 953 3125 1026 πρὸς
3169 952 3402 1016 ἑαυτούς
3428 967 3445 983 ⁸
3470 952 3563 1006 καὶ
3591 950 3691 1006 νῦν

2107 1052 2439 1124 προσέλθετε
2485 1052 2584 1106 καὶ
2602 1050 2820 1105 ιθύσατε
2870 1049 2970 1119 τὴν
3006 1045 3510 1119 κεχρεωστημένην
3553 1046 3692 1116 ἡμῖν

2106 1146 2301 1201 θυσίαν
2331 1149 2444 1210 τοῖς
2476 1144 2638 1210 θεοῖς,
2665 1143 2852 1206 καθῶς
2874 1143 3140 1213 ἐποίησαν
3159 1141 3363 1203 πάντες
3392 1141 3446 1192 οἱ
3476 1138 3694 1210 ἄνθρω-

2107 1255 2222 1293 ποι.
2247 1238 2385 1292 Τότε
2437 1236 2875 1308 Μαξιμιλλιανὺς
2908 1235 3257 1305 ἀποκριθεὶς,
3280 1227 3441 1287 εἶπεν
3475 1231 3556 1304 τῷ
3589 1235 3692 1303 βα-

2108 1332 2280 1386 σιλεῖ⁸
2317 1332 2556 1403 Ἔχομεν
2583 1330 2717 1384 Θεδν
2748 1330 2807 1384 ἐν
2840 1327 2919 1399 τῷ
2951 1325 3195 1398 οὐρανῷ,
3223 1326 3253 1378 ό
3279 1324 3511 1395 οὐρανὸς
3533 1326 3635 1378 καὶ
3656 1324 3693 1394 ἡ

2105 1425 2179 1494 γῆ
2211 1422 2577 1495 πεπλήρωται
2622 1421 2724 1491 τῆς
2762 1419 2925 1489 δόξης
2957 1417 3149 1483 αὐτοῦ,
3191 1415 3290 1471 καὶ
3333 1414 3484 1485 αὐτῷ
3514 1430 3691 1485 προσο

2109 1516 2352 1587 φέρομεν
2411 1513 2512 1586 τὴν
2565 1512 2818 1585 κρυπτὴν
2869 1509 3065 1565 θυσίαν
3097 1507 3200 1579 τῆς
3244 1508 3695 1579 ἐξομολογήσεως

2107 1609 2285 1682 ἡμῶν,
2307 1609 2403 1663 καὶ
2432 1610 2492 1663 ἐν
2523 1610 2589 1680 τῇ
2617 1606 2825 1678 σπουδῇ
2858 1606 2957 1677 τῆς
3003 1605 3248 1675 δεήσεως
3279 1600 3442 1673 ἡμῶν
3480 1603 3692 1671 ἐμφαι-

2107 1702 2313 1775 νόμεθα
2342 1700 2576 1756 ἐνώπιον
2622 1698 2792 1753 αὐτοῦ
2838 1698 3159 1761 διαπαντός.
3213 1696 3411 1767 Ἡμεῖς
3433 1694 3546 1765 γὰρ
3583 1697 3695 1764 τὴν

2109 1795 2302 1849 κνίσαν
2335 1793 2432 1848 τοῦ
2468 1791 2682 1848 καπνοῦ
2733 1792 2837 1864 τὴν
2880 1789 3327 1863 μεμολυσμένην,
3373 1786 3693 1859 ἔμπροσθεν

2104 1886 2340 1941 είδώλων
2365 1904 2460 1941 σου
2497 1886 2559 1940 ού
2602 1885 3012 1958 προσφέρομεν,
3045 1883 3169 1937 οὐδὲ
3207 1883 3321 1953 γὰρ
3377 1881 3690 1952 μολύνομεν

2101 1977 2202 2050 τὴν
2220 1978 2595 2048 καθαριότητα
2610 1976 2721 2031 τῶν
2736 1976 2926 2048 ψυχῶν
2953 1974 3113 2047 ἡμῶν
3137 1974 3235 2030 καὶ
3254 1972 3367 2027 τῶν
3390 1973 3687 2042 σωμάτων,

2173 2068 2251 2125 Ε⁹.
2300 2071 2439 2124 Τότε
2501 2056 2697 2132 Δέκιος
2750 2069 2813 2123 οὐ
2867 2065 3122 2138 διελέχθη
3174 2065 3511 2137 ἀμφοτέροις
3545 2065 3689 2136 ἅμα,
3740 2072 3743 2073 ⁷

2102 2163 2242 2218 ἀλλὰ
2273 2162 2491 2217 κελεύει
2532 2163 2775 2233 κοπῆναι
2804 2162 2905 2225 τὰς
2939 2160 3120 2226 ζώνας
3154 2160 3353 2215 αὐτῶν.
3387 2161 3498 2214 Καὶ
3537 2159 3692 2228 λέγει

2102 2256 2242 2327 πρὸς
2266 2256 2469 2320 αὐτούς
2489 2270 2503 2286 ⁸
2534 2254 2758 2326 Ἐπειδὴ
2782 2247 2942 2322 εῦρον
2960 2255 3105 2324 ὑμᾶς
3123 2253 3400 2316 ἐναντίους
3422 2252 3565 2306 κατὰ
3585 2254 3692 2323 τῆς

2101 2349 2389 2420 δυνάμεως
2414 2349 2524 2403 τῶν
2548 2348 2711 2414 θεῶν,
2750 2347 2840 2401 διὰ
2867 2345 3029 2401 τοῦτο
3062 2346 3157 2400 καὶ
3185 2345 3347 2416 ὑμεῖς
3390 2344 3692 2417 ἀλλοτριω-

2102 2442 2337 2529 θῄσεσθε
2362 2442 2464 2510 τῆς
2495 2441 2679 2495 αὐτῶν
2699 2439 3124 2529 μεγαλειότητος
3141 2440 3238 2492 καὶ
3260 2438 3362 2509 τῆς
3387 2439 3690 2508 στρατείας

2101 2523 2200 2606 τῆς
2235 2533 2519 2605 βασιλείας
2543 2534 2578 2603 ἡ
2589 2532 2729 2606 μῶν,
2776 2532 2884 2595 ἓως
2910 2523 2972 2585 οὗ
2996 2529 3151 2585 λάϐω
3177 2530 3376 2601 καιρὸν
3421 2531 3520 2585 καὶ
3544 2529 3690 2600 μετὰ

2101 2624 2433 2697 δοκιμασίας
2486 2605 3007 2695 ἐπερώτηθήσεσθε,
3068 2620 3202 2694 περὶ
3254 2621 3359 2692 τῆς
3409 2620 3578 2692 οὔσης
3630 2621 3698 2676 ἐν

2102 2718 2233 2789 ὑμῖν
2265 2717 2589 2791 θρησκείας·
2615 2716 2675 2770 ού
2700 2714 2811 2786 γὰρ
2844 2714 3059 2768 δίκαιόν
3109 2714 3266 2768 ἐστιν
3313 2714 3482 2779 εὐθὺς
3528 2717 3696 2771 ἀπωο

2100 2810 2292 2866 λέσθαι
2318 2812 2416 2884 τὴν
2448 2811 2681 2882 νεότητα
2713 2809 2869 2881 ὑμῶν
2894 2809 2989 2863 καὶ
3024 2808 3268 2881 μαράναι
3312 2807 3415 2873 τὰς
3464 2809 3690 2879 ἡλικίας

2104 2904 2263 2975 ὑμῶν
2295 2907 2354 2958 ὲν
2379 2904 2661 2968 ποικίλαις
2692 2901 2951 2974 βασάνοις
2981 2918 2997 2933 ο
3026 2902 3139 2972 ἐγὼ
3167 2902 3278 2975 γὰρ
3309 2903 3693 2975 συμπαθήσας

2101 2997 2297 3067 δίδωμι
2335 2995 2469 3067 ὑμῖν
2499 2994 2715 3067 καιρὸν,
2746 2995 2897 3058 ὅπως
2922 2994 2982 3047 ἐν
3008 2986 3158 3065 αύτῷ
3187 2995 3546 3064 σοφισθέντες
3567 2997 3690 3050 ἐπι-

2105 3088 2376 3161 στρέψητε
2405 3089 2502 3143 καὶ
2558 3088 2818 3159 ζήσεσθε.
2875 3087 3012 3141 Τότε
3052 3088 3346 3143 ἐκέλευσεν
3372 3089 3400 3142 ὁ
3429 3088 3690 3159 βασιλεὺς

2027 3211 2072 3272 C
2105 3183 2318 3249 Δέκιος,
2340 3181 2439 3236 καὶ
2463 3182 2677 3255 ἐπῇραν
2711 3182 2780 3235 τὰ
2800 3180 2960 3235 κλοιὰ
2990 3182 3062 3235 τὰ
3086 3182 3285 3252 σιδηρᾶ
3317 3183 3382 3236 ἐκ
3405 3182 3516 3237 τῶν
3552 3199 3683 3256 τραο

2108 3273 2293 3346 χήλων
2343 3274 2546 3338 αὐτῶν,
2597 3275 2691 3327 καὶ
2738 3272 2996 3341 ἐξέϐαλον
3029 3275 3230 3338 αὐτοὺς
3269 3275 3333 3329 ἐκ
3387 3275 3680 3347 προσώπω.

2105 3367 2201 3420 τοῦ
2258 3365 2546 3438 βασιλέως.
2601 3366 2739 3419 Τότε
2763 3363 2858 3420 οὖν
2885 3367 2913 3420 ό
2942 3366 3141 3431 Δέκιος
3198 3366 3430 3439 ἐξῆλθεν
3464 3371 3547 3434 είς
3587 3370 3677 3424 τὰς

2105 3460 2274 3523 ἄλλας
2312 3460 2520 3523 πόλεις,
2556 3459 2850 3528 πληρῶσαι
2878 3460 2940 3513 τὸ
2970 3459 3188 3531 θέλημα
3225 3460 3394 3515 αὐτοῦ
3436 3462 3534 3516 καὶ
3592 3462 3689 3516 οῦ-

2103 3562 2215 3613 τως
2238 3542 2327 3603 ἐπ’
2355 3549 2606 3603 ἀνελθείν
2648 3550 2729 3613 είς
2757 3548 2999 3621 Ἔφεσον
3030 3553 3130 3623 τὴν
3154 3552 3312 3607 πόλιν
3343 3549 3401 3606 ἐν
3435 3554 3588 3625 αὐτῷ
3613 3558 3676 3626 τιξ

2104 3638 2266 3711 θυμῷ
2309 3642 2410 3709 τῆς
2460 3638 2755 3703 ἀλαζονίας
2816 3639 3007 3704 αὑτοῦ,
3039 3640 3163 3694 τότε
3216 3638 3310 3696 οῦν
3367 3641 3523 3715 ἐδόθη
3572 3648 3695 3710 tsi,-

2103 3732 2282 3802 ἁγίοις
2317 3732 2527 3795 ἔνδοσις
2567 3732 2791 3803 ἡμερῶν
2823 3732 2977 3803 παρὰ
3010 3732 3107 3785 τοῦ
3143 3733 3434 3803 βασιλέως.

2175 3825 2267 3893 ς’.
2293 3824 2569 3886 Λαϐόντες
2620 3824 2716 3878 οὖν
2743 3824 2939 3895 καιρὸν
2969 3826 3017 3878 οί
3052 3825 3227 3894 ἆγιοι,
3261 3826 3592 3898 ἐπλήρωσαν
3622 3828 3697 3882 τὰ

2102 3916 2240 3987 ἔργα
2272 3918 2372 3986 τῆς
2410 3916 2769 3986 δικαιοσύνης
2792 3917 2851 3969 ὲν
2881 3920 2948 3987 τῇ
2980 3917 3167 3970 πίστει
3216 3915 3422 3982 αὐτῶν,
3462 3922 3559 3973 καὶ
3588 3921 3696 3975 λα-

2101 4008 2293 4073 ϐόντες
2324 4009 2550 4080 χρυσίον
2573 4009 2669 4063 καὶ
2698 4007 2966 4079 ἀργύριον
2988 4008 3179 4062 ἐκτῶν
3210 4009 3450 4078 γονικῶν
3477 4012 3695 4078 αὐτῶν,

2099 4102 2362 4157 διεδίδουν
2388 4104 2500 4166 τοῖς
2521 4104 2784 4174 πτωχοῖς*
2800 4102 2922 4156 τότε
2947 4102 3250 4172 ἐσκέψαντο
3283 4104 3403 4174 μετ’
3435 4105 3699 4178 ἀλλήλων

2099 4197 2197 4251 καὶ
2225 4191 2404 4250 εἷπον.
2437 4194 2902 4267 Ἀποχωρίσωμεν
2930 4196 3159 4260 ἐαυτοὺς
3182 4197 3369 4266 ὀλίγον
3408 4199 3504 4252 καὶ
3535 4199 3701 4265 ἐξέλ-

2100 4288 2286 4359 θωμεν
2311 4289 2377 4343 ἐκ
2401 4288 2503 4358 τῆς
2533 4288 2747 4352 πόλεως
2772 4288 3001 4360 ταύτης,
3030 4289 3125 4343 καὶ
3156 4290 3490 4362 ἀπέλθωμεν
3520 4294 3607 4357 είς
3629 4294 3699 4348 τὸ

2101 4383 2366 4455 σπήλαιον
2402 4382 2466 4436 τὸ
2511 4382 2659 4455 μέγα
2703 4384 2766 4438 τὸ
2788 4383 2855 4437 ὃν
2885 4383 2945 4450 ἐξ
2991 4383 3273 4440 ἀνατολῶν
3319 4388 3421 4456 τῆς
3450 4387 3694 4452 πόλεως.

2098 4478 2211 4531 Καὶ
2247 4474 2533 4548 δεηιθῶμεν
2587 4477 2707 4530 ἐκεῖ
2765 4474 2862 4529 τοῦ
2894 4475 3032 4529 Θεοῦ
3074 4476 3238 4547 ήμῶν
3274 4478 3417 4548 μετὰ
3447 4480 3702 4551 ἡσυχίας

402 4569 710 4625 Orientem.
753 4568 883 4624 'lllic
932 4569 1121 4639 quiete
1178 4570 1449 4636 viventes,
1507 4570 1678 4627 Deum
1734 4584 1985 4629 nostrum

2101 4569 2355 4634 ἐκτενῶς,
2406 4571 2500 4623 καὶ
2560 4569 2984 4641 εὐτρεπίσωμεν
3032 4569 3267 4633 ἑαυτοὺς
3318 4569 3558 4625 ἐνώπιον
3586 4571 3696 4626 τοῦ

401 4662 629 4716 attentis
658 4670 715 4717 et
745 4660 985 4717 assiduis
1024 4661 1279 4733 precibus
1309 4676 1553 4727 oremus,
1590 4672 1650 4717 ut
1682 4665 1816 4720 tales
1846 4664 1990 4720 eﬁici

378 4760 683 4825 possimus
738 4754 833 4825 qui
886 4761 1017 4808 ante
1065 4755 1280 4827 tyranni
1337 4764 1623 4827 aspectum
1677 4765 1992 4813 constanter

401 4862 547 4903 stare
599 4848 922 4903 valeamus:
974 4861 1156 4918 neque
1220 4847 1543 4904 desinamus
1609 4849 1704 4903 Dei
1760 4849 1988 4921 gloriam

402 4940 742 5003 collauzlarc,
804 4949 861 4995 ut
904 4938 1057 4994 Deus
1106 4940 1228 5010 ipse
1284 4954 1388 5009 ope
1434 4954 1533 4994 sua
1589 4955 1689 4995 nos
1743 4941 1988 5009 adjuvet,

405 5048 515 5104 quo
562 5043 767 5088 rectam
826 5033 947 5105 ejus
1007 5030 1421 5087 confessionem
1485 5046 1792 5097 servemus,
1826 5046 1989 5088 coro-

408 5139 644 5195 namque
724 5123 871 5179 iiiam
939 5123 1313 5195 incorruptam
1384 5122 1472 5179 his
1548 5133 1831 5192 paratam,
1895 5125 1988 5196 qui

405 5218 526 5289 ejus
584 5215 744 5271 ﬁdem
807 5217 1149 5282 custodiunt,
1197 5222 1254 5270 et
1297 5214 1578 5271 Christum
1623 5225 1986 5287 agnoverunt,

404 5308 654 5376 accipere
735 5307 1029 5379 possimus.
1098 5307 1287 5377 Itaque
1334 5323 1459 5363 cum
1516 5316 1728 5364 tantum
1777 5310 1988 5383 argenti

404 5400 790 5470 sumpsissent,
817 5398 1079 5471 quantum
1121 5399 1228 5455 illis
1270 5399 1337 5454 ad
1384 5409 1663 5471 sumptum
1694 5402 1826 5458 satis
1863 5417 1989 5460 esse

400 5500 608 5562 poswt,
641 5496 1009 5548 ascenderunt
1047 5492 1105 5547 in
1132 5493 1448 5564 speluncam
1485 5493 1541 5548 in
1580 5503 1764 5550 monte
1803 5494 1986 5562 sitam,

400 5591 581 5647 (mons
612 5584 821 5639 Ochlon
876 5584 1207 5656 appellatur)
1226 5600 1334 5657 qua
1365 5585 1421 5640 in
1467 5586 1589 5641 loco
1623 5587 1826 5643 multos
1868 5588 1988 5645 dies

402 5683 804 5744 transegerunt,
869 5676 1039 5732 Deum
1111 5677 1292 5747 ipsum
1353 5685 1598 5745 orantes,
1655 5688 1710 5734 et
1753 5679 1985 5736 salutem

404 5760 708 5816 animarum
778 5779 1002 5821 suarum
1063 5782 1284 5838 semper
1349 5768 1419 5823 ab
1487 5784 1555 5825 eo
1618 5772 1984 5840 postulantes.

404 5843 665 5902 lamblico
718 5862 920 5920 aut-:m,
950 5858 1042 5927 qui
1088 5858 1342 5916 omnibus
1396 5861 1516 5917 aliis
1547 5873 1669 5918 erat
1708 5874 1839 5920 natu
1882 5866 1985 5922 mi-

2090 4663 2358 4733 τυράννου
2394 4663 2772 4732 παραστῆναι,
2802 4661 2876 4733 μὴ
2911 4660 3009 4714 οῦν
3055 4662 3400 4733 ἀργήσωμεν
3443 4663 3556 4717 ἀπὸ
3584 4665 3701 4734 τῆς

2088 4754 2401 4824 δοξολογίας
2426 4744 2522 4809 τοῦ
2561 4754 2722 4807 Θεοῦ.
2753 4755 2864 4809 Καὶ
2911 4754 2976 4807 τὸ
3026 4754 3244 4827 θέλημα
3274 4755 3444 4810 αὑτοῦ
3476 4759 3702 4830 ποιήση

2091 4847 2215 4918 μεθ’
2248 4846 2411 4918 ἡμῶν
2438 4846 2467 4899 ό
2498 4845 2729 4918 Κύριος,
2780 4851 2880 4902 καὶ
2933 4847 3328 4920 πληρώσωμεν
3376 4848 3477 4920 τὴν
3509 4850 3701 4921 καλὴν

2087 4939 2384 5011 ὁμολογίαν
2429 4941 2463 5008 ἠ
2474 4939 2594 5011 μῶν
2633 4940 2872 4995 ἐνώπιον
2908 4940 3009 4996 τοῦ
3046 4943 3342 5012 τυράννου,
3375 4943 3470 4996 καὶ
3502 4941 3694 4996 λάϐω-

2092 5053 2193 5106 μεν
2232 5036 2325 5090 τὸν
2352 5035 2680 5107 ἀμάραντον
2715 5036 2991 5106 στέφανον
3019 5036 3116 5091 τὸν
3138 5036 3547 5108 ἡτοιμασμένον
3569 5041 3701 5103 τοῖς

2089 5130 2306 5192 πιστοῖς
2332 5128 2431 5183 καὶ
2471 5129 2844 5197 ἐπεγνωκόσι.
2870 5130 2983 5183 Καὶ
3011 5129 3276 5193 λαϐόντες
3306 5130 3447 5201 μετὰ
3485 5133 3696 5201 χεῖρας

2087 5220 2352 5294 ἀργύριον
2369 5222 2452 5284 είς
2468 5222 2627 5292 λόγον
2643 5222 2744 5292 τῆς
2753 5221 3003 5294 δαπάνης
3015 5222 3216 5291 αὐτῶν,
3233 5223 3512 5294 ἀνέϐησαν
3524 5226 3610 5288 εἰς
3626 5226 3700 5278 τὸ

2090 5314 2356 5386 σπήλαιον
2376 5317 2437 5369 τὸ
2452 5314 2514 5369 δν
2534 5317 2594 5370 ὲν
2612 5316 2689 5387 τῷ
2701 5317 2818 5387 όρει
2836 5316 2914 5391 τῷ
2930 5316 3213 5387 λεγομένῳ
3236 5318 3473 5389 Μοχλδς,
3494 5319 3592 5372 καὶ
3611 5320 3704 5373 δι-

2087 5408 2223 5478 ῆγον
2248 5408 2368 5461 ἐκεῖ
2389 5406 2594 5472 πολλὰς
2614 5408 2832 5479 ἡμέρας
2852 5409 3290 5481 προσευχόμενοι
3306 5412 3404 5465 καὶ
3432 5409 3698 5481 δεόμενοι

2087 5494 2182 5551 τοῦ
2213 5497 2350 5551 Θεοῦ
2395 5497 2483 5552 διὰ
2535 5499 2761 5563 παντὸς,
2807 5500 2952 5571 ὑπὲρ
3006 5501 3106 5572 τῆς
3155 5503 3435 5573 σωτηρίας
3470 5502 3693 5561 αότῶν.

2099 5587 2407 5661 Ἰάμϐλιχον
2418 5587 2476 5642 δὲ
2493 5588 2658 5643 νεώτε
2670 5607 2760 5660 ρον
2772 5590 2904 5645 ὅντα
2919 5591 3016 5644 καὶ
3036 5591 3410 5663 δυνατώτερον
3428 5595 3525 5647 καὶ
3542 5596 3693 5666 φρό-

2086 5698 2268 5753 νιμον,
2292 5679 2483 5747 ἔταξεν
2503 5682 2776 5737 διακονεῖν
2791 5684 2997 5748 αὐτοῖς’
3024 5684 3122 5739 καὶ
3146 5685 3236 5739 ὅτε
3255 5685 3572 5757 κατήρχετο
3599 5689 3695 5752 είς

2086 5774 2187 5846 τὴν
2225 5775 2380 5829 πόλιν
2404 5773 2649 5845 ηλλασσε
2680 5780 2749 5830 τὰ
2790 5777 2991 5849 ἱμάτια
3012 5777 3183 5834 αὑτοῦ
3205 5778 3282 5844 ὡς
3309 5778 3553 5849 πτωχὸς,
3580 5780 3696 5835 καὶ

2091 5865 2369 5938 ἐλάμϐανε
2427 5866 2551 5936 μεθ’
2590 5866 2793 5923 ἐαυτοῦ
2854 5868 3130 5942 ἀργύριον
3174 5869 3271 5929 καὶ
3327 5868 3501 5926 ιδίδου
3560 5871 3695 5936 τοῖς
