3994 6434
296 419 409 488 433
1398 430 1497 494 DE
1538 429 1837 491 SEPTEM
1877 422 1912 491 Ε

2017 426 2494 493 lMiENTIBUS.
2635 430 2639 433 ⁷
3460 421 3566 489 434

299 545 540 615 πτωχοῖς
593 545 653 610 ἐξ
691 545 883 615 αὐτοῦ,
942 547 1038 603 καὶ
1083 544 1324 618 ἠκροᾶτο
1366 545 1421 600 τί
1461 545 1684 613 ἐλέγετο
1712 545 1772 600 ἐν
1806 543 1886 615 τῷ

2017 560 2111 612 ιον,
2146 555 2201 601 et
2245 542 2514 600 obeundis
2570 537 2893 597 ministeriis
2957 536 3135 611 aptior
3182 545 3348 611 atque
3405 552 3570 608 expe-

301 633 555 707 παλατίῳ
612 635 709 689 τοῦ
767 638 1059 709 βασιλέως.
1090 638 1203 693 Καὶ
1257 636 1434 702 οὕτως
1484 637 1732 707 ἠγόραζε
1784 635 1883 707 τὴν

2017 635 2179 703 litior,
2248 634 2568 707 impositum
2624 633 2731 690 fuit
2792 631 3103 705 negotium,
3164 640 3227 686 ut
3274 631 3331 686 in
3376 631 3569 686 urbem

296 726 492 797 χρείαν
522 728 708 783 αὐτῶν
740 732 836 786 καὶ
887 732 1178 803 ἀνήρχετο,
1207 729 1561 799 ἀναγγέλλων
1592 729 1777 793 αὐτοῖς
1811 728 1882 783 τὰ

2017 728 2365 797 lcscenderet,
2413 736 2473 783 et
2500 726 2547 783 si
2583 727 2717 798 quid
2769 724 2888 781 ﬂeri
2922 740 3062 796 opus
3105 729 3270 789 esset,
3325 723 3443 795 ipse
3496 722 3572 777 la-

297 813 577 886 λεγόμενα
610 817 706 871 καὶ
742 820 1105 890 πραττόμενα
1136 817 1260 874 κατ’
1294 817 1479 873 αὐτῶν
1504 819 1564 872 ἐν
1597 816 1677 888 τῷ
1702 817 1882 871 παλα-

2020 826 2157 876 eret.
2216 821 2349 876 Erat
2407 827 2594 875 autem
2656 817 2880 890 juvenis
2934 816 3026 873 ille
3084 816 3243 873 valde
3303 816 3569 887 prudens.

295 904 403 976 τέῳ
428 907 524 961 τοῦ
557 908 852 979 βασιλέως.

2017 921 2172 982 taque
2229 926 2354 967 cum
2407 911 2475 967 ad
2543 909 2730 965 urbem
2787 905 3175 971 descendebat,
3231 923 3297 960 ne
3355 906 3571 978 agnosci

298 1010 509 1073 posset,
543 1014 750 1061 vestem
806 1008 1072 1075 mutabat,
1128 1020 1185 1066 et
1225 1024 1368 1065 unus
1404 1008 1601 1079 aliquis
1649 1023 1682 1064 e
1730 1021 1962 1063 numero
1993 1006 2373 1063 mendicorum
2410 1006 2745 1063 videbatur:
2794 1017 3030 1073 cumque
3068 1002 3354 1073 pecuniam
3386 1014 3571 1055 secum

296 1093 554 1161 haberet,
585 1099 1065 1171 partemaliquam
1107 1102 1440 1174 pauperibus
1467 1100 1831 1158 distribuebat
1861 1116 1876 1154 :
1911 1099 2073 1156 dabat
2119 1100 2281 1157 etiam
2338 1113 2583 1171 operam,
2616 1106 2678 1155 ut
2713 1095 3171 1158 subauscultarct,
3210 1092 3466 1164 quidnam
3507 1091 3574 1146 de

295 1187 634 1260 imperatore
665 1193 960 1251 diceretur.

367 1282 447 1337 Z'.
470 1286 584 1338 Kal
620 1286 743 1358 μεθ’
764 1288 978 1369 ἡμέρας
998 1291 1178 1357 τινας,
1229 1290 1536 1365 ἐπανῆλθεν
1563 1293 1593 1347 ὁ
1628 1291 1885 1364 βασιλεὺς

303 1374 493 1439 Δέκιος
520 1376 603 1441 είς
637 1378 895 1449 Ἔφεσον,
924 1383 1016 1436 καὶ
1067 1386 1415 1458 παραχρῆμα
1466 1386 1721 1441 ἐκέλευσε
1753 1386 1884 1451 τοὺς

270 1534 277 1557 ⁹
304 1466 561 1534 πρώτους
588 1468 689 1540 τῆς
735 1470 966 1538 πόλεως,
1018 1474 1107 1530 ἵνα
1133 1479 1248 1539 τοῖς
1280 1477 1414 1548 περὶ
1454 1475 1758 1550 Ἀχιλείδην
1789 1480 1886 1534 καὶ

301 1559 419 1623 τοῖς
466 1559 710 1635 ἑταίροις
737 1564 926 1631 αὑτοῦ,
955 1565 1168 1632 θυσίαις
1191 1569 1464 1624 ἐπιτελεῖν
1495 1572 1611 1635 τοῖς
1635 1571 1890 1641 ματαίοις

302 1650 579 1717 εἰδώλοις,
631 1654 765 1726 περὶ
828 1656 1011 1712 αὐτῶν
1068 1660 1178 1733 γὰρ
1219 1660 1568 1733 ἐνεθυμεῖτο.
1611 1663 1724 1717 Kal
1779 1663 1889 1736 γὰρ

306 1737 618 1809 ἐγνώριζεν
646 1741 872 1807 αὐτούς.
930 1746 1043 1799 Kal
1072 1746 1217 1803 οὕτω
1263 1751 1678 1824 κατεσχέθησαν
1706 1754 1756 1808 ol
1799 1772 1887 1808 πιο

305 1830 430 1920 στοὶ
454 1832 605 1905 sese:
630 1834 873 1908 μεγάλῳ,
897 1840 991 1893 καὶ
1010 1841 1171 1906 αὐτὸς
1192 1842 1247 1896 δὲ
1263 1844 1537 1917 Διομήδης
1561 1847 1590 1899 6
1617 1849 1710 1901 καὶ
1742 1846 1891 1920 Ἰάμ-

302 1919 499 1990 ϐλιχος
523 1924 766 1990 ἀκούσας
790 1926 989 1998 ταῦτα,
1017 1932 1210 2004 ἐξῆλθε
1232 1935 1332 2005 τῆς
1355 1909 1569 2003 πόλεως
1595 1937 1740 2010 ἔχων
1771 1909 1891 2012 μεθ’
1921 1909 1966 1966 Β

303 2012 513 2066 ἐαυτοῦ
539 2014 757 2084 ὀλίγους
789 2018 1015 2089 ἄρτους,
1040 2024 1135 2077 καὶ
1157 2025 1328 2097 ἀνέϐη
1360 2026 1440 2091 είς
1466 2027 1526 2081 τὸ
1559 2026 1686 2101 ὅρος
1719 2031 1779 2084 ἐν
1815 2031 1895 2103 τῷ

304 2103 585 2176 σπηλαίῳ,
612 2107 748 2162 ὅπου
771 2106 915 2181 ἦσαν
949 2114 999 2167 οί
1028 2114 1235 2187 ἑταῖροι
1262 2118 1452 2173 αὐτοῦ’
1477 2120 1572 2175 καὶ
1597 2121 1897 2195 διηγήσατο

304 2195 501 2261 αὐτοῖς
527 2199 598 2257 τὰ
619 2201 751 2272 περὶ
793 2203 897 2275 τῆς
921 2206 1133 2261 εἰσόδου
1159 2209 1255 2263 τοῦ
1283 2212 1555 2284 τυράννου
1584 2214 1643 2268 ἐν
1671 2214 1752 2286 τῷ
1783 2231 1894 2270 πα-

304 2287 507 2361 λατίῳ.
530 2291 628 2345 καὶ
650 2293 733 2348 ὅτι
761 2295 1110 2370 ἐξῃτήθησαν
1140 2302 1283 2372 μετὰ
1314 2304 1425 2359 τῶν
1456 2306 1896 2380 πολιτευομένων

308 2380 582 2437 εἰσελθεῖν
608 2385 703 2439 καὶ
730 2385 892 2442 θῦσαι
938 2390 1174 2447 ἐνώπιον
1215 2395 1404 2461 αὐτοῦ,
1429 2398 1527 2452 καὶ
1556 2398 1898 2467 ἀκούσαντες

309 2476 490 2532 ταῦτα
519 2479 727 2551 σφόδρα
750 2482 1125 2557 ἐφοϐήθησαν,
1152 2490 1250 2542 καὶ
1290 2490 1600 2562 ἐδεήθησαν
1638 2493 1733 2549 τοῦ
1759 2495 1897 2549 Θεοῦ

320 2570 455 2639 μετὰ
478 2571 756 2646 κλαυθροῦ
800 2577 900 2631 καὶ
957 2582 1269 2654 στεναγμοῦ
1333 2587 1592 2656 μεγάλου.
1632 2589 1899 2658 Ἀναστὰς

322 2662 380 2716 δὲ
398 2666 693 2739 Διομήδης,
711 2670 1026 2744 παρέθηκεν
1049 2674 1282 2731 ἐνώπιον
1292 2679 1474 2734 αὐτῶν
1490 2682 1791 2752 τράπεζαν,
1808 2686 1903 2741 καὶ

318 2758 448 2821 τοὺς
480 2759 687 2829 ἄρτους
716 2758 811 2827 οῦς
838 2764 1081 2838 ἠγόρασε
1111 2770 1204 2824 τοῦ
1235 2772 1564 2842 μεταλαϐεῖν
1583 2777 1782 2840 αὐτοὺς
1808 2777 1904 2832 καὶ

317 2851 776 2926 ἐνδυναμωθῆναι
845 2858 986 2929 πρὸς
1027 2862 1119 2915 τὸν
1167 2863 1412 2936 πόλεμον
1470 2866 1565 2921 τοῦ
1611 2869 1900 2939 τυράννου,

307 2943 457 3014 ὖμοῦ
486 2946 546 3000 δὲ
574 2947 955 3006 καθεσθέντων
1001 2954 1184 3009 αὐτῶν
1212 2958 1270 3011 ἐν
1309 2957 1461 3031 μέσῳ
1503 2958 1599 3015 τοῦ
1631 2960 1904 3032 σπηλαίου

312 3035 625 3103 μετέλαϐον
655 3036 889 3112 τροφῆς,
910 3044 1039 3115 περὶ
1063 3045 1274 3116 δυσμὰς
1299 3047 1454 3120 ἡλίου
1472 3064 1487 3078 ο
1513 3051 1590 3116 ὡς
1625 3045 1719 3105 οὖν
1742 3052 1908 3108 ἐκαθ-

318 3126 510 3192 έζοντο
566 3129 902 3204 λυπούμενοι
929 3137 1025 3191 καὶ
1052 3137 1374 3209 ὁμιλοῦντες
1394 3140 1664 3212 ἀλλήλοις,
1683 3143 1910 3201 ἐνύστα-

2062 1292 2175 1350 νιι.
2212 1294 2344 1350 Post
2372 1293 2581 1364 aliquot
2618 1290 2736 1348 dies
2768 1289 2932 1346 rediit
2956 1288 3257 1360 imperator
3291 1285 3487 1341 Decius
3518 1283 3575 1338 in

1992 1388 2184 1445 urbem
2216 1387 2542 1459 Ephesum:
2587 1394 2640 1444 et
2666 1384 2853 1441 statim
2894 1382 3062 1453 jussit
3104 1382 3397 1452 optimates
3451 1392 3576 1433 cum

1992 1479 2078 1536 bis
2117 1481 2210 1552 qui
2250 1480 2578 1536 Aeliillidem
2625 1476 3016 1548 sequebantur,
3047 1483 3104 1529 et
3129 1472 3251 1528 aliis
3277 1470 3370 1541 qui
3420 1477 3582 1525 erant

1991 1571 2123 1641 illic,
2154 1572 2421 1629 sacriﬁcia
2455 1571 2612 1627 vanis
2648 1569 2808 1626 idolis
2839 1567 3042 1623 olferre
3072 1581 3088 1619 :
3123 1564 3191 1620 de
3231 1562 3384 1619 falsis
3432 1559 3579 1617 enim

1992 1666 2097 1724 diis
2139 1665 2255 1722 suis
2291 1674 2411 1720 erat
2452 1663 2613 1719 valde
2659 1660 2950 1727 sollicitus,
2982 1673 3109 1714 cum
3158 1671 3347 1712 eorum
3371 1652 3583 1708 vanita-

1990 1766 2102 1815 tem
2131 1772 2243 1813 non
2274 1761 2648 1828 cognosceret.
2694 1753 3061 1820 Quamobrem
3094 1748 3418 1805 Christianae
3456 1743 3583 1799 ﬁdei

1992 1860 2294 1929 sectatores
2344 1850 2539 1907 timore
2590 1864 2788 1922 magno
2832 1847 3228 1903 adiciebantur.
3282 1842 3409 1897 Haec
3454 1855 3582 1896 cum

1993 1941 2292 2000 Jamblicus
2319 1943 2643 2010 audivisset,
2675 1955 2929 2013 egressus
2955 1949 3130 1995 estex
3171 1936 3328 2002 urbe,
3377 1948 3586 2007 paucos

1994 2051 2167 2107 panes
2195 2051 2384 2093 secum
2426 2035 2629 2115 ferens,
2669 2045 2724 2090 et
2752 2033 2821 2090 ad
2861 2032 3063 2088 montis
3102 2031 3440 2101 speluncam,
3491 2025 3586 2081 ubi

1996 2130 2155 2180 erant
2190 2123 2348 2191 socii,
2382 2139 2635 2180 reversus
2661 2131 2764 2178 est.
2811 2120 3067 2177 Narravit
3107 2117 3426 2181 Jamblicus,
3462 2128 3587 2186 qua:

1997 2216 2055 2273 in
2113 2217 2328 2288 tyranni
2386 2216 2592 2288 palatio
2641 2215 2708 2271 ad
2761 2214 2882 2286 eius
2930 2214 3240 2284 ingressum
3312 2206 3584 2271 audierat,

1997 2316 2055 2359 et
2095 2306 2557 2376 quemadmodum
2597 2303 2812 2377 quaesiti
2850 2303 3068 2359 fuerant
3113 2310 3169 2357 et
3207 2299 3335 2371 ipsi,
3372 2306 3432 2354 ut
3478 2311 3586 2352 una

1999 2412 2123 2452 cum
2152 2397 2275 2453 aliis
2313 2397 2549 2463 civibus,
2595 2403 2867 2470 praesente
2907 2394 3258 2466 imperatore,
3307 2387 3585 2446 sacriﬁca-

1999 2497 2144 2544 rent.
2193 2489 2291 2545 Ilis
2341 2491 2566 2557 auditis,
2635 2490 2936 2546 timuerunt
2983 2486 3084 2553 illi,
3123 2495 3180 2541 et
3235 2484 3410 2539 multo
3460 2496 3587 2538 cum

2001 2580 2207 2653 gemitu
2236 2596 2301 2636 ac
2334 2581 2588 2654 lacrymis
2629 2579 2800 2636 Deum
2858 2576 3064 2651 precati
3117 2584 3267 2631 sunt.
3321 2572 3589 2644 Apposita

2002 2680 2088 2730 est
2133 2673 2300 2744 igitur
2348 2673 2455 2729 illis
2501 2689 2693 2729 mensa
2736 2680 2792 2728 et
2845 2686 3039 2743 panes,
3108 2683 3249 2739 quos
3291 2664 3589 2723 Jamblicus

2003 2774 2232 2832 emerat,
2269 2773 2330 2820 ut
2359 2766 2541 2821 cibum
2589 2772 2896 2831 sumerent,
2943 2771 2999 2818 et
3032 2762 3101 2818 ad
3146 2759 3361 2834 tyranni
3410 2765 3592 2812 certa-

2004 2873 2132 2914 men
2168 2858 2549 2914 sustinendum
2601 2857 2968 2929 promptiores
3023 2853 3237 2910 tierent.
3280 2848 3593 2905 Consedere

2005 2950 2175 3022 igitur
2221 2950 2278 3006 in
2313 2951 2492 3007 media
2559 2951 2845 3021 spelunca,
2901 2956 2957 3003 et
3018 2947 3135 3003 sole
3175 2943 3463 3000 occidente
3516 2938 3594 2994 Cir

2005 3042 2137 3099 bum
2186 3049 2563 3114 sumpserunt.
2599 3040 2738 3097 Cum
2797 3053 2929 3096 vero
2976 3038 3163 3094 tristes
3216 3034 3496 3098 sederent,
3541 3039 3598 3087 et

2009 3137 2154 3193 inter
2182 3152 2242 3193 se
2270 3136 2737 3207 colloquerentur,
2786 3131 3026 3189 dormire
3081 3135 3399 3203 coeperunt;
3440 3131 3601 3184 erant

319 3222 423 3292 ξαν
447 3223 545 3278 καὶ
567 3225 1048 3299 ἀπεκοιμήθησαν
1066 3227 1209 3304 ἦσαν
1229 3233 1340 3306 γὰρ
1359 3236 1408 3289 οἱ
1433 3234 1706 3308 ὀφθαλμοὶ
1728 3238 1908 3294 αὐτῶν

2017 3229 2159 3285 enim
2190 3243 2382 3285 eorum
2430 3227 2574 3286 oculi
2615 3233 2842 3301 propter
2872 3237 3166 3283 maerorem
3219 3218 3463 3295 gravati.‘.

326 3318 703 3393 βεϐαρημένοι
735 3312 844 3378 ἀπο
874 3324 975 3394 τῆς
993 3322 1174 3396 λύπης
1196 3326 1295 3398 τῆς
1318 3326 1490 3402 οῦσης
1521 3329 1580 3384 ἐν
1604 3331 1676 3404 τῇ
1704 3330 1909 3406 καρδία

322 3412 529 3468 αὖτῶν.

395 3502 482 3558 Il'.
497 3506 559 3558 '0
573 3505 628 3559 δὲ
648 3507 949 3581 οἰκτίρμων
973 3510 1066 3565 καὶ
1081 3511 1461 3585 φιλάνθρωπος
1474 3513 1627 3584 Θεὸς,
1642 3518 1669 3572 ὃ
1681 3517 1912 3574 πᾶντοτε

323 3598 730 3670 προνοούμενος
758 3604 866 3656 τῶν
888 3600 1091 3657 δούλων
1126 3606 1317 3672 αὐτοῦ,
1343 3608 1685 3679 προσέταξεν
1707 3612 1912 3679 αὐτοὺς

324 3689 516 3744 θανεῖν
578 3691 669 3746 τδν
727 3694 943 3748 αἱνετδν
975 3694 1208 3752 θάνατον
1250 3700 1346 3752 καὶ
1400 3703 1661 3772 χρηστὸν,
1721 3703 1912 3760 ἕνεκεν

322 3781 439 3835 τῶν
464 3781 774 3855 μελλῦντων
805 3786 1294 3845 ἀπσκαλῦπτεσθαι
1319 3791 1639 3863 θαυμάτων.
1674 3795 1785 3850 Kal
1814 3796 1917 3852 οὐκ

326 3876 563 3948 ᾔσθοντο
607 3880 741 3949 περὶ
794 3881 895 3950 τῆς
948 3882 1278 3955 κοσμῆσεως
1330 3885 1428 3939 τοῦ
1483 3885 1656 3941 ὕπνου
1710 3889 1912 3946 αὐτῶν.

327 3967 447 4021 Καὶ
472 3966 645 4033 οὕτως
669 3970 1044 4043 ἐκοιμήθησαν
1068 3975 1159 4026 ἐπὶ
1175 3975 1274 4045 τῆς
1292 3975 1415 4045 γῆς,
1440 3976 1467 4029 ὁ
1495 3976 1569 4042 ὡς
1588 3977 1755 4044 ὕπνος
1779 3981 1914 4036 καθα

328 4062 618 4132 ημερινδς,
641 4065 735 4117 καὶ
752 4060 1045 4121 ἀπέδωκαν
1073 4066 1170 4130 τὰς
1192 4066 1372 4138 ψυχὰς
1405 4069 1609 4124 αὐτῶν.
1649 4071 1739 4137 Ὠς
1772 4073 1920 4129 ἔστιν

327 4156 363 4225 ἡ
389 4155 677 4225 δοξολογία
705 4158 764 4211 ἐν
788 4157 868 4230 τῷ
904 4159 1135 4232 στόματι
1184 4161 1392 4230 αὐτῶν,
1430 4164 1525 4220 καὶ
1549 4164 1612 4218 τὸ
1648 4166 1920 4238 ἀργύριον

328 4244 363 4300 δ
385 4243 455 4318 ἦν
478 4248 543 4301 ἐν
567 4249 681 4314 τοῖς
741 4247 1051 4320 βαλαντίοις
1072 4253 1278 4320 αὐτῶν,
1321 4249 1392 4328 ἦν
1420 4256 1553 4329 παρ’
1578 4257 1764 4324 αὐτοῖς
1788 4258 1920 4315 ἔνθα

331 4330 479 4409 ἦσαν
504 4340 753 4412 κείμενοι
790 4345 886 4398 ἐπὶ
929 4346 1029 4417 τὴν
1080 4346 1207 4418 γῆν.
1235 4348 1314 4421 Τῇ
1341 4348 1397 4402 δὲ
1421 4349 1552 4421 ἑξῆς
1593 4350 1763 4405 ἕωθεν
1818 4355 1920 4406 έπ-

332 4435 610 4505 εζήτησεν
632 4436 834 4502 αὐτοὺς
871 4438 900 4491 ὁ
941 4437 1220 4510 βασιλεὺς,
1274 4442 1479 4513 μεταξὺ
1534 4442 1645 4498 τῶν
1689 4445 1923 4515 πρώτων

328 4524 435 4581 καὶ
458 4527 572 4581 τῶν
610 4529 1049 4603 πολιτευομένων
1081 4534 1138 4587 ἐν
1163 4534 1329 4589 παντὶ
1354 4534 1510 4606 τόπῳ
1539 4537 1639 4605 τῆς
1685 4537 1919 4605 πόλεως,

337 4622 438 4675 καί
465 4621 569 4692 οὖχ
599 4622 927 4697 εὑρέθησαν.
994 4627 1106 4680 Καὶ
1138 4622 1292 4681 εἶπεν
1321 4627 1349 4680 ὁ
1382 4627 1638 4699 βασιλεὺς
1670 4631 1785 4694 τοῖς
1820 4648 1923 4703 μεη
1956 4608 2004 4668 D

338 4716 600 4782 γιστὰσιν
628 4715 798 4770 αὑτοῦ
828 4731 842 4747 ⁸
876 4716 1019 4772 Πολὺ
1052 4718 1332 4791 ἐλυπήθην
1352 4719 1440 4774 διὰ
1471 4719 1569 4792 τὴν
1602 4719 1783 4792 θλίψιν
1817 4721 1927 4777 τῶν

340 4806 646 4862 νεανίσκων
682 4809 931 4875 ἐκείνων,
950 4811 1033 4865 ὅτι
1060 4812 1228 4869 τέκνα
1261 4812 1533 4886 λαμπρῶν
1552 4814 1648 4869 καὶ
1677 4816 1929 4886 μεγάλων

339 4896 507 4972 ἦσαν,
546 4901 644 4955 καὶ
692 4901 969 4957 ὑπέλαϐον
1003 4903 1085 4958 ὅτι
1124 4906 1157 4976 ἡ
1211 4904 1461 4977 βασιλεία
1507 4906 1668 4978 ἡμῶν
1696 4907 1927 4981 ὁργίσθη

343 4993 468 5046 κατ’
503 4993 710 5058 αὐτῶν,
741 4993 828 5049 διὰ
855 4994 955 5066 τὴν
993 4996 1253 5052 ἀσέϐειαν
1281 4997 1379 5069 τῆς
1415 4996 1786 5071 παραϐάσεως
1833 5000 1931 5056 αὐ-

343 5086 456 5138 τῶν
509 5086 611 5158 τῆς
655 5086 966 5161 ἔμπροσθέν
1013 5105 1115 5161 μου
1149 5105 1166 5121 ·
1214 5093 1308 5145 καὶ
1346 5094 1379 5164 ή
1423 5092 1808 5166 φιλανθρωπία
1835 5095 1930 5150 τοῦ

346 5178 586 5253 κράτους
608 5180 769 5251 ἡμῶν
791 5181 851 5233 οὐ
883 5184 1219 5253 μνησικακεῖ
1242 5187 1354 5248 τοῖς
1404 5186 1805 5257 παραϐαίνουσι
1837 5187 1933 5242 καὶ

343 5273 745 5344 ἐπιστρέφουσι
785 5274 923 5345 πρὸς
967 5277 1101 5342 τοὺς,
1149 5277 1417 5349 εὐμενεῖς
1443 5279 1623 5344 θεούς.
1667 5281 1933 5354 Ἀπεκρί-

346 5367 525 5440 θησαν
555 5366 615 5420 ὃέ
644 5366 694 5420 oi.
728 5366 936 5440 πρῶτοι
961 5366 1061 5440 τῆς
1112 5370 1342 5435 πόλεως,
1371 5370 1465 5425 καὶ
1488 5365 1643 5425 εἷπον
1670 5371 1747 5443 τῷ
1779 5373 1936 5443 βασι-

345 5458 432 5513 λεῖ
450 5475 465 5491 -
490 5460 629 5530 Περὶ
659 5459 888 5513 ἐκείνων
908 5459 1019 5513 τῶν
1041 5460 1327 5532 νεωτέρων
1350 5462 1460 5517 τῶν
1485 5462 1832 5529 ἀποστατῶν,
1858 5466 1936 5537 μὴ

349 5552 496 5607 εστω
524 5554 583 5606 ὲν
620 5551 794 5624 ’λύπῃ
824 5551 887 5605 τδ
931 5554 1132 5625 κράτος
1160 5571 1278 5623 σου,
1338 5554 1532 5627 ἐπειδὴ
1562 5556 1751 5628 ἀκμὴν
1782 5559 1841 5612 ἐν
1869 5560 1936 5629 τῇ

350 5643 600 5716 προτέρᾳ
641 5642 825 5697 αὐτῶν
847 5643 1098 5716 ἀγνωσία
1123 5645 1474 5715 τυγχάνουσι.
1512 5646 1625 5701 Καὶ
1672 5646 1747 5710 ὡς
1775 5646 1941 5718 ἠκού-

354 5752 527 5807 σαμεν
557 5737 774 5790 ἐκεῖνον
796 5734 889 5790 τὸν
920 5738 1115 5806 καιρδν
1145 5737 1239 5791 τὸν
1278 5737 1522 5792 δωθέντα
1551 5739 1740 5801 αὐτοῖς
1769 5756 1939 5809 μετα-

352 5831 518 5909 νοεῖν,
550 5831 613 5884 ἐν
633 5826 788 5900 αὐτῷ
815 5827 1015 5899 μᾶλλον
1041 5827 1312 5899 ἐκάθηντο
1327 5828 1671 5899 πληροῦντες
1687 5830 1747 5884 τὸ
1771 5830 1943 5886 κακὶν

361 5920 575 5997 θέλημα
611 5920 819 5979 αὐτῶν.
849 5922 957 5979 Kal
990 5922 1185 5978 ἔλαϐον
1212 5921 1272 5978 τὸ
1295 5923 1522 5996 χρυσίον
1550 5925 1644 5980 καὶ
1679 5923 1737 5981 τὸ
1764 5924 1941 5998 ἀργύ-

2083 3511 2221 3572 Vlll.
2261 3515 2331 3570 At
2362 3513 2604 3571 clemens
2638 3526 2702 3568 ac
2747 3508 3019 3583 benignus
3048 3507 3232 3571 Deus.
3275 3505 3368 3578 qui
3419 3505 3596 3562 servis

2014 3608 2133 3663 suis
2195 3621 2414 3677 semper
2474 3604 2772 3675 providet,..
2803 3600 2933 3658 fecit
3007 3600 3131 3656 illos
3188 3598 3383 3654 mortis
3429 3612 3604 3668 genus

2015 3699 2285 3773 quoddam
2332 3699 2524 3762 obire,.
2543 3710 2604 3753 ut
2629 3712 2729 3767 per
2770 3710 2866 3751 eos
2894 3691 3159 3749 miracula
3205 3688 3454 3762 quaedam
3506 3702 3607 3758 ορ·-

2015 3806 2249 3870 portuna
2280 3792 2713 3864 ﬁerent..ltaque
2746 3806 2872 3847 cum
2907 3802 3105 3859 sopore
3134 3800 3328 3843 onmes
3360 3780 3605 3851 corrupti

2017 3898 2226 3953 essent,
2274 3889 2332 3942 in
2388 3896 2534 3942 terra
2572 3886 2820 3956 iacentes
2882 3882 3179 3948 obierunt,
3213 3877 3427 3934 animas
3480 3889 3610 3931 suas

2018 3983 2134 4040 Deo
2158 3982 2476 4046 reddentes,
2510 3985 2566 4035 et
2594 3977 2835 4036 divinam
2866 3975 3094 4047 gloriam
3134 3969 3608 4029 concelebt'antes.

2019 4071 2320 4144 Argentum
2352 4080 2557 4134 autem,
2583 4068 2728 4139 quod
2760 4065 3039 4122 habebant
3063 4063 3131 4118 in
3147 4061 3263 4119 suis
3290 4059 3608 4129 marsupiis,

2020 4162 2166 4235 apud
2214 4161 2335 4218 illos
2380 4176 2448 4217 eo
2484 4162 2541 4216 in
2584 4162 2725 4227 loco,
2778 4159 2836 4215 in
2884 4173 2994 4230 quo
3017 4155 3296 4230 iacebant,
3323 4149 3610 4233 remansit.

2012 4255 2293 4315 Postridie
2342 4270 2505 4311 mane
2563 4254 2864 4325 imperator
2916 4250 3065 4306 inter
3114 4248 3407 4322 optimates
3450 4244 3615 4317 jussit

2026 4349 2223 4405 iterum
2263 4358 2474 4419 septem
2508 4347 2631 4403 illos
2658 4346 3035 4404 adolescentes
3068 4341 3301 4414 requiri.
3347 4339 3450 4409 Qui
3485 4352 3613 4394 cum

2025 4459 2135 4500 non
2164 4442 2569 4507 invenirentur,
2601 4441 2669 4497 ad
2699 4440 2989 4511 optimates
3018 4449 3316 4493 conversus
3344 4450 3359 4488 :
3392 4432 3617 4504 Magno-

2026 4550 2180 4607 pere,
2231 4534 2431 4606 inquit,
2482 4533 2643 4590 doleo
2678 4541 2902 4604 propter
2944 4529 3355 4586 adolescentum
3393 4524 3613 4581 illorum

2028 4626 2390 4691 calamitates,
2424 4641 2491 4682 eo
2516 4624 2661 4696 quod
2694 4622 3082 4679 illustribuset
3110 4617 3617 4689 clarisparentibus

2031 4721 2135 4777 orti
2197 4718 2607 4789 sunt..0pinor
2666 4716 2813 4771 enim
2853 4715 2994 4778 illos,
3059 4714 3352 4770 arbitratos
3400 4710 3618 4781 imperii

2029 4811 2203 4869 nostri
2243 4809 2583 4882 maiestatem
2619 4808 2723 4864 sibi
2762 4806 2917 4863 valde
2964 4804 3181 4861 iratam,
3204 4818 3368 4869 esse,.
3394 4811 3621 4873 propter

2031 4905 2249 4977 pietatis
2308 4913 2512 4959 nostrae
2563 4896 2885 4971 religionem
2940 4899 3009 4955 ab
3064 4897 3144 4953 eis
3184 4895 3462 4960 violatam,
3516 4909 3619 4949 au-

2030 4996 2257 5066 fugisse.
2295 4994 2404 5052 Sed
2438 4993 2655 5066 imperii
2685 4990 2860 5048 nostri
2887 4989 3194 5064 benignitas
3228 5003 3341 5044 non
3388 5000 3621 5042 succen-

2033 5096 2117 5146 set
2164 5089 2261 5145 bis
2288 5088 2381 5159 qui
2422 5086 2775 5158 resipiscunt,
2825 5095 2882 5140 et
2915 5084 2983 5141 ad
3032 5084 3259 5139 deorum
3307 5089 3619 5136 nostrorum

2034 5180 2380 5237 clementiam
2413 5177 2626 5234 animos
2656 5178 2945 5233 reducunt.
2978 5175 3106 5229 Hmc
3131 5172 3279 5229 dixit
3301 5172 3619 5241 imperator.

2034 5274 2136 5329 Cui
2193 5271 2483 5344 optimates
2535 5269 2941 5340 responderunt
2973 5286 2989 5325 :
3025 5267 3184 5335 Quod
3228 5266 3294 5321 ad
3328 5264 3455 5320 illos
3487 5262 3624 5319 adeo

2035 5366 2307 5423 lescentes
2330 5363 2572 5436 pertinet
2612 5361 2893 5434 religionis
2922 5360 3255 5425 desertores,
3286 5354 3502 5427 imperii
3544 5355 3626 5412 tui

2040 5458 2297 5527 maiestas
2334 5470 2680 5528 nequaquam
2715 5453 2917 5523 doleat,
2952 5467 3131 5523 neque
3172 5448 3472 5524 resipuisse
3504 5448 3627 5506 illos

2040 5549 2355 5617 arbitretur,
2391 5548 2573 5605 adhuc
2620 5546 2766 5603 enim
2802 5543 3119 5617 inpristina
3173 5557 3272 5597 sua
3319 5539 3627 5613 ignorantia

2040 5649 2480 5715 perseveraiiaet
2536 5649 2598 5698 ut
2653 5639 2996 5706 audivimus,
3049 5651 3116 5692 eo
3170 5635 3288 5706 ipso
3356 5641 3624 5703 tempore,

2041 5738 2187 5810 quod
2218 5738 2352 5811 ipsis
2384 5736 2763 5809 praescriptum
2809 5734 2914 5792 fuit
2942 5733 3013 5791 ad
3041 5732 3361 5789 mutandum
3404 5727 3632 5785 consili-

2044 5846 2159 5897 um,
2216 5829 2614 5902 pertinaciores
2684 5827 2840 5893 facti,
2899 5827 3229 5885 obstinatam
3292 5823 3629 5879 voluntatem

2047 5922 2307 5981 retinent.
2363 5919 2550 5995 Itaque
2597 5927 2886 5992 argentm
2940 5927 2997 5977 et
3049 5932 3245 5975 aurum
3302 5913 3633 5982 pauperibus
