3994 6446
399 389 505 452 435

1711 381 1996 456 MENSIS
2029 380 2331 460 J‘ULms.

3559 386 3669 457 436

400 507 497 577 'pcr
549 507 703 562 urbis
748 508 952 579 plateas
1006 506 1287 580 dispositis
1332 510 1752 578 distribuerunt,
1810 530 1980 585 neque

2095 532 2212 588 ριον
2235 514 2416 568 αὐτῶν
2435 514 2530 568 καὶ
2555 514 2816 569 διέδωκαν
2838 514 2980 568 αὐτὰ
3007 514 3265 583 πτωχοῖς,
3296 512 3377 576 είς
3403 512 3503 575 τὰς
3531 512 3668 581 άγο-

399 600 633 671 ιιιηριὶυε
683 601 967 671 quisquam
1010 618 1104 657 eos
1158 602 1309 658 vidit.
1348 600 1403 658 Si
1451 604 1630 675 placet
1668 605 1832 676 igitur
1864 622 1983 661 ma-

395 696 581 767 iestati
640 705 767 760 ture,
816 703 1073 766 parentes
1131 695 1346 751 illorum
1406 696 1714 767 capiantur,
1755 707 1811 755 et
1868 708 1981 754 tor-

399 788 599 844 mentis
688 788 954 858 cogantur
1033 788 1235 856 dicere,
1318 787 1537 844 ubinam
1611 804 1800 845 eorum
1885 789 1979 845 filii

397 882 621 935 lateant.
654 877 778 933 llaec
809 880 1039 935 audiens
1075 880 1391 950 imperator,
1417 881 1497 936 ira
1549 883 1791 951 percitus
1820 881 1983 951 jussit

400 964 806 1026 adoles'centum
834 982 1089 1041 parentes
1110 973 1384 1029 accessiri.
1418 972 1565 1040 Quos
1591 989 1715 1029 eum
1740 989 1985 1045 prresen-

399 1071 481 1117 tes
513 1061 774 1117 vidisset:
808 1061 875 1115 Et
933 1063 1178 1128 ubinam,
1232 1064 1429 1134 inquit,
1487 1064 1738 1119 suutiilii
1791 1065 1978 1129 vestri,

398 1150 617 1219 imperii
692 1157 749 1205 et
805 1151 1083 1220 iussorum
1144 1162 1455 1221 nostrorum
1528 1153 1979 1224 contemptores?

399 1242 695 1311 PrOpterea
732 1256 828 1299 vos
847 1243 1013 1299 etiam
1054 1244 1357 1301 insolentiae
1378 1248 1618 1318 ipsorum
1667 1263 1831 1303 causa
1880 1248 1972 1302 in-

403 1338 574 1397 terfici
606 1339 791 1407 iubeo.

471 1501 570 1579 lX'.
623 1504 780 1579 Tunc
822 1510 900 1577 illi
935 1520 1228 1578 dixerunt:
1268 1508 1561 1577 Precamur
1588 1531 1659 1587 te,
1696 1521 1983 1593 benignis-

402 1614 539 1671 sime
569 1615 888 1684 imperator,
944 1620 1005 1666 ut
1058 1621 1303 1667 nostram
1350 1628 1571 1667 causam
1628 1614 1840 1667 audias.
1874 1610 1985 1668 Nos

402 1704 617 1776 imperii
670 1713 727 1760 et
754 1705 1058 1775 majestatis
1119 1713 1225 1759 tua:
1271 1703 1424 1774 jussa
1478 1719 1590 1758 non
1633 1703 1980 1771 violavimus,

400 1800 580 1865 neque
604 1794 840 1866 propitia
863 1794 1091 1849 deorum
1131 1795 1355 1849 numina
1387 1795 1748 1850 deseruimus.
1802 1794 1985 1859 Quare

402 1887 566 1959 igitur
585 1903 688 1943 nos
722 1887 963 1956 illorum,
1000 1889 1092 1959 qui
1122 1889 1433 1943 desertores
1460 1895 1615 1952 sunt,
1649 1903 1815 1943 causa
1853 1902 1974 1941 mo-
2014 1867 2057 1922 Β

398 1976 643 2059 riemur?
674 1980 830 2047 Quod
862 1995 994 2036 vero
1022 1981 1089 2036 ad
1109 1991 1388 2053 argentum
1412 1991 1467 2036 et
1495 1994 1689 2037 aurum
1721 1981 1985 2051 pertinet,

400 2072 478 2129 illi
534 2074 569 2128 ε
620 2072 780 2128 nobis
822 2072 1114 2144 pecuniam
1179 2073 1601 2143 subripuerunt:
1646 2078 1810 2143 quam
1860 2080 1984 2128 cum

399 2161 735 2233 pauperibus
764 2159 1196 2226 distribuisseut,
1237 2160 1566 2231 aufugerunt
1616 2160 1672 2214 in
1721 2171 1986 2224 montem,

396 2261 455 2307 et
483 2253 560 2307 ibi
590 2252 920 2309 delitescunt
950 2253 1005 2307 in
1036 2253 1317 2325 spelunca.
1369 2250 1498 2307 Sive
1547 2252 1713 2324 igitur
1773 2252 1984 2317 vivant,

398 2346 515 2401 Sive
547 2345 747 2400 mortui
788 2345 920 2412 sint,
945 2361 1048 2402 nos
1077 2346 1409 2417 ignoramus.
1444 2344 1570 2400 Haec
1617 2345 1847 2400 audiens
1888 2346 1988 2398 im-

395 2433 617 2509 perator
638 2439 783 2493 viros
817 2436 940 2494 illos
982 2438 1212 2503 dimisit,
1239 2447 1294 2493 et
1320 2438 1548 2493 multum
1605 2453 1793 2493 secum
1838 2438 1989 2509 cogi-

394 2527 839 2602 iabat,quidnam
868 2531 1069 2586 faceret
1085 2531 1539 2587 adolescentibus.
1582 2529 1855 2602 Benignus
1894 2544 1992 2585 au'-

396 2626 504 2677 tem
531 2622 672 2678 Deus
699 2623 750 2677 iu
787 2622 907 2693 ejus
937 2632 1174 2679 mentem
1195 2618 1403 2695 injecit,
1437 2633 1497 2678 ut
1526 2624 1801 2695 speluncae
1845 2618 1990 2681 illius

392 2711 603 2767 aditum
641 2713 912 2784 lapidibus
963 2714 1298 2777 Obstrueret.
1346 2732 1456 2786 quo
1487 2724 1799 2771 sanctorum
1843 2731 1989 2769 mar—

396 2807 578 2876 tyrdm
607 2819 838 2874 corpora
861 2805 1073 2875 sepulta
1119 2806 1226 2861 illic
1265 2805 1533 2875 iacerent,
1569 2822 1746 2877 neque
1787 2816 1990 2861 sanctas

394 2894 639 2965 reliquie:
670 2907 1080 2963 amoverentur,
1112 2897 1206 2953 sed
1234 2913 1406 2970 usque
1433 2897 1501 2953 ad
1529 2898 1985 2954 resurrectionem

396 2988 571 3058 ipsam
602 2991 809 3045 servari
837 3000 1083 3061 possent.

392 3245 427 3257 ,Α
488 3155 558 3231 Χ.
598 3156 794 3230 Decius
853 3189 983 3247 ergo
1028 3156 1330 3247 imperator
1403 3172 1732 3232 sententiam
1792 3176 1980 3233 contra

393 3262 520 3323 illos
572 3267 950 3323 adolescentes
1009 3267 1172 3322 talem
1235 3267 1608 3338 pronuntiavit
1654 3286 1668 3323 :
1712 3267 1981 3334 Quoniam

394 3359 597 3415 nostris
625 3359 818 3414 edictis
846 3374 1041 3429 parere
1072 3361 1372 3415 noluerunt
1420 3360 1730 3415 desertores
1763 3361 1982 3416 adoles-

394 3453 604 3517 centes,
628 3460 686 3506 et
711 3460 1023 3507 nostrorum
1041 3451 1266 3507 deorum
1290 3468 1493 3507 numen
1512 3462 1980 3524 contempserunt.

398 3546 689 3619 prbpt‘erea
722 3548 778 3601 et
807 3545 912 3616 ipsi
945 3544 1277 3617 benignitate
1304 3545 1477 3600 nostri
1509 3545 1727 3616 imperii
1763 3546 1983 3615 priven-

394 3641 505 3699 tur,
530 3637 710 3703 neque
739 3633 977 3704 amplius
1005 3633 1060 3687 in
1091 3641 1451 3703 conspectum
1485 3633 1771 3687 hominum
1808 3648 1981 3703 appa-

395 3728 574 3781 reant.
607 3724 973 3792 Quamobrem
1017 3726 1295 3796 Speluncae
1346 3725 1530 3779 aditus
1580 3726 1727 3781 saxis
1771 3720 1981 3797 magnis

392 3822 730 3886 obstruatur,
750 3830 806 3876 et
833 3819 1134 3891 sigillorum
1161 3820 1464 3875 munimine
1506 3818 1876 3890 imprimatur,
1915 3829 1975 3876 ut

392 3913 501 3968 vivi
536 3915 859 3979 obruantur,
890 3925 947 3969 et
977 3913 1033 3968 in
1067 3913 1341 3983 ejusmodi
1386 3928 1608 3969 carcere
1641 3913 1975 3970 moriantur.

393 3994 755 4057 Existimabat
789 4003 934 4058 enim
955 4011 1064 4057 tam
1097 3989 1414 4072 imperator,
1442 4016 1605 4072 quam
1641 4010 1752 4056 tota
1786 4001 1979 4058 civitas

392 4094 770 4150 adolescentes
806 4095 930 4149 illos
958 4094 1138 4150 adhuc
1164 4095 1371 4149 vivere.
1404 4094 1729 4149 Theodorus
1772 4108 1905 4151 vero
1920 4103 1979 4149 et

393 4184 627 4247 Barb'tis,
661 4186 754 4254 qui
783 4182 1002 4240 fuerant
1031 4201 1059 4239 a
1087 4186 1345 4242 ‘cubiculo
1388 4186 1758 4256 imperatoris,
1791 4195 1847 4241 et
1876 4187 1979 4241 mi-

393 4278 551 4333 nistri
585 4279 878 4333 admodum
905 4278 1113 4342 ﬁdeles,
1139 4293 1261 4333 cum
1292 4286 1478 4334 essent
1507 4290 1559 4333 et
1583 4278 1683 4346 ipsi
1710 4279 1972 4335 Christia-

391 4371 471 4434 ni,
499 4373 722 4441 pioptcr
749 4371 1190 4441 persecutionem
1222 4377 1343 4427 sese
1365 4372 1793 4427 occultaverant.
1830 4371 1968 4427 Tum

392 4462 538 4515 inter
564 4462 626 4514 se
657 4461 727 4514 ita
758 4461 1015 4515 dicebant
1040 4477 1055 4514 :
1084 4458 1399 4515 Scribamus
1424 4461 1740 4532 martyrium
1764 4471 1972 4531 septem

2088 607 2188 678 ράς
2202 607 2302 676 τῆς
2324 607 2557 670 πόλεως,
2579 607 2730 660 αὐτοὶ
2756 605 2811 660 δὲ
2827 605 3018 660 ἔκτοτε
3038 603 3139 658 οὐκ
3159 603 3464 675 ἐφάνησαν.
3482 604 3546 658 Et
3564 604 3680 658 τοί-

2085 713 2180 749 νυν
2201 697 2351 751 δοκεῖ
2374 696 2454 765 τῷ
2481 696 2673 765 κράτει
2705 713 2822 760 σου,
2852 695 3188 766 συσχεθῶσιν
3205 697 3253 748 οἱ
3287 695 3469 763 γονεῖς
3489 694 3678 749 αὐτῶν

2085 787 2180 840 καὶ
2203 784 2633 856 βασανισθῶσιν,
2687 786 2785 839 καὶ
2822 785 2977 839 αὐτοὶ
3012 785 3361 840 δεικνύουσιν
3387 785 3671 854 ήμίνίπου

2086 879 2416 948 ὲκεύθησαν.
2480 880 2611 933 Ὅτε
2664 878 2721 931 δὲ
2763 878 2971 949 ἤκουσε
3036 876 3213 930 ταῦτα
3264 878 3296 930 ὁ
3355 874 3617 946 βασιλεὺς
3651 916 3669 938 ,

2085 972 2315 1042 ὀργίσθη
2362 971 2456 1025 καὶ
2496 970 2882 1041 μετεπέμψατο
2932 969 3059 1033 τοὺς
3103 969 3284 1036 γονεῖς
3331 965 3531 1031 αὐτῶν,
3577 958 3682 1019 καὶ

2086 1064 2333 1127 ἐλθόντες
2364 1063 2604 1131 ἔστησαν
2632 1061 2861 1116 ἐνώπιον
2883 1061 2975 1114 τοῦ
3008 1059 3296 1131 βασιλέως,
3324 1059 3422 1109 καὶ
3445 1055 3681 1126 ἐπηρώ-

2086 1175 2252 1228 τησεν
2276 1158 2468 1219 αὐτοὺς
2498 1157 2527 1208 ὀ
2559 1155 2810 1225 βασιλεὺς
2853 1154 3058 1222 λέγων’
3090 1146 3200 1205 Ποῦ
3235 1154 3373 1204 εἰσιν
3399 1151 3599 1203 ὲκεῐνοι
3625 1151 3684 1202 οἱ

2085 1250 2413 1310 ἀποστάται,
2440 1253 2490 1304 et
2525 1248 2862 1317 ἀποστάντες
2893 1248 2957 1301 ὲκ
2982 1248 3084 1316 τῆς
3112 1243 3393 1314 βασιλείας
3421 1258 3544 1313 μου,
3580 1241 3684 1293 καὶ

2086 1342 2450 1412 ὰθετὴσαντες
2493 1342 2554 1395 τὸ
2594 1342 2925 1411 πρόσταγμα
2959 1336 3156 1410 ἠμῶν;
3213 1335 3303 1390 διὰ
3365 1334 3525 1388 τοῦτο
3578 1342 3686 1386 κεέ

2084 1429 2227 1483 λεύω
2256 1431 2398 1501 ὑμᾶς
2421 1430 2736 1493 ἀποθανεῖν,
2770 1429 2891 1482 ἀντὶ
2920 1427 3021 1498 τῆς
3045 1424 3366 1497 τυραννίδος
3399 1420 3603 1475 αὐτῶν.

2156 1522 2236 1578 6'.
2260 1523 2392 1576 Τότε
2416 1522 2799 1592 ἀπεκρίθησαν
2824 1521 2870 1573 οί
2894 1520 3072 1588 γονεῖς
3106 1515 3289 1572 αὐτῶν
3321 1513 3558 1568 ἐνώπιον
3575 1509 3683 1565 τοῦ

2089 1614 2352 1688 βασιλέως
2374 1616 2466 1668 καὶ
2496 1610 2679 1668 εἳπαν⁸
2713 1611 2959 1682 Δεόμεθά
2990 1626 3111 1674 σου,
3138 1604 3363 1679 βασιλεῦ
3386 1621 3401 1636 ·
3425 1607 3587 1676 ἡμεῖς
3614 1605 3688 1656 τὸ

2088 1708 2422 1779 πρόσταγμα
2461 1705 2557 1759 τοῦ
2621 1704 2861 1776 κράτους
2916 1719 3012 1756 σου
3040 1701 3103 1754 οὐ
3155 1697 3510 1770 παρέὁημεν.
3557 1696 3688 1777 ιΚαὶ

2088 1802 2212 1864 τοὺς
2248 1801 2501 1871 εὐμενεῖς
2528 1798 2686 1862 θεοὺς
2714 1798 2818 1852 οὐκ
2854 1796 3125 1866 εἰάσαμεν
3165 1810 3182 1825 ⁸
3216 1792 3308 1846 διὰ
3333 1790 3385 1843 τί
3420 1786 3514 1844 οὖν
3536 1789 3688 1858 ὑπὲρ

2086 1892 2313 1947 ἐκείνων
2335 1892 2446 1945 τῶν
2474 1890 2798 1945 ἀποστατῶν
2829 1890 2994 1961 ἡμεῖς
3054 1886 3505 1956 ἀποθνήσκομεν,
3535 1883 3689 1937 οίτι-

2086 2001 2176 2048 νες
2208 1984 2266 2037 τὸ
2297 1983 2568 2055 ἀργύριον
2609 1983 2767 2055 ήμῶν
2800 1982 2896 2036 καὶ
2920 1980 2983 2034 τὸ
3034 1978 3257 2051 χρυσίον
3281 1978 3541 2050 ἥρπασαν
3581 1975 3690 2029 καὶ

2088 2075 2353 2130 διέδωκαν
2403 2077 2643 2146 πτωχοῖς
2679 2114 2694 2139 ,
2744 2075 2843 2128 κα)¹
2912 2073 3027 2127 ίδοῦ
3096 2071 3241 2125 εἰσὶν
3293 2067 3690 2140 κεκρυμμένοι

2088 2169 2147 2223 ὲν
2176 2167 2255 2239 τῷ
2291 2167 2543 2239 σπηλαίῳ
2569 2184 2585 2199 ο
2615 2168 2711 2221 καὶ
2740 2166 2799 2220 ἐν
2828 2164 2996 2236 πολλῇ
3054 2163 3233 2233 θλίψει
3259 2163 3353 2218 καὶ
3401 2159 3688 2232 άδημονίᾳ.

2086 2259 2368 2329 διάγουσιν
2397 2275 2411 2289 ·
2451 2260 2562 2312 εἴτε
2588 2261 2768 2313 τοίνυν
2791 2257 2959 2323 ζῶσιν
2978 2256 3090 2310 εἴτε
3119 2256 3216 2310 καὶ
3249 2246 3545 2316 ἀπέθανον,
3573 2253 3686 2306 οὐκ

2085 2349 2331 2418 οἴδαμεν.
2369 2347 2481 2401 Καὶ
2510 2347 2687 2401 ταῦτα
2725 2347 2971 2409 ἀκούσας
3016 2348 3044 2399 ό
3077 2334 3374 2415 βασιλεὺς(
3403 2342 3691 2396 ἀπέλυσεν

2087 2439 2307 2503 αὐτούς.
2346 2440 2434 2493 Ἐν
2491 2439 2660 2510 πολλῇ
2712 2438 2806 2494 οὖν
2836 2437 3029 2507 σκέᾇει
3074 2437 3323 2506 ὑπῆρχεν
3347 2436 3375 2488 ὁ
3411 2434 3679 2506 βασιλεὺς

2086 2534 2139 2587 τί
2165 2534 2387 2605 ποιήσει
2416 2533 2650 2594 ἐκείνοις
2681 2535 2793 2596 τοῖς
2835 2530 3175 2592 παιδίοις.”0
3203 2529 3260 2583 δὲ
3288 2528 3690 2603 φιλάνθρωπος

2092 2624 2225 2687 Θεὸς
2259 2622 2465 2677 ἔδωκεν
2528 2625 2610 2686 είς
2662 2621 2761 2694 τὴν
2797 2621 3026 2691 καρδίαν
3075 2618 3241 2674 αὑτοῦ
3301 2615 3688 2687 ὲναποφράξαὶ

2086 2717 2149 2769 τὸ
2180 2710 2404 2786 στόμιον
2429 2716 2524 2770 τοῦ
2574 2715 2849 2787 σπηλαίου
2898 2712 3114 2768 ἐκείνου
3164 2708 3361 2774 λίθοις,
3394 2710 3489 2763 καὶ
3514 2707 3687 2761 τοῦτο

2088 2806 2190 2860 οὐκ
2216 2804 2277 2870 ἐξ
2318 2805 2451 2859 ἰδίου
2477 2804 2787 2876 θελήματος
2821 2802 2917 2856 τοῦ
2949 2801 3108 2866 Θεοῦ,
3144 2801 3235 2856 ίνα
3281 2799 3532 2868 ταφῶσιν
3559 2799 3689 2851 ἐκεῖ

2087 2898 2158 2953 τὰ
2213 2898 2445 2969 σώματα
2482 2897 2592 2951 τῶν
2623 2896 2797 2965 άγίων
2826 2894 3145 2967 μαρτύρων,
3180 2894 3267 2948 ἵνα
3300 2891 3376 2964 μὴ
3412 2890 3685 2962 κινηθῶσι

2086 2992 2155 3046 τά
2180 2990 2411 3062 λείψανα
2450 2990 2653 3058 αὐτῶν,
2707 2989 2896 3061 ἐπειδὴ
2924 2983 3067 3059 ἦσαν
3089 3005 3148 3044 τε
3170 2986 3427 3059 ὴρημένα
3458 2986 3539 3049 είς
3576 2983 3683 3056 τὴν

2089 3082 2421 3154 ἐπιφάνειαν
2454 3082 2553 3154 τῆς
2583 3082 2938 3145 ἀναστάσεως
2964 3080 3059 3135 τοῦ
3090 3080 3325 3150 Κυρίου.

2161 3166 2217 3231 l'.
2254 3175 2388 3229 Τότε
2410 3173 2735 3243 ἀπεφήνατο
2762 3175 2885 3228 κατ’
2916 3170 3097 3227 αὐτῶν
3118 3171 3331 3234 Δέκιος,
3354 3169 3450 3224 καὶ
3482 3164 3665 3223 εἷπεν*

2098 3267 2320 3338 Ἐπειδὴ
2348 3265 2660 3339 ἠπείθησαν
2684 3268 2797 3330 τοῖς
2840 3264 3133 3337 ἡμετέροις
3155 3262 3582 3335 προστάγμασιν
3625 3262 3679 3315 οε

2089 3361 2394 3419 ἀποστάται
2448 3362 2672 3426 ἐκεῖνοι,
2696 3361 2788 3414 καὶ
2830 3360 3253 3429 κατεφρόνησαν
3283 3357 3395 3410 τῶν
3424 3354 3681 3426 εὐμενῶν

2086 3457 2249 3523 θεῶν,
2307 3458 2398 3510 καὶ
2441 3456 2599 3510 αὐτοὶ
2647 3452 2956 3526 στερηθῶσι
3019 3453 3119 3522 τῆς
3171 3451 3510 3524 εὐπρεπείας
3570 3450 3680 3519 τῆς

2087 3551 2390 3623 βασιλείας,
2423 3550 2518 3604 καὶ
2546 3548 2748 3621 μηκέτι
2780 3548 3025 3616 φανῶσιν
3047 3546 3281 3601 ἐνώπιον
3305 3544 3415 3599 τῶν
3453 3541 3679 3614 ἀνθρώ-

2084 3663 2224 3711 πων,
2249 3642 2337 3698 διὰ
2372 3642 2530 3696 τοῦτο
2548 3640 2943 3713 σφραγισθήτω
2968 3639 3030 3693 τδ
3049 3639 3269 3709 στόμιον
3289 3636 3383 3692 τοῦ
3402 3635 3678 3708 σπηλαίου

2081 3735 2250 3793 λίθοις
2291 3734 2549 3805 μεγάλοις
2595 3733 2689 3787 ἐπὶ
2735 3732 2796 3786 τὸ
2844 3730 3228 3802 καταποθῆναι
3275 3729 3369 3782 καὶ
3420 3723 3679 3797 ἐκλεῖψαι

2080 3825 2183 3894 τὴν
2234 3824 2381 3895 ζωὴν
2429 3823 2633 3890 αὐτῶν,
2686 3823 2785 3875 καὶ
2831 3820 3179 3874 ἀποθάνωσιν
3220 3819 3278 3873 ὲν
3309 3820 3376 3889 τῇ
3426 3817 3673 3886 φυλακῇ,

2094 3916 2321 3987 Ἐπειδὴ
2354 3914 2610 3986 ἐνόμιζεν
2638 3916 2666 3967 ό
2696 3908 2959 3984 βασιλεὺς
2996 3912 3091 3967 καὶ
3124 3913 3274 3965 πᾶσα
3311 3912 3345 3980 ἡ
3378 3909 3536 3971 πόλις
3583 3909 3674 3963 ὅτι

2082 4007 2252 4071 ζῶσιν
2281 4007 2469 4079 ἀκμὴν
2497 4008 2547 4062 oi
2570 4005 2745 4076 ἂγιοί.
2776 4005 3056 4078 Θεόδωρος
3087 4005 3144 4060 δὲ
3179 4004 3274 4058 καὶ
3307 4004 3335 4057 ὁ
3359 4002 3582 4073 Βάρόος
3616 4002 3670 4055 oi

2080 4099 2529 4170 κουϐικουλάριοι
2593 4099 2689 4152 καὶ
2734 4098 2925 4153 πιστοὶ
2966 4095 3061 4152 τοῦ
3142 4094 3416 4167 βασιλέως
3447 4137 3463 4161 ,
3523 4091 3672 4164 ἦσαν

2078 4191 2403 4263 Χριστιανοὶ
2450 4190 2548 4245 καὶ
2570 4190 2804 4262 ἔκρυόον
2834 4188 3063 4253 ἑαυτοὺς
3093 4188 3203 4242 ἀπὸ
3235 4186 3334 4242 τοῦ
3367 4185 3534 4254 φόϐου
3569 4185 3671 4240 τοῦ

2079 4281 2348 4351 διωγμοῦ.
2402 4282 2516 4335 Καὶ
2571 4268 2717 4336 οὕτω
2780 4279 2922 4353 πρὸς
2975 4280 3242 4352 ἀλλήλους
3291 4277 3675 4346 διελογίσαντο

2078 4376 2175 4429 καὶ
2202 4370 2358 4429 εἷπον
2389 4391 2403 4406 ο
2458 4374 2815 4445 Γράπτωμεν
2853 4373 2918 4445 δὴ
2949 4373 3031 4438 εἲς
3058 4371 3262 4442 πτυχία
3295 4370 3535 4441 μολυόδά
3566 4369 3671 4440 τὴν

2080 4461 2392 4532 μαρτυρίαν
2443 4460 2554 4515 τῶν
2599 4461 2775 4529 ἁγίων
2822 4461 3032 4515 τούτων
3060 4501 3076 4527 ,
3136 4462 3219 4515 ὅτι
3292 4459 3382 4514 διὰ
3426 4460 3671 4531 Χριστὸν

391 4544 823 4609 adolescentium
853 4553 908 4607 in
936 4554 1209 4625 plumbeis
1224 4548 1445 4619 tabulis,
1473 4554 1731 4624 quoniam
1751 4562 1974 4625 propter

2086 4553 2372 4619 ἀπέθανον,
2404 4553 2500 4608 καὶ
2558 4555 2838 4626 μάρτυρες
2893 4554 3023 4619 είσὶ,
3059 4553 3155 4608 καὶ
3201 4552 3463 4624 θήσωμεν
3525 4552 3669 4607 αὐτὰ

389 4640 592 4700 Christi
628 4645 787 4700 tidem
819 4647 1018 4701 mortui
1062 4648 1211 4711 sunt,
1267 4655 1322 4700 et
1351 4654 1620 4717 martyres
1665 4640 1793 4699 facti
1822 4652 1971 4700 sunt.

388 4736 521 4805 Qua!
546 4745 730 4792 autem
765 4738 1171 4807 scripserimus.
1206 4737 1260 4791 in
1311 4737 1470 4792 mrcis
1507 4736 1698 4791 loculis
1737 4750 1976 4805 repona-

387 4845 530 4898 mus,
560 4839 616 4886 et
655 4831 864 4887 foculos
898 4831 1046 4901 ipsos
1079 4819 1253 4901 sigillo
1286 4830 1546 4891 munitos.
1577 4830 1721 4883 inter
1764 4829 1974 4899 lapides

387 4924 477 4991 qui
538 4924 742 4978 s'untih
770 4923 1007 4985 coloco,
1050 4936 1315 4992 ponamus
1366 4921 1640 4988 (fortassis
1662 4921 1806 4975 enim
1865 4919 1974 4975 Do-

388 5018 573 5073 minus
603 5027 730 5071 ante
755 5016 1039 5070 novissimi
1067 5014 1333 5070 adventus
1363 5013 1505 5068 diem
1537 5022 1803 5082 martyres
1840 5010 1973 5066 visi—

386 5109 524 5165 tabit
549 5107 594 5180 ),
630 5120 690 5165 ut
728 5108 771 5163 si
802 5118 910 5179 quo
957 5116 1200 5179 tempore
1231 5106 1488 5177 spelunca
1534 5106 1646 5161 haec
1704 5102 1970 5174 patefacta

387 5213 441 5257 et
462 5201 779 5257 sanctorum
816 5208 1115 5272 martyrum
1146 5213 1374 5269 corpora
1403 5198 1456 5252 in
1497 5206 1744 5268 apertum
1765 5195 1971 5269 prolata

356 5296 611 5361 ’fueriul,
664 5309 731 5349 ex
778 5294 1085 5349 litterarum
1144 5290 1515 5348 monumentis
1570 5291 1783 5346 illorum
1831 5289 1972 5345 facta

387 5391 523 5445 disci
556 5389 790 5461 possint.
822 5386 1097 5444 Fecerunt
1118 5386 1284 5458 igitur
1317 5376 1642 5441 Theodorus
1664 5394 1719 5440 et
1767 5382 1970 5438 Barbus

385 5481 528 5551 quod
559 5472 700 5538 inter
728 5496 787 5536 se
817 5480 1384 5537 ‘cot'nmunica'verant.

455 5569 1436 5641 XI.Temporisintervallomortuus
1493 5574 1578 5627 est
1630 5560 1828 5625 Decius
1861 5567 1969 5625 im“-

387 5670 625 5726 rzerator,
684 5671 740 5717 et
799 5672 911 5719 tota
967 5670 1099 5719 artas
1136 5664 1224 5719 illa
1273 5663 1506 5719 interiit.
1568 5662 1968 5719 Suecesserunt

389 5758 569 5803 autem
624 5752 985 5823 imperatores
1029 5771 1132 5811 suo
1179 5754 1411 5826 quisque
1460 5766 1733 5827 tempore,
1787 5756 1965 5825 quoad

394 5837 733 5903 Theodosius
758 5843 1061 5915 imperator
1105 5856 1382 5921 sceptrum
1424 5856 1610 5906 tenere
1638 5848 1824 5921 carpit.
1864 5847 1963 5915 Ωηῖ

2076 4650 2136 4703 ὲν
2215 4646 2593 4717 γλωσσοκόμῳ
2688 4647 2880 4718 χαλκῷ
2956 4646 3056 4702 καὶ
3137 4645 3537 4716 σφραγίσωμεν
3607 4648 3668 4699 ἐν

2078 4743 2337 4814 σφραγῖδι
2390 4742 2484 4796 καὶ
2541 4739 2885 4813 κρύπτωμεν
2955 4740 3094 4796 αὐτὰ
3149 4739 3355 4812 μεταξὺ
3409 4739 3522 4793 τῶν
3577 4737 3666 4792 λίὸ

2075 4835 2184 4889 θων
2248 4834 2360 4889 τῶν
2423 4832 2593 4889 ὄντων
2664 4837 2867 4890 ἐκεῖσε.
2935 4833 3089 4906 Τάχα
3156 4833 3267 4903 γὰρ
3326 4831 3666 4886 ἐπισκέπτε-

2072 4938 2164 4981 ται
2212 4927 2410 4991 αὐτοὺς
2461 4930 2489 4981 ὁ
2534 4928 2740 4998 Κύριος
2813 4927 2921 4999 πρὸ
2987 4927 3090 4995 τῆς
3142 4924 3411 4990 ἐλεύσεως
3465 4922 3660 4986 αὑτοῦ,

2074 5019 2262 5072 εἴποτε
2297 5017 2477 5092 καιρῷ
2511 5021 2723 5086 άνοιγεῖ
2742 5021 2802 5073 τὸ
2829 5019 3116 5090 σπήλαιον,
3165 5020 3260 5072 καὶ
3298 5013 3663 5089 φανερωθῶσι

2070 5107 2425 5181 τὰσώματα
2469 5109 2578 5164 τῶν
2620 5112 2794 5179 ἁγίων
2845 5109 3325 5165 ἀποκλεισθέντων
3371 5109 3431 5161 ὲν
3482 5103 3657 5175 αὐτῷ,

2072 5204 2169 5258 καὶ
2198 5204 2621 5275 ἐπιγνωσθῶσιν
2649 5205 2759 5259 ἀπὸ
2792 5202 2902 5258 τῶν
2931 5202 3277 5275 γραμμάτων
3296 5199 3526 5254 τούτων.
3546 5198 3658 5252 Καὶ

2073 5294 2262 5365 ὥσπερ
2285 5296 2710 5369 ἐνεθυμήθησαν
2738 5297 2788 5350 oi
2820 5297 3004 5351 πιστοὶ
3030 5297 3229 5349 ἐκεῖνοι
3262 5292 3479 5363 ἄνδρες,
3508 5288 3657 5343 οὕτω

2072 5389 2169 5444 καὶ
2200 5391 2489 5463 ἐποίησαν.

2140 5560 2246 5632 1Ᾱ’.
2279 5572 2585 5629 Ἀπέθανεν
2618 5571 2676 5627 δὲ
2702 5574 2730 5626 ό
2758 5569 3016 5642 βασιλεὺς
3072 5566 3263 5635 Δέκιος
3290 5569 3385 5625 καὶ⁸
3433 5570 3587 5625 πᾶσα
3619 5570 3654 5640 ἢ

2071 5667 2235 5736 γενεὰ
2265 5666 2450 5737 ἐκείνη
2510 5665 2605 5719 καὶ
2640 5665 2794 5720 ἄλλοι
2838 5664 3083 5736 βασιλεῖς
3132 5665 3494 5720 ἐϐασίλευσαν
3530 5648 3654 5734 μεθ’

2070 5756 2236 5811 αὐτὸν
2269 5757 2328 5810 ιν
2357 5758 2425 5828 τῇ
2468 5753 2688 5826 ἐξουσίᾳ
2734 5757 2833 5828 τῆς
2876 5754 3157 5825 βασιλείας
3194 5755 3399 5823 αὐτῶν,
3455 5755 3561 5819 ἕως
3589 5748 3652 5809 οὗ

2070 5848 2269 5921 ἀνέστη
2291 5847 2573 5914 Θεοδόσιος
2598 5848 2624 5902 ό
2643 5846 2835 5913 πιστὸς
2856 5846 3138 5919 βασιλεύς.
3169 5848 3278 5904 Kal.
3309 5849 3369 5902 ὲν
3391 5846 3473 5921 τῷ
3494 5860 3652 5920 τρια⁹
