3994 6486
287 435 394 502 437
1397 442 1497 505 DE
1536 440 1835 506 SEPTEM
1886 441 2492 507 DOBMIENTIBUS.
3469 438 3575 500 6'33

283 550 468 622 mir
498 549 676 623 ὀγδόῳ
703 551 822 609 ἔτει
877 554 981 626 τῆς
1020 553 1309 627 βασιλείας
1340 558 1535 624 αὐτοῦ,
1575 558 1863 629 ἐπεφοίτηη

1983 571 2108 615 cum
2146 557 2402 631 religiose
2430 566 2484 614 et
2502 555 2815 617 Christiane
2848 555 3168 628 imperaret.
3217 564 3577 612 surrexerunt

283 659 390 699 σαν
415 642 559 708 τινὲς
603 643 720 698 τῶν
776 646 1080 719 αίρετικῶν
1142 648 1466 721 βουλόμενοι
1512 651 1857 707 διασκεδάσα

1981 653 2202 725 quidam
2254 653 2527 717 haeretici,
2587 654 2682 725 qui
2708 653 2982 726 negabant
3011 660 3356 709 mortuorum
3387 664 3575 705 resur-

279 734 384 806 τὴν
403 735 709 790 ἀνάστασιν
732 737 844 792 τῶν
876 740 1118 810 νεκρῶν,
1144 740 1212 811 ἢν
1250 742 1278 794 ό
1306 742 1544 810 Χριστὸς
1581 743 1863 815 ἐχαρίσατι

1979 747 2283 811 rectionem
2301 746 2401 820 (l),
2459 762 2623 817 quam
2683 747 2937 803 Christus
2982 745 3101 816 ipse
3149 744 3205 799 in
3239 760 3337 799 sua
3385 752 3575 800 sancta

280 830 352 897 τῇ
381 826 517 898 ἁγίᾳ
564 827 735 880 αὑτοῦ
808 828 1132 901 Ἐκκλησία.
1173 832 1238 885 Οί
1271 831 1328 886 δὲ
1391 831 1789 905 εἰδωλολάτραι
1827 837 1863 887 οὲ

1979 839 2225 896 Ecclesia
2251 840 2482 895 ﬁrmiter
2511 839 2659 895 credi
2706 839 2901 895 voluit.
2938 837 3142 895 Milites
3176 837 3324 893 enim
3350 838 3572 907 quidam

278 920 715 989 στρατευόμενοι
766 921 829 974 ἐν
860 921 942 990 τῷ
1001 921 1276 993 παλατίῳ,
1339 923 1582 995 διωγμὸν
1640 925 1863 996 φανερδι

1979 933 2248 989 idolorum
2273 933 2536 995 cultores.
2571 947 2696 988 cum
2730 934 2786 987 in
2823 931 3025 1003 palatio
3073 931 3424 1002 imperatoris
3451 946 3574 987 vcr-

274 1010 505 1064 ὲποίουν
558 1011 913 1065 κατενώπιον
967 1011 1065 1066 τοῦ
1123 1012 1409 1084 βασιλέως,
1468 1016 1563 1069 καὶ
1613 1016 1664 1069 οί
1714 1015 1877 1086 δῆθεν

277 1103 617 1171 καλούμενοι
670 1103 971 1158 ἐπίσκοποι
1008 1107 1344 1174 ἀγαπῶντες
1394 1107 1749 1178 διαστρέφειν
1778 1107 1876 1173 τὰς

278 1195 437 1258 ἐδοὺς
498 1197 716 1266 Κυρίου
776 1198 879 1263 τὰς
938 1198 1201 1264 εὐθείας,
1273 1199 1476 1264 πολλὰς
1530 1201 1874 1272 παραϐάσεις

284 1287 560 1342 ὶδείκνυον
596 1290 656 1345 ὲν
685 1292 807 1354 ταῖς
857 1291 956 1346 τοῦ
1005 1291 1142 1346 Θεοῦ
1202 1293 1525 1365 ἐκκλησίαις
1561 1311 1575 1326 ο
1607 1291 1677 1366 ἦν
1735 1294 1794 1349 δὲ
1842 1295 1871 1348 ό

292 1385 587 1452 κορυφαῖος
653 1387 838 1441 αὐτῶν
877 1395 977 1444 καὶ
1023 1392 1245 1446 πάντων
1295 1391 1403 1445 τῶν
1456 1391 1643 1447 κακῶν
1669 1391 1868 1459 αῐτιος,

282 1472 561 1545 Θεόδωρος
596 1477 625 1529 6
655 1478 961 1545 ιπίσκοπος
997 1482 1205 1549 αἰγεῶν
1237 1482 1340 1554 τῆς
1368 1483 1579 1548 πόλεως
1610 1485 1731 1556 ἅμα
1753 1485 1865 1541 τῶν

282 1568 377 1619 σῦν
405 1568 565 1636 αὐτῷ
599 1568 799 1636 ὄντων,
829 1572 936 1626 οὐκ
959 1573 1292 1643 ὀφειλόντων
1321 1575 1691 1647 ὀνομάζεσθαι
1719 1578 1779 1630 ὲν
1799 1579 1865 1649 τῇ

273 1658 444 1728 βίϐλῳ
460 1660 637 1735 ταύτῃ
650 1664 860 1735 ἐπειδὴ,
881 1667 1109 1734 ἐδίωξαν
1126 1667 1228 1737 τὴν
1246 1668 1579 1738 Ἐκκλησίαν
1594 1669 1686 1722 τοῦ
1704 1668 1865 1724 Θεοῦ.

282 1749 342 1803 '0
374 1750 432 1802 δὲ
468 1751 729 1820 βασιλεὺς
749 1755 1034 1822 Θεοδόσιος
1060 1757 1182 1813 καθ’
1217 1758 1459 1831 ἑκάστην
1482 1762 1541 1814 ἐν
1568 1763 1635 1832 τῇ
1659 1760 1868 1834 διανοίᾳ

1976 1032 2254 1089 sarentur,
2295 1031 2540 1094 apertam
2578 1024 3017 1093 persecutionem
3047 1023 3316 1078 adversus
3358 1021 3574 1092 aliquos

1975 1117 2122 1187 apud
2153 1117 2538 1186 imperatorem
2570 1123 3011 1171 commoverunt.
3071 1113 3215 1181 Quin
3252 1114 3416 1170 etiam
3453 1113 3572 1185 epi-

1976 1209 2128 1279 scopi
2163 1208 2386 1278 quidam
2410 1217 2590 1264 rectas
2620 1206 2713 1262 Dei
2737 1207 2963 1263 semitas
2992 1214 3308 1277 pervertere
3338 1205 3567 1275 cupien-

1975 1310 2076 1366 tes,
2108 1301 2166 1356 in
2203 1301 2454 1357 ecclesiis
2516 1301 2813 1356 multarum
2869 1299 3382 1372 praevaricationum
3414 1307 3573 1355 erant

1973 1403 2246 1450 auctores.
2282 1394 2527 1460 Quorum
2581 1393 2839 1464 princeps
2898 1393 3264 1449 etmalorum
3320 1390 3566 1447 omnium

1972 1498 2138 1557 caput
2156 1487 2465 1543 habebatur
2493 1485 2820 1542 Theodorus
2844 1483 3223 1556 Egine‘nsium
3256 1483 3568 1554 episcopus,

1970 1580 2133 1637 simul
2151 1595 2274 1634 cum
2307 1579 2372 1634 iis
2404 1594 2541 1650 quos
2570 1594 2766 1635 secum
2789 1577 3058 1633 habebat:
3091 1577 3184 1648 qui
3211 1591 3281 1631 ne
3304 1574 3572 1630 nominari

1964 1672 2192 1743 quidem
2221 1671 2575 1735 debent,cnm
2611 1664 2711 1727 Dei
2760 1670 3062 1727 Ecclesiam
3119 1667 3401 1739 persecuti
3449 1666 3572 1723 fue-

1973 1764 2109 1819 rint.
2157 1763 2550 1834 Atimperator
2603 1762 2947 1819 Theodosius
2983 1762 3182 1818 indies
3228 1762 3399 1832 magis
3445 1775 3572 1832 per-

269 1842 555 1904 ἰθελοῦτο,
613 1849 710 1901 καὶ
747 1848 931 1903 ἐδέετο
987 1851 1129 1920 μετὰ
1168 1852 1424 1925 δακρύων
1477 1853 1737 1907 ἱκετεύων
1771 1853 1863 1907 τδν

1969 1858 2293 1914 turbabatur
2319 1872 2384 1912 ac
2405 1857 2646 1921 dolebat,
2678 1872 2803 1912 cum
2847 1864 3160 1911 sanctarum
3199 1853 3570 1910 Ecclesiarum

264 1934 426 1998 Θεὸν,
471 1935 693 2006 βλέπων
720 1941 1198 2014 ταλαντευομένην
1223 1944 1322 2016 τὴν
1348 1945 1533 1999 πίστιν
1564 1946 1669 1998 τῶν
1692 1944 1864 2013 ἁγίων

276 2023 652 2096 Ἦκκλησιιῖιν.
713 2031 876 2096 Τινὲς
906 2033 1018 2101 γὰρ
1037 2035 1223 2102 ἔλεγον
1252 2037 1333 2090 ὅτι
1366 2038 1466 2091 οὐκ
1515 2037 1631 2091 ἔστι
1677 2037 1862 2110 παρά-

266 2116 468 2187 κλησις
488 2118 606 2184 τοῖς
635 2126 878 2193 νεκροῖς·
909 2125 1062 2180 ἄλλοι
1090 2127 1153 2181 δὲ
1184 2126 1375 2196 ἔλεγον
1399 2131 1482 2183 ὅτι
1516 2131 1576 2183 τὸ
1606 2129 1769 2199 σῶμα
1797 2129 1862 2185 τὸ

268 2210 589 2267 παλαιωθὲν
645 2218 742 2270 καὶ
793 2220 1099 2286 ἀφανισθὲν
1160 2222 1255 2275 καὶ
1314 2223 1744 2293 διασκορπισθὲν
1797 2223 1861 2278 οὗ

272 2303 710 2373 παραϐαλεῖται,
758 2307 877 2363 ἀλλ’
925 2310 1142 2382 ἡψυχὴ
1187 2313 1325 2383 αὕτη
1364 2316 1503 2386 μόνη
1561 2316 1863 2387 δέχεταιτδ

276 2401 588 2472 μυστήριον
613 2405 715 2474 τῆς
742 2407 1063 2477 ἀφθαρσίας
1093 2411 1191 2464 καὶ
1212 2410 1379 2480 ζωῆς.
1413 2412 1521 2465 Καὶ
1548 2413 1862 2485 ἐπλανήθη·-

274 2506 373 2543 σαν
390 2494 453 2544 ὲν
474 2495 594 2554 τοῖς
636 2499 893 2564 ματαίοις
957 2501 1138 2553 αὐτῶν
1189 2501 1391 2571 λόγοις,
1424 2505 1522 2559 καὶ
1542 2507 1646 2559 οὐκ
1676 2506 1864 2561 ἐνεθυ-

283 2584 531 2654 μήθησαν
591 2589 650 2640 ὲν
708 2591 950 2659 ἑαυτοῖς,
995 2592 1081 2646 ὅτι
1120 2594 1322 2665 βρέφος
1348 2597 1606 2653 οὐδέποτε
1643 2600 1854 2672 ὲκυήθη

278 2673 340 2725 ἐν
377 2677 551 2749 κοιλίᾳ
607 2684 818 2753 μητρὸς
862 2685 1033 2739 αὐτοῦ
1088 2687 1220 2741 ἄνευ
1253 2691 1481 2761 σαρκὸς,
1538 2690 1664 2745 οὔτε
1695 2692 1860 2765 ἐξέϐη

274 2766 413 2837 σὰρξ
432 2772 568 2824 ἄνευ
591 2774 655 2826 ὲκ
714 2777 931 2848 μῆτρας
981 2781 1163 2851 ψυχῆς
1194 2780 1458 2853 ζωτικῆς.
1498 2784 1610 2838 Καὶ
1657 2786 1861 2841 ἔδυσαν

268 2860 370 2924 τὰς
422 2864 606 2929 ἀκοὰς
623 2867 734 2920 τῶν
758 2869 1015 2924 διανοιῶν
1061 2874 1244 2927 αὐτῶν
1268 2875 1362 2928 τοῦ
1402 2874 1477 2946 μὴ
1499 2878 1732 2931 ἀκοῦσαι
1765 2876 1859 2931 τοῦ

268 2954 431 3022 λόγου
464 2959 671 3028 Κυρίου
705 2952 1085 3033 εἰπόντος’ὅτι,
1132 2967 1519 3024 Ἀκούσοι-ται
1549 2972 1603 3025 oi
1639 2970 1862 3039 ἐντοῖς

265 3055 587 3119 μνημείοις
643 3054 754 3124 τῆς
798 3058 1009 3127 φωνῆς
1058 3060 1167 3114 τοῦ
1207 3062 1342 3117 Υίοῦ
1363 3063 1470 3117 τοῦ
1499 3063 1817 3132 ἀνθρώπου
1842 3082 1858 3099 ·

268 3147 362 3196 καὶ
382 3146 553 3198 πάλιν
585 3147 759 3216 λέγει·
803 3152 1031 3208 Πολλοί
1060 3153 1178 3208 τῶν
1202 3156 1622 3212 καθευδόντων
1652 3159 1721 3213 ἐκ
1747 3158 1862 3229 γῆς

1892 1906 1940 1967 Β

1968 1949 2130 2004 ﬁdem
2159 1947 2511 2002 ﬂuctuantem
2538 1946 2769 2001 videret.
2803 1944 2992 2015 Itaque
3035 1960 3066 2001 α
3118 1944 3231 2000 Deo
3276 1942 3398 2013 ipso
3448 1943 3571 2012 ejus

1968 2037 2094 2091 maii
2117 2036 2456 2092 curationem
2486 2035 2766 2106 poscebat.
2798 2034 2967 2089 Erant
2996 2033 3166 2098 enim,
3195 2033 3288 2104 qui
3317 2033 3570 2089 dicerent

1965 2131 2200 2186 mortuis
2230 2128 2544 2185 hominibus
2570 2127 3004 2183 consolationem
3041 2127 3245 2183 nullam
3297 2125 3562 2182 futuram.

1964 2222 2072 2278 Alii
2146 2221 2492 2278 aliirmabant
2561 2229 2768 2290 corpus
2800 2224 3105 2276 ‘vetustate
3158 2226 3565 2288 consumptum,

1964 2315 2147 2387 ipsum
2206 2314 2427 2387 quidem
2480 2311 2917 2370 consolationem
2965 2311 3172 2367 nullam
3223 2311 3564 2378 habiturum,

1965 2412 2064 2467 sed
2091 2412 2262 2468 solam
2286 2411 2528 2466 animam
2565 2408 2894 2465 immortalis
2936 2408 3065 2464 vitae
3118 2407 3445 2479 participem
3479 2406 3567 2461 fu—

1963 2517 2168 2560 turam.
2194 2503 2478 2575 Ejusmodi
2508 2502 2762 2558 homines
2784 2501 2939 2557 vanis
2961 2500 3320 2572 Opinionibus
3344 2496 3565 2569 decepti

1963 2598 2043 2655 sic
2071 2597 2348 2663 errabant,
2375 2610 2557 2665 neque
2584 2593 3098 2649 animadvertebant
3141 2590 3412 2645 infantem
3439 2602 3571 2658 pue-

1962 2705 2084 2746 rum
2122 2704 2404 2756 nunquam
2446 2688 2503 2741 in
2533 2697 2726 2743 ventre
2753 2684 2943 2741 matris
2969 2683 3143 2740 fuisse
3193 2682 3319 2738 sine
3376 2695 3566 2745 carne,

1961 2798 2144 2851 neque
2177 2795 2399 2837 carnem
2446 2795 2478 2836 e
2523 2779 2683 2835 vulva
2721 2777 2921 2834 exiisse
2974 2775 3097 2831 sine
3149 2774 3335 2830 anima
3392 2771 3565 2827 vitati-

1963 2875 2097 2931 ltem
2130 2874 2448 2931 claudentes
2477 2872 2676 2928 mentis
2707 2870 2899 2926 oculos
2922 2909 2940 2936 ,
2963 2881 3148 2925 sacras
3179 2866 3412 2921 Litteras
3454 2878 3567 2919 non

1962 2967 2406 3032 considerabant,
2425 2964 2694 3035 inquibus
2718 2963 2987 3031 scriptum
3005 2971 3127 3016 est:
3160 2959 3413 3021 Audierit,
3463 2958 3557 3027 qui

1962 3069 2085 3117 sunt
2116 3061 2173 3116 in
2198 3060 2572 3120 monumentis,
2595 3071 2771 3112 vocem
2801 3054 2936 3109 Filii
2956 3053 3183 3109 hominis
3212 3061 3262 3108 et
3300 3053 3470 3106 vivent
3507 3050 3520 3082 ¹
3547 3065 3564 3115 ;

1964 3164 2021 3210 et
2044 3153 2151 3210 alio
2178 3156 2299 3208 loco
2328 3168 2343 3208 :
2371 3150 2437 3205 Et
2458 3150 2612 3205 multi
2655 3150 2718 3205 de
2753 3149 2822 3204 iis
2861 3147 2954 3219 qui
3006 3146 3277 3202 dormiunt
3315 3145 3369 3198 in
3412 3152 3567 3197 terra

270 3241 567 3338 ξυμάτων
589 3244 1097 3315 ἐξεγερθήσονται
1119 3266 1134 3280 ⁸
1168 3251 1265 3303 καὶ
1322 3250 1487 3305 πάλιν
1514 3252 1856 3324 γέγραπταν

1967 3244 2202 3318 puiuiere,
2225 3244 2551 3316 evigilabunt
2582 3259 2600 3300 :
2632 3243 2728 3298 alii
2756 3243 2813 3296 in
2841 3242 3006 3297 vitam
3056 3250 3337 3304 (sternam,
3389 3245 3440 3291 et
3465 3234 3564 3290 alii

282 3332 430 3389 Ἰδοὺ
469 3337 587 3406 ἐγὼ
618 3339 841 3410 ἀνοίγω
889 3343 963 3397 τὰ
1011 3344 1288 3413 μνήματα
1319 3346 1635 3417 ὐμῶν,,καί
1663 3347 1860 3414 ἐξάξω

1967 3342 2025 3396 in
2053 3340 2393 3409 opprobrium
2420 3340 2482 3405 ’ς
2537 3350 2665 3392 cum
2696 3333 2830 3390 illud
2869 3334 3034 3390 etiam
3065 3333 3122 3388 in
3169 3332 3252 3387 eis
3300 3329 3563 3400 scriptum

269 3426 428 3494 ὑμᾶς
451 3429 522 3483 ἐκ
548 3429 667 3484 τῶν
688 3431 909 3502 τάφων,
927 3438 1078 3501 λαός
1098 3455 1237 3506 μου.
1262 3439 1391 3492 ora:
1411 3440 1681 3507 αίρετικοὶ
1696 3441 1860 3494 ἐπλα-

270 3520 523 3589 νήθησαν
548 3523 659 3576 ἀπὸ
684 3527 785 3595 τῆς
826 3526 949 3580 ὀδοῦ
983 3531 1080 3599 τῆς
1110 3529 1278 3600 ζωῆς,
1310 3531 1407 3585 καὶ⁵
1454 3531 1728 3603 ἔστρεψαν
1756 3533 1857 3605 τὴν

267 3612 588 3682 γλυκύτητα
602 3616 702 3685 τῆς
716 3619 976 3681 πίστεως,
1000 3623 1079 3683 εἰς
1094 3622 1321 3691 πικρίαν
1333 3621 1442 3675 τῶν
1453 3623 1639 3695 ψυχῶν
1653 3623 1855 3681 αὐτῶν.

1968 3436 2314 3492 inveniatur:
2356 3433 2490 3488 Ecce
2518 3448 2613 3503 ego
2667 3433 2909 3501 aperiam
2956 3429 3205 3499 sepulcra
3258 3436 3433 3482 vestra
3464 3465 3478 3490 ,
3514 3432 3564 3478 et

1967 3522 2187 3585 educam
2239 3545 2326 3584 vos
2382 3527 2447 3581 de
2517 3525 2772 3596 sepulcris
2831 3524 3052 3584 vestris,
3105 3519 3295 3592 populo
3351 3532 3494 3573 meus
3519 3517 3561 3571 ³.

1967 3620 2109 3689 Haec,
2142 3628 2273 3678 sunt
2329 3619 2640 3676 divinarum
2688 3617 3016 3673 Litterarum
3068 3612 3404 3670 testimonia.
3455 3608 3565 3665 Sed

271 3704 515 3763 haeretici
571 3708 824 3766 homines
862 3728 892 3765 a
945 3723 1094 3768 recta
1145 3715 1277 3769 vitae
1326 3717 1517 3773 semita
1577 3718 1862 3774 devianlcs
1921 3702 2278 3782 aberrabant,
2350 3725 2406 3771 et
2452 3713 2574 3769 lldei
2633 3712 3010 3768 sinceritatem
3057 3707 3299 3780 obliquis
3334 3719 3562 3763 suarum

268 3799 576 3854 animarum
604 3792 1024 3871 cogitationibus
1045 3807 1451 3876 pervertcbant.

335 3891 436 3948 ιδ’.
481 3893 545 3947 '0
578 3895 633 3948 δὲ
667 3896 927 3965 βασιλεὺς
969 3898 1260 3963 Θεοδόσιος
1306 3905 1557 3959 ἐλυπεῖτο
1590 3906 1686 3961 καὶ
1732 3905 1863 3961 ἑκά-

1957 3945 1962 3950 .
2035 3900 2134 3957 Xll
2163 3944 2177 3959 .
2227 3901 2530 3972 Imperator
2560 3899 2726 3972 igitur
2760 3894 3108 3953 Theodosius
3136 3908 3258 3949 eam
3288 3907 3403 3949 rem
3436 3907 3555 3949 mo-

264 3985 400 4055 θητο
465 3989 561 4041 ἐπὶ
624 3993 836 4044 σάκκου
895 3994 991 4045 καὶ
1045 3994 1247 4048 σποδοῦ
1283 3998 1342 4050 ἐν
1377 3996 1457 4067 τῷ
1516 3998 1732 4070 ταμείῳ
1762 3998 1858 4053 τοῦ

1967 3997 2104 4053 leste
2133 3993 2361 4059 ferebat,
2403 3992 2475 4048 ob
2496 3992 2661 4063 idque
2687 4003 2924 4047 maerore
2946 3987 3303 4043 afﬁciebatur.
3355 3985 3557 4042 Verum

268 4078 531 4151 κοιτῶνος
566 4080 761 4134 αὐτοῦ·
792 4082 822 4134 6
844 4081 901 4134 δὲ
924 4082 1177 4153 ἐλεήμων
1207 4084 1341 4148 Θεὸς
1365 4087 1394 4140 ό
1427 4087 1504 4158 μὴ
1535 4087 1863 4158 βουλόμενος

1968 4103 2094 4145 cum
2129 4085 2595 4142 clementissimus
2627 4084 2774 4139 Deus
2814 4080 3091 4138 neminem
3149 4078 3286 4135 velit
3342 4092 3374 4133 ε
3432 4076 3560 4132 ﬁdet

269 4170 571 4226 ἀπολέσθαί
598 4190 721 4226 τινα
755 4174 865 4228 ἀπὸ
890 4178 989 4247 τῆς
1013 4177 1135 4231 ὁδοῦ
1188 4177 1292 4249 τῆς
1350 4180 1591 4245 πίστεως
1626 4199 1642 4215 ο
1678 4183 1707 4236 6
1736 4180 1863 4252 βου-

1972 4181 2063 4238 via
2104 4187 2379 4236 errantem
2429 4177 2633 4251 perire,
2675 4175 2804 4232 fecit
2832 4182 2894 4231 ut
2939 4172 3365 4229 resurrectionis
3410 4184 3557 4241 mys-

268 4263 499 4332 λόμενος
526 4265 796 4333 ἐπιφᾶναι
824 4266 883 4319 τὸ
919 4270 1230 4341 μυστῆριον
1259 4271 1360 4340 τῆς
1397 4270 1567 4327 αὐτοῦ
1622 4273 1863 4328 ἀναστά-

1968 4273 2169 4332 terium
2200 4271 2459 4328 omnibus
2488 4269 2793 4342 pateﬁeret.
2822 4266 3051 4322 Immisit
3094 4267 3241 4321 enim
3299 4265 3356 4320 in
3391 4278 3552 4319 men-

273 4372 436 4419 σεως,
462 4357 720 4411 ἐνέϐαλεν
749 4360 835 4422 είς
858 4360 957 4431 τὴν
1001 4362 1237 4432 καρδίαν
1280 4365 1493 4420 ἀδολίου
1524 4366 1619 4420 τοῦ
1650 4367 1861 4439 Κυρίου

1969 4375 2078 4424 tem
2104 4364 2386 4436 cujusdam
2418 4363 2679 4427 hominis,
2705 4361 2797 4431 qui
2823 4359 3108 4416 dicebatur
3156 4358 3402 4420 Adolius,
3432 4357 3554 4427 ejus

269 4449 361 4503 τοῦ
388 4451 558 4521 ὅρους
593 4452 834 4516 ἐκείνου,
868 4455 929 4508 ἐν
953 4447 997 4522 ᾧ
1024 4451 1095 4529 ἦν
1120 4456 1183 4511 τδ
1232 4458 1501 4530 σπήλαιον
1531 4461 1668 4514 ὅπου
1718 4455 1862 4531 ἦσαν

1969 4458 2172 4515 montis
2197 4467 2253 4513 et
2280 4457 2559 4529 spelunca:
2599 4454 2879 4517 dominus,
2924 4452 3019 4509 ubi
3078 4451 3252 4507 sancti
3294 4458 3564 4520 martyres

270 4546 673 4614 κεκοιμημένοι
704 4549 751 4600 οἱ
778 4547 925 4615 ἅγιοι
986 4550 1291 4623 μάρτυρες,
1334 4552 1693 4624 οἰκοδομῆσαι
1724 4553 1862 4624 μάν-

1969 4553 2328 4616 dormierant,
2352 4560 2414 4606 ut
2440 4549 2580 4605 ovile
2609 4548 2882 4619 quoddam
2917 4547 3032 4602 suis
3058 4544 3364 4617 pecudibus
3423 4555 3558 4597 con-

270 4633 403 4703 δραν
445 4636 558 4687 τῶν
582 4637 924 4708 θρεμμάτων
970 4641 1163 4706 αὐτοῦ,
1236 4643 1332 4696 καὶ
1365 4644 1414 4697 oi
1462 4643 1643 4699 δοῦλοι
1694 4645 1863 4699 αὐτοῦ

1967 4653 2225 4702 strueret.
2285 4645 2418 4714 Ejus
2447 4643 2610 4714 igitur
2654 4640 2795 4695 scrvi
2826 4656 2934 4695 una
2978 4655 3103 4694 cum
3145 4638 3238 4694 'bis
3289 4637 3381 4708 qui
3405 4633 3561 4705 operi

268 4726 388 4796 ἅμα
411 4728 528 4781 τῶν
562 4722 836 4798 ὲργάτῶν,
872 4732 1088 4787 ἔκῦλιον
1104 4733 1291 4797 λίθους
1319 4737 1402 4801 είς
1434 4737 1533 4808 τὴν
1574 4736 1866 4809 οἰκοδομὴν

272 4822 334 4874 ἐκ
366 4826 468 4891 τῆς
526 4823 701 4893 θύρας
728 4824 824 4879 τοῦ
852 4826 1142 4895 σπηλαίου.
1177 4827 1314 4882 Τότε
1351 4828 1740 4898 προστάγματι
1768 4829 1865 4884 τοῦ

270 4915 483 4985 Κυρίου
508 4916 673 4985 ἡμῶν
689 4917 869 4984 Ἰησοῦ
904 4919 1147 4988 Χριστοῦ
1184 4920 1354 4993 essen
1387 4920 1503 4992 ζωὴ
1535 4924 1650 4985 τοῖς
1686 4923 1866 4991 ἁγίοις

271 5010 505 5073 ἐκείνοις
568 5013 685 5075 τοῖς
709 5011 864 5066 οὖσιν
886 5014 945 5066 ἐν
985 5014 1066 5084 τῷ
1107 5015 1381 5086 σπηλαίῳ,
1429 5015 1526 5067 καὶ
1556 5015 1590 5085 ἡ
1618 5013 1772 5085 φωνὴ
1827 5016 1862 5088 ἡ

270 5102 553 5155 καλέσασα
583 5103 676 5155 τὸν
734 5102 991 5175 Λάζαρον
1023 5108 1088 5159 ἐκ
1143 5106 1241 5160 τοῦ
1276 5107 1547 5178 μνημείου
1582 5110 1676 5161 καὶ
1702 5125 1865 5180 χαρι-

274 5194 487 5266 σαμένη
544 5196 695 5268 αὐτῷ
738 5198 841 5267 τὴν
894 5198 1062 5270 ζωὴν,
1102 5199 1269 5263 αὑτός
1328 5203 1534 5255 ὲστινό
1559 5202 1864 5273 παρασχὼν

271 5286 365 5338 καὶ
386 5286 604 5340 τούτοιε
638 5290 751 5351 τοῖς
778 5289 957 5357 ἁγίοις
983 5290 1206 5362 πνεῦμα
1232 5290 1400 5362 ζωῆς-
1435 5292 1865 5366 Καὶὲξανέστη·

275 5392 375 5429 σαν
409 5379 508 5431 καὶ
542 5378 810 5434 ἐκάθισαν
858 5381 919 5435 ἐν
972 5382 1320 5452 ἀγαλλιάσει,
1362 5385 1457 5438 καὶ
1494 5384 1570 5448 ὡς
1600 5386 1863 5458 ἐνόμισαν

275 5467 397 5520 καθ’
431 5469 678 5541 ἑκάστην
728 5471 965 5542 ἡμέραν.
1037 5473 1379 5537 Ἦσπάζοντο
1412 5476 1694 5548 ἀλλήλους,
1722 5478 1862 5533 διότι

278 5556 417 5625 εἶδος
448 5562 778 5634 νεκρὼσεως
813 5565 916 5619 οῦκ
964 5567 1221 5639 ἐφαίνετο
1270 5569 1328 5622 ὲν
1362 5571 1547 5634 αὐτοῖς
1573 5586 1587 5600 ·
1621 5569 1693 5625 τὰ
1751 5572 1864 5645 γὰρ

1962 4736 2215 4792 faciendo
2239 4735 2524 4796 vacabant,
2552 4732 2759 4802 lapides
2784 4745 2881 4802 pro
2909 4732 3144 4787 aedilicio
3177 4747 3246 4786 ex
3285 4731 3407 4798 ciris
3424 4742 3561 4796 spe-

1965 4831 2139 4900 luncm
2169 4830 2312 4885 ostio
2341 4828 2715 4885 revolvebam.
2748 4824 2903 4879 Tunc
2942 4823 3157 4880 Domini
3198 4821 3373 4878 nostri
3428 4818 3562 4873 Jesu

1964 4923 2171 4979 Christi
2232 4923 2390 4992 jussu
2443 4919 2648 4976 sanctis
2679 4917 2787 4972 illis
2829 4917 2984 4980 viris,
3035 4917 3130 4987 qui
3183 4916 3238 4971 in
3301 4913 3562 4986 spelunca

1973 5017 2332 5077 dormierunt,
2354 5014 2462 5069 vita
2515 5011 2767 5067 restituta
2793 5018 2897 5073 est,
2934 5017 3131 5064 ctwox
3158 5009 3271 5073 illa,
3305 5023 3426 5078 quae
3456 5003 3565 5060 La.

1973 5125 2157 5166 zarum
2190 5123 2221 5166 e
2258 5116 2613 5163 monumcnto
2662 5104 2946 5164 excitavit.
3001 5101 3190 5157 eadem
3252 5108 3309 5156 ct
3358 5096 3566 5155 sanctis

1972 5204 2300 5276 martyribus
2369 5201 2497 5257 vitae
2552 5199 2802 5271 spiritum
2854 5196 3113 5252 restituit.
3187 5193 3565 5255 Surrexerunt

1973 5297 2156 5368 igitur,
2187 5304 2243 5351 et
2275 5296 2447 5350 Deum
2476 5292 2759 5347 laudantes
2801 5288 3189 5352 consederunt,
3216 5295 3272 5343 et
3300 5282 3563 5357 quemad-

1970 5389 2192 5444 modum
2227 5385 2471 5467 quotidie
2492 5390 2911 5448 consueverant,
2970 5392 3030 5437 se
3065 5378 3305 5436 vicissim
3361 5377 3567 5433 saluta-

1967 5480 2123 5546 bant,
2180 5477 2441 5551 qnoniam
2486 5478 2699 5533 nullum
2740 5476 2800 5533 in
2854 5474 2934 5532 eis
2970 5474 3185 5547 signum
3242 5468 3563 5537 exsistebat,

1971 5588 2038 5629 ex
2068 5588 2178 5645 quo
2216 5582 2467 5630 mortuos
2515 5585 2576 5628 se
2617 5569 2791 5628 fuisse
2828 5567 3080 5642 judicare
3122 5572 3386 5638 possent:
3434 5575 3564 5618 nam

2182 5662 2212 5680 ο

346 5732 430 5808 (1)
461 5734 605 5794 Vide
625 5739 921 5798 Baronium
957 5741 1012 5798 in
1074 5744 1219 5801 notis
1260 5744 1331 5802 ad
1381 5744 1824 5819 Martyrologium
1861 5747 1967 5805 hoc
1991 5748 2102 5806 die.

386 5896 408 5930 ⁸
444 5893 608 5955 Joan.
640 5915 695 5969 v,
718 5897 810 5958 28.

949 5902 971 5935 '
1001 5900 1156 5961 Dent.
1174 5919 1235 5974 ιι,
1265 5905 1319 5964 Ζ.
1353 5906 1372 5940 ³
1411 5904 1610 5964 Ezech.
1666 5922 1874 5974 xxxvii,
1906 5904 1994 5961 l3.
