3994 6458
468 405 572 483 iis

1793 411 2076 487 MENSIS
2111 405 2412 488 mulis.-

3632 419 3740 494 M0

469 535 524 586 ‘ot
557 545 736 590 vestes
775 539 908 591 tales
936 533 1114 602 erant,
1147 529 1336 608 quales
1359 547 1414 592 et
1447 535 1631 601 antea,
1668 541 1828 607 quam
1879 540 2033 595 obiisl

2158 541 2350 612 ἱμάτια
2371 541 2554 594 αὐτῶν
2585 529 2778 613 ὥσπερ
2805 536 2949 611 ἦσαν
2964 524 3314 612 ἐνδεδυμένοι
3361 541 3468 612 πρὸ
3492 523 3591 596 τοῦ
3633 545 3739 598 αὖε

469 632 592 680 sent
614 641 630 679 :
655 640 884 694 corpora
915 625 1077 680 etiam
1117 626 1231 696 ipsa
1262 626 1549 691 ﬂorebant,
1574 626 1904 682 hilaritatem
1936 640 2048 698 prae

467 718 526 768 se
556 713 782 768 ferentia
806 733 819 769 :
848 715 1081 785 denique
1110 716 1242 771 tales
1263 721 1448 780 erant,
1471 726 1533 771 ut
1558 718 1602 770 si
1631 716 1804 787 pridie
1834 717 2045 786 veSperi

465 814 713 863 Somnum
755 803 1069 878 erupissent,
1108 817 1162 862 e‘t
1207 807 1469 876 postridie
1525 823 1685 862 mane
1739 807 2045 879 experrecti

463 901 715 954 fuissent.
739 901 930 955 Adhuc
947 910 999 956 et
1028 900 1098 954 de
1131 899 1403 955 idolorum
1455 902 1842 971 superStitione
1894 901 2044 956 solli-

461 991 576 1055 citi,
613 1000 641 1046 a
675 992 841 1048 Decio
868 995 1198 1064 imperatore
1240 1005 1300 1047 se
1347 992 1548 1063 inquiri
1610 995 2038 1048 existimabant:

460 1079 532 1132 ob
569 1076 734 1148 idque
803 1077 973 1134 multa
1028 1094 1158 1134 cura
1190 1078 1392 1145 ali‘ecti',
1441 1081 1721 1136 vertebant
1754 1082 1940 1136 oculos
1973 1083 2040 1137 ad

459 1168 781 1224 Jamblicum
797 1179 1222 1240 procuratorem,
1255 1177 1310 1223 et
1325 1169 1392 1224 ab
1411 1183 1476 1224 eo
1507 1170 1689 1225 denuo
1705 1173 2038 1241 quaerebant,

459 1279 708 1332 quaenam
731 1263 904 1332 pridie
926 1264 1138 1332 vesperi
1166 1263 1467 1318 audivisset
1484 1264 1551 1319 de
1572 1264 1702 1331 ipsis
1729 1264 1783 1318 in
1801 1264 2038 1320 civitate.

459 1354 676 1422 Quibus
698 1356 998 1411 Jamblicus
1041 1357 1350 1425 respondit:
1386 1357 1854 1422 Quemadmodum
1889 1357 2044 1412 vobis

457 1446 569 1501 dixi
608 1447 722 1501 heri
751 1446 988 1516 vesperi,
1020 1455 1074 1501 et
1102 1461 1202 1501 nos
1233 1462 1340 1500 una
1381 1461 1504 1501 cum
1553 1446 1779 1515 reliquis
1832 1446 2044 1502 civibus

458 1537 678 1609 quaesiti
704 1539 925 1606 luimus,
957 1548 1016 1593 ut
1039 1538 1142 1594 diis
1186 1538 1595 1593 immolaremus
1638 1553 1820 1593 coram
1863 1539 2041 1609 impe-

462 1627 688 1684 ratore:
748 1629 842 1698 qui
908 1629 1012 1683 nisi
1057 1629 1176 1698 ejus
1229 1629 1404 1698 jussui
1457 1629 2039 1699 obtemperaverimus,

2153 637 2282 697 τοὺς
2312 632 2648 704 κοιμηθῆναι
2679 634 2776 689 καὶ
2802 635 3132 703 ἀναστῆναι,
3159 631 3336 697 οὕτως
3372 630 3516 706 ἦσαν
3548 636 3743 690 ἐπάνω

2153 725 2481 780 αὐτῶν.Καὶ
2511 727 2578 780 τὰ
2601 725 2832 794 σώματα
2862 726 3046 782 αὐτῶν
3068 721 3211 797 ἦσαν
3237 725 3453 798 ἀνθηρὰ
3477 727 3573 780 καὶ
3604 744 3742 796 φαιει⁵

2150 816 2255 886 δρά
2282 817 2380 870 καὶ
2417 815 2592 879 οὕτως
2618 811 2762 888 ἦσαν
2794 817 2870 881 ὡς
2911 817 3282 888 κοιμηθέντες
3331 815 3444 870 ἀπὸ
3491 816 3590 888 ὀψὲ
3637 817 3744 872 καὶ

2151 907 2477 978 ἐγερθέντες
2520 909 2758 979 πρωῖας,
2787 907 3009 978 ἔχοντες
3052 909 3154 978 τὴν
3193 909 3456 978 φροντίδα
3499 908 3598 962 καὶ
3633 908 3742 979 τὴν

2150 999 2330 1070 λύπην
2351 1003 2451 1070 τῆς
2471 1001 2945 1070 είδωλολατρείας,
2963 1001 3060 1055 καὶ
3091 999 3402 1068 ἐλογίζοντο
3431 1001 3514 1054 ὅτι
3541 1002 3744 1064 Δέκιος

2148 1092 2177 1145 ό
2204 1093 2458 1164 βασιλεὺς
2477 1079 2734 1164 ἐπιζητεῖ
2759 1078 2980 1156 αύτούς.
3010 1092 3120 1147 Καὶ
3150 1094 3210 1146 ὲν
3249 1091 3433 1162 πολλῷ
3464 1093 3611 1165 φόνῳ
3641 1093 3746 1147 καὶ

2146 1187 2320 1256 ἀγῶνι
2346 1184 2615 1257 ὑπῆρχον,
2647 1185 2744 1239 καὶ
2767 1185 3074 1256 ἐπέϐλεψαν
3113 1186 3252 1258 πρὸς
3298 1186 3612 1257 Ἰάμϐλιχον
3640 1186 3745 1240 τὸν

2146 1278 2438 1349 οἰκονόμον
2473 1279 2656 1333 αὐτῶν
2682 1321 2696 1342 ,
2727 1279 2824 1332 καὶ
2856 1279 3230 1350 ἐπηρώτησαν
3259 1280 3424 1334 αὐτὸν
3455 1281 3590 1352 περὶ
3619 1279 3742 1334 τῶν

2149 1368 2496 1439 λαλουμένων
2519 1369 2618 1439 ὀψὲ
2643 1371 2702 1422 ἐν
2731 1372 2797 1439 τῇ
2825 1370 3000 1434 πόλει,
3041 1370 3136 1424 καὶ
3169 1365 3324 1423 εἶπεν
3363 1371 3550 1434 αὐτοῖς
3577 1370 3742 1441 Ἰάμ-

2147 1460 2356 1529 ϐλιχος,
2394 1459 2585 1530 ὥσπερ
2639 1464 2904 1531 προεῖπον
2938 1464 3088 1532 ὑμῖν,
3111 1463 3193 1514 ὅτι
3247 1461 3602 1533 ἑζητὴθημεν
3628 1459 3736 1534 δ’ψέ

2145 1551 2285 1621 μετά
2335 1551 2445 1606 τῶν
2498 1552 2941 1622 πολιτευομένων
2991 1553 3254 1608 ἐπιθύσαι
3301 1556 3414 1619 τοῖς
3473 1553 3728 1618 εἰδώλοις

2140 1643 2375 1698 ἐνώπιον
2406 1644 2502 1698 τοῦ
2539 1645 2826 1715 βασιλέως,
2864 1647 2961 1699 καὶ
2998 1645 3112 1700 ίδοῦ
3167 1645 3537 1717 ἐντεθύμηται
3577 1646 3735 1701 κακά

460 1728 730 1774 tormenta
759 1734 816 1775 se
850 1719 1010 1776 nobis
1038 1720 1324 1774 allaturum
1356 1718 1659 1775 constituit.
1689 1718 1829 1786 Quid
1855 1728 2033 1776 autem

2143 1735 2274 1806 περὶ
2305 1735 2462 1807 ἡμῶν
2487 1752 2501 1767 ⁸
2539 1709 2593 1789 τί
2621 1738 2837 1808 ποιησει
2868 1736 2926 1790 δὲ
2952 1737 3052 1790 ούκ
3084 1733 3224 1792 οἶδα.

457 1809 703 1866 tacturus
728 1811 818 1874 sit,
862 1811 1066 1867 nescio.

529 1897 667 1954 ΧΙΙ-ί.
689 1899 840 1956 Tunc
858 1901 1558 1972 responditMaximiiianus
1586 1904 1694 1979 (2):
1723 1905 1900 1978 Agite,
1933 1905 2041 1960 fru-

455 1984 592 2056 tr'es.
632 1995 803 2065 parati
831 1997 1000 2052 simus
1041 1996 1254 2066 prodire
1298 1998 1353 2052 in
1391 2009 1745 2070 conspectum
1801 2000 2039 2070 impera-

458 2087 594 2141 toris
619 2087 762 2142 i'lli'us
791 2088 1049 2143 terribilis
1075 2097 1131 2143 et
1175 2088 1289 2143 veri
1328 2089 1421 2144 Dei
1454 2089 1586 2147 Jesu
1601 2089 1829 2155 Christi,
1860 2105 2040 2161 neque

456 2179 748 2234 timeamus
775 2180 1059 2235 mortalem
1097 2180 1259 2235 istum
1315 2183 1726 2248 imperatorem.
1771 2181 1854 2237 Tu
1885 2199 2036 2248 vero,

455 2269 758 2336 lamblice,
825 2273 894 2328 da
963 2288 1185 2340 Operam
1252 2284 1314 2330 ut
1363 2286 1589 2346 paretur
1652 2276 1810 2331 nobis
1883 2277 2040 2332 cibus

452 2363 522 2418 ad
556 2364 745 2419 horam
780 2369 1157 2423 constitutam.
1194 2370 1392 2439 Accipe
1420 2379 1729 2441 argentum,
1754 2370 2038 2441 ingredere

454 2454 511 2509 in
542 2457 754 2521 urbem,
789 2462 910 2512 'eme
945 2465 1114 2529 panes
1149 2461 1384 2515 multos:
1432 2461 1591 2530 pauci
1629 2461 1777 2516 enim
1821 2461 2040 2516 fuerunt

453 2561 592 2616 quos
629 2547 746 2602 beri
811 2550 1022 2620 vesperi
1080 2551 1335 2616 attulisti,
1395 2551 1466 2605 ob
1525 2551 1687 2621 idque
1743 2551 2036 2607 esurimus.

451 2635 655 2693 Eadem
698 2657 870 2710 opera
922 2641 1125 2707 discas,
1192 2644 1322 2714 quid
1378 2643 1576 2700 Decius
1624 2646 1927 2716 imperator
1971 2646 2039 2702 de

450 2728 613 2786 nobis
645 2732 922 2788 decernat.
951 2733 1276 2804 (legitabant
1297 2735 1443 2790 enim
1474 2751 1534 2791 se
1560 2745 1719 2790 nocte
1749 2734 2037 2808 superiore

448 2821 731 2886 cubuisse,
791 2833 848 2878 et
905 2826 1170 2895 postridie
1222 2838 1385 2883 mane
1440 2837 1790 2899 expet-rectos
1842 2829 2034 2884 fuisse;

451 2911 613 2970 Tunc
647 2916 812 2986 igitur
844 2917 987 2972 bene
1011 2933 1170 2972 mane
1209 2918 1796 2986 surrexitlamblicus,
1831 2931 1888 2977 et
1945 2939 2038 2975 ar-

447 3014 673 3076 gentum
700 3008 1017 3078 sumpsite:
1056 3009 1267 3077 loculis,
1310 3012 1770 3078 quemadmodum
1801 3027 2034 3068 consueo

448 3105 623 3151 verat.
660 3096 788 3151 Erat
810 3105 994 3153 autem
1031 3109 1253 3155 moneta
1284 3101 1371 3155 illa
1403 3111 1590 3157 vetere
1608 3112 1740 3157 nota
1766 3103 2032 3173 impressa

446 3194 572 3257 ηυδε
600 3188 799 3257 partim
829 3189 1216 3261 quadraginta,
1249 3192 1445 3262 partim
1472 3195 1752 3263 sexaginta
1777 3210 2034 3250 num-mo-

450 3293 570 3332 rum
604 3278 787 3348 pretio
814 3279 1159 3348 pendebatur
1190 3291 1436 3337 veterum
1467 3285 1861 3354 imperatorum
1890 3295 2032 3339 tem-

447 3365 694 3436 poribus,
727 3384 850 3422 cum
890 3371 1063 3426 sancti
1097 3373 1192 3426 viri
1219 3373 1285 3426 de
1324 3372 1523 3442 quibus
1555 3374 1720 3428 verba
1778 3360 2032 3440 facimus,

447 3459 600 3528 prius
665 3460 943 3517 vivebant.
1009 3461 1396 3520 Prmtericra-nt
1447 3475 1628 3521 autem
1688 3465 1919 3521 trecenti
1977 3476 2034 3520 et

447 3552 787 3622 septuaginta
851 3554 981 3608 anni
1033 3570 1098 3608 ex
1152 3573 1260 3624 quo
1307 3557 1643 3612 donnierant
1719 3558 1894 3626 usque
1964 3556 2030 3612 ad

446 3644 591 3700 diem
625 3661 735 3716 quo
759 3658 1204 3702 resurrcxerunt.

521 3832 674 3889 xw.
708 3831 845 3888 Cum
881 3832 1044 3903 igitur
1094 3833 1382 3898 illuxisset,
1439 3832 1574 3890 exiit
1617 3819 1912 3891 jamldicus
1961 3852 2024 3892 ex

449 3928 730 3998 Spelunca,
765 3938 820 3983 et
851 3928 990 3984 vidit
1013 3927 1222 3998 lapides
1254 3938 1382 3984 ante
1425 3929 1741 3999 speluncam
1795 3930 2025 4002 positos,

444 4031 609 4091 atque
631 4021 940 4091 obstupuit:
1002 4022 1138 4075 nihil
1166 4023 1312 4076 enim
1347 4021 1416 4077 de
1450 4022 1723 4093 lapidibus
1777 4023 1884 4078 illis
1935 4039 2029 4079 co-

443 4123 732 4184 gnovcrat.
777 4113 1123 4169 Descendens
1180 4122 1364 4169 autem
1412 4114 1480 4169 de
1531 4125 1738 4182 monte,
1803 4116 2032 4171 timebat

446 4203 818 4260 deambulare.
844 4203 1030 4275 itaque
1056 4205 1108 4259 in
1141 4206 1228 4260 via
1259 4215 1405 4260 totus
1427 4201 1754 4276 trepidabat,
1779 4216 2030 4264 metuens

455 4297 518 4352 in
547 4297 737 4352 urbem
773 4297 1009 4368 ingredi,
1032 4313 1102 4354 ne
1123 4315 1232 4374 quo
1255 4300 1418 4354 modo
1449 4297 1860 4368 agnosceretur,
1883 4311 1938 4356 et
1957 4301 2028 4356 ad

2213 1903 2310 1958 II”.
2333 1902 2466 1957 Τότε
2482 1903 2758 1974 ἀπεκρίθη
2773 1902 3204 1974 Μαξιμιλλιανδς
3227 1903 3321 1957 καὶ
3345 1899 3498 1956 εἶπεν
3513 1900 3704 1967 αὐτοῖς
3717 1920 3737 1937 ⁶

2142 1996 2417 2065 ’Δδελιροί,-
2479 1996 2711 2064 ἑτοίμως
2750 1995 2949 2066 ἔχομεν
2982 1996 3328 2066 παραστῆναι
3360 1993 3592 2049 ἐνώπιον
3621 1995 3736 2049 τοῦ

2145 2089 2412 2159 βασιλέως
2444 2087 2654 2141 ἐκείνου
2682 2087 2778 2140 τοῦ
2833 2087 3067 2158 φοϐεροῦ
3096 2087 3189 2140 καὶ
3212 2085 3446 2156 φρικτοῦ
3479 2086 3735 2156 Χριστοῦ

2138 2181 2234 2235 τοῦ
2274 2179 2535 2250 ἀληθινοῦ
2567 2179 2704 2232 Θεοῦ
2733 2180 2919 2250 ἡμῶν,
2972 2181 3069 2233 καὶ
3107 2179 3182 2250 μὴ
3212 2179 3580 2249 δειλιάσωμεν
3609 2180 3738 2233 ἀστή

2139 2273 2233 2326 τοῦ
2263 2272 2505 2343 ψθαρτοῦ
2549 2271 2744 2326 τούτου
2809 2271 3076 2340 βασιλέως
3115 2290 3129 2303 ο
3162 2269 3319 2327 εἶπεν
3355 2271 3415 2325 δὲ
3453 2272 3548 2326 καὶ
3583 2272 3739 2342 πρὸς

2151 2365 2458 2434 Ἰάμϐλιχον
2487 2365 2635 2427 ὃπως
2665 2365 2947 2434 ἑτοιμάσει
2983 2365 3167 2445 αύτρίς
3191 2363 3291 2434 τὴν
3310 2362 3518 2433 τροφὴν
3543 2363 3740 2417 αὐτῶν

2139 2459 2220 2522 είς
2250 2458 2349 2526 τὴν
2372 2457 2690 2527 ὡρισμένην
2733 2457 2908 2528 ὤραν,
2938 2459 3036 2510 καὶ
3059 2451 3232 2509 εἶπεν·
3271 2455 3420 2508 Λάϐε
3453 2455 3736 2525 ἀργύριον

2139 2552 2198 2603 ἐν
2245 2553 2366 2614 ταῖς
2422 2550 2582 2621 χερσί
2635 2566 2729 2602 σου
2798 2549 2896 2603 καὶ
2945 2549 3158 2602 εἴσελθε
3201 2547 3284 2611 είς
3311 2546 3411 2619 τὴν
3442 2548 3602 2600 πόλιν
3628 2546 3736 2600 καὶ

2139 2643 2412 2716 ἀγόρασον
2465 2643 2766 2714 περισσοὺς
2815 2643 3042 2713 ἄρτους,
3093 2643 3176 2696 ὅτι
3227 2639 3400 2710 ὀλίγοι
3463 2635 3604 2712 ἦσαν
3628 2639 3735 2703 οὓς

2138 2736 2380 2806 ἤνεγκας
2410 2735 2670 2804 ἑσπέρας,
2700 2735 2798 2788 καὶ
2854 2734 2963 2788 ίδοὺ
3006 2732 3311 2803 πεινῶμεν.
3360 2733 3458 2788 καὶ
3493 2731 3634 2803 μάθε
3672 2732 3735 2784 τί

2136 2825 2447 2881 ἐντέλλεται
2487 2826 2616 2896 περὶ
2647 2824 2804 2896 ἡμῶν
2826 2825 3018 2888 Δέκιος
3061 2825 3088 2877 ὀ
3121 2824 3404 2896 βασιλεὺς,
3428 2823 3574 2877 οὕτω
3611 2823 3730 2892 γὰρ

2137 2917 2386 2988 ἐνόμιζον
2422 2917 2504 2970 ὅτι
2566 2917 2668 2986 τὴν
2723 2917 2894 2970 νύκτα
2929 2917 3148 2990 ἐκείνην
3195 2915 3578 2987 ἐκοιμήθησαν
3625 2915 3728 2967 καὶ

2137 2992 2462 3076 ἀνέστησαν.
2495 3007 2702 3059 Ἐωθεν
2725 3005 2782 3059 δὲ
2811 3007 3050 3072 ἀναστὰς
3089 3007 3400 3078 Ἰάμϐλιχος
3424 3005 3623 3058 ἐλαϐεν
3643 3006 3724 3058 ’τὸ

2137 3097 2405 3168 ἀργύριον
2447 3097 2511 3150 ἐκ
2557 3098 2666 3149 τῶν
2717 3095 3026 3166 βαλαντίων
3067 3098 3272 3165 αὐτῶν,
3304 3095 3490 3160 καθὼς
3526 3097 3733 3152 εἴωθεν

2136 3188 2244 3242 ἀπὺ
2272 3190 2373 3259 τῆς
2411 3191 2636 3258 μονίτας
2667 3190 2766 3259 τῆς
2801 3191 3280 3261 μεμονετευμένης
3303 3190 3726 3260 τεσσαράκοντα

2135 3280 2393 3350 νουμίων,
2433 3280 2654 3352 καὶτῆς
2699 3281 2868 3350 ἄλλης
2903 3269 3127 3352 μονῐτας
3156 3281 3424 3352 ἐξήκοντα
3473 3280 3728 3350 νουμίων

2133 3375 2232 3443 τῆς
2261 3370 2431 3444 οὔσης
2464 3365 2526 3425 ἐν
2557 3374 2678 3436 ταῖς
2740 3357 2979 3444 ἡμέραις
3029 3358 3142 3427 τῶν
3164 3371 3413 3444 ἀρχαίων
3449 3373 3725 3443 βασιλέων

2134 3463 2240 3516 τῶν
2274 3462 2444 3516 δντων
2474 3465 2532 3517 ἐν
2561 3466 2673 3530 τοῖς
2721 3453 2939 3534 χρόνοις
2992 3465 3108 3519 τῶν
3166 3465 3340 3535 ἁγίων
3381 3465 3588 3519 τούτων
3634 3467 3728 3520 ὅτι

2133 3555 2190 3607 ἐν
2243 3553 2390 3625 αὐτῷ
2448 3555 2527 3628 τῷ
2581 3558 2762 3628 καιρῷ
2814 3555 3028 3627 ἐφάνη,
3077 3542 3173 3610 καὶ
3225 3553 3375 3626 εἶχον
3422 3557 3724 3627 τριακόσια

2135 3650 2506 3723 ἐϐδομήκοντα
2565 3635 2660 3706 δύο
2693 3641 2786 3724 ἔτη
2819 3652 2923 3716 ἕως
2973 3653 3094 3706 ὅτου
3161 3652 3564 3724 ἐξυπνίσθησαν
3620 3651 3724 3705 καὶ

2133 3745 2440 3813 ἀνέστησαν
2468 3745 2516 3798 οἱ
2546 3743 2695 3814 ἅγιοι
2721 3742 2934 3808 παῖδες.

2207 3834 2307 3891 1Δ’.
2336 3837 2466 3890 Ὅτε
2495 3837 2550 3890 δὲ
2585 3837 2804 3906 ἐγένετο
2833 3821 3019 3908 ἡμέρα
3044 3819 3272 3906 ἐξῆλθεν
3309 3819 3620 3907 Ἰάμϐλιχος
3649 3835 3721 3889 ἐκ

2132 3929 2225 3984 τοῦ
2250 3911 2516 4000 σπηλαίου
2543 3929 2636 3983 καὶ
2659 3925 2797 3982 εἶδεν
2816 3930 2942 3992 τοὺς
2964 3910 3144 3992 λίθους
3156 3929 3448 3999 κειμένους
3472 3928 3724 3998 ἐμπροσ-

2133 4021 2224 4075 θεν
2253 4007 2350 4074 τοῦ
2388 4017 2656 4090 σπηλαίου
2685 4021 2781 4073 καὶ
2809 4019 3110 4089 ἐξεπλάγη.
3142 4005 3294 4072 ούδέν
3313 4019 3422 4090 γὰρ
3441 4019 3722 4088 ἐγίνωσκε

2133 4113 2260 4190 περὶ
2289 4095 2492 4180 αὐτῶν,
2525 4111 2797 4184 κατῆλθεν
2813 4111 2870 4165 δὲ
2897 4111 3004 4166 ἀπὸ
3031 4096 3313 4190 τούδρους
3344 4111 3437 4165 καὶ
3464 4103 3722 4180 ἐφοϐεῖτο

2133 4189 2462 4276 περιπατεῖν
2507 4191 2566 4258 ἐν
2593 4207 2660 4276 τῇ
2713 4205 2820 4276 ὁδῷ
2873 4205 2971 4258 τοῦ
3023 4189 3292 4258 εἰσελθεῖν
3346 4205 3405 4258 ἐν
3430 4207 3497 4275 τῇ
3536 4205 3718 4268 πόλει,

2132 4298 2382 4368 ἐφοϐεῖτο
2399 4283 2506 4368 γάρ
2540 4298 2614 4368 μή
2648 4315 2766 4361 πως
2799 4297 3020 4368 γνωσθῇ
3054 4298 3160 4350 ὑπό
3205 4315 3353 4361 τινος
3385 4297 3483 4351 καὶ
3532 4298 3721 4367 ἐμφα-

443 4387 832 4458 imperatorem
894 4389 1117 4444 Decium
1182 4391 1396 4447 vinctus
1453 4392 1776 4460 duceretur;
1827 4393 2028 4464 quippe

2139 4392 2258 4463 νίση
2313 4391 2443 4462 περὶ
2492 4389 2681 4457 αὐτοῦ,
2720 4389 2816 4444 καὶ
2870 4390 3239 4461 κατασχόντες
3287 4389 3718 4460 παραδώσουσιν

444 4480 733 4550 ignorabat
783 4482 902 4553 ejus
962 4483 1177 4554 tyranni
1222 4499 1344 4539 ossa
1399 4483 1458 4540 in
1483 4485 1735 4555 sepulcro
1787 4488 2032 4557 putrefa-

2139 4485 2298 4538 αὐτὸν
2328 4472 2406 4553 τῷ
2456 4470 2685 4554 βασιλεῖ,
2734 4467 2832 4536 καὶ
2882 4483 2985 4536 οὐκ
3041 4484 3160 4555 ᾔδει
3188 4484 3271 4537 ὄτι
3296 4479 3442 4554 ἦσαν
3470 4483 3540 4536 τὰ
3577 4482 3721 4536 ὁστὰ

441 4583 531 4628 cta
560 4588 704 4630 esse.
728 4574 864 4629 Cum
895 4591 1026 4630 vero
1055 4577 1110 4630 in
1143 4577 1332 4632 urbem
1366 4578 1758 4650 ingrederetur,
1786 4589 1839 4635 et
1863 4595 2030 4636 vene-

443 4661 628 4740 randa:
668 4666 848 4721 crucis
888 4667 1104 4736 signum
1165 4679 1290 4724 ante
1343 4671 1492 4725 urbis
1547 4667 1728 4742 portas
1784 4683 2026 4728 erectum

445 4755 688 4818 vidisset.
748 4758 828 4814 sic
888 4759 1192 4839 obstupuit,
1231 4769 1285 4814 ut
1317 4777 1344 4815 a
1377 4770 1560 4816 mente
1585 4764 1696 4839 fere
1729 4763 2022 4820 exciderit:

443 4848 611 4920 atque
669 4850 724 4906 in
781 4837 1165 4922 quamcunque
1231 4862 1438 4923 partem
1497 4837 1691 4908 oculos
1743 4855 2022 4920 vertisset,

446 4944 932 5019 rerum_novitate
990 4943 1294 5019 perculsus,
1341 4945 1514 5015 magis
1582 4945 2022 5016 obstupesccbat.

443 5018 777 5108 Accessitad
805 5035 966 5089 aliam
1009 5018 1160 5091 urbis
1187 5025 1422 5104 portam,
1457 5045 1511 5089 et
1541 5021 1648 5089 illic
1683 5036 1845 5090 etiam
1899 5052 2026 5090 rru-

443 5128 562 5177 ccm
609 5125 778 5192 ipsam
847 5141 1008 5196 supra
1062 5142 1250 5181 muros
1299 5119 1534 5180 erectam
1579 5118 1734 5180 vidit.
1775 5115 2026 5196 Cumque

443 5211 636 5291 names
662 5206 849 5286 portas
890 5218 1138 5282 obiissct,
1190 5217 1515 5273 venerande
1561 5207 1741 5275 crucis
1795 5219 2022 5290 ﬁguram

437 5301 730 5376 aspiciens,
761 5325 875 5386 prae
904 5320 1126 5380 stupore
1176 5301 1364 5366 mutus
1434 5303 1608 5367 factus
1669 5321 1772 5378 est,
1830 5303 2033 5382 itaque

441 5411 564 5450 cum
605 5396 671 5478 ad
695 5398 924 5480 primam
975 5398 1120 5454 illam
1173 5412 1387 5470 portam
1434 5416 1494 5456 se
1551 5395 1892 5465 contuiisset,
1947 5399 2020 5456 ita

439 5502 624 5564 secum
655 5489 1016 5561 loquebatur:
1045 5491 1304 5562 quidnam
1339 5492 1439 5547 hoc
1472 5493 1592 5546 est?
1640 5493 1766 5548 lleri
1806 5495 2019 5564 vesperi

436 5563 604 5646 bnjus
661 5566 843 5638 crutis
901 5578 1116 5654 sig-num
1177 5584 1231 5639 in
1295 5573 1536 5639 iatibulis
1570 5563 1916 5651 servabatur,
1965 5595 2020 5641 et

442 5680 584 5722 nunc
612 5681 795 5740 aperte
820 5673 872 5727 in
907 5675 1078 5744 ipsius
1118 5675 1270 5731 urbis
1318 5675 1524 5731 foribus
1582 5685 1823 5731 erectum
1864 5676 2013 5731 vidc-

519 5849 593 5916 (ἶ)
622 5853 749 5907 Vide
779 5856 1070 5914 Darouium
1100 5861 1188 5916 ubi
1229 5879 1412 5932 supra.

2131 4579 2224 4633 τοῦ
2252 4578 2526 4650 τυράννου
2567 4579 2626 4632 ἐν
2675 4577 2754 4650 τῷ
2791 4579 2916 4650 ἅδῃ.
2953 4580 3066 4634 Καὶ
3097 4579 3186 4632 ὅτε
3224 4577 3464 4647 ἔφθασεν
3495 4577 3524 4629 ὁ
3558 4576 3720 4646 Ἰάμο

2131 4673 2312 4743 ϐλιχος
2343 4672 2423 4734 είς
2443 4673 2544 4742 τὴν
2598 4671 2753 4725 πόλιν
2802 4671 3061 4736 ἀτενίσας
3092 4666 3234 4724 εἶδεν
3282 4671 3376 4724 τὶν
3413 4669 3584 4723 τύπον
3615 4671 3716 4722 τοῦ

2129 4764 2311 4833 τιμίου
2352 4761 2585 4831 σταυροῦ
2638 4760 2997 4832 πεπηγμένον
3051 4759 3195 4814 κατὰ
3247 4759 3357 4812 τῶν
3396 4759 3581 4813 πυλῶν
3611 4757 3716 4827 τῆς

2131 4852 2363 4916 πόλεως,
2392 4855 2485 4906 καὶ
2513 4853 2709 4926 ἐξέστη
2744 4853 2803 4904 ἐν
2836 4853 2902 4922 τῇ
2936 4851 3150 4924 διανοίᾳ
3177 4849 3370 4903 αὑτοῦ.
3436 4850 3544 4904 Καὶ
3578 4863 3710 4903 κατ⁴

2127 4943 2272 4996 ενόει
2301 4930 2401 4996 ὦδε
2422 4943 2516 4996 καὶ
2541 4937 2642 4996 ὦδέ
2664 4943 2755 4995 καὶ
2780 4940 3166 5012 ἐξεπλήττετο,
3209 4941 3413 5010 ὁμοίως
3445 4939 3502 4992 δὲ
3540 4939 3715 4992 ἁπελο

2127 5035 2238 5090 θὼν
2267 5035 2362 5090 καὶ
2384 5021 2466 5099 et;
2489 5035 2588 5107 τὴν
2621 5020 2790 5106 άλλην
2822 5035 3001 5107 πύλην
3023 5035 3123 5106 τῆς
3150 5025 3380 5098 πόλεως,
3424 5029 3567 5086 εἶδεν
3606 5033 3714 5084 κᾶ-

2127 5126 2278 5180 κεῖσέ
2317 5127 2553 5198 σταυρὸν
2584 5125 2942 5197 πεπηγμένον
2994 5126 3180 5180 ἐπάνω
3206 5117 3376 5196 αὐτῆς
3406 5127 3500 5178 καὶ
3543 5123 3714 5178 ἐθαύ-

2129 5221 2322 5290 μαζεν,
2355 5221 2451 5273 καὶ
2476 5219 2783 5291 περιελθὼν
2816 5219 2943 5282 ὅλας
2966 5220 3066 5282 τὰς
3096 5218 3294 5283 πύλας,
3351 5207 3512 5286 εὗρεν
3551 5203 3712 5281 οὗτος

2124 5316 2216 5366 τὶν
2265 5302 2436 5366 τύπον
2481 5313 2576 5366 τοῦ
2633 5311 2820 5382 τιμίου
2875 5312 3140 5380 σταυροῦ,
3197 5312 3292 5365 καὶ
3340 5312 3530 5365 ἵστατο
3561 5310 3712 5373 ἐνεὶς

2123 5404 2564 5474 ἐκπληττόμενος
2607 5403 2702 5458 ἐπὶ
2723 5401 2956 5466 τούτοις·
3001 5405 3131 5456 Ὅτε
3155 5403 3248 5456 οὖν
3282 5397 3449 5474 ἦλθεν
3482 5401 3575 5453 ἐπὶ
3605 5394 3711 5470 τὴν

2123 5495 2370 5566 πρώτην,
2411 5494 2741 5564 διελογίζετο
2779 5495 2837 5549 ἐν
2883 5495 3082 5565 ἐαυτῷ,
3111 5495 3208 5549 καὶ
3237 5494 3424 5562 ἔλεγεν
3452 5509 3465 5522 υ
3503 5483 3568 5544 Τί
3600 5491 3712 5560 ἄρα

2113 5588 2240 5640 ⁴ἐστι
2268 5587 2427 5641 τοῦτο
2454 5580 2515 5640 τὸ
2577 5590 2808 5659 σημεῖον
2857 5588 2953 5642 τοῦ
2987 5587 3223 5658 σταυροῦ
3261 5577 3342 5642 ὅτι
3375 5585 3618 5654 ἑσπέρας
3651 5573 3710 5634 ἐν

2122 5678 2197 5750 τῷ
2227 5678 2456 5752 κρυπτῷ
2488 5675 2586 5751 ἦν,
2643 5680 2738 5734 καὶ
2769 5679 2863 5736 νῦν
2914 5679 3328 5752 πεφανέρωται,
3372 5677 3511 5750 μετὰ
3567 5675 3712 5746 παῤ-
