3994 6450
332 417 433 502 tu

1423 429 1520 510 bE
1559 429 1863 511 SEPTEM
1903 431 2511 512 DORMIENTIBUS.

319 553 518 626 ῥησιας
555 552 650 608 ἐπὶ
677 553 791 609 τῶν
812 554 1001 610 πυλῶν
1026 557 1127 628 τῆς
1167 556 1401 626 πόλεως,
1435 561 1623 629 ἔλεγεν
1657 561 1716 615 δέ
1746 563 1805 614 ἐν
1831 563 1894 632 τῇ

2004 576 2147 616 mus.
2188 559 2398 616 Verene
2437 563 2538 617 lto'e
2563 562 2741 625 video,
2763 571 2831 614 an
2858 559 3058 630 spectri
3084 558 3312 629 alicujus
3338 559 3590 616 illusinne

313 642 528 716 διανοίᾳ
561 642 732 698 αὐτοῦ
806 645 941 715 μήτι
997 645 1186 718 δραμὰ
1229 649 1350 702 ἐστι
1407 650 1603 718 τοῦτος
1640 652 1796 705 Μετὰ
1848 651 1905 705 δὲ

313 733 491 788 ταῦτα
525 734 707 788 λαϐὼν
737 734 941 807 Θάρσος
965 738 1247 793 ἐσκέπασε
1279 739 1379 812 τὴν
1427 743 1677 814 κεφαλὴν
1733 743 1905 797 αὐτοῦ

313 826 411 879 καὶ
439 826 704 906 εἰσῆλθεν.
744 829 830 893 εἰς
885 831 988 902 τὴν
1043 832 1222 897 πόλιν,
1279 833 1377 887 καὶ
1426 814 1632 906 ἦκοὸσε
1689 834 1907 888 πολλῶν

312 919 590 988 λεγόντων
627 921 724 974 καὶ
747 921 1066 993 ὀμνυόντων
1097 925 1156 977 ἐν
1189 923 1267 996 τῷ
1294 925 1522 997 ὀνόματι
1561 927 1658 980 τοῦ
1692 927 1903 1000 Κυρίου

311 1013 475 1082 ἡμῶν
514 1013 692 1082 Ἰησοῦ
740 1014 1004 1084 Χριστοῦ,
1042 1016 1140 1069 καὶ
1172 1018 1268 1072 νῦν
1319 1018 1528 1088 ἑκάστη
1557 1019 1785 1086 γλῶσσα
1814 1037 1906 1073 τε·

309 1103 592 1172 τράνωται
617 1105 678 1157 ἐν
708 1105 884 1175 αὐτῷ,
905 1105 1075 1168 πάλιν
1103 1109 1161 1162 δὲ
1191 1109 1379 1178 ἔλεγεν
1411 1111 1470 1164 ἐν
1514 1110 1720 1182 ἐαυτῷ,
1757 1111 1901 1182 τάχα

307 1196 413 1247 οὐκ
440 1194 596 1250 ἐστιν
635 1195 777 1267 αὕτη
822 1198 856 1256 ἠ
890 1198 1049 1262 πόλις
1087 1200 1322 1268 Ἔφεσος
1345 1202 1491 1254 διατι
1515 1203 1583 1256 τὰ
1627 1203 1904 1272 οἰκήματα

311 1287 488 1355 αὐτῆς
526 1289 679 1341 ἐστὶν
738 1288 1148 1361 ἐνηλλαγμένα,
1193 1293 1287 1345 καὶ
1329 1294 1362 1362 ἡ
1405 1291 1690 1356 διάλεκτος
1732 1294 1904 1362 αὐτῆς

309 1378 668 1463 δεδιδαγμένη
693 1380 752 1433 ἐν
781 1379 860 1451 τῷ
889 1382 1134 1454 Χριστῷ,
1166 1383 1264 1438 καὶ
1293 1384 1465 1452 ἄλλην
1482 1384 1639 1463 πόλιν
1654 1384 1754 1438 οὐκ
1784 1380 1902 1438 οἶδα

309 1473 356 1520 εἰ
382 1461 479 1541 μὴ¹
509 1471 721 1542 ταύτην
760 1473 957 1544 μόνην.
1019 1475 1131 1529 Kal.
1195 1461 1654 1547 περιερχόμενος,
1709 1475 1900 1548 ἠρώτα

307 1561 434 1615 τινὰ
485 1562 597 1616 τῶν
655 1563 900 1619 πολιτῶν
955 1566 1157 1636 λέγων,
1211 1567 1330 1632 πῶς
1391 1570 1702 1639 καλεῖταιὴ
1745 1569 1903 1632 πόλις

305 1655 452 1724 αὕτη
478 1673 491 1685 ·
522 1657 552 1708 6
578 1656 637 1710 δὲ
669 1653 826 1712 εἶπεν
855 1675 870 1689 ·
904 1659 1052 1730 Αὕτη
1111 1661 1350 1731 Ἔφεσός
1403 1663 1522 1715 ἐστι
1559 1677 1574 1693 ο
1611 1663 1705 1715 καὶ
1747 1657 1901 1716 εἶπεν

318 1746 633 1818 Ἰάμϐλιχός
667 1752 796 1820 παρ’
819 1750 999 1819 ὀλίγον
1037 1751 1183 1821 Ἐγὼ
1211 1752 1560 1823 ἐπελαθόμην
1608 1754 1704 1806 καὶ
1734 1753 1899 1807 ἔπλα·

306 1839 486 1909 νήθην
519 1844 578 1894 ἐν
610 1841 690 1915 τῷ
737 1843 822 1896 νοῒ
869 1853 997 1914 μου,
1041 1843 1157 1898 ἀλλ’
1189 1843 1395 1910 ἐξέλθω
1448 1847 1514 1898 ἐκ
1540 1844 1640 1912 τῆς
1687 1844 1900 1910 πόλεως

304 1930 523 2002 ταύτης
559 1934 632 2003 μή
677 1952 793 1998 πως
825 1934 1109 2006 πλανηθῶ.

2007 650 2291 722 decipior?
2319 651 2455 706 Cum
2492 652 2608 706 hmc
2645 652 2872 715 diceret,
2914 660 2970 706 et
2999 653 3178 706 crucis
3205 651 3431 722 ﬁguram
3466 651 3592 704 ubi-

2006 758 2114 813 que
2169 743 2332 798 llxam
2380 743 2608 808 videret,
2640 743 2822 796 animo
2848 743 3019 813 magis
3048 741 3391 807 conﬁrmato,
3419 741 3471 794 in
3503 759 3593 795 ur-

2007 835 2128 890 bem
2162 849 2349 904 aperto
2389 835 2565 904 capite
2597 835 2872 904 ingressus
2900 844 3005 889 est.
3073 833 3320 904 Cumque
3382 834 3592 904 longius

2007 927 2658 1000 progrederetur,audivit
2678 928 2874 982 multos
2894 944 2989 998 per
3014 927 3140 982 Jesu
3161 927 3360 981 Christi
3388 943 3587 981 nomen

2001 1021 2207 1090 iurare.
2244 1019 2423 1084 Quare
2483 1018 2651 1087 magis
2704 1018 3030 1087 perculsus:
3087 1016 3226 1083 Quid
3282 1019 3397 1071 lucc
3453 1019 3586 1081 sint,

2005 1109 2203 1180 inquit,
2241 1111 2453 1181 ignoro.
2487 1108 2615 1162 Heri
2656 1109 2870 1178 vesperi
2903 1123 3065 1164 nemo
3114 1109 3282 1162 libere
3303 1109 3584 1162 Christum

2004 1202 2340 1264 nominabat,
2369 1210 2424 1256 et
2459 1216 2608 1254 nunc
2642 1209 2748 1254 tam
2775 1199 2959 1255 multis
3022 1200 3222 1271 linguis
3272 1200 3474 1254 Christi
3497 1217 3596 1252 nos

2001 1309 2132 1349 men
2159 1293 2502 1349 celebratur?
2529 1293 2737 1348 Rursus
2774 1306 2958 1346 secum
3011 1292 3310 1362 ambigens,
3338 1292 3552 1346 dicebat
3578 1310 3591 1345 :

2007 1383 2263 1439 Fortasse
2297 1383 2486 1439 urbem
2506 1384 2786 1454 Ephesum
2818 1399 2924 1437 non
2964 1381 3142 1441 video.
3177 1381 3436 1450 quoniam
3474 1383 3594 1445 eirts

2005 1477 2233 1533 mdiﬁcia
2261 1480 2491 1534 omnino
2514 1487 2718 1534 mutata
2753 1487 2900 1541 sunt,
2936 1487 2989 1531 et
3050 1477 3222 1545 ipsius
3254 1477 3456 1544 lingua,
3486 1475 3591 1528 alia

2009 1567 2255 1638 qua-dam
2290 1579 2375 1623 est
2405 1569 2654 1622 Chistmn
2702 1569 2928 1622 educta:
2976 1565 3121 1636 quod
3189 1565 3240 1616 in
3286 1564 3431 1616 nulla
3488 1563 3590 1615 alia

2005 1661 2139 1716 urbe
2163 1661 2277 1714 ﬁeri
2306 1661 2412 1716 vidi
2443 1662 2572 1726 ,nisi
2607 1661 2662 1715 in
2689 1661 2790 1714 hac
2834 1659 2968 1714 sola.
3017 1659 3346 1728 Progressus
3406 1655 3590 1724 igitur,

2001 1754 2296 1822 quaesivita
2324 1754 2559 1824 quodam
2589 1753 2727 1827 cive,
2756 1767 2866 1821 quo
2900 1751 3121 1805 nomine
3150 1750 3278 1804 urbs
3311 1751 3396 1803 illa
3432 1767 3591 1803 vora-

2005 1857 2193 1900 retur:
2229 1845 2494 1914 Ephesus,
2525 1845 2701 1914 inquit
2730 1845 2841 1907 ille,
2871 1845 2983 1898 haec
3019 1851 3266 1896 vocatur.
3329 1839 3443 1892 Non
3499 1855 3592 1894 ere

1941 1929 1983 1985 Β
2013 1937 2152 1992 didit
2203 1936 2522 2001 Jamblicus,
2583 1937 2677 1992 sed
2739 1951 2924 1991 secum
2973 1936 3252 2005 cogitans:
3301 1933 3590 1999 Deceptus,

301 2023 504 2091 inquit,
533 2034 682 2078 certe
708 2039 852 2090 sum,
887 2024 1134 2080 locorum
1163 2024 1385 2092 oblitus,
1446 2032 1669 2096 totaque
1719 2034 1902 2080 mente
1958 2026 2237 2082 abcrraus.
2287 2025 2607 2082 Exeundum
2644 2026 2808 2098 igitur
2863 2025 2996 2080 mihi
3047 2032 3133 2080 est
3174 2039 3244 2080 ex
3297 2023 3397 2079 hac
3435 2023 3588 2087 urbe,

301 2134 372 2173 ne
405 2118 578 2188 magis
599 2132 802 2174 errem.

374 2206 485 2262 lE'.
515 2208 607 2272 Ὠς
642 2207 736 2263 οὖν
758 2210 818 2262 ἐν
849 2208 1032 2281 πολλῷ
1061 2209 1216 2280 φόϐῳ
1243 2210 1338 2265 καὶ
1371 2211 1585 2284 ἀγωνίᾳ
1602 2207 1694 2284 ἦν,
1721 2213 1906 2283 βουλό-

302 2319 470 2374 μενος
521 2300 760 2366 ἐξελθεῖν
790 2302 856 2354 ἐκ
876 2303 977 2373 τῆς
1004 2302 1242 2367 πόλεως,
1286 2303 1566 2376 προσῆλθε
1607 2305 1745 2376 πρὸς
1773 2307 1901 2370 τοὺς

299 2394 727 2465 πιπράσκοντας
778 2393 909 2457 τοὺς
963 2393 1166 2466 ἄρτους
1190 2395 1487 2465 ἀγοράσαι,
1519 2395 1616 2449 καὶ
1649 2395 1905 2451 ἐκϐαλὼν

2118 2201 2215 2270 XV
2244 2254 2261 2271 .
2321 2214 2458 2270 Cum
2485 2230 2613 2286 ergo
2651 2214 3020 2272 sollicitudine
3069 2232 3262 2286 magna
3317 2219 3593 2269 teneretur

2001 2315 2064 2363 ct
2104 2308 2251 2362 illinc
2280 2308 2432 2363 exire
2476 2308 2661 2373 vellet,
2697 2309 2850 2377 prius
2883 2308 3054 2362 voluit
3083 2322 3252 2377 panes
3299 2313 3503 2370 emere,
3537 2310 3592 2359 et

2005 2409 2290 2470 argentum
2346 2400 2598 2468 sumpsit,
2663 2407 2724 2452 ut
2771 2400 3004 2469 pretium
3067 2400 3242 2454 daret.
3303 2399 3404 2464 Qui
3458 2413 3590 2453 vero

304 2486 597 2557 ἀργὺριον,
658 2484 861 2539 ἔδωκεν
917 2487 1106 2550 αὐτοῖς
1149 2497 1167 2517 ⁶
1200 2488 1358 2541 αὐτοὶ
1389 2488 1447 2542 δὲ
1488 2488 1754 2553 λαϐόντες
1805 2506 1894 2559 καη

2006 2509 2199 2564 panem
2229 2493 2608 2557 vendiderant,
2654 2507 2778 2548 cum
2820 2500 3092 2547 monetam
3142 2492 3290 2545 illam
3337 2496 3590 2559 magna

308 2580 505 2644 Bone;
531 2578 633 2649 τὴν
666 2577 894 2650 μονίταν
911 2579 993 2632 ὅτι
1029 2579 1246 2649 μεγάλη
1265 2575 1335 2645 ἦν
1365 2580 1462 2633 καὶ
1489 2579 1890 2651 ἐνηλλαγμένη,

309 2671 623 2740 ἐθαύμασαν
647 2672 746 2724 καὶ
760 2669 1012 2740 ἀλλήλοις
1027 2671 1380 2725 ἐπεδείκνυον
1412 2671 1605 2742 αὐτὴν,
1628 2673 1726 2732 καὶ
1747 2688 1890 2741 παρ-

303 2762 432 2833 ῆλθε
465 2763 557 2816 διὰ
586 2761 781 2817 πασῶν
808 2764 918 2816 τῶν
933 2763 1216 2834 καθεδρῶν
1252 2764 1363 2816 τῶν
1397 2763 1728 2817 πωλούντων
1757 2763 1889 2827 τοὺς

293 2857 522 2926 ἄρηος,
550 2854 648 2908 καὶ
679 2853 1007 2926 ὲψιθύριζον
1048 2856 1170 2924 μετ’
1200 2856 1453 2928 ἀλλήλων
1501 2857 1598 2911 καὶ
1651 2855 1889 2910 ἔϐλεπον

293 2951 374 3012 εἰς
395 2948 489 3002 τὸν
535 2949 848 3019 Ἰάμϐλιχον
868 2949 963 3002 καὶ
991 2942 1175 3002 εἷπον·
1203 2942 1374 3012 Οὗτος
1409 2948 1684 3020 θησαυρὸν
1703 2941 1884 3017 εὗρεν,

293 3041 393 3094 καὶ
448 3040 566 3094 ἐστι
619 3040 837 3096 πολλῶν
895 3040 1054 3098 ἐτῶν.
1104 3041 1162 3095 Ὀ
1197 3042 1254 3095 δὲ
1319 3041 1631 3113 Ἶάμϐλιχος
1670 3040 1887 3110 βλέπων

293 3136 420 3196 τοὺς
474 3133 847 3203 προσέχοντας
917 3130 1069 3204 αὑτῷ
1120 3130 1535 3203 ψιθυρίζοντας,
1589 3131 1880 3202 ἐφοϐήθηο

2007 2597 2064 2643 et
2112 2587 2382 2642 diversam
2444 2585 2730 2648 vidissent,
2793 2583 2969 2639 mirati
3014 2594 3162 2645 sunt,
3224 2592 3281 2636 et
3347 2582 3588 2636 vic'ssim

1997 2695 2116 2736 eam
2149 2678 2250 2735 sibi
2277 2677 2657 2732 ostendebant.
2709 2677 2813 2731 Per
2879 2690 3073 2730 manus
3137 2675 3306 2744 igitur
3368 2673 3586 2736 tradita,

1995 2783 2214 2829 moneta
2277 2771 2368 2826 illa
2429 2759 2532 2840 per
2599 2783 2792 2824 omnes
2845 2767 2937 2839 qui
3002 2783 3200 2839 panem
3252 2767 3583 2831 vendebant,

1996 2864 2240 2922 transiit.
2286 2862 2390 2930 Qui
2414 2861 2657 2918 vicissim
2697 2862 2752 2916 in
2801 2875 2989 2916 aurem
3045 2862 3480 2926 insusurran'tes,
3533 2869 3590 2915 et

1999 2957 2327 3012 Jamblicum
2374 2949 2671 3021 intuentes",
2725 2953 2984 3009 dicebant
3022 2970 3036 3008 :
3071 2953 3210 3009 Vere
3265 2954 3429 3008 homo
3485 2951 3588 3005 iste

1998 3051 2328 3103 thesaurum
2349 3047 2844 3110 iuvenit,‘vetcrem
2869 3044 3018 3098 illum
3043 3044 3286 3114 quidem,
3315 3053 3371 3098 et
3402 3043 3590 3098 multis

1992 3141 2193 3196 abhinc
2273 3139 2432 3194 annis
2495 3137 2860 3193 reconditum.
2920 3133 3222 3190 Jamblicus
3281 3149 3407 3188 eum
3467 3133 3586 3188 illus

294 3226 521 3294 ἐνόμιζε
565 3225 680 3296 γάρ
727 3227 812 3278 ὅτι
869 3223 1168 3300 ἐγνώριζον
1217 3226 1382 3278 αὐτὸν
1427 3225 1524 3279 καὶ
1594 3223 1881 3295 βούλονται

1998 3237 2337 3290 susurrantes
2357 3233 2590 3297 Videret,
2613 3230 2779 3301 coepit
2808 3229 3000 3284 timere
3037 3228 3420 3284 :existimabat
3440 3226 3585 3281 enim

295 3315 634 3386 πιραδοῦναι
663 3317 828 3371 αὐτὸν
849 3319 1025 3389 Δεκίῳ
1045 3317 1122 3388 τῷ
1151 3317 1384 3388 βασιλεῖ,
1418 3317 1607 3371 πολλοὶ
1627 3317 1686 3370 δὲ
1709 3327 1887 3388 προσ·

294 3411 531 3482 ἠρχοντο
552 3411 920 3480 ἐμϐλέποντες
951 3413 1034 3476 εἰς
1059 3411 1118 3465 τὸ
1158 3412 1455 3481 πρόσωπον
1481 3411 1669 3476 αὐτοῦ,
1696 3411 1792 3465 καὶ
1813 3411 1889 3474 ὡς

295 3502 517 3556 ἵσταντο
563 3502 897 3572 κατέχοντες
953 3503 1120 3556 αὑτὸν
1169 3505 1230 3556 ἐν
1294 3503 1447 3572 μέσῳ
1491 3502 1595 3572 τῆς
1648 3501 1885 3572 ἀγορᾶς,

295 3594 642 3665 συνέδραμεν
697 3595 855 3664 ὄχλος
889 3594 1061 3659 πολὺς
1107 3594 1205 3650 καὶ
1229 3593 1455 3666 ἐξῆλθεν
1477 3596 1505 3648 6
1525 3593 1684 3663 λόγος
1733 3587 1888 3655 οὗτος

294 3681 441 3735 κατὰ
489 3683 673 3736 πᾶσαν
723 3681 824 3752 τὴν
846 3681 1004 3736 πόλιν
1032 3682 1301 3752 λεγόντων
1335 3684 1418 3738 ὄτι
1455 3683 1778 3754 Κατεσχέθη
1803 3701 1885 3747 τις

295 3771 518 3835 νεανίας
557 3773 738 3845 εὑρὼν
785 3775 1087 3846 θησαυρόν.
1144 3776 1258 3830 Καὶ
1305 3775 1679 3847 συνήχθησαν.
1701 3775 1888 3828 ἐπάνω

293 3867 463 3920 αὑτοῦ
503 3865 666 3938 ὄχλος
714 3868 882 3932 πολὺς
930 3869 1273 3938 φάσκοντες·
1326 3863 1502 3932 Οὗτος
1535 3869 1565 3922 6
1595 3867 1888 3941 ἄνθρωπος

295 3962 449 4026 ξένος
467 3961 610 4026 ἐστὶ,
643 3961 738 4014 καὶ
769 3960 1035 4016 οὐδέποτε
1061 3962 1246 4029 ἴδομεν
1281 3961 1468 4015 αὐτόν.
1496 3959 1609 4015 Καὶ
1638 3960 1888 4030 ὴτένιζον

295 4057 375 4118 εἰς
403 4053 478 4108 τὰ
510 4054 814 4124 πρόσωπον
863 4053 1058 4108 αὐτοϋ.
1121 4054 1235 4109 Kal.
1278 4052 1534 4107 ἐϐούλετο
1581 4051 1887 4122 Ἰάμϐλιχος

296 4145 694 4215 ἀπολογεῖσθαι
736 4146 928 4209 αὐτοῖς
973 4145 1057 4199 ὅτι
1104 4146 1208 4217 οὑςχ
1238 4142 1366 4216 εὗρε
1423 4145 1728 4217 θησαυρὸν,
1778 4145 1878 4196 καὶ

299 4240 398 4293 ὑπὸ
425 4239 529 4307 τῆς
578 4238 901 4308 ἐκπλήξεως
925 4239 1290 4310 συνεχόμενος
1316 4238 1418 4291 οὐκ
1455 4238 1646 4308 ῐσχυσε
1669 4251 1683 4265 ·
1709 4253 1884 4306 προσ-

297 4329 438 4399 έχων
484 4329 544 4383 δὲ
593 4329 958 4400 περιεσκόπει
1009 4331 1091 4392 εἰς
1131 4329 1228 4384 τὸν
1268 4328 1448 4399 ὄχλον,
1503 4329 1600 4382 καὶ
1636 4312 1749 4383 οὐδ”
1790 4328 1888 4382 ἕνα

300 4423 666 4492 ἐπεγίνωσκε,
694 4425 791 4477 καὶ
819 4424 928 4494 γὰρ
952 4421 1209 4493 λαμπρὸν
1252 4421 1348 4476 καὶ
1373 4422 1683 4491 περιφανὲς
1727 4421 1889 4490 γένος

1994 3341 2056 3382 se
2081 3326 2150 3380 ab
2206 3323 2312 3378 illis
2359 3322 2604 3394 agnosci,
2655 3330 2713 3375 et
2767 3319 2918 3374 Decii
2971 3319 3204 3389 imperio
3265 3317 3585 3372 tradendum

1993 3435 2136 3476 esse.
2162 3417 2300 3472 Cum
2331 3431 2462 3471 vero
2497 3415 2656 3471 multi
2697 3411 3083 3477 accessissent,
3107 3421 3166 3466 et
3202 3411 3320 3482 ejus
3353 3411 3584 3464 formam

1997 3525 2336 3582 nequaquam
2363 3518 2694 3580 cognoscere
2709 3515 2958 3577 possent,
2989 3506 3045 3560 in
3079 3503 3260 3558 medio
3287 3501 3404 3556 foro
3425 3501 3584 3555 illum

1994 3601 2336 3660 detinebant.
2387 3599 2578 3670 Itaque
2631 3599 2807 3654 turbae
2856 3597 3040 3652 multae
3089 3595 3490 3657 conﬂuxerunt,
3529 3601 3586 3649 et

1994 3705 2178 3746 sermo
2208 3689 2301 3745 hic
2328 3703 2426 3760 per
2449 3695 2619 3743 totam
2647 3686 2926 3741 civitatem
2957 3683 3211 3754 vulgatus
3235 3690 3337 3749 est,
3369 3681 3583 3736 adoles-

1994 3792 2210 3839 centem
2237 3780 2528 3852 quemdam
2558 3776 3016 3848 comprehensum
3069 3776 3258 3840 fuisse,
3315 3773 3406 3844 qui
3465 3773 3585 3828 the-

1995 3888 2217 3930 saurum
2241 3873 2543 3928 invenerat.
2564 3870 2763 3924 Turbae
2783 3875 2968 3922 autem
2986 3867 3053 3923 ad
3074 3881 3198 3922 eum
3220 3871 3584 3934 congregata,

1995 3968 2294 4024 dicebant:
2325 3965 2498 4021 Homo
2521 3965 2625 4020 iste
2661 3962 2980 4035 peregrinus
3010 3969 3114 4025 est,
3145 3973 3323 4027 neque
3347 3962 3584 4026 unquam

1996 4061 2149 4114 illum
2200 4057 2458 4112 vidimus.
2513 4055 2643 4111 Haec
2702 4054 2974 4118 dicebant,
3018 4060 3074 4106 et
3127 4048 3351 4105 intentis
3387 4048 3581 4114 oculis,

1995 4149 2169 4219 magis
2199 4148 2479 4219 magisque
2508 4147 2688 4216 ipsum
2727 4142 3102 4198 intuebantur.
3149 4139 3378 4195 Volebat
3434 4135 3587 4191 1am-

1994 4239 2170 4296 blicus
2189 4252 2410 4294 causam
2440 4251 2596 4292 suam
2618 4249 2809 4307 agere,
2831 4232 2976 4304 quod
2996 4231 3192 4287 falsum
3225 4237 3395 4292 esset,
3437 4231 3582 4297 quod

1953 4368 1959 4372 -
1995 4331 2063 4387 de
2091 4329 2380 4385 thesauaro
2409 4326 2630 4381 invento
2669 4325 2954 4380 dicerent:
2987 4321 3082 4376 sed
3135 4328 3361 4388 stupore
3395 4317 3587 4372 deten-

1997 4432 2106 4486 tus,
2143 4420 2198 4476 id
2227 4419 2407 4475 facere
2431 4433 2542 4473 non
2575 4423 2810 4488 poterat.
2843 4414 3091 4482 Cumque
3139 4424 3337 4466 omnes
3395 4408 3588 4463 turbas

3483 449 3591 510 4:2
3683 433 3688 437 ’

294 4515 444 4588 εἶχεν
463 4520 525 4572 ἐν
569 4517 650 4587 τῷ
673 4517 928 4586 παλατίῳ
964 4515 1221 4584 Ἐφέσου,
1277 4515 1374 4568 καὶ
1413 4513 1598 4578 καθὼς
1635 4513 1888 4583 ἐνόμιζεν

1998 4512 2469 4582 circumspiceret,
2523 4500 2800 4564 neminem
2852 4507 3198 4578 agnoscebat.
3265 4513 3321 4559 et
3375 4500 3582 4556 nemini

293 4607 373 4660 ὅτι
399 4606 647 4675 ἑσπέρας
710 4605 951 4674 γνωστὸς
1010 4601 1079 4674 ἦν
1111 4607 1249 4658 πᾶσι
1302 4604 1397 4658 καὶ
1448 4603 1618 4658 ἕωθεν
1646 4604 1754 4658 οὐδ’
1793 4604 1888 4657 ἕνα

1999 4614 2162 4661 notus
2195 4612 2335 4668 erat,
2381 4603 2508 4658 licet
2529 4602 2680 4657 claro
2702 4611 2759 4654 et
2795 4598 2990 4653 illustri
3020 4609 3218 4667 genere
3244 4594 3385 4664 apud
3406 4591 3588 4661 Ephe-

292 4699 680 4767 ἐπιγινώσκων
735 4696 1066 4767 ἐθαύμαζεν,
1122 4699 1220 4751 καὶ
1247 4697 1322 4762 ὡς
1352 4695 1666 4768 ἐξεστηκὼς
1715 4713 1888 4766 προσ-

1998 4713 2112 4753 sum
2143 4705 2307 4751 natus
2355 4702 2521 4750 esset.
2563 4691 2907 4760 Quapropter
2931 4686 3296 4743 admiratione
3354 4684 3585 4737 maxima

295 4794 442 4861 εἶχεν
473 4793 558 4854 εἱς
622 4791 718 4843 τὸν
768 4789 930 4859 ὃχλον
969 4790 1098 4843 ἰδεῖν
1123 4788 1215 4842 τὸν
1245 4789 1466 4860 πατέρα
1487 4788 1653 4842 αὑτοῦ
1684 4787 1720 4857 ἢ
1762 4787 1886 4841 τινὰ

1998 4788 2354 4853 letiuebatur,
2399 4783 2544 4856 quod
2597 4781 2776 4852 pridie
2843 4778 3058 4855 vesperi
3115 4775 3369 4832 omnibus
3420 4782 3588 4828 notus

293 4885 403 4951 τῶν
428 4881 700 4952 ἀδελφῶν.
719 4881 816 4936 καὶ
839 4880 955 4934 οὐδ’
977 4874 1058 4945 εἷς
1089 4879 1337 4951 ὑπῆρχεν
1367 4877 1428 4945 ἐξ
1455 4879 1605 4932 αὑτῶ
1618 4898 1670 4934 ν.

1998 4879 2203 4944 Fuisset,
2265 4887 2322 4935 et
2371 4875 2636 4948 posuidie
2688 4886 2848 4928 mane
2905 4869 3184 4926 neminem
3256 4873 3582 4936 agnosceret

293 4979 526 5034 omnino
566 4986 620 5032 et
649 4976 766 5047 ipse
798 4976 1044 5046 ignotus.
1076 4975 1248 5032 Dabat
1275 4991 1497 5046 operam
1537 4983 1597 5032 ut
1647 4975 1791 5030 inter
1827 4976 2041 5032 turbam
2084 4976 2233 5031 illam”
2263 4984 2470 5046 patrem
2506 4971 2591 5027 vel
2622 4970 2857 5041 aliquem
2887 4983 2954 5024 ex
2987 4964 3247 5022 fratribus
3290 4961 3586 5028 inveniret,

294 5089 476 5143 neque
502 5086 834 5142 quemquam
866 5070 1105 5126 videbat.

367 5166 486 5234 ις’.
517 5165 656 5218 Τότε
709 5163 959 5235 ἐγνώσθη
995 5166 1024 5218 6
1052 5164 1210 5234 λόγος
1234 5165 1292 5219 ἐν
1331 5166 1436 5238 ὂλῃ
1464 5167 1531 5237 τῇ
1584 5166 1741 5220 πόλει
1792 5167 1890 5222 καὶ

294 5261 401 5324 ἕως
429 5259 529 5313 τοῦ
565 5258 950 5312 ἐπισκοπεῑου.
979 5257 1197 5330 Εὑρέθη
1226 5259 1285 5313 δὲ
1313 5261 1410 5313 καὶ
1460 5260 1890 5331 κατοικονομίαν

297 5354 435 5408 Θεοῦ
485 5353 583 5406 καὶ
631 5353 662 5407 6
708 5349 1030 5416 ἀνθύπατος
1091 5353 1194 5424 τῆς
1257 5353 1472 5417 πόλεως
1522 5353 1646 5407 κατ’
1681 5416 1684 5419 ,
1718 5353 1892 5425 αὐτὴν

298 5447 398 5516 τὴν
424 5445 581 5516 ὥραν
609 5443 989 5516 ἀνερχόμενος
1020 5444 1161 5515 πρὸς
1189 5446 1282 5500 τὸν
1314 5448 1648 5503 ἐπίσκοπον.
1678 5448 1790 5501 Καὶ
1817 5447 1894 5513 ὡς

298 5538 668 5608 διελογίζοντο
691 5538 826 5608 περὶ
856 5536 954 5590 τοῦ
989 5536 1277 5610 θησαυροῦ
1311 5537 1563 5612 ἐγνώσθη
1592 5543 1626 5610 ἡ
1657 5539 1898 5595 ἀνάστα-

303 5650 388 5696 σις
408 5633 523 5685 τῶν
552 5629 772 5703 νεκρῶν
822 5630 961 5685 πᾶσι
1013 5633 1131 5696 τοῖς
1190 5632 1366 5698 λαοῖς,
1435 5633 1533 5688 καὶ
1595 5632 1893 5689 ἐκέλευσαν

300 5726 451 5795 μετὰ
487 5725 672 5794 πάσης
705 5723 1128 5796 φιλανθρωπίας
1172 5725 1524 5797 φυλαχθῆναι
1585 5727 1680 5782 τὸν
1713 5728 1896 5782 νεανί-

304 5835 437 5872 σκον
466 5819 562 5871 καὶ
610 5817 901 5887 ἐνεχθῆναι
942 5817 1085 5890 πρὸς
1119 5818 1348 5884 αὐτοὺς,
1382 5819 1576 5891 ἔχοντα
1611 5821 1675 5875 τὺ
1722 5821 1897 5891 ἀργύ-

303 5930 424 5982 ριον
457 5914 487 5968 ὃ
543 5912 875 5983 ἐπῖφέρετο,
935 5912 1030 5966 καὶ
1057 5911 1136 5977 ὡς
1189 5908 1372 5970 εἷλκον
1434 5915 1527 5971 τὸν
1581 5915 1895 5988 Ἰάμϐλιχον

2063 5164 2205 5221 XVI.
2236 5165 2394 5221 Tunc
2419 5179 2484 5220 ea
2503 5177 2590 5220 res
2618 5177 2717 5234 per
2740 5167 2905 5216 totam
2931 5159 3123 5214 urbem
3149 5154 3387 5228 vulgata,
3411 5166 3588 5222 usque

1994 5259 2062 5314 ad
2085 5258 2326 5330 episcopi
2352 5272 2515 5312 aures
2533 5254 2800 5327 pervenit.
2825 5251 3016 5307 Divina
3037 5263 3255 5320 quoque
3284 5245 3589 5303 Providen~

1997 5351 2070 5406 tia
2099 5351 2300 5405 factum
2331 5359 2438 5416 est,
2470 5357 2531 5403 ut
2553 5347 2674 5419 ejus
2699 5345 2852 5402 urbis
2880 5341 3169 5416 proconsul
3196 5339 3284 5394 illa
3316 5340 3433 5407 ipsa
3454 5336 3586 5390 hora

1997 5445 2213 5502 veniret
2231 5443 2298 5500 ad
2331 5443 2671 5514 episcopum.
2706 5439 2810 5506 Qui
2836 5440 2965 5494 dum
2988 5436 3196 5492 diceret
3215 5433 3283 5489 de
3301 5431 3585 5494 thesauro,
3672 5458 3677 5463 -

2001 5553 2166 5610 quem
2185 5538 2256 5592 ab
2288 5535 2632 5591 adolescente
2659 5533 2753 5588 illo
2773 5533 3054 5588 inventum
3081 5525 3370 5598 cogitabat,
3404 5537 3467 5576 ea
3499 5536 3589 5575 res

1999 5635 2150 5699 fecit,
2209 5641 2272 5688 ut
2326 5640 2663 5688 mortuorum
2694 5627 3030 5685 resurrectio
3066 5631 3281 5695 pateret
3310 5620 3586 5676 omnibus.

1999 5726 2296 5784 Iusserunt
2323 5724 2471 5780 enim
2522 5731 2629 5777 tam
2683 5719 2998 5792 proconsul,
3060 5731 3222 5787 quam
3277 5717 3585 5784 episcopus,

2001 5821 2400 5876 adolescentem
2427 5817 2577 5873 illum
2627 5814 2861 5885 benigne
2886 5819 3173 5868 tractatum
3205 5803 3490 5870 custodiri,
3535 5813 3590 5858 et

1999 5913 2071 5970 ad
2093 5928 2152 5969 se
2174 5910 2298 5968 duci
2323 5925 2448 5966 cum
2485 5913 2730 5979 argento,
2754 5904 2900 5976 quod
2929 5916 3113 5960 secum
3162 5899 3418 5956 habebat.
3449 5897 3586 5953 Cum
