3994 6448
458 441 489 505 l
499 436 564 506 4³7

1785 435 2066 502 MENSIS
2099 434 2398 499 IULIUS.

3633 423 3740 492 448

454 565 592 614 1τοι-ι)
611 555 699 610 illa
719 556 950 625 juvenes
981 553 1036 607 in
1074 553 1282 609 somnis
1307 562 1677 624 apparuerunt
1702 553 2040 624 imperatori,

2167 553 2360 624 (ρυσᾶς
2389 551 2472 614 είς
2496 546 2597 620 την
2622 545 2804 618 ταφὴν
2832 544 3045 614 αὐτῶν,
3073 545 3169 599 καὶ
3196 542 3256 598 ὲν
3285 543 3428 614 αὐτῇ
3461 545 3525 614 τῇ
3566 545 3728 600 νυκτὶ

457 651 620 720 eique
645 647 920 726 dixerunt,
952 645 1080 700 utin
1114 645 1397 716 spelunca,
1423 646 1476 699 in
1504 661 1609 715 qua
1639 645 1856 700 fuerant
1886 661 2050 716 supra

459 751 683 804 terram,
709 754 805 793 eos
836 739 1180 808 requiescere
1205 738 1434 792 sineret.
1473 737 1842 802 Quamobrem
1878 738 2052 808 impe-

459 843 610 888 rator
653 846 830 900 usque
857 831 924 886 ad
949 830 1271 885 hodiernam
1295 829 1438 886 diem
1461 830 1572 884 illic
1594 845 1689 885 eos
1706 845 1827 886 esse
1856 829 2048 884 voluit.

461 926 671 982 Deinde
711 940 945 995 magnus
977 924 1364 994 episcoporum
1406 930 1583 978 coetus
1615 922 1726 977 illic
1765 923 2048 988 convenit,

457 1029 513 1074 et
547 1020 690 1074 diem
717 1019 916 1072 festum
949 1017 1273 1081 celebravit,
1301 1017 1558 1088 virosque
1589 1015 1961 1081 beatissimos,
1995 1024 2054 1070 ut

459 1113 704 1183 ipsorum
733 1113 968 1183 dignitas
997 1111 1330 1183 postulabat,
1373 1111 1572 1166 debitis
1603 1109 1908 1166 honoribus
1933 1125 2050 1164 om-

458 1221 558 1260 nes
601 1205 872 1275 prosecuti
915 1215 1062 1260 sunt.
1102 1202 1187 1260 Ad
1223 1204 1338 1260 haec
1367 1204 1666 1276 imperator
1692 1203 1835 1260 illius
1867 1204 2050 1275 regio.

459 1295 546 1350 nis
570 1295 902 1365 pauperibus
934 1294 1104 1349 multa
1142 1295 1311 1360 dedit,
1353 1304 1407 1349 et
1438 1296 1530 1364 qui
1569 1303 1727 1348 erant
1749 1293 1802 1347 in
1827 1307 2054 1348 carcere

459 1403 554 1442 eos
584 1388 786 1442 dimitti
815 1387 997 1456 jussit.
1027 1386 1147 1452 Quo
1183 1387 1352 1453 facto,
1383 1378 1729 1442 Theodosius
1777 1383 1935 1440 laetus
1965 1397 2052 1440 re-

462 1484 563 1538 diit
617 1485 671 1538 in
712 1484 899 1538 urbem
966 1483 1494 1553 Constantinopolim
1553 1482 1722 1537 multo
1767 1479 2050 1534 comitatu.

463 1574 667 1628 Omnes
691 1586 872 1628 autem
907 1575 1244 1629 exsultantes
1271 1572 1549 1628 Christum
1588 1571 1760 1626 Deum
1801 1577 2051 1624 nostrum

465 1665 872 1727 eollaudabant.
908 1674 1128 1720 sanctos
1156 1679 1284 1719 suos
1321 1665 1460 1719 mire
1506 1663 1771 1735 gloriosos
1809 1661 2054 1718 efﬁcien-

469 1765 616 1811 tem:
655 1757 740 1810 cui
790 1758 1052 1812 convenit
1084 1757 1279 1828 gloria,
1325 1757 1502 1811 honor
1527 1765 1581 1810 et
1614 1755 1864 1810 adoratio
1906 1768 2055 1808 nunc

464 1855 520 1901 et
548 1863 786 1919 semper,
823 1857 878 1903 et
908 1849 962 1902 in
995 1848 1192 1902 sascula
1228 1848 1579 1902 sreculorum.
1608 1844 1802 1900 Amen.

2155 642 2435 712 ἐφάνησαν
2450 640 2574 695 κατ’
2597 640 2732 709 δναρ
2752 637 2832 709 τῷ
2856 636 3069 708 βασιλεῖ
3088 636 3360 705 λέγοντες·
3384 635 3474 688 Ἐν
3495 634 3576 707 τῷ
3595 635 3748 708 τόπῳ

2154 734 2212 787 ὲν
2251 727 2296 802 ᾧ
2325 735 2498 803 ὲσμεν
2547 733 2607 786 ὲν
2643 729 2724 802 τῷ
2752 729 3008 801 σπηλαίῳ
3043 729 3233 783 ὲπάνω
3281 727 3384 799 τῆς
3411 728 3540 798 γῆς,
3573 726 3739 781 ἔασον

2153 823 2186 892 ἡ
2198 825 2327 891 μᾶς.
2366 822 2480 876 Καὶ
2512 821 2730 891 ἀφῆκεν
2773 819 2977 882 αὐτοὺς
3007 821 3035 872 ὁ
3065 818 3324 890 βασιλεὺς
3376 821 3556 872 ῑκεῖσε
3586 860 3601 885 ,
3635 819 3748 884 ἓως

2153 915 2258 984 τῆς
2288 915 2502 986 ἡμέρας
2531 913 2764 986 ταύτης,
2809 914 2908 967 καὶ
2957 913 3369 984 συναθροισμδς
3407 913 3586 984 μέγας
3616 914 3750 968 ἑπι-

2158 1005 2380 1058 σκόττων
2412 1005 2633 1074 ἐγένετο
2655 1043 2671 1070 ,
2703 1004 2799 1057 καὶ
2826 1002 3024 1074 ἑορτὴν
3054 1003 3326 1073 μεγίστην
3367 1001 3706 1056 ἐπετέλεσαν
3733 1040 3752 1066 ,

2155 1099 2251 1153 καὶ
2284 1098 2452 1166 ἀξίως
2493 1097 2771 1168 ἐτίμησαν
2813 1096 2941 1159 τοὺς
2993 1095 3210 1164 ἁγίους,
3251 1095 3308 1148 ἐν
3338 1096 3404 1165 τῇ
3437 1093 3757 1148 ἀναπαύσει

2157 1188 2361 1243 αὐτῶν.
2412 1189 2522 1242 Καὶ
2549 1189 2578 1242 ὁ
2607 1187 2868 1257 βασιλεὺς
2894 1185 3127 1256 δώματα
3176 1186 3344 1240 ἱκανά
3387 1185 3592 1239 δέδωκε
3635 1183 3760 1248 τοῖς

2156 1275 2398 1351 πτωχοῖς
2456 1279 2555 1334 τοῦ
2609 1279 2784 1332 τόπου
2832 1279 3072 1342 ἐκείνου,
3115 1279 3210 1331 καὶ
3244 1279 3373 1341 τοὺς
3425 1278 3486 1331 ὲν
3527 1276 3762 1348 δεσμοῖς

2159 1368 2732 1441 ἀπέλυσεν.Ἒξῆλθεν
2767 1369 2824 1424 δὲ
2857 1373 2884 1424 ὁ
2923 1369 3183 1441 βασιλεὺς
3220 1368 3330 1424 ἀπὸ
3362 1365 3593 1439 Ἐφέσου
3647 1366 3764 1440 τῆς

2157 1463 2372 1528 πόλεως
2409 1464 2504 1518 καὶ
2538 1464 2636 1517 σὺν
2661 1461 2811 1533 αὐτῷ
2839 1462 3028 1532 πλήθη
3057 1462 3232 1515 πολλὰ
3257 1502 3274 1530 ,
3310 1461 3765 1532 προπέμποντες

2159 1559 2325 1613 αὑτὸν
2367 1559 2461 1611 ἐπὶ
2507 1553 3100 1613 Κωνσταντινούπολιν
3159 1555 3218 1609 ἐν
3281 1553 3612 1624 ἀγαλλιάσει
3657 1552 3768 1607 καὶ

2159 1654 2329 1725 χαρᾷ,
2356 1650 2675 1718 δοξάζοντες
2700 1650 2939 1722 Χριστὸν
2969 1649 3061 1704 τὸν
3089 1648 3224 1703 Θεὸν
3255 1649 3439 1720 ἡμῶν,
3477 1649 3570 1701 τὸν
3596 1645 3769 1714 δοξά-

2159 1746 2321 1810 ζοντα
2367 1745 2495 1808 τοὺς
2545 1745 2737 1814 ἁγίους
2791 1742 2959 1796 αὐτοῦ
2994 1755 3010 1772 ⁸
3056 1741 3138 1797 ὅτι
3204 1739 3354 1810 αύτῷ
3394 1739 3594 1808 πρέπει
3625 1737 3768 1803 δόξα

2159 1838 2240 1909 ’τῷ
2269 1837 2469 1907 [Ia-cpi,
2499 1837 2593 1890 καὶ
2621 1836 2701 1906 τῷ
2726 1835 2863 1906 Υἱῷ,
2897 1834 2992 1888 καὶ
3025 1833 3105 1904 τῷ
3146 1833 3290 1904 ἁγίῳ
3320 1831 3624 1900 ΙΙνεύματι,
3659 1831 3771 1885 νῦν

2095 1930 2132 1984 Β
2165 1931 2262 1984 καὶ
2297 1930 2407 1997 ἀεὶ,
2442 1929 2537 1983 καὶ
2567 1933 2651 1992 εἰς
2685 1927 2814 1992 τοὺς
2849 1927 3055 1991 αἰῶνας
3086 1925 3196 1980 τῶν
3229 1922 3463 1978 αἰώνων.
3501 1922 3703 1996 Ἀμήν.

666 2215 1304 2303 ΜΑΡΤΥΡΙΟΝ
1377 2210 1608 2302 ΤΟΥ
1681 2212 2024 2301 ΛΓΙΟΥ
2097 2211 2294 2302 ΚΑΙ
2369 2203 2910 2301 ΕΥΔΟΞΟΥ
2981 2207 3564 2300 ΜΛΡΤΥΡΟΣ

1387 2385 2844 2516 ΠΑΝΤΕΛΕΗΜΟΝΟΣ.

470 2647 1094 2798 MARTYRIUM
1151 2649 1518 2799 SANCTI
1580 2653 1712 2801 ET
1773 2658 2062 2805 lNCLl

2167 2650 2776 2804 [MARTYRIS
2841 2646 3728 2800 PANTELEEMONIS.

1066 2878 1264 2941 (Latine
1295 2894 1378 2944 ap.
1410 2881 1612 2931 Surium
1639 2883 1698 2934 ad
1718 2879 1840 2934 Julii
1873 2880 1963 2947 27;
1988 2886 2156 2938 Graece
2184 2897 2245 2936 ex
2277 2880 2366 2937 eod
2389 2898 2484 2936 ms.
2509 2884 2668 2935 Paris.
2693 2891 2746 2936 ιι.
2775 2875 2910 2935 ιιῖδ.
2933 2893 3049 2934 saec.
3070 2879 3180 2943 xu.)

538 3004 581 3062 l.
629 3005 765 3060 Cum
814 3005 1082 3061 idolorum
1119 3006 1294 3078 caligo
1341 3007 1536 3063 diﬂusa
1571 3019 1716 3064 esset
1745 3025 1844 3081 per
1891 3019 2066 3066 totum

464 3099 656 3154 urbem
707 3107 884 3165 terrae,
933 3099 1154 3169 quando
1189 3100 1554 3156 Maximianus
1591 3104 1811 3157 tenebat
1855 3112 2070 3175 sceptra

470 3190 703 3244 Romani
763 3191 998 3261 imperii,
1061 3201 1191 3247 tunc
1255 3193 1506 3263 cognitus
1573 3194 1676 3249 fuit
1746 3194 2076 3252 Nicomediae

467 3283 804 3339 admirabilis
834 3293 889 3339 et
938 3301 1166 3356 magnus
1194 3285 1338 3340 inter
1370 3297 1632 3357 martyres
1663 3288 2074 3346 Pantcleemon.

2237 3012 2320 3068 A'.
2338 3013 2448 3084 Τῆς
2464 3011 2749 3084 εἰδωλικῆς
2762 3010 2962 3082 ἀχλύος
2985 3008 3126 3064 κατά
3146 3008 3325 3078 πάσης
3345 3004 3757 3062 διαεικεδασθεί⁸

2171 3123 2268 3174 σης
2325 3106 2424 3176 τῆς
2483 3104 2836 3175 οἰκουμένης,
2895 3103 3058 3174 ἡνίκα
3114 3101 3460 3170 Μαξιμιανὸς
3511 3100 3603 3152 ἐπὶ
3649 3099 3769 3152 τῶν

2175 3200 2472 3270 σκήπτρων
2504 3197 2604 3266 τῆς
2647 3195 2938 3267 Ῥωμαίων
2979 3195 3156 3266 ἀρχῆς
3207 3193 3525 3257 καθίστατο,
3552 3193 3674 3246 τότε
3706 3191 3774 3246 δὲ

2175 3292 2270 3344 καὶ
2295 3293 2323 3344 ὁ
2351 3289 2665 3360 θαυμαστὸς
2695 3290 2790 3342 καὶ
2810 3289 2985 3360 μέγας
3009 3288 3068 3340 ὲν
3093 3288 3330 3359 μάρτυσι
3350 3285 3766 3356 Παντελεήμων

469 3374 546 3428 Ex
575 3391 637 3430 ea
673 3377 818 3429 enim
848 3377 931 3431 sui
970 3377 1193 3448 generis
1223 3377 1459 3432 ducebat
1486 3378 1749 3449 originem
1781 3397 1798 3434 -:
1828 3387 1886 3433 et
1910 3396 2062 3434 voca-

2176 3384 2318 3436 κατά
2348 3381 2446 3451 τὴν
2472 3381 2846 3452 Νικομήδειαν
2869 3378 3228 3449 ὲγνωρίζετοο
3262 3377 3471 3430 ἐκεῖθεν
3501 3377 3612 3447 γάρ
3646 3372 3776 3448 εἶχε

468 3468 628 3522 batur
685 3469 902 3537 quidem
973 3460 1276 3524 i‘antoleon
1313 3488 1326 3526 :
1357 3478 1688 3526 eratantem
1740 3469 1882 3526 [ilius
1927 3472 2070 3527 Guso

469 3561 650 3630 torgii,
705 3561 904 3630 opibus
964 3561 1185 3630 quidem
1256 3562 1506 3633 insignis,
1557 3561 1836 3631 impietate
1890 3573 2068 3619 autem

467 3651 733 3706 elarioris.
762 3651 889 3707 Erat
927 3657 1072 3708 enim
1106 3654 1322 3710 deditus
1356 3655 1733 3724 superstitioni
1763 3657 2068 3727 gentilium,

467 3751 523 3796 et
552 3742 764 3797 ardenti
794 3743 908 3798 zelo
938 3744 991 3798 in
1028 3760 1147 3799 eam
1177 3756 1298 3802 erat
1331 3748 1610 3803 incensus.
1656 3747 1786 3803 Erat
1815 3763 1945 3804 vero
1993 3751 2066 3805 illi

469 3844 644 3889 mater
677 3836 872 3902 ﬁdelis,
908 3853 1053 3908 qure,
1078 3840 1223 3908 quod
1249 3839 1313 3895 ad
1344 3840 1664 3911 religionem
1700 3843 1917 3908 attinet,
1943 3859 2066 3898 cum

472 3929 671 3980 marito
700 3930 974 3999 pugnabat
1003 3946 1067 3984 ex
1107 3931 1416 3987 diametro:
1452 3943 1509 3987 et
1541 3933 1682 3988 bene
1720 3933 1917 3989 aﬂ‘ecta
1953 3945 2070 3991 erat

472 4017 678 4073 Eubula
706 4019 782 4088 (id
817 4021 964 4074 enim
997 4030 1114 4075 erat
1141 4022 1188 4076 ei
1229 4026 1456 4093 nomen)
1493 4024 1549 4078 in
1600 4040 1688 4080 res
1719 4025 2068 4081 Christiano-

471 4127 612 4164 rum.
640 4111 774 4166 Cnm
804 4127 831 4164 a
867 4113 956 4168 tali
985 4130 1115 4180 ergo
1145 4125 1315 4170 matre
1345 4125 1400 4170 et
1431 4117 1686 4187 magistra
1719 4118 1900 4174 bonus
1926 4119 2066 4174 edu-

472 4211 687 4256 caretur
712 4204 873 4268 ﬁlius,
904 4206 1176 4274 corporali
1211 4206 1374 4261 simul
1401 4219 1458 4262 et
1478 4209 1708 4278 spiritali
1737 4209 1856 4278 ejus
1879 4210 2065 4280 priva—

477 4306 563 4350 tur
604 4296 963 4362 nutrimento,
1013 4297 1132 4367 lege
1178 4297 1371 4353 mortis
1404 4307 1459 4352 et
1487 4300 1796 4354 communis
1829 4310 2063 4364 naturae,

474 4384 853 4455 imperfectam
880 4395 936 4440 et
966 4387 1313 4442 immaturam
1349 4405 1516 4453 agens
1544 4400 1783 4453 :etatem,
1815 4407 1938 4446 cum
1967 4407 2064 4461 pa-

471 4493 621 4538 rum,
655 4479 788 4547 proh
820 4479 973 4533 dolor
995 4481 1007 4534 l
1033 4489 1178 4534 esset
1205 4495 1336 4536 usus
1359 4492 1608 4536 materna
1636 4484 1724 4538 illa
1754 4490 2062 4540 curatione.

541 4569 613 4624 ll.
647 4563 940 4640 Postquam
978 4581 1159 4625 autem
1200 4572 1334 4627 vidit
1363 4581 1518 4642 pater
1557 4589 1680 4629 eum
1720 4591 1818 4645 per
1848 4585 2060 4631 aetatem

474 4677 595 4716 esse
633 4674 818 4731 aptum
855 4661 1181 4732 disciplinis,
1218 4665 1383 4719 tradit
1420 4673 1780 4736 grammatico
1812 4709 1827 4732 ,
1859 4669 2060 4724 deinde
2091 4669 2096 4673 ’

475 4753 902 4822 praeceptoribus
959 4764 1015 4809 et
1081 4755 1512 4811 institutorihus.
1571 4757 1867 4828 Postquam
1932 4777 2064 4816 vero

475 4845 578 4897 fuit
605 4845 656 4896 in
687 4842 890 4898 Grrecis
915 4845 1048 4898 satis
1071 4830 1264 4899 doctus
1289 4847 1614 4918 disciplinis,
1642 4849 1868 4904 docetur
1896 4852 2068 4906 medi-

473 4935 675 4996 cinam,
711 4934 763 4988 in
793 4950 856 4989 ea
887 4944 1005 4989 arte
1041 4937 1134 4990 illo
1161 4945 1407 5007 tempore
1439 4940 1555 4994 viro
1587 4943 2067 5009 excellentissimo,

474 5027 698 5081 nomine
743 5026 1124 5099 Euphrosyno,
1175 5031 1406 5085 traditus
1450 5031 1504 5085 in
1548 5033 1916 5103 disciplinam.
1973 5035 2067 5090 llle

475 5129 662 5174 autem
719 5122 1003 5178 celeritate
1053 5124 1284 5195 ingenii,
1336 5136 1600 5196 tanquam
1637 5131 1755 5185 avis
1817 5129 2064 5200 quaedam

475 5227 668 5267 secans
719 5228 928 5278 aerem,
987 5230 1182 5285 magna
1239 5216 1503 5274 facilitate
1557 5221 1742 5275 omnia
1797 5222 2062 5290 pervasit,

473 5321 665 5375 parum
706 5305 954 5376 indigens
979 5322 1168 5362 eorum
1203 5309 1295 5378 qui
1336 5325 1461 5364 enm
1491 5311 2068 5382 adjuvarent,-labori-

475 5402 600 5466 bus,
633 5411 853 5472 propter
902 5400 1044 5456 vires
1101 5403 1322 5475 ingenii.
1383 5406 1582 5476 Sicque
1625 5407 1777 5462 brevi
1829 5407 2066 5477 aqualcs

473 5507 666 5548 omnes
689 5507 717 5545 a
756 5501 910 5563 tergo
940 5493 1179 5563 reliquit.
1215 5489 1349 5550 Erat
1377 5506 1560 5551 autem
1587 5503 1641 5551 et
1672 5497 1917 5552 moribus
1944 5513 2064 5552 mo-

473 5585 684 5644 dcstus,
707 5594 1034 5639 etsermonc
1064 5587 1358 5657 iucundus,
1393 5601 1448 5644 et
1474 5583 1883 5659 pulchritudine
1929 5589 2067 5643 insi-

475 5677 614 5742 gnis.
643 5673 775 5738 Qua:
801 5675 1022 5742 quidem
1057 5676 1350 5746 faciebant,
1387 5689 1444 5732 ut
1477 5693 1602 5735 cum
1638 5696 1832 5750 magna
1869 5682 2062 5750 volup-

480 5771 586 5812 tate
610 5770 758 5814 esset
792 5762 844 5814 in
871 5779 964 5818 ore
995 5767 1267 5835 omnium,
1300 5780 1355 5823 et
1391 5769 1684 5824 haberetur
1713 5773 1780 5825 ab
1810 5772 2063 5826 omnibus

473 5849 533 5937 in
590 5851 950 5910 admiratione
987 5875 1000 5910 :
1034 5860 1170 5913 adeo
1234 5871 1291 5914 ut
1347 5863 1462 5932 ipse
1503 5863 1887 5927 Maximianus.
1936 5885 2060 5922 cum

478 5939 635 5992 illum
666 5941 954 6011 aliquando
983 5949 1203 6004 vidisset
1230 5953 1715 6018 (ventitabat'cnim
1747 5959 1799 6012 in
1834 5961 2057 6029 regiam,

2175 3471 2269 3524 καὶ
2301 3469 2398 3533 τὰς
2439 3468 2535 3522 τοῦ
2567 3469 2761 3537 γένους
2815 3469 3022 3539 πηγάς.
3074 3468 3392 3521 Παντολέων
3427 3468 3527 3537 μὲν
3561 3466 3780 3520 καλού-

2178 3578 2361 3635 μενος,
2393 3563 2508 3625 υίὸς
2530 3563 2591 3616 δὲ
2625 3560 2702 3615 ὢν
2752 3561 3109 3632 Εύστοργίου,
3149 3560 3451 3630 ἐπιφανοῦς
3494 3561 3586 3613 τὸν
3621 3561 3777 3629 βίον,

2174 3655 2606 3724 ὲπιςςανεστέρου
2635 3653 2819 3723 πολλῷ
2850 3653 2949 3725 τὴν
2970 3653 3232 3707 ἀσέϐειαν
3253 3669 3267 3682 ·
3297 3653 3366 3706 τά
3410 3652 3519 3725 γὰρ
3561 3653 3780 3723 Ἐλλήο

2172 3765 2280 3802 νων
2317 3747 2609 3818 σεϐόμενος
2635 3743 2706 3818 ἦν
2729 3748 2827 3801 καὶ
2873 3747 3076 3817 θερμὸν
3116 3747 3257 3816 ἔχων
3294 3747 3428 3818 περί
3457 3745 3632 3800 ταῦτα
3669 3748 3779 3801 τὶν

2173 3841 2356 3911 alio“
2407 3842 2607 3911 Μήτηρ
2653 3841 2712 3895 δὲ
2767 3841 2985 3907 ἐκείνίρ.
3015 3842 3206 3909 πιστὴ,
3255 3841 3351 3894 καὶ
3389 3842 3488 3892 ὅσα
3523 3842 3654 3910 περί⁵
3701 3843 3778 3895 ιτδ

2173 3936 2361 4001 σέϐας,
2393 3936 2457 3988 ὲκ
2487 3933 2788 4006 διαμέτρου
2845 3934 2981 4004 πρὸς
3011 3934 3103 3986 τὸν
3136 3932 3310 4000 αὐτῆς
3350 3932 3522 4001 ἄνδρα
3555 3932 3779 3985 διακει-

2174 4029 2309 4099 μένη
2344 4027 2616 4090 εὐϐούλως
2636 4044 2695 4079 τε
2725 4028 2758 4096 ἡ
2790 4025 3038 4094 Εὑϐούλη
3061 4025 3240 4095 (τοῦτο
3267 4025 3375 4095 γὰρ
3401 4024 3539 4092 αὐτῇ
3561 4022 3775 4095 ὄνομα)

2171 4115 2309 4183 πρὸς
2339 4115 2409 4168 τὰ
2435 4115 2542 4167 τῶν
2574 4114 2918 4184 Χριστιανῶν
2952 4115 3174 4184 ἔχουσα.
3215 4113 3352 4166 Ὑπὸ
3389 4112 3611 4184 τοιαύτη
3643 4114 3778 4165 τοί-

2169 4225 2266 4262 νυν
2292 4209 2462 4277 μητρὶ
2495 4206 2590 4260 καί⁵
2619 4205 2925 4276 διδασκάλῳ
2953 4207 2982 4258 ὁ
3011 4205 3215 4274 ἀγαθὸς
3246 4207 3580 4275 τρεφόμενος
3627 4207 3778 4270 παῖς

2167 4297 2269 4370 τὴν
2301 4297 2621 4371 σωματικὴν
2651 4298 2770 4368 ἅμα
2802 4299 3015 4370 τροφήν
3037 4315 3098 4351 τε
3130 4299 3223 4350 καὶ
3251 4296 3352 4368 τὴν
3376 4298 3776 4366 πνευματικὴν

2167 4391 2554 4458 ἀποστερεῖται
2581 4391 2788 4461 ταύτης
2837 4390 2988 4460 νόμῳ
3031 4388 3268 4443 Θανάτου
3319 4389 3413 4442 καὶ
3444 4391 3540 4458 τῆς
3569 4389 3775 4458 κοινῆς

2167 4483 2404 4554 φύσεως,
2449 4483 2616 4552 ἀτελῆ
2655 4482 2738 4536 ἔτι
2789 4483 2884 4537 καὶ
2932 4484 3113 4553 ἄωρον
3172 4483 3323 4549 ἄγων
3371 4481 3468 4552 τὴν
3516 4482 3771 4552 ἡλικίαν.

2237 4573 2312 4630 B'.
2355 4576 2509 4628 Ἐπεὶ
2541 4573 2634 4628 οὖν
2664 4577 2690 4628 ὁ
2719 4574 2903 4645 πατὴρ
2929 4573 3078 4645 ὥραν
3108 4574 3270 4628 αὑτὸν
3305 4574 3452 4642 ἔχειν
3501 4575 3773 4639 παιδείας

2170 4667 2339 4739 ἐώρα,
2361 4670 2759 4740 γραμματιστῇ
2786 4668 2970 4739 φέρων
2992 4667 3210 4720 δίδωσιν
3233 4683 3248 4697 ·
3275 4663 3395 4720 εἶτα
3414 4667 3772 4730 διδασκάλοις

2171 4762 2266 4814 καί
2295 4761 2634 4824 παιδευταῖς.
2683 4760 2771 4823 Ὠς
2799 4761 2856 4813 δὲ
2890 4760 3091 4823 ἱκανῶς
3127 4756 3241 4829 εἶχε
3278 4759 3624 4830 μαθημάτων
3661 4763 3772 4813 καὶ

2170 4853 2348 4921 λόγων
2382 4853 2735 4920 Ἑλληνικῶν,
2762 4853 2830 4906 τὰ
2854 4853 2961 4905 τῶν
2991 4851 3194 4923 ἰατρῶν
3243 4855 3492 4904 ἐκπονεῖν
3554 4852 3771 4905 δίδοται

2167 4947 2247 5016 τῷ
2287 4946 2684 5018 διαφορωτάτῳ
2706 4946 2807 5016 τὴν
2832 4946 3028 5014 τέχνην
3059 4945 3181 5000 κατ’
3213 4947 3392 4998 ἐκεῖνο
3418 4945 3615 5013 καιροῦ
3654 4945 3770 4996 Εὐ-

2170 5034 2424 5105 φροσύνῳ
2453 5033 2692 5105 τοῦνομα
2743 5035 2882 5104 πρὸς
2926 5035 3236 5104 μαθητείαν
3295 5033 3634 5102 παραδοθεὶς
3663 5037 3766 5087 καὶ

2169 5126 2229 5190 ὃς
2291 5125 2448 5195 τάχει
2482 5125 2699 5193 φύσεως
2753 5124 2946 5195 ὥσπερ
2974 5142 3059 5188 τις
3095 5123 3300 5192 πτηνὸς
3351 5125 3514 5190 ἀέρα,
3543 5125 3768 5194 τέμνων

2171 5217 2312 5271 κατᾶ
2348 5215 2549 5286 πολλὴν
2577 5215 2827 5268 εὐκολίαν
2854 5217 3035 5285 τομῶς
3068 5217 3247 5270 πάντα
3277 5215 3438 5287 διῄει,
3466 5216 3625 5284 ὀλίγα
3659 5234 3764 5270 πο-

2169 5311 2279 5364 νῶν
2309 5309 2398 5362 διὰ
2425 5307 2522 5379 τὴν
2555 5307 2754 5376 πολλὴν
2785 5307 2980 5378 ῥώμην
3019 5312 3120 5378 τῆς
3148 5308 3366 5376 φύσεως
3391 5325 3406 5340 ο
3439 5309 3520 5370 εἰς
3552 5321 3760 5377 συνερο

2170 5405 2295 5470 γίαν
2328 5401 2580 5470 δεόμενος
2607 5396 2700 5452 καὶ
2729 5400 2903 5464 οὕτως
2929 5402 2986 5452 ἐν
3011 5401 3205 5473 βραχεῖ
3223 5401 3429 5464 πάντας
3456 5400 3764 5470 ἡλικιώτας

2167 5498 2345 5550 ὀπίσω
2373 5495 2566 5561 ἐτίθει,
2593 5495 2848 5564 καθάπερ
2882 5494 2941 5547 τὸ
2964 5494 3162 5547 Λύδιον
3200 5494 3354 5566 ἆρμα
3398 5495 3576 5546 ἐκεῖνο
3617 5494 3762 5563 πρὸς

2169 5589 2420 5642 παιδείαν
2452 5589 2712 5644 ἐλαύνων.
2746 5583 2854 5641 Ἦν
2881 5587 2937 5639 δὲ
2967 5586 3064 5638 καὶ
3103 5586 3162 5638 τὸ
3195 5581 3325 5656 ἦθος
3359 5583 3609 5656 ἐπιεικὴς
3659 5583 3761 5638 καὶ

2167 5680 2266 5753 τὴν
2297 5681 2516 5750 ὁμιλίαν
2550 5679 2851 5751 ἐπιτερπὴς
2883 5677 2979 5731 καὶ
3009 5677 3068 5730 τὸ
3098 5677 3296 5740 κάλλος
3328 5676 3586 5743 ἐξαίσιος,
3607 5675 3759 5746 ἀπερ

2165 5775 2230 5844 δὴ
2264 5774 2358 5827 καὶ
2413 5771 2572 5841 ἔργον
2636 5771 2801 5824 αὑτὸν
2856 5769 2953 5822 καὶ
3000 5771 3212 5841 τρυφὴν
3267 5769 3450 5838 πάσης
3505 5768 3757 5838 γλώττης

2167 5868 2386 5920 ἐποίουν
2418 5867 2507 5918 καὶ
2538 5865 2692 5934 παρὰ
2723 5865 2858 5916 πᾶσι
2891 5864 3079 5932 σχεδὸν
3101 5863 3190 5916 διὰ
3226 5862 3508 5933 Θαύματπ
3563 5861 3752 5937 ἧγετο,

2169 5959 2311 6017 ὥστε
2335 5957 2429 6011 καὶ
2454 5957 2614 6012 αὑτὸν
2639 5957 2846 6010 ἐκεῖνον
2878 5955 3227 6027 Μαξιμιανόν
3255 5973 3382 6009 ποτε
3407 5959 3755 6024 θεασάμενος
