3994 6426
274 360 379 425 “9

1407 357 1587 419 VlTA
1626 357 1689 421 S.
1729 359 2402 426 PANTELEEMONIS.

3419 357 3528 436 450

257 471 465 546 (ἐροίτα
489 468 598 542 γὰρ
633 470 717 534 είς
739 469 808 524 τά
841 468 1090 541 βασίλεια
1113 469 1190 542 τῷ
1211 469 1522 543 διδασκάλῳ
1541 472 1830 544 ἑπόμενος)

1942 489 2174 545 sequens
2217 473 2565 547 magistrum)
2619 487 2727 528 non
2766 470 2986 527 silentio
3020 469 3346 543 praeterierit
3381 489 3393 526 :
3429 473 3528 528 sed

247 567 315 622 ού
339 567 463 636 σιγῇ
493 564 813 635 παρελθεῖν,
837 564 976 619 άλλά
994 565 1064 616 δι’
1094 563 1405 637 ἐρεύνηςτά
1423 566 1631 622 ἐκείνου
1660 569 1831 621 ποιεῖ-

253 661 377 716 σθαι
437 658 956 730 προσκαλεσάμενον
1011 659 1106 712 καὶ
1163 659 1299 714 ὅπου
1335 659 1424 726 εἴη
1454 661 1545 717 καὶ
1581 659 1702 713 ὅθεν
1737 661 1833 713 καὶ

248 753 420 808 τᾶλλα
449 751 794 820 διερωτῶντα
837 751 898 804 οὐ
943 749 1050 822 μὴν
1097 750 1233 804 ἀλλὰ
1279 751 1374 804 καὶ
1407 750 1484 821 τῷ
1519 750 1831 821 διδασκάλῳ

247 843 557 914 ἐπισκῆψαι
610 843 747 913 πρὸς
779 842 943 914 τάχος
977 841 1140 896 αὑτὸν
1183 843 1283 911 τὴν
1340 841 1595 914 ίατρικὴν
1647 844 1830 900 πᾶσαν

246 935 648 1006 ἐκμελετῆσαι·
673 935 818 1006 ἥσθη
852 934 962 1006 γὰρ
988 933 1082 986 ἐπὶ
1110 932 1188 1001 τῷ
1221 933 1387 988 αὑτοῦ
1421 934 1540 1004 ηθει
1571 934 1740 1004 ἀρετῇ
1772 950 1830 986 τε

244 1032 310 1100 τῇ
338 1028 480 1101 ἄλλῃ
514 1030 606 1081 καὶ
641 1027 861 1096 ἔκρινεν
883 1026 1029 1096 ἐχειν
1063 1028 1270 1083 ἐκεῖνον
1302 1027 1382 1089 εἰς
1410 1025 1478 1078 τὰ
1517 1025 1783 1096 βασίλεια.

313 1123 390 1177 Γθ.
416 1123 554 1176 Κατ’
587 1123 764 1174 ἐκεῖνο
792 1120 851 1176 δὲ
881 1118 1076 1190 καιροῦ
1114 1118 1429 1190 πρεσϐύτης
1467 1135 1552 1182 τις
1585 1116 1830 1189 τοῦνομα

256 1213 562 1286 Ἑρμόλαος
590 1214 646 1265 ὲν
679 1212 940 1281 δωματίῳ
965 1213 1072 1265 τινὶ
1097 1211 1196 1264 σὺν
1215 1211 1310 1264 καὶ
1337 1209 1520 1274 ἄλλοις
1547 1209 1664 1280 ἅμα
1691 1211 1830 1280 Χρι-

257 1308 486 1368 στιανοῖς
515 1305 900 1375 κρυπτόμενος
924 1299 991 1375 ἦν
1019 1303 1200 1374 (τοῦτο
1216 1303 1288 1372 γα
1297 1321 1326 1376 ρ
1342 1305 1370 1356 6
1383 1301 1478 1356 τοῦ
1497 1303 1831 1374 κρατοῦντος

257 1397 407 1466 φόϐος
438 1396 772 1464 ὲποίει).¹¹ος
796 1395 1032 1448 ἀπιόντα
1055 1393 1144 1448 τὸν
1173 1393 1543 1448 Παντολέοντα
1581 1395 1660 1457 είς
1693 1392 1833 1447 διδα-

250 1489 445 1541 σκάλου
478 1487 753 1558 θεώμενος
789 1495 886 1540 καὶ
923 1487 1001 1557 τῷ
1034 1485 1269 1557 θύραθεν
1300 1471 1556 1557 ὀστράκῳ
1574 1485 1665 1539 τὸν
1695 1485 1831 1538 εἵσω

248 1579 726 1650 ἐγκαλυπτόμενον
797 1579 1148 1651 μαργαρίτην
1209 1579 1514 1646 κατανοῶν,
1577 1579 1725 1640 ὅπως
1769 1593 1831 1630 τε

244 1670 352 1745 εἶχε
408 1675 738 1744 κινήματος,
784 1673 936 1736 ὅπως
971 1672 1284 1744 βλέμματος
1312 1673 1407 1726 καὶ
1440 1672 1515 1735 ὡς
1553 1671 1603 1724 οἱ
1630 1669 1832 1739 ὀφθαλ-

243 1761 336 1833 μοὶ
370 1762 525 1831 αὐτῷ
557 1763 767 1832 ἥμερον
792 1761 982 1833 ἐώρων
1014 1764 1110 1816 καὶ
1154 1763 1390 1834 γαληνόν
1416 1779 1430 1794 ο
1461 1760 1638 1816 ταῦτα
1683 1763 1829 1820 ἐκεῖ·

1934 581 2062 621 eum
2093 581 2404 632 accersens,
2435 567 2502 621 de
2542 566 2660 636 ipso
2691 564 3020 636 inquisierit,
3051 564 3338 635 cujusnam
3379 572 3529 618 esset

1938 659 2105 724 ﬁlius,
2133 667 2188 714 et
2216 659 2384 724 unde,
2419 667 2474 714 et
2506 659 2609 712 alia
2670 657 2941 730 rogaverit
2976 658 3149 728 :quin
3177 655 3342 711 etiam
3385 672 3528 726 pra:-

1937 752 2143 820 ceptori
2200 750 2545 812 mandaverit
2586 759 2644 806 ut
2687 767 2835 814 eum,
2886 765 3048 820 quam
3097 731 3361 805 citissime
3409 747 3526 804 ﬁeri

1937 852 2144 914 posset,
2206 846 2260 900 in
2311 845 2461 900 omni
2522 854 2801 906 exerceret
2860 843 3317 912 medicinazejus
3377 844 3521 897 enim

1937 937 2186 992 moribus
2212 945 2268 992 et
2321 936 2454 993 ﬂore
2501 937 2723 993 virtutis
2773 937 3174 1003 delectabatur,
3227 945 3282 990 et
3331 937 3525 990 statuit

1935 1027 2086 1084 illum
2119 1031 2318 1086 habere
2350 1034 2405 1086 in
2437 1033 2603 1103 regia.

2007 1122 2098 1178 lll.
2135 1123 2227 1178 lllo
2273 1135 2456 1179 autem
2490 1134 2735 1196 tempore
2790 1125 3010 1196 quidam
3044 1139 3212 1181 senex
3269 1123 3527 1196 religione

1940 1213 2312 1284 Christianus,
2350 1218 2574 1273 nomine
2599 1217 2940 1282 Hermolaus,
2976 1226 3095 1274 erat
3144 1219 3443 1274 abseonsus
3473 1217 3526 1272 in

1935 1308 2169 1378 quadam
2201 1309 2531 1365 domuncula
2564 1326 2690 1365 eum
2728 1311 2852 1366 aliis
2908 1310 3235 1367 Christianis
3269 1311 3347 1380 (id
3377 1311 3524 1366 enim

1947 1399 2185 1464 faciebat
2237 1414 2418 1467 metus
2492 1405 2884 1476 imperatoris).
2955 1405 3060 1484 Qui
3133 1421 3259 1460 cum
3316 1405 3526 1460 videret

1938 1495 2327 1558 Pantoleonem
2341 1509 2560 1556 euntem
2577 1501 2643 1554 ad
2656 1505 3132 1570 praeceptor-emet
3144 1505 3369 1551 externa
3386 1506 3527 1554 testa

1937 1589 2395 1647 animadverteret
2413 1591 2578 1646 celari
2601 1591 2975 1662 margaritam,
2995 1588 3354 1645 considerans
3377 1588 3530 1658 quis-

1937 1697 2063 1742 nam
2097 1692 2244 1738 esset
2269 1683 2391 1754 ejus
2422 1683 2689 1748 incessus,
2721 1683 2842 1753 quis
2869 1693 3071 1748 motus,
3101 1681 3225 1752 quis
3245 1690 3530 1751 aspectus,

1938 1787 2143 1845 quanta
2159 1784 2307 1831 esset
2321 1775 2442 1846 ejus
2463 1776 2744 1834 oculorum
2761 1774 3028 1830 serenitas
3045 1781 3099 1829 et
3122 1773 3484 1843 tranquillitas
3509 1790 3528 1841 ;

240 1871 330 1915 vo;
383 1853 539 1924 δρῶν
584 1853 680 1907 καὶ⁵
741 1853 934 1926 ὥσπερ
982 1853 1108 1908 τινὰ
1158 1855 1358 1925 εὐγενῆ
1418 1853 1607 1920 ἵππον,
1637 1846 1748 1906 οἷον
1781 1852 1830 1905 oi.

1944 1863 2084 1930 bare,
2116 1864 2364 1934 inquam,
2400 1880 2524 1920 cum
2556 1863 2645 1918 ille
2692 1863 2927 1930 videret,
2984 1875 3060 1926 et,
3107 1862 3248 1916 sicut
3300 1877 3531 1932 genero-

236 1945 366 2017 περὶ
396 1946 580 1999 ταῦτα
617 1946 806 2012 δεινοὶ,
833 1948 927 2003 καὶ
959 1945 1039 2003 ἔτι
1074 1945 1254 2000 πῶλον
1296 1945 1426 2008 ὄντα
1453 1946 1650 2018 κρίνας
1707 1945 1830 2017 ἄρι-

239 2054 366 2100 στον
403 2037 835 2108 ἔσεσθαι,γνούς
854 2056 916 2092 τε
949 2039 1038 2094 διὰ
1069 2038 1161 2093 τοῦ
1194 2038 1354 2108 ἁγίου
1391 2037 1833 2112 Πνεύματος,ὅτι

243 2131 440 2195 σκεῦος
468 2131 705 2203 ἐκλογῆς
730 2131 1033 2202 ὀφθήσεται
1064 2131 1210 2189 κατὰ
1235 2131 1468 2198 Παῦλον,
1506 2132 1651 2203 μέγα
1681 2133 1836 2184 ἐποι-

241 2224 366 2279 οῦτο
396 2225 497 2278 καὶ
533 2223 732 2278 πολλοῦ
787 2223 946 2278 τοῦτο
1005 2225 1159 2299 ἠξίου
1190 2223 1252 2277 τὸ
1309 2225 1570 2295 τοιαύτην
1624 2225 1834 2277 ἐκεῖνον

243 2318 739 2392 ἁγρεῦσαιψυχήν.
773 2319 912 2374 Ποτὲ
965 2319 1096 2388 γοῦν
1151 2318 1422 2389 παριόντα
1457 2317 1836 2386 προσκαλεσά-

246 2427 434 2482 μενος,
454 2410 724 2465 εἰσελθεῖν
757 2409 904 2462 ἔνδον
936 2410 1088 2478 ἠξίου
1128 2413 1186 2462 ἐν
1219 2403 1263 2478 ᾧ
1295 2409 1500 2472 ἐκεῖνος
1528 2407 1834 2478 ἐκρύπτετο

247 2505 505 2576 δωματίῳ
533 2505 634 2563 καὶ
661 2503 719 2567 δς
759 2503 934 2576 εἰσῄει
966 2501 1062 2557 καὶ
1093 2502 1324 2574 πλησίον
1363 2502 1526 2555 αὐτὸν
1575 2517 1836 2571 παρακα-

257 2598 564 2668 θισάμενος,
598 2598 790 2669 ἠρώτα
823 2598 976 2668 γένος
1024 2615 1084 2650 τε
1133 2599 1228 2652 καὶ
1267 2596 1510 2667 πατέρας
1533 2595 1626 2648 καὶ
1651 2595 1837 2648 ὁποῖον

247 2693 552 2758 ἀσπάζοιτο
578 2691 746 2754 σέϐας
778 2692 873 2744 καὶ
912 2689 1038 2764 ἑξῆς
1065 2690 1292 2746 ἕκαστα.
1313 2689 1424 2742 Καὶ
1460 2690 1488 2742 ὁ
1515 2686 1835 2742 Παντολέων

243 2785 412 2848 εὐθὺς
465 2785 689 2839 ἅπαντα
742 2784 879 2854 πρὸς
917 2782 1176 2854 ἀλήθειαν
1223 2780 1516 2849 καταλέγει
1541 2819 1556 2844 ,
1581 2779 1675 2832 καὶ
1699 2779 1772 2841 ὡς
1801 2779 1836 2849 ἡ

246 2877 347 2947 μὲν
378 2877 569 2947 μήτηρ
604 2874 874 2929 ἀποθάνοι
905 2873 1008 2948 ήδη
1038 2873 1108 2927 τὰ
1156 2871 1504 2946 Χριστιανῶν
1543 2871 1836 2942 σεϐομένη,

243 2969 274 3023 6
299 2968 487 3038 πατὴρ
514 2968 572 3022 δὲ
603 2967 712 3032 ζῶν
738 2967 969 3037 τέθνηκε
997 2965 1096 3036 τὴν
1125 2949 1402 3036 Ἑλλήνων
1447 2963 1652 3035 μετιὼν
1705 2963 1840 3035 θρη-

245 3062 463 3119 σκείαν.
493 3057 631 3118 Εἶτα
662 3062 688 3116 6
736 3060 1053 3132 πρεσϐύτης
1111 3059 1371 3132 προσθείς
1395 3077 1408 3092 ·
1434 3059 1608 3122 Αὐτὸς
1636 3058 1714 3123 δὲ,
1741 3058 1840 3113 παῖ

247 3156 402 3220 καλὲ,
432 3153 564 3226 εφη,
603 3158 755 3217 τίνος
807 3153 1012 3225 μέρους
1063 3148 1205 3206 εἶναι
1235 3151 1420 3222 βούλει
1470 3151 1566 3205 καὶ⁵
1601 3151 1836 3220 ποτέρου

1935 1969 2056 2010 sum
2093 1957 2383 2026 quemdam
2432 1971 2632 2025 equum
2667 1955 2726 2020 ii,
2760 1954 2852 2024 qui
2890 1965 3079 2008 tenent
3118 1952 3311 2006 barum
3345 1970 3531 2016 rerum

1935 2044 2249 2110 scientiam,
2305 2044 2522 2098 etiamsi
2564 2044 2634 2105 sit
2668 2042 2846 2104 adhuc
2883 2043 3082 2112 pullus,
3132 2041 3381 2111 judicant
3413 2043 3530 2098 fore

1935 2135 2201 2206 optimum
2240 2144 2378 2192 :aut
2423 2149 2490 2188 ex
2554 2143 2741 2188 tenera
2803 2134 2984 2188 adhuc
3033 2134 3217 2203 planta
3274 2133 3528 2188 arborem

1935 2237 2116 2299 aptam
2171 2227 2238 2284 ad
2270 2226 2508 2287 fructum
2543 2245 2555 2280 :
2592 2227 2939 2297 cognovisset
2985 2241 3081 2296 per
3110 2225 3362 2297 spiritum
3394 2226 3529 2287 fore,

1935 2333 1996 2376 ut
2069 2319 2226 2395 Pauli
2308 2320 2581 2383 seintentia
2667 2329 2990 2382 cerneretur
3053 2335 3149 2374 vas
3219 2319 3529 2383 electionis,

1935 2415 2117 2486 magni
2172 2415 2410 2472 ducebat
2469 2421 2524 2474 et
2577 2413 2800 2484 plurimi
2836 2416 2937 2490 hoc
2980 2413 3234 2478 faciebat,
3273 2413 3318 2468 si
3371 2414 3529 2467 talem

1937 2507 2082 2566 illam
2107 2515 2334 2570 venatus
2363 2514 2511 2562 esset
2561 2508 2818 2562 animam.
2850 2507 2986 2570 Cum
3018 2522 3144 2560 eum
3181 2508 3365 2576 itaque
3393 2522 3533 2576 prae-

1939 2605 2243 2656 tereuntem
2279 2597 2574 2666 aliquando
2595 2597 2963 2663 accersiisset,
2998 2599 3231 2668 rogavit,
3260 2608 3319 2652 ut
3347 2599 3531 2669 ingre-

1939 2688 2160 2743 deretur
2194 2688 2250 2746 in
2288 2687 2452 2754 illam
2499 2688 2552 2742 in
2583 2704 2688 2758 qua
2719 2688 2942 2753 latebat,
2980 2687 3392 2744 domunculam.
3437 2688 3532 2742 llle

1937 2789 2116 2839 autem
2178 2780 2456 2850 ingressus
2489 2789 2591 2836 est.
2652 2779 2826 2846 Quem
2888 2794 3014 2834 cum
3082 2795 3252 2850 prope
3313 2783 3533 2835 iecisset

1937 2874 2150 2940 sedere,
2180 2872 2392 2944 rogavit
2430 2871 2499 2926 de
2531 2887 2753 2946 genere,
2787 2880 2841 2926 et
2875 2871 3219 2941 parentibus,
3252 2879 3306 2926 et
3337 2872 3528 2942 cujus-

1938 2983 2064 3028 nam
2095 2976 2243 3024 esset
2279 2965 2576 3037 religionis,
2595 2974 2650 3020 et
2680 2964 2940 3035 deinceps
2981 2964 3214 3036 singula.
3237 2964 3530 3018 Pantoleon

1939 3075 2071 3114 vero
2105 3059 2289 3127 statim
2315 3058 2499 3116 omnia
2542 3058 2728 3122 refert,
2763 3064 2822 3110 ut
2874 3056 2952 3110 rei
3009 3056 3246 3111 habebat
3279 3055 3480 3112 veritas
3513 3073 3530 3119 ι

1939 3163 1991 3208 et
2022 3153 2166 3224 quod
2197 3161 2370 3209 mater
2401 3151 2622 3222 quidem
2647 3151 2760 3221 jam
2796 3159 2944 3204 esset
2983 3157 3220 3216 mortua,
3256 3165 3376 3219 qua:
3415 3159 3534 3215 erat

244 3247 635 3318 σεϐάσματος;
664 3247 774 3302 Καὶ
789 3250 817 3300 ὁ
836 3245 1151 3301 Παντολέων
1171 3259 1186 3273 ·
1223 3244 1286 3297 Ἡ
1307 3244 1409 3313 μὲν
1433 3243 1641 3314 μήτηρ.
1666 3237 1836 3306 εἶπεν,

1943 3247 2203 3318 religione
2254 3245 2564 3307 Christiana
2593 3263 2607 3312 ;
2644 3253 2798 3316 pater
2831 3253 3013 3298 autem
3049 3244 3238 3298 vivens
3273 3243 3345 3296 sit
3382 3257 3530 3296 lllOl'!

245 3345 330 3399 ἔτι
388 3340 665 3414 περιοῦσα
725 3341 842 3401 τοῖς
867 3342 1052 3404 αὐτοῖς
1101 3355 1170 3410 με
1226 3336 1522 3396 συνθέσθαι
1577 3335 1835 3409 παρῄνει,

241 3438 384 3508 ὅπερ
413 3437 484 3506 δὴ
518 3435 618 3488 καὶ
645 3434 809 3498 αὐτὸς
834 3432 1151 3504 ἠϐουλόμην
1171 3448 1187 3465 ο
1213 3434 1241 3482 6
1263 3431 1319 3483 δὲ
1371 3429 1560 3508 πατὴρ
1596 3428 1694 3483 ita
1743 3428 1839 3482 mi.

1943 3348 2090 3407 tuus,
2133 3339 2417 3410 gentilium
2472 3351 2708 3408 sequens
2780 3335 3252 3405 superstitionem.
3327 3331 3533 3388 Deinde

1943 3447 2068 3487 cum
2104 3431 2396 3500 adiecisset
2427 3445 2592 3487 senex
2621 3447 2637 3486 :
2669 3425 2751 3482 Tu
2782 3436 2988 3488 autem,
3026 3425 3168 3481 bone
3208 3425 3304 3488 ﬁli,
3345 3425 3534 3494 cujus-

247 3531 476 3604 μείζονα
507 3529 610 3598 τὴν
647 3529 801 3600 ἰσχὺν
835 3528 998 3598 ἔχων,
1021 3529 1087 3598 τῇ
1126 3523 1292 3580 αὐτοῦ
1341 3523 1636 3595 προσέχειν
1667 3523 1836 3591 ἀναγ-

1942 3538 2066 3582 nam
2100 3522 2180 3579 vis
2210 3537 2330 3581 esse
2359 3520 2551 3592 partis,
2586 3529 2641 3575 et
2681 3518 2855 3572 utrius
2884 3515 3198 3585 religionis?
3228 3513 3531 3576 Pantoleott

246 3625 410 3693 κάςει
447 3623 746 3693 θρησκεία.
801 3620 927 3676 ἐπεὶ
973 3621 1065 3675 καὶ
1097 3617 1352 3688 βούλεται
1385 3619 1498 3680 τοῖς
1531 3615 1626 3669 τοῦ
1662 3613 1838 3673 παλα-

247 3717 368 3775 τίου
427 3717 583 3787 ἡμᾶς
644 3714 890 3780 ἐντάξαι.
913 3711 1008 3778 Τίς
1032 3712 1088 3766 δὲ
1121 3711 1187 3783 ἢν
1235 3710 1480 3784 μετέρχῃ
1533 3707 1840 3764 παιδείανὸ

248 3809 814 3883 πρεσϐύτηςφησίη
859 3804 1216 3870 Ἀσκληπιοῦ.
1246 3804 1378 3875 ἔφη.
1402 3807 1497 3856 καὶ
1542 3801 1842 3868 Ἱπποκρά-

245 3921 373 3968 τους
414 3903 588 3973 τέχνη
639 3901 733 3954 καὶ
787 3897 1055 3969 Γαληνοῦ.
1078 3896 1250 3956 Τοῦτο
1282 3900 1392 3968 γὰρ
1442 3895 1537 3955 καὶ
1565 3893 1645 3965 τῷ
1671 3892 1840 3966 πατρί

250 4012 355 4068 μου
377 3993 576 4049 δοκοῦν
604 4009 618 4022 °
653 3991 790 4046 ἀλλά
813 3994 907 4046 καὶ
933 3989 1138 4052 αὐτὸςὸ
1161 3987 1483 4051 διδάσκαλός
1512 4003 1580 4058 με
1603 3986 1840 4057 βεϐαιῶν

248 4086 638 4160 πάρεστιν,ὠς
668 4085 716 4138 εί
756 4084 967 4155 ταύτην
1018 4082 1249 4154 μάθοιμι
1303 4079 1574 4152 ἀκριϐῶς,
1614 4078 1840 4142 δυνατὸς

250 4181 393 4237 εἶναι
442 4180 627 4235 πᾶσαν
670 4175 1021 4250 ἀνθρωπίνην
1068 4174 1252 4235 ἰᾶσθαι
1298 4175 1454 4228 νόσον
1505 4172 1600 4226 καὶ
1634 4171 1840 4236 παντὸς

247 4275 459 4338 πάθους
528 4271 890 4342 ἰσχυροτέραν
936 4266 1343 4341 προϐάλλεσθαι
1394 4266 1640 4336 ταύτην·
1688 4265 1782 4318 καὶ
1811 4266 1838 4317 6

260 4367 594 4438 Ἑρμόλαος,
638 4363 894 4434 ἀφορμάς
927 4362 1026 4434 ἤδη
1074 4362 1169 4415 καὶ
1204 4345 1500 4430 σπέρματα
1543 4357 1696 4429 παρά
1728 4356 1841 4410 τῶν

251 4460 466 4512 ἐκείνου
488 4456 667 4525 λόγων
687 4453 890 4519 λαϐὼν,
906 4455 1162 4524 καθάπερ
1183 4452 1412 4524 ἀγγείου
1439 4451 1621 4521 τυχὼν
1647 4449 1837 4514 καλοῦ,

1939 3613 2316 3674 γετοιδιιιιει·
2376 3612 2620 3683 quidem,
2686 3608 2882 3680 inquit,
2939 3623 3065 3661 eum
3131 3615 3282 3660 esset
3353 3605 3535 3660 adhuc

1939 3714 2240 3779 superstes,
2311 3705 2503 3770 suasit,
2574 3713 2632 3758 ut
2709 3700 3008 3757 assentirer
3077 3699 3196 3769 ejus
3265 3698 3533 3773 religioni,

1939 3801 2085 3872 quod
2121 3798 2341 3870 quidem
2399 3797 2531 3852 mihi
2567 3795 2814 3866 placebat
2847 3811 2860 3859 ;
2889 3801 3045 3862 pater
3073 3801 3279 3852 autem,
3325 3799 3386 3842 ut
3441 3790 3534 3858 qui

1939 3894 2013 3950 sit
2040 3893 2259 3958 fortior,
2307 3891 2452 3962 cogit
2477 3905 2562 3944 me
2599 3885 2848 3958 religioni
2899 3901 3013 3940 suae
3070 3884 3200 3940 dare
3258 3896 3534 3951 Operam;

1943 3988 2056 4043 vult
2106 3986 2252 4041 enim
2281 4000 2369 4040 me
2424 3981 2630 4036 referre
2685 3981 2741 4034 in
2796 3991 3084 4032 numerum
3145 3973 3532 4044 palatinorum.

1941 4079 2203 4147 Quaenam
2233 4092 2365 4133 vero
2418 4081 2506 4129 est
2545 4088 2631 4138 ea,
2683 4069 2770 4126 eui
2819 4068 3032 4133 studes,
3103 4065 3428 4135 disciplina?
3461 4065 3538 4118 ait

1941 4189 2106 4230 senex
2171 4188 2185 4225 :
2248 4165 2570 4236 Aﬁsculapii,
2639 4163 2838 4234 inquit,
2911 4170 2967 4216 et
3036 4157 3408 4230 Hippocratis,
3477 4172 3536 4224 et

1942 4264 2154 4320 Galeni.
2217 4261 2354 4316 Nam
2397 4261 2500 4314 hoc
2563 4270 2782 4328 queque
2820 4251 2997 4309 visum
3064 4260 3150 4306 est
3195 4249 3336 4320 patri
3390 4263 3566 4304 meo.-

1941 4359 2086 4425 Quin
2116 4356 2280 4412 etiam
2314 4354 2429 4424 ipse
2456 4351 2615 4406 nobis
2671 4345 2959 4404 aﬁirmavit
2992 4344 3270 4416 magister,
3299 4328 3442 4413 quod
3488 4341 3534 4397 si

1942 4465 2062 4506 eam
2131 4455 2383 4502 accurate
2443 4443 2709 4507 didicero,
2782 4447 2976 4520 potero
3032 4450 3228 4492 curare
3312 4449 3530 4489 onmem

249 4555 310 4606 τὸ
336 4554 488 4608 θεῖον
539 4550 644 4621 τῆς
695 4549 936 4612 πίστεως
967 4548 1141 4620 μύρον
1191 4546 1455 4618 ἐμϐαλεῖν
1508 4543 1682 4615 ἠξίου.
1730 4543 1836 4596 Καὶ

1946 4543 2195 4603 morbum
2226 4541 2526 4596 humanum
2557 4543 2610 4591 et
2646 4549 2792 4598 eam,
2847 4543 2907 4586 ut
2937 4530 3240 4592 fortiorem,
3293 4527 3532 4597 objieere

249 4644 512 4717 πείσθητί
549 4662 641 4715 μοι
669 4686 685 4710 ,
715 4643 842 4714 ἔφη,
861 4642 1116 4696 κάλλιστε
1174 4639 1497 4704 νεανίσκων,
1540 4639 1635 4692 καὶ
1671 4637 1842 4705 γνῶθι

249 4739 334 4794 ὅτι
362 4740 436 4793 τὰ
479 4735 817 4808 Ἀσκληπιοῦ
840 4733 1016 4789 ταῦτα
1043 4733 1139 4788 καὶ
1176 4731 1577 4803 Ἱπποκράτους
1612 4730 1708 4783 καὶ
1740 4729 1778 4780 Γ
1781 4747 1844 4782 α·

251 4831 418 4902 ληνοῦ
456 4829 638 4902 μικρὰ
665 4829 760 4883 καὶ
792 4826 931 4901 πρὸς
987 4826 1186 4898 μικρὸν
1229 4828 1344 4888 τοῖς
1376 4823 1685 4896 χρωμένοις
1716 4821 1845 4893 βοη-

253 4925 366 4984 θεῖν
394 4925 627 4980 δύναται
651 4939 667 4954 ο
703 4921 843 4980 ἀλλὰ
873 4923 969 4980 καὶ
1001 4919 1116 4972 θεοὶ
1146 4917 1301 4972 αὐτοὶ
1328 4916 1424 4978 οὓς
1455 4915 1678 4969 σέϐεται
1717 4917 1841 4968 Μα-

255 5018 510 5088 ξιμιανὸς
543 5015 703 5086 μῦθοι
732 5016 882 5071 κενοὶ
917 5014 1264 5083 κουφοτέρων
1305 5010 1486 5064 ἀκοῶν
1525 5008 1842 5079 κλέμματα,

256 5112 494 5182 ὠφελεῖν
528 5109 587 5167 δὲ
616 5108 772 5162 ούδέν
803 5108 866 5159 τὸ
900 5105 1167 5177 παράπαν
1191 5105 1508 5174 δυνάμενοι,
1553 5101 1669 5154 ἀλλ’
1689 5103 1716 5154 6
1747 5100 1844 5174 μό-

255 5222 341 5270 νος
367 5202 584 5275 ἁληθὴς
607 5200 742 5264 Θεὸς
769 5201 797 5252 6
829 5198 1085 5269 Χριστὸς,
1119 5199 1198 5261 εἰς
1225 5195 1285 5249 ὃν
1323 5196 1626 5257 πιστεύσας
1677 5191 1844 5252 αὐτοῦ

259 5298 422 5368 μόνου
450 5297 520 5366 τῇ
550 5293 838 5362 ἐπικλήσει
871 5292 1015 5346 ἅπαν
1047 5290 1261 5366 νόσημα
1293 5282 1616 5360 φυγαδεύων
1643 5285 1765 5358 ἔσῃ.
1787 5284 1846 5347 ὃς

255 5390 480 5458 τυφλοῖς
518 5386 621 5456 μὲν
651 5385 790 5454 φῶς,
821 5384 1036 5456 νεκροῖς
1081 5382 1139 5436 δὲ
1174 5381 1496 5443 ἀνάστασιν,
1537 5379 1762 5450 λεπροῖς
1787 5377 1845 5430 δὲ

258 5483 533 5551 κάθαρσιν
563 5479 904 5549 ἐδωρήσατο,
930 5478 1024 5529 καὶ
1076 5475 1136 5538 ὃς
1167 5475 1292 5539 τοὺς
1345 5473 1450 5554 ὑπὸ
1493 5470 1844 5542 Μαξιμιανοῦ

261 5573 781 5648 προσκυνουμένους
813 5571 1073 5639 δαίμονας
1102 5567 1247 5637 λόγῳ
1288 5566 1440 5638 μόνῳ
1482 5563 1578 5618 καὶ
1617 5563 1848 5632 ἐπιτάγ-

265 5687 396 5740 ματι
411 5669 678 5737 ἐξήλαυνε
695 5662 1145 5733 τῶνάνθρώπων,
1169 5655 1230 5715 οὗ
1271 5662 1366 5717 καὶ
1389 5659 1484 5712 τοῦ
1533 5657 1845 5730 κρασπέδου

263 5763 400 5832 γυνὴ
427 5761 690 5831 ἁψαμένη
713 5755 812 5809 τοῦ
838 5754 1058 5826 ἱματίου
1089 5755 1312 5825 ὀχετοὺς
1330 5751 1561 5822 αἵματος
1587 5750 1674 5820 ἐφ’
1703 5750 1846 5813 ὅλοις

263 5852 467 5911 δώδεκα
498 5855 725 5929 χρόνοις
749 5851 974 5923 ῥέοντας
1006 5849 1166 5913 εὐθὺς
1196 5847 1416 5920 ἔστησε.
1452 5846 1560 5907 Καὶ
1591 5846 1642 5899 τί
1673 5844 1754 5903 δεῖ
1777 5843 1845 5900 τὰ

1941 4621 2122 4694 cuivis
2150 4632 2443 4700 aﬁ‘ectioni.
2500 4629 2820 4686 llermolaus
2849 4633 3032 4680 autem
3065 4638 3132 4678 ex
3177 4623 3323 4677 illius
3354 4621 3535 4675 verbis

1945 4732 2234 4791 occasione
2282 4736 2503 4804 accepta
2533 4731 2588 4786 et
2641 4720 2874 4786 semine,
2911 4726 3168 4787 tanquam
3225 4713 3532 4785 pulcherri-

1945 4843 2096 4882 mum
2155 4833 2350 4878 nactus
2401 4815 2822 4887 receptaculum,
2877 4809 3044 4880 erepit
3095 4809 3342 4864 divinum
3407 4804 3530 4859 ﬁdei

1943 4920 2210 4976 ﬂuentum
2267 4917 2320 4970 in
2377 4913 2429 4968 id
2482 4908 2759 4976 effundere
2793 4903 3009 4960 :Crede
3042 4901 3199 4966 mihi,
3261 4901 3472 4963 dicens,
3503 4916 3537 4954 ο

1945 5011 2150 5089 optime
2204 5005 2545 5068 adolescens,
2575 5015 2705 5054 vera
2756 4995 2982 5059 dicenti,
3039 4991 3164 5047 [hee
3217 4989 3535 5059 Esculapii,

1945 5097 2291 5173 Hippocratis
2349 5103 2404 5151 et
2427 5093 2613 5150 Caleni
2632 5103 2798 5171 parva
2818 5094 2969 5150 sunt,
2988 5093 3256 5154 etparum
3306 5088 3537 5150 possunt

1947 5171 2207 5267 prodesse
2268 5189 2335 5246 iis
2362 5187 2454 5258 qui
2486 5186 2567 5241 eis
2596 5189 2842 5238 utuntur.
2899 5176 3042 5243 Quin
3070 5175 3235 5229 etiam
3281 5173 3356 5226 dii
3412 5171 3536 5242 ipsi,

1947 5264 2082 5360 quos
2108 5283 2240 5340 colit
2269 5279 2649 5346 Maximianus,
2674 5281 2804 5329 sunt
2830 5284 2969 5324 vana
2997 5267 3220 5323 omnino
3243 5264 3445 5360 fabula,
3484 5274 3541 5318 et

1947 5353 2212 5435 leviorum
2233 5368 2494 5424 mentium
2519 5361 2791 5433 deceptio.
2823 5358 2977 5415 Unus
2996 5364 3182 5410 autem
3215 5353 3362 5408 solus
3379 5366 3542 5406 verus

1949 5465 2092 5520 Deus
2119 5472 2202 5518 est
2227 5461 2479 5526 Christus
2513 5475 2526 5512 :
2558 5457 2611 5511 in
2637 5468 2799 5526 quem
2837 5450 2884 5506 si
2924 5445 3244 5506 credideris,
3277 5443 3397 5511 ejus
3427 5440 3541 5497 sola

1951 5555 2296 5622 invocatione
2340 5565 2534 5608 omnes
2578 5550 2798 5605 morbos
2841 5544 3019 5600 solves
3054 5548 3108 5595 et
3159 5535 3372 5608 fugabis
3405 5551 3419 5588 :
3451 5535 3544 5604 qui

1950 5654 2108 5709 cacis
2137 5650 2354 5721 quidem
2385 5648 2585 5709 lucem,
2619 5642 2852 5700 mortuis
2900 5647 3084 5694 autem
3132 5635 3327 5697 vitam,
3361 5630 3546 5699 lepro-

1951 5750 2031 5805 sis
2078 5747 2227 5802 dedit
2281 5740 2703 5814 purgationem:
2737 5737 2830 5808 qui
2876 5748 2973 5788 eos
3006 5729 3097 5803 qui
3135 5744 3164 5782 a
3219 5723 3546 5780 Maximiano

1953 5841 2275 5909 adorantur,
2309 5835 2606 5904 daemones,
2638 5830 2754 5894 solo
2790 5827 2958 5891 verbo
3015 5832 3072 5880 ct
3122 5822 3279 5894 jussu
3333 5816 3546 5892 expulit
