3994 6454
426 403 529 470 651

1763 384 2054 449 MENSIS
2090 384 2393 450 IULIUS.

3604 381 3721 443 452

428 521 497 580 ab
524 514 842 572 hominibus
876 529 889 567 :
923 508 1081 583 cujus
1104 508 1268 564 etiam
1304 501 1615 561 vestimenti
1643 500 1882 569 ﬁmbria,
1907 518 2032 559 cum

2158 502 2353 556 ικείνου
2385 497 2602 570 λέγειν;
2628 500 2743 554 ῐσον
2762 500 2869 572 γάρ
2902 501 3053 554 ἐστιν
3078 500 3306 571 ψάμμον
3336 513 3397 551 τε
3433 499 3652 569 μετρεῖν
3682 499 3723 571 ἢ

428 627 548 666 ram
602 610 778 663 solum
819 604 1086 675 tetigisset
1118 599 1337 663 mulier,
1390 598 1571 653 statim
1619 596 1758 652 stitit
1812 596 2030 650 canales

2158 593 2367 665 ιστέρας
2396 593 2529 664 χόας
2560 609 2621 647 τε
2656 593 2932 665 θαλάττης
2983 596 3080 647 καὶ
3109 593 3181 646 τὰ
3234 590 3403 644 αὑτοῦ
3459 590 3725 661 θαύματα

430 701 731 771 sanguinis,
791 697 882 766 qui
933 690 1223 751 duodecim
1278 706 1453 747 annos
1504 691 1748 761 integros
1778 687 2027 742 ﬂuxerat.

2129 686 2224 739 καὶ
2263 683 2535 755 μεγαλεῖα
2589 683 2934 753 ἐξαριθμεῖν·
2963 683 3022 747 6;
3045 684 3140 735 καὶ
3194 680 3292 735 νῦν
3326 685 3558 750 πάρεστι
3605 682 3727 743 τοῖς

429 794 495 850 Ει
526 794 653 864 quid
687 808 825 862 opus
870 799 975 857 est,
1009 803 1098 844 res
1146 786 1294 843 illius
1331 782 1555 840 dicere?
1586 781 1815 853 perinde
1871 781 2020 835 enim

2158 776 2299 831 ιύτοῦ
2328 777 2558 841 δούλοις,
2598 777 2884 848 σύμμαχός
2918 793 2977 828 τε
3013 776 3107 830 καὶ
3147 774 3342 846 βοηθὸς
3363 774 3594 843 ἄμαχος,
3624 788 3731 823 παν

429 896 531 943 est.
565 899 629 938 ac
682 895 925 947 arenam,
966 879 1172 943 stellas,
1230 883 1286 932 et
1352 888 1504 944 aquae
1558 880 1739 944 guttas
1770 868 2031 933 dimetiri,

428 977 547 1047 ejus
579 975 845 1029 miracula
913 983 1239 1026 enumerare
1304 974 1360 1021 et
1412 963 1702 1035 magnalia.
1762 963 1833 1019 Et
1885 974 2035 1016 nunc

2135 870 2389 942 ρακαλῶν
2417 872 2477 922 ἐν
2502 869 2725 935 λύπαις,
2773 867 3064 925 πλατύνων
3112 869 3174 921 ἐν
3223 867 3426 937 θλίψει,
3471 870 3528 920 ἐν
3560 881 3728 935 περι-

2135 964 2326 1017 στάσει
2355 963 2451 1016 καὶ
2483 961 2595 1015 τῶν
2627 962 2947 1032 ἀϐουλήτων
2988 962 3291 1029 ἀπαγωγῇ,
3326 959 3402 1028 μὴ
3430 958 3730 1027 ἀναμένων

426 1083 645 1139 quoque
665 1068 819 1122 adest
854 1064 967 1119 suis
997 1062 1216 1133 adjutor
1248 1056 1709 1128 inexpugnabilis,
1743 1054 2035 1109 consolans

2158 1056 2235 1127 μὴν
2269 1055 2479 1127 δέησιν,
2517 1054 2635 1108 ἀλλ’
2660 1054 2833 1124 αὐτὴν
2871 1052 3199 1124 προφθάνων
3226 1052 3331 1121 τὴν
3363 1049 3461 1120 τῆς
3492 1048 3731 1119 καρδίας

428 1164 484 1220 ia
508 1161 791 1226 molestiis,
818 1159 1052 1214 dilatans
1071 1156 1126 1210 in
1147 1152 1476 1211 afflictione:
1498 1151 1553 1205 in
1577 1149 1764 1213 rebus,
1790 1147 2036 1217 inquam,

426 1252 693 1321 alversis,
730 1263 787 1310 et
853 1253 921 1309 iis
966 1267 1089 1321 qua:
1149 1256 1348 1319 pratter
1404 1255 1647 1301 nostram
1703 1240 2040 1296 voluntatem

426 1349 706 1413 accidunt,
729 1361 920 1418 preces
944 1343 1171 1398 minime
1200 1345 1545 1409 exspectans,
1577 1335 1672 1391 sed
1705 1331 2045 1405 praeveniens

2137 1148 2485 1220 ἐτοιμασίαν,
2508 1146 2570 1200 οὐ
2630 1147 2738 1217 μὴν
2797 1146 2936 1206 ἀλλά
2976 1147 3071 1198 καὶ
3106 1145 3221 1206 τοῖς
3249 1142 3415 1196 αὐτὸν
3454 1139 3734 1209 φϐουμέ·

2140 1257 2253 1303 νοις
2284 1240 2511 1311 μείζονα
2540 1238 2573 1310 ἢ
2609 1240 2819 1303 ἐκεῖνος
2848 1237 3066 1310 ἔδρασε.
3088 1235 3350 1305 παρέχων
3369 1233 3732 1303 θαυματουρ-

2143 1335 2284 1401 γεῖν,
2314 1329 2436 1387 εἶτα
2467 1332 2560 1386 καὶ
2602 1331 2749 1403 ζωὴν
2786 1329 3135 1404 δωρούμενος
3162 1327 3411 1383 αἰωνίαν.

428 1444 608 1508 ipSum
660 1454 876 1510 quoque
912 1445 1123 1493 motum
1181 1433 1382 1489 cordis.
1439 1429 1545 1497 Qui
1595 1429 1759 1485 etiam
1814 1427 1884 1481 iis
1929 1424 2021 1495 qui
2078 1425 2258 1494 ipsum
2314 1425 2566 1497 diligunt,
2640 1425 2851 1495 majora
2914 1441 3076 1496 quam
3131 1425 3248 1495 ipse
3299 1419 3737 1491 fecit,pt*.ebens

430 1529 675 1587 facienda
703 1528 987 1592 miracula,
1014 1528 1182 1582 donat
1205 1521 1402 1580 deinde
1422 1521 1611 1586 vitam,
1642 1530 1763 1590 qua:
1808 1516 2019 1572 nullum
2056 1516 2219 1575 habet
2242 1516 2430 1573 tinem.

506 1626 594 1683 Ν.
628 1624 756 1680 Haec
810 1623 978 1679 verba
1030 1635 1154 1675 cum
1212 1616 1540 1681 Pantaleon,
1577 1623 1834 1683 tanquam
1890 1611 2036 1667 bona

432 1728 600 1782 terra,
632 1722 797 1771 corde
847 1712 1151 1782 accepisset
1204 1716 1261 1764 et
1307 1706 1701 1768 abscondisset,
1753 1702 2032 1767 credebat;

431 1822 487 1866 et
515 1824 642 1864 vera
674 1821 795 1862 esse
823 1805 1125 1878 judicabat,
1168 1809 1224 1856 et
1257 1800 1326 1855 ab
1356 1798 1437 1863 eis
1467 1797 1696 1852 omnino
1733 1792 2032 1866 pendebat,

432 1911 488 1959 et
514 1901 753 1958 suaviter
781 1899 837 1953 in
867 1897 946 1953 eis
976 1894 1361 1959 meditabatur,
1390 1900 1449 1947 et
1475 1889 1693 1946 dicebat
1722 1885 2035 1950 Hermolao,

432 2009 492 2051 se
523 2012 586 2051 ea
617 2007 760 2063 εει·ρο
794 1989 1067 2047 audivisse
1100 2003 1131 2042 a
1165 1993 1363 2051 matre,
1396 1991 1453 2038 et
1485 1982 1689 2037 vidisse
1717 1993 1842 2035 eam
1877 1991 2042 2033 oran-

435 2102 567 2155 tem,
615 2096 670 2143 et
715 2084 910 2145 Deum,
945 2095 1110 2152 quem
1161 2080 1278 2150 ipse
1329 2074 1609 2148 praedicat,
1662 2073 2038 2133 invocantem.

434 2181 663 2236 Volebat
692 2189 874 2233 autem
898 2178 1014 2231 hate
1039 2186 1259 2243 quoque
1281 2184 1383 2227 suo
1408 2169 1673 2240 magistro
1703 2163 2038 2237 significare.

435 2270 691 2338 QuOtidie
725 2284 853 2338 ergo
881 2268 997 2323 ibat
1039 2264 1341 2322 Pantaleon
1381 2261 1451 2316 ad
1494 2273 1707 2326 senem,
1740 2264 1795 2312 et
1820 2271 1881 2312 se
1921 2252 2046 2325 pul-

436 2363 585 2419 chris
632 2362 719 2416 bis
776 2358 995 2414 fluentis
1049 2355 1357 2412 oblectabat
1411 2359 1469 2408 et
1521 2352 1588 2406 ad
1633 2364 1820 2406 veram
1880 2349 2042 2407 fidem

436 2455 694 2528 paulatim
726 2452 1153 2509 confirmabatur
1184 2465 1199 2503 :
1230 2454 1285 2503 et
1320 2445 1388 2502 ad
1424 2445 1748 2516 magistrum
1802 2441 2045 2513 quotidie

436 2548 731 2608 ventitans,
765 2560 877 2601 non
929 2543 1082 2614 prius
1127 2542 1348 2597 domum
1398 2538 1631 2602 redibat,
1687 2550 1853 2607 quam
1915 2548 2045 2590 suas

438 2655 600 2697 aures
650 2639 984 2694 oblectasset
1034 2634 1220 2690 verbis
1268 2630 1437 2688 senis.
1500 2627 1810 2700 Aliquando
1863 2629 2047 2698 itaque

438 2745 720 2792 revertens
759 2746 789 2790 a
820 2737 1178 2802 praeceptore,
1220 2742 1342 2783 cum
1401 2740 1592 2796 parum
1632 2739 1663 2780 a
1688 2722 1775 2779 via
1823 2731 2049 2793 propter

438 2846 597 2886 usum
631 2827 865 2898 aliquem
886 2824 1235 2888 declinasset,
1264 2819 1415 2879 videt
1441 2818 1707 2875 infantem
1745 2825 2046 2879 mortuum.

438 2937 600 2995 quem
641 2917 1009 2975 momorderat
1037 2916 1246 2985 vipera,
1280 2921 1335 2968 et
1369 2913 1541 2982 ipsam
1597 2904 1835 2965 belluam
1875 2921 2049 2979 prope

440 3030 563 3070 cum
581 3017 908 3073 stantem,et
935 3005 1101 3064 veluti
1127 3004 1529 3070 ostendentem,
1557 3001 1810 3073 quisnam
1843 3000 2048 3056 caedem

441 3102 681 3159 fecisset.
743 3101 879 3161 Eum
909 3114 1061 3171 ergo,
1089 3112 1213 3154 cum
1246 3095 1298 3149 id
1345 3094 1591 3161 vidisset,
1625 3093 1823 3150 invasit
1866 3092 2048 3156 timor,

2213 1608 2503 1687 A'._Tai3':1
2536 1613 2565 1667 6
2593 1611 2941 1674 Πανταλέων,
2982 1609 3176 1681 ὥσπερ
3215 1610 3285 1679 γῆ
3317 1607 3516 1679 ἀγαθὴ,
3538 1611 3607 1663 τὰ

2147 1720 2297 1774 ματα
2326 1707 2409 1766 εἰς
2453 1705 2677 1777 καρδίαν
2707 1702 3040 1776 παραλαϐὼν
3070 1704 3166 1758 καὶ
3201 1704 3439 1775 κρύψας,
3472 1702 3736 1757 ἐπίστευέ

2141 1810 2200 1847 τε
2230 1797 2325 1849 καὶ
2372 1795 2553 1867 ἀληθῆ
2606 1796 2826 1865 ἔκρινεν
2860 1790 3004 1855 εἷναι
3037 1796 3133 1851 καὶ
3179 1795 3317 1858 ὅλως
3356 1795 3536 1847 αὐτῶν
3571 1794 3740 1863 ἐξήρ-

2140 1904 2272 1959 τητο
2307 1891 2400 1941 καὶ
2449 1886 2683 1959 μελέτην
2707 1883 2822 1958 εἶχε
2851 1885 3026 1941 ταῦτα
3067 1887 3329 1956 γλυκεῖαν
3370 1885 3526 1953 ἐλεγέ
3552 1901 3610 1937 τε
3638 1884 3741 1937 καὶ

2143 1980 2296 2050 παρά
2324 1980 2425 2050 τῆς
2463 1980 2671 2052 μητρὸς
2705 1981 2846 2034 αὑτά
2894 1980 3160 2043 πολλάκις
3207 1978 3444 2033 ἀκοῦσαι
3496 1994 3744 2049 προσευ-

2143 2070 2383 2139 χομένην
2409 2085 2469 2121 τε
2502 2070 2676 2141 αὐτὴν
2721 2071 2858 2142 ὁρᾷν
2880 2072 2972 2124 καὶ
2995 2068 3054 2125 ὃν
3086 2072 3151 2123 σὺ
3181 2071 3474 2142 κηρύττεις
3503 2068 3746 2122 ἐπιϐοω-

2146 2159 2318 2233 μένην
2371 2158 2543 2216 Θεύνο
2588 2158 2852 2233 ἠϐούλετο
2878 2163 2934 2216 δέ
2987 2162 3065 2233 τῷ
3106 2163 3418 2232 διδασκάλῳ
3475 2160 3742 2231 γνώριμα

2143 2253 2319 2309 ταῦτα
2352 2253 2583 2310 θέσθαι·
2620 2257 2839 2328 ἡμέρας
2866 2255 2962 2317 οὖν
2994 2256 3233 2325 ἑκάστης
3277 2254 3443 2327 ἀπῄει
3471 2256 3499 2308 6
3530 2255 3745 2306 Παντςη

2143 2348 2282 2407 λέων
2314 2349 2450 2420 πρὸς
2474 2349 2569 2411 τὸν
2623 2349 2941 2422 πρεσϐύτην
2971 2352 3064 2406 καὶ
3126 2353 3234 2409 τῶν
3282 2350 3468 2403 καλῶν
3522 2347 3741 2403 τούτων

2146 2441 2358 2516 ἐτρύφα
2390 2442 2651 2513 ναμάτων
2680 2445 2776 2498 καὶ
2808 2444 2944 2514 πρὸς
2975 2444 3075 2516 τὴν
3117 2430 3325 2513 εὐσεϐῆ
3359 2443 3544 2496 πίστιν
3590 2440 3745 2495 κατά

2151 2535 2352 2606 μικρὸν
2379 2537 2699 2605 ἐστηρίζετο
2740 2539 2837 2594 καὶ
2886 2538 3024 2608 πρὸς
3067 2536 3159 2590 τὸν
3210 2535 3530 2590 διδάσκαλον
3560 2534 3620 2588 δὲ
3649 2534 3743 2600 Bia
3802 2548 3806 2557 ·

2148 2629 2328 2699 πάσης
2357 2629 2547 2697 ἐφοίτα
2580 2631 2676 2687 καὶ
2694 2631 2755 2684 οὐ
2790 2629 3061 2700 πρότερον
3088 2629 3275 2683 οἴκαδε
3298 2627 3550 2699 ἐπανῄει,
3574 2628 3624 2679 εί
3657 2625 3743 2699 μὴ

2146 2719 2248 2785 τὰς
2273 2721 2444 2785 ἀκοάς
2475 2721 2726 2793 ηὔφρανε
2760 2725 2856 2777 καὶ
2881 2725 2995 2785 τοῖς
3021 2723 3230 2792 ῥήμασι
3262 2721 3360 2775 τοῦ
3386 2718 3701 2793 πρεσϐύτου
3722 2734 3745 2763 9

2149 2813 2283 2871 ποτέ
2313 2813 2496 2869 τοίνυν
2521 2816 2630 2869 ἀπὸ
2659 2814 2755 2870 τοῦ
2779 2815 3101 2871 διδασκάλου
3128 2814 3479 2886 Εὑφροσύνου
3501 2812 3746 2867 ἐπανιὼν

2151 2903 2248 2958 καὶ
2282 2905 2481 2975 μικρὸν
2504 2904 2609 2973 τῆς
2657 2906 2780 2961 ειδοῦ
2834 2908 2983 2969 κατά
3010 2925 3063 2962 τι
3088 2909 3293 2972 δεῆσαν
3337 2908 3616 2972 ἐκκλίνας,
3640 2907 3746 2978 ὁρᾷ

2153 2996 2367 3058 παιδίον
2400 2998 2492 3052 ὑπ’
2523 2999 2742 3073 ἐχίδνης
2778 3002 3115 3073 δεδηγμένον
3142 3002 3237 3055 καὶ
3265 3001 3535 3072 τεθνηκός
3566 3017 3581 3030 ·
3608 2999 3744 3059 αύτὸ

2153 3105 2215 3150 τε
2245 3090 2305 3144 τὸ
2332 3090 2523 3162 θηρίον
2554 3094 2725 3162 ἐγγύς
2759 3111 2865 3155 που
2902 3096 3081 3167 παρὸν
3108 3096 3203 3158 καὶ
3230 3095 3423 3167 ὥσπερ
3456 3096 3550 3148 τὸν
3578 3094 3749 3163 φονέα

443 3207 501 3255 et
540 3196 773 3252 secessit
813 3190 1114 3266 paululum.
1159 3188 1366 3244 Deinde
1407 3201 1533 3241 cum
1584 3199 1773 3240 rursus
1819 3184 2051 3253 scipsum

2164 3180 2316 3248 ὅστις
2351 3186 2438 3257 εἴη
2497 3184 2726 3257 εὔδηλον
2758 3185 3044 3243 καθιστάν·
3078 3186 3256 3241 ίδόντα
3301 3181 3395 3240 οὖν
3435 3185 3603 3256 φόϐος
3633 3180 3755 3250 εἷλε

443 3290 773 3359 collegisset,
809 3294 893 3341 est
947 3296 1224 3347 reversus,
1284 3287 1341 3335 et
1387 3276 1537 3333 stetit
1583 3276 1738 3346 juxta
1793 3290 2052 3347 puerum.

443 3367 729 3438 ’udicabat
756 3379 900 3434 enim
941 3377 1046 3431 hoc
1100 3389 1224 3429 esse
1269 3371 1545 3428 suﬂlciens
1596 3368 1810 3441 signum
1866 3383 2056 3425 eorum

445 3493 568 3549 qua:
619 3489 787 3530 senex
828 3471 1064 3533 dixerat,
1111 3467 1155 3522 si
1200 3480 1330 3524 vera
1373 3470 1563 3519 essent
1597 3460 1839 3533 :Surget
1884 3460 2054 3517 enim.

447 3570 650 3641 inquit,
705 3582 844 3639 puer
896 3564 1017 3635 ejus
1079 3561 1270 3625 verbo,
1327 3565 1383 3612 et
1444 3555 1497 3610 id
1563 3555 1800 3625 patietur
1851 3551 2052 3609 bellua:

446 3663 590 3735 quod
615 3660 716 3732 ipsi
748 3658 897 3715 fecit.
930 3654 1048 3716 Hoc
1080 3655 1129 3708 ei
1166 3654 1222 3707 in
1251 3657 1492 3706 mentem
1521 3645 1695 3710 venit,
1727 3651 1781 3698 et
1800 3642 2058 3714 precibus

447 3733 660 3829 petivit,
692 3760 748 3806 et
777 3748 937 3804 simul
996 3746 1143 3804 visus
1196 3751 1281 3798 est
1320 3738 1500 3795 infans
1551 3737 1734 3797 vivus.
1791 3742 1846 3790 et
1876 3733 2056 3788 bellua

450 3825 686 3909 mortua,
713 3849 769 3897 et
800 3854 922 3913 quae
954 3838 1099 3908 apud
1130 3848 1251 3891 eam
1288 3841 1428 3897 erat,
1460 3845 1525 3886 ea
1550 3843 1672 3899 quae
1693 3825 2056 3898 intelligentia

450 3934 906 4008 apprehenditur,
992 3928 1172 3985 bellua
1235 3924 1408 3987 multo
1489 3921 1663 3992 magis
1701 3918 1917 3991 perdita
2000 3924 2058 3972 et

452 4040 668 4092 enecta.

520 4147 589 4205 ν.
619 4147 755 4205 Cum
793 4142 862 4203 ad
892 4139 1289 4215 perfectionem
1321 4148 1452 4206 ergo
1503 4131 1630 4188 fidei
1670 4129 1724 4185 in
1772 4128 2056 4187 Christum

454 4243 532 4305 sic
563 4237 904 4311 Pervenisset
930 4233 1253 4293 Pantoleon.
1288 4230 1472 4286 statim
1503 4226 1721 4296 aspexit
1746 4222 1803 4279 in
1856 4222 2055 4281 malum

454 4332 696 4391 externis
716 4327 911 4392 oculis,
941 4335 997 4381 et
1049 4323 1178 4389 Deo,
1212 4321 1308 4392 qui
1363 4334 1487 4374 eum
1533 4324 1821 4374 vocaverat
1849 4329 1880 4369 a
1905 4322 2056 4368 tene-

454 4424 570 4491 bris
609 4420 870 4478 interitus
929 4417 1001 4475 ad
1050 4417 1228 4471 lucem
1281 4410 1546 4476 veritatis,
1597 4407 1881 4465 benedixit
1927 4420 2051 4460 cum

457 4516 629 4580 multa
659 4512 829 4569 animi
886 4508 1298 4581 tranquillitate.
1350 4503 1554 4559 Deinde
1582 4516 1707 4558 cum
1750 4500 1895 4555 ferre
1938 4513 2051 4554 non

458 4615 644 4685 posset
688 4604 956 4669 laetitiam,
1005 4603 1071 4655 ad
1102 4612 1290 4655 senem
1337 4594 1554 4653 accedit
1596 4591 1972 4683 liermolaum,
2011 4604 2067 4650 οι

456 4700 686 4771 Exponit
733 4699 785 4754 id
813 4697 958 4768 quod
1013 4694 1305 4756 acciderat,
1356 4700 1412 4745 et
1459 4686 1833 4744 venerandum
1885 4685 1952 4739 ab
1999 4699 2067 4739 eo

456 4794 595 4871 petit
627 4792 983 4864 baptismum.
1010 4772 1115 4843 llie“
1132 4795 1314 4841 autem
1343 4782 1575 4855 (sciebat
1624 4780 1774 4834 enim
1803 4776 2068 4848 quidnam

457 4888 677 4947 cuinam
709 4883 958 4956 largitur)
995 4882 1051 4936 in
1084 4881 1187 4937 hoc
1215 4878 1451 4935 libenter
1516 4872 1770 4938 inseruit,
1810 4878 1866 4926 et
1912 4884 2061 4934 cum,

456 4978 549 5050 qui
588 4985 707 5033 erat
754 4976 877 5030 luce
913 4974 1133 5043 dignus,
1193 4967 1380 5024 divino
1435 4963 1647 5036 perficit
1708 4960 2062 5031 baptismate-

457 5073 597 5130 Cum
655 5084 785 5126 vero
843 5075 1054 5137 septem
1122 5061 1240 5117 dies
1300 5059 1591 5116 mansisset
1645 5053 1792 5125 apud
1855 5066 2065 5117 senem,

454 5161 768 5243 poculentis
829 5157 1002 5230 ipsius
1086 5154 1269 5235 verbis
1330 5166 1427 5206 cor
1491 5148 1612 5220 ejus
1664 5147 1945 5217 irrigatur,
2012 5156 2069 5202 et

459 5234 726 5330 pinguem
759 5252 962 5318 anima,
1003 5234 1304 5321 venterque
1335 5241 1535 5299 divinis
1568 5239 1827 5310 impletur
1886 5234 2066 5290 ﬂumi—

458 5352 645 5409 nibus.
679 5347 879 5418 Sicque
907 5343 1045 5402 vixit
1103 5340 1206 5396 sub
1228 5339 1373 5394 bono
1418 5333 1639 5406 spiritu,
1692 5330 1882 5387 multis
1933 5341 2070 5383 con-

460 5452 713 5503 servatus
744 5438 955 5503 utilitas
979 5444 1038 5491 et
1067 5430 1423 5489 illuminatio.
1451 5427 1587 5485 Cum
1646 5422 1841 5479 fuisset
1887 5428 2067 5475 autem

458 5536 577 5592 dies
608 5543 857 5598 octavus,
887 5529 1038 5591 venit
1059 5525 1127 5583 ad
1181 5533 1412 5597 patrem.
1447 5519 1542 5577 ille
1572 5530 1705 5572 vero
1739 5529 1754 5569 :
1791 5511 1896 5569 Ubi
1921 5526 2067 5575 eras,

463 5630 665 5700 inquit,
727 5625 830 5691 ﬁli,
880 5621 1160 5695 prioribus
1192 5616 1406 5680 diebus,
1438 5619 1492 5670 et
1542 5625 1629 5667 me
1668 5604 1949 5675 conjecisti
2012 5602 2067 5658 in

463 5694 718 5789 magnam
751 5694 923 5772 animi
957 5704 1368 5786 aegritudinem?
1412 5699 1689 5773 Numquid
1739 5698 1838 5755 tibi
1870 5694 2069 5751 accidit

466 5808 671 5877 aliquid
706 5818 908 5879 praeter
934 5797 1445 5877 exspectationem?
1479 5796 1532 5852 ls
1552 5807 1684 5850 vero
1716 5808 1729 5846 :
1759 5789 1840 5845 Ad
1871 5801 2065 5858 quem-

469 5897 617 5963 dam,
648 5899 853 5967 inquit,
910 5913 980 5953 ex
1028 5898 1098 5954 iis
1124 5894 1217 5966 qui
1267 5898 1561 5950 versantur
1612 5885 1670 5949 in
1733 5881 1859 5948 aula
1898 5879 2065 5958 regia,

2160 3277 2252 3330 καὶ
2276 3276 2472 3348 μικρὸν
2506 3277 2820 3350 ὑπεχώρει·
2851 3273 2972 3333 εῐτα
3001 3278 3165 3343 πάλιν
3194 3278 3390 3333 ἑαυτοῦ
3423 3279 3754 3348 γενόμενος.

2158 3369 2391 3442 ἐπανῄει
2448 3370 2544 3425 καὶ
2593 3370 2675 3442 τῷ
2731 3371 2934 3442 παιδίῳ
2980 3373 3320 3444 παρίσταται
3355 3388 3369 3403 ·
3402 3371 3589 3442 ἔκρινε
3641 3372 3758 3443 γὰρ

2159 3458 2432 3532 αὔταρκες
2460 3464 2687 3533 σημεῖον
2712 3463 2874 3518 τοῦτο
2913 3463 3026 3525 τῶν
3066 3463 3161 3518 τοῦ
3192 3464 3504 3533 πρεσϐύτου
3549 3462 3756 3532 λόγων,

2142 3552 2395 3626 ’ὀφθῆναι
2420 3556 2469 3608 εί
2493 3557 2740 3627 ἀψευδῶς
2770 3556 2946 3627 ἔχοιεν
2964 3570 2976 3584 ·
3001 3558 3370 3627 ἀναστήσεται
3399 3556 3510 3627 γὰρ
3533 3556 3596 3608 τδ
3626 3572 3763 3608 παι-

2157 3646 2291 3714 δίον,
2316 3649 2445 3719 ἔφη,
2467 3648 2546 3718 τῷ
2576 3648 2742 3702 αὐτοῦ
2769 3652 2981 3721 ῥήματι
3001 3651 3099 3704 καὶ
3127 3648 3187 3703 τὸ
3222 3651 3413 3722 θηρίον
3433 3649 3462 3702 δ
3482 3649 3762 3719 δέδρακεν

2158 3742 2357 3809 ἐκεῖνο,
2381 3744 2655 3797 πείσεται.
2673 3742 2844 3795 Τοῦτο
2859 3745 2939 3805 είς
2959 3742 3084 3798 νοῦν
3111 3759 3170 3796 τε
3197 3742 3358 3797 ἔλαϐε
3383 3744 3476 3795 καὶ
3491 3742 3560 3795 δι’
3580 3742 3760 3813 εὐχῆς

2159 3833 2333 3907 ᾔτησε
2356 3836 2451 3889 καὶ
2472 3835 2588 3905 ἀμα
2606 3836 2790 3907 ὡρᾶτο
2808 3834 2917 3901 ζῶν
2939 3835 3001 3889 τὸ
3019 3835 3250 3901 παιδίον,
3276 3836 3304 3887 6
3320 3834 3421 3904 θὴρ
3446 3833 3759 3904 τεθνηκὼς,

2157 3927 2188 3979 6
2213 3927 2408 3997 νοητὸς
2438 3941 2499 3979 τε
2530 3926 2665 3997 παρ’
2699 3927 2880 4003 ἐαυτῷ
2910 3927 3015 3998 θὴρ
3040 3927 3137 3980 καὶ
3161 3928 3261 3999 τῆς
3285 3927 3545 3990 ἀσεϐείας
3567 3927 3763 3999 πατὴρ

2160 4019 2322 4090 (πῆρ)
2367 4018 2551 4092 πολλῷ
2599 4019 2764 4072 πλέον
2836 4017 3138 4082 ἀπολωλὼς
3184 4020 3280 4071 καὶ
3326 4017 3759 4088 διεφθαρμένος.

2232 4108 2513 4181 Ε’.Ταύτη
2562 4109 2853 4179 τοιγαροῦν
2879 4110 2907 4162 6
2940 4109 3259 4164 Παντολέων
3291 4110 3372 4172 είς
3400 4110 3502 4180 τὴν
3547 4108 3766 4165 τελειό-

2156 4217 2299 4271 τητα
2325 4202 2426 4272 τῆς
2453 4200 2598 4263 κατὰ
2648 4200 2886 4271 Χριστὸν
2935 4200 3180 4262 πίστεως
3215 4202 3587 4270 καταντήσας,
3612 4196 3765 4252 εἶδεν

2159 4294 2323 4361 εὐθὺς
2355 4296 2437 4358 εἰς
2466 4294 2558 4349 τὸν
2584 4296 2817 4368 οὐρανὸν
2845 4294 2957 4356 τοῖς
2986 4292 3094 4359 ἔξω
3121 4292 3239 4363 ἅμα
3276 4293 3374 4347 καὶ
3410 4295 3522 4355 τοῖς
3549 4291 3766 4351 ἔσωθεν

2160 4387 2470 4460 ὀφθαλμοῖς
2519 4386 2741 4441 καὶτὸν
2807 4386 3122 4440 καλέσαντα
3173 4385 3310 4439 Θεὶν
3369 4385 3477 4437 ἀπὸ
3506 4382 3602 4436 τοῦ
3654 4386 3765 4454 τῆς

2168 4480 2446 4544 ἀπωλείας
2479 4479 2707 4544 σκότους
2739 4480 2823 4542 είς
2845 4477 2908 4531 τὸ
2949 4478 3156 4546 φέγγος
3192 4476 3293 4543 τῆς
3328 4475 3587 4546 ἀληθείας
3617 4475 3767 4545 μετά

2172 4575 2374 4643 πολλῆς
2404 4573 2619 4640 εὐλόγει
2668 4573 2771 4642 τῆς
2805 4572 3100 4641 εὐθυμίας.
3148 4566 3285 4623 Εἶτα
3318 4570 3416 4639 οὐχ
3447 4562 3561 4630 οἷός
3584 4582 3646 4620 τε
3678 4566 3765 4619 ὢν

2171 4669 2359 4744 φέρειν
2386 4666 2493 4738 τὴν
2523 4666 2744 4737 ἡδονὴν,
2783 4665 2862 4736 τῷ
2898 4664 3183 4736 πρεσϐύτῃ
3231 4664 3520 4734 πρόσεισιν
3556 4661 3768 4731 Ἑρμο-

2168 4762 2284 4830 λάῳ
2311 4761 2405 4815 καὶ⁸
2438 4760 2498 4815 τὸ
2518 4759 2745 4829 γεγονὸς
2770 4757 3052 4828 ἐξηγεῖται
3076 4759 3175 4823 καὶ
3200 4757 3262 4808 τὸ
3291 4756 3434 4808 θεῖον
3455 4756 3602 4817 αἰτεῖ
3624 4750 3768 4822 παρ’

2168 4853 2338 4908 αὐτοῦ
2367 4852 2674 4925 βάπτισμα.
2706 4850 2766 4905 '0
2798 4851 2856 4903 δὲ
2887 4850 3027 4923 (ᾔδει
3054 4850 3164 4920 γὰρ
3185 4843 3299 4907 οἷον
3323 4847 3423 4918 οἴῳ
3444 4846 3769 4916 χαρίζεται)

2170 4924 2410 5019 ἄσμενος
2474 4947 2699 5017 ἀσμένῳ
2751 4944 3023 5014 ὑπηρετεῖ
3093 4944 3189 5006 καὶ
3227 4942 3359 5017 θείῳ
3398 4924 3773 5011 βαπτίσματι

2168 5042 2263 5095 τὸν
2301 5040 2399 5094 τοῦ
2436 5041 2616 5110 ιρωτὺς
2662 5038 2814 5105 ἀξιον
2846 5036 3069 5090 τελειοϊ.
3114 5034 3289 5099 Ἐπτά
3329 5033 3387 5088 δὲ
3438 5035 3658 5103 ἡμέρας
3686 5030 3779 5101 τῷ

2171 5134 2392 5207 γέροντι
2443 5132 2812 5202 παραμείνας,
2857 5133 2973 5193 τοῖς
3022 5126 3277 5197 ποτίμοις
3347 5125 3515 5188 αὐτοῦ
3582 5124 3778 5192 λόγοις

2170 5227 2398 5297 ἄρδεται
2448 5225 2548 5297 τὴν
2607 5223 2861 5296 καρδίαν,
2935 5220 3215 5275 πιαίνεται
3255 5219 3357 5286 τὴν
3402 5219 3605 5287 ψυχὴν,
3663 5218 3778 5288 τὴν

2170 5318 2381 5374 κοιλίαν
2416 5316 2682 5388 ποταμῶν
2736 5313 2898 5377 θείων
2956 5313 3213 5381 ἔμπλεως
3293 5310 3525 5387 γίνεται.
3574 5309 3783 5373 Οὕτως

2174 5411 2284 5465 ὑπὸ
2315 5408 2395 5482 τῷ
2425 5407 2621 5479 ἀγαθῷ
2654 5404 2953 5474 επνεύματι
3004 5402 3102 5473 ἔζη
3135 5401 3353 5463 πολλοῖς
3391 5398 3638 5468 ὠφέλεια
3671 5397 3786 5450 καὶ

2173 5502 2459 5573 φωτισμδς
2492 5497 2956 5568 συντηρούμενος9
2994 5494 3212 5565 ἡμέρας
3252 5493 3310 5557 δέ
3342 5490 3651 5561 γενομένης
3687 5488 3790 5557 ἀγ-

2170 5596 2322 5669 δόης,
2366 5590 2786 5662 καταλαμϐάνει
2819 5590 2958 5660 πρὸς
2988 5588 3084 5640 τὸν
3117 5586 3358 5655 πατέρα.
3391 5585 3500 5638 Καὶ
3532 5583 3623 5646 ὃς·
3658 5580 3786 5636 Ποῦ

2169 5684 2261 5761 ἧς,
2287 5688 2502 5753 τέκνον,
2525 5684 2627 5748 τὰς
2652 5683 2761 5754 πρὸ
2786 5682 2884 5735 τοῦ
2909 5683 3147 5752 ἡμέρας,
3167 5680 3357 5748 φησιν,
3377 5677 3472 5730 καί
3498 5691 3564 5743 με
3597 5673 3790 5744 πολλῇ

2175 5803 2240 5841 πε
2253 5779 2503 5855 ριέϐαλες
2530 5777 2717 5848 ὀδύνῃ,
2742 5776 2816 5848 μή
2850 5773 2934 5828 σοί
2957 5791 3019 5827 τε
3046 5774 3159 5826 τῶν
3178 5770 3466 5840 ἀδοκήτων
3497 5765 3789 5837 συμϐαίη,

2190 5877 2251 5940 '9
2281 5874 2368 5939 δᾴ·
2404 5870 2632 5965 Ἄνδρα,
2673 5868 2803 5939 ἔφη,
2845 5864 2955 5922 τῶν
2989 5865 3120 5935 περὶ
3173 5862 3243 5915 τά
3293 5860 3544 5942 βασίλεια
3579 5859 3797 5921 ὅντων,
